<?xml version="1.0" encoding="UTF-8"?>
<!DOCTYPE html PUBLIC "-//W3C//DTD XHTML 1.0 Transitional//EN"
    "http://www.w3.org/TR/xhtml1/DTD/xhtml1-transitional.dtd">
<html xmlns="http://www.w3.org/1999/xhtml" xml:lang="en" lang="en">
 <head>
  <title>
</title>
<meta http-equiv="Content-Type" content="text/html;charset=utf-8" />
  <meta name='ocr-system' content='tesseract 3.04.00' />
  <meta name='ocr-capabilities' content='ocr_page ocr_carea ocr_par ocr_line ocrx_word'/>
</head>
<body>
  <div class='ocr_page' id='page_1' title='image "./operaomniaquaeex06johnuoft_0963.png"; bbox 0 0 1904 2840; ppageno 0'>
   <div class='ocr_carea' id='block_1_1' title="bbox 92 445 130 462">
    <p class='ocr_par' dir='ltr' id='par_1_1' title="bbox 92 445 130 462">
     <span class='ocr_line' id='line_1_1' title="bbox 92 445 130 462; baseline -0.026 0"><span class='ocrx_word' id='word_1_1' title='bbox 92 445 130 462; x_wconf 72' lang='lat' dir='ltr'>CC!</span> 
     </span>
    </p>
   </div>
   <div class='ocr_carea' id='block_1_2' title="bbox 16 1146 129 1173">
    <p class='ocr_par' dir='ltr' id='par_1_2' title="bbox 16 1146 129 1173">
     <span class='ocr_line' id='line_1_2' title="bbox 16 1146 129 1173; baseline -0.009 0"><span class='ocrx_word' id='word_1_2' title='bbox 16 1146 76 1173; x_wconf 61' lang='lat' dir='ltr'>atah.</span> <span class='ocrx_word' id='word_1_3' title='bbox 94 1150 129 1172; x_wconf 78' lang='lat'>13.</span> 
     </span>
    </p>
   </div>
   <div class='ocr_carea' id='block_1_3' title="bbox 574 213 606 235">
    <p class='ocr_par' dir='ltr' id='par_1_3' title="bbox 574 213 606 235">
     <span class='ocr_line' id='line_1_3' title="bbox 574 213 606 235; baseline 0 0"><span class='ocrx_word' id='word_1_4' title='bbox 574 213 606 235; x_wconf 80' lang='lat' dir='ltr'>IN</span> 
     </span>
    </p>
   </div>
   <div class='ocr_carea' id='block_1_4' title="bbox 134 273 919 2641">
    <p class='ocr_par' dir='ltr' id='par_1_4' title="bbox 134 273 919 2641">
     <span class='ocr_line' id='line_1_4' title="bbox 141 273 919 314; baseline -0.006 -7"><span class='ocrx_word' id='word_1_5' title='bbox 141 276 208 307; x_wconf 88' lang='lat' dir='ltr'>siam</span> <span class='ocrx_word' id='word_1_6' title='bbox 216 274 347 307; x_wconf 85' lang='lat' dir='ltr'>veritatis.</span> <span class='ocrx_word' id='word_1_7' title='bbox 355 275 392 306; x_wconf 89' lang='lat' dir='ltr'>Et</span> <span class='ocrx_word' id='word_1_8' title='bbox 400 273 487 314; x_wconf 77' lang='lat' dir='ltr'>quid?</span> <span class='ocrx_word' id='word_1_9' title='bbox 499 280 578 314; x_wconf 86' lang='lat' dir='ltr'>putas</span> <span class='ocrx_word' id='word_1_10' title='bbox 591 273 653 303; x_wconf 84' lang='lat' dir='ltr'>ideo</span> <span class='ocrx_word' id='word_1_11' title='bbox 665 273 806 303; x_wconf 86' lang='lat' dir='ltr'>diabolum</span> <span class='ocrx_word' id='word_1_12' title='bbox 816 274 884 303; x_wconf 88' lang='lat' dir='ltr'>mul·</span> <span class='ocrx_word' id='word_1_13' title='bbox 899 279 919 302; x_wconf 73' lang='grc' dir='ltr'><strong>Α</strong></span> 
     </span>
     <span class='ocr_line' id='line_1_5' title="bbox 140 313 883 353; baseline -0.004 -8"><span class='ocrx_word' id='word_1_14' title='bbox 140 323 181 345; x_wconf 80' lang='lat' dir='ltr'>tas</span> <span class='ocrx_word' id='word_1_15' title='bbox 190 315 302 344; x_wconf 71' lang='lat' dir='ltr'>haereses</span> <span class='ocrx_word' id='word_1_16' title='bbox 314 313 464 350; x_wconf 82' lang='lat' dir='ltr'>induxisse,</span> <span class='ocrx_word' id='word_1_17' title='bbox 472 320 504 342; x_wconf 91' lang='lat' dir='ltr'>ut</span> <span class='ocrx_word' id='word_1_18' title='bbox 515 313 631 343; x_wconf 80' lang='lat' dir='ltr'>invicem</span> <span class='ocrx_word' id='word_1_19' title='bbox 640 323 670 342; x_wconf 87' lang='lat' dir='ltr'>se</span> <span class='ocrx_word' id='word_1_20' title='bbox 679 313 817 342; x_wconf 87' lang='lat' dir='ltr'>mendacia</span> <span class='ocrx_word' id='word_1_21' title='bbox 825 315 883 353; x_wconf 80' lang='lat' dir='ltr'>ejus</span> 
     </span>
     <span class='ocr_line' id='line_1_6' title="bbox 139 352 882 394; baseline -0.004 -10"><span class='ocrx_word' id='word_1_22' title='bbox 139 366 174 384; x_wconf 83' lang='lat' dir='ltr'>ex</span> <span class='ocrx_word' id='word_1_23' title='bbox 195 354 311 394; x_wconf 76' lang='lat' dir='ltr'>uguent?</span> <span class='ocrx_word' id='word_1_24' title='bbox 326 353 414 383; x_wconf 74' lang='lat' dir='ltr'>Absit.</span> <span class='ocrx_word' id='word_1_25' title='bbox 428 353 481 383; x_wconf 86' lang='lat' dir='ltr'>Sed</span> <span class='ocrx_word' id='word_1_26' title='bbox 491 352 669 382; x_wconf 77' lang='lat' dir='ltr'><strong>multiformes</strong></span> <span class='ocrx_word' id='word_1_27' title='bbox 682 363 774 381; x_wconf 81' lang='lat' dir='ltr'>causas</span> <span class='ocrx_word' id='word_1_28' title='bbox 784 352 882 382; x_wconf 86' lang='lat' dir='ltr'>erroris</span> 
     </span>
     <span class='ocr_line' id='line_1_7' title="bbox 140 392 882 431; baseline -0.003 -8"><span class='ocrx_word' id='word_1_29' title='bbox 140 395 167 423; x_wconf 93' lang='lat' dir='ltr'>in</span> <span class='ocrx_word' id='word_1_30' title='bbox 189 394 259 431; x_wconf 83' lang='lat' dir='ltr'>uxit,</span> <span class='ocrx_word' id='word_1_31' title='bbox 279 400 310 422; x_wconf 92' lang='lat' dir='ltr'>ut</span> <span class='ocrx_word' id='word_1_32' title='bbox 326 393 420 422; x_wconf 87' lang='lat' dir='ltr'>multis</span> <span class='ocrx_word' id='word_1_33' title='bbox 442 392 530 422; x_wconf 89' lang='lat' dir='ltr'>modis</span> <span class='ocrx_word' id='word_1_34' title='bbox 542 392 644 423; x_wconf 79' lang='lat' dir='ltr'>Christi</span> <span class='ocrx_word' id='word_1_35' title='bbox 656 392 882 422; x_wconf 84' lang='lat' dir='ltr'>circumveniatur</span> 
     </span>
     <span class='ocr_line' id='line_1_8' title="bbox 140 431 880 473; baseline -0.004 -10"><span class='ocrx_word' id='word_1_36' title='bbox 140 433 279 470; x_wconf 73' lang='lat' dir='ltr'><strong>Ecclesia,</strong></span> <span class='ocrx_word' id='word_1_37' title='bbox 302 439 332 462; x_wconf 91' lang='lat' dir='ltr'>ut</span> <span class='ocrx_word' id='word_1_38' title='bbox 350 443 413 473; x_wconf 86' lang='lat' dir='ltr'>pars</span> <span class='ocrx_word' id='word_1_39' title='bbox 434 439 523 472; x_wconf 87' lang='lat' dir='ltr'>pereat</span> <span class='ocrx_word' id='word_1_40' title='bbox 542 442 590 472; x_wconf 89' lang='lat' dir='ltr'>per</span> <span class='ocrx_word' id='word_1_41' title='bbox 610 431 685 464; x_wconf 87' lang='lat' dir='ltr'>illam</span> <span class='ocrx_word' id='word_1_42' title='bbox 705 432 880 471; x_wconf 88' lang='lat' dir='ltr'>sapientiam,</span> 
     </span>
     <span class='ocr_line' id='line_1_9' title="bbox 138 471 882 516; baseline -0.004 -14"><span class='ocrx_word' id='word_1_43' title='bbox 138 484 201 513; x_wconf 87' lang='lat' dir='ltr'>pars</span> <span class='ocrx_word' id='word_1_44' title='bbox 219 483 267 513; x_wconf 90' lang='lat' dir='ltr'>per</span> <span class='ocrx_word' id='word_1_45' title='bbox 278 472 366 502; x_wconf 86' lang='lat' dir='ltr'>istam.</span> <span class='ocrx_word' id='word_1_46' title='bbox 377 472 452 502; x_wconf 85' lang='lat' dir='ltr'>Sicut</span> <span class='ocrx_word' id='word_1_47' title='bbox 464 471 512 516; x_wconf 80' lang='lat' dir='ltr'>qui</span> <span class='ocrx_word' id='word_1_48' title='bbox 524 471 624 500; x_wconf 90' lang='lat' dir='ltr'>multas</span> <span class='ocrx_word' id='word_1_49' title='bbox 635 472 715 500; x_wconf 91' lang='lat' dir='ltr'>etiam</span> <span class='ocrx_word' id='word_1_50' title='bbox 729 471 882 500; x_wconf 84' lang='lat' dir='ltr'>venationes</span> 
     </span>
     <span class='ocr_line' id='line_1_10' title="bbox 139 510 880 557; baseline -0.003 -15"><span class='ocrx_word' id='word_1_51' title='bbox 139 512 291 553; x_wconf 86' lang='lat' dir='ltr'>praetendit,</span> <span class='ocrx_word' id='word_1_52' title='bbox 306 512 424 557; x_wconf 84' lang='lat' dir='ltr'>cogitans</span> <span class='ocrx_word' id='word_1_53' title='bbox 437 522 500 550; x_wconf 80' lang='lat' dir='ltr'>quia</span> <span class='ocrx_word' id='word_1_54' title='bbox 520 521 624 540; x_wconf 87' lang='lat' dir='ltr'>necesse</span> <span class='ocrx_word' id='word_1_55' title='bbox 649 517 747 540; x_wconf 82' lang='lat' dir='ltr'>estant</span> <span class='ocrx_word' id='word_1_56' title='bbox 765 510 792 539; x_wconf 90' lang='lat' dir='ltr'>in</span> <span class='ocrx_word' id='word_1_57' title='bbox 812 510 880 547; x_wconf 78' lang='lat' dir='ltr'>haec,</span> 
     </span>
     <span class='ocr_line' id='line_1_11' title="bbox 139 549 881 589; baseline -0.004 -8"><span class='ocrx_word' id='word_1_58' title='bbox 139 552 224 582; x_wconf 89' lang='lat' dir='ltr'>autin</span> <span class='ocrx_word' id='word_1_59' title='bbox 244 552 291 581; x_wconf 88' lang='lat' dir='ltr'>illa</span> <span class='ocrx_word' id='word_1_60' title='bbox 305 559 372 581; x_wconf 77' lang='lat' dir='ltr'>retia</span> <span class='ocrx_word' id='word_1_61' title='bbox 386 550 493 581; x_wconf 82' lang='lat' dir='ltr'>venatio</span> <span class='ocrx_word' id='word_1_62' title='bbox 505 550 594 579; x_wconf 89' lang='lat' dir='ltr'>cadat.</span> <span class='ocrx_word' id='word_1_63' title='bbox 609 551 651 578; x_wconf 83' lang='lat' dir='ltr'>Et</span> <span class='ocrx_word' id='word_1_64' title='bbox 669 556 755 579; x_wconf 85' lang='lat' dir='ltr'>erunt</span> <span class='ocrx_word' id='word_1_65' title='bbox 765 549 881 589; x_wconf 83' lang='lat' dir='ltr'>sames,</span> 
     </span>
     <span class='ocr_line' id='line_1_12' title="bbox 139 589 882 632; baseline -0.004 -11"><span class='ocrx_word' id='word_1_66' title='bbox 139 598 168 621; x_wconf 84' lang='lat' dir='ltr'>et</span> <span class='ocrx_word' id='word_1_67' title='bbox 183 592 365 632; x_wconf 83' lang='lat' dir='ltr'>pestilentioe,</span> <span class='ocrx_word' id='word_1_68' title='bbox 379 597 407 619; x_wconf 83' lang='lat' dir='ltr'>et</span> <span class='ocrx_word' id='word_1_69' title='bbox 426 596 603 620; x_wconf 66' lang='lat' dir='ltr'>terraemotus</span> <span class='ocrx_word' id='word_1_70' title='bbox 614 599 668 629; x_wconf 88' lang='lat' dir='ltr'>per</span> <span class='ocrx_word' id='word_1_71' title='bbox 687 589 764 618; x_wconf 80' lang='lat' dir='ltr'>loca.</span> <span class='ocrx_word' id='word_1_72' title='bbox 781 589 882 626; x_wconf 81' lang='lat' dir='ltr'><strong>Quales</strong></span> 
     </span>
     <span class='ocr_line' id='line_1_13' title="bbox 139 628 881 671; baseline -0.005 -11"><span class='ocrx_word' id='word_1_73' title='bbox 139 631 308 671; x_wconf 69' lang='lat' dir='ltr'>pestilentiae,</span> <span class='ocrx_word' id='word_1_74' title='bbox 322 637 349 660; x_wconf 89' lang='lat' dir='ltr'>et</span> <span class='ocrx_word' id='word_1_75' title='bbox 363 630 452 669; x_wconf 89' lang='lat' dir='ltr'>qualis</span> <span class='ocrx_word' id='word_1_76' title='bbox 470 630 566 666; x_wconf 82' lang='lat' dir='ltr'>fames,</span> <span class='ocrx_word' id='word_1_77' title='bbox 581 636 607 658; x_wconf 87' lang='lat' dir='ltr'>et</span> <span class='ocrx_word' id='word_1_78' title='bbox 625 628 791 658; x_wconf 73' lang='lat' dir='ltr'>‘terraemotus</span> <span class='ocrx_word' id='word_1_79' title='bbox 810 638 881 667; x_wconf 69' lang='lat' dir='ltr'>prae-</span> 
     </span>
     <span class='ocr_line' id='line_1_14' title="bbox 140 669 881 707; baseline -0.005 -7"><span class='ocrx_word' id='word_1_80' title='bbox 140 677 274 700; x_wconf 86' lang='lat' dir='ltr'>cesserunt</span> <span class='ocrx_word' id='word_1_81' title='bbox 285 671 302 700; x_wconf 90' lang='lat' dir='ltr'><strong>J</strong></span> <span class='ocrx_word' id='word_1_82' title='bbox 305 669 407 699; x_wconf 81' lang='lat' dir='ltr'>udaeam</span> <span class='ocrx_word' id='word_1_83' title='bbox 414 676 565 706; x_wconf 83' lang='lat' dir='ltr'>,antequam</span> <span class='ocrx_word' id='word_1_84' title='bbox 574 669 723 699; x_wconf 79' lang='lat' dir='ltr'>Jerusalem</span> <span class='ocrx_word' id='word_1_85' title='bbox 732 674 881 707; x_wconf 89' lang='lat' dir='ltr'>caperetur,</span> 
     </span>
     <span class='ocr_line' id='line_1_15' title="bbox 140 706 879 755; baseline -0.007 -15"><span class='ocrx_word' id='word_1_86' title='bbox 140 720 300 750; x_wconf 80' lang='lat' dir='ltr'><strong>cognoscere</strong></span> <span class='ocrx_word' id='word_1_87' title='bbox 315 715 402 755; x_wconf 84' lang='lat' dir='ltr'>potest</span> <span class='ocrx_word' id='word_1_88' title='bbox 421 709 470 748; x_wconf 89' lang='lat' dir='ltr'>qui</span> <span class='ocrx_word' id='word_1_89' title='bbox 489 708 638 748; x_wconf 88' lang='lat' dir='ltr'>Josephum</span> <span class='ocrx_word' id='word_1_90' title='bbox 650 707 725 746; x_wconf 85' lang='lat' dir='ltr'>legit.</span> <span class='ocrx_word' id='word_1_91' title='bbox 740 706 879 751; x_wconf 79' lang='lat' dir='ltr'>Spiritua-</span> 
     </span>
     <span class='ocr_line' id='line_1_16' title="bbox 140 746 878 789; baseline -0.004 -10"><span class='ocrx_word' id='word_1_92' title='bbox 140 749 202 779; x_wconf 87' lang='lat' dir='ltr'>liter</span> <span class='ocrx_word' id='word_1_93' title='bbox 212 757 302 779; x_wconf 88' lang='lat' dir='ltr'>autem</span> <span class='ocrx_word' id='word_1_94' title='bbox 315 756 352 778; x_wconf 81' lang='lat' dir='ltr'>tta</span> <span class='ocrx_word' id='word_1_95' title='bbox 366 749 524 789; x_wconf 86' lang='lat' dir='ltr'>priusquam</span> <span class='ocrx_word' id='word_1_96' title='bbox 535 747 732 787; x_wconf 77' lang='lat' dir='ltr'>exspoliaretur</span> <span class='ocrx_word' id='word_1_97' title='bbox 748 746 878 783; x_wconf 80' lang='lat' dir='ltr'>Ecclesia,</span> 
     </span>
     <span class='ocr_line' id='line_1_17' title="bbox 140 786 880 831; baseline -0.007 -12"><span class='ocrx_word' id='word_1_98' title='bbox 140 790 197 818; x_wconf 90' lang='lat' dir='ltr'>sine</span> <span class='ocrx_word' id='word_1_99' title='bbox 209 789 295 819; x_wconf 88' lang='lat' dir='ltr'>dubio</span> <span class='ocrx_word' id='word_1_100' title='bbox 307 794 496 829; x_wconf 83' lang='lat' dir='ltr'>praeeesserunt</span> <span class='ocrx_word' id='word_1_101' title='bbox 509 788 538 816; x_wconf 90' lang='lat' dir='ltr'>in</span> <span class='ocrx_word' id='word_1_102' title='bbox 557 786 824 831; x_wconf 43' lang='lat' dir='ltr'>populo-Christiano</span> <span class='ocrx_word' id='word_1_103' title='bbox 836 786 880 815; x_wconf 86' lang='lat' dir='ltr'>fa-</span> 
     </span>
     <span class='ocr_line' id='line_1_18' title="bbox 140 825 881 869; baseline -0.005 -11"><span class='ocrx_word' id='word_1_104' title='bbox 140 839 197 858; x_wconf 85' lang='lat' dir='ltr'>mes</span> <span class='ocrx_word' id='word_1_105' title='bbox 207 828 356 869; x_wconf 88' lang='lat' dir='ltr'>spiritualis</span> <span class='ocrx_word' id='word_1_106' title='bbox 370 828 459 864; x_wconf 87' lang='lat' dir='ltr'>verbi,</span> <span class='ocrx_word' id='word_1_107' title='bbox 472 827 628 867; x_wconf 77' lang='lat' dir='ltr'>pestilentiae</span> <span class='ocrx_word' id='word_1_108' title='bbox 641 825 811 856; x_wconf 77' lang='lat' dir='ltr'>diversorum</span> <span class='ocrx_word' id='word_1_109' title='bbox 825 836 881 855; x_wconf 88' lang='lat' dir='ltr'>car-</span> 
     </span>
     <span class='ocr_line' id='line_1_19' title="bbox 140 865 881 905; baseline -0.007 -7"><span class='ocrx_word' id='word_1_110' title='bbox 140 868 243 898; x_wconf 90' lang='lat' dir='ltr'>nalium</span> <span class='ocrx_word' id='word_1_111' title='bbox 266 868 406 904; x_wconf 86' lang='lat' dir='ltr'>vitiorum,</span> <span class='ocrx_word' id='word_1_112' title='bbox 432 871 597 896; x_wconf 83' lang='lat' dir='ltr'>terraemotus</span> <span class='ocrx_word' id='word_1_113' title='bbox 616 865 770 905; x_wconf 81' lang='lat' dir='ltr'>spirituales</span> <span class='ocrx_word' id='word_1_114' title='bbox 786 865 881 894; x_wconf 89' lang='lat' dir='ltr'>turba-</span> 
     </span>
     <span class='ocr_line' id='line_1_20' title="bbox 139 905 879 947; baseline -0.003 -10"><span class='ocrx_word' id='word_1_115' title='bbox 139 909 243 938; x_wconf 87' lang='lat' dir='ltr'>tionum</span> <span class='ocrx_word' id='word_1_116' title='bbox 295 907 354 947; x_wconf 90' lang='lat' dir='ltr'>puli</span> <span class='ocrx_word' id='word_1_117' title='bbox 367 906 525 936; x_wconf 74' lang='lat' dir='ltr'>Christiani.</span> <span class='ocrx_word' id='word_1_118' title='bbox 541 907 596 935; x_wconf 88' lang='lat' dir='ltr'>Nee</span> <span class='ocrx_word' id='word_1_119' title='bbox 609 905 681 934; x_wconf 90' lang='lat' dir='ltr'>enim</span> <span class='ocrx_word' id='word_1_120' title='bbox 694 913 755 934; x_wconf 85' lang='lat' dir='ltr'>nata</span> <span class='ocrx_word' id='word_1_121' title='bbox 769 905 879 935; x_wconf 80' lang='lat' dir='ltr'>fuissent</span> 
     </span>
     <span class='ocr_line' id='line_1_21' title="bbox 139 918 880 990; baseline -0.003 -14"><span class='ocrx_word' id='word_1_122' title='bbox 139 954 194 977; x_wconf 89' lang='lat' dir='ltr'>tam</span> <span class='ocrx_word' id='word_1_123' title='bbox 212 918 298 978; x_wconf 50' lang='lat' dir='ltr'>mulii-‚1</span> <span class='ocrx_word' id='word_1_124' title='bbox 317 946 460 977; x_wconf 83' lang='lat' dir='ltr'>schismata</span> <span class='ocrx_word' id='word_1_125' title='bbox 478 945 505 974; x_wconf 90' lang='lat' dir='ltr'>in</span> <span class='ocrx_word' id='word_1_126' title='bbox 526 945 626 990; x_wconf 86' lang='lat' dir='ltr'>populo</span> <span class='ocrx_word' id='word_1_127' title='bbox 640 944 810 980; x_wconf 85' lang='lat' dir='ltr'>Christiano,</span> <span class='ocrx_word' id='word_1_128' title='bbox 826 945 880 975; x_wconf 89' lang='lat' dir='ltr'>nisi</span> 
     </span>
     <span class='ocr_line' id='line_1_22' title="bbox 139 984 877 1021; baseline -0.005 -4"><span class='ocrx_word' id='word_1_129' title='bbox 139 987 233 1017; x_wconf 79' lang='lat' dir='ltr'>fuisset</span> <span class='ocrx_word' id='word_1_130' title='bbox 253 987 282 1016; x_wconf 90' lang='lat' dir='ltr'>in</span> <span class='ocrx_word' id='word_1_131' title='bbox 301 987 340 1016; x_wconf 86' lang='lat' dir='ltr'>eis</span> <span class='ocrx_word' id='word_1_132' title='bbox 359 986 441 1015; x_wconf 79' lang='lat' dir='ltr'>sames</span> <span class='ocrx_word' id='word_1_133' title='bbox 462 985 536 1014; x_wconf 76' lang='lat' dir='ltr'>verbi</span> <span class='ocrx_word' id='word_1_134' title='bbox 551 997 556 1013; x_wconf 93' lang='lat'>:</span> <span class='ocrx_word' id='word_1_135' title='bbox 571 984 762 1021; x_wconf 67' lang='lat' dir='ltr'>Pestilentiae,</span> <span class='ocrx_word' id='word_1_136' title='bbox 779 984 809 1014; x_wconf 89' lang='lat' dir='ltr'>id</span> <span class='ocrx_word' id='word_1_137' title='bbox 827 991 877 1020; x_wconf 90' lang='lat' dir='ltr'>est,</span> 
     </span>
     <span class='ocr_line' id='line_1_23' title="bbox 139 1023 879 1064; baseline -0.005 -7"><span class='ocrx_word' id='word_1_138' title='bbox 139 1027 228 1056; x_wconf 86' lang='lat' dir='ltr'>morbi</span> <span class='ocrx_word' id='word_1_139' title='bbox 249 1026 397 1056; x_wconf 86' lang='lat' dir='ltr'>carnalium</span> <span class='ocrx_word' id='word_1_140' title='bbox 410 1024 576 1064; x_wconf 84' lang='lat' dir='ltr'>passionum,</span> <span class='ocrx_word' id='word_1_141' title='bbox 589 1023 640 1052; x_wconf 87' lang='lat' dir='ltr'>nisi</span> <span class='ocrx_word' id='word_1_142' title='bbox 660 1023 772 1053; x_wconf 87' lang='lat' dir='ltr'>fuissent</span> <span class='ocrx_word' id='word_1_143' title='bbox 792 1025 820 1053; x_wconf 90' lang='lat' dir='ltr'>in</span> <span class='ocrx_word' id='word_1_144' title='bbox 841 1024 879 1053; x_wconf 90' lang='lat' dir='ltr'>eis</span> 
     </span>
     <span class='ocr_line' id='line_1_24' title="bbox 139 1062 880 1101; baseline -0.005 -5"><span class='ocrx_word' id='word_1_145' title='bbox 139 1067 328 1096; x_wconf 73' lang='lat' dir='ltr'>commotiones</span> <span class='ocrx_word' id='word_1_146' title='bbox 340 1064 535 1100; x_wconf 82' lang='lat' dir='ltr'>turbationum,</span> <span class='ocrx_word' id='word_1_147' title='bbox 547 1063 616 1092; x_wconf 90' lang='lat' dir='ltr'>sicut</span> <span class='ocrx_word' id='word_1_148' title='bbox 635 1062 768 1101; x_wconf 86' lang='lat' dir='ltr'>significat</span> <span class='ocrx_word' id='word_1_149' title='bbox 782 1063 880 1093; x_wconf 91' lang='lat' dir='ltr'>Domi-</span> 
     </span>
     <span class='ocr_line' id='line_1_25' title="bbox 139 1102 880 1145; baseline -0.005 -9"><span class='ocrx_word' id='word_1_150' title='bbox 139 1117 191 1136; x_wconf 86' lang='lat' dir='ltr'>nus</span> <span class='ocrx_word' id='word_1_151' title='bbox 203 1106 230 1135; x_wconf 89' lang='lat' dir='ltr'>in</span> <span class='ocrx_word' id='word_1_152' title='bbox 244 1106 291 1135; x_wconf 86' lang='lat' dir='ltr'>illa</span> <span class='ocrx_word' id='word_1_153' title='bbox 302 1104 441 1145; x_wconf 89' lang='lat' dir='ltr'>parabola,</span> <span class='ocrx_word' id='word_1_154' title='bbox 456 1114 536 1142; x_wconf 91' lang='lat' dir='ltr'>quam</span> <span class='ocrx_word' id='word_1_155' title='bbox 550 1102 584 1132; x_wconf 90' lang='lat' dir='ltr'>de</span> <span class='ocrx_word' id='word_1_156' title='bbox 597 1102 760 1133; x_wconf 86' lang='lat' dir='ltr'>seminandis</span> <span class='ocrx_word' id='word_1_157' title='bbox 772 1103 880 1132; x_wconf 87' lang='lat' dir='ltr'>zizaniis</span> 
     </span>
     <span class='ocr_line' id='line_1_26' title="bbox 140 1142 880 1184; baseline -0.007 -8"><span class='ocrx_word' id='word_1_158' title='bbox 140 1146 175 1176; x_wconf 88' lang='lat' dir='ltr'>ab</span> <span class='ocrx_word' id='word_1_159' title='bbox 190 1146 298 1175; x_wconf 87' lang='lat' dir='ltr'>homine</span> <span class='ocrx_word' id='word_1_160' title='bbox 313 1144 383 1173; x_wconf 86' lang='lat' dir='ltr'>malo</span> <span class='ocrx_word' id='word_1_161' title='bbox 397 1143 533 1184; x_wconf 86' lang='lat' dir='ltr'>proponit,</span> <span class='ocrx_word' id='word_1_162' title='bbox 547 1142 639 1172; x_wconf 75' lang='lat' dir='ltr'>dicens</span> <span class='ocrx_word' id='word_1_163' title='bbox 653 1153 660 1171; x_wconf 74' lang='lat' dir='ltr'><em>z</em></span> <span class='ocrx_word' id='word_1_164' title='bbox 676 1142 748 1172; x_wconf 90' lang='lat' dir='ltr'>Cum</span> <span class='ocrx_word' id='word_1_165' title='bbox 773 1143 880 1172; x_wconf 64' lang='lat' dir='ltr'>dormi»</span> 
     </span>
     <span class='ocr_line' id='line_1_27' title="bbox 141 1182 879 1222; baseline -0.004 -7"><span class='ocrx_word' id='word_1_166' title='bbox 141 1193 206 1215; x_wconf 85' lang='lat' dir='ltr'>rent</span> <span class='ocrx_word' id='word_1_167' title='bbox 223 1192 320 1214; x_wconf 83' lang='lat' dir='ltr'>autem</span> <span class='ocrx_word' id='word_1_168' title='bbox 338 1185 480 1219; x_wconf 77' lang='lat' dir='ltr'>homines,</span> <span class='ocrx_word' id='word_1_169' title='bbox 493 1182 521 1211; x_wconf 86' lang='lat' dir='ltr'>id</span> <span class='ocrx_word' id='word_1_170' title='bbox 535 1188 585 1219; x_wconf 81' lang='lat' dir='ltr'>est,</span> <span class='ocrx_word' id='word_1_171' title='bbox 600 1192 662 1210; x_wconf 88' lang='lat' dir='ltr'>cnm</span> <span class='ocrx_word' id='word_1_172' title='bbox 675 1182 839 1222; x_wconf 81' lang='lat' dir='ltr'>negligerent</span> <span class='ocrx_word' id='word_1_173' title='bbox 851 1183 879 1212; x_wconf 90' lang='lat' dir='ltr'>in</span> 
     </span>
     <span class='ocr_line' id='line_1_28' title="bbox 140 1222 880 1266; baseline -0.005 -11"><span class='ocrx_word' id='word_1_174' title='bbox 140 1225 265 1266; x_wconf 85' lang='lat' dir='ltr'>peccatis,</span> <span class='ocrx_word' id='word_1_175' title='bbox 281 1225 364 1254; x_wconf 82' lang='lat' dir='ltr'>venit</span> <span class='ocrx_word' id='word_1_176' title='bbox 377 1224 511 1252; x_wconf 81' lang='lat' dir='ltr'>inimicus</span> <span class='ocrx_word' id='word_1_177' title='bbox 523 1222 616 1258; x_wconf 89' lang='lat' dir='ltr'>homo,</span> <span class='ocrx_word' id='word_1_178' title='bbox 627 1228 655 1250; x_wconf 86' lang='lat' dir='ltr'>et</span> <span class='ocrx_word' id='word_1_179' title='bbox 666 1224 822 1251; x_wconf 78' lang='lat' dir='ltr'>seminavit</span> <span class='ocrx_word' id='word_1_180' title='bbox 834 1224 880 1252; x_wconf 87' lang='lat' dir='ltr'>zi-</span> 
     </span>
     <span class='ocr_line' id='line_1_29' title="bbox 141 1260 878 1302; baseline -0.005 -8"><span class='ocrx_word' id='word_1_181' title='bbox 141 1267 239 1294; x_wconf 83' lang='lat' dir='ltr'>zania.</span> <span class='ocrx_word' id='word_1_182' title='bbox 253 1264 309 1302; x_wconf 89' lang='lat' dir='ltr'>Qui</span> <span class='ocrx_word' id='word_1_183' title='bbox 323 1270 411 1292; x_wconf 88' lang='lat' dir='ltr'>autem</span> <span class='ocrx_word' id='word_1_184' title='bbox 425 1261 514 1291; x_wconf 87' lang='lat' dir='ltr'>satiati</span> <span class='ocrx_word' id='word_1_185' title='bbox 527 1268 589 1290; x_wconf 91' lang='lat' dir='ltr'>sunt</span> <span class='ocrx_word' id='word_1_186' title='bbox 602 1271 670 1300; x_wconf 88' lang='lat' dir='ltr'>pane</span> <span class='ocrx_word' id='word_1_187' title='bbox 689 1261 766 1292; x_wconf 83' lang='lat' dir='ltr'>verbi</span> <span class='ocrx_word' id='word_1_188' title='bbox 780 1260 878 1298; x_wconf 86' lang='lat' dir='ltr'>divini,</span> 
     </span>
     <span class='ocr_line' id='line_1_30' title="bbox 139 1299 876 1347; baseline -0.007 -13"><span class='ocrx_word' id='word_1_189' title='bbox 139 1305 187 1344; x_wconf 90' lang='lat' dir='ltr'>qui</span> <span class='ocrx_word' id='word_1_190' title='bbox 211 1304 268 1333; x_wconf 84' lang='lat' dir='ltr'>sani</span> <span class='ocrx_word' id='word_1_191' title='bbox 281 1310 344 1333; x_wconf 85' lang='lat' dir='ltr'>sunt</span> <span class='ocrx_word' id='word_1_192' title='bbox 356 1313 371 1332; x_wconf 87' lang='lat' dir='ltr'>a</span> <span class='ocrx_word' id='word_1_193' title='bbox 385 1301 536 1347; x_wconf 75' lang='lat' dir='ltr'>pestilentia</span> <span class='ocrx_word' id='word_1_194' title='bbox 550 1299 703 1341; x_wconf 85' lang='lat' dir='ltr'>passionum</span> <span class='ocrx_word' id='word_1_195' title='bbox 716 1301 876 1337; x_wconf 87' lang='lat' dir='ltr'>carnalium,</span> 
     </span>
     <span class='ocr_line' id='line_1_31' title="bbox 139 1339 880 1384; baseline -0.005 -10"><span class='ocrx_word' id='word_1_196' title='bbox 139 1344 186 1384; x_wconf 89' lang='lat' dir='ltr'>qui</span> <span class='ocrx_word' id='word_1_197' title='bbox 199 1344 307 1373; x_wconf 84' lang='lat' dir='ltr'>stabiles</span> <span class='ocrx_word' id='word_1_198' title='bbox 317 1349 379 1372; x_wconf 85' lang='lat' dir='ltr'>sunt</span> <span class='ocrx_word' id='word_1_199' title='bbox 391 1352 420 1370; x_wconf 80' lang='lat' dir='ltr'>in</span> <span class='ocrx_word' id='word_1_200' title='bbox 430 1340 484 1370; x_wconf 87' lang='lat' dir='ltr'>fide</span> <span class='ocrx_word' id='word_1_201' title='bbox 497 1347 523 1370; x_wconf 93' lang='lat' dir='ltr'>et</span> <span class='ocrx_word' id='word_1_202' title='bbox 532 1339 648 1380; x_wconf 85' lang='lat' dir='ltr'>justitia,</span> <span class='ocrx_word' id='word_1_203' title='bbox 664 1340 739 1381; x_wconf 88' lang='lat' dir='ltr'>apud</span> <span class='ocrx_word' id='word_1_204' title='bbox 749 1351 794 1370; x_wconf 90' lang='lat' dir='ltr'>eos</span> <span class='ocrx_word' id='word_1_205' title='bbox 807 1341 880 1371; x_wconf 88' lang='lat' dir='ltr'>schi-</span> 
     </span>
     <span class='ocr_line' id='line_1_32' title="bbox 139 1380 879 1419; baseline -0.004 -6"><span class='ocrx_word' id='word_1_206' title='bbox 139 1390 223 1414; x_wconf 78' lang='lat' dir='ltr'>smata</span> <span class='ocrx_word' id='word_1_207' title='bbox 239 1393 292 1413; x_wconf 87' lang='lat' dir='ltr'>non</span> <span class='ocrx_word' id='word_1_208' title='bbox 308 1381 483 1412; x_wconf 87' lang='lat' dir='ltr'>inveniuntur</span> <span class='ocrx_word' id='word_1_209' title='bbox 501 1380 667 1419; x_wconf 85' lang='lat' dir='ltr'>dogmatum.</span> <span class='ocrx_word' id='word_1_210' title='bbox 682 1380 780 1410; x_wconf 87' lang='lat' dir='ltr'>Omnia</span> <span class='ocrx_word' id='word_1_211' title='bbox 788 1387 879 1410; x_wconf 87' lang='lat' dir='ltr'>autem</span> 
     </span>
     <span class='ocr_line' id='line_1_33' title="bbox 138 1418 878 1460; baseline -0.004 -7"><span class='ocrx_word' id='word_1_212' title='bbox 138 1424 195 1453; x_wconf 79' lang='lat' dir='ltr'>haec</span> <span class='ocrx_word' id='word_1_213' title='bbox 204 1422 281 1452; x_wconf 90' lang='lat' dir='ltr'>initia</span> <span class='ocrx_word' id='word_1_214' title='bbox 296 1428 359 1452; x_wconf 85' lang='lat' dir='ltr'>sunt</span> <span class='ocrx_word' id='word_1_215' title='bbox 370 1419 564 1460; x_wconf 80' lang='lat' dir='ltr'>parturitionis,</span> <span class='ocrx_word' id='word_1_216' title='bbox 575 1418 604 1448; x_wconf 87' lang='lat' dir='ltr'>id</span> <span class='ocrx_word' id='word_1_217' title='bbox 617 1426 667 1457; x_wconf 89' lang='lat' dir='ltr'>est,</span> <span class='ocrx_word' id='word_1_218' title='bbox 680 1419 878 1460; x_wconf 83' lang='lat' dir='ltr'>pseudochristi</span> 
     </span>
     <span class='ocr_line' id='line_1_34' title="bbox 138 1459 914 1500; baseline -0.008 -6"><span class='ocrx_word' id='word_1_219' title='bbox 138 1462 279 1498; x_wconf 81' lang='lat' dir='ltr'>venientis,</span> <span class='ocrx_word' id='word_1_220' title='bbox 295 1469 321 1491; x_wconf 88' lang='lat' dir='ltr'>et</span> <span class='ocrx_word' id='word_1_221' title='bbox 338 1460 488 1490; x_wconf 85' lang='lat' dir='ltr'>auditiones</span> <span class='ocrx_word' id='word_1_222' title='bbox 501 1459 668 1500; x_wconf 86' lang='lat' dir='ltr'>praeliorum,</span> <span class='ocrx_word' id='word_1_223' title='bbox 689 1466 715 1488; x_wconf 90' lang='lat' dir='ltr'>et</span> <span class='ocrx_word' id='word_1_224' title='bbox 738 1461 878 1498; x_wconf 82' lang='lat' dir='ltr'>insurgens</span> <span class='ocrx_word' id='word_1_225' title='bbox 895 1468 914 1491; x_wconf 84' lang='lat' dir='ltr'>c</span> 
     </span>
     <span class='ocr_line' id='line_1_35' title="bbox 139 1499 878 1542; baseline -0.007 -9"><span class='ocrx_word' id='word_1_226' title='bbox 139 1513 202 1542; x_wconf 82' lang='lat' dir='ltr'>gens</span> <span class='ocrx_word' id='word_1_227' title='bbox 224 1512 306 1542; x_wconf 88' lang='lat' dir='ltr'>super</span> <span class='ocrx_word' id='word_1_228' title='bbox 328 1507 447 1539; x_wconf 77' lang='lat' dir='ltr'>gentem,</span> <span class='ocrx_word' id='word_1_229' title='bbox 467 1506 493 1528; x_wconf 88' lang='lat' dir='ltr'>et</span> <span class='ocrx_word' id='word_1_230' title='bbox 513 1499 607 1535; x_wconf 85' lang='lat' dir='ltr'>fames,</span> <span class='ocrx_word' id='word_1_231' title='bbox 624 1505 649 1527; x_wconf 91' lang='lat' dir='ltr'>et</span> <span class='ocrx_word' id='word_1_232' title='bbox 670 1499 837 1538; x_wconf 83' lang='lat' dir='ltr'>pestilentiae,</span> <span class='ocrx_word' id='word_1_233' title='bbox 851 1506 878 1528; x_wconf 90' lang='lat' dir='ltr'>et</span> 
     </span>
     <span class='ocr_line' id='line_1_36' title="bbox 137 1537 877 1576; baseline -0.008 -4"><span class='ocrx_word' id='word_1_234' title='bbox 137 1544 314 1572; x_wconf 73' lang='lat' dir='ltr'>terraemotus.</span> <span class='ocrx_word' id='word_1_235' title='bbox 326 1539 403 1570; x_wconf 91' lang='lat' dir='ltr'>Sicut</span> <span class='ocrx_word' id='word_1_236' title='bbox 410 1538 468 1566; x_wconf 83' lang='lat' dir='ltr'>haec</span> <span class='ocrx_word' id='word_1_237' title='bbox 480 1539 569 1567; x_wconf 89' lang='lat' dir='ltr'>omnia</span> <span class='ocrx_word' id='word_1_238' title='bbox 583 1537 757 1576; x_wconf 84' lang='lat' dir='ltr'>corporaliter</span> <span class='ocrx_word' id='word_1_239' title='bbox 768 1538 877 1566; x_wconf 88' lang='lat' dir='ltr'>intelle-</span> 
     </span>
     <span class='ocr_line' id='line_1_37' title="bbox 137 1576 876 1616; baseline -0.007 -5"><span class='ocrx_word' id='word_1_240' title='bbox 137 1589 190 1616; x_wconf 89' lang='lat' dir='ltr'>cta,</span> <span class='ocrx_word' id='word_1_241' title='bbox 201 1581 277 1610; x_wconf 85' lang='lat' dir='ltr'>initia</span> <span class='ocrx_word' id='word_1_242' title='bbox 290 1580 398 1608; x_wconf 84' lang='lat' dir='ltr'>fuerunt</span> <span class='ocrx_word' id='word_1_243' title='bbox 411 1577 545 1606; x_wconf 88' lang='lat' dir='ltr'>malorum</span> <span class='ocrx_word' id='word_1_244' title='bbox 555 1577 573 1606; x_wconf 91' lang='lat' dir='ltr'><strong>J</strong></span> <span class='ocrx_word' id='word_1_245' title='bbox 575 1576 667 1612; x_wconf 86' lang='lat' dir='ltr'>udaeis,</span> <span class='ocrx_word' id='word_1_246' title='bbox 683 1577 876 1606; x_wconf 82' lang='lat' dir='ltr'>incrementum</span> 
     </span>
     <span class='ocr_line' id='line_1_38' title="bbox 136 1615 877 1655; baseline -0.005 -5"><span class='ocrx_word' id='word_1_247' title='bbox 136 1627 226 1650; x_wconf 88' lang='lat' dir='ltr'>autem</span> <span class='ocrx_word' id='word_1_248' title='bbox 243 1618 372 1649; x_wconf 75' lang='lat' dir='ltr'>desolatio</span> <span class='ocrx_word' id='word_1_249' title='bbox 391 1617 446 1646; x_wconf 78' lang='lat' dir='ltr'>fuit</span> <span class='ocrx_word' id='word_1_250' title='bbox 466 1616 615 1646; x_wconf 75' lang='lat' dir='ltr'>Jerusalem</span> <span class='ocrx_word' id='word_1_251' title='bbox 629 1627 636 1643; x_wconf 72' lang='lat' dir='ltr'>e</span> <span class='ocrx_word' id='word_1_252' title='bbox 649 1615 687 1644; x_wconf 87' lang='lat' dir='ltr'>sic</span> <span class='ocrx_word' id='word_1_253' title='bbox 701 1615 877 1655; x_wconf 83' lang='lat' dir='ltr'>spiritualiter</span> 
     </span>
     <span class='ocr_line' id='line_1_39' title="bbox 137 1654 873 1692; baseline -0.007 -2"><span class='ocrx_word' id='word_1_254' title='bbox 137 1661 194 1690; x_wconf 84' lang='lat' dir='ltr'>haec</span> <span class='ocrx_word' id='word_1_255' title='bbox 215 1659 364 1692; x_wconf 83' lang='lat' dir='ltr'>intellecta,</span> <span class='ocrx_word' id='word_1_256' title='bbox 375 1656 451 1685; x_wconf 84' lang='lat' dir='ltr'>initia</span> <span class='ocrx_word' id='word_1_257' title='bbox 469 1656 578 1684; x_wconf 80' lang='lat' dir='ltr'>fuerunt</span> <span class='ocrx_word' id='word_1_258' title='bbox 596 1654 773 1691; x_wconf 86' lang='lat' dir='ltr'>Christianis,</span> <span class='ocrx_word' id='word_1_259' title='bbox 786 1655 873 1685; x_wconf 87' lang='lat' dir='ltr'>incre-</span> 
     </span>
     <span class='ocr_line' id='line_1_40' title="bbox 137 1694 876 1736; baseline -0.007 -7"><span class='ocrx_word' id='word_1_260' title='bbox 137 1706 255 1729; x_wconf 90' lang='lat' dir='ltr'>mentum</span> <span class='ocrx_word' id='word_1_261' title='bbox 268 1705 356 1728; x_wconf 87' lang='lat' dir='ltr'>autem</span> <span class='ocrx_word' id='word_1_262' title='bbox 370 1695 507 1736; x_wconf 85' lang='lat' dir='ltr'>oppressio</span> <span class='ocrx_word' id='word_1_263' title='bbox 519 1694 570 1723; x_wconf 82' lang='lat' dir='ltr'>suit</span> <span class='ocrx_word' id='word_1_264' title='bbox 582 1694 716 1724; x_wconf 78' lang='lat' dir='ltr'>Ecclesiae.</span> <span class='ocrx_word' id='word_1_265' title='bbox 728 1694 804 1724; x_wconf 84' lang='lat' dir='ltr'>Sicut</span> <span class='ocrx_word' id='word_1_266' title='bbox 813 1705 876 1734; x_wconf 88' lang='lat' dir='ltr'>ergo</span> 
     </span>
     <span class='ocr_line' id='line_1_41' title="bbox 136 1733 873 1774; baseline -0.009 -5"><span class='ocrx_word' id='word_1_267' title='bbox 136 1739 279 1769; x_wconf 87' lang='lat' dir='ltr'>certamina</span> <span class='ocrx_word' id='word_1_268' title='bbox 293 1738 424 1767; x_wconf 74' lang='lat' dir='ltr'>haeresum</span> <span class='ocrx_word' id='word_1_269' title='bbox 442 1734 517 1763; x_wconf 89' lang='lat' dir='ltr'>initia</span> <span class='ocrx_word' id='word_1_270' title='bbox 540 1734 648 1763; x_wconf 81' lang='lat' dir='ltr'>fuerunt</span> <span class='ocrx_word' id='word_1_271' title='bbox 665 1733 850 1774; x_wconf 81' lang='lat' dir='ltr'>parturitionis</span> <span class='ocrx_word' id='word_1_272' title='bbox 866 1746 873 1763; x_wconf 71' lang='grc' dir='ltr'><strong><em>ε</em></strong></span> 
     </span>
     <span class='ocr_line' id='line_1_42' title="bbox 136 1773 875 1818; baseline -0.007 -10"><span class='ocrx_word' id='word_1_273' title='bbox 136 1778 271 1818; x_wconf 90' lang='lat' dir='ltr'>quomodo</span> <span class='ocrx_word' id='word_1_274' title='bbox 286 1787 339 1807; x_wconf 87' lang='lat' dir='ltr'>non</span> <span class='ocrx_word' id='word_1_275' title='bbox 362 1774 549 1813; x_wconf 85' lang='lat' dir='ltr'>intelligimus,</span> <span class='ocrx_word' id='word_1_276' title='bbox 563 1773 626 1811; x_wconf 89' lang='lat' dir='ltr'>quia</span> <span class='ocrx_word' id='word_1_277' title='bbox 645 1783 679 1802; x_wconf 86' lang='lat' dir='ltr'>ex</span> <span class='ocrx_word' id='word_1_278' title='bbox 693 1783 746 1811; x_wconf 89' lang='lat' dir='ltr'>quo</span> <span class='ocrx_word' id='word_1_279' title='bbox 764 1773 875 1803; x_wconf 68' lang='lat' dir='ltr'>haereses</span> 
     </span>
     <span class='ocr_line' id='line_1_43' title="bbox 137 1813 874 1854; baseline -0.009 -6"><span class='ocrx_word' id='word_1_280' title='bbox 137 1825 203 1848; x_wconf 82' lang='lat' dir='ltr'>natae</span> <span class='ocrx_word' id='word_1_281' title='bbox 217 1824 290 1854; x_wconf 88' lang='lat' dir='ltr'>sunt,</span> <span class='ocrx_word' id='word_1_282' title='bbox 305 1823 331 1846; x_wconf 91' lang='lat' dir='ltr'>et</span> <span class='ocrx_word' id='word_1_283' title='bbox 347 1814 474 1844; x_wconf 86' lang='lat' dir='ltr'>discessio</span> <span class='ocrx_word' id='word_1_284' title='bbox 486 1813 553 1842; x_wconf 85' lang='lat' dir='ltr'>facta</span> <span class='ocrx_word' id='word_1_285' title='bbox 572 1819 611 1842; x_wconf 88' lang='lat' dir='ltr'>est</span> <span class='ocrx_word' id='word_1_286' title='bbox 622 1813 781 1849; x_wconf 89' lang='lat' dir='ltr'>multorum,</span> <span class='ocrx_word' id='word_1_287' title='bbox 796 1823 829 1842; x_wconf 87' lang='lat' dir='ltr'>ex</span> <span class='ocrx_word' id='word_1_288' title='bbox 843 1824 874 1842; x_wconf 85' lang='lat' dir='ltr'>eo</span> 
     </span>
     <span class='ocr_line' id='line_1_44' title="bbox 136 1853 875 1894; baseline -0.009 -6"><span class='ocrx_word' id='word_1_289' title='bbox 136 1856 330 1888; x_wconf 80' lang='lat' dir='ltr'>consummatio</span> <span class='ocrx_word' id='word_1_290' title='bbox 340 1853 439 1894; x_wconf 77' lang='lat' dir='ltr'>coepit?</span> <span class='ocrx_word' id='word_1_291' title='bbox 451 1854 482 1882; x_wconf 88' lang='grc'>9.</span> <span class='ocrx_word' id='word_1_292' title='bbox 501 1853 526 1881; x_wconf 93' lang='lat' dir='ltr'><strong><em>T</em></strong></span> <span class='ocrx_word' id='word_1_293' title='bbox 524 1863 583 1882; x_wconf 85' lang='lat' dir='ltr'>unc</span> <span class='ocrx_word' id='word_1_294' title='bbox 593 1853 710 1882; x_wconf 81' lang='lat' dir='ltr'>tradent</span> <span class='ocrx_word' id='word_1_295' title='bbox 718 1862 774 1881; x_wconf 79' lang='lat' dir='ltr'>vos</span> <span class='ocrx_word' id='word_1_296' title='bbox 782 1853 813 1880; x_wconf 83' lang='lat' dir='ltr'>in</span> <span class='ocrx_word' id='word_1_297' title='bbox 826 1855 875 1882; x_wconf 84' lang='lat' dir='ltr'>tri-</span> 
     </span>
     <span class='ocr_line' id='line_1_45' title="bbox 136 1892 874 1931; baseline -0.009 -3"><span class='ocrx_word' id='word_1_298' title='bbox 136 1898 332 1931; x_wconf 80' lang='lat' dir='ltr'>bulationem,</span> <span class='ocrx_word' id='word_1_299' title='bbox 357 1901 385 1923; x_wconf 83' lang='lat' dir='ltr'>et</span> <span class='ocrx_word' id='word_1_300' title='bbox 405 1893 535 1922; x_wconf 79' lang='lat' dir='ltr'>occident</span> <span class='ocrx_word' id='word_1_301' title='bbox 557 1902 610 1920; x_wconf 82' lang='lat' dir='ltr'>vos</span> <span class='ocrx_word' id='word_1_302' title='bbox 619 1914 627 1928; x_wconf 92' lang='lat'>,</span> <span class='ocrx_word' id='word_1_303' title='bbox 649 1899 676 1920; x_wconf 86' lang='lat' dir='ltr'>et</span> <span class='ocrx_word' id='word_1_304' title='bbox 701 1893 781 1920; x_wconf 84' lang='lat' dir='ltr'>eritis</span> <span class='ocrx_word' id='word_1_305' title='bbox 806 1892 874 1921; x_wconf 83' lang='lat' dir='ltr'>odio</span> 
     </span>
     <span class='ocr_line' id='line_1_46' title="bbox 136 1931 874 1975; baseline -0.007 -9"><span class='ocrx_word' id='word_1_306' title='bbox 136 1938 269 1966; x_wconf 84' lang='lat' dir='ltr'>omnibus</span> <span class='ocrx_word' id='word_1_307' title='bbox 275 1935 408 1975; x_wconf 82' lang='lat' dir='ltr'>gentibus</span> <span class='ocrx_word' id='word_1_308' title='bbox 414 1938 528 1972; x_wconf 81' lang='lat' dir='ltr'>propter</span> <span class='ocrx_word' id='word_1_309' title='bbox 534 1941 640 1960; x_wconf 83' lang='lat' dir='ltr'>nomen</span> <span class='ocrx_word' id='word_1_310' title='bbox 647 1941 751 1959; x_wconf 86' lang='lat' dir='ltr'>meum.</span> <span class='ocrx_word' id='word_1_311' title='bbox 760 1931 874 1961; x_wconf 81' lang='lat' dir='ltr'>AEstimo</span> 
     </span>
     <span class='ocr_line' id='line_1_47' title="bbox 135 1970 874 2015; baseline -0.008 -9"><span class='ocrx_word' id='word_1_312' title='bbox 135 1975 206 2015; x_wconf 90' lang='lat' dir='ltr'>quod</span> <span class='ocrx_word' id='word_1_313' title='bbox 223 1975 268 2004; x_wconf 89' lang='lat' dir='ltr'>hic</span> <span class='ocrx_word' id='word_1_314' title='bbox 292 1975 343 2003; x_wconf 83' lang='lat' dir='ltr'>&#39;am</span> <span class='ocrx_word' id='word_1_315' title='bbox 357 1972 448 2002; x_wconf 81' lang='lat' dir='ltr'>deficit</span> <span class='ocrx_word' id='word_1_316' title='bbox 465 1970 597 2011; x_wconf 83' lang='lat' dir='ltr'>expositio</span> <span class='ocrx_word' id='word_1_317' title='bbox 617 1970 774 2010; x_wconf 81' lang='lat' dir='ltr'>corporalis,</span> <span class='ocrx_word' id='word_1_318' title='bbox 788 1977 817 1999; x_wconf 92' lang='lat' dir='ltr'>ut</span> <span class='ocrx_word' id='word_1_319' title='bbox 840 1970 874 2000; x_wconf 91' lang='lat' dir='ltr'>de</span> 
     </span>
     <span class='ocr_line' id='line_1_48' title="bbox 135 1986 873 2055; baseline -0.009 -10"><span class='ocrx_word' id='word_1_320' title='bbox 135 2023 254 2055; x_wconf 86' lang='lat' dir='ltr'>tempore</span> <span class='ocrx_word' id='word_1_321' title='bbox 267 1986 316 2042; x_wconf 87' lang='lat' dir='ltr'>il&#39;lo</span> <span class='ocrx_word' id='word_1_322' title='bbox 333 2012 464 2047; x_wconf 87' lang='lat' dir='ltr'>dicamus,</span> <span class='ocrx_word' id='word_1_323' title='bbox 477 2021 530 2049; x_wconf 88' lang='lat' dir='ltr'>quo</span> <span class='ocrx_word' id='word_1_324' title='bbox 543 2010 691 2040; x_wconf 86' lang='lat' dir='ltr'>Jerusalem</span> <span class='ocrx_word' id='word_1_325' title='bbox 706 2017 782 2049; x_wconf 87' lang='lat' dir='ltr'>capta</span> <span class='ocrx_word' id='word_1_326' title='bbox 801 2017 840 2039; x_wconf 90' lang='lat' dir='ltr'>est</span> <span class='ocrx_word' id='word_1_327' title='bbox 858 2021 873 2039; x_wconf 86' lang='lat' dir='ltr'>a</span> 
     </span>
     <span class='ocr_line' id='line_1_49' title="bbox 135 2050 874 2091; baseline -0.009 -7"><span class='ocrx_word' id='word_1_328' title='bbox 135 2054 265 2084; x_wconf 82' lang='lat' dir='ltr'>Romanis</span> <span class='ocrx_word' id='word_1_329' title='bbox 278 2066 284 2082; x_wconf 72' lang='grc' dir='ltr'>ι</span> <span class='ocrx_word' id='word_1_330' title='bbox 297 2063 331 2082; x_wconf 84' lang='lat' dir='ltr'>ex</span> <span class='ocrx_word' id='word_1_331' title='bbox 340 2062 371 2081; x_wconf 91' lang='lat' dir='ltr'>eo</span> <span class='ocrx_word' id='word_1_332' title='bbox 382 2050 455 2091; x_wconf 89' lang='lat' dir='ltr'>quod</span> <span class='ocrx_word' id='word_1_333' title='bbox 467 2050 545 2085; x_wconf 88' lang='lat' dir='ltr'>dicit,</span> <span class='ocrx_word' id='word_1_334' title='bbox 558 2050 637 2078; x_wconf 80' lang='lat' dir='ltr'>Tunc</span> <span class='ocrx_word' id='word_1_335' title='bbox 651 2050 767 2079; x_wconf 82' lang='lat' dir='ltr'>tradent</span> <span class='ocrx_word' id='word_1_336' title='bbox 779 2050 811 2077; x_wconf 81' lang='lat' dir='ltr'>in</span> <span class='ocrx_word' id='word_1_337' title='bbox 825 2052 874 2078; x_wconf 86' lang='lat' dir='ltr'>tri-</span> 
     </span>
     <span class='ocr_line' id='line_1_50' title="bbox 137 2088 872 2131; baseline -0.008 -7"><span class='ocrx_word' id='word_1_338' title='bbox 137 2094 325 2129; x_wconf 78' lang='lat' dir='ltr'>bulationem,</span> <span class='ocrx_word' id='word_1_339' title='bbox 337 2091 463 2131; x_wconf 89' lang='lat' dir='ltr'>quoniam</span> <span class='ocrx_word' id='word_1_340' title='bbox 472 2089 585 2129; x_wconf 90' lang='lat' dir='ltr'>apostoli</span> <span class='ocrx_word' id='word_1_341' title='bbox 592 2095 618 2118; x_wconf 87' lang='lat' dir='ltr'>et</span> <span class='ocrx_word' id='word_1_342' title='bbox 625 2088 713 2118; x_wconf 82' lang='lat' dir='ltr'>caeteri</span> <span class='ocrx_word' id='word_1_343' title='bbox 725 2088 872 2118; x_wconf 86' lang='lat' dir='ltr'>Christiani</span> 
     </span>
     <span class='ocr_line' id='line_1_51' title="bbox 138 2127 872 2172; baseline -0.007 -10"><span class='ocrx_word' id='word_1_344' title='bbox 138 2141 202 2162; x_wconf 88' lang='lat' dir='ltr'>tunc</span> <span class='ocrx_word' id='word_1_345' title='bbox 220 2138 357 2172; x_wconf 75' lang='lat' dir='ltr'>coeperunt</span> <span class='ocrx_word' id='word_1_346' title='bbox 371 2130 427 2170; x_wconf 91' lang='lat' dir='ltr'>pati</span> <span class='ocrx_word' id='word_1_347' title='bbox 445 2129 691 2170; x_wconf 80' lang='lat' dir='ltr'>persequutionem,</span> <span class='ocrx_word' id='word_1_348' title='bbox 705 2127 813 2166; x_wconf 84' lang='lat' dir='ltr'>quando</span> <span class='ocrx_word' id='word_1_349' title='bbox 825 2128 872 2157; x_wconf 88' lang='lat' dir='ltr'>illa</span> 
     </span>
     <span class='ocr_line' id='line_1_52' title="bbox 135 2167 873 2214; baseline -0.009 -12"><span class='ocrx_word' id='word_1_350' title='bbox 135 2172 224 2202; x_wconf 86' lang='lat' dir='ltr'>omnia</span> <span class='ocrx_word' id='word_1_351' title='bbox 242 2177 380 2211; x_wconf 85' lang='lat' dir='ltr'>coeperunt</span> <span class='ocrx_word' id='word_1_352' title='bbox 397 2169 544 2214; x_wconf 77' lang='lat' dir='ltr'>praeparari</span> <span class='ocrx_word' id='word_1_353' title='bbox 564 2175 656 2197; x_wconf 87' lang='lat' dir='ltr'>contra</span> <span class='ocrx_word' id='word_1_354' title='bbox 673 2167 833 2203; x_wconf 79' lang='lat' dir='ltr'>Jerusalem,</span> <span class='ocrx_word' id='word_1_355' title='bbox 847 2174 873 2196; x_wconf 89' lang='lat' dir='ltr'>et</span> 
     </span>
     <span class='ocr_line' id='line_1_53' title="bbox 135 2206 873 2251; baseline -0.009 -10"><span class='ocrx_word' id='word_1_356' title='bbox 135 2222 188 2241; x_wconf 90' lang='lat' dir='ltr'>non</span> <span class='ocrx_word' id='word_1_357' title='bbox 202 2211 290 2251; x_wconf 84' lang='lat' dir='ltr'>potius</span> <span class='ocrx_word' id='word_1_358' title='bbox 301 2210 335 2238; x_wconf 88' lang='lat' dir='ltr'>ab</span> <span class='ocrx_word' id='word_1_359' title='bbox 345 2209 433 2245; x_wconf 82' lang='lat' dir='ltr'>initio,</span> <span class='ocrx_word' id='word_1_360' title='bbox 441 2219 476 2237; x_wconf 88' lang='lat' dir='ltr'>ex</span> <span class='ocrx_word' id='word_1_361' title='bbox 487 2218 541 2246; x_wconf 88' lang='lat' dir='ltr'>quo</span> <span class='ocrx_word' id='word_1_362' title='bbox 553 2207 676 2237; x_wconf 87' lang='lat' dir='ltr'>Christus</span> <span class='ocrx_word' id='word_1_363' title='bbox 685 2206 812 2242; x_wconf 87' lang='lat' dir='ltr'>ascendit,</span> <span class='ocrx_word' id='word_1_364' title='bbox 822 2207 873 2235; x_wconf 86' lang='lat' dir='ltr'>sic-</span> 
     </span>
     <span class='ocr_line' id='line_1_54' title="bbox 135 2246 874 2293; baseline -0.007 -13"><span class='ocrx_word' id='word_1_365' title='bbox 135 2258 166 2280; x_wconf 92' lang='lat' dir='ltr'>ut</span> <span class='ocrx_word' id='word_1_366' title='bbox 178 2252 261 2279; x_wconf 86' lang='lat' dir='ltr'>Actus</span> <span class='ocrx_word' id='word_1_367' title='bbox 273 2248 454 2293; x_wconf 82' lang='lat' dir='ltr'>apostolorum</span> <span class='ocrx_word' id='word_1_368' title='bbox 467 2253 606 2276; x_wconf 84' lang='lat' dir='ltr'>testantur.</span> <span class='ocrx_word' id='word_1_369' title='bbox 620 2246 701 2275; x_wconf 86' lang='lat' dir='ltr'>Plane</span> <span class='ocrx_word' id='word_1_370' title='bbox 721 2246 803 2284; x_wconf 83' lang='lat' dir='ltr'>igitur</span> <span class='ocrx_word' id='word_1_371' title='bbox 814 2246 874 2285; x_wconf 79' lang='lat' dir='ltr'>spi-</span> 
     </span>
     <span class='ocr_line' id='line_1_55' title="bbox 134 2284 874 2352; baseline -0.008 -32"><span class='ocrx_word' id='word_1_372' title='bbox 134 2290 268 2320; x_wconf 85' lang='lat' dir='ltr'>ritualiter</span> <span class='ocrx_word' id='word_1_373' title='bbox 288 2287 436 2325; x_wconf 83' lang='lat' dir='ltr'>1ntelligere</span> <span class='ocrx_word' id='word_1_374' title='bbox 456 2285 591 2320; x_wconf 90' lang='lat' dir='ltr'>convenit,</span> <span class='ocrx_word' id='word_1_375' title='bbox 605 2284 668 2352; x_wconf 61' lang='lat' dir='ltr'>guia</span> <span class='ocrx_word' id='word_1_376' title='bbox 687 2285 796 2323; x_wconf 90' lang='lat' dir='ltr'>quando</span> <span class='ocrx_word' id='word_1_377' title='bbox 817 2285 874 2314; x_wconf 86' lang='lat' dir='ltr'>haec</span> 
     </span>
     <span class='ocr_line' id='line_1_56' title="bbox 135 2323 874 2367; baseline -0.008 -8"><span class='ocrx_word' id='word_1_378' title='bbox 135 2329 222 2360; x_wconf 90' lang='lat' dir='ltr'>omnia</span> <span class='ocrx_word' id='word_1_379' title='bbox 235 2333 371 2367; x_wconf 89' lang='lat' dir='ltr'>coeperunt</span> <span class='ocrx_word' id='word_1_380' title='bbox 383 2325 441 2354; x_wconf 85' lang='lat' dir='ltr'>fieri</span> <span class='ocrx_word' id='word_1_381' title='bbox 452 2331 542 2354; x_wconf 85' lang='lat' dir='ltr'>contra</span> <span class='ocrx_word' id='word_1_382' title='bbox 557 2324 610 2353; x_wconf 90' lang='lat' dir='ltr'>Ecc</span> <span class='ocrx_word' id='word_1_383' title='bbox 622 2323 704 2353; x_wconf 88' lang='lat' dir='ltr'>esiam</span> <span class='ocrx_word' id='word_1_384' title='bbox 717 2323 829 2360; x_wconf 82' lang='lat' dir='ltr'>Christi,</span> <span class='ocrx_word' id='word_1_385' title='bbox 844 2323 874 2353; x_wconf 90' lang='lat' dir='ltr'>id</span> 
     </span>
     <span class='ocr_line' id='line_1_57' title="bbox 134 2362 873 2405; baseline -0.008 -7"><span class='ocrx_word' id='word_1_386' title='bbox 134 2376 184 2405; x_wconf 85' lang='lat' dir='ltr'>est,</span> <span class='ocrx_word' id='word_1_387' title='bbox 221 2367 308 2397; x_wconf 88' lang='lat' dir='ltr'>uando</span> <span class='ocrx_word' id='word_1_388' title='bbox 323 2370 461 2405; x_wconf 88' lang='lat' dir='ltr'>coepcrunt</span> <span class='ocrx_word' id='word_1_389' title='bbox 483 2373 539 2392; x_wconf 80' lang='lat' dir='ltr'>esse</span> <span class='ocrx_word' id='word_1_390' title='bbox 563 2362 687 2401; x_wconf 80' lang='lat' dir='ltr'>dogmata</span> <span class='ocrx_word' id='word_1_391' title='bbox 706 2362 781 2395; x_wconf 89' lang='lat' dir='ltr'>salsa,</span> <span class='ocrx_word' id='word_1_392' title='bbox 796 2363 873 2400; x_wconf 84' lang='lat' dir='ltr'>quasi</span> 
     </span>
     <span class='ocr_line' id='line_1_58' title="bbox 134 2379 871 2448; baseline -0.009 -11"><span class='ocrx_word' id='word_1_393' title='bbox 134 2379 343 2448; x_wconf 73' lang='lat' dir='ltr'>pseudochristi,</span> <span class='ocrx_word' id='word_1_394' title='bbox 356 2403 463 2443; x_wconf 90' lang='lat' dir='ltr'>quando</span> <span class='ocrx_word' id='word_1_395' title='bbox 483 2408 620 2441; x_wconf 87' lang='lat' dir='ltr'>coeperunt</span> <span class='ocrx_word' id='word_1_396' title='bbox 632 2401 781 2431; x_wconf 88' lang='lat' dir='ltr'>auditiones</span> <span class='ocrx_word' id='word_1_397' title='bbox 799 2402 871 2437; x_wconf 87' lang='lat' dir='ltr'>fieri,</span> 
     </span>
     <span class='ocr_line' id='line_1_59' title="bbox 135 2440 870 2486; baseline -0.008 -10"><span class='ocrx_word' id='word_1_398' title='bbox 135 2446 242 2486; x_wconf 84' lang='lat' dir='ltr'>quando</span> <span class='ocrx_word' id='word_1_399' title='bbox 256 2445 336 2485; x_wconf 83' lang='lat' dir='ltr'>coepit</span> <span class='ocrx_word' id='word_1_400' title='bbox 358 2444 494 2482; x_wconf 78' lang='lat' dir='ltr'>insurgere</span> <span class='ocrx_word' id='word_1_401' title='bbox 518 2441 626 2471; x_wconf 81' lang='lat' dir='ltr'>haeresis</span> <span class='ocrx_word' id='word_1_402' title='bbox 642 2451 722 2480; x_wconf 88' lang='lat' dir='ltr'>super</span> <span class='ocrx_word' id='word_1_403' title='bbox 738 2440 870 2476; x_wconf 70' lang='lat' dir='ltr'>haeresim,</span> 
     </span>
     <span class='ocr_line' id='line_1_60' title="bbox 135 2479 872 2527; baseline -0.008 -12"><span class='ocrx_word' id='word_1_404' title='bbox 135 2493 162 2515; x_wconf 91' lang='lat' dir='ltr'>et</span> <span class='ocrx_word' id='word_1_405' title='bbox 179 2486 348 2525; x_wconf 85' lang='lat' dir='ltr'>episcopatus</span> <span class='ocrx_word' id='word_1_406' title='bbox 367 2493 447 2527; x_wconf 83' lang='lat' dir='ltr'>super</span> <span class='ocrx_word' id='word_1_407' title='bbox 470 2481 664 2520; x_wconf 81' lang='lat' dir='ltr'>episcopatum,</span> <span class='ocrx_word' id='word_1_408' title='bbox 683 2479 791 2518; x_wconf 89' lang='lat' dir='ltr'>quando</span> <span class='ocrx_word' id='word_1_409' title='bbox 804 2480 872 2509; x_wconf 83' lang='lat' dir='ltr'>facta</span> 
     </span>
     <span class='ocr_line' id='line_1_61' title="bbox 136 2518 872 2561; baseline -0.01 -7"><span class='ocrx_word' id='word_1_410' title='bbox 136 2532 175 2554; x_wconf 87' lang='lat' dir='ltr'>est</span> <span class='ocrx_word' id='word_1_411' title='bbox 194 2526 274 2553; x_wconf 80' lang='lat' dir='ltr'>fames</span> <span class='ocrx_word' id='word_1_412' title='bbox 299 2522 375 2552; x_wconf 88' lang='lat' dir='ltr'>verbi</span> <span class='ocrx_word' id='word_1_413' title='bbox 399 2532 426 2550; x_wconf 84' lang='grc' dir='ltr'>ιη</span> <span class='ocrx_word' id='word_1_414' title='bbox 452 2519 554 2561; x_wconf 83' lang='lat' dir='ltr'>populo</span> <span class='ocrx_word' id='word_1_415' title='bbox 578 2518 742 2554; x_wconf 83' lang='lat' dir='ltr'>Christiano,</span> <span class='ocrx_word' id='word_1_416' title='bbox 762 2518 872 2557; x_wconf 86' lang='lat' dir='ltr'>quando</span> 
     </span>
     <span class='ocr_line' id='line_1_62' title="bbox 135 2557 872 2603; baseline -0.008 -10"><span class='ocrx_word' id='word_1_417' title='bbox 135 2563 393 2603; x_wconf 86' lang='lat' dir='ltr'>comprehenderunt</span> <span class='ocrx_word' id='word_1_418' title='bbox 406 2571 450 2589; x_wconf 89' lang='lat' dir='ltr'>eos</span> <span class='ocrx_word' id='word_1_419' title='bbox 465 2558 621 2599; x_wconf 85' lang='lat' dir='ltr'>pestilentiae</span> <span class='ocrx_word' id='word_1_420' title='bbox 635 2557 763 2588; x_wconf 89' lang='lat' dir='ltr'>vitiorum</span> <span class='ocrx_word' id='word_1_421' title='bbox 777 2558 872 2587; x_wconf 87' lang='lat' dir='ltr'>multo-</span> 
     </span>
     <span class='ocr_line' id='line_1_63' title="bbox 137 2597 872 2641; baseline -0.007 -9"><span class='ocrx_word' id='word_1_422' title='bbox 137 2614 208 2639; x_wconf 86' lang='lat' dir='ltr'>rum,</span> <span class='ocrx_word' id='word_1_423' title='bbox 221 2601 328 2641; x_wconf 80' lang='lat' dir='ltr'>quando</span> <span class='ocrx_word' id='word_1_424' title='bbox 342 2600 403 2629; x_wconf 83' lang='lat' dir='ltr'>facti</span> <span class='ocrx_word' id='word_1_425' title='bbox 423 2606 486 2629; x_wconf 85' lang='lat' dir='ltr'>suut</span> <span class='ocrx_word' id='word_1_426' title='bbox 502 2598 540 2627; x_wconf 86' lang='lat' dir='ltr'>eis</span> <span class='ocrx_word' id='word_1_427' title='bbox 558 2604 721 2626; x_wconf 75' lang='lat' dir='ltr'>terraemotus</span> <span class='ocrx_word' id='word_1_428' title='bbox 742 2597 872 2627; x_wconf 86' lang='lat' dir='ltr'>turbatio-</span> 
     </span>
    </p>
   </div>
   <div class='ocr_carea' id='block_1_5' title="bbox 635 212 1134 239">
    <p class='ocr_par' dir='ltr' id='par_1_5' title="bbox 635 212 1134 239">
     <span class='ocr_line' id='line_1_64' title="bbox 635 212 1134 239; baseline 0.004 -4"><span class='ocrx_word' id='word_1_429' title='bbox 635 212 826 236; x_wconf 71' lang='lat' dir='ltr'>MAT&#39;rnA-:UM</span> <span class='ocrx_word' id='word_1_430' title='bbox 832 227 839 236; x_wconf 87' lang='lat'>.</span> <span class='ocrx_word' id='word_1_431' title='bbox 868 213 986 236; x_wconf 69' lang='lat' dir='ltr'>nomm.</span> <span class='ocrx_word' id='word_1_432' title='bbox 1015 214 1120 237; x_wconf 79' lang='lat' dir='ltr'>XLVIII</span> <span class='ocrx_word' id='word_1_433' title='bbox 1126 232 1134 239; x_wconf 87' lang='lat'>.</span> 
     </span>
    </p>
   </div>
   <div class='ocr_carea' id='block_1_6' title="bbox 1604 209 1675 256">
    <p class='ocr_par' dir='ltr' id='par_1_6' title="bbox 1604 209 1675 256">
     <span class='ocr_line' id='line_1_65' title="bbox 1604 209 1675 256; baseline -0.028 0"><span class='ocrx_word' id='word_1_434' title='bbox 1604 209 1675 256; x_wconf 66' lang='lat'>943</span> 
     </span>
    </p>
   </div>
   <div class='ocr_carea' id='block_1_7' title="bbox 933 274 1678 991">
    <p class='ocr_par' dir='ltr' id='par_1_7' title="bbox 933 274 1678 991">
     <span class='ocr_line' id='line_1_66' title="bbox 939 274 1678 321; baseline 0.012 -19"><span class='ocrx_word' id='word_1_435' title='bbox 939 284 1004 303; x_wconf 91' lang='lat' dir='ltr'>num</span> <span class='ocrx_word' id='word_1_436' title='bbox 1023 274 1057 304; x_wconf 87' lang='lat' dir='ltr'>de</span> <span class='ocrx_word' id='word_1_437' title='bbox 1072 275 1153 305; x_wconf 87' lang='lat' dir='ltr'>rebus</span> <span class='ocrx_word' id='word_1_438' title='bbox 1169 275 1270 307; x_wconf 81' lang='lat' dir='ltr'>divinis</span> <span class='ocrx_word' id='word_1_439' title='bbox 1285 289 1293 306; x_wconf 69' lang='grc' dir='ltr'><strong>ε</strong></span> <span class='ocrx_word' id='word_1_440' title='bbox 1306 283 1371 307; x_wconf 86' lang='lat' dir='ltr'>tunc</span> <span class='ocrx_word' id='word_1_441' title='bbox 1391 277 1481 308; x_wconf 82' lang='lat' dir='ltr'>traditi</span> <span class='ocrx_word' id='word_1_442' title='bbox 1504 286 1567 310; x_wconf 84' lang='lat' dir='ltr'>sunt</span> <span class='ocrx_word' id='word_1_443' title='bbox 1589 287 1678 321; x_wconf 82' lang='lat' dir='ltr'>patres</span> 
     </span>
     <span class='ocr_line' id='line_1_67' title="bbox 937 313 1676 357; baseline 0.012 -16"><span class='ocrx_word' id='word_1_444' title='bbox 937 315 1021 342; x_wconf 86' lang='lat' dir='ltr'>nostri</span> <span class='ocrx_word' id='word_1_445' title='bbox 1034 313 1062 342; x_wconf 89' lang='lat' dir='ltr'>in</span> <span class='ocrx_word' id='word_1_446' title='bbox 1082 315 1180 344; x_wconf 89' lang='lat' dir='ltr'>multas</span> <span class='ocrx_word' id='word_1_447' title='bbox 1195 316 1381 346; x_wconf 84' lang='lat' dir='ltr'>tribulationes</span> <span class='ocrx_word' id='word_1_448' title='bbox 1395 319 1632 357; x_wconf 86' lang='lat' dir='ltr'>persequutionum</span> <span class='ocrx_word' id='word_1_449' title='bbox 1648 321 1676 350; x_wconf 89' lang='lat' dir='ltr'>iu</span> 
     </span>
     <span class='ocr_line' id='line_1_68' title="bbox 935 353 1676 395; baseline 0.011 -14"><span class='ocrx_word' id='word_1_450' title='bbox 935 359 990 381; x_wconf 90' lang='lat' dir='ltr'>toto</span> <span class='ocrx_word' id='word_1_451' title='bbox 1004 353 1116 388; x_wconf 88' lang='lat' dir='ltr'>mundo,</span> <span class='ocrx_word' id='word_1_452' title='bbox 1132 362 1157 383; x_wconf 91' lang='lat' dir='ltr'>et</span> <span class='ocrx_word' id='word_1_453' title='bbox 1170 355 1250 385; x_wconf 86' lang='lat' dir='ltr'>occisi</span> <span class='ocrx_word' id='word_1_454' title='bbox 1264 363 1336 392; x_wconf 88' lang='lat' dir='ltr'>sunt,</span> <span class='ocrx_word' id='word_1_455' title='bbox 1351 363 1378 386; x_wconf 90' lang='lat' dir='ltr'>et</span> <span class='ocrx_word' id='word_1_456' title='bbox 1390 357 1501 395; x_wconf 85' lang='lat' dir='ltr'>quidam</span> <span class='ocrx_word' id='word_1_457' title='bbox 1514 358 1576 388; x_wconf 84' lang='lat' dir='ltr'>odio</span> <span class='ocrx_word' id='word_1_458' title='bbox 1589 359 1676 390; x_wconf 78' lang='lat' dir='ltr'>habiti</span> 
     </span>
     <span class='ocr_line' id='line_1_69' title="bbox 935 393 1674 432; baseline 0.011 -12"><span class='ocrx_word' id='word_1_459' title='bbox 935 399 996 421; x_wconf 90' lang='lat' dir='ltr'>sunt</span> <span class='ocrx_word' id='word_1_460' title='bbox 1005 393 1128 422; x_wconf 84' lang='lat' dir='ltr'>omnibus</span> <span class='ocrx_word' id='word_1_461' title='bbox 1137 395 1271 432; x_wconf 83' lang='lat' dir='ltr'>gentibus,</span> <span class='ocrx_word' id='word_1_462' title='bbox 1281 394 1310 424; x_wconf 87' lang='lat' dir='ltr'>id</span> <span class='ocrx_word' id='word_1_463' title='bbox 1322 402 1372 431; x_wconf 88' lang='lat' dir='ltr'>est,</span> <span class='ocrx_word' id='word_1_464' title='bbox 1383 397 1508 426; x_wconf 85' lang='lat' dir='ltr'>omnibus</span> <span class='ocrx_word' id='word_1_465' title='bbox 1518 397 1674 428; x_wconf 68' lang='lat' dir='ltr'>haeresibus.</span> 
     </span>
     <span class='ocr_line' id='line_1_70' title="bbox 936 431 1677 478; baseline 0.011 -18"><span class='ocrx_word' id='word_1_466' title='bbox 936 432 1004 460; x_wconf 90' lang='lat' dir='ltr'>Nam</span> <span class='ocrx_word' id='word_1_467' title='bbox 1017 431 1040 460; x_wconf 91' lang='lat' dir='ltr'>si</span> <span class='ocrx_word' id='word_1_468' title='bbox 1054 432 1114 467; x_wconf 86' lang='lat' dir='ltr'>hoc,</span> <span class='ocrx_word' id='word_1_469' title='bbox 1131 434 1200 463; x_wconf 88' lang='lat' dir='ltr'>sicut</span> <span class='ocrx_word' id='word_1_470' title='bbox 1218 433 1285 471; x_wconf 78' lang='lat' dir='ltr'>dixi,</span> <span class='ocrx_word' id='word_1_471' title='bbox 1300 444 1352 464; x_wconf 90' lang='lat' dir='ltr'>non</span> <span class='ocrx_word' id='word_1_472' title='bbox 1369 437 1492 465; x_wconf 87' lang='lat' dir='ltr'>convenit</span> <span class='ocrx_word' id='word_1_473' title='bbox 1504 436 1538 466; x_wconf 88' lang='lat' dir='ltr'>de</span> <span class='ocrx_word' id='word_1_474' title='bbox 1558 444 1677 478; x_wconf 85' lang='lat' dir='ltr'>tempore</span> 
     </span>
     <span class='ocr_line' id='line_1_71' title="bbox 935 471 1676 516; baseline 0.012 -17"><span class='ocrx_word' id='word_1_475' title='bbox 935 471 1127 510; x_wconf 85' lang='lat' dir='ltr'>apostolorum,</span> <span class='ocrx_word' id='word_1_476' title='bbox 1142 473 1249 511; x_wconf 88' lang='lat' dir='ltr'>quando</span> <span class='ocrx_word' id='word_1_477' title='bbox 1270 481 1344 503; x_wconf 87' lang='lat' dir='ltr'>erant</span> <span class='ocrx_word' id='word_1_478' title='bbox 1362 474 1452 504; x_wconf 90' lang='lat' dir='ltr'>adhuc</span> <span class='ocrx_word' id='word_1_479' title='bbox 1471 476 1562 506; x_wconf 82' lang='lat' dir='ltr'>multae</span> <span class='ocrx_word' id='word_1_480' title='bbox 1586 485 1676 516; x_wconf 80' lang='lat' dir='ltr'>gentes</span> 
     </span>
     <span class='ocr_line' id='line_1_72' title="bbox 935 513 1676 556; baseline 0.012 -18"><span class='ocrx_word' id='word_1_481' title='bbox 935 520 988 539; x_wconf 91' lang='lat' dir='ltr'>non</span> <span class='ocrx_word' id='word_1_482' title='bbox 1005 519 1192 550; x_wconf 82' lang='lat' dir='ltr'>cognoscentes</span> <span class='ocrx_word' id='word_1_483' title='bbox 1206 514 1294 541; x_wconf 88' lang='lat' dir='ltr'>Deum</span> <span class='ocrx_word' id='word_1_484' title='bbox 1303 535 1310 548; x_wconf 94' lang='lat'>,</span> <span class='ocrx_word' id='word_1_485' title='bbox 1325 513 1373 542; x_wconf 88' lang='lat' dir='ltr'>sed</span> <span class='ocrx_word' id='word_1_486' title='bbox 1390 514 1424 543; x_wconf 91' lang='lat' dir='ltr'>de</span> <span class='ocrx_word' id='word_1_487' title='bbox 1438 514 1488 544; x_wconf 91' lang='lat' dir='ltr'>isto</span> <span class='ocrx_word' id='word_1_488' title='bbox 1502 522 1621 556; x_wconf 88' lang='lat' dir='ltr'>tempore</span> <span class='ocrx_word' id='word_1_489' title='bbox 1634 517 1676 547; x_wconf 86' lang='lat' dir='ltr'>di-</span> 
     </span>
     <span class='ocr_line' id='line_1_73' title="bbox 936 549 1675 593; baseline 0.012 -16"><span class='ocrx_word' id='word_1_490' title='bbox 936 549 1006 578; x_wconf 90' lang='lat' dir='ltr'>citur</span> <span class='ocrx_word' id='word_1_491' title='bbox 1014 550 1120 588; x_wconf 81' lang='lat' dir='ltr'>quando</span> <span class='ocrx_word' id='word_1_492' title='bbox 1130 551 1242 581; x_wconf 80' lang='lat' dir='ltr'>haereses</span> <span class='ocrx_word' id='word_1_493' title='bbox 1254 552 1327 581; x_wconf 73' lang='lat' dir='ltr'>factae</span> <span class='ocrx_word' id='word_1_494' title='bbox 1339 560 1401 582; x_wconf 90' lang='lat' dir='ltr'>sunt</span> <span class='ocrx_word' id='word_1_495' title='bbox 1415 565 1421 582; x_wconf 74' lang='grc' dir='ltr'><strong><em>ε</em></strong></span> <span class='ocrx_word' id='word_1_496' title='bbox 1434 562 1623 593; x_wconf 82' lang='lat' dir='ltr'>consequenter</span> <span class='ocrx_word' id='word_1_497' title='bbox 1634 556 1675 586; x_wconf 84' lang='lat' dir='ltr'>hae</span> 
     </span>
     <span class='ocr_line' id='line_1_74' title="bbox 935 590 1675 632; baseline 0.011 -15"><span class='ocrx_word' id='word_1_498' title='bbox 935 595 1035 627; x_wconf 82' lang='lat' dir='ltr'>gentes,</span> <span class='ocrx_word' id='word_1_499' title='bbox 1049 590 1148 628; x_wconf 88' lang='lat' dir='ltr'>quibus</span> <span class='ocrx_word' id='word_1_500' title='bbox 1157 591 1220 619; x_wconf 91' lang='lat' dir='ltr'>odio</span> <span class='ocrx_word' id='word_1_501' title='bbox 1231 591 1292 620; x_wconf 80' lang='lat' dir='ltr'>facti</span> <span class='ocrx_word' id='word_1_502' title='bbox 1307 598 1369 620; x_wconf 89' lang='lat' dir='ltr'>sunt</span> <span class='ocrx_word' id='word_1_503' title='bbox 1383 600 1470 632; x_wconf 86' lang='lat' dir='ltr'>patres</span> <span class='ocrx_word' id='word_1_504' title='bbox 1483 595 1578 630; x_wconf 85' lang='lat' dir='ltr'>nostri,</span> <span class='ocrx_word' id='word_1_505' title='bbox 1591 595 1675 625; x_wconf 85' lang='lat' dir='ltr'>haere-</span> 
     </span>
     <span class='ocr_line' id='line_1_75' title="bbox 934 629 1676 675; baseline 0.011 -19"><span class='ocrx_word' id='word_1_506' title='bbox 934 638 976 657; x_wconf 88' lang='lat' dir='ltr'>ses</span> <span class='ocrx_word' id='word_1_507' title='bbox 983 635 1047 657; x_wconf 89' lang='lat' dir='ltr'>sunt</span> <span class='ocrx_word' id='word_1_508' title='bbox 1057 629 1238 669; x_wconf 61' lang='lat' dir='ltr'>intelligendae</span> <span class='ocrx_word' id='word_1_509' title='bbox 1253 642 1260 659; x_wconf 88' lang='lat'>:</span> <span class='ocrx_word' id='word_1_510' title='bbox 1271 630 1334 669; x_wconf 90' lang='lat' dir='ltr'>quia</span> <span class='ocrx_word' id='word_1_511' title='bbox 1344 631 1450 670; x_wconf 90' lang='lat' dir='ltr'>quando</span> <span class='ocrx_word' id='word_1_512' title='bbox 1461 633 1580 662; x_wconf 84' lang='lat' dir='ltr'>Ecclesia</span> <span class='ocrx_word' id='word_1_513' title='bbox 1594 635 1676 675; x_wconf 88' lang='lat' dir='ltr'>coepit</span> 
     </span>
     <span class='ocr_line' id='line_1_76' title="bbox 934 667 1673 712; baseline 0.009 -16"><span class='ocrx_word' id='word_1_514' title='bbox 934 667 1094 706; x_wconf 88' lang='lat' dir='ltr'>periclitari,</span> <span class='ocrx_word' id='word_1_515' title='bbox 1104 670 1192 698; x_wconf 84' lang='lat' dir='ltr'>nescio</span> <span class='ocrx_word' id='word_1_516' title='bbox 1205 669 1227 699; x_wconf 92' lang='lat' dir='ltr'>si</span> <span class='ocrx_word' id='word_1_517' title='bbox 1239 677 1296 698; x_wconf 88' lang='lat' dir='ltr'>erat</span> <span class='ocrx_word' id='word_1_518' title='bbox 1309 670 1337 699; x_wconf 90' lang='lat' dir='ltr'>in</span> <span class='ocrx_word' id='word_1_519' title='bbox 1358 671 1474 700; x_wconf 89' lang='lat' dir='ltr'>circuitu</span> <span class='ocrx_word' id='word_1_520' title='bbox 1492 671 1582 711; x_wconf 83' lang='lat' dir='ltr'>aliqua</span> <span class='ocrx_word' id='word_1_521' title='bbox 1599 684 1673 712; x_wconf 87' lang='lat' dir='ltr'>gens,</span> 
     </span>
     <span class='ocr_line' id='line_1_77' title="bbox 935 710 1676 750; baseline 0.009 -15"><span class='ocrx_word' id='word_1_522' title='bbox 935 717 994 745; x_wconf 85' lang='lat' dir='ltr'>quae</span> <span class='ocrx_word' id='word_1_523' title='bbox 1009 717 1062 736; x_wconf 90' lang='lat' dir='ltr'>non</span> <span class='ocrx_word' id='word_1_524' title='bbox 1080 715 1250 747; x_wconf 89' lang='lat' dir='ltr'>cognosceret</span> <span class='ocrx_word' id='word_1_525' title='bbox 1262 711 1361 746; x_wconf 91' lang='lat' dir='ltr'>Deum,</span> <span class='ocrx_word' id='word_1_526' title='bbox 1373 711 1418 739; x_wconf 91' lang='lat' dir='ltr'>cui</span> <span class='ocrx_word' id='word_1_527' title='bbox 1437 710 1500 739; x_wconf 90' lang='lat' dir='ltr'>odio</span> <span class='ocrx_word' id='word_1_528' title='bbox 1520 719 1597 741; x_wconf 88' lang='lat' dir='ltr'>esset.</span> <span class='ocrx_word' id='word_1_529' title='bbox 1615 715 1676 750; x_wconf 86' lang='lat' dir='ltr'>Qua</span> 
     </span>
     <span class='ocr_line' id='line_1_78' title="bbox 934 747 1673 789; baseline 0.009 -14"><span class='ocrx_word' id='word_1_530' title='bbox 934 753 1023 775; x_wconf 87' lang='lat' dir='ltr'>autem</span> <span class='ocrx_word' id='word_1_531' title='bbox 1033 747 1134 776; x_wconf 88' lang='lat' dir='ltr'>ratione</span> <span class='ocrx_word' id='word_1_532' title='bbox 1147 755 1236 787; x_wconf 87' lang='lat' dir='ltr'>gentes</span> <span class='ocrx_word' id='word_1_533' title='bbox 1244 748 1356 778; x_wconf 85' lang='lat' dir='ltr'>haereses</span> <span class='ocrx_word' id='word_1_534' title='bbox 1366 750 1546 789; x_wconf 86' lang='lat' dir='ltr'>appellentur,</span> <span class='ocrx_word' id='word_1_535' title='bbox 1557 753 1673 782; x_wconf 86' lang='lat' dir='ltr'>attende.</span> 
     </span>
     <span class='ocr_line' id='line_1_79' title="bbox 934 785 1676 826; baseline 0.009 -12"><span class='ocrx_word' id='word_1_536' title='bbox 934 785 979 815; x_wconf 87' lang='lat' dir='ltr'>sic</span> <span class='ocrx_word' id='word_1_537' title='bbox 1005 786 1076 816; x_wconf 85' lang='lat' dir='ltr'>enim</span> <span class='ocrx_word' id='word_1_538' title='bbox 1100 787 1254 826; x_wconf 86' lang='lat' dir='ltr'>aliquando,</span> <span class='ocrx_word' id='word_1_539' title='bbox 1277 787 1410 818; x_wconf 87' lang='lat' dir='ltr'>destructa</span> <span class='ocrx_word' id='word_1_540' title='bbox 1436 796 1520 826; x_wconf 86' lang='lat' dir='ltr'>turre,</span> <span class='ocrx_word' id='word_1_541' title='bbox 1544 790 1595 820; x_wconf 85' lang='lat' dir='ltr'>filii</span> <span class='ocrx_word' id='word_1_542' title='bbox 1619 793 1676 822; x_wconf 69' lang='lat' dir='ltr'>Noe</span> 
     </span>
     <span class='ocr_line' id='line_1_80' title="bbox 933 824 1676 893; baseline 0.008 -39"><span class='ocrx_word' id='word_1_543' title='bbox 933 824 1047 893; x_wconf 77' lang='lat' dir='ltr'>dislpersi</span> <span class='ocrx_word' id='word_1_544' title='bbox 1060 834 1133 863; x_wconf 88' lang='lat' dir='ltr'>sunt,</span> <span class='ocrx_word' id='word_1_545' title='bbox 1149 834 1174 856; x_wconf 89' lang='lat' dir='ltr'>et</span> <span class='ocrx_word' id='word_1_546' title='bbox 1188 828 1215 856; x_wconf 91' lang='lat' dir='ltr'>in</span> <span class='ocrx_word' id='word_1_547' title='bbox 1229 834 1272 867; x_wconf 49' lang='lat' dir='ltr'>tog</span> <span class='ocrx_word' id='word_1_548' title='bbox 1280 834 1367 868; x_wconf 84' lang='lat' dir='ltr'>partes</span> <span class='ocrx_word' id='word_1_549' title='bbox 1380 828 1473 866; x_wconf 84' lang='lat' dir='ltr'>divisi,</span> <span class='ocrx_word' id='word_1_550' title='bbox 1487 836 1514 858; x_wconf 91' lang='lat' dir='ltr'>et</span> <span class='ocrx_word' id='word_1_551' title='bbox 1526 840 1606 869; x_wconf 91' lang='lat' dir='ltr'>super</span> <span class='ocrx_word' id='word_1_552' title='bbox 1620 831 1676 861; x_wconf 89' lang='lat' dir='ltr'>siu-</span> 
     </span>
     <span class='ocr_line' id='line_1_81' title="bbox 934 868 1673 907; baseline 0.009 -14"><span class='ocrx_word' id='word_1_553' title='bbox 934 875 968 904; x_wconf 89' lang='lat' dir='ltr'>gu</span> <span class='ocrx_word' id='word_1_554' title='bbox 982 876 1011 894; x_wconf 89' lang='lat' dir='ltr'>as</span> <span class='ocrx_word' id='word_1_555' title='bbox 1024 876 1143 905; x_wconf 91' lang='lat' dir='ltr'>quasque</span> <span class='ocrx_word' id='word_1_556' title='bbox 1157 874 1246 906; x_wconf 80' lang='lat' dir='ltr'>gentes</span> <span class='ocrx_word' id='word_1_557' title='bbox 1260 868 1395 907; x_wconf 85' lang='lat' dir='ltr'>praepositi</span> <span class='ocrx_word' id='word_1_558' title='bbox 1409 875 1470 898; x_wconf 89' lang='lat' dir='ltr'>sunt</span> <span class='ocrx_word' id='word_1_559' title='bbox 1507 869 1573 898; x_wconf 84' lang='lat' dir='ltr'>rinei</span> <span class='ocrx_word' id='word_1_560' title='bbox 1594 881 1622 899; x_wconf 92' lang='lat' dir='ltr'>es</span> <span class='ocrx_word' id='word_1_561' title='bbox 1631 881 1673 900; x_wconf 90' lang='lat' dir='ltr'>se-</span> 
     </span>
     <span class='ocr_line' id='line_1_82' title="bbox 933 904 1671 949; baseline 0.008 -16"><span class='ocrx_word' id='word_1_562' title='bbox 933 904 1053 934; x_wconf 86' lang='lat' dir='ltr'>cuudum</span> <span class='ocrx_word' id='word_1_563' title='bbox 1078 907 1245 946; x_wconf 88' lang='lat' dir='ltr'>propositum</span> <span class='ocrx_word' id='word_1_564' title='bbox 1267 907 1405 946; x_wconf 89' lang='lat' dir='ltr'>ipsorum,</span> <span class='ocrx_word' id='word_1_565' title='bbox 1423 908 1511 948; x_wconf 88' lang='lat' dir='ltr'>augei</span> <span class='ocrx_word' id='word_1_566' title='bbox 1529 919 1572 938; x_wconf 89' lang='lat' dir='ltr'>ma</span> <span class='ocrx_word' id='word_1_567' title='bbox 1586 910 1639 949; x_wconf 86' lang='lat' dir='ltr'>igni</span> <span class='ocrx_word' id='word_1_568' title='bbox 1663 923 1671 940; x_wconf 76' lang='lat' dir='ltr'><em>z</em></span> 
     </span>
     <span class='ocr_line' id='line_1_83' title="bbox 933 944 1671 991; baseline 0.009 -19"><span class='ocrx_word' id='word_1_569' title='bbox 933 944 989 973; x_wconf 85' lang='lat' dir='ltr'>sola</span> <span class='ocrx_word' id='word_1_570' title='bbox 1003 951 1091 975; x_wconf 85' lang='lat' dir='ltr'>autem</span> <span class='ocrx_word' id='word_1_571' title='bbox 1104 956 1167 985; x_wconf 80' lang='lat' dir='ltr'>gens</span> <span class='ocrx_word' id='word_1_572' title='bbox 1184 946 1277 977; x_wconf 73' lang='lat' dir='ltr'>Judaea</span> <span class='ocrx_word' id='word_1_573' title='bbox 1294 946 1322 975; x_wconf 91' lang='lat' dir='ltr'>in</span> <span class='ocrx_word' id='word_1_574' title='bbox 1336 947 1457 991; x_wconf 90' lang='lat' dir='ltr'>portione</span> <span class='ocrx_word' id='word_1_575' title='bbox 1472 949 1540 977; x_wconf 77' lang='lat' dir='ltr'>facta</span> <span class='ocrx_word' id='word_1_576' title='bbox 1555 956 1593 978; x_wconf 90' lang='lat' dir='ltr'>est</span> <span class='ocrx_word' id='word_1_577' title='bbox 1609 950 1671 987; x_wconf 89' lang='lat' dir='ltr'>Dei,</span> 
     </span>
    </p>
   </div>
   <div class='ocr_carea' id='block_1_8' title="bbox 933 983 1821 1027">
    <p class='ocr_par' dir='ltr' id='par_1_8' title="bbox 933 983 1821 1027">
     <span class='ocr_line' id='line_1_84' title="bbox 933 983 1821 1027; baseline 0.009 -15"><span class='ocrx_word' id='word_1_578' title='bbox 933 983 1003 1013; x_wconf 85' lang='lat' dir='ltr'>sicut</span> <span class='ocrx_word' id='word_1_579' title='bbox 1016 984 1044 1013; x_wconf 90' lang='lat' dir='ltr'>in</span> <span class='ocrx_word' id='word_1_580' title='bbox 1059 985 1258 1015; x_wconf 87' lang='lat' dir='ltr'>Deuteronomii</span> <span class='ocrx_word' id='word_1_581' title='bbox 1273 993 1375 1015; x_wconf 81' lang='lat' dir='ltr'>cantico</span> <span class='ocrx_word' id='word_1_582' title='bbox 1388 987 1517 1027; x_wconf 89' lang='lat' dir='ltr'>scriptum</span> <span class='ocrx_word' id='word_1_583' title='bbox 1531 995 1570 1017; x_wconf 90' lang='lat' dir='ltr'>est</span> <span class='ocrx_word' id='word_1_584' title='bbox 1581 1000 1588 1017; x_wconf 73' lang='grc' dir='ltr'><strong><em>ε</em></strong></span> <span class='ocrx_word' id='word_1_585' title='bbox 1601 989 1673 1018; x_wconf 87' lang='lat' dir='ltr'>Cum</span> <span class='ocrx_word' id='word_1_586' title='bbox 1683 1000 1821 1025; x_wconf 71' lang='lat' dir='ltr'>Deae.32.8.</span> 
     </span>
    </p>
   </div>
   <div class='ocr_carea' id='block_1_9' title="bbox 933 1023 1705 1264">
    <p class='ocr_par' dir='ltr' id='par_1_9' title="bbox 933 1023 1705 1264">
     <span class='ocr_line' id='line_1_85' title="bbox 934 1023 1705 1067; baseline 0.008 -15"><span class='ocrx_word' id='word_1_587' title='bbox 934 1023 1086 1059; x_wconf 79' lang='lat' dir='ltr'>divideret,</span> <span class='ocrx_word' id='word_1_588' title='bbox 1101 1024 1198 1063; x_wconf 90' lang='lat' dir='ltr'>inquit,</span> <span class='ocrx_word' id='word_1_589' title='bbox 1208 1025 1353 1055; x_wconf 76' lang='lat' dir='ltr'>Excelsus</span> <span class='ocrx_word' id='word_1_590' title='bbox 1361 1033 1470 1064; x_wconf 77' lang='lat' dir='ltr'>gentes,</span> <span class='ocrx_word' id='word_1_591' title='bbox 1480 1029 1598 1067; x_wconf 80' lang='lat' dir='ltr'>quando</span> <span class='ocrx_word' id='word_1_592' title='bbox 1615 1029 1672 1058; x_wconf 87' lang='lat' dir='ltr'>dis·</span> <span class='ocrx_word' id='word_1_593' title='bbox 1681 1040 1705 1063; x_wconf 85' lang='grc'>9-</span> 
     </span>
     <span class='ocr_line' id='line_1_86' title="bbox 933 1063 1672 1106; baseline 0.008 -14"><span class='ocrx_word' id='word_1_594' title='bbox 933 1065 1022 1101; x_wconf 80' lang='lat' dir='ltr'>persit</span> <span class='ocrx_word' id='word_1_595' title='bbox 1031 1063 1111 1102; x_wconf 82' lang='lat' dir='ltr'>filios</span> <span class='ocrx_word' id='word_1_596' title='bbox 1130 1065 1232 1094; x_wconf 87' lang='lat' dir='ltr'>Adam</span> <span class='ocrx_word' id='word_1_597' title='bbox 1244 1077 1255 1094; x_wconf 84' lang='lat'>.·</span> <span class='ocrx_word' id='word_1_598' title='bbox 1276 1067 1379 1094; x_wconf 81' lang='lat' dir='ltr'>statuit</span> <span class='ocrx_word' id='word_1_599' title='bbox 1384 1067 1466 1106; x_wconf 81' lang='lat' dir='ltr'>fines</span> <span class='ocrx_word' id='word_1_600' title='bbox 1479 1070 1609 1106; x_wconf 84' lang='lat' dir='ltr'>gentium</span> <span class='ocrx_word' id='word_1_601' title='bbox 1627 1078 1672 1098; x_wconf 86' lang='lat' dir='ltr'>se-</span> 
     </span>
     <span class='ocr_line' id='line_1_87' title="bbox 935 1104 1673 1147; baseline 0.008 -16"><span class='ocrx_word' id='word_1_602' title='bbox 935 1104 1063 1132; x_wconf 83' lang='lat' dir='ltr'>cundum</span> <span class='ocrx_word' id='word_1_603' title='bbox 1087 1114 1238 1133; x_wconf 82' lang='lat' dir='ltr'>numerum</span> <span class='ocrx_word' id='word_1_604' title='bbox 1259 1106 1432 1144; x_wconf 78' lang='lat' dir='ltr'>angelornm</span> <span class='ocrx_word' id='word_1_605' title='bbox 1452 1107 1519 1141; x_wconf 78' lang='lat' dir='ltr'>Dei,</span> <span class='ocrx_word' id='word_1_606' title='bbox 1535 1114 1562 1136; x_wconf 85' lang='lat' dir='ltr'>et</span> <span class='ocrx_word' id='word_1_607' title='bbox 1587 1108 1673 1147; x_wconf 81' lang='lat' dir='ltr'>facta</span> 
     </span>
     <span class='ocr_line' id='line_1_88' title="bbox 934 1143 1673 1184; baseline 0.008 -14"><span class='ocrx_word' id='word_1_608' title='bbox 934 1148 976 1171; x_wconf 86' lang='lat' dir='ltr'>est</span> <span class='ocrx_word' id='word_1_609' title='bbox 985 1144 1080 1181; x_wconf 84' lang='lat' dir='ltr'>portio</span> <span class='ocrx_word' id='word_1_610' title='bbox 1095 1144 1217 1173; x_wconf 87' lang='lat' dir='ltr'>Domini</span> <span class='ocrx_word' id='word_1_611' title='bbox 1228 1145 1351 1184; x_wconf 85' lang='lat' dir='ltr'>populus</span> <span class='ocrx_word' id='word_1_612' title='bbox 1365 1147 1454 1184; x_wconf 84' lang='lat' dir='ltr'>ipsius</span> <span class='ocrx_word' id='word_1_613' title='bbox 1465 1147 1570 1176; x_wconf 80' lang='lat' dir='ltr'>Jacob.</span> <span class='ocrx_word' id='word_1_614' title='bbox 1580 1143 1673 1176; x_wconf 80' lang='lat' dir='ltr'>&#39;Num-</span> 
     </span>
     <span class='ocr_line' id='line_1_89' title="bbox 934 1182 1674 1223; baseline 0.009 -13"><span class='ocrx_word' id='word_1_615' title='bbox 934 1191 1015 1220; x_wconf 89' lang='lat' dir='ltr'>quam</span> <span class='ocrx_word' id='word_1_616' title='bbox 1026 1182 1097 1212; x_wconf 87' lang='lat' dir='ltr'>enim</span> <span class='ocrx_word' id='word_1_617' title='bbox 1109 1182 1219 1219; x_wconf 89' lang='lat' dir='ltr'>diceret,</span> <span class='ocrx_word' id='word_1_618' title='bbox 1235 1184 1296 1222; x_wconf 87' lang='lat' dir='ltr'>quia</span> <span class='ocrx_word' id='word_1_619' title='bbox 1312 1194 1375 1223; x_wconf 85' lang='lat' dir='ltr'>gens</span> <span class='ocrx_word' id='word_1_620' title='bbox 1386 1184 1542 1214; x_wconf 78' lang='lat' dir='ltr'>Judaeorum</span> <span class='ocrx_word' id='word_1_621' title='bbox 1556 1187 1624 1216; x_wconf 83' lang='lat' dir='ltr'>facta</span> <span class='ocrx_word' id='word_1_622' title='bbox 1634 1194 1674 1217; x_wconf 87' lang='lat' dir='ltr'>est</span> 
     </span>
     <span class='ocr_line' id='line_1_90' title="bbox 934 1221 1674 1264; baseline 0.008 -14"><span class='ocrx_word' id='word_1_623' title='bbox 934 1221 1023 1260; x_wconf 89' lang='lat' dir='ltr'>portio</span> <span class='ocrx_word' id='word_1_624' title='bbox 1035 1222 1153 1258; x_wconf 90' lang='lat' dir='ltr'>Domini,</span> <span class='ocrx_word' id='word_1_625' title='bbox 1167 1223 1218 1253; x_wconf 89' lang='lat' dir='ltr'>nisi</span> <span class='ocrx_word' id='word_1_626' title='bbox 1231 1233 1321 1253; x_wconf 83' lang='lat' dir='ltr'>omnes</span> <span class='ocrx_word' id='word_1_627' title='bbox 1333 1231 1421 1263; x_wconf 82' lang='lat' dir='ltr'>gentes</span> <span class='ocrx_word' id='word_1_628' title='bbox 1433 1231 1508 1254; x_wconf 81' lang='lat' dir='ltr'>extra</span> <span class='ocrx_word' id='word_1_629' title='bbox 1524 1226 1674 1264; x_wconf 87' lang='lat' dir='ltr'>portionem</span> 
     </span>
    </p>
   </div>
   <div class='ocr_carea' id='block_1_10' title="bbox 916 1261 1673 1301">
    <p class='ocr_par' dir='ltr' id='par_1_10' title="bbox 916 1261 1673 1301">
     <span class='ocr_line' id='line_1_91' title="bbox 916 1261 1673 1301; baseline 0.005 -10"><span class='ocrx_word' id='word_1_630' title='bbox 916 1288 921 1291; x_wconf 27' lang='lat' dir='ltr'>e</span> <span class='ocrx_word' id='word_1_631' title='bbox 934 1261 1007 1290; x_wconf 81' lang='lat' dir='ltr'>factae</span> <span class='ocrx_word' id='word_1_632' title='bbox 1020 1261 1142 1291; x_wconf 76' lang='lat' dir='ltr'>fuissent.</span> <span class='ocrx_word' id='word_1_633' title='bbox 1158 1264 1301 1301; x_wconf 80' lang='lat' dir='ltr'>Postquam</span> <span class='ocrx_word' id='word_1_634' title='bbox 1318 1274 1381 1301; x_wconf 86' lang='lat' dir='ltr'>ergo</span> <span class='ocrx_word' id='word_1_635' title='bbox 1393 1264 1467 1293; x_wconf 79' lang='lat' dir='ltr'>venit</span> <span class='ocrx_word' id='word_1_636' title='bbox 1484 1265 1570 1294; x_wconf 91' lang='lat' dir='ltr'>Filius</span> <span class='ocrx_word' id='word_1_637' title='bbox 1583 1266 1632 1295; x_wconf 80' lang='lat' dir='ltr'>Dei</span> <span class='ocrx_word' id='word_1_638' title='bbox 1645 1266 1673 1295; x_wconf 89' lang='lat' dir='ltr'>in</span> 
     </span>
    </p>
   </div>
   <div class='ocr_carea' id='block_1_11' title="bbox 927 1300 1719 2247">
    <p class='ocr_par' dir='ltr' id='par_1_11' title="bbox 927 1300 1719 2247">
     <span class='ocr_line' id='line_1_92' title="bbox 934 1300 1674 1344; baseline 0.007 -15"><span class='ocrx_word' id='word_1_639' title='bbox 934 1300 1077 1338; x_wconf 85' lang='lat' dir='ltr'>mundum,</span> <span class='ocrx_word' id='word_1_640' title='bbox 1093 1301 1167 1340; x_wconf 86' lang='lat' dir='ltr'>quod</span> <span class='ocrx_word' id='word_1_641' title='bbox 1186 1303 1262 1332; x_wconf 88' lang='lat' dir='ltr'>nulla</span> <span class='ocrx_word' id='word_1_642' title='bbox 1280 1303 1376 1332; x_wconf 82' lang='lat' dir='ltr'>saecula</span> <span class='ocrx_word' id='word_1_643' title='bbox 1390 1313 1438 1332; x_wconf 87' lang='lat' dir='ltr'>nec</span> <span class='ocrx_word' id='word_1_644' title='bbox 1456 1314 1563 1343; x_wconf 85' lang='lat' dir='ltr'>sperare</span> <span class='ocrx_word' id='word_1_645' title='bbox 1582 1312 1674 1344; x_wconf 89' lang='lat' dir='ltr'>potue-</span> 
     </span>
     <span class='ocr_line' id='line_1_93' title="bbox 933 1342 1672 1383; baseline 0.008 -15"><span class='ocrx_word' id='word_1_646' title='bbox 933 1347 1012 1377; x_wconf 88' lang='lat' dir='ltr'>runt,</span> <span class='ocrx_word' id='word_1_647' title='bbox 1027 1351 1075 1370; x_wconf 90' lang='lat' dir='ltr'>nec</span> <span class='ocrx_word' id='word_1_648' title='bbox 1100 1342 1245 1381; x_wconf 88' lang='lat' dir='ltr'>promereri</span> <span class='ocrx_word' id='word_1_649' title='bbox 1260 1353 1267 1370; x_wconf 73' lang='grc' dir='ltr'><em>ι</em></span> <span class='ocrx_word' id='word_1_650' title='bbox 1285 1352 1318 1371; x_wconf 91' lang='lat' dir='ltr'>ne</span> <span class='ocrx_word' id='word_1_651' title='bbox 1331 1342 1379 1371; x_wconf 85' lang='lat' dir='ltr'>tali</span> <span class='ocrx_word' id='word_1_652' title='bbox 1401 1343 1585 1373; x_wconf 84' lang='lat' dir='ltr'>misericordia</span> <span class='ocrx_word' id='word_1_653' title='bbox 1609 1355 1672 1383; x_wconf 87' lang='lat' dir='ltr'>gens</span> 
     </span>
     <span class='ocr_line' id='line_1_94' title="bbox 933 1379 1672 1422; baseline 0.007 -14"><span class='ocrx_word' id='word_1_654' title='bbox 933 1379 1023 1418; x_wconf 87' lang='lat' dir='ltr'>aliqua</span> <span class='ocrx_word' id='word_1_655' title='bbox 1040 1380 1219 1418; x_wconf 84' lang='lat' dir='ltr'>fraudaretur,</span> <span class='ocrx_word' id='word_1_656' title='bbox 1234 1388 1332 1412; x_wconf 76' lang='lat' dir='ltr'>vocatae</span> <span class='ocrx_word' id='word_1_657' title='bbox 1352 1388 1413 1411; x_wconf 88' lang='lat' dir='ltr'>sunt</span> <span class='ocrx_word' id='word_1_658' title='bbox 1427 1393 1517 1412; x_wconf 90' lang='lat' dir='ltr'>omnes</span> <span class='ocrx_word' id='word_1_659' title='bbox 1535 1390 1624 1422; x_wconf 86' lang='lat' dir='ltr'>gentes</span> <span class='ocrx_word' id='word_1_660' title='bbox 1637 1383 1672 1413; x_wconf 90' lang='lat' dir='ltr'>ad</span> 
     </span>
     <span class='ocr_line' id='line_1_95' title="bbox 933 1418 1669 1457; baseline 0.005 -9"><span class='ocrx_word' id='word_1_661' title='bbox 933 1418 1024 1457; x_wconf 85' lang='lat' dir='ltr'>fidem,</span> <span class='ocrx_word' id='word_1_662' title='bbox 1039 1420 1118 1449; x_wconf 80' lang='lat' dir='ltr'>mixti</span> <span class='ocrx_word' id='word_1_663' title='bbox 1139 1420 1202 1450; x_wconf 87' lang='lat' dir='ltr'>boni</span> <span class='ocrx_word' id='word_1_664' title='bbox 1226 1428 1252 1450; x_wconf 88' lang='lat' dir='ltr'>et</span> <span class='ocrx_word' id='word_1_665' title='bbox 1274 1421 1337 1450; x_wconf 90' lang='lat' dir='ltr'>mali</span> <span class='ocrx_word' id='word_1_666' title='bbox 1351 1433 1357 1449; x_wconf 91' lang='lat'>:</span> <span class='ocrx_word' id='word_1_667' title='bbox 1370 1421 1445 1457; x_wconf 90' lang='lat' dir='ltr'>boni,</span> <span class='ocrx_word' id='word_1_668' title='bbox 1462 1429 1491 1451; x_wconf 90' lang='lat' dir='ltr'>ut</span> <span class='ocrx_word' id='word_1_669' title='bbox 1512 1423 1669 1452; x_wconf 84' lang='lat' dir='ltr'>salventur:</span> 
     </span>
     <span class='ocr_line' id='line_1_96' title="bbox 932 1459 1670 1506; baseline 0.005 -19"><span class='ocrx_word' id='word_1_670' title='bbox 932 1459 1007 1494; x_wconf 86' lang='lat' dir='ltr'>mali,</span> <span class='ocrx_word' id='word_1_671' title='bbox 1019 1466 1048 1488; x_wconf 90' lang='lat' dir='ltr'>ut</span> <span class='ocrx_word' id='word_1_672' title='bbox 1063 1459 1258 1489; x_wconf 81' lang='lat' dir='ltr'>inexcusabiles</span> <span class='ocrx_word' id='word_1_673' title='bbox 1269 1460 1342 1490; x_wconf 87' lang='lat' dir='ltr'>fiant.</span> <span class='ocrx_word' id='word_1_674' title='bbox 1354 1461 1470 1497; x_wconf 88' lang='lat' dir='ltr'>Quando</span> <span class='ocrx_word' id='word_1_675' title='bbox 1480 1472 1542 1506; x_wconf 83' lang='lat' dir='ltr'>ergo</span> <span class='ocrx_word' id='word_1_676' title='bbox 1554 1462 1670 1492; x_wconf 86' lang='lat' dir='ltr'>Ecclesia</span> 
     </span>
     <span class='ocr_line' id='line_1_97' title="bbox 931 1498 1668 1539; baseline 0.005 -13"><span class='ocrx_word' id='word_1_677' title='bbox 931 1508 966 1526; x_wconf 85' lang='lat' dir='ltr'>ex</span> <span class='ocrx_word' id='word_1_678' title='bbox 980 1498 1072 1528; x_wconf 87' lang='lat' dir='ltr'>mixtis</span> <span class='ocrx_word' id='word_1_679' title='bbox 1086 1499 1270 1528; x_wconf 88' lang='lat' dir='ltr'>voluntatibus</span> <span class='ocrx_word' id='word_1_680' title='bbox 1289 1506 1345 1528; x_wconf 88' lang='lat' dir='ltr'>erat</span> <span class='ocrx_word' id='word_1_681' title='bbox 1367 1500 1467 1539; x_wconf 81' lang='lat' dir='ltr'>repleta</span> <span class='ocrx_word' id='word_1_682' title='bbox 1477 1523 1485 1537; x_wconf 91' lang='lat'>,</span> <span class='ocrx_word' id='word_1_683' title='bbox 1501 1508 1570 1530; x_wconf 81' lang='lat' dir='ltr'>sicut</span> <span class='ocrx_word' id='word_1_684' title='bbox 1585 1501 1650 1530; x_wconf 89' lang='lat' dir='ltr'>retia</span> <span class='ocrx_word' id='word_1_685' title='bbox 1660 1524 1668 1539; x_wconf 88' lang='lat'>,</span> 
     </span>
     <span class='ocr_line' id='line_1_98' title="bbox 931 1537 1527 1577; baseline 0.007 -12"><span class='ocrx_word' id='word_1_686' title='bbox 931 1547 990 1575; x_wconf 87' lang='lat' dir='ltr'>quae</span> <span class='ocrx_word' id='word_1_687' title='bbox 1014 1537 1142 1566; x_wconf 89' lang='lat' dir='ltr'>dicuntur</span> <span class='ocrx_word' id='word_1_688' title='bbox 1162 1538 1189 1566; x_wconf 90' lang='lat' dir='ltr'>in</span> <span class='ocrx_word' id='word_1_689' title='bbox 1209 1538 1346 1577; x_wconf 88' lang='lat' dir='ltr'>evangelio</span> <span class='ocrx_word' id='word_1_690' title='bbox 1371 1539 1471 1577; x_wconf 90' lang='lat' dir='ltr'>repleta</span> <span class='ocrx_word' id='word_1_691' title='bbox 1494 1540 1527 1569; x_wconf 93' lang='lat' dir='ltr'>de</span> 
     </span>
     <span class='ocr_line' id='line_1_99' title="bbox 930 1551 1670 1617; baseline 0.007 -13"><span class='ocrx_word' id='word_1_692' title='bbox 930 1576 1023 1606; x_wconf 87' lang='lat' dir='ltr'>mixtis</span> <span class='ocrx_word' id='word_1_693' title='bbox 1039 1588 1046 1605; x_wconf 74' lang='grc' dir='ltr'><em>τ</em></span> <span class='ocrx_word' id='word_1_694' title='bbox 1063 1587 1167 1606; x_wconf 89' lang='lat' dir='ltr'>necesse</span> <span class='ocrx_word' id='word_1_695' title='bbox 1183 1584 1254 1613; x_wconf 88' lang='lat' dir='ltr'>erat,</span> <span class='ocrx_word' id='word_1_696' title='bbox 1268 1584 1297 1606; x_wconf 92' lang='lat' dir='ltr'>ut</span> <span class='ocrx_word' id='word_1_697' title='bbox 1316 1585 1476 1617; x_wconf 84' lang='lat' dir='ltr'>purgaretur</span> <span class='ocrx_word' id='word_1_698' title='bbox 1495 1551 1624 1615; x_wconf 60' lang='lat' dir='ltr'>Eccfesia,</span> <span class='ocrx_word' id='word_1_699' title='bbox 1640 1587 1670 1609; x_wconf 94' lang='lat' dir='ltr'>ut</span> 
     </span>
     <span class='ocr_line' id='line_1_100' title="bbox 929 1615 1670 1656; baseline 0.007 -13"><span class='ocrx_word' id='word_1_700' title='bbox 929 1615 993 1644; x_wconf 91' lang='lat' dir='ltr'>boni</span> <span class='ocrx_word' id='word_1_701' title='bbox 1007 1615 1115 1654; x_wconf 89' lang='lat' dir='ltr'>quidem</span> <span class='ocrx_word' id='word_1_702' title='bbox 1128 1616 1212 1656; x_wconf 88' lang='lat' dir='ltr'>pisces</span> <span class='ocrx_word' id='word_1_703' title='bbox 1226 1617 1394 1646; x_wconf 88' lang='lat' dir='ltr'>mitterentur</span> <span class='ocrx_word' id='word_1_704' title='bbox 1405 1617 1432 1646; x_wconf 87' lang='lat' dir='ltr'>in</span> <span class='ocrx_word' id='word_1_705' title='bbox 1447 1618 1528 1655; x_wconf 77' lang='lat' dir='ltr'>vasis,</span> <span class='ocrx_word' id='word_1_706' title='bbox 1545 1619 1609 1648; x_wconf 85' lang='lat' dir='ltr'>mali</span> <span class='ocrx_word' id='word_1_707' title='bbox 1623 1630 1670 1648; x_wconf 91' lang='lat' dir='ltr'>au-</span> 
     </span>
     <span class='ocr_line' id='line_1_101' title="bbox 930 1655 1669 1695; baseline 0.007 -12"><span class='ocrx_word' id='word_1_708' title='bbox 930 1660 983 1683; x_wconf 89' lang='lat' dir='ltr'>tem</span> <span class='ocrx_word' id='word_1_709' title='bbox 993 1656 1184 1695; x_wconf 83' lang='lat' dir='ltr'>projicerentur</span> <span class='ocrx_word' id='word_1_710' title='bbox 1197 1656 1276 1684; x_wconf 86' lang='lat' dir='ltr'>foras.</span> <span class='ocrx_word' id='word_1_711' title='bbox 1295 1655 1360 1685; x_wconf 78' lang='lat' dir='ltr'>Ideo</span> <span class='ocrx_word' id='word_1_712' title='bbox 1374 1666 1493 1686; x_wconf 87' lang='lat' dir='ltr'>concessa</span> <span class='ocrx_word' id='word_1_713' title='bbox 1510 1665 1548 1687; x_wconf 85' lang='lat' dir='ltr'>est</span> <span class='ocrx_word' id='word_1_714' title='bbox 1561 1657 1669 1688; x_wconf 88' lang='lat' dir='ltr'>diabolo</span> 
     </span>
     <span class='ocr_line' id='line_1_102' title="bbox 929 1695 1670 1738; baseline 0.007 -16"><span class='ocrx_word' id='word_1_715' title='bbox 929 1695 1027 1724; x_wconf 88' lang='lat' dir='ltr'>erroris</span> <span class='ocrx_word' id='word_1_716' title='bbox 1040 1695 1189 1724; x_wconf 87' lang='lat' dir='ltr'>seminandi</span> <span class='ocrx_word' id='word_1_717' title='bbox 1202 1695 1319 1731; x_wconf 88' lang='lat' dir='ltr'>licentia,</span> <span class='ocrx_word' id='word_1_718' title='bbox 1333 1702 1358 1725; x_wconf 89' lang='lat' dir='ltr'>et</span> <span class='ocrx_word' id='word_1_719' title='bbox 1369 1696 1406 1725; x_wconf 90' lang='lat' dir='ltr'>sic</span> <span class='ocrx_word' id='word_1_720' title='bbox 1414 1696 1541 1736; x_wconf 82' lang='lat' dir='ltr'>dispersae</span> <span class='ocrx_word' id='word_1_721' title='bbox 1553 1705 1614 1726; x_wconf 90' lang='lat' dir='ltr'>sunt</span> <span class='ocrx_word' id='word_1_722' title='bbox 1622 1708 1670 1738; x_wconf 87' lang='lat' dir='ltr'>per</span> 
     </span>
     <span class='ocr_line' id='line_1_103' title="bbox 929 1733 1670 1777; baseline 0.005 -15"><span class='ocrx_word' id='word_1_723' title='bbox 929 1733 1059 1772; x_wconf 85' lang='lat' dir='ltr'>plurimas</span> <span class='ocrx_word' id='word_1_724' title='bbox 1073 1734 1194 1771; x_wconf 65' lang='lat' dir='ltr'>haereses,</span> <span class='ocrx_word' id='word_1_725' title='bbox 1210 1735 1392 1774; x_wconf 88' lang='lat' dir='ltr'>uuusquisque</span> <span class='ocrx_word' id='word_1_726' title='bbox 1405 1736 1551 1765; x_wconf 89' lang='lat' dir='ltr'>secundum</span> <span class='ocrx_word' id='word_1_727' title='bbox 1571 1748 1670 1777; x_wconf 87' lang='lat' dir='ltr'>propo-</span> 
     </span>
     <span class='ocr_line' id='line_1_104' title="bbox 929 1773 1669 1805; baseline 0.004 -3"><span class='ocrx_word' id='word_1_728' title='bbox 929 1773 1010 1802; x_wconf 82' lang='lat' dir='ltr'>situm</span> <span class='ocrx_word' id='word_1_729' title='bbox 1034 1784 1122 1804; x_wconf 82' lang='lat' dir='ltr'>suum.</span> <span class='ocrx_word' id='word_1_730' title='bbox 1139 1774 1265 1805; x_wconf 87' lang='lat' dir='ltr'>remansit</span> <span class='ocrx_word' id='word_1_731' title='bbox 1285 1781 1372 1804; x_wconf 89' lang='lat' dir='ltr'>autem</span> <span class='ocrx_word' id='word_1_732' title='bbox 1393 1773 1445 1804; x_wconf 78' lang='lat' dir='ltr'>una</span> <span class='ocrx_word' id='word_1_733' title='bbox 1467 1775 1533 1805; x_wconf 86' lang='lat' dir='ltr'>fides</span> <span class='ocrx_word' id='word_1_734' title='bbox 1553 1783 1669 1805; x_wconf 90' lang='lat' dir='ltr'>tantum-</span> 
     </span>
     <span class='ocr_line' id='line_1_105' title="bbox 929 1812 1666 1855; baseline 0.005 -14"><span class='ocrx_word' id='word_1_735' title='bbox 929 1812 1008 1841; x_wconf 90' lang='lat' dir='ltr'>modo</span> <span class='ocrx_word' id='word_1_736' title='bbox 1022 1812 1096 1852; x_wconf 88' lang='lat' dir='ltr'>apud</span> <span class='ocrx_word' id='word_1_737' title='bbox 1108 1814 1205 1842; x_wconf 87' lang='lat' dir='ltr'>Deum.</span> <span class='ocrx_word' id='word_1_738' title='bbox 1220 1813 1284 1843; x_wconf 89' lang='lat' dir='ltr'>Ideo</span> <span class='ocrx_word' id='word_1_739' title='bbox 1298 1824 1360 1853; x_wconf 83' lang='lat' dir='ltr'>ergo</span> <span class='ocrx_word' id='word_1_740' title='bbox 1381 1814 1475 1843; x_wconf 89' lang='lat' dir='ltr'>dicunt</span> <span class='ocrx_word' id='word_1_741' title='bbox 1488 1816 1666 1855; x_wconf 63' lang='lat' dir='ltr'>evangelistae,</span> 
     </span>
     <span class='ocr_line' id='line_1_106' title="bbox 929 1851 1668 1892; baseline 0.004 -11"><span class='ocrx_word' id='word_1_742' title='bbox 929 1851 1041 1882; x_wconf 81' lang='lat' dir='ltr'>haereses</span> <span class='ocrx_word' id='word_1_743' title='bbox 1062 1859 1151 1892; x_wconf 88' lang='lat' dir='ltr'>gentes</span> <span class='ocrx_word' id='word_1_744' title='bbox 1178 1863 1255 1882; x_wconf 88' lang='lat' dir='ltr'>esse:</span> <span class='ocrx_word' id='word_1_745' title='bbox 1277 1854 1403 1892; x_wconf 88' lang='lat' dir='ltr'>quoniam</span> <span class='ocrx_word' id='word_1_746' title='bbox 1426 1854 1494 1883; x_wconf 83' lang='lat' dir='ltr'>sicut</span> <span class='ocrx_word' id='word_1_747' title='bbox 1517 1861 1592 1892; x_wconf 91' lang='lat' dir='ltr'>tunc,</span> <span class='ocrx_word' id='word_1_748' title='bbox 1607 1866 1668 1884; x_wconf 89' lang='lat' dir='ltr'>cum</span> 
     </span>
     <span class='ocr_line' id='line_1_107' title="bbox 928 1892 1719 1932; baseline 0.005 -12"><span class='ocrx_word' id='word_1_749' title='bbox 928 1901 1020 1921; x_wconf 84' lang='lat' dir='ltr'>omnes</span> <span class='ocrx_word' id='word_1_750' title='bbox 1033 1892 1154 1921; x_wconf 88' lang='lat' dir='ltr'>homines</span> <span class='ocrx_word' id='word_1_751' title='bbox 1176 1899 1262 1922; x_wconf 88' lang='lat' dir='ltr'>essent</span> <span class='ocrx_word' id='word_1_752' title='bbox 1284 1903 1335 1922; x_wconf 90' lang='lat' dir='ltr'>una</span> <span class='ocrx_word' id='word_1_753' title='bbox 1348 1903 1410 1932; x_wconf 88' lang='lat' dir='ltr'>gens</span> <span class='ocrx_word' id='word_1_754' title='bbox 1423 1900 1449 1922; x_wconf 90' lang='lat' dir='ltr'>et</span> <span class='ocrx_word' id='word_1_755' title='bbox 1469 1893 1572 1932; x_wconf 80' lang='lat' dir='ltr'>lingua,</span> <span class='ocrx_word' id='word_1_756' title='bbox 1586 1894 1668 1924; x_wconf 84' lang='lat' dir='ltr'>divisi</span> <span class='ocrx_word' id='word_1_757' title='bbox 1711 1911 1719 1916; x_wconf 35' lang='grc' dir='ltr'>κ</span> 
     </span>
     <span class='ocr_line' id='line_1_108' title="bbox 928 1931 1667 1971; baseline 0.005 -12"><span class='ocrx_word' id='word_1_758' title='bbox 928 1938 990 1960; x_wconf 90' lang='lat' dir='ltr'>sunt</span> <span class='ocrx_word' id='word_1_759' title='bbox 1004 1942 1052 1971; x_wconf 90' lang='lat' dir='ltr'>per</span> <span class='ocrx_word' id='word_1_760' title='bbox 1066 1931 1197 1970; x_wconf 88' lang='lat' dir='ltr'>plurimas</span> <span class='ocrx_word' id='word_1_761' title='bbox 1211 1939 1299 1971; x_wconf 84' lang='lat' dir='ltr'>gentes</span> <span class='ocrx_word' id='word_1_762' title='bbox 1316 1944 1322 1960; x_wconf 89' lang='lat'>:</span> <span class='ocrx_word' id='word_1_763' title='bbox 1340 1932 1377 1961; x_wconf 90' lang='lat' dir='ltr'>ita</span> <span class='ocrx_word' id='word_1_764' title='bbox 1390 1939 1415 1961; x_wconf 89' lang='lat' dir='ltr'>ct</span> <span class='ocrx_word' id='word_1_765' title='bbox 1434 1932 1515 1962; x_wconf 88' lang='lat' dir='ltr'>modo</span> <span class='ocrx_word' id='word_1_766' title='bbox 1528 1943 1589 1962; x_wconf 88' lang='lat' dir='ltr'>cum</span> <span class='ocrx_word' id='word_1_767' title='bbox 1601 1941 1667 1963; x_wconf 88' lang='lat' dir='ltr'>esset</span> 
     </span>
     <span class='ocr_line' id='line_1_109' title="bbox 929 1971 1667 2010; baseline 0.004 -11"><span class='ocrx_word' id='word_1_768' title='bbox 929 1977 998 1999; x_wconf 88' lang='lat' dir='ltr'>totus</span> <span class='ocrx_word' id='word_1_769' title='bbox 1042 1971 1141 2010; x_wconf 90' lang='lat' dir='ltr'>opulus</span> <span class='ocrx_word' id='word_1_770' title='bbox 1163 1971 1330 2000; x_wconf 82' lang='lat' dir='ltr'>Christianus</span> <span class='ocrx_word' id='word_1_771' title='bbox 1351 1982 1403 2000; x_wconf 89' lang='lat' dir='ltr'>una</span> <span class='ocrx_word' id='word_1_772' title='bbox 1424 1972 1553 2007; x_wconf 87' lang='lat' dir='ltr'>Ecclesia,</span> <span class='ocrx_word' id='word_1_773' title='bbox 1568 1979 1594 2002; x_wconf 90' lang='lat' dir='ltr'>et</span> <span class='ocrx_word' id='word_1_774' title='bbox 1616 1983 1667 2002; x_wconf 88' lang='lat' dir='ltr'>una</span> 
     </span>
     <span class='ocr_line' id='line_1_110' title="bbox 929 1981 1667 2050; baseline 0.004 -12"><span class='ocrx_word' id='word_1_775' title='bbox 929 2009 1006 2046; x_wconf 85' lang='lat' dir='ltr'>fides,</span> <span class='ocrx_word' id='word_1_776' title='bbox 1020 1981 1102 2039; x_wconf 54' lang='lat' dir='ltr'>divisi</span> <span class='ocrx_word' id='word_1_777' title='bbox 1124 2017 1185 2039; x_wconf 88' lang='lat' dir='ltr'>sunt</span> <span class='ocrx_word' id='word_1_778' title='bbox 1210 2021 1258 2050; x_wconf 91' lang='lat' dir='ltr'>per</span> <span class='ocrx_word' id='word_1_779' title='bbox 1283 2011 1382 2040; x_wconf 86' lang='lat' dir='ltr'>multas</span> <span class='ocrx_word' id='word_1_780' title='bbox 1403 2010 1525 2040; x_wconf 82' lang='lat' dir='ltr'>haereses.</span> <span class='ocrx_word' id='word_1_781' title='bbox 1541 2013 1576 2041; x_wconf 88' lang='lat' dir='ltr'>Et</span> <span class='ocrx_word' id='word_1_782' title='bbox 1598 2013 1667 2042; x_wconf 89' lang='lat' dir='ltr'>sicut</span> 
     </span>
     <span class='ocr_line' id='line_1_111' title="bbox 928 2050 1666 2091; baseline 0.003 -13"><span class='ocrx_word' id='word_1_783' title='bbox 928 2055 991 2078; x_wconf 86' lang='lat' dir='ltr'>tunc</span> <span class='ocrx_word' id='word_1_784' title='bbox 1003 2059 1094 2078; x_wconf 89' lang='lat' dir='ltr'>omnes</span> <span class='ocrx_word' id='word_1_785' title='bbox 1108 2056 1197 2089; x_wconf 88' lang='lat' dir='ltr'>gentes</span> <span class='ocrx_word' id='word_1_786' title='bbox 1209 2051 1283 2079; x_wconf 78' lang='lat' dir='ltr'>factae</span> <span class='ocrx_word' id='word_1_787' title='bbox 1298 2058 1360 2079; x_wconf 89' lang='lat' dir='ltr'>sunt</span> <span class='ocrx_word' id='word_1_788' title='bbox 1369 2050 1420 2079; x_wconf 85' lang='lat' dir='ltr'>sub</span> <span class='ocrx_word' id='word_1_789' title='bbox 1428 2051 1580 2090; x_wconf 87' lang='lat' dir='ltr'>principatu</span> <span class='ocrx_word' id='word_1_790' title='bbox 1592 2052 1666 2091; x_wconf 84' lang='lat' dir='ltr'>prin-</span> 
     </span>
     <span class='ocr_line' id='line_1_112' title="bbox 928 2088 1662 2130; baseline 0.004 -13"><span class='ocrx_word' id='word_1_791' title='bbox 928 2088 1019 2128; x_wconf 89' lang='lat' dir='ltr'>cipum</span> <span class='ocrx_word' id='word_1_792' title='bbox 1041 2088 1231 2126; x_wconf 87' lang='lat' dir='ltr'>malignorum,</span> <span class='ocrx_word' id='word_1_793' title='bbox 1246 2100 1298 2118; x_wconf 90' lang='lat' dir='ltr'>una</span> <span class='ocrx_word' id='word_1_794' title='bbox 1313 2097 1401 2119; x_wconf 88' lang='lat' dir='ltr'>autem</span> <span class='ocrx_word' id='word_1_795' title='bbox 1413 2100 1477 2129; x_wconf 84' lang='lat' dir='ltr'>gens</span> <span class='ocrx_word' id='word_1_796' title='bbox 1499 2090 1550 2119; x_wconf 90' lang='lat' dir='ltr'>sub</span> <span class='ocrx_word' id='word_1_797' title='bbox 1564 2091 1662 2130; x_wconf 89' lang='lat' dir='ltr'>princi-</span> 
     </span>
     <span class='ocr_line' id='line_1_113' title="bbox 928 2128 1666 2167; baseline 0.004 -11"><span class='ocrx_word' id='word_1_798' title='bbox 928 2134 993 2167; x_wconf 91' lang='lat' dir='ltr'>patu</span> <span class='ocrx_word' id='word_1_799' title='bbox 1007 2128 1149 2157; x_wconf 71' lang='lat' dir='ltr'>Michaelis</span> <span class='ocrx_word' id='word_1_800' title='bbox 1164 2128 1220 2158; x_wconf 89' lang='lat' dir='ltr'>:sic</span> <span class='ocrx_word' id='word_1_801' title='bbox 1233 2136 1259 2158; x_wconf 91' lang='lat' dir='ltr'>et</span> <span class='ocrx_word' id='word_1_802' title='bbox 1271 2128 1351 2158; x_wconf 79' lang='lat' dir='ltr'>modo</span> <span class='ocrx_word' id='word_1_803' title='bbox 1365 2139 1455 2158; x_wconf 88' lang='lat' dir='ltr'>omnes</span> <span class='ocrx_word' id='word_1_804' title='bbox 1468 2130 1579 2159; x_wconf 65' lang='lat' dir='ltr'>haereses</span> <span class='ocrx_word' id='word_1_805' title='bbox 1593 2131 1666 2159; x_wconf 80' lang='lat' dir='ltr'>factae</span> 
     </span>
     <span class='ocr_line' id='line_1_114' title="bbox 927 2167 1665 2208; baseline 0.004 -13"><span class='ocrx_word' id='word_1_806' title='bbox 927 2174 988 2196; x_wconf 87' lang='lat' dir='ltr'>sunt</span> <span class='ocrx_word' id='word_1_807' title='bbox 1008 2167 1059 2196; x_wconf 89' lang='lat' dir='ltr'>sub</span> <span class='ocrx_word' id='word_1_808' title='bbox 1078 2167 1230 2197; x_wconf 86' lang='lat' dir='ltr'>daemonum</span> <span class='ocrx_word' id='word_1_809' title='bbox 1248 2168 1410 2208; x_wconf 89' lang='lat' dir='ltr'>principatu,</span> <span class='ocrx_word' id='word_1_810' title='bbox 1428 2179 1480 2198; x_wconf 91' lang='lat' dir='ltr'>una</span> <span class='ocrx_word' id='word_1_811' title='bbox 1502 2176 1590 2198; x_wconf 89' lang='lat' dir='ltr'>autem</span> <span class='ocrx_word' id='word_1_812' title='bbox 1615 2169 1665 2198; x_wconf 86' lang='lat' dir='ltr'>sub</span> 
     </span>
     <span class='ocr_line' id='line_1_115' title="bbox 928 2206 1665 2247; baseline 0.003 -13"><span class='ocrx_word' id='word_1_813' title='bbox 928 2206 1079 2245; x_wconf 85' lang='lat' dir='ltr'>principatu</span> <span class='ocrx_word' id='word_1_814' title='bbox 1093 2206 1192 2236; x_wconf 87' lang='lat' dir='ltr'>Christi</span> <span class='ocrx_word' id='word_1_815' title='bbox 1213 2207 1350 2244; x_wconf 90' lang='lat' dir='ltr'>remansit,</span> <span class='ocrx_word' id='word_1_816' title='bbox 1363 2208 1397 2236; x_wconf 90' lang='lat' dir='ltr'>de</span> <span class='ocrx_word' id='word_1_817' title='bbox 1409 2218 1462 2246; x_wconf 77' lang='lat' dir='ltr'>qua</span> <span class='ocrx_word' id='word_1_818' title='bbox 1475 2208 1542 2237; x_wconf 90' lang='lat' dir='ltr'>dicit</span> <span class='ocrx_word' id='word_1_819' title='bbox 1557 2215 1665 2247; x_wconf 78' lang='lat' dir='ltr'>propter</span> 
     </span>
    </p>
   </div>
   <div class='ocr_carea' id='block_1_12' title="bbox 927 2246 1811 2286">
    <p class='ocr_par' dir='ltr' id='par_1_12' title="bbox 927 2246 1811 2286">
     <span class='ocr_line' id='line_1_116' title="bbox 927 2246 1811 2286; baseline 0.001 -12"><span class='ocrx_word' id='word_1_820' title='bbox 927 2246 1075 2275; x_wconf 87' lang='lat' dir='ltr'>Ecclesiam</span> <span class='ocrx_word' id='word_1_821' title='bbox 1092 2258 1098 2274; x_wconf 89' lang='lat'>:</span> <span class='ocrx_word' id='word_1_822' title='bbox 1119 2246 1186 2275; x_wconf 87' lang='lat' dir='ltr'>Una</span> <span class='ocrx_word' id='word_1_823' title='bbox 1206 2253 1248 2275; x_wconf 84' lang='lat' dir='ltr'>est</span> <span class='ocrx_word' id='word_1_824' title='bbox 1272 2247 1409 2276; x_wconf 86' lang='lat' dir='ltr'>columba</span> <span class='ocrx_word' id='word_1_825' title='bbox 1433 2258 1514 2283; x_wconf 84' lang='lat' dir='ltr'>mea,</span> <span class='ocrx_word' id='word_1_826' title='bbox 1534 2247 1663 2286; x_wconf 78' lang='lat' dir='ltr'>perfecta</span> <span class='ocrx_word' id='word_1_827' title='bbox 1675 2255 1740 2275; x_wconf 76' lang='lat' dir='ltr'>canc.</span> <span class='ocrx_word' id='word_1_828' title='bbox 1753 2256 1775 2276; x_wconf 84' lang='lat'>6.</span> <span class='ocrx_word' id='word_1_829' title='bbox 1787 2254 1811 2277; x_wconf 89' lang='lat'>8.</span> 
     </span>
    </p>
   </div>
   <div class='ocr_carea' id='block_1_13' title="bbox 926 2285 1663 2519">
    <p class='ocr_par' dir='ltr' id='par_1_13' title="bbox 926 2285 1663 2519">
     <span class='ocr_line' id='line_1_117' title="bbox 928 2285 1663 2319; baseline 0 -6"><span class='ocrx_word' id='word_1_830' title='bbox 928 2295 1001 2314; x_wconf 80' lang='lat' dir='ltr'>mea.</span> <span class='ocrx_word' id='word_1_831' title='bbox 1020 2285 1070 2314; x_wconf 86' lang='grc'>10.</span> <span class='ocrx_word' id='word_1_832' title='bbox 1081 2286 1122 2313; x_wconf 90' lang='lat' dir='ltr'>Et</span> <span class='ocrx_word' id='word_1_833' title='bbox 1135 2291 1205 2315; x_wconf 79' lang='lat' dir='ltr'>tunc</span> <span class='ocrx_word' id='word_1_834' title='bbox 1223 2286 1506 2315; x_wconf 82' lang='lat' dir='ltr'>scandalizabuntur</span> <span class='ocrx_word' id='word_1_835' title='bbox 1528 2286 1622 2319; x_wconf 86' lang='lat' dir='ltr'>multi,</span> <span class='ocrx_word' id='word_1_836' title='bbox 1636 2292 1663 2313; x_wconf 82' lang='lat' dir='ltr'>et</span> 
     </span>
     <span class='ocr_line' id='line_1_118' title="bbox 926 2325 1660 2361; baseline -0.001 -9"><span class='ocrx_word' id='word_1_837' title='bbox 926 2325 1050 2353; x_wconf 78' lang='lat' dir='ltr'>invicem</span> <span class='ocrx_word' id='word_1_838' title='bbox 1073 2325 1199 2361; x_wconf 82' lang='lat' dir='ltr'>tradent,</span> <span class='ocrx_word' id='word_1_839' title='bbox 1214 2332 1241 2354; x_wconf 86' lang='lat' dir='ltr'>et</span> <span class='ocrx_word' id='word_1_840' title='bbox 1264 2326 1330 2354; x_wconf 90' lang='lat' dir='ltr'>odio</span> <span class='ocrx_word' id='word_1_841' title='bbox 1354 2326 1501 2353; x_wconf 79' lang='lat' dir='ltr'>habebunt</span> <span class='ocrx_word' id='word_1_842' title='bbox 1525 2326 1660 2353; x_wconf 77' lang='lat' dir='ltr'>invicem.</span> 
     </span>
     <span class='ocr_line' id='line_1_119' title="bbox 927 2362 1661 2401; baseline -0.001 -9"><span class='ocrx_word' id='word_1_843' title='bbox 927 2363 1014 2393; x_wconf 87' lang='lat' dir='ltr'>Etiam</span> <span class='ocrx_word' id='word_1_844' title='bbox 1025 2374 1060 2392; x_wconf 87' lang='lat' dir='ltr'>ex</span> <span class='ocrx_word' id='word_1_845' title='bbox 1071 2363 1113 2393; x_wconf 89' lang='lat' dir='ltr'>his</span> <span class='ocrx_word' id='word_1_846' title='bbox 1127 2364 1216 2393; x_wconf 86' lang='lat' dir='ltr'>verbis</span> <span class='ocrx_word' id='word_1_847' title='bbox 1229 2364 1386 2399; x_wconf 87' lang='lat' dir='ltr'>ostenditur,</span> <span class='ocrx_word' id='word_1_848' title='bbox 1398 2362 1530 2401; x_wconf 88' lang='lat' dir='ltr'>quomodo</span> <span class='ocrx_word' id='word_1_849' title='bbox 1544 2363 1599 2391; x_wconf 81' lang='lat' dir='ltr'>haec</span> <span class='ocrx_word' id='word_1_850' title='bbox 1610 2373 1661 2391; x_wconf 90' lang='lat' dir='ltr'>non</span> 
     </span>
     <span class='ocr_line' id='line_1_120' title="bbox 926 2402 1661 2443; baseline -0.001 -12"><span class='ocrx_word' id='word_1_851' title='bbox 926 2402 1055 2432; x_wconf 89' lang='lat' dir='ltr'>dicuntur</span> <span class='ocrx_word' id='word_1_852' title='bbox 1077 2402 1111 2431; x_wconf 85' lang='lat' dir='ltr'>de</span> <span class='ocrx_word' id='word_1_853' title='bbox 1131 2403 1296 2443; x_wconf 86' lang='lat' dir='ltr'>temporibus</span> <span class='ocrx_word' id='word_1_854' title='bbox 1320 2402 1511 2441; x_wconf 87' lang='lat' dir='ltr'>apostolorum,</span> <span class='ocrx_word' id='word_1_855' title='bbox 1533 2402 1661 2439; x_wconf 86' lang='lat' dir='ltr'>quamdiu</span> 
     </span>
     <span class='ocr_line' id='line_1_121' title="bbox 926 2440 1662 2480; baseline -0.003 -9"><span class='ocrx_word' id='word_1_856' title='bbox 926 2442 1075 2471; x_wconf 83' lang='lat' dir='ltr'>Jerusalem</span> <span class='ocrx_word' id='word_1_857' title='bbox 1095 2443 1182 2471; x_wconf 79' lang='lat' dir='ltr'>suerat</span> <span class='ocrx_word' id='word_1_858' title='bbox 1194 2441 1321 2480; x_wconf 86' lang='lat' dir='ltr'>capienda</span> <span class='ocrx_word' id='word_1_859' title='bbox 1335 2452 1341 2469; x_wconf 73' lang='grc' dir='ltr'><strong><em>ε</em></strong></span> <span class='ocrx_word' id='word_1_860' title='bbox 1353 2440 1477 2478; x_wconf 87' lang='lat' dir='ltr'>quoniam</span> <span class='ocrx_word' id='word_1_861' title='bbox 1502 2446 1564 2469; x_wconf 92' lang='lat' dir='ltr'>tunc</span> <span class='ocrx_word' id='word_1_862' title='bbox 1582 2441 1662 2480; x_wconf 87' lang='lat' dir='ltr'>pauci</span> 
     </span>
     <span class='ocr_line' id='line_1_122' title="bbox 926 2478 1663 2519; baseline -0.003 -9"><span class='ocrx_word' id='word_1_863' title='bbox 926 2480 1181 2517; x_wconf 86' lang='lat' dir='ltr'>scandalizabantur,</span> <span class='ocrx_word' id='word_1_864' title='bbox 1197 2480 1274 2519; x_wconf 83' lang='lat' dir='ltr'>pauci</span> <span class='ocrx_word' id='word_1_865' title='bbox 1286 2479 1430 2508; x_wconf 83' lang='lat' dir='ltr'>Christiani</span> <span class='ocrx_word' id='word_1_866' title='bbox 1445 2478 1556 2508; x_wconf 87' lang='lat' dir='ltr'>invicem</span> <span class='ocrx_word' id='word_1_867' title='bbox 1565 2490 1593 2508; x_wconf 91' lang='lat' dir='ltr'>se</span> <span class='ocrx_word' id='word_1_868' title='bbox 1607 2486 1663 2508; x_wconf 81' lang='lat' dir='ltr'>tra-</span> 
     </span>
    </p>
   </div>
   <div class='ocr_carea' id='block_1_14' title="bbox 927 2517 1809 2559">
    <p class='ocr_par' dir='ltr' id='par_1_14' title="bbox 927 2517 1809 2559">
     <span class='ocr_line' id='line_1_123' title="bbox 927 2517 1809 2559; baseline -0.007 -10"><span class='ocrx_word' id='word_1_869' title='bbox 927 2519 1040 2556; x_wconf 84' lang='lat' dir='ltr'>debant,</span> <span class='ocrx_word' id='word_1_870' title='bbox 1062 2520 1123 2559; x_wconf 87' lang='lat' dir='ltr'>quia</span> <span class='ocrx_word' id='word_1_871' title='bbox 1148 2530 1195 2548; x_wconf 88' lang='lat' dir='ltr'>nec</span> <span class='ocrx_word' id='word_1_872' title='bbox 1222 2518 1346 2547; x_wconf 88' lang='lat' dir='ltr'>odiebant</span> <span class='ocrx_word' id='word_1_873' title='bbox 1366 2517 1495 2554; x_wconf 82' lang='lat' dir='ltr'>invicem,</span> <span class='ocrx_word' id='word_1_874' title='bbox 1518 2518 1565 2547; x_wconf 84' lang='lat' dir='ltr'>sed</span> <span class='ocrx_word' id='word_1_875' title='bbox 1586 2520 1660 2556; x_wconf 86' lang='lat' dir='ltr'>Erat</span> <span class='ocrx_word' id='word_1_876' title='bbox 1672 2521 1809 2549; x_wconf 43' lang='lat' dir='ltr'>Amin.</span> 
     </span>
    </p>
   </div>
   <div class='ocr_carea' id='block_1_15' title="bbox 926 2559 1662 2635">
    <p class='ocr_par' dir='ltr' id='par_1_15' title="bbox 926 2559 1662 2635">
     <span class='ocr_line' id='line_1_124' title="bbox 927 2559 1658 2590; baseline -0.003 -2"><span class='ocrx_word' id='word_1_877' title='bbox 927 2561 1055 2588; x_wconf 84' lang='lat' dir='ltr'>omnium</span> <span class='ocrx_word' id='word_1_878' title='bbox 1066 2559 1243 2588; x_wconf 81' lang='lat' dir='ltr'>credentium</span> <span class='ocrx_word' id='word_1_879' title='bbox 1253 2566 1302 2586; x_wconf 85' lang='lat' dir='ltr'>cor</span> <span class='ocrx_word' id='word_1_880' title='bbox 1312 2566 1412 2590; x_wconf 83' lang='lat' dir='ltr'>unum,</span> <span class='ocrx_word' id='word_1_881' title='bbox 1427 2563 1455 2585; x_wconf 87' lang='lat' dir='ltr'>et</span> <span class='ocrx_word' id='word_1_882' title='bbox 1469 2559 1569 2585; x_wconf 84' lang='lat' dir='ltr'>anima</span> <span class='ocrx_word' id='word_1_883' title='bbox 1581 2568 1658 2586; x_wconf 82' lang='lat' dir='ltr'>una:</span> 
     </span>
     <span class='ocr_line' id='line_1_125' title="bbox 926 2595 1662 2635; baseline 0.001 -9"><span class='ocrx_word' id='word_1_884' title='bbox 926 2598 971 2627; x_wconf 82' lang='lat' dir='ltr'>sed</span> <span class='ocrx_word' id='word_1_885' title='bbox 983 2598 1016 2626; x_wconf 88' lang='lat' dir='ltr'>de</span> <span class='ocrx_word' id='word_1_886' title='bbox 1034 2598 1130 2626; x_wconf 87' lang='lat' dir='ltr'>nostris</span> <span class='ocrx_word' id='word_1_887' title='bbox 1143 2596 1217 2632; x_wconf 86' lang='lat' dir='ltr'>dicit,</span> <span class='ocrx_word' id='word_1_888' title='bbox 1233 2596 1260 2625; x_wconf 93' lang='lat' dir='ltr'>in</span> <span class='ocrx_word' id='word_1_889' title='bbox 1272 2595 1371 2634; x_wconf 87' lang='lat' dir='ltr'>quibus</span> <span class='ocrx_word' id='word_1_890' title='bbox 1383 2596 1474 2635; x_wconf 86' lang='lat' dir='ltr'>plures</span> <span class='ocrx_word' id='word_1_891' title='bbox 1492 2596 1662 2627; x_wconf 80' lang='lat' dir='ltr'>scandalizati</span> 
     </span>
    </p>
   </div>
   <div class='ocr_carea' id='block_1_16' title="bbox 1570 1540 1802 1574">
    <p class='ocr_par' dir='ltr' id='par_1_16' title="bbox 1570 1540 1802 1574">
     <span class='ocr_line' id='line_1_126' title="bbox 1570 1540 1802 1574; baseline 0.017 -6"><span class='ocrx_word' id='word_1_892' title='bbox 1570 1540 1670 1570; x_wconf 71' lang='lat' dir='ltr'>fiscibus</span> <span class='ocrx_word' id='word_1_893' title='bbox 1679 1550 1733 1572; x_wconf 82' lang='lat' dir='ltr'>Luc.</span> <span class='ocrx_word' id='word_1_894' title='bbox 1743 1550 1766 1573; x_wconf 85' lang='lat'>5.</span> <span class='ocrx_word' id='word_1_895' title='bbox 1778 1551 1802 1574; x_wconf 84' lang='lat'>6.</span> 
     </span>
    </p>
   </div>
  </div>
 </body>
</html>
