<?xml version="1.0" encoding="UTF-8"?>
<!DOCTYPE html PUBLIC "-//W3C//DTD XHTML 1.0 Transitional//EN"
    "http://www.w3.org/TR/xhtml1/DTD/xhtml1-transitional.dtd">
<html xmlns="http://www.w3.org/1999/xhtml" xml:lang="en" lang="en">
 <head>
  <title>
</title>
<meta http-equiv="Content-Type" content="text/html;charset=utf-8" />
  <meta name='ocr-system' content='tesseract 3.04.00' />
  <meta name='ocr-capabilities' content='ocr_page ocr_carea ocr_par ocr_line ocrx_word'/>
</head>
<body>
  <div class='ocr_page' id='page_1' title='image "./operaomniaquaeex06johnuoft_1000.png"; bbox 0 0 1904 2840; ppageno 0'>
   <div class='ocr_carea' id='block_1_1' title="bbox 108 247 249 313">
    <p class='ocr_par' dir='ltr' id='par_1_1' title="bbox 108 247 249 313">
     <span class='ocr_line' id='line_1_1' title="bbox 108 247 248 276; baseline -0.007 -7"><span class='ocrx_word' id='word_1_1' title='bbox 108 248 167 269; x_wconf 71' lang='lat' dir='ltr'>lsai.</span> <span class='ocrx_word' id='word_1_2' title='bbox 181 247 248 276; x_wconf 51' lang='lat'>²6⁴!-</span> 
     </span>
     <span class='ocr_line' id='line_1_2' title="bbox 109 289 249 313; baseline 0 -2"><span class='ocrx_word' id='word_1_3' title='bbox 109 289 157 312; x_wconf 76' lang='lat' dir='ltr'>Tit.</span> <span class='ocrx_word' id='word_1_4' title='bbox 171 296 193 312; x_wconf 76' lang='lat' dir='ltr'>a.</span> <span class='ocrx_word' id='word_1_5' title='bbox 214 290 249 313; x_wconf 81' lang='lat'>13.</span> 
     </span>
    </p>
   </div>
   <div class='ocr_carea' id='block_1_2' title="bbox 108 365 238 418">
    <p class='ocr_par' dir='ltr' id='par_1_2' title="bbox 108 365 238 418">
     <span class='ocr_line' id='line_1_3' title="bbox 108 365 238 418; baseline 0 -30"><span class='ocrx_word' id='word_1_6' title='bbox 108 366 175 418; x_wconf 72' lang='lat' dir='ltr'>.5Psal.</span> <span class='ocrx_word' id='word_1_7' title='bbox 188 365 238 397; x_wconf 67' lang='lat'>146.</span> 
     </span>
    </p>
   </div>
   <div class='ocr_carea' id='block_1_3' title="bbox 109 483 231 505">
    <p class='ocr_par' dir='ltr' id='par_1_3' title="bbox 109 483 231 505">
     <span class='ocr_line' id='line_1_4' title="bbox 109 483 231 505; baseline 0.008 -1"><span class='ocrx_word' id='word_1_8' title='bbox 109 491 128 505; x_wconf 85' lang='grc' dir='ltr'>ι.</span> <span class='ocrx_word' id='word_1_9' title='bbox 146 483 199 505; x_wconf 83' lang='lat' dir='ltr'>Cor.</span> <span class='ocrx_word' id='word_1_10' title='bbox 212 490 231 505; x_wconf 91' lang='grc' dir='ltr'>ι.</span> 
     </span>
    </p>
   </div>
   <div class='ocr_carea' id='block_1_4' title="bbox 106 514 148 543">
    <p class='ocr_par' dir='ltr' id='par_1_4' title="bbox 106 514 148 543">
     <span class='ocr_line' id='line_1_5' title="bbox 106 514 148 543; baseline -0.024 -7"><span class='ocrx_word' id='word_1_11' title='bbox 106 514 148 543; x_wconf 80' lang='lat'>24.</span> 
     </span>
    </p>
   </div>
   <div class='ocr_carea' id='block_1_5' title="bbox 107 640 244 672">
    <p class='ocr_par' dir='ltr' id='par_1_5' title="bbox 107 640 244 672">
     <span class='ocr_line' id='line_1_6' title="bbox 107 640 244 672; baseline 0 -8"><span class='ocrx_word' id='word_1_12' title='bbox 107 642 193 671; x_wconf 50' lang='lat' dir='ltr'>Luca&amp;</span> <span class='ocrx_word' id='word_1_13' title='bbox 200 640 244 672; x_wconf 58' lang='grc'>49.</span> 
     </span>
    </p>
   </div>
   <div class='ocr_carea' id='block_1_6' title="bbox 106 963 220 1024">
    <p class='ocr_par' dir='ltr' id='par_1_6' title="bbox 106 963 220 1024">
     <span class='ocr_line' id='line_1_7' title="bbox 106 963 220 992; baseline 0 -7"><span class='ocrx_word' id='word_1_14' title='bbox 106 963 190 992; x_wconf 76' lang='lat' dir='ltr'>Ephes.</span> <span class='ocrx_word' id='word_1_15' title='bbox 199 969 220 985; x_wconf 72' lang='lat'>¹.</span> 
     </span>
     <span class='ocr_line' id='line_1_8' title="bbox 110 992 195 1024; baseline 0.012 -9"><span class='ocrx_word' id='word_1_16' title='bbox 110 995 145 1017; x_wconf 82' lang='lat'>13.</span> <span class='ocrx_word' id='word_1_17' title='bbox 160 992 195 1024; x_wconf 73' lang='grc'>14.</span> 
     </span>
    </p>
   </div>
   <div class='ocr_carea' id='block_1_7' title="bbox 200 1043 243 1067">
    <p class='ocr_par' dir='ltr' id='par_1_7' title="bbox 200 1043 243 1067">
     <span class='ocr_line' id='line_1_9' title="bbox 200 1043 243 1067; baseline 0 -1"><span class='ocrx_word' id='word_1_18' title='bbox 200 1043 243 1067; x_wconf 75' lang='grc'>291</span> 
     </span>
    </p>
   </div>
   <div class='ocr_carea' id='block_1_8' title="bbox 105 1432 230 1455">
    <p class='ocr_par' dir='ltr' id='par_1_8' title="bbox 105 1432 230 1455">
     <span class='ocr_line' id='line_1_10' title="bbox 105 1432 230 1455; baseline 0.008 -1"><span class='ocrx_word' id='word_1_19' title='bbox 105 1432 172 1455; x_wconf 70' lang='lat' dir='ltr'>Psal.</span> <span class='ocrx_word' id='word_1_20' title='bbox 193 1432 230 1455; x_wconf 81' lang='lat'>15.</span> 
     </span>
    </p>
   </div>
   <div class='ocr_carea' id='block_1_9' title="bbox 259 175 330 222">
    <p class='ocr_par' dir='ltr' id='par_1_9' title="bbox 259 175 330 222">
     <span class='ocr_line' id='line_1_11' title="bbox 259 175 330 222; baseline 0 -13"><span class='ocrx_word' id='word_1_21' title='bbox 259 175 330 222; x_wconf 79' lang='lat'>980</span> 
     </span>
    </p>
   </div>
   <div class='ocr_carea' id='block_1_10' title="bbox 603 185 1469 224">
    <p class='ocr_par' dir='ltr' id='par_1_10' title="bbox 603 185 1469 224">
     <span class='ocr_line' id='line_1_12' title="bbox 603 185 1469 224; baseline 0.006 -16"><span class='ocrx_word' id='word_1_22' title='bbox 603 185 775 215; x_wconf 77' lang='lat' dir='ltr'>Ent&#39;rtoms</span> <span class='ocrx_word' id='word_1_23' title='bbox 801 185 964 224; x_wconf 28' lang='lat' dir='ltr'>PAR-isius.</span> <span class='ocrx_word' id='word_1_24' title='bbox 991 185 1154 210; x_wconf 79' lang='lat' dir='ltr'>ALTEmus</span> <span class='ocrx_word' id='word_1_25' title='bbox 1180 187 1469 213; x_wconf 73' lang='lat' dir='ltr'>Annt‘rAMEN&#39;rUM.</span> 
     </span>
    </p>
   </div>
   <div class='ocr_carea' id='block_1_11' title="bbox 259 246 1875 315">
    <p class='ocr_par' dir='ltr' id='par_1_11' title="bbox 259 246 1875 315">
     <span class='ocr_line' id='line_1_13' title="bbox 259 246 1875 315; baseline 0.006 -39"><span class='ocrx_word' id='word_1_26' title='bbox 259 247 339 288; x_wconf 82' lang='lat' dir='ltr'>pheta</span> <span class='ocrx_word' id='word_1_27' title='bbox 368 246 454 281; x_wconf 85' lang='lat' dir='ltr'>dixit,</span> <span class='ocrx_word' id='word_1_28' title='bbox 474 246 556 275; x_wconf 84' lang='lat' dir='ltr'>Deus</span> <span class='ocrx_word' id='word_1_29' title='bbox 581 252 612 276; x_wconf 86' lang='lat' dir='ltr'>tu</span> <span class='ocrx_word' id='word_1_30' title='bbox 623 249 633 283; x_wconf 90' lang='lat'>(</span> <span class='ocrx_word' id='word_1_31' title='bbox 643 247 782 315; x_wconf 49' lang='lat' dir='ltr'>maffnus)</span> <span class='ocrx_word' id='word_1_32' title='bbox 795 270 803 284; x_wconf 94' lang='lat'>,</span> <span class='ocrx_word' id='word_1_33' title='bbox 819 254 847 277; x_wconf 81' lang='lat' dir='ltr'>et</span> <span class='ocrx_word' id='word_1_34' title='bbox 867 254 1002 278; x_wconf 66' lang='lat' dir='ltr'>aeternus.</span> <span class='ocrx_word' id='word_1_35' title='bbox 1021 251 1042 274; x_wconf 80' lang='grc' dir='ltr'><strong>Δ</strong></span> <span class='ocrx_word' id='word_1_36' title='bbox 1059 247 1216 292; x_wconf 75' lang='lat' dir='ltr'>Dominus,</span> <span class='ocrx_word' id='word_1_37' title='bbox 1227 250 1276 287; x_wconf 86' lang='lat' dir='ltr'>ait,</span> <span class='ocrx_word' id='word_1_38' title='bbox 1286 261 1356 290; x_wconf 86' lang='lat' dir='ltr'>pars</span> <span class='ocrx_word' id='word_1_39' title='bbox 1365 252 1544 282; x_wconf 73' lang='lat' dir='ltr'>haereditatis</span> <span class='ocrx_word' id='word_1_40' title='bbox 1554 262 1636 289; x_wconf 77' lang='lat' dir='ltr'>meae,</span> <span class='ocrx_word' id='word_1_41' title='bbox 1649 260 1688 290; x_wconf 84' lang='lat' dir='ltr'>et,</span> <span class='ocrx_word' id='word_1_42' title='bbox 1696 253 1799 285; x_wconf 74' lang='lat' dir='ltr'>Ponto</span> <span class='ocrx_word' id='word_1_43' title='bbox 1808 263 1875 286; x_wconf 74' lang='lat' dir='ltr'>Psal.</span> 
     </span>
    </p>
   </div>
   <div class='ocr_carea' id='block_1_12' title="bbox 255 285 1004 870">
    <p class='ocr_par' dir='ltr' id='par_1_12' title="bbox 255 285 1004 751">
     <span class='ocr_line' id='line_1_14' title="bbox 263 285 1003 327; baseline 0.003 -11"><span class='ocrx_word' id='word_1_44' title='bbox 263 286 332 316; x_wconf 90' lang='lat' dir='ltr'>Dicit</span> <span class='ocrx_word' id='word_1_45' title='bbox 342 293 368 316; x_wconf 88' lang='lat' dir='ltr'>et</span> <span class='ocrx_word' id='word_1_46' title='bbox 381 286 414 315; x_wconf 85' lang='lat' dir='ltr'>de</span> <span class='ocrx_word' id='word_1_47' title='bbox 429 285 499 318; x_wconf 88' lang='lat' dir='ltr'>Filio</span> <span class='ocrx_word' id='word_1_48' title='bbox 509 285 620 322; x_wconf 81' lang='lat' dir='ltr'>Paulus,</span> <span class='ocrx_word' id='word_1_49' title='bbox 629 296 682 325; x_wconf 88' lang='lat' dir='ltr'>quo</span> <span class='ocrx_word' id='word_1_50' title='bbox 714 288 924 327; x_wconf 73' lang='lat' dir='ltr'>Exspectctmus</span> <span class='ocrx_word' id='word_1_51' title='bbox 935 290 1003 318; x_wconf 81' lang='lat' dir='ltr'>bea-</span> 
     </span>
     <span class='ocr_line' id='line_1_15' title="bbox 260 326 1004 366; baseline 0.004 -11"><span class='ocrx_word' id='word_1_52' title='bbox 260 333 321 355; x_wconf 80' lang='lat' dir='ltr'>tam</span> <span class='ocrx_word' id='word_1_53' title='bbox 329 336 418 365; x_wconf 80' lang='lat' dir='ltr'>spem.</span> <span class='ocrx_word' id='word_1_54' title='bbox 434 333 463 355; x_wconf 83' lang='lat' dir='ltr'>et</span> <span class='ocrx_word' id='word_1_55' title='bbox 477 326 686 355; x_wconf 71' lang='lat' dir='ltr'><em>revelationem</em></span> <span class='ocrx_word' id='word_1_56' title='bbox 701 328 801 366; x_wconf 82' lang='lat' dir='ltr'>magni</span> <span class='ocrx_word' id='word_1_57' title='bbox 820 328 886 364; x_wconf 82' lang='lat' dir='ltr'>Dei,</span> <span class='ocrx_word' id='word_1_58' title='bbox 900 334 929 357; x_wconf 83' lang='lat' dir='ltr'>et</span> <span class='ocrx_word' id='word_1_59' title='bbox 938 329 1004 358; x_wconf 84' lang='lat' dir='ltr'>Sal·</span> 
     </span>
     <span class='ocr_line' id='line_1_16' title="bbox 261 364 1004 407; baseline 0.004 -12"><span class='ocrx_word' id='word_1_60' title='bbox 261 367 368 395; x_wconf 73' lang='lat' dir='ltr'>valoris</span> <span class='ocrx_word' id='word_1_61' title='bbox 379 366 451 394; x_wconf 81' lang='lat' dir='ltr'>Jesu</span> <span class='ocrx_word' id='word_1_62' title='bbox 466 364 583 395; x_wconf 81' lang='lat' dir='ltr'><em>Christi.</em></span> <span class='ocrx_word' id='word_1_63' title='bbox 600 365 636 395; x_wconf 87' lang='lat' dir='ltr'>Et</span> <span class='ocrx_word' id='word_1_64' title='bbox 651 365 739 395; x_wconf 86' lang='lat' dir='ltr'>David</span> <span class='ocrx_word' id='word_1_65' title='bbox 752 366 790 395; x_wconf 78' lang='lat' dir='ltr'>ait</span> <span class='ocrx_word' id='word_1_66' title='bbox 805 378 819 395; x_wconf 46' lang='lat'>:³</span> <span class='ocrx_word' id='word_1_67' title='bbox 826 368 955 407; x_wconf 80' lang='lat' dir='ltr'>Magnus</span> <span class='ocrx_word' id='word_1_68' title='bbox 962 375 1004 398; x_wconf 78' lang='lat' dir='ltr'>est</span> 
     </span>
     <span class='ocr_line' id='line_1_17' title="bbox 260 405 1004 448; baseline 0.005 -15"><span class='ocrx_word' id='word_1_69' title='bbox 260 406 415 440; x_wconf 79' lang='lat' dir='ltr'><em>Dominus,</em></span> <span class='ocrx_word' id='word_1_70' title='bbox 429 412 456 434; x_wconf 79' lang='lat' dir='ltr'>et</span> <span class='ocrx_word' id='word_1_71' title='bbox 467 415 573 444; x_wconf 83' lang='lat' dir='ltr'>magna</span> <span class='ocrx_word' id='word_1_72' title='bbox 587 406 680 436; x_wconf 80' lang='lat' dir='ltr'>virtus</span> <span class='ocrx_word' id='word_1_73' title='bbox 689 407 762 445; x_wconf 81' lang='lat' dir='ltr'>ejus.</span> <span class='ocrx_word' id='word_1_74' title='bbox 776 405 849 435; x_wconf 87' lang='lat' dir='ltr'>Num</span> <span class='ocrx_word' id='word_1_75' title='bbox 862 407 937 438; x_wconf 85' lang='lat' dir='ltr'>aliud</span> <span class='ocrx_word' id='word_1_76' title='bbox 946 408 1004 448; x_wconf 86' lang='lat' dir='ltr'>ipse</span> 
     </span>
     <span class='ocr_line' id='line_1_18' title="bbox 258 443 1004 484; baseline 0.004 -10"><span class='ocrx_word' id='word_1_77' title='bbox 258 445 301 480; x_wconf 85' lang='lat' dir='ltr'>sit,</span> <span class='ocrx_word' id='word_1_78' title='bbox 320 451 346 473; x_wconf 86' lang='lat' dir='ltr'>et</span> <span class='ocrx_word' id='word_1_79' title='bbox 357 443 434 473; x_wconf 83' lang='lat' dir='ltr'>aliud</span> <span class='ocrx_word' id='word_1_80' title='bbox 454 444 542 474; x_wconf 86' lang='lat' dir='ltr'>virtus</span> <span class='ocrx_word' id='word_1_81' title='bbox 563 444 640 484; x_wconf 74' lang='lat' dir='ltr'>ejus?</span> <span class='ocrx_word' id='word_1_82' title='bbox 654 444 737 482; x_wconf 87' lang='lat' dir='ltr'>Quod</span> <span class='ocrx_word' id='word_1_83' title='bbox 757 452 846 474; x_wconf 84' lang='lat' dir='ltr'>autem</span> <span class='ocrx_word' id='word_1_84' title='bbox 864 446 952 477; x_wconf 87' lang='lat' dir='ltr'>Filius</span> <span class='ocrx_word' id='word_1_85' title='bbox 965 454 1004 477; x_wconf 89' lang='lat' dir='ltr'>est</span> 
     </span>
     <span class='ocr_line' id='line_1_19' title="bbox 257 484 1004 525; baseline 0.007 -13"><span class='ocrx_word' id='word_1_86' title='bbox 257 484 344 513; x_wconf 83' lang='lat' dir='ltr'>virtus</span> <span class='ocrx_word' id='word_1_87' title='bbox 369 484 437 519; x_wconf 64' lang='grc' dir='ltr'><strong>εἰπε,</strong></span> <span class='ocrx_word' id='word_1_88' title='bbox 464 491 574 514; x_wconf 86' lang='lat' dir='ltr'>testatur</span> <span class='ocrx_word' id='word_1_89' title='bbox 589 485 736 525; x_wconf 76' lang='lat' dir='ltr'>&#39;apostolus</span> <span class='ocrx_word' id='word_1_90' title='bbox 757 495 764 513; x_wconf 71' lang='grc' dir='ltr'><strong><em>ε</em></strong></span> <span class='ocrx_word' id='word_1_91' title='bbox 791 485 934 522; x_wconf 75' lang='lat' dir='ltr'>christus,</span> <span class='ocrx_word' id='word_1_92' title='bbox 958 488 1004 523; x_wconf 83' lang='lat' dir='ltr'>iu-</span> 
     </span>
     <span class='ocr_line' id='line_1_20' title="bbox 256 495 1000 566; baseline 0.005 -14"><span class='ocrx_word' id='word_1_93' title='bbox 256 523 362 562; x_wconf 85' lang='lat' dir='ltr'>quiens,</span> <span class='ocrx_word' id='word_1_94' title='bbox 377 495 434 552; x_wconf 62' lang='lat' dir='ltr'>bei</span> <span class='ocrx_word' id='word_1_95' title='bbox 451 525 558 554; x_wconf 83' lang='lat' dir='ltr'>virtus.</span> <span class='ocrx_word' id='word_1_96' title='bbox 574 525 675 553; x_wconf 87' lang='lat' dir='ltr'>Iterum</span> <span class='ocrx_word' id='word_1_97' title='bbox 694 535 757 554; x_wconf 83' lang='lat' dir='ltr'>cum</span> <span class='ocrx_word' id='word_1_98' title='bbox 778 523 845 554; x_wconf 88' lang='lat' dir='ltr'>dicit</span> <span class='ocrx_word' id='word_1_99' title='bbox 859 526 1000 566; x_wconf 87' lang='lat' dir='ltr'>propheta,</span> 
     </span>
     <span class='ocr_line' id='line_1_21' title="bbox 257 564 1004 603; baseline 0.008 -12"><span class='ocrx_word' id='word_1_100' title='bbox 257 564 386 603; x_wconf 79' lang='lat' dir='ltr'>Magnus</span> <span class='ocrx_word' id='word_1_101' title='bbox 400 569 442 592; x_wconf 83' lang='lat' dir='ltr'>est</span> <span class='ocrx_word' id='word_1_102' title='bbox 461 564 605 593; x_wconf 82' lang='lat' dir='ltr'><em>Dominus</em></span> <span class='ocrx_word' id='word_1_103' title='bbox 618 570 717 593; x_wconf 85' lang='lat' dir='ltr'>noster</span> <span class='ocrx_word' id='word_1_104' title='bbox 724 566 814 601; x_wconf 64' lang='grc' dir='ltr'>(οἱα),</span> <span class='ocrx_word' id='word_1_105' title='bbox 830 564 902 595; x_wconf 88' lang='lat' dir='ltr'>idem</span> <span class='ocrx_word' id='word_1_106' title='bbox 922 573 962 596; x_wconf 85' lang='lat' dir='ltr'>est</span> <span class='ocrx_word' id='word_1_107' title='bbox 973 577 1004 597; x_wconf 90' lang='lat' dir='ltr'>ac</span> 
     </span>
     <span class='ocr_line' id='line_1_22' title="bbox 257 602 1003 646; baseline 0.007 -15"><span class='ocrx_word' id='word_1_108' title='bbox 257 602 279 631; x_wconf 90' lang='lat' dir='ltr'>si</span> <span class='ocrx_word' id='word_1_109' title='bbox 293 602 407 636; x_wconf 82' lang='lat' dir='ltr'>diceret,</span> <span class='ocrx_word' id='word_1_110' title='bbox 419 603 535 642; x_wconf 85' lang='lat' dir='ltr'>Magnus</span> <span class='ocrx_word' id='word_1_111' title='bbox 546 609 586 633; x_wconf 84' lang='lat' dir='ltr'>est</span> <span class='ocrx_word' id='word_1_112' title='bbox 600 604 688 639; x_wconf 86' lang='lat' dir='ltr'>Pater,</span> <span class='ocrx_word' id='word_1_113' title='bbox 702 611 729 633; x_wconf 85' lang='lat' dir='ltr'>ct</span> <span class='ocrx_word' id='word_1_114' title='bbox 738 614 834 643; x_wconf 85' lang='lat' dir='ltr'>magna</span> <span class='ocrx_word' id='word_1_115' title='bbox 843 604 930 635; x_wconf 82' lang='lat' dir='ltr'>virtus</span> <span class='ocrx_word' id='word_1_116' title='bbox 944 608 1003 646; x_wconf 85' lang='lat' dir='ltr'>ejus</span> 
     </span>
     <span class='ocr_line' id='line_1_23' title="bbox 255 638 1002 684; baseline 0.005 -13"><span class='ocrx_word' id='word_1_117' title='bbox 255 638 375 684; x_wconf 74' lang='lat' dir='ltr'>Spiritus</span> <span class='ocrx_word' id='word_1_118' title='bbox 388 649 513 672; x_wconf 86' lang='lat' dir='ltr'>sanctus:</span> <span class='ocrx_word' id='word_1_119' title='bbox 531 650 561 672; x_wconf 89' lang='lat' dir='ltr'>ut</span> <span class='ocrx_word' id='word_1_120' title='bbox 577 642 615 672; x_wconf 86' lang='lat' dir='ltr'>ait</span> <span class='ocrx_word' id='word_1_121' title='bbox 633 643 761 673; x_wconf 88' lang='lat' dir='ltr'>Servator</span> <span class='ocrx_word' id='word_1_122' title='bbox 776 644 916 683; x_wconf 89' lang='lat' dir='ltr'>apostolis,</span> <span class='ocrx_word' id='word_1_123' title='bbox 930 646 1002 675; x_wconf 85' lang='lat' dir='ltr'>Per-</span> 
     </span>
     <span class='ocr_line' id='line_1_24' title="bbox 255 682 1003 724; baseline 0.007 -14"><span class='ocrx_word' id='word_1_124' title='bbox 255 689 388 711; x_wconf 74' lang='lat' dir='ltr'>sever-ate</span> <span class='ocrx_word' id='word_1_125' title='bbox 407 683 613 720; x_wconf 81' lang='lat' dir='ltr'>Jerosolymis,</span> <span class='ocrx_word' id='word_1_126' title='bbox 627 682 721 712; x_wconf 83' lang='lat' dir='ltr'>donec</span> <span class='ocrx_word' id='word_1_127' title='bbox 739 684 890 724; x_wconf 77' lang='lat' dir='ltr'><strong><em>accipiatis</em></strong></span> <span class='ocrx_word' id='word_1_128' title='bbox 908 686 1003 715; x_wconf 82' lang='lat' dir='ltr'>virtu-</span> 
     </span>
     <span class='ocr_line' id='line_1_25' title="bbox 257 721 447 751; baseline -0.005 0"><span class='ocrx_word' id='word_1_129' title='bbox 257 728 315 751; x_wconf 81' lang='lat' dir='ltr'>tem</span> <span class='ocrx_word' id='word_1_130' title='bbox 326 732 363 750; x_wconf 74' lang='lat' dir='ltr'>ex</span> <span class='ocrx_word' id='word_1_131' title='bbox 374 721 447 751; x_wconf 83' lang='lat' dir='ltr'>alto.</span> 
     </span>
    </p>

    <p class='ocr_par' dir='ltr' id='par_1_13' title="bbox 256 760 1001 870">
     <span class='ocr_line' id='line_1_26' title="bbox 295 760 1001 800; baseline 0.006 -10"><span class='ocrx_word' id='word_1_132' title='bbox 295 761 351 790; x_wconf 87' lang='lat' dir='ltr'>Sed</span> <span class='ocrx_word' id='word_1_133' title='bbox 374 760 449 798; x_wconf 84' lang='lat' dir='ltr'>vide,</span> <span class='ocrx_word' id='word_1_134' title='bbox 461 762 597 800; x_wconf 90' lang='lat' dir='ltr'>quomodo</span> <span class='ocrx_word' id='word_1_135' title='bbox 616 764 708 800; x_wconf 86' lang='lat' dir='ltr'>(nova)</span> <span class='ocrx_word' id='word_1_136' title='bbox 732 761 882 792; x_wconf 87' lang='lat' dir='ltr'>moliuntur</span> <span class='ocrx_word' id='word_1_137' title='bbox 901 762 1001 794; x_wconf 87' lang='lat' dir='ltr'>adver-</span> 
     </span>
     <span class='ocr_line' id='line_1_27' title="bbox 256 800 1000 870; baseline 0.007 -41"><span class='ocrx_word' id='word_1_138' title='bbox 256 800 332 830; x_wconf 89' lang='lat' dir='ltr'>sarii.</span> <span class='ocrx_word' id='word_1_139' title='bbox 344 801 571 840; x_wconf 25' lang='lat' dir='ltr'>Haeo‚*inquiunt‚</span> <span class='ocrx_word' id='word_1_140' title='bbox 582 802 670 832; x_wconf 88' lang='lat' dir='ltr'>virtus</span> <span class='ocrx_word' id='word_1_141' title='bbox 689 809 739 838; x_wconf 90' lang='lat' dir='ltr'>est,</span> <span class='ocrx_word' id='word_1_142' title='bbox 754 812 814 870; x_wconf 65' lang='lat' dir='ltr'>qlpa:</span> <span class='ocrx_word' id='word_1_143' title='bbox 833 802 1000 847; x_wconf 74' lang='lat' dir='ltr'>opulentiam</span> 
     </span>
    </p>
   </div>
   <div class='ocr_carea' id='block_1_13' title="bbox 257 839 1035 887">
    <p class='ocr_par' dir='ltr' id='par_1_14' title="bbox 257 839 1035 887">
     <span class='ocr_line' id='line_1_28' title="bbox 257 839 1035 887; baseline 0.005 -18"><span class='ocrx_word' id='word_1_144' title='bbox 257 839 443 880; x_wconf 72' lang='lat' dir='ltr'>promissionis</span> <span class='ocrx_word' id='word_1_145' title='bbox 455 841 619 871; x_wconf 88' lang='lat' dir='ltr'>distribuet:</span> <span class='ocrx_word' id='word_1_146' title='bbox 631 852 679 871; x_wconf 87' lang='lat' dir='ltr'>nec</span> <span class='ocrx_word' id='word_1_147' title='bbox 694 842 764 871; x_wconf 88' lang='lat' dir='ltr'>alicu</span> <span class='ocrx_word' id='word_1_148' title='bbox 787 841 796 870; x_wconf 92' lang='lat' dir='ltr'>i</span> <span class='ocrx_word' id='word_1_149' title='bbox 809 849 999 887; x_wconf 82' lang='lat' dir='ltr'>scriptumest,</span> <span class='ocrx_word' id='word_1_150' title='bbox 1017 848 1035 872; x_wconf 87' lang='lat' dir='ltr'>B</span> 
     </span>
    </p>
   </div>
   <div class='ocr_carea' id='block_1_14' title="bbox 255 879 1002 1439">
    <p class='ocr_par' dir='ltr' id='par_1_15' title="bbox 255 879 1002 1439">
     <span class='ocr_line' id='line_1_29' title="bbox 257 879 1000 921; baseline 0.004 -13"><span class='ocrx_word' id='word_1_151' title='bbox 257 879 332 918; x_wconf 86' lang='lat' dir='ltr'>quod</span> <span class='ocrx_word' id='word_1_152' title='bbox 351 879 470 919; x_wconf 78' lang='lat' dir='ltr'>Spiritus</span> <span class='ocrx_word' id='word_1_153' title='bbox 486 881 560 910; x_wconf 87' lang='lat' dir='ltr'>Deus</span> <span class='ocrx_word' id='word_1_154' title='bbox 578 881 624 918; x_wconf 81' lang='lat' dir='ltr'>sit,</span> <span class='ocrx_word' id='word_1_155' title='bbox 638 881 687 911; x_wconf 80' lang='lat' dir='ltr'>sed</span> <span class='ocrx_word' id='word_1_156' title='bbox 702 881 728 921; x_wconf 88' lang='lat' dir='ltr'>pi</span> <span class='ocrx_word' id='word_1_157' title='bbox 749 891 800 910; x_wconf 89' lang='lat' dir='ltr'>nus</span> <span class='ocrx_word' id='word_1_158' title='bbox 821 882 883 911; x_wconf 83' lang='lat' dir='ltr'>Dei.</span> <span class='ocrx_word' id='word_1_159' title='bbox 897 882 940 911; x_wconf 86' lang='lat' dir='ltr'>Tu</span> <span class='ocrx_word' id='word_1_160' title='bbox 950 893 1000 912; x_wconf 86' lang='lat' dir='ltr'>au-</span> 
     </span>
     <span class='ocr_line' id='line_1_30' title="bbox 257 919 1002 960; baseline 0.005 -12"><span class='ocrx_word' id='word_1_161' title='bbox 257 925 311 948; x_wconf 84' lang='lat' dir='ltr'>tem</span> <span class='ocrx_word' id='word_1_162' title='bbox 330 919 446 949; x_wconf 80' lang='lat' dir='ltr'>attende.</span> <span class='ocrx_word' id='word_1_163' title='bbox 469 920 569 959; x_wconf 81' lang='lat' dir='ltr'>Pignus</span> <span class='ocrx_word' id='word_1_164' title='bbox 582 931 644 960; x_wconf 83' lang='lat' dir='ltr'>pars</span> <span class='ocrx_word' id='word_1_165' title='bbox 663 927 702 951; x_wconf 87' lang='lat' dir='ltr'>est</span> <span class='ocrx_word' id='word_1_166' title='bbox 742 920 800 958; x_wconf 62' lang='lat' dir='ltr'>oni,</span> <span class='ocrx_word' id='word_1_167' title='bbox 812 930 897 960; x_wconf 87' lang='lat' dir='ltr'>neque</span> <span class='ocrx_word' id='word_1_168' title='bbox 915 927 1002 952; x_wconf 89' lang='lat' dir='ltr'>totum</span> 
     </span>
     <span class='ocr_line' id='line_1_31' title="bbox 257 957 1001 1000; baseline 0.004 -13"><span class='ocrx_word' id='word_1_169' title='bbox 257 957 369 988; x_wconf 90' lang='lat' dir='ltr'>donum.</span> <span class='ocrx_word' id='word_1_170' title='bbox 379 959 518 1000; x_wconf 83' lang='lat' dir='ltr'>Scriptum</span> <span class='ocrx_word' id='word_1_171' title='bbox 529 966 579 995; x_wconf 60' lang='lat' dir='ltr'>ost,</span> <span class='ocrx_word' id='word_1_172' title='bbox 593 959 679 996; x_wconf 83' lang='lat' dir='ltr'>aiunt,</span> <span class='ocrx_word' id='word_1_173' title='bbox 693 959 767 1000; x_wconf 88' lang='lat' dir='ltr'>apud</span> <span class='ocrx_word' id='word_1_174' title='bbox 777 961 927 1000; x_wconf 82' lang='lat' dir='ltr'>apostolum</span> <span class='ocrx_word' id='word_1_175' title='bbox 935 962 1001 991; x_wconf 87' lang='lat' dir='ltr'>:Ob-</span> 
     </span>
     <span class='ocr_line' id='line_1_32' title="bbox 257 999 1002 1040; baseline 0.003 -12"><span class='ocrx_word' id='word_1_176' title='bbox 257 999 367 1038; x_wconf 82' lang='lat' dir='ltr'>signati</span> <span class='ocrx_word' id='word_1_177' title='bbox 377 999 446 1028; x_wconf 86' lang='lat' dir='ltr'>estis</span> <span class='ocrx_word' id='word_1_178' title='bbox 459 1001 491 1028; x_wconf 88' lang='lat' dir='ltr'>in</span> <span class='ocrx_word' id='word_1_179' title='bbox 501 999 608 1038; x_wconf 79' lang='lat' dir='ltr'>Spiritu</span> <span class='ocrx_word' id='word_1_180' title='bbox 617 1001 819 1040; x_wconf 80' lang='lat' dir='ltr'>promissionis</span> <span class='ocrx_word' id='word_1_181' title='bbox 829 1007 942 1036; x_wconf 78' lang='lat' dir='ltr'>sancto,</span> <span class='ocrx_word' id='word_1_182' title='bbox 950 1004 1002 1040; x_wconf 83' lang='lat' dir='ltr'>qui</span> 
     </span>
     <span class='ocr_line' id='line_1_33' title="bbox 257 1039 1000 1079; baseline 0.005 -13"><span class='ocrx_word' id='word_1_183' title='bbox 257 1043 300 1067; x_wconf 87' lang='lat' dir='ltr'>est</span> <span class='ocrx_word' id='word_1_184' title='bbox 305 1040 411 1078; x_wconf 82' lang='lat' dir='ltr'>pignus</span> <span class='ocrx_word' id='word_1_185' title='bbox 424 1039 604 1069; x_wconf 70' lang='lat' dir='ltr'>hoeredieatis</span> <span class='ocrx_word' id='word_1_186' title='bbox 619 1047 738 1069; x_wconf 79' lang='lat' dir='ltr'>nostroe:</span> <span class='ocrx_word' id='word_1_187' title='bbox 755 1039 856 1077; x_wconf 74' lang='lat' dir='ltr'>viden&#39;‚</span> <span class='ocrx_word' id='word_1_188' title='bbox 864 1040 1000 1079; x_wconf 84' lang='lat' dir='ltr'>inquiunt,</span> 
     </span>
     <span class='ocr_line' id='line_1_34' title="bbox 256 1077 1001 1118; baseline 0.004 -12"><span class='ocrx_word' id='word_1_189' title='bbox 256 1077 358 1106; x_wconf 88' lang='lat' dir='ltr'>donum</span> <span class='ocrx_word' id='word_1_190' title='bbox 371 1089 438 1115; x_wconf 87' lang='lat' dir='ltr'>esse,</span> <span class='ocrx_word' id='word_1_191' title='bbox 460 1088 513 1107; x_wconf 92' lang='lat' dir='ltr'>non</span> <span class='ocrx_word' id='word_1_192' title='bbox 528 1079 639 1109; x_wconf 81' lang='lat' dir='ltr'>Deum?</span> <span class='ocrx_word' id='word_1_193' title='bbox 659 1077 735 1116; x_wconf 83' lang='lat' dir='ltr'>Quid</span> <span class='ocrx_word' id='word_1_194' title='bbox 756 1089 831 1118; x_wconf 83' lang='lat' dir='ltr'>ergo,</span> <span class='ocrx_word' id='word_1_195' title='bbox 845 1079 868 1108; x_wconf 76' lang='lat' dir='ltr'>si</span> <span class='ocrx_word' id='word_1_196' title='bbox 881 1079 1001 1110; x_wconf 85' lang='lat' dir='ltr'>invenies</span> 
     </span>
     <span class='ocr_line' id='line_1_35' title="bbox 256 1118 1000 1158; baseline 0.004 -12"><span class='ocrx_word' id='word_1_197' title='bbox 256 1118 361 1146; x_wconf 80' lang='lat' dir='ltr'>Patrem</span> <span class='ocrx_word' id='word_1_198' title='bbox 370 1128 476 1157; x_wconf 84' lang='lat' dir='ltr'>quoque</span> <span class='ocrx_word' id='word_1_199' title='bbox 483 1124 586 1158; x_wconf 86' lang='lat' dir='ltr'>partem</span> <span class='ocrx_word' id='word_1_200' title='bbox 595 1125 621 1148; x_wconf 84' lang='lat' dir='ltr'>et</span> <span class='ocrx_word' id='word_1_201' title='bbox 631 1118 813 1148; x_wconf 75' lang='lat' dir='ltr'>haereditatem</span> <span class='ocrx_word' id='word_1_202' title='bbox 821 1119 921 1156; x_wconf 87' lang='lat' dir='ltr'>vocari,</span> <span class='ocrx_word' id='word_1_203' title='bbox 935 1126 1000 1150; x_wconf 84' lang='lat' dir='ltr'>tunc</span> 
     </span>
     <span class='ocr_line' id='line_1_36' title="bbox 255 1156 999 1198; baseline 0.004 -13"><span class='ocrx_word' id='word_1_204' title='bbox 255 1156 335 1186; x_wconf 87' lang='lat' dir='ltr'>etiam</span> <span class='ocrx_word' id='word_1_205' title='bbox 348 1157 429 1187; x_wconf 85' lang='lat' dir='ltr'>verba</span> <span class='ocrx_word' id='word_1_206' title='bbox 439 1158 497 1197; x_wconf 87' lang='lat' dir='ltr'>ipsa</span> <span class='ocrx_word' id='word_1_207' title='bbox 509 1158 640 1196; x_wconf 78' lang='lat' dir='ltr'>sequaris,</span> <span class='ocrx_word' id='word_1_208' title='bbox 649 1166 701 1188; x_wconf 86' lang='lat' dir='ltr'>non</span> <span class='ocrx_word' id='word_1_209' title='bbox 716 1158 851 1188; x_wconf 78' lang='lat' dir='ltr'><strong>mentem?</strong></span> <span class='ocrx_word' id='word_1_210' title='bbox 865 1158 999 1198; x_wconf 87' lang='lat' dir='ltr'>siquidem</span> 
     </span>
     <span class='ocr_line' id='line_1_37' title="bbox 255 1196 1000 1237; baseline 0.004 -12"><span class='ocrx_word' id='word_1_211' title='bbox 255 1204 282 1225; x_wconf 90' lang='lat' dir='ltr'>et</span> <span class='ocrx_word' id='word_1_212' title='bbox 301 1196 442 1226; x_wconf 66' lang='lat' dir='ltr'>haereditas</span> <span class='ocrx_word' id='word_1_213' title='bbox 456 1204 482 1226; x_wconf 90' lang='lat' dir='ltr'>et</span> <span class='ocrx_word' id='word_1_214' title='bbox 495 1207 558 1237; x_wconf 84' lang='lat' dir='ltr'>pars</span> <span class='ocrx_word' id='word_1_215' title='bbox 575 1197 646 1227; x_wconf 88' lang='lat' dir='ltr'>dona</span> <span class='ocrx_word' id='word_1_216' title='bbox 659 1204 722 1227; x_wconf 89' lang='lat' dir='ltr'>sunt</span> <span class='ocrx_word' id='word_1_217' title='bbox 734 1197 847 1234; x_wconf 87' lang='lat' dir='ltr'>datoris,</span> <span class='ocrx_word' id='word_1_218' title='bbox 864 1209 916 1227; x_wconf 91' lang='lat' dir='ltr'>non</span> <span class='ocrx_word' id='word_1_219' title='bbox 936 1209 1000 1229; x_wconf 78' lang='lat' dir='ltr'>vero</span> 
     </span>
     <span class='ocr_line' id='line_1_38' title="bbox 255 1235 1000 1278; baseline 0.005 -14"><span class='ocrx_word' id='word_1_220' title='bbox 255 1235 313 1275; x_wconf 91' lang='lat' dir='ltr'>ipse</span> <span class='ocrx_word' id='word_1_221' title='bbox 326 1237 413 1274; x_wconf 79' lang='lat'>[679]</span> <span class='ocrx_word' id='word_1_222' title='bbox 427 1236 473 1275; x_wconf 86' lang='lat' dir='ltr'>qui</span> <span class='ocrx_word' id='word_1_223' title='bbox 483 1235 664 1266; x_wconf 72' lang='lat' dir='ltr'>haereditatem</span> <span class='ocrx_word' id='word_1_224' title='bbox 677 1237 734 1268; x_wconf 84' lang='lat' dir='ltr'>dat.</span> <span class='ocrx_word' id='word_1_225' title='bbox 751 1238 779 1268; x_wconf 88' lang='lat' dir='ltr'>Si</span> <span class='ocrx_word' id='word_1_226' title='bbox 794 1236 868 1276; x_wconf 85' lang='lat' dir='ltr'>quod</span> <span class='ocrx_word' id='word_1_227' title='bbox 881 1237 1000 1278; x_wconf 81' lang='lat' dir='ltr'>Spiritus</span> 
     </span>
     <span class='ocr_line' id='line_1_39' title="bbox 255 1276 1000 1322; baseline 0.005 -19"><span class='ocrx_word' id='word_1_228' title='bbox 255 1282 367 1304; x_wconf 85' lang='lat' dir='ltr'>vocetur</span> <span class='ocrx_word' id='word_1_229' title='bbox 381 1277 489 1315; x_wconf 86' lang='lat' dir='ltr'>pignus,</span> <span class='ocrx_word' id='word_1_230' title='bbox 503 1276 532 1305; x_wconf 90' lang='lat' dir='ltr'>id</span> <span class='ocrx_word' id='word_1_231' title='bbox 548 1276 597 1305; x_wconf 90' lang='lat' dir='ltr'>tibi</span> <span class='ocrx_word' id='word_1_232' title='bbox 608 1276 772 1306; x_wconf 79' lang='lat' dir='ltr'>offendiculo</span> <span class='ocrx_word' id='word_1_233' title='bbox 791 1283 842 1312; x_wconf 88' lang='lat' dir='ltr'>est,</span> <span class='ocrx_word' id='word_1_234' title='bbox 858 1288 923 1322; x_wconf 72' lang='lat' dir='ltr'>ergo</span> <span class='ocrx_word' id='word_1_235' title='bbox 938 1288 1000 1307; x_wconf 86' lang='lat' dir='ltr'>cum</span> 
     </span>
     <span class='ocr_line' id='line_1_40' title="bbox 255 1313 997 1356; baseline 0.005 -14"><span class='ocrx_word' id='word_1_236' title='bbox 255 1313 289 1343; x_wconf 84' lang='lat' dir='ltr'>de</span> <span class='ocrx_word' id='word_1_237' title='bbox 303 1315 382 1343; x_wconf 85' lang='lat' dir='ltr'>Patre</span> <span class='ocrx_word' id='word_1_238' title='bbox 401 1325 508 1353; x_wconf 82' lang='lat' dir='ltr'>quoque</span> <span class='ocrx_word' id='word_1_239' title='bbox 523 1315 616 1345; x_wconf 90' lang='lat' dir='ltr'>audies</span> <span class='ocrx_word' id='word_1_240' title='bbox 630 1323 732 1356; x_wconf 87' lang='lat' dir='ltr'>partem</span> <span class='ocrx_word' id='word_1_241' title='bbox 746 1316 912 1346; x_wconf 71' lang='lat' dir='ltr'>haereditans</span> <span class='ocrx_word' id='word_1_242' title='bbox 929 1327 997 1354; x_wconf 80' lang='lat' dir='ltr'>esse,</span> 
     </span>
     <span class='ocr_line' id='line_1_41' title="bbox 255 1353 997 1394; baseline 0.005 -13"><span class='ocrx_word' id='word_1_243' title='bbox 255 1353 282 1382; x_wconf 88' lang='lat' dir='ltr'>in</span> <span class='ocrx_word' id='word_1_244' title='bbox 292 1353 372 1382; x_wconf 89' lang='lat' dir='ltr'>illum</span> <span class='ocrx_word' id='word_1_245' title='bbox 384 1355 463 1383; x_wconf 88' lang='lat' dir='ltr'>etiam</span> <span class='ocrx_word' id='word_1_246' title='bbox 474 1354 668 1394; x_wconf 83' lang='lat' dir='ltr'>blasphemiam</span> <span class='ocrx_word' id='word_1_247' title='bbox 679 1355 784 1384; x_wconf 75' lang='lat' dir='ltr'>mittis?</span> <span class='ocrx_word' id='word_1_248' title='bbox 797 1356 918 1385; x_wconf 82' lang='lat' dir='ltr'>Observa</span> <span class='ocrx_word' id='word_1_249' title='bbox 933 1366 997 1386; x_wconf 89' lang='lat' dir='ltr'>con-</span> 
     </span>
     <span class='ocr_line' id='line_1_42' title="bbox 255 1393 1000 1439; baseline 0.004 -18"><span class='ocrx_word' id='word_1_250' title='bbox 255 1399 355 1422; x_wconf 81' lang='lat' dir='ltr'>stanter</span> <span class='ocrx_word' id='word_1_251' title='bbox 370 1404 377 1421; x_wconf 72' lang='grc' dir='ltr'><strong><em>ε</em></strong></span> <span class='ocrx_word' id='word_1_252' title='bbox 394 1403 446 1422; x_wconf 90' lang='lat' dir='ltr'>non</span> <span class='ocrx_word' id='word_1_253' title='bbox 465 1393 537 1423; x_wconf 83' lang='lat' dir='ltr'>dixit</span> <span class='ocrx_word' id='word_1_254' title='bbox 555 1393 747 1432; x_wconf 78' lang='lat' dir='ltr'>haereditatem,</span> <span class='ocrx_word' id='word_1_255' title='bbox 761 1394 932 1439; x_wconf 35' lang='lat' dir='ltr'>sed-partem</span> <span class='ocrx_word' id='word_1_256' title='bbox 944 1395 1000 1424; x_wconf 85' lang='lat' dir='ltr'>hae-</span> 
     </span>
    </p>
   </div>
   <div class='ocr_carea' id='block_1_15' title="bbox 1049 288 1904 1433">
    <p class='ocr_par' dir='ltr' id='par_1_16' title="bbox 1051 288 1904 881">
     <span class='ocr_line' id='line_1_43' title="bbox 1058 288 1831 327; baseline 0.01 -11"><span class='ocrx_word' id='word_1_257' title='bbox 1058 297 1133 324; x_wconf 83' lang='lat' dir='ltr'>mea,</span> <span class='ocrx_word' id='word_1_258' title='bbox 1144 288 1280 327; x_wconf 86' lang='lat' dir='ltr'>Domine,</span> <span class='ocrx_word' id='word_1_259' title='bbox 1289 292 1321 319; x_wconf 88' lang='lat' dir='ltr'>in</span> <span class='ocrx_word' id='word_1_260' title='bbox 1329 297 1406 320; x_wconf 83' lang='lat' dir='ltr'>terra</span> <span class='ocrx_word' id='word_1_261' title='bbox 1420 292 1595 321; x_wconf 82' lang='lat' dir='ltr'>viventium.</span> <span class='ocrx_word' id='word_1_262' title='bbox 1607 293 1735 324; x_wconf 80' lang='lat' dir='ltr'>Curvero</span> <span class='ocrx_word' id='word_1_263' title='bbox 1745 301 1798 324; x_wconf 83' lang='lat' dir='ltr'>tota</span> <span class='ocrx_word' id='word_1_264' title='bbox 1807 293 1831 317; x_wconf 84' lang='lat'>⁶·</span> 
     </span>
     <span class='ocr_line' id='line_1_44' title="bbox 1056 326 1798 368; baseline 0.012 -14"><span class='ocrx_word' id='word_1_265' title='bbox 1056 326 1104 355; x_wconf 92' lang='lat' dir='ltr'>illa</span> <span class='ocrx_word' id='word_1_266' title='bbox 1116 327 1202 358; x_wconf 87' lang='lat' dir='ltr'>virtus</span> <span class='ocrx_word' id='word_1_267' title='bbox 1214 329 1301 368; x_wconf 82' lang='lat' dir='ltr'>portio</span> <span class='ocrx_word' id='word_1_268' title='bbox 1316 336 1342 359; x_wconf 88' lang='lat' dir='ltr'>et</span> <span class='ocrx_word' id='word_1_269' title='bbox 1353 329 1495 360; x_wconf 72' lang='lat' dir='ltr'>haereditas</span> <span class='ocrx_word' id='word_1_270' title='bbox 1507 338 1629 368; x_wconf 82' lang='lat' dir='ltr'>vocetur,</span> <span class='ocrx_word' id='word_1_271' title='bbox 1643 343 1748 363; x_wconf 80' lang='lat' dir='ltr'>neeesse</span> <span class='ocrx_word' id='word_1_272' title='bbox 1759 341 1798 364; x_wconf 58' lang='lat' dir='ltr'>est</span> 
     </span>
     <span class='ocr_line' id='line_1_45' title="bbox 1056 364 1856 410; baseline 0.011 -16"><span class='ocrx_word' id='word_1_273' title='bbox 1056 364 1156 395; x_wconf 85' lang='lat' dir='ltr'>dicere.</span> <span class='ocrx_word' id='word_1_274' title='bbox 1169 368 1396 407; x_wconf 83' lang='lat' dir='ltr'>Quandoquidem</span> <span class='ocrx_word' id='word_1_275' title='bbox 1404 371 1492 399; x_wconf 87' lang='lat' dir='ltr'>Deum</span> <span class='ocrx_word' id='word_1_276' title='bbox 1502 370 1587 400; x_wconf 90' lang='lat' dir='ltr'>libero</span> <span class='ocrx_word' id='word_1_277' title='bbox 1602 372 1796 403; x_wconf 74' lang='lat' dir='ltr'>arbitrioooli-</span> <span class='ocrx_word' id='word_1_278' title='bbox 1854 408 1856 410; x_wconf 17' lang='lat' dir='ltr'>v</span> 
     </span>
     <span class='ocr_line' id='line_1_46' title="bbox 1056 407 1904 452; baseline 0.011 -18"><span class='ocrx_word' id='word_1_279' title='bbox 1056 415 1128 442; x_wconf 67' lang='lat' dir='ltr'>musi,</span> <span class='ocrx_word' id='word_1_280' title='bbox 1144 416 1217 436; x_wconf 86' lang='lat' dir='ltr'>unus</span> <span class='ocrx_word' id='word_1_281' title='bbox 1237 414 1326 438; x_wconf 84' lang='lat' dir='ltr'>autem</span> <span class='ocrx_word' id='word_1_282' title='bbox 1344 407 1527 447; x_wconf 89' lang='lat' dir='ltr'>(hominum)</span> <span class='ocrx_word' id='word_1_283' title='bbox 1544 410 1672 441; x_wconf 84' lang='lat' dir='ltr'>insaniam</span> <span class='ocrx_word' id='word_1_284' title='bbox 1697 412 1796 452; x_wconf 72' lang='lat' dir='ltr'>seligit,</span> <span class='ocrx_word' id='word_1_285' title='bbox 1903 417 1904 433; x_wconf 63' lang='lat'>¹</span> 
     </span>
     <span class='ocr_line' id='line_1_47' title="bbox 1055 444 1798 491; baseline 0.011 -18"><span class='ocrx_word' id='word_1_286' title='bbox 1055 444 1123 488; x_wconf 68' lang='lat' dir='ltr'>alter</span> <span class='ocrx_word' id='word_1_287' title='bbox 1135 446 1332 486; x_wconf 71' lang='lat' dir='ltr'>Deum„portio</span> <span class='ocrx_word' id='word_1_288' title='bbox 1341 447 1456 478; x_wconf 85' lang='lat' dir='ltr'>efficitur</span> <span class='ocrx_word' id='word_1_289' title='bbox 1468 447 1590 478; x_wconf 83' lang='lat' dir='ltr'>fidelium</span> <span class='ocrx_word' id='word_1_290' title='bbox 1598 449 1687 490; x_wconf 80' lang='lat' dir='ltr'>ipsum</span> <span class='ocrx_word' id='word_1_291' title='bbox 1698 451 1798 491; x_wconf 85' lang='lat' dir='ltr'>eligen-</span> 
     </span>
     <span class='ocr_line' id='line_1_48' title="bbox 1054 486 1904 530; baseline 0.013 -18"><span class='ocrx_word' id='word_1_292' title='bbox 1054 490 1134 514; x_wconf 79' lang='lat' dir='ltr'>tium.</span> <span class='ocrx_word' id='word_1_293' title='bbox 1151 486 1278 526; x_wconf 84' lang='lat' dir='ltr'>Exempli</span> <span class='ocrx_word' id='word_1_294' title='bbox 1291 498 1382 524; x_wconf 86' lang='lat' dir='ltr'>causa,</span> <span class='ocrx_word' id='word_1_295' title='bbox 1397 488 1518 526; x_wconf 81' lang='lat' dir='ltr'>Levitis,</span> <span class='ocrx_word' id='word_1_296' title='bbox 1531 489 1580 526; x_wconf 81' lang='lat' dir='ltr'>ait,</span> <span class='ocrx_word' id='word_1_297' title='bbox 1595 500 1654 519; x_wconf 83' lang='lat' dir='ltr'>non</span> <span class='ocrx_word' id='word_1_298' title='bbox 1667 492 1722 520; x_wconf 72' lang='lat' dir='ltr'>en‘t</span> <span class='ocrx_word' id='word_1_299' title='bbox 1729 501 1796 530; x_wconf 82' lang='lat' dir='ltr'>por·</span> <span class='ocrx_word' id='word_1_300' title='bbox 1805 499 1875 523; x_wconf 75' lang='lat' dir='ltr'>Num.</span> <span class='ocrx_word' id='word_1_301' title='bbox 1903 510 1904 519; x_wconf 55' lang='grc' dir='ltr'>ι</span> 
     </span>
     <span class='ocr_line' id='line_1_49' title="bbox 1056 524 1848 568; baseline 0.011 -17"><span class='ocrx_word' id='word_1_302' title='bbox 1056 524 1096 552; x_wconf 83' lang='lat' dir='ltr'>tio</span> <span class='ocrx_word' id='word_1_303' title='bbox 1116 526 1149 552; x_wconf 89' lang='lat' dir='ltr'>in</span> <span class='ocrx_word' id='word_1_304' title='bbox 1166 532 1244 554; x_wconf 83' lang='lat' dir='ltr'>terra</span> <span class='ocrx_word' id='word_1_305' title='bbox 1256 539 1265 555; x_wconf 89' lang='lat'>.·</span> <span class='ocrx_word' id='word_1_306' title='bbox 1284 526 1416 557; x_wconf 87' lang='lat' dir='ltr'>Dominus</span> <span class='ocrx_word' id='word_1_307' title='bbox 1435 527 1506 557; x_wconf 90' lang='lat' dir='ltr'>enim</span> <span class='ocrx_word' id='word_1_308' title='bbox 1521 528 1609 568; x_wconf 85' lang='lat' dir='ltr'>portio</span> <span class='ocrx_word' id='word_1_309' title='bbox 1622 529 1732 559; x_wconf 86' lang='lat' dir='ltr'>illorum</span> <span class='ocrx_word' id='word_1_310' title='bbox 1745 537 1795 566; x_wconf 85' lang='lat' dir='ltr'>est,</span> <span class='ocrx_word' id='word_1_311' title='bbox 1806 537 1848 553; x_wconf 87' lang='lat'>²⁰·</span> 
     </span>
     <span class='ocr_line' id='line_1_50' title="bbox 1054 564 1798 608; baseline 0.011 -16"><span class='ocrx_word' id='word_1_312' title='bbox 1054 572 1135 601; x_wconf 90' lang='lat' dir='ltr'>quem</span> <span class='ocrx_word' id='word_1_313' title='bbox 1150 564 1298 605; x_wconf 80' lang='lat' dir='ltr'>elegerunt.</span> <span class='ocrx_word' id='word_1_314' title='bbox 1319 565 1443 597; x_wconf 85' lang='lat' dir='ltr'>Declarat</span> <span class='ocrx_word' id='word_1_315' title='bbox 1462 574 1552 597; x_wconf 85' lang='lat' dir='ltr'>autem</span> <span class='ocrx_word' id='word_1_316' title='bbox 1565 569 1708 608; x_wconf 84' lang='lat' dir='ltr'>propheta,</span> <span class='ocrx_word' id='word_1_317' title='bbox 1723 570 1798 608; x_wconf 87' lang='lat' dir='ltr'>quod</span> 
     </span>
     <span class='ocr_line' id='line_1_51' title="bbox 1054 602 1796 646; baseline 0.012 -16"><span class='ocrx_word' id='word_1_318' title='bbox 1054 602 1112 646; x_wconf 88' lang='lat' dir='ltr'>ipse</span> <span class='ocrx_word' id='word_1_319' title='bbox 1131 611 1224 644; x_wconf 84' lang='lat' dir='ltr'>suapte</span> <span class='ocrx_word' id='word_1_320' title='bbox 1237 605 1375 635; x_wconf 85' lang='lat' dir='ltr'>voluntate</span> <span class='ocrx_word' id='word_1_321' title='bbox 1387 605 1468 646; x_wconf 85' lang='lat' dir='ltr'>elegit</span> <span class='ocrx_word' id='word_1_322' title='bbox 1481 607 1578 644; x_wconf 80' lang='lat' dir='ltr'>Deum,</span> <span class='ocrx_word' id='word_1_323' title='bbox 1592 618 1645 637; x_wconf 88' lang='lat' dir='ltr'>non</span> <span class='ocrx_word' id='word_1_324' title='bbox 1658 619 1692 638; x_wconf 84' lang='lat' dir='ltr'>ex</span> <span class='ocrx_word' id='word_1_325' title='bbox 1705 619 1796 639; x_wconf 74' lang='lat' dir='ltr'>neees-</span> 
     </span>
     <span class='ocr_line' id='line_1_52' title="bbox 1053 643 1798 687; baseline 0.011 -17"><span class='ocrx_word' id='word_1_326' title='bbox 1053 648 1140 671; x_wconf 82' lang='lat' dir='ltr'>suate.</span> <span class='ocrx_word' id='word_1_327' title='bbox 1158 643 1301 681; x_wconf 85' lang='lat' dir='ltr'>Dominus,</span> <span class='ocrx_word' id='word_1_328' title='bbox 1324 646 1374 682; x_wconf 90' lang='lat' dir='ltr'>ait,</span> <span class='ocrx_word' id='word_1_329' title='bbox 1388 645 1478 685; x_wconf 84' lang='lat' dir='ltr'>portio</span> <span class='ocrx_word' id='word_1_330' title='bbox 1491 656 1551 676; x_wconf 83' lang='lat' dir='ltr'>mea</span> <span class='ocrx_word' id='word_1_331' title='bbox 1571 653 1622 676; x_wconf 71' lang='lat' dir='ltr'>est.</span> <span class='ocrx_word' id='word_1_332' title='bbox 1637 647 1667 677; x_wconf 88' lang='lat' dir='ltr'>Si</span> <span class='ocrx_word' id='word_1_333' title='bbox 1680 650 1798 687; x_wconf 78' lang='lat' dir='ltr'>quando</span> 
     </span>
     <span class='ocr_line' id='line_1_53' title="bbox 1053 681 1798 724; baseline 0.011 -15"><span class='ocrx_word' id='word_1_334' title='bbox 1053 681 1127 710; x_wconf 83' lang='lat' dir='ltr'>Deus</span> <span class='ocrx_word' id='word_1_335' title='bbox 1139 683 1238 722; x_wconf 84' lang='lat' dir='ltr'>(Pater)</span> <span class='ocrx_word' id='word_1_336' title='bbox 1252 684 1342 724; x_wconf 79' lang='lat' dir='ltr'>portio</span> <span class='ocrx_word' id='word_1_337' title='bbox 1357 691 1476 722; x_wconf 76' lang='lat' dir='ltr'>vocetur,</span> <span class='ocrx_word' id='word_1_338' title='bbox 1487 686 1563 715; x_wconf 90' lang='lat' dir='ltr'>nullo</span> <span class='ocrx_word' id='word_1_339' title='bbox 1576 685 1657 716; x_wconf 90' lang='lat' dir='ltr'>modo</span> <span class='ocrx_word' id='word_1_340' title='bbox 1666 686 1798 718; x_wconf 85' lang='lat' dir='ltr'>diminui·</span> 
     </span>
     <span class='ocr_line' id='line_1_54' title="bbox 1052 723 1857 766; baseline 0.01 -17"><span class='ocrx_word' id='word_1_341' title='bbox 1052 726 1097 749; x_wconf 85' lang='lat' dir='ltr'>tur</span> <span class='ocrx_word' id='word_1_342' title='bbox 1110 732 1126 750; x_wconf 88' lang='lat' dir='ltr'>a</span> <span class='ocrx_word' id='word_1_343' title='bbox 1147 733 1196 752; x_wconf 86' lang='lat' dir='ltr'>sua</span> <span class='ocrx_word' id='word_1_344' title='bbox 1215 723 1364 754; x_wconf 86' lang='lat' dir='ltr'>Divinitate</span> <span class='ocrx_word' id='word_1_345' title='bbox 1374 747 1384 761; x_wconf 93' lang='lat'>,</span> <span class='ocrx_word' id='word_1_346' title='bbox 1405 733 1480 763; x_wconf 75' lang='lat' dir='ltr'>aeque</span> <span class='ocrx_word' id='word_1_347' title='bbox 1504 732 1531 755; x_wconf 85' lang='lat' dir='ltr'>et</span> <span class='ocrx_word' id='word_1_348' title='bbox 1551 725 1670 766; x_wconf 79' lang='lat' dir='ltr'>Spiritus</span> <span class='ocrx_word' id='word_1_349' title='bbox 1691 733 1798 757; x_wconf 77' lang='lat' dir='ltr'>sanctus</span> <span class='ocrx_word' id='word_1_350' title='bbox 1846 742 1857 751; x_wconf 89' lang='lat'><strong>·</strong></span> 
     </span>
     <span class='ocr_line' id='line_1_55' title="bbox 1051 762 1797 804; baseline 0.011 -16"><span class='ocrx_word' id='word_1_351' title='bbox 1051 769 1113 804; x_wconf 76' lang='lat' dir='ltr'>cum</span> <span class='ocrx_word' id='word_1_352' title='bbox 1135 762 1233 802; x_wconf 84' lang='lat' dir='ltr'>pignus</span> <span class='ocrx_word' id='word_1_353' title='bbox 1253 771 1362 793; x_wconf 83' lang='lat' dir='ltr'>vocetur</span> <span class='ocrx_word' id='word_1_354' title='bbox 1371 785 1381 799; x_wconf 90' lang='lat'>‚</span> <span class='ocrx_word' id='word_1_355' title='bbox 1408 763 1562 795; x_wconf 79' lang='lat' dir='ltr'>nullatenus</span> <span class='ocrx_word' id='word_1_356' title='bbox 1593 764 1757 797; x_wconf 83' lang='lat' dir='ltr'>diminuitur</span> <span class='ocrx_word' id='word_1_357' title='bbox 1781 777 1797 796; x_wconf 90' lang='lat' dir='ltr'>a</span> 
     </span>
     <span class='ocr_line' id='line_1_56' title="bbox 1051 799 1270 832; baseline 0.018 -5"><span class='ocrx_word' id='word_1_358' title='bbox 1051 799 1199 831; x_wconf 78' lang='lat' dir='ltr'>Divinitate</span> <span class='ocrx_word' id='word_1_359' title='bbox 1211 812 1270 832; x_wconf 90' lang='lat' dir='ltr'>sua.</span> 
     </span>
     <span class='ocr_line' id='line_1_57' title="bbox 1097 840 1796 881; baseline 0.009 -12"><span class='ocrx_word' id='word_1_360' title='bbox 1097 840 1294 871; x_wconf 63' lang='lat' dir='ltr'>abscindamus</span> <span class='ocrx_word' id='word_1_361' title='bbox 1307 842 1396 881; x_wconf 85' lang='lat' dir='ltr'>itaque</span> <span class='ocrx_word' id='word_1_362' title='bbox 1409 853 1516 873; x_wconf 86' lang='lat' dir='ltr'>omnem</span> <span class='ocrx_word' id='word_1_363' title='bbox 1528 843 1711 875; x_wconf 77' lang='lat' dir='ltr'>confusionem</span> <span class='ocrx_word' id='word_1_364' title='bbox 1722 855 1796 875; x_wconf 83' lang='lat' dir='ltr'>eom-</span> 
     </span>
    </p>

    <p class='ocr_par' dir='ltr' id='par_1_17' title="bbox 1051 881 1899 1155">
     <span class='ocr_line' id='line_1_58' title="bbox 1052 881 1796 924; baseline 0.007 -14"><span class='ocrx_word' id='word_1_365' title='bbox 1052 881 1160 911; x_wconf 87' lang='lat' dir='ltr'>mistam</span> <span class='ocrx_word' id='word_1_366' title='bbox 1171 887 1198 909; x_wconf 82' lang='lat' dir='ltr'>et</span> <span class='ocrx_word' id='word_1_367' title='bbox 1205 881 1378 920; x_wconf 85' lang='lat' dir='ltr'>apostolicam</span> <span class='ocrx_word' id='word_1_368' title='bbox 1388 882 1469 912; x_wconf 81' lang='lat' dir='ltr'>tidem</span> <span class='ocrx_word' id='word_1_369' title='bbox 1475 883 1679 924; x_wconf 75' lang='lat' dir='ltr'>amplectamur.</span> <span class='ocrx_word' id='word_1_370' title='bbox 1690 885 1796 922; x_wconf 71' lang='lat' dir='ltr'>Quous-</span> 
     </span>
     <span class='ocr_line' id='line_1_59' title="bbox 1051 919 1796 961; baseline 0.005 -12"><span class='ocrx_word' id='word_1_371' title='bbox 1051 931 1104 959; x_wconf 85' lang='lat' dir='ltr'>que</span> <span class='ocrx_word' id='word_1_372' title='bbox 1128 919 1199 949; x_wconf 85' lang='lat' dir='ltr'>libra</span> <span class='ocrx_word' id='word_1_373' title='bbox 1219 927 1380 961; x_wconf 78' lang='lat' dir='ltr'>comparata,</span> <span class='ocrx_word' id='word_1_374' title='bbox 1394 921 1430 951; x_wconf 86' lang='lat' dir='ltr'>ad</span> <span class='ocrx_word' id='word_1_375' title='bbox 1455 923 1585 952; x_wconf 84' lang='lat' dir='ltr'>trutinam</span> <span class='ocrx_word' id='word_1_376' title='bbox 1606 933 1686 953; x_wconf 83' lang='lat' dir='ltr'>vocas</span> <span class='ocrx_word' id='word_1_377' title='bbox 1701 923 1796 954; x_wconf 84' lang='lat' dir='ltr'>divina</span> 
     </span>
     <span class='ocr_line' id='line_1_60' title="bbox 1051 958 1794 1000; baseline 0.003 -10"><span class='ocrx_word' id='word_1_378' title='bbox 1051 959 1154 990; x_wconf 78' lang='lat' dir='ltr'>verba?</span> <span class='ocrx_word' id='word_1_379' title='bbox 1173 958 1315 989; x_wconf 83' lang='lat' dir='ltr'>Rationem</span> <span class='ocrx_word' id='word_1_380' title='bbox 1328 960 1356 989; x_wconf 87' lang='lat' dir='ltr'>in</span> <span class='ocrx_word' id='word_1_381' title='bbox 1377 968 1464 991; x_wconf 89' lang='lat' dir='ltr'>mente</span> <span class='ocrx_word' id='word_1_382' title='bbox 1479 968 1525 991; x_wconf 83' lang='lat' dir='ltr'>tua</span> <span class='ocrx_word' id='word_1_383' title='bbox 1540 961 1622 992; x_wconf 87' lang='lat' dir='ltr'>habes</span> <span class='ocrx_word' id='word_1_384' title='bbox 1636 969 1665 992; x_wconf 88' lang='lat' dir='ltr'>ut</span> <span class='ocrx_word' id='word_1_385' title='bbox 1684 962 1794 1000; x_wconf 86' lang='lat' dir='ltr'>libram,</span> 
     </span>
     <span class='ocr_line' id='line_1_61' title="bbox 1051 998 1854 1041; baseline 0.004 -12"><span class='ocrx_word' id='word_1_386' title='bbox 1051 999 1172 1039; x_wconf 86' lang='lat' dir='ltr'>pondera</span> <span class='ocrx_word' id='word_1_387' title='bbox 1193 998 1263 1028; x_wconf 85' lang='lat' dir='ltr'>dona</span> <span class='ocrx_word' id='word_1_388' title='bbox 1283 999 1441 1030; x_wconf 76' lang='lat' dir='ltr'>salvatoris.</span> <span class='ocrx_word' id='word_1_389' title='bbox 1468 1000 1604 1041; x_wconf 72' lang='lat' dir='ltr'>intellige,</span> <span class='ocrx_word' id='word_1_390' title='bbox 1625 1012 1685 1040; x_wconf 70' lang='lat' dir='ltr'>qua</span> <span class='ocrx_word' id='word_1_391' title='bbox 1707 1003 1795 1032; x_wconf 75' lang='lat' dir='ltr'>carnis</span> <span class='ocrx_word' id='word_1_392' title='bbox 1805 1011 1854 1037; x_wconf 80' lang='lat'>293</span> 
     </span>
     <span class='ocr_line' id='line_1_62' title="bbox 1052 1037 1795 1081; baseline 0.004 -13"><span class='ocrx_word' id='word_1_393' title='bbox 1052 1046 1125 1076; x_wconf 89' lang='lat' dir='ltr'>sunt,</span> <span class='ocrx_word' id='word_1_394' title='bbox 1139 1049 1199 1077; x_wconf 84' lang='lat' dir='ltr'>quae</span> <span class='ocrx_word' id='word_1_395' title='bbox 1211 1037 1351 1076; x_wconf 77' lang='lat' dir='ltr'>divinatis,</span> <span class='ocrx_word' id='word_1_396' title='bbox 1368 1049 1430 1078; x_wconf 81' lang='lat' dir='ltr'>quae</span> <span class='ocrx_word' id='word_1_397' title='bbox 1440 1038 1589 1079; x_wconf 84' lang='lat' dir='ltr'>dignitatis,</span> <span class='ocrx_word' id='word_1_398' title='bbox 1602 1051 1662 1080; x_wconf 62' lang='lat' dir='ltr'>quat</span> <span class='ocrx_word' id='word_1_399' title='bbox 1682 1040 1795 1081; x_wconf 83' lang='lat' dir='ltr'>dispen-</span> 
     </span>
     <span class='ocr_line' id='line_1_63' title="bbox 1051 1077 1899 1119; baseline 0.004 -12"><span class='ocrx_word' id='word_1_400' title='bbox 1051 1078 1163 1108; x_wconf 79' lang='lat' dir='ltr'>sationis</span> <span class='ocrx_word' id='word_1_401' title='bbox 1178 1090 1185 1107; x_wconf 72' lang='grc' dir='ltr'><strong>ε</strong></span> <span class='ocrx_word' id='word_1_402' title='bbox 1210 1088 1244 1108; x_wconf 84' lang='lat' dir='ltr'>ne</span> <span class='ocrx_word' id='word_1_403' title='bbox 1255 1077 1290 1107; x_wconf 89' lang='lat' dir='ltr'>de</span> <span class='ocrx_word' id='word_1_404' title='bbox 1307 1085 1334 1108; x_wconf 86' lang='lat' dir='ltr'>te</span> <span class='ocrx_word' id='word_1_405' title='bbox 1355 1078 1436 1108; x_wconf 79' lang='lat' dir='ltr'>etiam</span> <span class='ocrx_word' id='word_1_406' title='bbox 1449 1078 1568 1118; x_wconf 83' lang='lat' dir='ltr'>dicatur,</span> <span class='ocrx_word' id='word_1_407' title='bbox 1581 1080 1654 1119; x_wconf 84' lang='lat' dir='ltr'>quod</span> <span class='ocrx_word' id='word_1_408' title='bbox 1679 1080 1796 1111; x_wconf 74' lang='lat' dir='ltr'>statera</span> <span class='ocrx_word' id='word_1_409' title='bbox 1807 1092 1899 1115; x_wconf 66' lang='lat' dir='ltr'>Omm</span> 
     </span>
     <span class='ocr_line' id='line_1_64' title="bbox 1052 1118 1797 1155; baseline 0.005 -8"><span class='ocrx_word' id='word_1_410' title='bbox 1052 1120 1134 1148; x_wconf 85' lang='lat' dir='ltr'>estin</span> <span class='ocrx_word' id='word_1_411' title='bbox 1143 1128 1233 1155; x_wconf 79' lang='lat' dir='ltr'>manu</span> <span class='ocrx_word' id='word_1_412' title='bbox 1246 1118 1404 1155; x_wconf 76' lang='lat' dir='ltr'>Chanaan,</span> <span class='ocrx_word' id='word_1_413' title='bbox 1412 1125 1524 1148; x_wconf 80' lang='lat' dir='ltr'>statera</span> <span class='ocrx_word' id='word_1_414' title='bbox 1535 1121 1577 1148; x_wconf 83' lang='lat' dir='ltr'>ini</span> <span class='ocrx_word' id='word_1_415' title='bbox 1599 1121 1709 1150; x_wconf 81' lang='lat' dir='ltr'>uitatis.</span> <span class='ocrx_word' id='word_1_416' title='bbox 1717 1120 1797 1151; x_wconf 83' lang='lat' dir='ltr'>Tibi-</span> 
     </span>
    </p>

    <p class='ocr_par' dir='ltr' id='par_1_18' title="bbox 1049 1130 1904 1433">
     <span class='ocr_line' id='line_1_65' title="bbox 1072 1130 1904 1200; baseline 0.006 -14"><span class='ocrx_word' id='word_1_417' title='bbox 1072 1168 1104 1187; x_wconf 93' lang='lat' dir='ltr'>ue</span> <span class='ocrx_word' id='word_1_418' title='bbox 1118 1157 1258 1188; x_wconf 78' lang='lat' dir='ltr'>oenveniat</span> <span class='ocrx_word' id='word_1_419' title='bbox 1271 1165 1298 1187; x_wconf 86' lang='lat' dir='ltr'>et</span> <span class='ocrx_word' id='word_1_420' title='bbox 1310 1158 1426 1187; x_wconf 88' lang='lat' dir='ltr'>alterum</span> <span class='ocrx_word' id='word_1_421' title='bbox 1435 1157 1549 1195; x_wconf 80' lang='lat' dir='ltr'>dictum,</span> <span class='ocrx_word' id='word_1_422' title='bbox 1563 1130 1647 1196; x_wconf 47' lang='lat' dir='ltr'>flam*</span> <span class='ocrx_word' id='word_1_423' title='bbox 1659 1161 1797 1200; x_wconf 44' lang='lat' dir='ltr'>sunt-filii</span> <span class='ocrx_word' id='word_1_424' title='bbox 1806 1173 1873 1196; x_wconf 70' lang='lat' dir='ltr'><em>Pul.</em></span> <span class='ocrx_word' id='word_1_425' title='bbox 1890 1175 1904 1197; x_wconf 55' lang='grc' dir='ltr'>ι,</span> 
     </span>
     <span class='ocr_line' id='line_1_66' title="bbox 1051 1169 1846 1239; baseline 0.003 -12"><span class='ocrx_word' id='word_1_426' title='bbox 1051 1169 1214 1233; x_wconf 47' lang='lat' dir='ltr'>genuinum,</span> <span class='ocrx_word' id='word_1_427' title='bbox 1228 1203 1256 1227; x_wconf 89' lang='lat' dir='ltr'>et</span> <span class='ocrx_word' id='word_1_428' title='bbox 1275 1199 1307 1226; x_wconf 83' lang='lat' dir='ltr'>in</span> <span class='ocrx_word' id='word_1_429' title='bbox 1322 1203 1432 1227; x_wconf 77' lang='lat' dir='ltr'>statera</span> <span class='ocrx_word' id='word_1_430' title='bbox 1447 1205 1581 1238; x_wconf 81' lang='lat' dir='ltr'>peccant.</span> <span class='ocrx_word' id='word_1_431' title='bbox 1600 1199 1687 1228; x_wconf 86' lang='lat' dir='ltr'>Tenes</span> <span class='ocrx_word' id='word_1_432' title='bbox 1702 1199 1796 1239; x_wconf 80' lang='lat' dir='ltr'>&#39;ugum</span> <span class='ocrx_word' id='word_1_433' title='bbox 1810 1210 1846 1226; x_wconf 72' lang='grc' dir='ltr'>ιο.</span> 
     </span>
     <span class='ocr_line' id='line_1_67' title="bbox 1050 1210 1797 1276; baseline 0.003 -10"><span class='ocrx_word' id='word_1_434' title='bbox 1050 1243 1164 1273; x_wconf 67' lang='lat' dir='ltr'>staterae,</span> <span class='ocrx_word' id='word_1_435' title='bbox 1178 1243 1205 1266; x_wconf 88' lang='lat' dir='ltr'>et</span> <span class='ocrx_word' id='word_1_436' title='bbox 1217 1236 1359 1276; x_wconf 86' lang='lat' dir='ltr'>detorques</span> <span class='ocrx_word' id='word_1_437' title='bbox 1374 1236 1471 1267; x_wconf 79' lang='lat' dir='ltr'>‘ustam</span> <span class='ocrx_word' id='word_1_438' title='bbox 1483 1237 1601 1275; x_wconf 68' lang='lat' dir='ltr'>libram?</span> <span class='ocrx_word' id='word_1_439' title='bbox 1610 1237 1684 1269; x_wconf 75' lang='lat' dir='ltr'>Vide</span> <span class='ocrx_word' id='word_1_440' title='bbox 1696 1210 1797 1268; x_wconf 84' lang='lat' dir='ltr'>libram</span> 
     </span>
     <span class='ocr_line' id='line_1_68' title="bbox 1049 1247 1898 1318; baseline 0.002 -12"><span class='ocrx_word' id='word_1_441' title='bbox 1049 1277 1210 1314; x_wconf 75' lang='lat' dir='ltr'>Servatoris,</span> <span class='ocrx_word' id='word_1_442' title='bbox 1224 1277 1349 1313; x_wconf 88' lang='lat' dir='ltr'>observa,</span> <span class='ocrx_word' id='word_1_443' title='bbox 1364 1247 1507 1316; x_wconf 77' lang='lat' dir='ltr'>diligenter</span> <span class='ocrx_word' id='word_1_444' title='bbox 1515 1275 1620 1308; x_wconf 79' lang='lat' dir='ltr'>attende</span> <span class='ocrx_word' id='word_1_445' title='bbox 1635 1289 1643 1306; x_wconf 76' lang='grc' dir='ltr'><strong><em>ι</em></strong></span> <span class='ocrx_word' id='word_1_446' title='bbox 1656 1278 1733 1318; x_wconf 81' lang='lat' dir='ltr'>Ego,</span> <span class='ocrx_word' id='word_1_447' title='bbox 1745 1278 1794 1315; x_wconf 82' lang='lat' dir='ltr'>ait,</span> <span class='ocrx_word' id='word_1_448' title='bbox 1804 1286 1874 1308; x_wconf 69' lang='lat' dir='ltr'>loun.</span> <span class='ocrx_word' id='word_1_449' title='bbox 1895 1292 1898 1308; x_wconf 67' lang='grc' dir='ltr'><strong><em>ε</em></strong></span> 
     </span>
     <span class='ocr_line' id='line_1_69' title="bbox 1050 1315 1889 1357; baseline -0.001 -12"><span class='ocrx_word' id='word_1_450' title='bbox 1050 1323 1079 1345; x_wconf 89' lang='lat' dir='ltr'>et</span> <span class='ocrx_word' id='word_1_451' title='bbox 1091 1315 1186 1346; x_wconf 84' lang='lat' dir='ltr'>Pater</span> <span class='ocrx_word' id='word_1_452' title='bbox 1205 1326 1285 1345; x_wconf 82' lang='lat' dir='ltr'>meus</span> <span class='ocrx_word' id='word_1_453' title='bbox 1307 1326 1398 1345; x_wconf 84' lang='lat' dir='ltr'>unum</span> <span class='ocrx_word' id='word_1_454' title='bbox 1418 1327 1526 1347; x_wconf 78' lang='lat' dir='ltr'>sumus.</span> <span class='ocrx_word' id='word_1_455' title='bbox 1547 1316 1667 1347; x_wconf 81' lang='lat' dir='ltr'>Ubinam</span> <span class='ocrx_word' id='word_1_456' title='bbox 1679 1327 1743 1357; x_wconf 78' lang='lat' dir='ltr'>ergo</span> <span class='ocrx_word' id='word_1_457' title='bbox 1757 1317 1797 1346; x_wconf 85' lang='lat' dir='ltr'>in·</span> <span class='ocrx_word' id='word_1_458' title='bbox 1806 1317 1845 1340; x_wconf 83' lang='lat'>³⁰·</span> <span class='ocrx_word' id='word_1_459' title='bbox 1886 1341 1889 1344; x_wconf 90' lang='lat'>.</span> 
     </span>
     <span class='ocr_line' id='line_1_70' title="bbox 1049 1354 1900 1396; baseline 0.005 -12"><span class='ocrx_word' id='word_1_460' title='bbox 1049 1355 1208 1394; x_wconf 78' lang='lat' dir='ltr'>aequalitas?</span> <span class='ocrx_word' id='word_1_461' title='bbox 1224 1354 1296 1385; x_wconf 85' lang='lat' dir='ltr'>Vide</span> <span class='ocrx_word' id='word_1_462' title='bbox 1316 1355 1405 1384; x_wconf 80' lang='lat' dir='ltr'>lanoes</span> <span class='ocrx_word' id='word_1_463' title='bbox 1424 1355 1513 1386; x_wconf 88' lang='lat' dir='ltr'>divini</span> <span class='ocrx_word' id='word_1_464' title='bbox 1527 1356 1602 1386; x_wconf 82' lang='lat' dir='ltr'>verbi</span> <span class='ocrx_word' id='word_1_465' title='bbox 1618 1367 1625 1384; x_wconf 67' lang='grc' dir='ltr'><strong><em>ε</em></strong></span> <span class='ocrx_word' id='word_1_466' title='bbox 1650 1354 1708 1396; x_wconf 82' lang='lat' dir='ltr'>Qui</span> <span class='ocrx_word' id='word_1_467' title='bbox 1718 1357 1797 1387; x_wconf 68' lang='lat' dir='ltr'>vidit</span> <span class='ocrx_word' id='word_1_468' title='bbox 1806 1370 1900 1394; x_wconf 58' lang='lat' dir='ltr'>launna</span> 
     </span>
     <span class='ocr_line' id='line_1_71' title="bbox 1049 1394 1715 1433; baseline 0.003 -10"><span class='ocrx_word' id='word_1_469' title='bbox 1049 1405 1106 1431; x_wconf 81' lang='lat' dir='ltr'>me,</span> <span class='ocrx_word' id='word_1_470' title='bbox 1124 1394 1222 1433; x_wconf 87' lang='lat' dir='ltr'>inquit,</span> <span class='ocrx_word' id='word_1_471' title='bbox 1243 1395 1321 1423; x_wconf 79' lang='lat' dir='ltr'>vidit</span> <span class='ocrx_word' id='word_1_472' title='bbox 1336 1395 1456 1424; x_wconf 81' lang='lat' dir='ltr'>Patrem</span> <span class='ocrx_word' id='word_1_473' title='bbox 1469 1405 1576 1424; x_wconf 86' lang='lat' dir='ltr'>meum.</span> <span class='ocrx_word' id='word_1_474' title='bbox 1596 1396 1715 1426; x_wconf 83' lang='lat' dir='ltr'>Ubinam</span> 
     </span>
    </p>
   </div>
   <div class='ocr_carea' id='block_1_16' title="bbox 256 1432 1797 1473">
    <p class='ocr_par' dir='ltr' id='par_1_19' title="bbox 256 1432 1797 1473">
     <span class='ocr_line' id='line_1_72' title="bbox 256 1432 1797 1473; baseline 0.003 -13"><span class='ocrx_word' id='word_1_475' title='bbox 256 1432 387 1468; x_wconf 85' lang='lat' dir='ltr'>reditatis,</span> <span class='ocrx_word' id='word_1_476' title='bbox 397 1438 508 1462; x_wconf 87' lang='lat' dir='ltr'>testante</span> <span class='ocrx_word' id='word_1_477' title='bbox 522 1432 623 1469; x_wconf 85' lang='lat' dir='ltr'>David,</span> <span class='ocrx_word' id='word_1_478' title='bbox 635 1434 789 1470; x_wconf 75' lang='lat' dir='ltr'>Dominus,</span> <span class='ocrx_word' id='word_1_479' title='bbox 797 1441 846 1469; x_wconf 80' lang='lat' dir='ltr'>ait,</span> <span class='ocrx_word' id='word_1_480' title='bbox 878 1444 927 1463; x_wconf 84' lang='lat' dir='ltr'>ars</span> <span class='ocrx_word' id='word_1_481' title='bbox 937 1435 999 1464; x_wconf 78' lang='lat' dir='ltr'>hoe-</span> <span class='ocrx_word' id='word_1_482' title='bbox 1015 1443 1033 1467; x_wconf 91' lang='lat' dir='ltr'><strong>c</strong></span> <span class='ocrx_word' id='word_1_483' title='bbox 1049 1433 1097 1472; x_wconf 88' lang='lat' dir='ltr'>qui</span> <span class='ocrx_word' id='word_1_484' title='bbox 1111 1433 1266 1469; x_wconf 83' lang='lat' dir='ltr'>descendat,</span> <span class='ocrx_word' id='word_1_485' title='bbox 1281 1433 1325 1463; x_wconf 90' lang='lat' dir='ltr'>vel</span> <span class='ocrx_word' id='word_1_486' title='bbox 1339 1433 1386 1473; x_wconf 90' lang='lat' dir='ltr'>qui</span> <span class='ocrx_word' id='word_1_487' title='bbox 1399 1434 1543 1463; x_wconf 80' lang='lat' dir='ltr'>ascendat?</span> <span class='ocrx_word' id='word_1_488' title='bbox 1558 1434 1631 1465; x_wconf 87' lang='lat' dir='ltr'>Vide</span> <span class='ocrx_word' id='word_1_489' title='bbox 1640 1436 1747 1465; x_wconf 83' lang='lat' dir='ltr'>Patrem</span> <span class='ocrx_word' id='word_1_490' title='bbox 1757 1435 1797 1465; x_wconf 87' lang='lat' dir='ltr'>lt-</span> 
     </span>
    </p>
   </div>
   <div class='ocr_carea' id='block_1_17' title="bbox 255 1471 1002 1830">
    <p class='ocr_par' dir='ltr' id='par_1_20' title="bbox 255 1471 1002 1830">
     <span class='ocr_line' id='line_1_73' title="bbox 256 1471 998 1509; baseline 0.004 -10"><span class='ocrx_word' id='word_1_491' title='bbox 256 1471 388 1500; x_wconf 82' lang='lat' dir='ltr'>redieatis</span> <span class='ocrx_word' id='word_1_492' title='bbox 395 1481 475 1500; x_wconf 82' lang='lat' dir='ltr'>meoe.</span> <span class='ocrx_word' id='word_1_493' title='bbox 487 1472 581 1509; x_wconf 79' lang='lat' dir='ltr'>Itaque</span> <span class='ocrx_word' id='word_1_494' title='bbox 591 1472 662 1502; x_wconf 88' lang='lat' dir='ltr'>sicut</span> <span class='ocrx_word' id='word_1_495' title='bbox 672 1473 770 1509; x_wconf 87' lang='lat' dir='ltr'>(Pater)</span> <span class='ocrx_word' id='word_1_496' title='bbox 801 1482 852 1502; x_wconf 67' lang='lat' dir='ltr'>ars</span> <span class='ocrx_word' id='word_1_497' title='bbox 899 1472 998 1502; x_wconf 80' lang='lat' dir='ltr'>redita-</span> 
     </span>
     <span class='ocr_line' id='line_1_74' title="bbox 256 1483 999 1551; baseline 0.003 -11"><span class='ocrx_word' id='word_1_498' title='bbox 256 1511 291 1540; x_wconf 85' lang='lat' dir='ltr'>tis</span> <span class='ocrx_word' id='word_1_499' title='bbox 306 1517 357 1547; x_wconf 85' lang='lat' dir='ltr'>est,</span> <span class='ocrx_word' id='word_1_500' title='bbox 373 1510 473 1551; x_wconf 84' lang='lat' dir='ltr'>pariter</span> <span class='ocrx_word' id='word_1_501' title='bbox 492 1517 518 1540; x_wconf 92' lang='lat' dir='ltr'>et</span> <span class='ocrx_word' id='word_1_502' title='bbox 534 1510 652 1550; x_wconf 81' lang='lat' dir='ltr'>Spiritus</span> <span class='ocrx_word' id='word_1_503' title='bbox 682 1511 760 1551; x_wconf 82' lang='lat' dir='ltr'>ignus</span> <span class='ocrx_word' id='word_1_504' title='bbox 780 1483 954 1541; x_wconf 74' lang='lat' dir='ltr'>iiaereditatis.</span> <span class='ocrx_word' id='word_1_505' title='bbox 969 1513 999 1543; x_wconf 89' lang='lat' dir='ltr'>Si</span> 
     </span>
     <span class='ocr_line' id='line_1_75' title="bbox 257 1550 999 1591; baseline 0.004 -13"><span class='ocrx_word' id='word_1_506' title='bbox 257 1551 360 1579; x_wconf 86' lang='lat' dir='ltr'>Patrem</span> <span class='ocrx_word' id='word_1_507' title='bbox 375 1550 506 1579; x_wconf 85' lang='lat' dir='ltr'>minorem</span> <span class='ocrx_word' id='word_1_508' title='bbox 516 1550 590 1586; x_wconf 82' lang='lat' dir='ltr'>facit,</span> <span class='ocrx_word' id='word_1_509' title='bbox 604 1562 640 1590; x_wconf 92' lang='lat' dir='ltr'>qu</span> <span class='ocrx_word' id='word_1_510' title='bbox 688 1551 796 1580; x_wconf 84' lang='lat' dir='ltr'>dicatur</span> <span class='ocrx_word' id='word_1_511' title='bbox 809 1562 871 1591; x_wconf 84' lang='lat' dir='ltr'>pars</span> <span class='ocrx_word' id='word_1_512' title='bbox 881 1551 999 1581; x_wconf 79' lang='lat' dir='ltr'>haeoedi-</span> 
     </span>
     <span class='ocr_line' id='line_1_76' title="bbox 256 1589 998 1630; baseline 0.003 -12"><span class='ocrx_word' id='word_1_513' title='bbox 256 1590 328 1625; x_wconf 87' lang='lat' dir='ltr'>tatis,</span> <span class='ocrx_word' id='word_1_514' title='bbox 344 1600 408 1629; x_wconf 85' lang='lat' dir='ltr'>ergo</span> <span class='ocrx_word' id='word_1_515' title='bbox 431 1597 456 1619; x_wconf 88' lang='lat' dir='ltr'>et</span> <span class='ocrx_word' id='word_1_516' title='bbox 470 1590 604 1630; x_wconf 81' lang='lat' dir='ltr'>Spiritum</span> <span class='ocrx_word' id='word_1_517' title='bbox 621 1591 718 1630; x_wconf 85' lang='lat' dir='ltr'>pignus</span> <span class='ocrx_word' id='word_1_518' title='bbox 734 1589 811 1628; x_wconf 87' lang='lat' dir='ltr'>(dici)</span> <span class='ocrx_word' id='word_1_519' title='bbox 826 1590 998 1621; x_wconf 75' lang='lat' dir='ltr'>haereditatis.</span> 
     </span>
     <span class='ocr_line' id='line_1_77' title="bbox 255 1629 1001 1670; baseline 0.003 -12"><span class='ocrx_word' id='word_1_520' title='bbox 255 1631 345 1668; x_wconf 84' lang='lat' dir='ltr'>Atque</span> <span class='ocrx_word' id='word_1_521' title='bbox 353 1629 419 1658; x_wconf 86' lang='lat' dir='ltr'>alibi</span> <span class='ocrx_word' id='word_1_522' title='bbox 433 1629 471 1659; x_wconf 88' lang='lat' dir='ltr'>ait</span> <span class='ocrx_word' id='word_1_523' title='bbox 485 1629 574 1659; x_wconf 85' lang='lat' dir='ltr'>David</span> <span class='ocrx_word' id='word_1_524' title='bbox 590 1640 597 1656; x_wconf 90' lang='lat'><strong>:</strong></span> <span class='ocrx_word' id='word_1_525' title='bbox 615 1631 760 1660; x_wconf 83' lang='lat' dir='ltr'>Dominus</span> <span class='ocrx_word' id='word_1_526' title='bbox 767 1632 862 1670; x_wconf 87' lang='lat' dir='ltr'>portio</span> <span class='ocrx_word' id='word_1_527' title='bbox 873 1633 961 1668; x_wconf 83' lang='lat' dir='ltr'>(mea)</span> <span class='ocrx_word' id='word_1_528' title='bbox 968 1633 1001 1660; x_wconf 90' lang='lat' dir='ltr'>in</span> 
     </span>
     <span class='ocr_line' id='line_1_78' title="bbox 257 1669 1000 1710; baseline 0.003 -12"><span class='ocrx_word' id='word_1_529' title='bbox 257 1675 335 1698; x_wconf 77' lang='lat' dir='ltr'>terra</span> <span class='ocrx_word' id='word_1_530' title='bbox 344 1670 510 1699; x_wconf 72' lang='lat' dir='ltr'>‘viventium</span> <span class='ocrx_word' id='word_1_531' title='bbox 517 1681 530 1706; x_wconf 80' lang='lat'>,-</span> <span class='ocrx_word' id='word_1_532' title='bbox 545 1669 633 1710; x_wconf 86' lang='lat' dir='ltr'>portio</span> <span class='ocrx_word' id='word_1_533' title='bbox 651 1676 741 1699; x_wconf 79' lang='lat' dir='ltr'>autem</span> <span class='ocrx_word' id='word_1_534' title='bbox 753 1669 869 1709; x_wconf 85' lang='lat' dir='ltr'>alicujus</span> <span class='ocrx_word' id='word_1_535' title='bbox 883 1670 921 1700; x_wconf 87' lang='lat' dir='ltr'>rei</span> <span class='ocrx_word' id='word_1_536' title='bbox 939 1681 1000 1710; x_wconf 88' lang='lat' dir='ltr'>pars</span> 
     </span>
     <span class='ocr_line' id='line_1_79' title="bbox 255 1708 1000 1748; baseline 0.004 -11"><span class='ocrx_word' id='word_1_537' title='bbox 255 1715 295 1737; x_wconf 84' lang='lat' dir='ltr'>est</span> <span class='ocrx_word' id='word_1_538' title='bbox 304 1708 406 1747; x_wconf 82' lang='lat' dir='ltr'>aliqua,</span> <span class='ocrx_word' id='word_1_539' title='bbox 417 1718 469 1737; x_wconf 90' lang='lat' dir='ltr'>non</span> <span class='ocrx_word' id='word_1_540' title='bbox 483 1719 548 1739; x_wconf 86' lang='lat' dir='ltr'>vero</span> <span class='ocrx_word' id='word_1_541' title='bbox 560 1716 644 1738; x_wconf 88' lang='lat' dir='ltr'>totum</span> <span class='ocrx_word' id='word_1_542' title='bbox 655 1709 776 1739; x_wconf 90' lang='lat' dir='ltr'>omnino.</span> <span class='ocrx_word' id='word_1_543' title='bbox 784 1709 813 1740; x_wconf 90' lang='lat' dir='ltr'>Si</span> <span class='ocrx_word' id='word_1_544' title='bbox 821 1710 910 1748; x_wconf 85' lang='lat' dir='ltr'>itaque</span> <span class='ocrx_word' id='word_1_545' title='bbox 922 1721 1000 1740; x_wconf 90' lang='lat' dir='ltr'>voces</span> 
     </span>
     <span class='ocr_line' id='line_1_80' title="bbox 256 1748 1002 1789; baseline 0.004 -13"><span class='ocrx_word' id='word_1_546' title='bbox 256 1748 411 1788; x_wconf 87' lang='lat' dir='ltr'>aucuparis,</span> <span class='ocrx_word' id='word_1_547' title='bbox 427 1758 475 1778; x_wconf 91' lang='lat' dir='ltr'>nec</span> <span class='ocrx_word' id='word_1_548' title='bbox 486 1758 593 1778; x_wconf 87' lang='lat' dir='ltr'>sensum</span> <span class='ocrx_word' id='word_1_549' title='bbox 600 1749 814 1789; x_wconf 78' lang='lat' dir='ltr'>exploras,nihil</span> <span class='ocrx_word' id='word_1_550' title='bbox 828 1749 925 1785; x_wconf 76' lang='lat' dir='ltr'>obstat,</span> <span class='ocrx_word' id='word_1_551' title='bbox 933 1761 1002 1788; x_wconf 85' lang='lat' dir='ltr'>quo-</span> 
     </span>
     <span class='ocr_line' id='line_1_81' title="bbox 257 1786 996 1830; baseline 0.004 -14"><span class='ocrx_word' id='word_1_552' title='bbox 257 1786 343 1817; x_wconf 88' lang='lat' dir='ltr'>minas</span> <span class='ocrx_word' id='word_1_553' title='bbox 356 1789 445 1817; x_wconf 92' lang='lat' dir='ltr'>Deum</span> <span class='ocrx_word' id='word_1_554' title='bbox 468 1788 648 1828; x_wconf 83' lang='lat' dir='ltr'>blasphemes,</span> <span class='ocrx_word' id='word_1_555' title='bbox 665 1799 746 1828; x_wconf 88' lang='lat' dir='ltr'>quem</span> <span class='ocrx_word' id='word_1_556' title='bbox 760 1789 847 1819; x_wconf 83' lang='lat' dir='ltr'>colere</span> <span class='ocrx_word' id='word_1_557' title='bbox 869 1796 894 1819; x_wconf 87' lang='lat' dir='ltr'>tc</span> <span class='ocrx_word' id='word_1_558' title='bbox 907 1796 996 1830; x_wconf 85' lang='lat' dir='ltr'>putas.</span> 
     </span>
    </p>
   </div>
   <div class='ocr_carea' id='block_1_18' title="bbox 287 1881 687 1915">
    <p class='ocr_par' dir='ltr' id='par_1_21' title="bbox 287 1881 687 1915">
     <span class='ocr_line' id='line_1_82' title="bbox 287 1881 687 1915; baseline 0 -7"><span class='ocrx_word' id='word_1_559' title='bbox 287 1890 299 1902; x_wconf 75' lang='lat'>²</span> <span class='ocrx_word' id='word_1_560' title='bbox 307 1881 420 1915; x_wconf 78' lang='lat' dir='ltr'>Amplior</span> <span class='ocrx_word' id='word_1_561' title='bbox 428 1888 466 1908; x_wconf 80' lang='lat' dir='ltr'>est</span> <span class='ocrx_word' id='word_1_562' title='bbox 477 1882 552 1908; x_wconf 82' lang='lat' dir='ltr'>lectio</span> <span class='ocrx_word' id='word_1_563' title='bbox 562 1882 630 1908; x_wconf 83' lang='lat' dir='ltr'>Edit.</span> <span class='ocrx_word' id='word_1_564' title='bbox 642 1883 687 1908; x_wconf 87' lang='lat' dir='ltr'>Gr.</span> 
     </span>
    </p>
   </div>
   <div class='ocr_carea' id='block_1_19' title="bbox 1049 1473 1901 1819">
    <p class='ocr_par' dir='ltr' id='par_1_22' title="bbox 1049 1473 1901 1671">
     <span class='ocr_line' id='line_1_83' title="bbox 1049 1473 1798 1514; baseline 0.003 -12"><span class='ocrx_word' id='word_1_565' title='bbox 1049 1473 1197 1502; x_wconf 85' lang='lat' dir='ltr'>beratorem</span> <span class='ocrx_word' id='word_1_566' title='bbox 1202 1496 1210 1508; x_wconf 99' lang='lat'>,</span> <span class='ocrx_word' id='word_1_567' title='bbox 1218 1480 1245 1502; x_wconf 86' lang='lat' dir='ltr'>et</span> <span class='ocrx_word' id='word_1_568' title='bbox 1251 1473 1352 1502; x_wconf 86' lang='lat' dir='ltr'>Filium</span> <span class='ocrx_word' id='word_1_569' title='bbox 1366 1473 1534 1502; x_wconf 79' lang='lat' dir='ltr'>liberatorem</span> <span class='ocrx_word' id='word_1_570' title='bbox 1539 1495 1547 1508; x_wconf 81' lang='lat'><em>‚</em></span> <span class='ocrx_word' id='word_1_571' title='bbox 1554 1480 1581 1503; x_wconf 86' lang='lat' dir='ltr'>et</span> <span class='ocrx_word' id='word_1_572' title='bbox 1588 1473 1721 1514; x_wconf 88' lang='lat' dir='ltr'>Spiritum</span> <span class='ocrx_word' id='word_1_573' title='bbox 1731 1474 1798 1504; x_wconf 76' lang='lat' dir='ltr'>tibe-</span> 
     </span>
     <span class='ocr_line' id='line_1_84' title="bbox 1050 1511 1901 1549; baseline 0.002 -8"><span class='ocrx_word' id='word_1_574' title='bbox 1050 1518 1178 1541; x_wconf 83' lang='lat' dir='ltr'>ratorem.</span> <span class='ocrx_word' id='word_1_575' title='bbox 1192 1513 1268 1548; x_wconf 86' lang='lat' dir='ltr'>Nisi,</span> <span class='ocrx_word' id='word_1_576' title='bbox 1283 1511 1331 1549; x_wconf 83' lang='lat' dir='ltr'>ait,</span> <span class='ocrx_word' id='word_1_577' title='bbox 1345 1512 1444 1543; x_wconf 80' lang='lat' dir='ltr'>Filius</span> <span class='ocrx_word' id='word_1_578' title='bbox 1456 1523 1511 1542; x_wconf 84' lang='lat' dir='ltr'>vos</span> <span class='ocrx_word' id='word_1_579' title='bbox 1531 1513 1709 1548; x_wconf 72' lang='lat' dir='ltr'>liberaverit,</span> <span class='ocrx_word' id='word_1_580' title='bbox 1721 1516 1798 1545; x_wconf 76' lang='lat' dir='ltr'>servi</span> <span class='ocrx_word' id='word_1_581' title='bbox 1807 1522 1901 1548; x_wconf 55' lang='lat' dir='ltr'>laam&amp;</span> 
     </span>
     <span class='ocr_line' id='line_1_85' title="bbox 1050 1550 1899 1591; baseline 0.004 -11"><span class='ocrx_word' id='word_1_582' title='bbox 1050 1553 1129 1581; x_wconf 83' lang='lat' dir='ltr'>estis.</span> <span class='ocrx_word' id='word_1_583' title='bbox 1146 1551 1182 1581; x_wconf 82' lang='lat' dir='ltr'>Et</span> <span class='ocrx_word' id='word_1_584' title='bbox 1206 1551 1328 1587; x_wconf 88' lang='lat' dir='ltr'>Paulus,</span> <span class='ocrx_word' id='word_1_585' title='bbox 1352 1552 1430 1588; x_wconf 74' lang='lat' dir='ltr'>Lex,</span> <span class='ocrx_word' id='word_1_586' title='bbox 1452 1551 1507 1588; x_wconf 82' lang='lat' dir='ltr'>ait,</span> <span class='ocrx_word' id='word_1_587' title='bbox 1531 1550 1654 1591; x_wconf 78' lang='lat' dir='ltr'>Spiritus</span> <span class='ocrx_word' id='word_1_588' title='bbox 1675 1554 1746 1582; x_wconf 71' lang='lat' dir='ltr'>&#39;uiue</span> <span class='ocrx_word' id='word_1_589' title='bbox 1766 1555 1799 1583; x_wconf 81' lang='lat' dir='ltr'>in</span> <span class='ocrx_word' id='word_1_590' title='bbox 1808 1560 1899 1591; x_wconf 57' lang='lat' dir='ltr'>Ram}</span> 
     </span>
     <span class='ocr_line' id='line_1_86' title="bbox 1053 1590 1799 1630; baseline 0.004 -10"><span class='ocrx_word' id='word_1_591' title='bbox 1053 1591 1168 1621; x_wconf 77' lang='lat' dir='ltr'>Christo</span> <span class='ocrx_word' id='word_1_592' title='bbox 1189 1593 1251 1630; x_wconf 84' lang='lat' dir='ltr'>ejus</span> <span class='ocrx_word' id='word_1_593' title='bbox 1271 1591 1405 1620; x_wconf 80' lang='lat' dir='ltr'>liberavit</span> <span class='ocrx_word' id='word_1_594' title='bbox 1419 1601 1481 1620; x_wconf 87' lang='lat' dir='ltr'>nos.</span> <span class='ocrx_word' id='word_1_595' title='bbox 1502 1590 1532 1621; x_wconf 88' lang='lat' dir='ltr'>Si</span> <span class='ocrx_word' id='word_1_596' title='bbox 1551 1593 1627 1621; x_wconf 79' lang='lat' dir='ltr'>Patet·</span> <span class='ocrx_word' id='word_1_597' title='bbox 1650 1592 1757 1628; x_wconf 77' lang='lat' dir='ltr'>liberat.</span> <span class='ocrx_word' id='word_1_598' title='bbox 1771 1600 1799 1623; x_wconf 87' lang='lat' dir='ltr'>et</span> 
     </span>
     <span class='ocr_line' id='line_1_87' title="bbox 1052 1630 1798 1671; baseline 0.003 -11"><span class='ocrx_word' id='word_1_599' title='bbox 1052 1631 1139 1660; x_wconf 83' lang='lat' dir='ltr'>Filius</span> <span class='ocrx_word' id='word_1_600' title='bbox 1158 1630 1265 1666; x_wconf 80' lang='lat' dir='ltr'>liberat,</span> <span class='ocrx_word' id='word_1_601' title='bbox 1280 1637 1306 1660; x_wconf 85' lang='lat' dir='ltr'>et</span> <span class='ocrx_word' id='word_1_602' title='bbox 1327 1630 1445 1671; x_wconf 82' lang='lat' dir='ltr'>Spiritus</span> <span class='ocrx_word' id='word_1_603' title='bbox 1465 1631 1571 1660; x_wconf 85' lang='lat' dir='ltr'>liberat.</span> <span class='ocrx_word' id='word_1_604' title='bbox 1592 1633 1696 1662; x_wconf 89' lang='lat' dir='ltr'>Verum</span> <span class='ocrx_word' id='word_1_605' title='bbox 1717 1631 1798 1662; x_wconf 85' lang='lat' dir='ltr'>detur</span> 
     </span>
    </p>

    <p class='ocr_par' dir='ltr' id='par_1_23' title="bbox 1050 1670 1798 1711">
     <span class='ocr_line' id='line_1_88' title="bbox 1050 1670 1798 1711; baseline 0.004 -12"><span class='ocrx_word' id='word_1_606' title='bbox 1050 1671 1130 1700; x_wconf 83' lang='lat' dir='ltr'>nobis</span> <span class='ocrx_word' id='word_1_607' title='bbox 1144 1670 1276 1700; x_wconf 79' lang='lat' dir='ltr'>universis</span> <span class='ocrx_word' id='word_1_608' title='bbox 1291 1670 1403 1700; x_wconf 83' lang='lat' dir='ltr'>liberari</span> <span class='ocrx_word' id='word_1_609' title='bbox 1414 1682 1430 1699; x_wconf 84' lang='lat' dir='ltr'>a</span> <span class='ocrx_word' id='word_1_610' title='bbox 1447 1670 1514 1710; x_wconf 75' lang='lat' dir='ltr'>jugo</span> <span class='ocrx_word' id='word_1_611' title='bbox 1529 1671 1640 1710; x_wconf 82' lang='lat' dir='ltr'>peccati,</span> <span class='ocrx_word' id='word_1_612' title='bbox 1659 1671 1798 1711; x_wconf 85' lang='lat' dir='ltr'>eximique</span> 
     </span>
    </p>

    <p class='ocr_par' dir='ltr' id='par_1_24' title="bbox 1051 1709 1797 1755">
     <span class='ocr_line' id='line_1_89' title="bbox 1051 1709 1797 1755; baseline 0.001 -16"><span class='ocrx_word' id='word_1_613' title='bbox 1051 1721 1065 1738; x_wconf 87' lang='lat' dir='ltr'>a</span> <span class='ocrx_word' id='word_1_614' title='bbox 1077 1711 1144 1750; x_wconf 78' lang='lat' dir='ltr'>jugo</span> <span class='ocrx_word' id='word_1_615' title='bbox 1164 1710 1364 1746; x_wconf 83' lang='lat' dir='ltr'>haereticorum,</span> <span class='ocrx_word' id='word_1_616' title='bbox 1388 1717 1467 1750; x_wconf 80' lang='lat' dir='ltr'>atque</span> <span class='ocrx_word' id='word_1_617' title='bbox 1495 1709 1614 1755; x_wconf 71' lang='lat' dir='ltr'>dirigere</span> <span class='ocrx_word' id='word_1_618' title='bbox 1634 1710 1739 1741; x_wconf 84' lang='lat' dir='ltr'>firmam</span> <span class='ocrx_word' id='word_1_619' title='bbox 1759 1710 1797 1740; x_wconf 85' lang='lat' dir='ltr'>fi-</span> 
     </span>
    </p>

    <p class='ocr_par' dir='ltr' id='par_1_25' title="bbox 1050 1749 1796 1819">
     <span class='ocr_line' id='line_1_90' title="bbox 1050 1749 1796 1788; baseline 0.001 -9"><span class='ocrx_word' id='word_1_620' title='bbox 1050 1749 1125 1786; x_wconf 84' lang='lat' dir='ltr'>dem,</span> <span class='ocrx_word' id='word_1_621' title='bbox 1140 1757 1166 1779; x_wconf 84' lang='lat' dir='ltr'>et</span> <span class='ocrx_word' id='word_1_622' title='bbox 1188 1749 1303 1788; x_wconf 78' lang='lat' dir='ltr'>gloriam</span> <span class='ocrx_word' id='word_1_623' title='bbox 1317 1749 1415 1780; x_wconf 74' lang='lat' dir='ltr'>referre</span> <span class='ocrx_word' id='word_1_624' title='bbox 1437 1749 1609 1780; x_wconf 78' lang='lat' dir='ltr'>sanctissume</span> <span class='ocrx_word' id='word_1_625' title='bbox 1628 1749 1756 1780; x_wconf 83' lang='lat' dir='ltr'>Trinitati</span> <span class='ocrx_word' id='word_1_626' title='bbox 1769 1750 1796 1780; x_wconf 90' lang='lat' dir='ltr'>in</span> 
     </span>
     <span class='ocr_line' id='line_1_91' title="bbox 1050 1793 1582 1819; baseline 0 0"><span class='ocrx_word' id='word_1_627' title='bbox 1050 1797 1181 1819; x_wconf 77' lang='lat' dir='ltr'>aeternum</span> <span class='ocrx_word' id='word_1_628' title='bbox 1192 1793 1214 1819; x_wconf 78' lang='lat'>⁸.</span> <span class='ocrx_word' id='word_1_629' title='bbox 1578 1793 1582 1798; x_wconf 70' lang='lat'><em>⁴</em></span> 
     </span>
    </p>
   </div>
   <div class='ocr_carea' id='block_1_20' title="bbox 954 2111 1100 2146">
    <p class='ocr_par' dir='ltr' id='par_1_26' title="bbox 954 2111 1100 2146">
     <span class='ocr_line' id='line_1_92' title="bbox 954 2111 1100 2146; baseline 0 0"><span class='ocrx_word' id='word_1_630' title='bbox 954 2111 1100 2146; x_wconf 85' lang='lat' dir='ltr'>FINIS.</span> 
     </span>
    </p>
   </div>
  </div>
 </body>
</html>
