1904 2840
168 234 294 274 quoniam
313 234 400 264 omnis
418 234 537 274 operatio
557 234 660 265 inimici
671 235 732 265 talis
745 242 793 265 est.
803 237 834 266 In
849 237 907 277 pri-

170 275 222 304 mis
235 274 325 313 gravis
337 281 364 303 et
375 274 551 307 intolerabilis
566 282 605 304 est
616 275 731 314 impetus
746 276 815 315 ejus.
827 276 908 313 Quod

168 313 191 342 si
210 314 272 352 quis
293 314 357 343 sorti
372 314 462 343 animo
483 314 639 344 sustinuerit
661 325 734 351 eum,
749 315 776 344 in
791 316 909 345 secundo

168 352 286 383 inveniet
298 364 360 382 eum
379 354 566 389 infirmiorem,
581 355 609 383 in
623 355 700 384 tertio
714 356 800 395 magis
809 355 909 385 debili-

167 399 264 422 tatum.
277 394 314 423 Et
335 401 436 432 quanto
455 394 517 433 plus
539 405 709 434 repercussus
730 395 820 430 fuerit,
836 402 909 425 tanto

167 433 253 472 magis
265 433 382 472 frigescit
397 440 424 463 et
437 433 536 463 deficit.
553 434 633 464 Unde
641 441 708 474 puto
721 434 748 462 in
763 442 910 474 persequu‘-

167 472 286 502 tionibus
297 473 467 510 Christianis,
482 473 504 502 si
517 473 546 502 in
563 474 657 513 primis
668 473 776 512 quando
789 484 909 514 compre-

167 511 237 541 hend
242 519 323 541 untur
330 523 384 541 non
393 512 583 552 denegaverint
592 513 688 549 territi,
693 513 776 542 nullis
783 521 910 553 poterunt

217 558 258 580 tea
267 552 340 581 vinci
350 551 492 582 doloribus
506 564 520 584 a
528 552 590 591 quia
600 552 725 582 diabolus
740 563 794 582 non
804 560 908 583 tantum

237 598 248 621 t
260 591 288 621 in
301 602 330 622 se
342 592 462 629 virtutis,
477 599 607 631 quantum
624 593 744 622 terroris.
759 594 809 622 54.
823 594 907 622 Pha-

166 633 242 660 risoei
254 638 351 661 autem
375 632 527 661 audientes
547 633 627 671 quod
644 632 792 662 silentium
815 634 906 672 impo-

166 672 270 700 suisset
279 672 457 708 Sadducoeis‚
472 678 669 701 convenerunt
683 674 715 700 in
726 683 828 701 unum.
840 674 907 702 Fre-

165 717 278 749 quenter
298 712 388 742 Judaei
408 711 523 741 diversis
546 711 802 751 interrogationibus
828 712 908 742 Chri-

166 757 238 779 stum
250 758 389 788 tentantes,
408 751 461 780 sibi
474 750 584 790 quidem
605 751 787 790 acquisierunt
812 752 906 781 interi-

165 796 234 825 tum,
245 792 321 820 nobis
330 798 420 821 autem
428 790 606 831 providerunt
614 791 735 820 salutem.
746 792 816 821 Nam
825 792 908 822 verba

165 829 269 859 Christi
294 831 350 860 iliis
365 832 535 871 profecerunt
554 830 590 860 ad
612 831 812 867 confusionem,
829 832 906 861 nobis

164 876 253 899 autem
265 870 301 899 ad
317 871 520 900 aedificafionem
533 882 541 900 ε
554 871 680 909 quoniam
699 871 832 910 responsis
846 872 904 911 ejus

162 909 351 946 vincebamur,
363 917 390 940 et
398 921 451 940 non
460 911 643 950 placabantur.
654 912 724 941 Nam
738 911 839 939 malitia
847 911 904 940 fre-

162 956 275 987 quenter
284 950 394 989 quidem
406 950 536 989 vincitur,
551 960 698 989 numquam
711 957 800 979 autem
814 950 904 990 placa-

162 994 218 1017 tur.
235 989 362 1019 Pharisaei
383 997 446 1019 sunt
461 1001 562 1025 omnes,
576 991 623 1029 qui
647 997 738 1020 contra
764 991 903 1020 veritatem

161 1028 326 1058 contendunt
345 1041 352 1058 ε
375 1030 438 1068 quia
458 1040 511 1059 non
530 1030 669 1060 veritatem
691 1029 834 1059 defendere
852 1041 900 1060 cu—

161 1067 263 1106 pientes
286 1076 398 1103 certant,
421 1069 468 1099 sed
490 1070 644 1099 subvertere
666 1069 829 1099 festinantes.
846 1071 902 1107 Qui

15 1113 36 1143 1-
161 1108 233 1137 enim
244 1119 293 1147 pro
307 1109 417 1138 veritate
435 1109 610 1145 contendunt,
625 1114 651 1138 et
667 1109 770 1148 cognita
790 1110 902 1140 veritate

17 1143 40 1170 ‘i
49 1141 76 1164 ⁸¹-
91 1142 243 1185 dees²†n0n
259 1149 426 1178 consentiunt
437 1149 544 1179 veritati
557 1161 565 1178 ι
582 1149 751 1178 manifestum
761 1156 811 1185 est,
827 1160 902 1188 quo—

11 1180 76 1232 ''⁰'''†
105 1209 153 1229 rins
162 1187 235 1216 niam
248 1187 270 1226 †
279 1188 355 1228 prius
365 1199 418 1217 non
455 1199 486 1218 ro
505 1189 625 1225 veritate,
639 1188 686 1218 sed
704 1195 794 1217 contra
805 1190 901 1219 verita·

9 1243 52 1260 ,οη
73 1215 215 1260 cenantem
227 1228 373 1257 certabant.
387 1230 428 1257 Au
451 1228 460 1257 i
482 1238 557 1268 ergo,
570 1228 650 1257 homo
668 1227 755 1257 fidelis
776 1229 824 1267 qui
834 1239 898 1258 con-

41 1267 202 1295 ritalevati-a
226 1266 381 1297 haereticum
405 1268 520 1297 libenter
542 1267 703 1297 contendis:
724 1268 748 1297 si
773 1268 900 1299 Pharisaei

9 1299 100 1352 ms?
110 1308 151 1322 ve·
160 1305 226 1335 victi
236 1307 334 1347 placati
344 1317 397 1336 non
410 1314 483 1342 sunt,
495 1314 521 1336 et
533 1314 563 1336 tu
576 1307 702 1337 certando
715 1314 805 1336 contra
815 1308 900 1337 haere-

9 1339 150 1384 “hannem
159 1346 270 1376 reticum
328 1353 366 1376 tes
387 1357 449 1376 eum
467 1346 584 1386 placare,
606 1356 668 1375 cum
691 1346 806 1375 viceris?
819 1357 902 1377 nurn-

158 1385 226 1423 quid
237 1386 331 1415 sortior
341 1386 450 1415 Christo
462 1396 502 1422 es,
517 1393 547 1415 ut
560 1396 628 1425 quos
641 1385 687 1415 ille
704 1396 757 1414 non
771 1386 900 1426 placavit,

157 1473 275 1494 eaeorum
284 1466 450 1505 exemplum,
466 1473 559 1495 utnon
573 1465 698 1494 similiter
710 1466 902 1505 interrogantes

156 1504 364 1540 confundantur,
371 1504 418 1534 sed
428 1504 525 1534 ardens
534 1504 648 1540 malitia,
656 1504 722 1535 dum
732 1505 851 1534 sauciare
859 1506 899 1535 fe-

157 1542 308 1579 stinat,non
318 1544 414 1584 aspicit
420 1544 523 1573 exitum
531 1544 582 1581 rei,
593 1551 622 1573 ut
628 1544 813 1574 tantummodo
822 1545 900 1575 alteri

157 1591 260 1621 noceat,
275 1594 325 1613 nec
337 1584 389 1613 sibi
399 1584 516 1624 penitus.
529 1583 561 1613 si
574 1583 707 1613 neminem
719 1590 780 1613 ante
794 1595 838 1614 eos
852 1585 899 1615 vi-

157 1623 246 1660 cisset,
261 1623 371 1653 forsitan
380 1625 455 1664 justa
467 1623 569 1653 ratione
583 1630 731 1663 sperassent
747 1634 824 1663 posse
836 1635 899 1654 eum

9 1673 18 1686 ¹
158 1665 274 1701 vincere,
289 1675 304 1692 a
317 1674 372 1702 quo
385 1663 477 1693 nullus
485 1670 525 1692 est
538 1663 626 1693 victus
638 1675 645 1692 :
658 1673 730 1693 nunc
747 1670 836 1693 autem
853 1664 897 1693 vi-

155 1704 258 1740 dentes,
273 1703 400 1743 quoniam
422 1709 553 1742 quotquot
574 1703 737 1742 interrogare
757 1713 819 1732 eum
839 1704 899 1734 ausi

155 1751 326 1779 sunt,omnes
335 1742 400 1773 victi
406 1749 572 1772 recesserunt
583 1756 589 1771 :
599 1742 666 1782 quid
676 1742 824 1772 aestimandi
834 1750 898 1772 sunt

155 1785 200 1814 isti
210 1784 224 1813 Ρ
239 1782 373 1821 numquid
395 1782 518 1812 fortiores
533 1793 615 1821 quam
635 1782 734 1818 caeteri,
745 1782 793 1821 qui
818 1782 897 1812 victis

155 1824 282 1854 omnibus
294 1823 409 1861 ,vincere
431 1822 628 1862 speraverunt?
644 1822 697 1852 Sed
716 1821 897 1861 impudentio-

156 1874 213 1900 res,
225 1874 306 1902 qnam
322 1872 414 1891 omnes
432 1862 480 1900 qui
493 1861 610 1891 confusis
629 1861 754 1891 omnibus
773 1868 834 1890 ante
846 1872 875 1891 se
885 1884 894 1898 ‚

155 1903 280 1932 similiter
286 1901 442 1931 erubescere
452 1911 504 1930 non
516 1900 675 1930 timuerunt.
692 1902 897 1930 Convenerunt

155 1943 187 1971 in
200 1953 304 1979 unum,
312 1942 360 1971 55.
369 1947 398 1970 et
404 1943 591 1980 interrogavit
604 1951 668 1969 eum
678 1950 753 1970 unus
761 1951 798 1968 ex
808 1942 849 1970 eis
860 1941 897 1970 le-

154 1984 199 2022 gis
207 1983 318 2017 doctor,
326 1986 442 2010 tentans
452 1991 529 2010 eum.
540 1980 745 2009 Convenerunt
755 1981 786 2008 in
793 1991 895 2017 unum,

156 2029 186 2052 ut
199 2021 374 2052 multitudine
392 2020 540 2056 vincerent,
555 2030 636 2059 quem
655 2019 758 2049 ratione
771 2029 897 2059 superare

0 2083 1 2088 ,
156 2071 209 2091 non
223 2068 365 2102 poterant:
379 2071 394 2089 a
417 2060 528 2090 veritate
550 2059 637 2088 nudos
659 2070 688 2088 se
706 2070 763 2088 esse
774 2060 896 2099 ,professi

0 2101 17 2126 >³
155 2109 228 2138 sunt,
243 2101 290 2140 qui
313 2100 487 2130 multitudine
509 2110 536 2128 se
563 2106 742 2128 armaverunt.
766 2099 897 2129 Dicebant

0 2136 1 2139 ¹
156 2141 227 2170 enim
252 2140 326 2180 apud
340 2151 388 2170 set
405 2150 475 2169 unus
501 2139 627 2178 loquatur
647 2149 699 2178 pro
722 2138 858 2176 omnibus,
871 2146 897 2168 et

155 2189 248 2209 omnes
261 2180 288 2208 lo
309 2190 405 2209 uamur
422 2190 469 2219 per
483 2189 578 2215 unum,
595 2185 624 2207 ut
639 2177 772 2217 siquidem
789 2178 894 2214 vicerit,

156 2229 247 2248 omnes
259 2190 401 2249 videamur
412 2219 526 2248 victores
543 2230 551 2247 ι
566 2218 589 2247 si
602 2224 691 2247 autem
704 2217 790 2247 victus
804 2218 894 2255 fuerit,

155 2259 199 2288 vel
208 2259 282 2288 solus
293 2258 417 2288 videatur
424 2258 561 2287 confusus.
569 2258 594 2286 Ο
603 2256 741 2291 Pharisaei,
750 2256 796 2295 qui
807 2257 895 2286 omnia

156 2305 266 2338 propter
278 2298 399 2327 homines
411 2297 533 2336 cogitatis
546 2303 572 2325 et
584 2296 681 2325 facitis.
697 2296 819 2325 Primum
832 2296 894 2334 qui-

156 2338 219 2367 dem
230 2337 364 2368 venientes
374 2347 436 2366 cum
452 2346 514 2373 uno,
523 2335 647 2365 vincendi
661 2335 723 2364 estis
733 2345 781 2374 per
794 2345 878 2364 unum
885 2347 894 2374 3

156 2384 244 2406 tamen
257 2387 326 2417 pone
339 2377 414 2416 quia,
430 2386 484 2405 uno
497 2376 579 2412 victo,
593 2375 714 2419 homines
727 2384 779 2403 non
793 2374 896 2419 intelli-

159 2423 226 2455 gunt
234 2427 325 2446 omnes
337 2426 385 2446 vos
395 2426 452 2445 esse
462 2415 546 2445 victos
561 2427 568 2443 ι
586 2414 718 2452 numquid
731 2421 897 2458 conscientiae

160 2462 254 2484 vestrae
265 2456 433 2485 consentiunt
447 2466 474 2484 se
495 2465 551 2484 esse
570 2453 711 2482 confusas?
725 2455 805 2483 Lews
826 2464 898 2482 enim

160 2501 199 2523 est
212 2495 367 2532 consolatio,
381 2502 410 2524 ut
423 2494 470 2532 qui
481 2495 508 2522 in
523 2493 610 2532 seipso
622 2493 748 2522 confusus
761 2499 809 2529 est,
825 2493 899 2532 quod

161 2533 195 2562 ab
200 2534 262 2563 aliis
270 2534 418 2573 ignoratur.
426 2535 477 2563 56.
485 2534 637 2571 Magister,
645 2532 724 2572 quod
731 2538 773 2561 est
780 2533 900 2577 manda-

163 2578 222 2601 tum
234 2583 369 2612 magnum
377 2575 407 2601 in
415 2574 492 2611 lege?
500 2571 659 2610 Magistrum
668 2579 754 2609 vocat,
762 2582 839 2611 cujus
847 2582 898 2601 non

660 175 693 196 IN
720 175 934 199 MATTHAEUM.
963 177 1081 201 nomn.
1100 178 1184 203 xul.

1640 185 1705 220 921

925 240 947 264 Δ
963 239 1023 268 vult
1035 249 1091 269 esse
1105 240 1265 281 discipulus.
1285 243 1508 289 simplicissimus
1522 245 1708 286 interrogator,

963 284 989 322 et
1004 278 1261 318 malignantissimus
1273 282 1423 313 insidiator.
1431 285 1471 314 De
1480 295 1575 325 magno
1583 285 1708 317 mandato

965 324 1121 357 interrogat,
1135 319 1183 358 qui
1201 331 1248 350 nec
1268 322 1411 352 minimum
1425 321 1559 354 observat.
1573 325 1624 354 Ille
1636 325 1708 357 enim

962 356 1042 386 debet
1055 358 1218 427 interrofare
1228 360 1263 390 de
1276 362 1369 407 majori
1381 363 1497 402 justitia,
1511 363 1559 402 qui
1572 364 1632 409 jam
1651 366 1706 395 mi-

962 406 1058 441 norem
1074 407 1154 438 comp
1166 400 1232 429 evit.
1248 402 1380 431 Dominus
1393 409 1481 432 autem
1495 403 1533 433 sic
1554 414 1579 433 ei
1593 415 1704 445 respon-

962 435 1014 472 dit,
1035 443 1065 465 ut
1087 437 1300 478 interrogationis
1323 441 1383 481 ejus
1406 442 1494 471 fictam
1518 443 1704 474 conscientiam

963 476 1052 505 statim
1066 477 1154 516 primo
1167 489 1294 518 responso
1307 487 1465 520 percuteret,
1477 481 1568 511 dicens
1576 495 1582 511 :
1590 484 1640 513 57.
1653 485 1704 513 Di-

964 515 1035 554 liges
1049 517 1209 546 Dominum
1217 521 1311 548 Deum
1322 526 1402 548 tuum
1413 531 1450 549 ex
1462 527 1522 550 toto
1532 523 1619 551 corde
1632 530 1681 554 tuo
1693 538 1702 556 ,-

962 554 991 583 id
1000 557 1117 591 est‚Non
1126 556 1196 586 sicut
1206 563 1245 594 tu,
1252 558 1299 596 qui
1307 558 1476 589 devotionem
1485 561 1601 591 ostendis
1608 562 1634 591 in
1645 574 1702 599 ore,

961 600 987 623 et
999 594 1121 624 fraudem
1133 595 1271 626 meditaris
1289 597 1316 626 in
1328 598 1417 628 corde.
1433 601 1562 639 Magnum
1576 609 1663 632 autem
1677 610 1702 632 et

962 633 1105 663 minimum
1117 635 1274 665 mandatum
1286 636 1413 675 dicimus,
1422 646 1552 677 quantum
1565 639 1599 669 ad
1613 641 1702 681 digni-

961 679 1043 702 tatem
1062 674 1258 711 mandatorum,
1272 686 1324 705 non
1346 684 1478 715 quantum
1492 677 1527 707 ad
1547 679 1699 711 utilitatem.

963 712 1091 752 Alioquin
1106 714 1206 744 utilitas
1220 715 1342 745 omnium
1354 717 1541 746 mandatorum
1552 728 1604 748 una
1615 727 1664 756 est,
1676 729 1702 751 et

962 753 1050 782 omnia
1065 753 1187 783 mandata
1200 755 1276 794 quasi
1288 766 1371 784 unum
1385 756 1511 787 videntur
1521 768 1579 788 esse
1591 759 1700 789 manda-

962 798 1030 828 tum,
1041 793 1105 831 quia
1114 793 1150 822 ita
1164 794 1215 823 sibi
1229 794 1371 832 cohaerent,
1383 803 1414 825 ut
1424 797 1537 826 alterum
1549 798 1606 828 sinc
1617 799 1700 828 altero

960 841 1017 860 esse
1030 842 1082 861 non
1094 833 1189 873 possit.
1205 835 1319 874 Utputa‚
1335 836 1358 865 si
1371 835 1516 876 interroget
1528 843 1554 866 te
1562 838 1660 877 aliquis
1671 839 1698 868 in

959 871 1135 902 aedificatione
1155 873 1263 911 domus,
1279 875 1346 911 Quae
1398 886 1424 904 rs
1441 883 1480 905 est
1501 877 1604 913 melior,
1618 877 1697 916 dicis,

958 911 1175 942 Fundamentum
1184 924 1193 950 ;
1203 913 1250 943 sed
1261 886 1488 952 quemad'iiiodum
1495 915 1635 946 aedificatio
1644 928 1698 947 non

958 957 1045 1018 gotest
1054 962 1120 989 esse,
1137 952 1187 982 nisi
1200 953 1280 982 fuerit
1293 953 1495 984 fundamentum
1507 967 1513 983 :
1529 955 1565 985 ita
1578 967 1626 986 nec
1636 957 1698 986 sun-

979 998 1114 1020 amentum
1126 1003 1183 1022 esse
1205 1000 1301 1032 potest,
1314 993 1365 1022 nisi
1379 994 1520 1024 aedificatio
1538 996 1619 1025 fuerit
1632 997 1696 1026 sub-

957 1037 1080 1068 sequuta.
1096 1032 1152 1061 Nec
1165 1031 1265 1062 dicitur
1278 1032 1492 1070 fundamentum,
1507 1034 1560 1063 nisi
1578 1035 1612 1065 sit
1632 1036 1697 1065 ,acdi-

956 1068 1057 1104 ficatio‚
1069 1072 1146 1111 cujus
1164 1071 1368 1102 fundamentum
1382 1072 1496 1104 dicatur.
1509 1074 1583 1114 Ergo
1600 1075 1696 1105 funda-

956 1116 1076 1139 mentum
1090 1110 1117 1139 in
1131 1110 1306 1141 aedificatione
1317 1111 1427 1151 dignius
1443 1120 1491 1149 est,
1506 1124 1558 1143 non
1574 1115 1668 1145 utilius
1686 1128 1692 1144 :

956 1148 994 1178 sic
1009 1155 1034 1178 et
1053 1160 1082 1178 ca
1106 1157 1134 1179 ut
1155 1150 1265 1190 dignius
1290 1158 1329 1181 est
1348 1162 1430 1190 quam
1449 1153 1590 1183 membra:
1609 1161 1695 1184 tamen

955 1198 1003 1218 nec
1014 1199 1084 1218 mem
1105 1200 1133 1218 ra
1147 1190 1204 1219 sine
1219 1191 1316 1231 capite,
1329 1202 1377 1220 nec
1397 1199 1477 1231 caput
1496 1192 1553 1221 sine
1566 1194 1695 1224 membris

954 1237 1010 1257 esse
1017 1235 1113 1268 potest.
1122 1229 1167 1259 Sic
1174 1229 1311 1269 digniores
1321 1237 1384 1259 sunt
1392 1231 1550 1268 sacerdotes,
1559 1243 1640 1271 quam
1649 1244 1696 1279 po-

954 1268 1108 1306 pulus,non
1121 1275 1208 1298 tamen
1217 1269 1338 1299 utiliores
1347 1282 1353 1298 ε
1362 1271 1426 1309 quia
1443 1281 1491 1300 nec
1506 1272 1623 1311 populus
1638 1283 1696 1302 sine

954 1307 1136 1336 sacerdotibus
1147 1331 1155 1345 ,
1176 1318 1224 1338 nec
1249 1308 1398 1339 sacerdotes
1423 1310 1480 1339 sine
1502 1312 1611 1351 populis
1638 1322 1695 1343 esse

954 1354 1077 1413 possunt.
1092 1347 1134 1376 Ita
1158 1354 1183 1377 et
1197 1347 1226 1376 di
1246 1349 1308 1378 nius
1327 1356 1367 1378 est
1385 1349 1438 1378 hoc
1456 1349 1622 1389 mandatum,
1641 1352 1693 1380 Di-

969 1387 1028 1425 iges
1042 1387 1202 1416 Dominum
1244 1399 1308 1417 eum
1320 1395 1400 1417 tuum
1410 1400 1446 1418 ex
1457 1395 1516 1419 tolo
1527 1391 1612 1420 corde
1626 1399 1673 1421 luo
1684 1407 1693 1420 :

158 1430 188 1453 tn
211 1425 351 1465 placabis?
366 1426 522 1455 Debuerant
543 1425 654 1464 quidem
678 1426 773 1455 timere
791 1426 901 1456 Saddu-
918 1427 937 1452 C
954 1435 1036 1463 quam
1060 1426 1147 1462 illud,
1162 1427 1231 1456 Non
1256 1429 1386 1466 occides,
1410 1439 1469 1457 non
1492 1433 1675 1469 concupisces
1679 1444 1693 1469 ,-

953 1470 1040 1494 tamen
1061 1465 1162 1495 utilitas
1186 1477 1239 1495 una
1265 1474 1304 1496 est
1317 1478 1323 1495 ε
1338 1477 1400 1496 nam
1418 1469 1466 1506 qui
1488 1468 1578 1508 diligit
1593 1471 1692 1509 Deum,

954 1503 1001 1533 ille
1025 1514 1077 1534 non
1109 1505 1207 1535 occidit
1218 1527 1226 1542 ,
1250 1516 1299 1535 nec
1321 1507 1485 1547 concupiscit
1495 1519 1503 1545 ;
1543 1509 1570 1537 ui
1603 1516 1691 1539 autem

953 1543 1067 1581 occidit,
1094 1551 1141 1573 aut
1166 1545 1348 1585 concupiscit,
1370 1545 1417 1575 ine
1442 1556 1494 1576 non
1517 1519 1608 1587 diiligit
1635 1550 1690 1578 Do-

952 1583 1057 1612 minum
1075 1584 1163 1613 Deum
1181 1594 1271 1614 suum.
1299 1585 1366 1614 Esse
1386 1592 1475 1615 autem
1497 1586 1599 1616 minora
1616 1599 1691 1618 man·
1701 1604 1775 1621 cxxx.

951 1621 1012 1652 data
1026 1623 1157 1652 Dominus
1166 1624 1330 1661 manifestat,
1345 1623 1436 1654 dicens
1450 1637 1458 1654 .·
1481 1626 1513 1656 Si
1523 1628 1588 1666 quis
1602 1638 1692 1665 unum
1701 1643 1787 1665 Mam„
1801 1643 1824 1666 5.

951 1673 987 1691 ex
1004 1664 1132 1691 minimis
1157 1663 1304 1693 mandatis
1324 1665 1387 1693 istis
1400 1665 1536 1702 solverit,
1548 1672 1576 1695 et
1590 1667 1690 1697 docue-
1704 1680 1739 1704 ¹9·

950 1704 989 1730 rit
1012 1703 1053 1730 sic
1073 1703 1219 1739 homines,
1234 1704 1369 1732 minimus
1386 1706 1543 1734 vocabitur
1562 1707 1594 1734 in
1604 1716 1691 1746 regno

950 1741 1097 1771 coelorum.
1126 1742 1242 1782 Diliges
1251 1765 1259 1778 ,
1285 1743 1373 1782 inquit
1397 1754 1404 1770 τ
1428 1754 1480 1773 non
1503 1744 1585 1781 dicit,
1599 1746 1692 1776 Time-

949 1780 992 1809 bis
1006 1792 1013 1810 :
1027 1781 1089 1820 quia
1108 1781 1223 1821 diligere
1245 1783 1330 1822 majus
1350 1789 1390 1811 est
1413 1793 1494 1821 quam
1514 1784 1618 1814 timere.
1643 1785 1689 1815 In-

949 1819 1055 1850 choatio
1076 1821 1147 1850 enim
1166 1821 1277 1851 culturae
1297 1821 1346 1851 Dei
1359 1822 1440 1851 habet
1452 1823 1585 1860 timorem,
1600 1825 1688 1864 perfe-

949 1859 1003 1889 ctio
1011 1867 1100 1890 autem
1112 1860 1294 1897 dilectionem,
1307 1861 1410 1891 dicente
1418 1863 1521 1891 ,Ioanne
1534 1875 1540 1891 z
1552 1864 1692 1904 Perfecta
1703 1883 1722 1898 ι,
1735 1878 1802 1899 Joan.
1816 1877 1839 1905 4,

951 1899 1164 1941 dilectiosoras
1174 1902 1262 1930 mittit
1270 1902 1409 1930 timorem.
1423 1903 1514 1931 Donec
1526 1903 1597 1932 enim
1611 1904 1690 1934 horno
1702 1907 1738 1932 18.

951 1939 1026 1968 timet
1038 1941 1136 1975 Deum,
1147 1949 1200 1969 non
1211 1950 1272 1969 eum
1281 1939 1373 1979 diligit
1385 1953 1391 1969 :
1405 1951 1466 1969 cum
1476 1949 1564 1971 autem
1578 1941 1692 1983 diligere

951 1979 1069 2019 coeperit,
1075 1980 1131 2019 jam
1140 1989 1193 2009 non
1199 1990 1262 2009 eum
1268 1980 1452 2009 tantummodo
1460 1981 1546 2018 timet,
1556 1981 1604 2011 sed
1612 1984 1692 2014 etiam

951 2018 1067 2059 amplius
1085 2018 1187 2058 diligit.
1203 2019 1311 2048 Timere
1323 2019 1394 2048 enim
1407 2030 1546 2050 servorum
1559 2027 1608 2059 est,
1623 2022 1691 2051 dili-

952 2068 1012 2097 gere
1032 2065 1122 2088 autem
1144 2058 1283 2088 filiorum:
1297 2059 1378 2088 timor
1397 2059 1454 2088 sub.
1467 2060 1619 2090 necessitate
1640 2069 1689 2098 est,

950 2097 1060 2127 dilectio
1080 2097 1108 2127 in
1131 2097 1260 2128 libertate.
1277 2098 1333 2135 Qui
1354 2100 1381 2127 in
1403 2099 1498 2128 timore
1521 2101 1603 2130 servit
1622 2102 1689 2135 Dco,

951 2147 1057 2177 poenam
1070 2136 1180 2176 quidem
1198 2137 1299 2175 evadit,
1315 2137 1464 2168 mercedem
1482 2146 1571 2168 autem
1580 2140 1690 2179 justitiae

951 2187 1004 2206 non
1017 2177 1107 2214 habet,
1120 2177 1183 2216 quia
1195 2176 1296 2208 invitus
1309 2177 1371 2206 facit
1381 2177 1483 2207 bonum
1496 2185 1603 2217 propter
1612 2178 1691 2206 timo-

918 2222 921 2224 “
952 2227 1016 2246 rem.
1028 2217 1089 2246 Non
1098 2216 1158 2246 vult
1168 2226 1231 2256 ergo
1240 2218 1313 2246 Deus
1324 2239 1332 2252 ‚
1344 2224 1374 2246 ut
1386 2217 1510 2246 timeatur
1523 2217 1557 2245 ab
1570 2217 1689 2245 homini-

951 2255 1014 2292 bus,
1029 2255 1106 2294 quasi
1121 2255 1263 2285 dominus:
1273 2255 1321 2285 sed
1333 2263 1361 2285 ut
1373 2256 1502 2294 diligatur
1516 2255 1591 2293 quasi
1603 2262 1689 2294 pater,

951 2295 998 2334 qui
1016 2295 1066 2324 ado
1086 2295 1166 2325 tionis
1184 2296 1308 2335 spiritum
1322 2294 1432 2324 donavit
1444 2294 1607 2322 hominibus.
1621 2295 1689 2323 Nam

951 2335 974 2364 si
988 2335 1059 2364 consi
1081 2345 1185 2364 eremus
1205 2335 1239 2363 ab
1253 2334 1328 2362 initio
1341 2333 1422 2362 creati
1435 2332 1552 2361 hominis
1572 2343 1689 2370 causam,

952 2374 1127 2414 intelligimus
1137 2374 1200 2412 quia
1213 2375 1284 2403 Deus
1297 2372 1381 2411 magis
1390 2382 1417 2400 se
1427 2378 1530 2411 patrem
1539 2372 1625 2400 voluit
1635 2383 1692 2402 esse

953 2414 1104 2450 liominmn,
1118 2424 1198 2452 quam
1212 2412 1357 2441 dominum.
1372 2411 1431 2440 Non
1451 2410 1522 2439 enim
1542 2410 1611 2440 dixit
1622 2419 1690 2451 ¹tan-

953 2453 1104 2486 tummodo‚
1119 2453 1277 2481 Faciamus
1289 2451 1432 2478 hominem
1444 2449 1521 2485 :sed‚
1535 2451 1691 2480 Faciamus
1705 2465 1760 2486 Gen.
1775 2464 1841 2487 1‚26,

955 2494 1098 2522 hominem
1106 2491 1262 2520 secundum
1270 2489 1423 2527 imaginem
1434 2495 1462 2517 et
1471 2489 1691 2519 similitudinem

957 2538 1093 2561 nostram.
1104 2529 1228 2560 similare
1241 2534 1329 2556 autem
1343 2527 1407 2556 filiis
1421 2528 1544 2557 convenit
1557 2528 1592 2557 ad
1601 2537 1692 2574 Jiatrcs
1747 2544 1843 2573 Diligere

957 2581 1029 2607 snos,
1041 2580 1093 2599 non
1107 2569 1186 2598 etiam
1198 2567 1282 2598 servis
1290 2565 1324 2596 ad
1334 2565 1538 2597 dominossuos.
1553 2569 1628 2606 Quid
1642 2577 1690 2608 est,
1703 2575 1775 2596 Deum
1818 2583 1843 2596 ex
