1890 2826
672 200 702 224 m
730 199 862 231 ιεΑιΑΜ,
887 188 962 223 car.
996 200 1031 223 n.
1589 188 1633 222 33

72 265 135 306 πρὸς
147 265 194 299 τὰς
207 265 259 294 τῶν
280 263 392 301 πλησίον
406 262 572 304 ἀγχιστείας,
585 262 631 291 καὶ
650 261 752 302 νύμφας
765 263 834 290 ἐκεῖ·

891 260 926 289 acl
935 261 1089 290 affinitatem
1103 271 1163 290 cum
1173 261 1269 291 vicinis
1283 260 1506 298 contrahendam,
1524 268 1550 291 et
1563 271 1633 290 uxo-

71 314 112 340 θεν
132 311 273 351 ΙΙἀγόμενοι
289 310 361 350 παρὰ
379 309 539 345 Μωαόιτῶν,
559 308 632 349 παρὰ
646 309 834 347 Ἀμμανητῶν,
854 324 879 344 23
893 307 969 336 ribus
983 307 1045 336 inde
1057 307 1155 345 ductis,
1165 319 1180 337 a
1193 307 1321 337 Moabitis
1334 307 1471 346 videlicet,
1481 308 1515 337 ab
1529 310 1636 338 Ammo-

71 359 134 397 παρ’
157 356 253 396 ἑτέρων
267 356 370 385 α’σεὸῶν
381 357 470 393 ἐθνῶν,
491 355 536 384 καὶ
555 354 603 388 τὰς
617 354 699 387 ἄλλας
717 353 834 387 ἀσπαζό-
856 353 875 375 Α
893 354 956 383 nitis
966 376 973 389 ‚
988 361 1013 383 et
1026 354 1060 382 ab
1071 354 1132 383 aliis
1143 354 1235 397 impiis
1246 354 1387 394 gentibus,
1403 355 1522 394 aliasque
1535 366 1635 395 cogna-

70 414 144 441 μενοι
168 402 331 442 συγγενείας,
356 401 528 434 διδασκάλους
551 399 678 439 πονηρίας
702 398 836 438 ἐδέχοντο,

68 449 113 478 καὶ
126 448 158 478 τὸ
170 450 218 484 τῆς
234 448 363 487 εὐγενείας
375 447 497 487 ἀκέραιον
512 446 666 486 διέφθειρον.
683 445 770 474 Τοῦτο
780 444 838 474 τοί-

69 506 114 524 νυν
124 493 192 533 μετὰ
202 495 254 524 τῶν
266 494 352 524 ἄλλων
365 495 380 522 ὁ
392 492 531 534 προφήτης
543 493 658 532 ἐγκαλεῖ.
669 490 837 526 Ἐνεπλήσθη

9 557 18 568 ι
68 540 120 580 γὰρ
133 543 150 576 ἠ
160 540 237 581 χώρα
248 542 343 577 αὐτῶν,
354 539 445 580 φησὶν,
461 538 585 580 ἀργυρίου
597 538 642 567 καὶ
651 537 762 578 χρυσίου
771 559 778 573 ,
793 537 838 566 καὶ

68 588 116 616 οὐκ
128 582 162 622 ἦν
176 587 284 626 ἀριθμὸς
293 588 346 616 τῶν
359 587 496 625 θησαυρῶν
510 586 605 614 αὐτῶν.
619 583 673 614 Καὶ
689 583 837 619 ἐνεπλήσθη

70 634 129 672 ἡγῆ
144 634 229 662 αὐτῶν
241 632 339 669 Ιἵππων,
351 631 397 661 καὶ
410 633 459 661 οὐκ
472 627 505 667 ἦν
519 630 628 671 ἀριθμὸς
643 631 696 659 τῶν
712 629 837 670 ἁρμάτων

69 679 164 708 αὒτῶν.
180 678 233 708 Καὶ
246 682 321 708 ποῖον
335 678 457 717 ἔγκλημα
470 681 548 708 τοῦτο
556 700 564 713 ,
576 677 640 710 ἴσως
653 676 723 706 εἴποι
734 689 774 710 τις
796 676 836 711 ἂν,

70 724 100 754 τὸ
110 724 238 764 χρήματα
251 724 331 765 ἔχειν,
344 724 389 753 καὶ
411 723 507 757 ἵππους
521 724 682 760 κεκτῆσθαι,
697 722 743 752 καὶ
757 722 837 761 μάλι-

71 782 122 799 στα
135 770 179 799 ἐπὶ
192 772 241 806 τῆς
256 774 346 810 γενεᾶς
357 769 472 806 ἐκείνης,
484 769 528 799 ὅτε
539 772 568 798 οὐ
584 767 670 804 πολλὴ
685 766 839 808 φιλοσοφίας

71 812 103 852 ἧν
117 816 253 856 ἄκρίὸεια;
267 816 305 845 Τί
319 811 363 845 οὖν
383 816 414 845 ἂν
430 816 548 854 εἴποιμεν
559 826 567 854 ;
580 814 644 843 ’Ότι
657 815 687 843 οὗ
701 813 750 849 τὴν
768 815 839 853 χρῆ-

71 873 113 891 σιν
127 862 272 898 διέὸαλλεν,
283 862 352 891 ἀλλὰ
365 861 414 898 τὴν
426 861 535 901 γνώμην
547 860 596 896 τὴν
610 861 658 890 οὔκ
671 861 708 893 εἷς
719 860 775 888 δέον
791 860 839 888 αὖ-

70 912 125 942 τοῖς
143 907 322 948 κεχρημένην.
335 908 439 948 Ὥσπερ
461 907 512 947 γὰρ
535 909 597 936 ὅταν
618 905 702 945 λέγῃ,
722 905 792 935 Οὐαὶ
815 906 839 934 οῖ

71 954 204 995 ἰσχύοντες
213 977 221 992 ,
236 956 265 984 οὗ
276 954 324 990 τὴν
336 953 489 983 δυναστείαν
500 955 615 983 αἰτιᾶται
625 974 632 988 ,
641 952 710 982 ἀλλὰ
721 951 780 985 τοὺς
791 963 840 981 κα-

71 1002 124 1033 κῶς
133 1003 166 1040 τῇ
182 1000 321 1040 δυναστείᾳ
330 1000 510 1040 κεχρημένους
517 1012 523 1018 ·
534 998 603 1029 οὕτω
615 999 646 1035 δὴ
656 998 702 1028 καὶ
712 999 823 1027 ἐνταῦθα
831 1019 839 1032 ,

71 1047 121 1086 οὐχ
134 1046 175 1075 ὅτι
188 1046 314 1086 χρήματα
332 1046 489 1082 ἐκέκτηντο,
504 1047 563 1074 ἀλλ’
588 1044 629 1074 ὅτι
654 1044 721 1082 μετὰ
740 1045 840 1078 πολλῆς

72 1094 119 1128 τῆς
131 1092 297 1132 περιουσίας,
310 1092 355 1122 καὶ
377 1093 443 1132 ὑπὲρ
458 1091 506 1127 τὴν
521 1091 613 1131 χρείαν
635 1093 759 1129 συνῆγον.
782 1091 841 1119 Οὔκ

71 1134 115 1175 ἧν,
141 1138 230 1178 φησὶν,
255 1137 363 1178 ἀριθμὸς
381 1140 433 1167 τῶν
454 1138 592 1177 θησαυρῶν
615 1137 709 1166 αὖτῶν.
734 1135 786 1165 Καὶ
811 1137 840 1165 οὗ

73 1187 150 1213 τοῦτο
164 1185 250 1223 μόνον,
265 1185 324 1213 ἀλλ’
335 1184 376 1213 ὅτι
388 1183 570 1224 πεφυσημένοι
584 1184 622 1222 τῷ
632 1182 738 1222 πλούτῳ
749 1182 794 1211 καὶ
807 1184 840 1221 τ’ἠ’

73 1233 124 1259 τῶν
142 1229 232 1259 ἵππων
249 1230 387 1270 δυναστείᾳ
413 1229 481 1259 κατὰ
503 1228 596 1269 μικρὸν
621 1228 674 1257 ἀπὸ
687 1229 735 1263 τ’ἥς
749 1229 786 1260 εἷς
796 1227 840 1256 τὸν

73 1276 142 1305 Θεὸν
158 1275 262 1309 ἐλπίδος
280 1275 476 1315 παρεσύροντο,
496 1274 510 1303 ὃ
523 1274 569 1303 καὶ
591 1274 707 1313 ἀλλαχοῦ
728 1275 815 1306 αὐτοῖς
826 1275 840 1302 ὃ

73 1321 209 1361 προφήτης
222 1320 310 1361 ἔλεγεν
320 1333 326 1340 ·
339 1321 408 1350 Οὐαὶ
424 1321 448 1350 οἳ
463 1319 617 1353 πεποιθότες
627 1319 671 1349 ἐπὶ
684 1321 716 1359 τῇ
732 1319 840 1358 δυνάμει

74 1369 169 1405 αὐτῶν,
183 1367 228 1397 καὶ
242 1367 286 1397 ἐπὶ
297 1369 335 1408 τῷ
348 1367 444 1403 πλήθει
456 1370 502 1396 τοῦ
514 1366 628 1396 πλούτου
644 1368 730 1396 αὐτῶν
744 1367 824 1405 ἕγκαυ
834 1383 840 1387 -
866 1376 877 1385 ³

74 1414 199 1455 χώμενοι.
211 1414 264 1444 Καὶ
284 1414 364 1444 πάλιν
384 1414 507 1453 ἑτέρωθι·
522 1413 563 1442 Οὖ
584 1412 697 1447 σώζεται
719 1411 842 1452 βασιλεὺς

75 1460 118 1490 διὰ
130 1460 231 1496 πολλὴν
245 1460 364 1498 δύναμιν,
375 1459 421 1488 καὶ
431 1459 507 1499 γίγας
519 1460 548 1488 οὗ
571 1458 718 1494 σωθήσεται
729 1459 757 1486 ἐν
768 1456 840 1492 πλή-

74 1509 113 1536 θει
125 1506 215 1546 ἰσχύος
229 1507 318 1535 αὐτοῦ.
337 1505 390 1534 Καὶ
403 1506 430 1534 ἐν
448 1505 529 1545 ἑτέρῳ
544 1504 571 1534 δὲ
584 1504 664 1533 πάλιν
678 1505 777 1544 ψαλμῷ
791 1515 841 1543 φη-

75 1564 132 1582 σιν·
146 1554 205 1582 Οὒκ
217 1553 244 1585 ἐν
265 1554 298 1591 τῇ
316 1550 455 1590 δυναστείᾳ
475 1554 520 1580 τοῦ
541 1551 623 1580 ἵππου
646 1548 752 1585 θελήσει
763 1572 771 1585 ,
782 1548 842 1578 οὔτε

75 1599 102 1627 ἔν
113 1602 170 1631 ταῖς
180 1597 294 1636 κνήμαις
307 1600 353 1627 τοῦ
373 1597 464 1637 ἀνδρὸς
483 1597 593 1626 εὐδοκεῖ.
607 1595 731 1624 Ἐὖδοκεῖ
746 1593 842 1633 Κύριος

75 1644 119 1673 ἐπὶ
145 1644 205 1677 τοὺς
227 1639 402 1684 φοὸουμένους
426 1642 514 1671 αὐτόν.
531 1641 585 1671 Καὶ
597 1640 746 1676 ἐνεπλήσθη
766 1642 783 1675 ἡ
806 1641 841 1679 γῆ

77 1690 264 1729 βδελυγμάτων
287 1692 339 1719 τῶν
369 1689 450 1728 ἔργων
476 1689 529 1716 τῶν
553 1689 649 1727 χειρῶν
673 1687 768 1722 αὐτῶν,
798 1685 842 1714 καὶ

76 1735 272 1774 προσεκύνησαν
288 1732 325 1768 οἷς
339 1735 464 1770 ἐποίησαν
480 1735 504 1762 οἱ
526 1734 650 1762 δάκτυλοι
664 1733 759 1761 αὐτῶν.
771 1731 843 1760 Ὥσ-

77 1792 127 1820 περ
142 1780 219 1820 σοφὸς
232 1780 356 1820 ἰατρὸς,ὁ
370 1777 508 1818 προφήτης
522 1779 567 1806 τοῦ
579 1776 727 1815 νοσήματος
739 1774 787 1810 τὴν
803 1776 841 1803 αἰ-

75 1826 132 1855 τίαν
146 1825 235 1865 λέγει,
255 1825 300 1854 καὶ
313 1824 361 1860 τὴν
382 1823 470 1862 πηγὴν
483 1825 529 1852 τοῦ
551 1821 711 1860 νοσήματος.
730 1820 841 1849 Μέλλων

75 1872 127 1912 γὰρ
138 1875 293 1911 κατηγορεῖν
308 1871 394 1899 αὑτῶν
414 1869 462 1905 τὴν
478 1869 610 1903 ἀσέδειαν,
629 1866 770 1907 προλαῧὼν
783 1860 841 1894 εἶπε

76 1919 123 1951 τὰς
135 1917 254 1958 ἀφορμὰς
271 1918 319 1951 τῆς
331 1914 478 1956 ἀρρωστίας
488 1937 495 1949 ,
510 1913 692 1954 φιλαργυρίαν,
704 1912 840 1948 ἀπόνοιαν,

77 1964 123 1997 τὰς
143 1964 172 1992 οὔ
198 1961 384 2003 προσηκούσας
406 1959 548 1999 ἐπιμιξίας,
562 1960 649 1994 δηλῶν
673 1958 714 1987 ὅτι
728 1959 842 1987 ἐντεῦθεν

77 2009 146 2039 κατὰ
166 2008 259 2048 μικρὸν
278 2006 504 2043 ὖπεσκελίσθησαν
523 2007 560 2039 εἷς
586 2004 617 2034 τὸ
640 2006 687 2040 τῆς
712 2002 843 2035 ἀπωλείας

78 2055 217 2094 βάραθρον,
231 2053 276 2084 καὶ
290 2053 385 2082 εἴδωλα
398 2051 606 2092 προσεκύνησαν.
620 2045 688 2080 Εἶτα
708 2050 842 2088 κωμῳδῶν

78 2102 163 2130 αὐτῶν
176 2099 224 2136 τὴν
238 2098 389 2140 θρησκείαν,
401 2097 534 2137 ἐπήγαγε,
549 2098 611 2126 Τῶν
624 2096 705 2136 ἔργων
721 2097 773 2124 τῶν
788 2106 844 2135 χει-

79 2150 130 2187 ρῶν
155 2149 249 2184 αὐτῶν.
269 2145 306 2175 Τί
332 2145 383 2185 γὰρ
406 2144 437 2173 ἂν
460 2143 560 2183 γένοιτο
585 2141 842 2181 καταγελαστότερον

79 2194 157 2229 ἄλλο,
168 2193 186 2228 ἢ
198 2193 259 2222 ὅταν
269 2191 402 2231 ἄνθρωπος
410 2189 567 2229 δημιουργὸς
578 2185 596 2229 ᾗ
617 2191 690 2223 <nom
702 2187 843 2226 Βδέλυγμα

79 2238 106 2267 δὲ
120 2238 208 2267 εἴωθεν
235 2240 252 2273 ἡ
273 2236 364 2277 Γραφὴ
379 2237 468 2265 καλεῖν
488 2235 522 2264 τὰ
542 2234 653 2264 εἴδωλα·
667 2235 785 2263 ἐντεῦθεν
797 2232 842 2262 καὶ

80 2284 215 2323 βδέλυγμα
227 2283 384 2323 ἐρημώσεως
398 2282 502 2321 λέγεται
527 2283 541 2310 ὁ
566 2280 670 2320 ἀνδριὰς
694 2282 708 2309 ὁ
733 2279 777 2308 ἐπὶ
797 2281 842 2308 τοῦ

79 2332 141 2359 ναοῦ
167 2329 258 2362 ἑστώς.
271 2328 357 2358 Ὅταν
379 2327 431 2367 γὰρ
452 2327 540 2365 ἴδητε,
563 2327 642 2367 φησὶ,
657 2326 687 2355 τὸ
708 2325 843 2365 βδέλυγμα

77 2377 125 2411 τῆς
139 2374 297 2415 ἐρημώσεως
309 2373 391 2407 ἑστὼς
403 2375 429 2402 ἐν
443 2373 516 2413 τόπῳ
530 2373 596 2412 ἁγίῳ
606 2384 612 2391 ·
628 2375 642 2402 ὁ
655 2371 840 2411 ἀναγινώσκων

78 2425 178 2455 νοείτω.
192 2423 303 2460 Ἐπειδὴ
324 2424 376 2463 γὰρ
400 2422 494 2457 αὐτοὺς
514 2423 636 2462 ἀπήγαγε
657 2426 703 2452 τοῦ
725 2422 789 2462 πρὸς
809 2422 843 2452 τὰ

80 2476 191 2513 αἰσθητὰ
205 2472 363 2510 ἔπτοῆσθαι,
371 2474 551 2514 ἀπηγόρευσεν
565 2474 652 2506 αὐτοῖς
662 2478 714 2503 πᾶν
725 2473 845 2508 ἐξεικόνι-

81 2539 136 2566 σμα
149 2528 266 2570 ποιῆσαι·
281 2525 326 2555 καὶ
341 2525 476 2564 βδέλυγμα
489 2527 566 2554 τοῦτο
577 2523 700 2561 ἐκάλεσε,
711 2524 844 2564 πόῤῥωθεν

115 2605 128 2624 d
146 2605 205 2638 Reg.
219 2610 244 2629 et
252 2604 296 2630 δεῖ
302 2604 327 2629 il.
342 2608 483 2637 ἀναγόμενοι.

892 400 977 429 tiones
986 400 1102 439 amplexi
1116 423 1122 437 ,
1140 400 1261 430 doctores
1272 400 1398 439 nequitiae
1412 399 1595 437 admiserunt,
1610 408 1636 430 et

893 445 1042 475 nobilitatis
1053 446 1383 477 decoremlabefactarunt.
1399 448 1457 477 Hoc
1470 447 1560 486 itaque
1575 458 1636 476 cum

893 492 954 521 aliis
980 493 1110 532 propheta
1132 493 1232 522 crimen
1256 492 1376 523 intentat.
1395 505 1425 533 7.
1448 494 1574 533 Impleta
1594 500 1637 523 est

893 541 971 568 enim
983 541 1062 579 regio
1076 550 1183 576 eorum,
1201 540 1298 579 inquit,
1320 547 1440 580 argento
1461 547 1489 570 et
1511 552 1595 578 auro,
1609 548 1637 570 et

894 595 954 613 non
966 591 1030 614 erat
1049 596 1183 615 numerus
1204 587 1404 616 thesaurorum
1425 597 1535 616 eorum.
1551 586 1580 616 8.
1597 588 1637 616 Et

893 631 1014 670 impleta
1027 637 1069 660 est
1086 638 1162 660 terra
1176 642 1275 661 eorum
1291 634 1384 672 equis,
1400 638 1428 662 et
1439 643 1498 661 non
1508 639 1571 662 erat
1583 643 1637 662 nu-

894 687 988 706 merus
1011 687 1148 707 curruum
1172 688 1281 708 eorum.
1303 678 1418 717 Ecquod
1444 678 1544 708 crimen
1566 678 1617 708 hoc
1629 701 1637 715 ,

893 721 1001 752 dixerit-
1012 723 1079 752 forte
1097 723 1244 763 quispiam,
1260 723 1371 753 divitias
1390 724 1501 761 habere,
1516 732 1542 754 et
1556 735 1639 764 equos

893 768 1029 808 possidere
1039 791 1047 805 ,
1058 779 1088 798 ea
1100 769 1270 809 potissimum
1283 776 1358 798 aetate
1370 792 1378 806 ,
1389 769 1497 808 quando
1513 780 1566 800 non
1578 777 1637 800 tan-

893 821 951 844 tum
965 822 1021 844 erat
1032 815 1209 855 philosophiae
1222 815 1362 845 studium?
1373 815 1448 852 Quid
1462 826 1525 855 ergo
1533 816 1638 846 deeri-
1663 816 1669 828 ³

894 861 974 890 mus?
989 861 1097 891 Scilicet
1111 871 1164 891 non
1177 872 1255 890 usum
1267 861 1446 901 improbabat,
1461 862 1508 891 sed
1519 862 1638 892 animum

893 917 945 936 non
953 907 987 937 iis
998 914 1027 936 ut
1036 907 1174 947 oportebat
1184 914 1310 937 utentem.
1321 907 1554 944 Quemadmodum
1566 909 1638 938 enim

894 965 956 984 cum
973 955 1058 991 dicit,
1076 954 1128 984 Vae
1147 956 1199 994 qui
1214 960 1345 993 potentes
1365 956 1448 991 estis,
1470 964 1524 983 non
1543 953 1702 994 utiquesu'a.
1721 969 1728 985 ι
1748 965 1788 992 η,

894 1001 1040 1041 potentiam
1051 1000 1097 1030 dat
1118 1001 1242 1036 crimini,
1257 999 1358 1029 sedeos
1369 1000 1416 1039 qui
1433 1001 1549 1040 potentia
1566 1002 1635 1031 male

895 1053 1008 1075 utuntur
1021 1058 1028 1074 :
1042 1046 1080 1075 sic
1094 1053 1118 1075 et
1127 1043 1256 1082 hocloco,
1268 1055 1321 1075 non
1333 1045 1406 1084 quod
1415 1046 1542 1086 pecunias
1553 1047 1638 1086 possi-

894 1091 998 1128 derent,
1013 1091 1060 1121 sed
1069 1092 1143 1130 quod
1154 1102 1216 1132 cum
1226 1091 1326 1131 ingenti
1336 1092 1425 1131 copia,
1438 1099 1463 1121 et
1473 1092 1542 1121 ultra
1552 1102 1639 1122 neces-

895 1138 998 1167 sitatem
1008 1138 1069 1167 illas
1079 1144 1259 1177 congererent.
1273 1138 1342 1166 Non
1350 1144 1424 1174 erat,
1435 1137 1533 1176 inquit,
1544 1149 1641 1167 nume-

895 1194 944 1213 rus
957 1185 1157 1213 thesaurorum
1175 1193 1286 1212 eorum.
1300 1184 1393 1222 Neque
1407 1183 1459 1213 hoc
1473 1184 1578 1220 solum,
1593 1185 1639 1214 sed

895 1229 968 1268 quod
977 1229 1011 1258 de
1023 1228 1129 1259 divitiis
1142 1235 1168 1258 et
1180 1228 1214 1258 de
1228 1238 1360 1267 equorum
1374 1229 1451 1268 copia
1461 1228 1558 1266 inflati,
1573 1240 1640 1269 pau-

895 1275 969 1305 latim
984 1286 1000 1304 a
1013 1285 1061 1315 spe
1074 1275 1100 1303 in
1115 1276 1203 1304 Deum
1226 1274 1455 1311 abstraherentur,
1474 1274 1549 1314 quod
1575 1275 1642 1314 ipsis

894 1321 973 1350 etiam
984 1320 1050 1350 alibi
1062 1321 1193 1360 propheta
1205 1319 1311 1349 dicebat
1324 1332 1330 1348 τ
1349 1320 1380 1348 V
1376 1330 1401 1349 ιε
1419 1321 1470 1359 qui
1479 1321 1641 1360 *confidunt
1648 1324 1788 1354 Psal.48.7.

895 1369 927 1395 in
945 1370 1055 1397 virtute
1074 1377 1139 1403 sua,
1160 1373 1189 1396 et
1210 1369 1240 1395 in
1261 1367 1449 1396 multitudine
1469 1368 1640 1396 diuitiarum

896 1425 1015 1444 suarum
1034 1415 1208 1454 gloriantur.
1226 1415 1264 1443 Ac
1279 1424 1390 1443 rursum
1403 1413 1469 1443 alibi
1484 1426 1490 1442 :
1506 1414 1575 1443 Non
1584 1415 1761 1443 ,sal-Psalssa

898 1467 983 1489 vatur
1006 1470 1058 1489 rex
1078 1470 1131 1499 per
1150 1460 1274 1488 multam
1287 1462 1440 1495 virtutem,
1449 1465 1478 1487 et
1487 1460 1570 1498 gigas
1581 1470 1640 1488 non
1651 1449 1686 1471 ¹⁶·

896 1508 1060 1537 salvabitur
1071 1508 1103 1535 in
1113 1506 1301 1535 multitudine
1312 1506 1431 1535 virtutis
1442 1515 1512 1534 suae.
1528 1506 1641 1534 Iterum—

896 1565 949 1593 que
968 1554 996 1582 in
1016 1552 1069 1582 alio
1089 1553 1195 1582 Psalmo
1209 1552 1297 1581 :Non
1315 1553 1347 1580 in
1364 1552 1549 1593 fortitudine
1572 1554 1641 1591 equi
1648 1561 1714 1583 Psal.
1736 1562 1786 1589 ¹4⁰·

896 1600 1082 1629 voluntatem
1095 1600 1224 1634 habebit,
1240 1607 1293 1627 nec
1304 1599 1336 1626 in
1347 1599 1425 1627 tibiis
1435 1600 1494 1627 viri
1506 1599 1641 1638 benepla-
1650 1598 1686 1614 ¹⁰·

898 1649 986 1676 citum
995 1647 1049 1675 erit
1060 1647 1097 1674 ei.
1111 1644 1335 1684 Beneplacitum
1351 1650 1395 1673 est
1416 1646 1542 1673 Domino
1555 1655 1642 1684 super·

898 1694 1031 1722 timentes
1042 1702 1118 1721 eum.
1132 1692 1160 1720 Ε
1163 1697 1173 1719 t
1184 1691 1303 1730 impleta
1313 1697 1355 1719 est
1366 1697 1443 1720 terra
1451 1692 1641 1720 abominatio-

896 1741 984 1768 nibus
994 1748 1112 1777 operum
1122 1747 1261 1766 manuum
1269 1747 1400 1770 suarum,
1408 1743 1437 1765 et
1445 1738 1642 1767 adoraverunt

898 1797 963 1826 quoe
967 1787 1110 1826 fecerunt
1121 1785 1205 1824 digiti
1215 1794 1324 1813 eorum.
1338 1785 1377 1813 Ut
1390 1784 1495 1823 sapiens
1508 1784 1638 1822 medicus,

897 1832 1028 1872 propheta
1045 1830 1132 1860 morbi
1146 1840 1252 1872 causam
1271 1829 1354 1866 dicit,
1373 1836 1399 1858 et
1419 1830 1518 1859 fontem
1540 1831 1639 1860 morbi.

898 1879 967 1908 Cum
979 1878 1052 1907 enim
1065 1887 1158 1906 eorum
1174 1875 1338 1916 impietatem
1357 1883 1529 1905 accusaturus
1554 1883 1621 1906 esset
1633 1900 1640 1914 ‚

897 1923 1047 1954 occasiones
1060 1922 1147 1952 morbi
1160 1922 1237 1962 prius
1248 1920 1330 1958 dixit,
1347 1921 1500 1958 avaritiam,
1515 1933 1642 1962 arrogan-

897 1971 973 2007 tiam,
993 1969 1190 1999 connubiorum
1208 1966 1348 1996 affinitates
1367 1977 1420 1996 non
1437 1967 1535 2004 licitas,
1549 1967 1641 1997 decla-

898 2026 959 2045 rans
978 2025 1024 2045 eos
1041 2014 1104 2043 hinc
1125 2012 1254 2054 paulatim
1269 2012 1454 2052 supplantatos
1468 2013 1496 2042 in
1514 2013 1642 2053 perniciei

897 2061 1055 2092 barathrum
1074 2059 1221 2095 corruisse,
1241 2065 1267 2087 et
1291 2058 1362 2087 idola
1380 2058 1514 2089 adorasse.
1536 2060 1639 2089 Deinde

898 2108 1010 2137 illorum
1033 2107 1135 2137 cultum
1156 2105 1296 2135 traducens
1305 2127 1312 2141 ‚
1335 2105 1492 2144 subjungit,
1517 2107 1640 2145 Operum

900 2164 1039 2184 manuum
1050 2162 1160 2182 eorum.
1172 2150 1248 2188 Quid
1264 2150 1335 2179 enim
1352 2151 1407 2179 risu
1426 2150 1535 2189 dignius
1546 2152 1638 2188 suerit,

899 2211 979 2240 quam
992 2210 1053 2229 cum
1064 2199 1145 2228 homo
1162 2197 1206 2226 dei
1221 2203 1323 2226 creator
1342 2196 1478 2225 efficitur?
1492 2197 1638 2226 Abomina-

899 2247 998 2276 tionem
1012 2255 1074 2275 vero
1082 2244 1222 2283 Scriptura
1233 2252 1325 2272 vocare
1339 2242 1406 2271 solet
1418 2241 1491 2270 idola
1503 2254 1509 2270 :
1526 2241 1640 2281 indeque

898 2291 1059 2321 abominatio
1081 2288 1252 2319 desolationis
1271 2294 1382 2318 vocatur
1400 2294 1485 2316 statua
1498 2287 1525 2316 in
1539 2287 1639 2327 templo

898 2345 992 2369 erecta.
1009 2338 1081 2367 Cum
1091 2337 1168 2365 enim
1179 2335 1322 2371 vider-icis,
1334 2333 1431 2372 inquit,
1446 2334 1637 2362 abominatio-
1650 2340 1732 2361 ΜιιηΙι.
1748 2338 1786 2370 24.

901 2396 966 2416 nem
976 2384 1165 2414 desolationis
1181 2388 1304 2411 stantem
1327 2383 1356 2409 in
1376 2381 1440 2409 loco
1455 2386 1575 2417 sancto‚·
1588 2382 1639 2420 qui
1649 2370 1684 2392 ¹⁵*

900 2433 980 2471 legit,
995 2430 1152 2469 intelligat.
1170 2427 1302 2464 Quoniam
1315 2426 1385 2455 enim
1396 2425 1468 2465 ipsos
1480 2425 1639 2462 abduxerat,
1651 2429 1710 2450 Dau-
1722 2436 1787 2460 9·²7‘

901 2489 934 2507 ne
948 2476 1056 2507 sensilia
1067 2474 1272 2509 admirarentur,
1283 2471 1422 2512 prohibuit
1433 2471 1498 2510 ipsis
1509 2480 1542 2500 ne
1551 2481 1641 2510 quam-

902 2524 944 2553 vis
963 2522 1106 2561 imaginem
1125 2521 1255 2553 facerent;
1276 2517 1399 2555 illudque
1418 2516 1640 2547 abominationem

919 2609 929 2620 ²
947 2601 1008 2633 Reg.
1021 2601 1111 2626 ιὺῑοκιεῖ
1120 2598 1146 2622 in
1158 2597 1252 2627 futuro,
1266 2594 1336 2628 quasi
1348 2593 1380 2618 ab
1395 2595 1505 2625 εὐῑοιίςω.
