1890 2826
91 604 176 627 stam&
189 604 230 628 38·

104 1168 230 1191 Confessio—

89 1201 123 1220 nis
142 1199 230 1220 lucrum

87 1234 203 1259 qnantum.

92 1949 168 1969 Esou.
191 1946 214 1977 4

93 1986 128 2000 {0-

86 2010 138 2030 der.
153 2018 160 2032 1
167 2026 172 2031 .
184 2010 207 2032 6-

241 204 286 237 80

238 274 403 313 parationem
416 273 493 313 igniti
504 274 560 303 oris
573 273 681 303 illarum
694 285 824 314 purarum
835 273 978 313 virtutum,

238 328 265 350 et
278 319 471 350 accuratissimi
483 320 559 350 illius
569 320 721 350 ministerii.
735 322 828 360 Neque
841 321 887 351 hic
898 322 980 358 stetit,

239 366 286 396 sed
296 373 412 406 prototo
421 366 524 406 populo
542 366 683 396 confitetur
691 388 699 404 ,
712 366 768 396 haec
791 367 958 407 subjungens
971 380 979 397 ε

239 415 276 442 In
287 413 384 442 medio
393 412 497 452 populi
506 413 660 442 immunda
677 412 760 442 labia
780 414 915 443 habentis
927 424 981 454 ego

239 460 352 489 habito.
364 460 426 496 Qua
437 469 502 489 vero
511 458 546 488 de
556 469 635 489 causa
650 459 695 489 hic
714 459 786 490 labia
804 459 982 490 criminatur?

239 506 274 536 Se
287 504 387 534 fiducia
408 504 538 542 loquendi
560 504 719 534 destitutum
740 505 890 536 ostendens.
911 507 982 536 Nam

238 557 291 580 tres
312 550 355 580 illi
374 550 452 591 pueri
476 550 528 580 hoc
547 550 637 591 ipsum
659 561 742 591 prope
765 550 904 589 dicebant,
918 562 982 582 cum

239 604 326 627 essent
338 597 367 627 iu
377 597 503 627 fornace:
518 598 588 627 Non
609 598 678 627 licet
697 599 780 628 nobis
802 608 835 628 os
856 600 979 638 aperire.

240 642 275 671 Et
288 651 362 672 nune
381 641 490 680 quando
509 641 673 681 hymnorum
691 648 718 672 et
740 641 852 674 laudum
877 649 982 683 tempus

239 696 312 727 erat,
325 696 352 719 et
365 700 495 730 supernas
512 696 653 730 potestates
675 689 785 720 videbat
795 690 848 721 hoc
860 697 982 731 agentes,

235 737 297 776 jure
310 735 345 766 ad
355 736 428 766 labia
449 746 596 766 sermonem
619 736 768 774 convertit,
782 747 842 776 quae
866 737 983 767 maxime

238 781 333 811 adhoc
346 781 465 811 officium
486 789 626 812 vocantur.
649 783 755 814 Verum
775 782 848 812 labia
859 793 907 812 sua
921 783 983 814 ideo

238 827 378 856 immunda
390 827 515 866 vocavit;
528 828 626 868 populi
645 838 711 859 vero
731 828 804 858 labia
822 839 877 859 non
899 830 981 867 item,

238 873 285 903 sed
299 874 363 912 quia
376 873 516 913 iniquitate
523 874 609 904 multa
621 874 718 914 repleti
727 881 812 905 erant.
823 876 867 905 Et
875 876 984 916 Regem

240 920 400 949 Dominum
412 921 479 949 vicli
490 920 584 950 oculis
595 922 677 950 meis.
686 920 752 951 Ideo
763 930 841 961 gemo
853 928 880 951 et
889 923 980 961 lugeo,

239 965 326 1005 inquit
334 989 344 1002 ,
357 966 432 1005 quod
445 966 572 1006 indiguus
592 966 656 997 licet
674 973 779 997 tantum
791 968 919 999 honorem
931 970 983 1000 sim

238 1019 428 1051 consequutus,
437 1013 485 1052 qui
493 1023 579 1042 meam
588 1012 745 1053 dignitatem
755 1021 875 1054 superat,
886 1026 984 1045 meam-

238 1068 291 1097 que
313 1065 437 1087 naturam
456 1057 571 1088 excedit.
595 1059 666 1089 Cum
683 1066 772 1089 autem
786 1059 870 1098 dicit,
896 1062 982 1098 Vidi,

238 1114 272 1133 ne
284 1111 404 1134 exactam
414 1105 594 1145 cognitionem
608 1112 697 1146 putes,
711 1105 758 1136 scd
771 1118 830 1136 eam
843 1109 923 1149 cujus
934 1109 984 1139 ille

238 1160 324 1190 capax
336 1157 403 1180 erat.
419 1153 458 1180 Ac
471 1151 622 1181 consideres
635 1152 717 1182 velim
729 1160 860 1192 quantum
873 1154 909 1184 sit
919 1165 982 1185 con-

238 1195 361 1226 fessionis
385 1196 502 1227 lucrum.
527 1197 653 1238 Seipsum
675 1199 829 1237 accusavit,
843 1207 869 1230 et
893 1201 983 1230 statim

239 1242 384 1273 mundatus
396 1250 446 1272 est.
461 1243 532 1280 Quia
551 1245 624 1273 enim
643 1245 700 1274 haec
719 1246 801 1275 verba
819 1247 982 1286 protulerat,

238 1288 269 1320 6.
282 1291 392 1319 Missus
402 1296 446 1319 est
455 1290 497 1318 ad
504 1300 563 1326 me,
574 1290 672 1330 inquit,
686 1301 761 1321 unus
774 1302 812 1321 ea:
818 1292 981 1333 Seraphim,

237 1341 266 1364 et
274 1337 306 1364 in
315 1345 407 1379 manu
428 1344 483 1365 sua
501 1336 628 1366 habebat
644 1338 799 1367 carbonem
811 1360 820 1376 ‚
833 1349 919 1379 quem
932 1351 982 1370 ac-

237 1388 351 1422 ceperat
352 1382 471 1423 forcipe
482 1383 519 1411 de
527 1383 629 1413 altari.
636 1385 666 1414 7.
678 1385 707 1414 E
709 1391 719 1413 ι
726 1386 821 1425 tetigit
833 1396 866 1415 os
876 1397 981 1425 meum,

237 1435 266 1458 et
279 1429 375 1458 dixit:
393 1430 472 1459 Ecce
482 1431 576 1469 tetigit
589 1430 646 1460 hoc
666 1431 747 1460 labia
759 1438 820 1470 tua,
828 1439 856 1462 et
866 1434 984 1474 auferet

235 1476 405 1515 iniquitates
415 1482 495 1513 tuas,
508 1482 537 1505 et
552 1484 674 1516 peccata
687 1483 739 1507 tua
748 1481 896 1519 purgabit.
909 1481 982 1518 Qui-

236 1520 300 1551 dam
309 1521 404 1551 dicuut
416 1521 473 1552 haec
485 1523 639 1553 futurorum
658 1524 847 1564 mysteriorum
858 1526 983 1566 symbola

238 1578 311 1599 esse;
327 1568 411 1598 altare
423 1579 537 1610 nempe,
556 1569 645 1608 ignem
668 1572 882 1611 superpositum,
898 1573 983 1603 virtu-

237 1622 292 1645 tem
313 1615 507 1645 ministrantem
518 1638 526 1652 ,
550 1616 625 1655 quod
641 1616 766 1647 admotus
783 1618 818 1648 sit
836 1620 893 1656 ori,
908 1620 982 1659 quod

238 1661 273 1691 ad
286 1661 474 1702 purgationem
494 1669 663 1701 peccatorum
679 1675 687 1691 τ
702 1673 750 1693 uos
765 1671 856 1694 autem
873 1665 982 1695 interim

238 1707 358 1737 historiae
370 1708 503 1737 haeremus
514 1730 522 1745 ,
545 1719 576 1738 ac
597 1708 728 1747 dicimus,
752 1711 830 1750 cujus
847 1710 886 1740 rei
903 1722 982 1742 causa

239 1753 290 1783 hoc
303 1754 404 1784 factum
415 1754 461 1783 sit.
477 1754 625 1784 Mittendus
636 1762 675 1785 est
693 1755 727 1785 ad
741 1757 873 1796 populum
885 1757 982 1788 Juda'i-

239 1810 312 1838 cum,
326 1800 458 1830 terribilia
478 1800 602 1840 quzedam
614 1808 641 1831 et
654 1801 820 1832 intoleranda
842 1805 984 1835 annuntia-

239 1852 328 1875 turus.
349 1846 498 1876 Mittuntur
521 1857 584 1886 ergo
603 1848 758 1888 Seraphim,
773 1856 803 1879 ut
816 1859 879 1879 eum
889 1850 985 1881 timore

239 1891 322 1921 simul
330 1898 357 1921 et
365 1892 494 1931 loquendi
517 1892 618 1922 fiducia
642 1894 782 1934 impleant.
800 1896 839 1925 Ac
860 1906 894 1925 ne
912 1897 986 1937 obji-

240 1945 323 1975 ceret,
343 1937 573 1977 quemadmodum
587 1940 707 1979 Moyses,
723 1951 752 1970 se
768 1941 868 1971 exilem
890 1947 1002 1973 vocem'

241 1983 356 2020 habere,
371 1990 397 2013 et
411 1991 441 2013 ut
452 1984 596 2022 Jeremias,
615 1995 644 2014 se
662 1985 799 2025 juniorem
819 1997 892 2025 esse,
908 1989 947 2019 sic
959 1997 986 2020 et

241 2028 299 2068 ipse
309 2039 337 2058 se
349 2029 491 2059 immunda
511 2030 582 2059 labia
602 2030 718 2069 habere,
733 2042 786 2062 nou
805 2045 883 2074 posse
904 2035 986 2066 dictis

241 2074 412 2112 ministrare,
428 2075 541 2105 veniunt
560 2076 702 2116 Seraphim
714 2085 744 2107 ut
756 2088 906 2120 expurgent
926 2083 986 2123 ejus

241 2128 358 2161 peccata,
372 2132 425 2151 non
437 2121 545 2162 propria
567 2123 668 2153 virtute
682 2124 751 2161 (hoe
763 2125 835 2155 enim
848 2134 886 2157 est
896 2129 985 2159 solum

240 2167 328 2197 Patris
337 2188 346 2203 ,
358 2174 386 2197 et
395 2167 478 2204 Filii,
492 2174 519 2197 et
533 2167 652 2208 Spiritus
676 2170 775 2208 sancti)
784 2191 793 2207 ‚
819 2172 866 2202 sed
886 2174 964 2214 jussu
973 2195 984 2211 ,

240 2220 266 2243 et
283 2213 435 2244 admotione
457 2214 615 2244 carbonum.
639 2217 700 2245 Non
721 2216 794 2246 enim
812 2218 899 2257 dixit,
915 2221 986 2251 Ecce

573 213 602 236 S.
631 213 772 238 JOANMS
798 215 982 238 CHRYSOST.
1007 215 1163 239 Ancfflm‘.
1192 216 1466 240 CONSTANTINOP.

1036 278 1088 306 τῶν
1101 278 1223 317 καθαρῶν
1246 278 1392 318 δυνάμεων,
1416 279 1464 314 τῆς
1477 279 1668 318 ἀκριὸεστᾶτης
1687 282 1806 322 λειτουρ-

1035 322 1093 361 γίας
1106 323 1217 359 ἐκείνης.
1231 324 1284 354 Καὶ
1298 324 1357 353 οὐδὲ
1376 326 1487 354 ἐνταῦθα
1503 324 1566 361 ἔστη
1575 347 1585 361 ,
1600 325 1669 355 ἀλλὰ
1682 326 1727 355 καὶ
1740 327 1806 367 ὑπὲρ

1036 371 1080 398 τοῦ
1102 369 1167 399 λαοῦ
1181 369 1277 403 παντὸς
1292 369 1486 409 ἔξομολογεῖται
1500 393 1508 408 ,
1522 370 1628 410 ἐπάγων
1641 372 1686 401 καὶ
1700 372 1785 412 λέγων
1798 384 1805 391 ·

1035 413 1083 444 Ἐν
1105 415 1179 455 μέσῳ
1202 417 1266 445 λαοῦ
1287 415 1424 456 ἀκάθαρτα
1437 416 1516 456 χείλη
1531 416 1636 456 ἔχοντος
1657 417 1710 456 ἐγὼ
1730 419 1805 448 οἰκῶ.

1035 461 1090 491 Καὶ
1101 461 1170 495 τίνος
1190 462 1276 491 ἕνεκεν
1287 461 1365 502 χείλη
1379 463 1492 492 ἐνταῦθα
1512 463 1646 501 αἰτιᾶται;
1661 463 1702 493 Τὸ
1714 465 1804 503 ἀπαῤ-

1035 507 1174 547 ῥησίαστον
1199 507 1342 548 ἐμφαίνων.
1363 507 1443 537 Ἐπεὶ
1464 507 1510 537 καὶ
1531 509 1556 538 οἶ
1575 510 1667 543 παῖδες
1685 511 1710 539 οἱ
1734 514 1805 549 τρεῖς

1034 553 1112 582 τοῦτο
1126 553 1190 582 αὐτὸ
1203 552 1292 593 ἔλεγον
1306 553 1413 594 σχεδὸν,
1427 555 1453 583 ἐν
1468 555 1501 593 τῇ
1524 553 1630 594 καμίνῳ
1642 555 1714 589 ὄντες
1723 567 1731 575 ·
1745 557 1805 585 Οὔκ

999 621 1024 641 59
1036 597 1106 628 ἔστιν
1122 601 1187 638 ἡμῖν
1199 599 1300 634 ἀνοῖξαι
1319 601 1350 629 τὸ
1364 600 1459 638 στόμα.
1479 600 1533 630 Καὶ
1547 603 1601 638 νῦν,
1613 601 1703 639 ἐπειδὴ
1715 603 1806 642 ὕμνῳ-

1002 642 1093 678 Aeta<
1109 639 1141 681 ἦν
1159 645 1250 685 καιρὸς
1267 646 1313 675 καὶ
1331 647 1477 686 εὐφημίας,
1492 646 1537 676 καὶ
1550 647 1598 681 τὰς
1615 647 1670 677 ἄνω
1683 648 1806 687 δυνάμεις

1038 689 1107 729 ἑώρα
1127 693 1205 720 τοῦτο
1223 691 1350 726 ποιούσας
1361 715 1369 729 ,
1385 694 1494 727 εἰκότως
1513 692 1558 723 ἐπὶ
1571 693 1604 723 τὰ
1617 693 1695 734 χείλη
1714 693 1805 734 τρέπει

1036 735 1081 766 τὸν
1092 735 1181 776 λόγον,
1198 737 1234 766 τὰ
1251 738 1368 777 μάλιστα
1390 739 1455 779 πρὸς
1470 738 1519 775 τὴν
1533 739 1658 776 τοιαύτην
1672 739 1806 770 διακονίαν

1036 781 1196 822 καλούμενα.
1212 783 1292 814 Ἀλλὰ
1305 784 1339 814 τὰ
1355 784 1401 823 μὲν
1423 787 1503 815 αὐτοῦ
1517 785 1562 815 διὰ
1575 788 1653 815 τοῦτο
1668 786 1805 826 ἀκάθαρτα

1035 827 1144 858 ἐκάλεσε
1152 851 1161 866 ,
1174 828 1209 858 τὰ
1218 829 1246 859 δὲ
1257 833 1303 860 τοῦ
1314 832 1379 860 λαοῦ
1393 833 1444 871 οὐχ
1454 831 1550 869 οὕτως,
1560 833 1619 861 ἀλλ’
1635 832 1725 868 ἐπειδὴ
1739 829 1807 862 πολέ

1036 874 1085 910 λ’ἥς
1097 874 1205 914 ἀνομίας
1223 871 1292 912 ἦσαν
1306 877 1532 916 ἐμπεπλησμένοι.
1555 878 1608 908 Καὶ
1626 878 1671 908 τὸν
1693 878 1806 918 βασιλέα

1036 918 1134 959 Κύριον
1145 916 1212 951 εἶδον
1220 926 1274 956 τοῖς
1287 922 1430 963 ὀφθαλμοῖς
1443 935 1502 962 μου.
1514 922 1566 952 Διὰ
1576 926 1654 953 τοῦτο
1663 924 1747 954 στένω
1759 924 1805 953 καὶ

1037 968 1140 1006 θρηνῶ,
1160 967 1249 1008 φησὶν,
1272 968 1314 998 ὅτι
1331 968 1461 1004 τοσαύτης
1474 969 1588 1006 ἠξιώθην
1603 972 1682 1009 τιμῆς
1702 970 1806 1004 ἀνάξιος

1036 1010 1083 1048 ὧν,
1099 1012 1308 1053 ὑπερὸαινούσης
1320 1025 1370 1053 μου
1383 1013 1433 1050 τὴν
1452 1014 1535 1051 ἀξίαν,
1550 1014 1743 1050 ἀναὸεὸηκυίας
1754 1027 1804 1054 μου

1036 1057 1084 1094 τὴν
1095 1057 1184 1098 φύσιν.
1196 1058 1283 1089 Ὅταν
1297 1059 1324 1089 δὲ
1335 1060 1400 1101 λέγῃ
1408 1082 1417 1097 ,
1431 1055 1520 1098 Εἶδον,
1535 1061 1573 1099 μὴ
1585 1061 1634 1098 τὴν
1646 1061 1744 1101 ἀκριὸἥ
1758 1073 1806 1091 κα-

1037 1104 1160 1140 τανόησιν
1173 1104 1274 1144 νόμιζε,
1288 1105 1355 1136 ἀλλὰ
1369 1106 1417 1142 τὴν
1426 1107 1498 1147 αὐτῷ
1512 1107 1633 1143 δυνατήν.
1646 1107 1699 1136 Καὶ
1711 1106 1806 1136 σκόπει

1003 1155 1021 1178 Β
1037 1150 1119 1180 πόσον
1142 1152 1190 1186 τ’ἥς
1213 1150 1423 1192 ἐξομολογήσεως
1443 1152 1473 1182 τὸ
1492 1151 1591 1192 κέρδος.
1613 1152 1803 1192 Κατηγόρησεν

1038 1197 1131 1226 ἑαυτοῦ
1139 1219 1148 1234 ,
1169 1196 1214 1226 καὶ
1237 1197 1331 1231 εὐθέως
1355 1197 1494 1239 ἐκαθάρθη.
1520 1198 1630 1234 Ἐπειδὴ
1650 1198 1701 1238 γὰρ
1720 1201 1805 1228 ταῦτα

1038 1237 1095 1271 εἷπε
1107 1242 1142 1271 τὰ
1161 1242 1284 1283 ῥήματα,
1299 1243 1446 1279 Ἀπεοτᾶλη
1460 1243 1524 1284 πρός
1540 1256 1571 1283 με
1585 1266 1592 1281 ,
1607 1244 1697 1284 φησὶν,
1710 1244 1738 1273 ἓν
1751 1246 1807 1274 τῶν

1038 1288 1171 1329 Σεραφὶμ,
1184 1289 1229 1319 καὶ
1238 1290 1266 1319 ἐν
1275 1291 1310 1330 τῇ
1321 1289 1391 1330 χειρὶ
1404 1291 1483 1320 αὐτοῦ
1497 1285 1567 1330 εἶχεν
1581 1290 1698 1331 ἄνθρακα
1707 1313 1715 1326 ,
1728 1290 1756 1320 ὃν
1770 1292 1804 1330 τῇ

1038 1334 1128 1364 λαὸίδι
1146 1334 1239 1365 ἔλαθεν
1253 1334 1306 1366 ἀπὸ
1324 1338 1369 1366 τοῦ
1383 1336 1577 1376 θυσιαστηρίου.
1591 1337 1645 1366 Καὶ
1658 1337 1745 1377 ἥψατο
1758 1340 1807 1367 τοῦ

1039 1381 1170 1421 στόματός
1183 1394 1243 1421 μου,
1253 1381 1299 1412 καὶ
1312 1377 1384 1412 εἶπεν
1393 1394 1400 1401 ·
1414 1382 1469 1412 ἰδοὺ
1483 1383 1571 1423 ἥψατο
1588 1387 1666 1413 τοῦτο
1678 1386 1731 1413 τῶν
1750 1396 1805 1424 χει-

1038 1427 1104 1457 λέων
1118 1440 1176 1466 σου,
1191 1428 1236 1458 καὶΙ
1250 1429 1340 1469 ἀφελεῖ
1356 1427 1404 1463 τὰς
1415 1428 1526 1467 ἀνομίας
1537 1441 1593 1466 σου,
1604 1429 1707 1463 καὶτὰς
1719 1430 1804 1470 ἆμαρ-

1038 1473 1096 1507 τίας
1109 1485 1156 1503 σου
1169 1477 1359 1515 περικαθαριεῑ.
1374 1474 1452 1508 Τινὲς
1467 1474 1514 1514 μὲν
1525 1476 1576 1504 τῶν
1590 1475 1742 1516 μυστηρίων
1752 1479 1806 1506 τῶν

1039 1518 1188 1558 μελλόντων
1203 1519 1324 1559 σύμὸολα
1337 1522 1420 1550 ταῦτα
1432 1514 1500 1550 εἶναί
1513 1532 1596 1561 φασι,
1620 1521 1651 1550 τὸ
1664 1522 1805 1558 cumo-tf.-

1039 1577 1103 1605 ριον,
1118 1565 1148 1595 τὸ
1161 1568 1215 1606 πῦρ
1224 1565 1255 1595 τὸ
1268 1565 1440 1606 ἐπικείμενον,
1453 1567 1502 1603 τὴν
1518 1566 1721 1606 διακονουμένην
1730 1567 1806 1597 δύνα·

1039 1623 1094 1650 μιν,
1103 1610 1134 1640 τὸ
1145 1612 1172 1641 ἐν
1181 1613 1219 1652 τῷ
1230 1611 1340 1651 στόματι
1350 1611 1480 1650 δίδοσθαι,
1492 1612 1523 1642 τὸ
1534 1612 1667 1652 καθαίρειν
1675 1611 1709 1641 τὰ
1720 1612 1805 1653 ἆμαρ-

1038 1657 1147 1696 τήματα
1157 1669 1164 1676 ·
1178 1660 1256 1696 ἡμεῖς
1277 1657 1306 1688 δὲ
1318 1658 1383 1692 τέως
1399 1659 1447 1694 τῆς
1466 1658 1584 1698 ἱστορίας
1596 1661 1608 1674 ¹
1618 1658 1746 1698 ἐχόμεθα,
1759 1659 1804 1689 καὶ

1003 1713 1022 1738 c
1037 1702 1160 1742 λέγομεν,
1183 1704 1252 1738 τίνος
1264 1703 1350 1734 ἔνων
1363 1706 1440 1734 τοῦτο
1454 1704 1604 1744 γεγένηται.
1620 1704 1720 1734 Μέλλει
1733 1705 1803 1743 πέμ-

1038 1752 1133 1779 πεσθαι
1146 1749 1214 1790 πρὸς
1234 1751 1279 1780 τὸν
1293 1750 1375 1790 δῆμον
1387 1750 1431 1780 τὸν
1446 1749 1588 1780 Ἰουδαϊκὸν
1599 1773 1608 1786 ,
1626 1749 1726 1790 φοὸερά
1747 1762 1809 1780 τινα

1039 1795 1214 1836 ἀπαγγέλλων
1224 1796 1269 1826 καὶ
1279 1795 1407 1837 ἀφόρητα.
1418 1795 1560 1835 Πέμπεται
1573 1795 1658 1826 τοίνυν
1672 1795 1706 1826 τὰ
1720 1797 1806 1837 Σερα-

1039 1841 1108 1882 φὶμ,
1130 1841 1199 1871 ὥστε
1220 1841 1301 1882 φόὸου
1317 1841 1362 1872 καὶ
1382 1842 1532 1882 παῤῥησίας
1553 1842 1630 1871 αὐτὸν
1655 1843 1803 1882 ἐμπλῆσαι.

1039 1888 1093 1918 Καὶ
1114 1887 1158 1918 ἵνα
1179 1887 1217 1927 μὴ
1231 1887 1426 1928 προὸἄλληται,
1439 1888 1559 1928 καθάπερ
1577 1890 1707 1926 Μωῦσῆς,
1720 1889 1807 1928 λέγων

1040 1933 1199 2007 ῖσχνόέωνος
1208 1929 1285 1969 εἶναι,
1294 1933 1340 1964 καὶ
1350 1933 1479 1974 Ἱερεμίας
1487 1955 1495 1969 ,
1509 1934 1633 1974 νεώτερος
1644 1929 1722 1970 εἶναι,
1736 1933 1806 1964 οὕτω

1040 1979 1086 2008 καὶ
1103 1990 1118 2008 ο
1136 1989 1178 2012 τος
1200 1978 1335 2020 ἀκάθαρτα
1358 1979 1435 2020 χείλη
1457 1979 1539 2019 ἔχειν,
1559 1979 1605 2009 καὶ
1628 1979 1665 2019 μὴ
1680 1979 1805 2009 δύνασθαι

1039 2025 1193 2060 διακονῆσαι
1210 2028 1264 2058 τοῖς
1277 2025 1441 2064 λεγομένοις,
1457 2025 1562 2066 ἔρχεται
1576 2025 1610 2055 τὰ
1626 2025 1749 2067 Σεραᾷὶμ
1759 2026 1805 2055 ἑκ-

1039 2070 1197 2111 καθαίροντα
1209 2072 1289 2100 αὐτοῦ
1302 2071 1336 2100 τὰ
1351 2071 1546 2111 ἁμαρτήματα,
1566 2074 1614 2102 οὐκ
1627 2071 1711 2112 οἰκείᾳ
1725 2072 1805 2101 δυνά-

1040 2128 1085 2156 μει
1094 2117 1188 2157 (τοῦτο
1197 2116 1249 2157 γὰρ
1259 2117 1366 2157 Πατρὸς
1375 2117 1420 2147 καὶ
1433 2118 1498 2147 Υἱοῦ
1510 2118 1555 2148 καὶ
1567 2118 1641 2158 ἁγίου
1650 2117 1807 2157 Πνεύματος

1040 2162 1117 2202 μόνον
1131 2163 1155 2203 ),
1167 2163 1226 2193 ἀλλ’
1239 2163 1402 2203 ἐπιτάγματι
1411 2185 1419 2200 ,
1434 2164 1479 2193 καὶ
1501 2163 1573 2194 δόσει
1591 2166 1644 2193 τῶν
1660 2163 1806 2204 ἀνθράκων.

1040 2210 1080 2240 Οὐ
1100 2208 1151 2249 γὰρ
1174 2203 1256 2246 εἶπεν,
1277 2208 1332 2238 ἰδοὺ
1357 2210 1460 2250 ἀφαιρῶ
1478 2209 1541 2249 ἐγὼ,
1559 2210 1628 2246 ἀλλ’,
1643 2209 1711 2240 Ἰδοὺ
1730 2213 1808 2239 τοῦτο

240 2260 359 2290 auferam
369 2271 429 2299 ego,
444 2261 504 2298 sed,
515 2262 593 2291 Ecce
610 2263 665 2291 hoc
685 2264 799 2303 auferet
815 2266 985 2304 iniquitates
1006 2269 1025 2292 D
1040 2256 1189 2296 ἀφαιρεῖται
1207 2254 1254 2288 τὰς
1274 2255 1384 2294 ἀνομίας
1404 2267 1450 2284 ⁶⁰⁰
1462 2278 1469 2292 ν
1485 2256 1530 2285 καὶ
1544 2256 1592 2290 τὰς
1607 2256 1738 2296 ἁμαρτίας
1760 2268 1807 2286 ⁶0⁹

242 2312 318 2343 tuas,
340 2313 369 2335 et
392 2313 514 2346 peccata
541 2314 594 2336 tua
607 2310 755 2348 purgabit,
777 2317 886 2351 propter
909 2323 985 2342 man-

241 2352 334 2382 datum
361 2353 501 2382 mittentis.
522 2354 579 2383 Cur
606 2362 695 2384 autem
718 2356 820 2397 forcipe
842 2358 984 2398 Seraphim

241 2405 399 2439 acceperuut
424 2399 588 2429 carbonem?
607 2401 700 2439 Neque
723 2402 794 2431 enim
822 2403 984 2444 incorporea

241 2444 328 2474 virtus
339 2444 501 2474 carbonibus
513 2445 555 2474 uri
567 2453 681 2485 poterat.
696 2448 753 2477 Cur
761 2448 818 2478 haec
830 2449 897 2478 facta
909 2451 987 2480 suut?

242 2492 292 2520 Per
301 2501 425 2530 magnam
433 2490 638 2531 indulgentiam.
654 2492 772 2532 Ideoque
785 2505 819 2524 ex
827 2495 905 2525 altari
918 2497 987 2526 acci-

1040 2303 1234 2341 περικαθαριεῖ,
1249 2300 1292 2330 διὰ
1304 2300 1335 2329 τὸ
1346 2301 1481 2340 ἐπίταγμα
1493 2304 1539 2331 τοῦ
1553 2302 1716 2342 πέμψαντος.
1729 2301 1808 2335 Τίνος

1041 2347 1068 2377 δὲ
1080 2347 1166 2377 ἕνεκεν
1177 2348 1204 2376 ἐν
1215 2349 1247 2387 τῇ
1256 2346 1346 2376 λαὸίδι
1355 2346 1388 2376 τὰ
1397 2347 1520 2387 Σεραφὶμ
1530 2348 1609 2377 ἔλαὸε
1617 2347 1663 2377 τὸν
1673 2348 1806 2388 ἄνθρακα;

1040 2398 1081 2427 Ob
1092 2397 1143 2437 γὰρ
1155 2397 1188 2433 δὴ
1199 2399 1216 2432 ἡ
1227 2396 1366 2435 ἀσώματος
1380 2397 1488 2435 δύναμις
1501 2398 1717 2437 ε’γκατακαίεσθαι
1733 2397 1806 2436 ἔμελ-

1040 2450 1084 2477 λεν
1094 2447 1143 2478 ὑπὸ
1154 2448 1205 2477 τῶν
1217 2447 1361 2487 ἀνθράκων.
1371 2447 1449 2481 Τίνος
1462 2448 1549 2478 ἕνεκεν
1559 2451 1642 2478 ταῦτα
1651 2447 1806 2487 γεγένηται,

1039 2498 1091 2527 Διὰ
1104 2497 1204 2534 πολλὴν
1215 2496 1419 2536 συγκατοίὸασιν.
1435 2498 1486 2527 Διὰ
1500 2497 1533 2534 δὴ
1545 2501 1621 2528 τοῦτο
1634 2498 1680 2528 καὶ
1694 2497 1746 2527 ἀπὸ
1760 2500 1805 2527 τοῦ

275 2601 285 2612 ²
303 2595 351 2619 llic
366 2594 496 2628 legendum
513 2601 586 2629 putat
601 2596 707 2622 savinus
719 2602 823 2632 ἐχώμεθα
834 2604 871 2626 καὶ
881 2604 987 2634 λέγωμεν.
999 2602 1101 2627 Utrovis
1113 2600 1188 2627 modo
1199 2601 1273 2635 legas,
1286 2600 1357 2626 locus
1367 2600 1429 2626 bene
1439 2600 1523 2628 habet.
