1904 2840
0 490 51 514 Dan.
63 492 127 521 234.

0 875 54 904 sut.
74 882 127 906 ns.

0 1082 91 1114 υιίιὶρρ.
103 1091 125 1106 2.

3 1114 28 1138 5.
43 1117 78 1140 ¹6.

657 224 690 247 ΙΝ
716 222 927 247 MATTHAEUM.

139 297 170 316 oo
190 286 306 317 itationis
318 295 421 322 eorum,
436 285 471 315 de
481 286 565 326 impia
577 285 666 315 cordis
678 286 802 326 pharetra
812 297 878 325 pro-
893 289 913 311 Α

140 357 142 359 ,
187 325 268 362 entia,
282 325 404 355 doctores
414 326 490 364 quasi
503 325 604 365 lapides
613 325 671 355 vivi
681 325 844 370 suscipiunt,
852 334 881 355 et

137 365 201 394 fidei
219 365 319 395 virtute
338 366 531 405 constringunt.
547 366 610 395 Haec
629 376 692 405 ergo
711 365 807 394 civuas
826 376 876 404 po-

138 406 187 434 sita
198 412 238 434 est
253 415 335 444 super
347 412 463 434 montem
476 404 524 434 :id
539 412 588 441 est,
605 405 729 445 apostoli,
741 405 878 444 prophetae

138 444 278 483 caeterique
297 444 418 474 doctores
430 467 437 479 ‚
461 444 584 474 aedificati
605 445 633 473 iu
656 444 774 474 Christo.
798 445 878 473 Mons

138 484 210 513 onim
221 484 345 514 Christus
353 491 404 519 est,
415 483 450 513 de
460 494 514 523 quo
528 484 565 513 ait
578 484 674 513 Daniel
691 496 697 513 :
712 485 791 513 Ecce
802 484 878 521 lapis

138 525 251 552 excisus
268 526 387 553 estsine
405 525 551 559 manibus,
570 530 598 553 et
608 524 714 564 factus
733 529 775 552 est
797 533 877 552 mons

104 580 111 582 -
138 573 272 602 magnus,
284 570 312 592 et
326 564 477 600 occupavit
495 570 586 594 totam
607 570 722 592 terram.
739 563 818 592 Nunc
831 573 878 602 per

136 602 247 632 alteram
259 605 482 642 comparationem
496 603 556 632 vult
567 603 714 639 ostendere,
728 612 810 640 quare
819 611 879 631 san-

137 649 192 672 ctos
205 652 267 671 suos
281 643 338 682 ipse
351 642 476 672 Christus
490 642 649 679 manifestat,
662 649 687 672 et
698 652 751 671 non
761 641 825 671 sinit
833 651 879 670 eos

136 692 193 711 esse
211 682 363 711 absconsos.
376 682 408 711 Id
424 689 463 711 est
484 682 547 720 quia
566 683 613 713 15.
627 683 693 711 Nec
705 683 757 721 qui
775 691 878 710 accen-

137 721 211 750 dunt
221 722 382 757 lucernam,
391 722 456 750 ideo
467 722 716 757 eam'accendunt,
725 726 757 749 ut
766 726 880 759 ponant

135 762 188 789 sub
207 761 313 797 modio,
324 762 376 790 sed
393 771 479 797 super
494 762 714 797 candelabrum,
730 766 762 788 ut
783 760 880 789 luceat

137 802 270 830 omnibus
287 802 338 840 qui
351 802 383 829 in
395 801 480 830 domo
491 807 568 830 sunt.
583 801 638 838 Qui
652 807 714 830 sunt
724 809 879 831 accensores

137 839 272 868 lucernae?
285 841 363 869 Pater
381 847 408 869 et
419 840 518 869 Filius.
531 842 598 877 Quae
616 847 656 869 est
678 840 726 869 illa
750 839 879 868 lucerna?

137 879 262 908 Verbum
279 878 417 916 divinum,
429 879 463 908 de
479 890 533 918 quo
546 880 649 910 dictum
664 892 671 908 :
686 881 820 908 Lucerna
834 889 880 917 pe·
895 883 914 907 B

138 918 222 948 dibus
245 920 316 947 meis
336 920 458 948 verbum
480 925 571 948 tuum.
591 920 630 949 Ut
649 920 745 948 luceat
762 929 769 945 :
785 918 813 947 id
827 925 878 955 est,

137 964 274 997 appareat,
288 964 314 987 et
327 957 461 988 illuminet
481 959 529 997 qui
549 966 612 988 sunt
626 959 668 988 vel
683 958 710 987 in
724 958 804 987 domo
822 958 879 986 Ec-

137 998 235 1034 clesiae,
255 998 300 1027 vel
315 997 343 1026 in
365 997 445 1027 domo
467 998 588 1027 omnium
608 997 781 1028 mundorum.
798 997 880 1033 Quod

136 1043 176 1066 est
194 1036 405 1066 candelabrum?
419 1038 551 1073 Ecclesia,
563 1048 623 1076 quae
643 1037 746 1076 bajulat
764 1036 879 1066 verbum

137 1076 209 1105 vitae.
225 1077 423 1115 Consequenter
441 1077 508 1106 dicit
527 1083 553 1106 et
572 1077 672 1106 Paulus
686 1079 789 1105 :Inter
806 1086 878 1115 quos

138 1115 241 1144 lucetis
249 1118 324 1145 sicut
334 1116 494 1145 luminaria
502 1118 534 1144 in
545 1117 662 1152 saeculo,
673 1117 795 1145 verbum
808 1117 879 1144 viloe

137 1156 328 1184 continentes.
354 1157 552 1194 Consequenter
568 1163 594 1185 et
610 1156 698 1185 omnis
725 1155 879 1185 ecclesiasti-

136 1204 184 1223 cus
209 1194 262 1228 vir,
287 1195 386 1224 habens
413 1195 528 1224 verbum
548 1196 609 1231 Dei,
629 1195 730 1224 dicitur
750 1195 878 1225 candela-

136 1233 227 1263 brum.
241 1234 329 1263 Modii
344 1240 432 1263 autem
445 1242 507 1264 sunt
522 1234 642 1264 homiues
655 1233 818 1269 mundiales,
830 1245 877 1264 va-

136 1274 180 1302 cui
192 1284 208 1302 a
220 1274 287 1310 Deo,
309 1281 335 1303 et
347 1274 381 1302 ab
399 1274 525 1303 omuibus
544 1284 603 1313 quae
624 1281 686 1303 sunt
699 1273 759 1303 Dei.
773 1274 878 1303 Dicun-

136 1319 182 1342 tur
201 1320 288 1342 autem
312 1312 406 1350 modii,
423 1313 550 1352 quoniam
569 1314 639 1343 sicut
660 1312 744 1342 modii
761 1313 877 1354 desuper

135 1352 245 1391 quidem
266 1353 346 1382 vacui
365 1359 444 1388 sunt,
466 1352 595 1382 desubtus
616 1359 705 1382 autem
723 1353 797 1392 pleni
815 1364 821 1379 ε
838 1354 876 1384 sic

134 1402 225 1421 omnes
242 1392 336 1421 muudi
352 1399 482 1422 amatores
499 1393 632 1430 et'carnis,
647 1394 674 1421 in
689 1392 876 1432 spiritualibus

133 1431 243 1469 quidem
256 1438 282 1461 et
292 1430 406 1469 divinis,
416 1442 476 1472 quae
484 1432 621 1472 superiora
634 1439 704 1461 recte
715 1442 771 1462 esse
782 1432 876 1462 dicun-

132 1471 275 1507 tui-‚iacui
288 1478 351 1500 sunt
372 1477 401 1501 et
420 1471 545 1501 insensati
562 1483 569 1500 ε
589 1471 617 1500 in
630 1471 802 1501 inferioribus
824 1483 873 1502 au·
889 1478 908 1501 c

132 1515 197 1546 tem,
207 1510 235 1539 id
248 1517 287 1539 est
301 1510 328 1539 in
339 1511 524 1540 mundialibus
535 1517 560 1540 et
572 1512 694 1546 terrenis,
707 1512 875 1549 aliquatenus

133 1549 205 1588 pleni
220 1549 348 1579 videntur
370 1558 396 1580 et
422 1550 563 1589 sapientes.
587 1552 728 1590 Propterea
752 1550 822 1580 sicut
846 1551 874 1579 in

133 1588 224 1618 modio
239 1589 262 1618 si
275 1589 511 1627 voluerisaliquid
522 1599 658 1628 reponere,
671 1599 775 1618 necesse
792 1596 831 1618 est
845 1597 875 1619 ut

133 1628 210 1656 cadat
222 1627 349 1658 deorsum
357 1628 392 1657 ad
406 1628 527 1657 inferiora
537 1629 604 1668 ejus·
619 1636 645 1657 et
660 1628 796 1657 tenebrosa
813 1639 819 1655 :
835 1629 874 1658 sic

134 1666 237 1695 homiui
250 1668 362 1705 carnali,
376 1675 401 1697 et
414 1667 562 1701 mundiali,
578 1674 604 1697 et
615 1675 710 1705 vacuo,
725 1668 747 1697 si
758 1667 873 1698 'dixeris

133 1706 237 1745 aliquid
250 1707 323 1745 quod
334 1714 374 1737 est
386 1707 436 1737 Dei
447 1729 455 1743 ‚
469 1717 522 1736 non
533 1707 604 1736 illud
616 1714 687 1737 tenet
698 1707 724 1736 in
735 1708 872 1746 superiore

134 1752 210 1785 parte
221 1746 317 1775 mentis
336 1757 390 1776 suae
409 1753 457 1776 aut
477 1746 577 1783 cordis,
589 1757 637 1776 nec
653 1753 739 1787 portat
760 1747 830 1776 illud
844 1748 871 1776 in

134 1795 180 1814 ore
186 1797 195 1823 5
209 1785 257 1815 sed
275 1787 414 1816 confestim
433 1785 504 1815 cadit
525 1785 560 1814 de
578 1793 665 1816 mente
679 1787 738 1826 ejus
751 1793 777 1815 et
791 1787 872 1817 corde

134 1823 260 1854 deorsum
271 1825 298 1854 in
308 1832 411 1855 terrena
421 1832 446 1855 et
455 1825 606 1859 tenebrosa,
621 1834 651 1856 ut
665 1826 763 1856 necilli
777 1827 871 1865 prosit,

134 1873 182 1893 nec
194 1864 266 1894 aliis.
283 1865 313 1895 Si
333 1872 420 1895 autem
435 1872 460 1894 et
473 1865 563 1904 aliqua
580 1866 689 1895 tentatio
709 1866 776 1895 facta
791 1867 871 1896 tuerit

133 1910 243 1943 propter
265 1905 380 1934 verbum
405 1905 540 1940 veritatis,
564 1905 653 1934 statim
673 1912 823 1934 reversatur
842 1906 869 1935 in

132 1949 229 1973 terram
239 1966 247 1980 ‚
259 1951 285 1973 et
304 1944 436 1984 aspiciens
453 1950 552 1973 terram
561 1966 569 1979 ‚
583 1945 659 1983 quasi
679 1944 795 1981 modius,
806 1956 870 1975 ver-

131 1982 197 2011 bum
205 1984 254 2012 Dei
265 1984 316 2013 sub
329 1995 357 2013 se
367 1990 438 2013 tenet
450 1983 646 2013 absconditum.
661 1986 822 2014 Reversatus
830 1991 870 2014 est

130 2023 203 2051 enim
213 2029 240 2052 et
251 2023 382 2063 aspiciens
399 2030 496 2053 terram
507 2045 515 2056 ‚
527 2030 554 2053 et
572 2023 735 2053 abscondens
755 2024 867 2054 verbum
883 2032 903 2055 D

130 2063 182 2092 sub
194 2072 234 2099 se,
245 2062 353 2102 quando
366 2070 474 2103 propter
490 2062 606 2102 aliquam
619 2074 726 2093 musam
738 2071 869 2093 terrenam

130 2111 183 2131 non
202 2110 241 2132 est
262 2113 343 2132 ansus
362 2103 450 2142 palam
474 2103 598 2142 proloqui
624 2103 687 2132 fidei
711 2103 866 2138 veritatem,

131 2141 198 2170 ¹'aut
217 2141 330 2182 injurias
349 2142 468 2171 carnales
489 2142 584 2172 timens
596 2165 603 2179 ,
615 2150 661 2172 aut
681 2149 868 2178 mortem‚aut

131 2179 239 2216 damna,
252 2187 297 2209 aut
308 2187 412 2217 caetera,
421 2192 480 2220 quae
491 2182 634 2211 obstruunt
647 2182 765 2210 carnales
776 2182 865 2211 homi-

131 2230 177 2249 nes
189 2241 198 2255 ‚
217 2226 248 2248 ut
270 2220 383 2249 verbum
394 2242 401 2256 ,
416 2220 489 2258 quod
509 2220 692 2256 erediderunt,
708 2221 793 2250 libere
814 2231 866 2250 non

130 2259 246 2288 audeant
266 2259 397 2298 profiteri.
415 2260 494 2288 Nunc
512 2266 600 2288 autern
625 2260 719 2295 sciens,
740 2261 866 2298 quoniam

130 2299 178 2328 ille
189 2305 227 2327 est
237 2297 382 2327 laudabilis
391 2297 495 2332 doctor,
506 2299 553 2336 qui
564 2298 626 2327 facit
636 2299 709 2337 quod
722 2298 808 2334 docet,
819 2299 867 2328 ad-

130 2338 202 2367 didit
214 2345 240 2367 et
252 2337 318 2366 dicit
333 2349 340 2366 2
358 2338 406 2366 16.
421 2337 469 2366 Sic
483 2337 578 2366 luceat
592 2339 645 2366 lua:
657 2345 756 2367 vestra
768 2348 867 2367 coram

132 2379 306 2412 hominibus,
320 2383 353 2405 ut
375 2377 498 2405 videant
517 2386 603 2415 opera
624 2384 724 2405 vestra
738 2379 826 2413 bona,
839 2384 868 2406 et

131 2417 317 2457 magnificent
331 2417 449 2445 Patrem
464 2422 592 2445 vestrum
605 2417 698 2454 quiin
714 2417 793 2445 coelis
810 2423 862 2446 est.

131 2456 164 2484 ld
184 2462 233 2492 est,
249 2456 293 2485 Sic
314 2455 474 2490 illuminate,
485 2455 588 2491 docete,
599 2465 653 2484 non
674 2461 703 2484 ut
724 2456 805 2484 verba
815 2466 864 2485 ve—

131 2501 187 2523 stra
205 2494 388 2523 tantummodo
408 2494 519 2524 audiant
532 2494 662 2531 homines,
674 2493 721 2523 sed
737 2501 767 2524 ut
785 2505 864 2535 opera

1606 211 1673 259 793

933 292 1020 315 vestra
1051 287 1120 316 bona
1153 285 1281 322 videant,
1307 292 1337 314 ut
1363 295 1431 324 quos
1456 283 1674 314 illuminaveritis

935 336 981 365 per
1007 326 1120 355 verbum
1142 325 1218 364 quasi
1243 325 1303 361 lux,
1324 324 1454 354 condiatis
1479 335 1528 364 per
1552 325 1675 364 exempla

933 375 1044 404 operum
1076 372 1227 394 vestrorum
1258 365 1335 403 quasi
1360 364 1428 394 sales
1450 377 1456 393 :
1478 364 1605 403 quoniam
1628 364 1676 402 qui

933 404 1026 441 docet,
1039 411 1065 434 et
1087 405 1150 434 facit
1168 404 1242 443 quod
1263 404 1340 434 docet
1351 427 1359 441 ,
1374 415 1436 434 vere
1448 403 1495 433 ille
1512 403 1590 433 docet
1604 416 1610 432 ε
1627 403 1675 442 qui

933 451 1021 474 autem
1049 455 1101 473 non
1119 444 1182 473 facit
1202 443 1275 482 quod
1298 444 1389 480 docet,
1410 454 1463 473 non
1480 443 1565 472 alium
1585 442 1673 480 docet,

932 483 980 512 sed
1005 484 1122 523 seipsum
1148 483 1314 514 condemnat.
1339 484 1375 513 Et
1400 483 1497 512 melius
1514 489 1553 512 est
1576 483 1674 521 facere,

933 529 958 551 et
972 534 1023 553 non
1041 524 1146 559 docere,
1162 534 1241 562 quam
1257 523 1362 559 docere,
1381 530 1408 552 ct
1421 533 1474 552 non
1493 523 1586 552 facere.
1602 524 1676 560 Quo-

933 562 1005 592 niam
1016 563 1064 602 qui
1084 563 1154 598 facit,
1179 562 1228 591 etsi
1248 562 1370 596 tacuerit,
1382 563 1487 601 aliquos
1501 562 1610 601 corrigit
1626 574 1676 592 suo

933 603 1058 642 exemplo
1076 615 1083 631 :
1107 602 1155 640 qui
1177 608 1267 631 autem
1290 601 1381 637 docet,
1401 608 1427 630 et
1449 612 1502 631 non
1516 602 1593 638 facit,
1622 613 1676 631 non

933 641 1022 670 solum
1036 642 1167 670 neminem
1182 641 1305 679 corrigit,
1319 641 1366 671 sed
1383 641 1473 670 adhuc
1486 642 1585 670 multos
1598 653 1675 671 scan-

933 680 1043 710 dalizat.
1059 681 1127 719 Quis
1141 681 1212 710 enim
1227 691 1279 710 non
1293 687 1432 711 moveatur
1444 680 1479 709 ad
1498 681 1673 720 peccandum.

934 731 996 749 cum
1019 721 1119 750 viderit
1141 720 1214 760 ipsos
1241 720 1363 750 doctores
1386 720 1492 760 pietatis
1518 722 1675 760 peccantes?

933 760 1008 800 Ergo
1023 771 1071 800 per
1089 760 1151 789 illos
1171 759 1280 799 quidem
1296 760 1418 790 doctores
1431 760 1478 799 qui
1491 759 1587 789 docent
1600 767 1625 789 et
1635 761 1675 789 fa-

933 800 1018 836 ciunt,
1031 799 1218 839 magnificatur
1230 801 1304 829 Deus
1319 812 1326 829 ε
1342 811 1391 840 per
1403 810 1448 829 eos
1460 807 1548 829 autem
1562 800 1609 838 qni
1623 799 1675 829 do-

933 846 1002 876 cent,
1027 847 1054 868 et
1075 850 1128 868 non
1146 839 1258 876 faciunt,
1281 840 1493 879 blasphematur.
1515 840 1630 879 Utputa,
1652 841 1675 869 si

934 878 1000 908 bene
1011 879 1123 908 doceant
1137 879 1295 916 sacerdotes,
1312 886 1338 908 et
1352 879 1447 908 melius
1461 879 1564 915 vivant,
1578 879 1674 908 viden-

933 925 972 948 tes
992 919 1104 958 gentiles
1126 918 1219 948 dicunt
1235 930 1242 946 ε
1259 918 1418 949 Benedictus
1439 920 1523 955 Deus,
1538 919 1584 957 qui
1608 919 1675 948 tales

934 958 1013 988 habet
1032 969 1132 988 servos.
1149 960 1222 988 Vere
1240 959 1311 987 enim
1332 969 1425 987 eorum
1444 959 1517 987 Deus
1536 968 1617 988 verus
1636 966 1675 988 est

933 998 1019 1027 Deus.
1033 998 1093 1027 Nisi
1113 997 1185 1026 enim
1203 998 1260 1038 ipse
1270 1005 1336 1027 essct
1346 999 1446 1037 justus,
1464 1008 1610 1036 numquam
1624 1009 1674 1038 po-

933 1037 1030 1075 pulum
1049 1048 1129 1066 suum
1145 1037 1215 1066 circa
1224 1038 1356 1077 justitiam
1373 1037 1411 1067 sic
1425 1044 1532 1066 teneret.
1544 1038 1613 1066 Nam
1632 1038 1675 1067 di-

933 1076 1046 1116 sciplina
1071 1076 1174 1106 domini
1194 1087 1228 1105 ex
1245 1077 1367 1106 moribus
1386 1077 1494 1105 familiae
1508 1076 1674 1106 demonstra-

934 1122 989 1144 tur.
1007 1118 1067 1146 Non
1086 1116 1157 1145 sicut
1178 1116 1263 1145 nostri
1301 1116 1450 1155 hilosophi‚
1462 1117 1508 1155 qui
1523 1127 1619 1155 inagna
1639 1117 1677 1146 lo-

933 1163 1064 1194 quuntur,
1073 1163 1099 1186 et
1108 1166 1156 1185 nec
1165 1155 1271 1185 modica
1279 1127 1391 1185 iiiciunt.
1404 1155 1432 1185 Si
1447 1163 1536 1185 autem
1546 1156 1614 1185 hene
1626 1157 1685 1189 do-‚

933 1202 1026 1232 ceant,
1049 1203 1075 1225 et
1096 1195 1166 1224 male
1188 1202 1392 1227 conversentur.
1413 1194 1535 1224 videntes
1555 1195 1649 1225 dicunt
1667 1209 1673 1225 z

933 1234 1029 1271 Qualis
1039 1242 1078 1265 est
1092 1236 1166 1264 Deus
1179 1235 1339 1274 eorum,qui
1351 1234 1415 1264 talia
1428 1235 1530 1274 agunt?
1543 1236 1676 1274 numquid

933 1274 1077 1304 sustineret
1089 1285 1134 1304 eos
1146 1274 1209 1303 talia
1222 1275 1359 1308 facientes,
1373 1274 1423 1303 nisi
1437 1275 1598 1304 consentiret
1609 1285 1675 1314 ope-

932 1313 1007 1342 ribus
1027 1314 1141 1343 eorum?
1152 1315 1243 1343 Patres
1256 1314 1433 1351 nostrirsicut
1453 1313 1495 1342 illi
1508 1314 1674 1350 existimant,

932 1352 1005 1382 idola
1018 1353 1144 1389 colentes,
1158 1363 1263 1382 omnem
1274 1354 1406 1394 justitiam
1419 1361 1595 1383 servaverunt
1609 1365 1614 1381 :
1630 1355 1674 1384 isti

930 1399 1023 1421 autemv
1041 1393 1171 1433 gloriosos
1192 1393 1340 1432 loquuntur
1353 1403 1498 1427 sermones,
1512 1400 1537 1422 et
1557 1393 1674 1433 ignomi-

931 1431 1004 1461 niosa
1032 1444 1112 1472 opera
1132 1433 1244 1462 faciunt.
1268 1433 1354 1463 Vides
1377 1432 1512 1471 quomodo
1530 1434 1603 1462 Deus
1645 1445 1674 1463 er

929 1472 1014 1501 malos
1032 1473 1198 1502 Christianos
1209 1472 1433 1512 blasphematur?
1447 1474 1502 1501 Nec
1529 1479 1614 1511 potest
1624 1445 1672 1502 go-

929 1511 1018 1540 minus
1048 1512 1146 1541 bonam
1177 1511 1331 1551 opinionem
1354 1511 1470 1547 habere,
1496 1513 1544 1549 qui
1574 1512 1672 1542 malam

929 1549 1059 1579 familiam
1084 1551 1174 1580 habet.
1197 1550 1277 1580 Unde
1297 1550 1399 1579 dictum
1422 1558 1461 1579 est
1484 1550 1518 1579 ad
1538 1551 1671 1590 populum

928 1588 979 1617 Dei
994 1600 1000 1617 :
1015 1590 1131 1618 Nomen
1153 1592 1230 1618 enim
1257 1590 1313 1618 Dei

930 1634 978 1656 tur
997 1630 1074 1657 inter
1089 1636 1199 1668 gentes.
1214 1629 1263 1658 17.
1277 1630 1325 1658 No
1340 1631 1379 1657 ite
1390 1634 1495 1668 putare
1511 1631 1582 1668 quia
1599 1633 1670 1659 veni

927 1668 1040 1696 solvere
1064 1669 1173 1707 legem,
1197 1674 1249 1697 aut
1270 1669 1436 1708 prophetas·
1460 1669 1574 1708 Propter
1601 1669 1670 1700 duas

927 1717 1019 1736 causas
1037 1707 1103 1736 dicit
1123 1717 1175 1737 non
1195 1718 1223 1736 se
1244 1708 1348 1738 venisse
1371 1714 1402 1736 ut
1427 1707 1542 1737 solveret
1568 1709 1667 1748 legem,

926 1746 974 1775 sed
987 1753 1017 1776 ut
1036 1747 1204 1787 adimpleret.
1221 1748 1354 1783 Primum,
1373 1753 1402 1776 ut
1419 1747 1566 1787 discipulos
1591 1758 1670 1785 suos,·

956 223 1074 248 floth.
1103 224 1139 248 X*-

925 1796 992 1824 quos
1006 1786 1131 1815 omnibus
1149 1787 1227 1816 bonis
1247 1787 1374 1826 operibus
1395 1786 1536 1816 adornatos
1549 1798 1605 1817 esse
1618 1788 1666 1818 de-
1714 1794 1718 1797 ⁴

924 1825 988 1855 bere
1004 1836 1086 1865 supra
1102 1825 1239 1863 docuerat,
1250 1826 1293 1855 his
1312 1826 1402 1855 verbis
1421 1826 1455 1855 ad
1475 1837 1553 1856 suum
1566 1838 1665 1867 provo-

924 1872 996 1894 caret
1012 1865 1166 1905 exemplum
1183 1876 1190 1895 :
1205 1872 1234 1895 ut
1247 1865 1473 1904 quemadmodum
1488 1866 1545 1905 ipse
1558 1877 1663 1897 omnem

924 1905 1009 1944 legem
1027 1905 1165 1949 implebat,
1189 1906 1228 1935 sic
1240 1912 1266 1935 et
1278 1905 1320 1934 illi
1342 1905 1431 1934 omnia
1453 1905 1531 1934 etiam
1552 1906 1663 1937 minima

923 1944 990 1983 legis
1010 1945 1163 1973 festinarent
1183 1945 1305 1985 implere.
1323 1945 1436 1982 Deinde,
1458 1946 1519 1984 quia
1541 1946 1663 1976 futurum

923 1989 990 2018 erat,
1008 1991 1036 2013 ut
1055 1983 1144 2014 Judaei
1166 1984 1394 2014 calumniarentur
1413 1995 1475 2014 eum
1496 1986 1523 2014 in
1546 1985 1663 2016 sabbatis

923 2030 1087 2063 operantem,
1099 2030 1125 2052 et
1138 2023 1239 2068 lepram
1252 2030 1412 2069 tangentem,
1428 2024 1503 2069 quasi
1515 2025 1662 2055 solventem

921 2062 1019 2101 legem,
1040 2062 1101 2092 ideo
1118 2073 1282 2102 priusquam
1301 2070 1421 2092 incurrat
1439 2074 1466 2092 in
1486 2064 1659 2101 calumniam,

922 2102 1161 2131 calumniatoribus
1174 2102 1312 2138 satisfacit,
1323 2102 1414 2132 dicens
1426 2115 1433 2132 ε
1445 2104 1546 2132 Nolite
1557 2111 1661 2143 putare

922 2143 993 2181 quia
1011 2143 1084 2172 ,veni
1099 2141 1209 2170 solvere
1227 2141 1329 2180 legem,
1345 2149 1396 2171 aut
1419 2144 1589 2182 prophetas.-
1602 2154 1660 2172 non

922 2183 993 2210 veni
1009 2181 1131 2217 solvere,
1150 2181 1202 2209 sed
1217 2182 1387 2220 adimplere.
1403 2183 1461 2211 Lex
1478 2189 1504 2211 et
1524 2183 1659 2222 propheta:

921 2220 976 2250 duo
990 2220 1046 2249 haec
1059 2226 1152 2258 agunt.
1167 2220 1204 2250 Et
1225 2220 1260 2250 de
1283 2221 1390 2250 Christo
1404 2222 1610 2261 *prophetizant
1633 2229 1658 2251 et
1702 2239 1709 2247 -
1719 2247 1730 2259 a
1743 2254 1748 2259 ,

921 2260 1005 2299 legem
1017 2259 1126 2289 vivendi
1138 2259 1322 2305 constituuntf
1336 2270 1395 2299 quae
1409 2267 1521 2299 utraque
1535 2261 1657 2289 Christus
1666 2272 1764 2299 peizant.

922 2299 1053 2338 implevit.
1063 2300 1103 2328 De
1116 2309 1144 2328 se
1163 2299 1273 2337 quidem
1291 2310 1329 2328 sic
1339 2321 1346 2335 ‚
1359 2299 1466 2337 quando
1482 2307 1558 2328 natus
1568 2307 1616 2334 cst,
1633 2306 1658 2328 et

921 2345 1029 2368 vocatus
1040 2345 1079 2368 est
1090 2339 1248 2368 Emmanuel
1259 2351 1267 2376 ;
1279 2338 1387 2377 quando
1408 2338 1581 2367 circumcisus
1600 2345 1656 2374 est3

921 2377 1028 2416 quando
1039 2384 1211 2423 praesentatus
1235 2385 1275 2407 est
1294 2380 1320 2406 in
1344 2378 1484 2415 templum,
1500 2384 1525 2405 et
1538 2377 1658 2405 oblatum

921 2424 960 2446 est
972 2428 1022 2457 pro
1043 2417 1091 2446 illo
1102 2416 1274 2451 sacrificium,
1286 2417 1387 2445 seilicet
1397 2415 1452 2444 duo
1473 2422 1601 2451 turtures,
1612 2423 1658 2444 aut

918 2456 973 2486 duo
987 2457 1057 2496 pulli
1070 2456 1235 2491 columbini3
1249 2455 1356 2494 quando
1375 2455 1401 2482 in
1415 2455 1486 2493 AEgy
1506 2461 1562 2482 tum
1577 2454 1656 2493 fugit,

918 2495 1004 2535 legem
1015 2495 1174 2535 adimplevit
1188 2506 1197 2533 ;
1212 2494 1319 2533 quando
1337 2494 1364 2522 in
1376 2465 1506 2522 Nazaretli
1520 2503 1658 2522 conversa-

130 2588 209 2611 siom's
220 2596 228 2610 .·
240 2595 298 2611 nam
315 2585 390 2612 dubie
402 2586 500 2620 legitur.
514 2587 588 2619 [Imo
606 2594 719 2619 expresse
731 2586 880 2612 Commeliu.
907 2593 978 2621 gum.
993 2587 1067 2611 Hoec.

132 2631 157 2650 ct
177 2624 263 2651 Metel.
276 2626 302 2650 in
319 2634 397 2659 marg.
412 2625 663 2658 consessionis.]Mox
682 2625 756 2651 iidem
775 2627 884 2659 confrin-

941 2627 954 2647 b
972 2626 1001 2651 V.
1012 2626 1042 2651 D.
1054 2631 1080 2649 et
1092 2622 1160 2649 Editi
1173 2624 1197 2647 in
1210 2630 1288 2654 marg.
1302 2627 1345 2646 aul
1359 2614 1467 2646 incidias
1478 2623 1600 2647 carnales.

1358 1600 1391 1618 er
1407 1599 1462 1618 vos
1485 1590 1670 1629 blasphema—
1680 1599 1745 1621 Esai.
1758 1600 1821 1623 διδ,
