1890 2826
553 185 596 208 DE
623 181 880 207 PROPHETtantJM
903 180 1146 204 ouscunrrATE.
1176 179 1211 203 11.

107 251 196 292 γίστου
223 249 354 288 θαύματός
373 250 442 278 ἐστιν
456 248 542 283 ἄξιος,
561 248 602 276 ὅτι
624 247 668 275 καὶ
689 243 814 285 προειδὼς
832 244 871 272 ὅτι

107 297 228 331 ἀπολεῖς,
242 297 290 325 οὐκ
301 293 467 334 ἀπεστέρησέ
480 305 510 322 σε
524 295 577 329 ,τῆς
592 293 690 331 δωρεᾶς
699 303 705 310 ·
718 291 788 326 πλὴν
803 289 872 319 ἀλλὰ

107 342 152 372 καὶ
164 338 252 381 ἕτερον
270 341 362 380 πολλῷ
381 341 469 379 μεῖζον
488 339 542 379 ἔχω
560 337 659 368 τούτων
678 338 771 366 εἰπεῖν.
788 335 824 365 Τί
843 334 871 364 δὲ

101 387 183 422 ,τοῦτο’
203 388 289 423 ἔστιν;
302 386 368 417 Ὅτι
388 386 432 415 καὶ
450 385 517 424 μετὰ
536 384 567 414 τὸ
587 383 715 413 ἀπολέσαι
731 382 758 416 ἐξ
775 381 872 414 οἰκείας

106 433 244 474 ῥᾳθυμίας,
257 433 338 463 πάλιν
351 431 501 462 ἀποδέδωκέ
515 442 557 461 σοι
570 429 604 459 τὰ
617 428 773 459 ἀπολωλότα
782 439 789 446 ·
803 427 872 466 μᾶλ·

106 481 151 509 λον
166 479 193 509 δὲ
204 480 234 509 οὗ
246 479 279 509 τὰ
293 478 450 508 ἀπολωλότα
464 477 551 517 μόνον,
563 476 631 506 ἀλλὰ
648 475 694 505 καὶ
706 475 797 514 πολλῷ
812 473 872 512 μεί-

108 528 169 560 ζονα
181 525 291 555 τούτων.
311 524 461 557 Ἀπώλεσας
474 523 522 562 μὲν
543 522 594 562 γὰρ
607 521 775 562 παράδεισον,
791 520 873 550 ἔδωκε

1652 164 1668 172 .-

1603 174 1670 197 213

909 273 917 285 ,Δ
926 243 1076 283 perdidisse
1092 256 1097 272 :
1114 253 1175 273 nam
1193 253 1218 273 et
1235 245 1290 273 hoc>
1300 249 1377 283 pacto
1391 242 1439 282 qui
1453 241 1540 277 dedit,
1559 242 1672 271 crimine

926 289 1065 326 liberatur,
1079 291 1122 321 vel
1134 291 1225 331 potius
1239 290 1356 320 maxima
1375 288 1455 318 laude
1467 288 1566 328 dignus
1583 290 1672 318 e'ense-

927 342 983 372 tur,
995 336 1070 375 quod
1081 337 1161 367 etiarn
1175 337 1324 377 praevideus
1337 342 1362 365 te
1376 334 1547 375 perditurum
1560 335 1670 364 minime

927 388 954 411 te
962 381 1034 412 dono
1044 383 1160 423 privarit
1175 396 1181 412 ι
1197 382 1244 412 sed
1263 381 1341 412 aliud
1358 380 1490 421 quiddam
1512 380 1599 419 majus
1613 381 1670 412 istis

927 427 1017 458 dicere
1023 439 1176 469 possumus.
1187 429 1331 466 Quodnam
1341 435 1430 457 autem
1441 426 1510 456 illud
1520 427 1579 456 est?
1589 427 1669 463 Quod

927 481 1069 513 postquam
1083 486 1117 505 ex
1132 476 1241 515 propria
1255 474 1416 514 negligentia
1436 473 1591 513 perdidisti,
1605 484 1669 502 rur-
1679 467 1822 518 gflsgss'ssno

927 529 974 550 sus
985 530 1016 550 ea
1025 520 1076 550 tibi
1087 531 1147 560 quae
1160 521 1315 562 perdideras
1327 519 1473 551 restituerit
1484 532 1491 549 ι
1502 519 1558 549 imo
1571 529 1623 548 non
1632 516 1670 548 'ea
1681 528 1714 548 ως
1724 529 1820 549 aueum

1741 435 1822 458 Clu-isti

109 573 137 602 δι’
148 584 189 602 σοι
201 572 246 601 τὸν
259 571 376 611 οὗρανόν.
387 570 469 610 εΟρᾷς
487 570 543 602 πῶς
557 567 652 607 μείζων
666 570 683 603 ἡ
697 566 813 607 ἐμπορία
825 567 873 601 τῆς
883 587 919 607 ,35
927 564 1032 596 tantum
1054 577 1114 606 quae
1139 567 1310 607 perdjdeffls,
1331 566 1379 597 sed
1391 566 1442 605 ‘his
1454 565 1541 595 multo
1557 565 1669 604 majora·
1682 560 1787 580 restituit.

109 618 216 657 ζημίας·
230 620 286 650 πῶς
299 617 396 647 πλείων
404 619 418 646 ὁ
427 617 538 649 πλοῦτος
549 627 556 650 ;
569 614 674 649 Ἔδωκέ
686 625 727 644 σοι
740 613 783 643 τὸν
795 613 874 652 οὖρα·
891 615 913 639 Α
929 612 998 642 Nam
1010 612 1166 652 paradisum
1184 614 1349 654 perdideras,
1359 621 1386 644 at
1399 613 1448 643 ille
1458 612 1553 643 caelum
1564 611 1615 641 tibi
1623 611 1670 641 de-

108 664 167 701 νὸν,
181 663 224 693 ἵνα
243 663 288 693 καὶ
301 662 350 699 τὴν
371 663 467 692 οἰκείαν
482 661 678 702 φιλανθρωπίαν
698 659 875 695 ἐπιδείξηται,

108 709 208 739 καὶτὸν
222 709 342 739 διάὸολον
356 708 433 748 δάκῃ,
446 707 546 742 δεικνὺς
563 708 604 737 ὅτι
617 707 666 736 κᾶν
679 705 760 745 μυρία
771 708 811 745 τῷ
821 706 874 734 τῶν

105 755 247 796 ἀνθρώπων
273 753 446 793 ἐπιδουλεύσῃ
473 754 559 793 γένει,
586 753 658 783 οὐδὲν
686 752 761 781 ἔσται
792 751 872 780 πλέον

107 803 192 842 αὐτῷ,
206 803 252 831 τοῦ
266 802 337 831 Θεοῦ
355 800 421 840 πρὸς
441 800 548 839 μείζονα
568 799 609 829 ἀεὶ
629 798 709 837 τιμὴν
722 800 795 836 ἡμᾶς
807 795 872 826 ἀνοί-

105 859 205 887 γοντος.
219 847 368 880 Ἀπώλεσας
379 846 464 876 τοίνυν
476 845 648 885 παράδεισον,
661 843 705 873 καὶ
719 842 816 883 ἀνέῳξε
830 853 873 871 σοι

106 897 120 924 ὁ
133 894 202 928 Θεὸς
211 893 255 923 τὸν
268 892 376 933 οὐρανόν
386 904 392 911 ·
411 891 602 928 κατεδικάσθης
615 890 689 930 πόνῳ
701 890 871 929 προσκαίρῳ,
882 911 885 914 ,

107 941 152 970 καὶ
173 939 298 978 ἐτιμήθης
317 940 371 978 ζωῇ
392 938 502 977 αἰωνίῳ·
522 937 644 967 ἐκέλευσε
657 939 691 976 τῇ
704 938 739 975 γῇ
758 935 872 968 ἀκάνθας

106 986 152 1015 καὶ
164 985 299 1026 τριβόλους
321 985 450 1023 ἐνεγκεῖν,
469 983 514 1013 καὶ
538 982 685 1018 §meimet
699 993 740 1011 σοι
753 981 873 1020 *καρπὸν

107 1032 262 1071 meam
274 1033 292 1067 ἡ
303 1030 385 1071 ψυχή-

150 1172 204 1203 Καὶ
217 1171 310 1202 σκόπει
323 1182 369 1211 μοι
381 1170 430 1207 τὴν
444 1169 640 1211 φιλανθρωπίαν
650 1171 695 1198 τοῦ
707 1169 787 1205 Θεοῦ,
798 1167 877 1207 μέχρι

111 1219 193 1249 πόσου
204 1218 314 1254 κατέὸη.
330 1218 378 1248 Ἔν
393 1221 448 1251 τοῖς
459 1215 619 1247 ἅπολλύουσί
632 1227 692 1244 τινα
709 1216 762 1244 τῶν
775 1213 877 1244 οἰκείων

111 1264 269 1303 κτημάτων,
286 1263 335 1293 κᾶν
349 1263 456 1303 μείζονα
468 1262 571 1292 λᾶὂωσι
589 1260 635 1290 καὶ
652 1259 878 1298 πολυτελέστερα,

111 1311 200 1340 ἐκεῖνα
212 1309 247 1339 τὰ
259 1309 416 1340 ἀπολωλότα
429 1310 516 1344 ζητεῖν
527 1307 643 1348 ἐφίενται
650 1306 717 1343 ,διαὶ
730 1305 767 1347 μὴ
781 1305 878 1345 πρότε-

113 1367 157 1395 ρον
171 1356 403 1396 πληροφορεῖσθαι,
414 1354 463 1388 ἕως
475 1353 508 1383 ἂν
527 1352 595 1382 αὐτὰ
607 1351 786 1382 ἄπολάὸωσιν.
800 1350 879 1380 Ἐπεὶ

111 1396 156 1431 οὗν
176 1400 315 1434 ἀπώλεσας
335 1400 511 1440 παράδεισον,
524 1398 584 1438 οὗχὶ
602 1398 647 1428 τὸν
661 1397 768 1438 οὐρανόν
782 1408 824 1426 σοι
838 1396 879 1426 δέ-

112 1448 180 1478 δωκε
191 1446 278 1486 μόνον,
291 1446 360 1476 ἀλλὰ
372 1445 417 1476 καὶ
427 1445 586 1485 παράδεισον
600 1444 646 1474 καὶ
656 1443 773 1484 οὐρανόν.
786 1443 879 1482 Σήμε-

114 1504 156 1533 ρον
177 1493 236 1532 μετ’
251 1494 314 1532 ἐμοῦ
328 1492 376 1532 ἔσῃ
396 1493 422 1521 ἐν
436 1493 475 1531 τῷ
491 1489 770 1530 παραδείσῳλφησίν·
784 1488 827 1518 ἵνα
842 1488 881 1527 μὴ

114 1538 192 1577 μόνον
210 1541 244 1578 τῇ
257 1540 310 1568 τῶν
330 1537 454 1576 μειζόνων
467 1536 620 1576 προσθήκῃ,
635 1535 703 1565 ἀλλὰ
717 1536 762 1565 καὶ
779 1536 813 1574 τῇ
828 1536 880 1564 τῶν

113 1583 288 1614 ἀπολωλότων
303 1583 445 1619 ἀνακτήσει
456 1582 680 1622 παραμυθήσηται
691 1581 740 1617 τὴν
751 1581 882 1619 ὀδυνωμέ-

115 1641 162 1665 νην
175 1630 273 1670 ψυχήν.
286 1629 367 1665 Ἀλλ’,
382 1630 405 1658 εἰ
418 1630 498 1665 δοκεῖ,
513 1629 559 1658 καὶ
579 1629 621 1657 ἐπ’
634 1627 698 1657 αὐτὸ
710 1629 788 1656 τοῦτο
799 1626 880 1656 ἔλθω-

118 1687 166 1714 μεν
178 1675 210 1705 τὸ
217 1675 399 1715 προκείμενον,
412 1674 457 1704 καὶ
467 1674 565 1712 ἴδωμεν
578 1676 635 1706 πῶς
646 1672 821 1712 ἀπωλέσαμεν
832 1673 881 1708 τὴν

118 1721 216 1761 φωνήν.
227 1720 297 1750 Οὐδὲ
310 1719 363 1761 γὰρ
379 1719 471 1759 μικρὸν
482 1721 519 1752 εἷς
529 1719 672 1759 ἀσφαλείας
688 1718 764 1757 λόγον
777 1721 794 1754 ἡ
808 1719 882 1748 ἱστο-

118 1767 172 1806 ρία.
186 1766 221 1796 ‘O
238 1765 289 1806 γὰρ
303 1764 392 1804 μαθὼν
414 1765 458 1794 τὸν
478 1764 574 1804 τρόπον
587 1766 634 1800 τῆς
655 1763 784 1803 προτέρας
798 1764 882 1803 ἀσφα·

117 1811 198 1848 λείας,
209 1811 275 1852 πρὸς
287 1811 321 1841 τὰ
333 1811 414 1840 λοιπὰ
431 1809 624 1850 ἀσφαλέστερος
637 1809 719 1839 ἔσται.
731 1810 882 1848 Ἀναγκαῖον

119 1857 147 1887 δὲ
167 1857 253 1887 πάντα
266 1857 331 1897 πρὸς
350 1859 419 1895 ὑμᾶς
441 1857 535 1886 εἰπεῖν·
556 1851 625 1890 οἷον,
647 1854 688 1884 ὅτι
701 1854 751 1894 μία
765 1855 838 1895 φωνὴ
852 1856 883 1884 τὸ

117 1903 229 1933 παλαιὸν
243 1902 349 1933 πάντων
361 1902 503 1943 ἀνθρώπων
518 1897 550 1938 ἦν
559 1923 568 1937 ,
580 1900 621 1930 ὅτι
634 1903 671 1934 εἷς
688 1900 788 1933 πολλὰς
805 1900 882 1930 ὕστε-

119 1960 163 1988 ρον
177 1948 318 1988 μετέπεσε·
330 1948 411 1988 μέχρι
420 1947 485 1977 πότε
495 1947 543 1986 μία
554 1942 597 1983 ἦν,
608 1946 653 1976 καὶ
664 1946 729 1975 πότε
739 1946 883 1985 μετέπεσεν

119 1996 156 2028 εἰς
169 1994 282 2028 πολλάς·
300 1994 345 2023 καὶ
358 1993 468 2033 πότερον
489 1993 555 2028 αὐτὴ
574 1993 660 2029 ἐκείνη
676 1991 824 2032 ἠφανίσθη,
838 1992 883 2022 καὶ

119 2040 207 2080 ἕτεραι
218 2039 417 2079 εἰσηνέχθησαν,
430 2038 448 2074 ἢ
463 2038 590 2077 μενούσης
608 2037 709 2074 ἐκείνης
719 2037 882 2076 ἐπεισήχθη-

121 2097 170 2115 σαν
181 2087 208 2115 at
219 2085 310 2115 λοιπαί
318 2097 324 2103 ·
338 2084 382 2114 διὰ
392 2084 418 2114 τί
437 2084 578 2124 συνεχύθη,
593 2083 638 2113 καὶ
651 2085 682 2113 ἐκ
692 2083 770 2117 ποίας
784 2083 868 2115 αἰτίας
877 2095 883 2101 ·

121 2127 178 2161 εἶτα
199 2132 263 2172 ποία
285 2130 383 2160 τούτων
413 2132 467 2160 τῶν
493 2131 598 2160 πολλῶν
620 2131 711 2170 φωνῶν
739 2132 756 2165 ἡ
783 2129 884 2159 παλαιὰ

121 2177 253 2208 συνέκειτο
270 2177 392 2212 Διαθήκη
403 2188 410 2194 ·
432 2176 476 2206 διὰ
497 2175 548 2216 γὰρ
570 2175 672 2211 ἐκείνην
692 2175 779 2205 πάντα
800 2178 884 2205 ταῦτα

122 2222 278 2259 ἐκινήσαμεν
288 2234 294 2241 ·
314 2222 423 2262 πότερον
437 2222 470 2261 τῇ
485 2221 585 2261 ἀρχαίᾳ
603 2221 648 2251 καὶ
669 2221 851 2261 πρεσὸυτέρᾳ,
866 2221 883 2256 ἢ

121 2271 178 2301 ταῖζ
188 2267 295 2307 ὕστερον
306 2267 551 2307 ἐπεισενεχθείσαις.
565 2266 643 2297 Ἀλλὰ
655 2267 693 2306 μὴ
707 2266 822 2303 δείσητε·
835 2266 884 2296 κᾶν

122 2313 172 2353 γὰρ
187 2313 224 2352 μὴ
239 2313 354 2353 τήμερον
368 2313 472 2342 ἅπαντα
485 2313 633 2352 δυνηθῶμεν
647 2313 800 2349 ἀποδοῦναι,
816 2313 884 2342 ἀλλὰ

122 2359 226 2393 πάντως
239 2361 300 2398 ὑμῖν
321 2358 491 2398 ἀποδώσομεν
511 2359 628 2399 ὕστερον.
650 2359 728 2392 Τίνος
742 2354 786 2389 οὖν
798 2359 884 2388 ἕνεκεν

123 2406 161 2444 μὴ
175 2404 312 2444 μέλλοντες
326 2405 430 2434 ἅπαντα
449 2405 564 2445 τήμερον
582 2405 747 2441 ἀποδιδόναι,
762 2405 884 2435 ἁπάντων

122 2453 174 2480 τῶν
191 2450 351 2490 ὀφλημάτων
364 2450 411 2486 τὴν
432 2450 553 2489 ὑπόθεσιν
568 2453 629 2489 ὑμῖν
648 2451 810 2490 ἀνέγνωμεν;
824 2451 882 2482 Ἵνα

157 2549 167 2561 a
185 2537 256 2566 colb.
269 2544 355 2575 καρπδν
367 2545 438 2571 ζωῆς·
453 2545 491 2567 ναὶ
500 2546 582 2568 σκόπει,

282 2595 351 2614 Tou,
372 2595 415 2615 Vl·

929 657 981 688 dit.
997 659 1083 689 Vides
1096 670 1150 699 qno
1165 668 1243 700 pacto
1260 661 1368 690 lucrum
1386 661 1473 700 majus
1486 666 1525 688 est
1537 670 1619 698 quam
1629 660 1671 698 ja-

929 705 1026 734 ctura?
1044 715 1098 744 quo
1118 713 1196 746 pacto
1216 707 1306 746 plures
1316 713 1383 736 sunt
1401 705 1488 746 opes?
1501 705 1606 735 Caelum
1621 706 1672 735 tibi

927 749 1040 790 largitus
1051 757 1104 788 est,
1120 758 1151 781 ut
1163 752 1356 793 benignitatem
1376 763 1453 782 suam
1472 762 1528 792 prae
1539 762 1567 781 se
1579 753 1670 788 ferret,

926 795 1035 826 diabolo
1048 796 1170 827 dolorem
1181 798 1309 836 inureret,
1317 806 1343 828 et
1352 798 1510 835 ostenderet,
1519 798 1581 827 licet
1593 798 1672 827 innu-

927 853 1015 873 meras
1025 843 1116 883 generi
1129 851 1220 874 nostro
1233 844 1325 875 tendat
1343 845 1465 883 insidias,
1478 845 1548 874 nihil
1566 845 1616 874 hoc
1631 845 1671 874 illi

928 888 1111 929 profuturum,
1126 900 1189 920 cum
1202 891 1235 920 ad
1251 892 1380 931 majorem
1395 892 1470 921 Deus
1482 891 1611 921 honorem
1625 902 1672 921 nos

928 935 1033 966 evehat.
1043 935 1165 966 Amisisti
1175 947 1240 977 ergo
1250 937 1416 978 paradisum,
1429 945 1455 967 et
1468 938 1516 967 tibi
1527 939 1602 968 Deus
1609 949 1673 978 ape-

928 981 984 1012 ruit
996 981 1091 1011 eaelum
1106 994 1113 1010 :
1128 982 1163 1012 ad
1181 983 1373 1023 temporarium
1393 983 1534 1014 damnatus
1550 995 1578 1014 es
1593 984 1672 1014 labo-

930 1038 998 1065 rem,
1011 1023 1038 1056 ἐι
1051 1028 1107 1058 vita
1123 1034 1229 1072 aeterna·
1237 1028 1339 1059 ditatus
1359 1040 1387 1059 es
1402 1041 1409 1058 ε
1424 1030 1568 1069 imperavit
1584 1037 1671 1067 terrae,

932 1080 962 1102 ut
972 1073 1063 1114 spinas
1081 1084 1112 1104 ac
1130 1074 1247 1104 tribulos
1264 1075 1312 1104 tibi
1331 1075 1502 1116 produceret,
1516 1083 1542 1105 et
1553 1076 1673 1106 fructum

931 1120 982 1150 tihi
995 1120 1113 1161 Spiritus
1127 1122 1214 1151 anima
1228 1122 1400 1161 germinavit.

971 1168 1002 1196 4.
1015 1170 1055 1197 Ae
1067 1167 1131 1198 vide
1144 1161 1242 1207 quanta
1257 1168 1291 1198 sit
1302 1168 1353 1198 Dei
1365 1169 1524 1209 benignitas,
1535 1179 1674 1209 quousque

932 1223 961 1243 se
967 1213 1113 1246 demiserit.
1125 1214 1155 1244 Si
1167 1213 1275 1253 quando
1286 1215 1408 1244 nonnulli
1423 1215 1527 1254 aliquas
1538 1216 1675 1245 facultates

932 1260 1081 1297 amiserint,
1094 1260 1157 1290 licet
1170 1262 1282 1301 majores
1292 1271 1323 1291 ae
1333 1261 1504 1300 pretiosiores
1514 1263 1674 1302 acceperint,

933 1305 981 1335 illa
991 1306 1050 1346 ipsa
1064 1316 1124 1346 quae
1139 1306 1284 1336 amiserant
1301 1317 1420 1346 quaerere
1442 1307 1567 1347 cupiunt,
1590 1318 1677 1346 neque

932 1353 1009 1393 prius
1019 1354 1196 1392 acquiescere,
1204 1364 1286 1393 quam
1298 1354 1356 1394 ipsa
1367 1354 1594 1395 recuperaverint.
1605 1356 1678 1392 Quo-

934 1399 1006 1429 niam
1014 1399 1098 1439 igitur
1110 1399 1265 1439 paradisum
1278 1400 1445 1440 perdideras,
1453 1411 1505 1431 non
1519 1402 1613 1432 caelum
1627 1402 1677 1431 tibi

933 1452 1038 1475 tantum
1050 1445 1164 1487 largitus
1180 1453 1230 1483 est,
1247 1445 1295 1476 sed
1313 1453 1340 1476 et
1358 1447 1515 1486 paradisum
1528 1454 1554 1476 et
1568 1447 1673 1477 caelum.

935 1491 1033 1520 Hodie
1045 1501 1158 1521 meeum
1173 1492 1229 1522 eris
1246 1494 1278 1521 in
1292 1493 1443 1532 paradiso,
1458 1492 1546 1532 inquit
1561 1505 1567 1522 :
1582 1501 1613 1523 ut
1625 1504 1677 1523 non
1691 1502 1776 1525 Lne.23
1790 1503 1818 1531 ,’,ῑ’.

935 1536 1016 1567 modo
1026 1537 1164 1567 additione
1183 1539 1326 1579 majorum,
1341 1539 1388 1569 sed
1399 1539 1480 1569 etiam
1493 1550 1584 1569 rerum
1599 1540 1679 1569 amis-

935 1592 1026 1613 sarum
1035 1584 1236 1623 recuperatione
1244 1583 1378 1614 dolentem
1389 1585 1506 1614 animam
1516 1586 1675 1616 consoletur.

936 1628 991 1659 Sed
999 1629 1090 1660 adhoc
1097 1630 1186 1670 ipsum
1198 1631 1376 1671 propositum,
1384 1631 1407 1660 si
1418 1632 1517 1671 placet,
1526 1628 1675 1668 veniamus,

937 1675 1122 1713 aevideamus,
1132 1683 1272 1716 qnopaeto
1279 1677 1398 1716 linguam
1405 1677 1678 1717 perdiderimus.Non

937 1722 1010 1751 enim
1023 1722 1192 1752 mediocriter
1202 1723 1317 1763 conspret
1330 1723 1366 1752 ad
1378 1724 1545 1754 securitatem
1555 1725 1676 1755 historia.

938 1770 1008 1798 Nam
1016 1768 1064 1807 qui
1077 1768 1195 1808 pristinae
1209 1769 1360 1799 securitatis
1373 1770 1483 1799 modum
1503 1772 1639 1811 cognovit,
1652 1773 1679 1801 in

937 1814 1050 1853 reliquis
1063 1814 1166 1844 cautior
1176 1814 1258 1844 eritet
1264 1815 1393 1845 securior.
1402 1817 1498 1856 Opera!
1512 1818 1627 1857 pretium
1641 1826 1680 1848 est
1715 1828 1717 1831 ·

938 1867 1027 1890 autem
1041 1867 1071 1890 ut
1083 1859 1171 1889 omnia
1186 1860 1264 1890 vobis
1275 1861 1398 1891 dieantur
1413 1874 1419 1891 ε
1435 1863 1515 1901 quale
1528 1870 1567 1892 est
1576 1886 1584 1900 ‚
1600 1874 1679 1894 unam

938 1907 1020 1936 fuisse
1030 1906 1166 1946 quondam
1184 1907 1304 1936 omnium
1316 1907 1459 1938 hominum
1467 1908 1588 1948 linguam
1601 1917 1680 1949 atque

938 1952 966 1981 in
983 1951 1082 1982 multas
1101 1959 1192 1993 postea
1213 1952 1333 1983 divisam
1347 1963 1403 1984 esse
1419 1966 1425 1983 :
1441 1954 1476 1984 ad
1489 1955 1563 1994 quod
1574 1962 1679 1996 tempus

938 2008 1024 2037 usque
1037 2008 1091 2028 una
1102 1999 1193 2036 fuerit,
1205 2005 1231 2028 et
1243 1999 1351 2038 quando
1365 1999 1393 2029 in
1407 2000 1506 2030 multas
1517 2000 1678 2031 divisa'fue-

939 2044 988 2073 rit:
1003 2051 1030 2074 et
1040 2055 1106 2074 num
1116 2044 1164 2074 illa
1175 2044 1262 2074 deleta
1274 2045 1365 2082 fuerit,
1379 2052 1459 2085 atque
1478 2047 1538 2076 aliae
1555 2047 1677 2077 introdu-

940 2098 998 2127 ctae,
1008 2102 1041 2121 an
1051 2102 1114 2122 vero
1122 2099 1244 2122 manente
1257 2092 1304 2122 illa
1318 2092 1428 2132 reliqum
1439 2094 1493 2123 sint
1503 2094 1659 2125 introducta!
1670 2108 1676 2124 :

940 2148 1022 2177 quare
1041 2138 1150 2168 confusa
1173 2137 1270 2173 suerit,
1285 2144 1311 2167 et
1330 2147 1383 2176 qua
1397 2138 1432 2168 dc
1449 2150 1527 2169 eausa
1552 2153 1558 2169 :
1582 2141 1679 2170 deinde

940 2194 1055 2223 quanam
1063 2194 1098 2214 ex
1110 2183 1203 2213 multis
1222 2183 1296 2213 hisce
1312 2184 1412 2224 linguis
1423 2187 1510 2216 Vetus
1524 2187 1678 2216 Testamen-

940 2236 997 2259 tum
1009 2230 1188 2269 eonscriptum
1212 2229 1292 2259 fuerit
1308 2243 1314 2259 :
1331 2231 1389 2270 ejus
1405 2232 1476 2261 enim
1491 2233 1575 2272 gratia
1589 2233 1622 2262 de
1636 2234 1678 2262 his

939 2275 1064 2306 omnihus
1083 2285 1230 2305 sermonem
1249 2275 1430 2315 instituimus,
1446 2284 1537 2307 utrum
1552 2279 1598 2307 illa
1607 2280 1677 2307 'ami-

939 2320 1026 2359 quiori
1045 2330 1076 2348 ac
1092 2320 1194 2359 priori,
1215 2329 1248 2349 an
1262 2330 1327 2350 vero
1347 2320 1403 2349 illis
1427 2331 1486 2360 quae
1507 2329 1595 2361 postea
1618 2329 1678 2350 sunt

938 2365 1059 2395 invectae.
1078 2363 1130 2394 Sed
1152 2363 1233 2393 nolite
1253 2364 1363 2393 timere:
1379 2365 1502 2403 quamvis
1515 2365 1585 2394 enim
1599 2365 1678 2393 hodie

939 2415 1032 2438 cuncta
1044 2408 1155 2438 reddere
1176 2418 1228 2437 non
1249 2409 1392 2447 possimus,
1405 2409 1514 2438 omnino
1535 2415 1620 2436 tamen
1632 2419 1678 2437 ιω-Ἰ

938 2453 981 2483 bis
991 2459 1080 2493 postea
1091 2451 1243 2481 reddemus.
1255 2453 1310 2481 Cur
1326 2452 1477 2490 igitur-cum
1494 2452 1572 2481 hodie
1584 2460 1678 2481 cuncta

1493 2590 1525 2616 ιε’)
