1890 2826
689 216 846 240 marum
874 218 908 241 [N
934 218 1111 243 SYNOPSIN.
1603 212 1670 248 363

694 436 1106 522 DIATRJBA

535 586 590 623 ΙΝ
628 587 890 624 SYNOPSIN
919 589 1261 635 SEQUENTEM.

154 712 249 742 Exstat
266 711 323 742 haec
336 712 466 752 Synopsis
480 713 508 741 in
521 712 628 742 duobus
647 712 794 743 Codicibus
806 715 1005 755 manuscriptis,
1025 726 1142 754 quorum
1160 716 1228 746 alter
1249 726 1287 748 est
1305 719 1478 751 Bibliothecae
1493 723 1677 759 coislinianae,

114 758 180 787 olim
200 759 379 799 Seguerianae,
401 770 477 789 num.
499 761 568 797 588,
595 760 860 791 alterssihliothecae
880 762 1008 802 Lugduni
1029 762 1203 801 Batavorum,
1225 765 1291 795 olim
1312 768 1395 797 Isaaci
1415 770 1517 799 Vossii.
1541 771 1618 801 Prior
1642 779 1681 801 est

111 805 220 836 omnino
230 817 330 843 recens,
338 813 364 835 et
373 806 442 836 circa
455 807 640 847 typographiae
647 806 769 843 exordia,
778 807 825 836 scd
835 818 849 837 a
861 808 948 848 perito
960 819 1008 838 nec
1017 809 1124 839 indocto
1133 811 1220 840 scriba
1230 819 1356 842 exaratus
1364 813 1399 843 ad
1411 814 1492 844 fidem
1505 817 1663 856 antiquioris
1673 827 1678 844 ³

113 852 228 883 alterum
248 853 339 890 etiam,
354 853 402 882 etsi
422 863 475 884 non
488 854 596 884 licuerit
612 854 699 884 oculis
714 853 780 894 ipsis
798 854 952 894 explorare,
971 862 1103 885 recentem
1120 867 1227 895 quoque
1245 866 1323 898 puto,
1343 860 1448 899 fuitque
1465 862 1500 891 ab
1515 863 1679 903 irnperitiorc

111 909 275 930 mnanuense
290 899 441 941 descriptus
470 901 505 931 Hi
519 911 599 941 porro
618 901 742 937 Codices,
766 911 800 929 ne
814 901 893 930 ambo
913 901 1024 940 quidem
1044 909 1127 931 totam
1141 903 1275 943 Synopsin
1296 905 1522 945 complectuntur,
1542 909 1630 947 qualis
1644 911 1678 939 ab

111 954 219 976 auctore
232 947 358 976 adornata
374 947 474 982 suerat;
489 947 536 977 sed
550 947 578 976 in
589 947 643 977 alio
659 947 712 976 alia
724 946 854 976 deficiunt
859 958 868 985 ς
884 947 911 976 in
926 954 1040 986 utroque
1053 955 1142 978 autem
1158 955 1210 978 tota
1225 950 1295 979 Novi
1309 951 1471 982 Testamenti
1486 952 1617 994 Synopsis
1630 955 1676 984 de-

114 992 258 1024 sideratur.
274 993 455 1024 coislinianus
468 994 545 1024 initio
558 994 668 1023 exhibet
680 993 862 1033 praefationem
873 993 907 1022 ab
919 992 977 1033 ipso
989 994 1118 1033 scriptore
1131 996 1326 1034 concinnatam,
1342 1004 1367 1026 et
1384 999 1491 1038 optimae
1503 1009 1583 1039 notae,
1597 1013 1678 1041 quam

115 1040 287 1080 προθεωρίαν,
307 1041 522 1076 Protheoriam,
542 1039 677 1069 inscribit.
691 1040 754 1069 Haec
767 1046 856 1068 autem
873 1039 1021 1079 προθεωρία
1034 1046 1088 1069 tota
1104 1040 1179 1070 abest
1191 1052 1206 1070 a
1223 1041 1325 1071 Codice
1336 1044 1525 1086 Lugdunensi,¹
1546 1047 1679 1078 vicissim-

115 1097 168 1124 que
182 1085 370 1125 Lugdunensis
389 1086 474 1115 multa
496 1086 586 1123 habet,
608 1096 667 1124 quae
681 1085 709 1114 in
727 1084 892 1116 coisliniauo
912 1095 1021 1125 prorsus
1041 1085 1137 1116 desunt
1144 1098 1152 1124 ;
1173 1087 1301 1118 nimirum
1315 1090 1450 1130 Synopsin
1471 1092 1499 1121 in
1514 1094 1678 1131 Leviticum,

117 1133 262 1173 Epilogum
276 1133 304 1162 in
315 1134 450 1173 Synopses
465 1132 598 1162 librorum
612 1133 733 1171 Regum3
753 1133 888 1172 Synopses
902 1131 930 1161 in
943 1132 1152 1172 paralipomena,
1174 1134 1201 1163 in
1215 1135 1342 1174 Esdram,
1363 1137 1391 1166 in
1404 1138 1488 1168 libros
1506 1140 1614 1177 Esther,
1627 1142 1681 1171 To·
1705 1156 1710 1161 ¹

115 1179 177 1216 biae,
192 1180 299 1216 Judith,
313 1180 378 1216 Job,
394 1180 422 1208 in
438 1178 539 1208 librum
552 1179 705 1219 Sapientiae,
721 1178 749 1207 in
763 1178 917 1208 Proverbia.

157 1227 201 1257 Ex
213 1227 286 1257 hisce
298 1226 406 1256 duobus
426 1228 494 1256 Mss.
509 1226 599 1267 prodit
617 1227 747 1268 Synopsis
767 1227 868 1263 isthaec,
880 1226 908 1255 in
925 1237 979 1265 qua
993 1226 1122 1256 nonnulla
1135 1227 1215 1256 etiam
1229 1239 1263 1257 ex
1278 1230 1370 1259 Veteri
1387 1231 1555 1263 Testamento
1573 1233 1680 1264 deside-

115 1281 222 1313 rantur-3
244 1274 374 1304 nimirum
395 1274 526 1314 Synopsis
547 1274 725 1310 Psalmorum,
747 1280 773 1303 et
792 1273 912 1313 quinque
936 1273 1130 1313 Prophetarum
1147 1274 1291 1305 minorum.
1307 1276 1338 1305 In
1353 1284 1466 1317 utroque
1486 1290 1565 1319 porro
1583 1280 1681 1310 Codice

115 1321 245 1362 Synopsis
265 1321 363 1351 Joanni
383 1321 574 1361 chrysostomo
595 1320 726 1350 tribuitur
743 1332 749 1348 ε
767 1321 793 1350 in
808 1320 894 1349 titulis
913 1320 985 1349 enim
1004 1319 1165 1348 Coisliuiani
1184 1327 1210 1350 et
1226 1321 1415 1361 Lugdunensis
1435 1323 1542 1355 Codicis
1561 1326 1680 1366 Chryso-

114 1367 192 1397 atomi
206 1366 380 1404 essedicitur,
395 1374 424 1396 ut
438 1378 502 1396 mox
515 1366 629 1396 videbis.
645 1368 707 1398 Jam
719 1378 783 1398 vero
797 1366 939 1408 quaeritur,
952 1373 1043 1395 utrum
1055 1376 1116 1396 vere
1133 1366 1317 1407 chrysostomi
1327 1370 1372 1406 sit,
1386 1381 1477 1400 necne.
1492 1373 1598 1402 Isaacus
1612 1382 1682 1404 certe

116 1413 239 1448 Vossius,
255 1413 333 1453 cujus
349 1419 407 1442 erat
419 1412 512 1443 Codex
531 1412 576 1442 ille
596 1411 770 1442 Bibliothecae
784 1411 971 1452 Lugdunensis
985 1411 1127 1448 Batavicae,
1148 1422 1200 1441 non
1220 1414 1332 1453 putabat
1346 1426 1401 1445 esse
1423 1417 1622 1458 Chrysostomi,
1643 1428 1680 1449 tc-

114 1459 244 1490 stificante
263 1459 413 1490 Guillelmo
436 1461 508 1490 Cave
522 1459 550 1488 in
568 1459 684 1489 Historia
703 1470 751 1489 sua
770 1458 888 1489 literaria
908 1459 1024 1488 Genevae
1044 1468 1113 1488 anno
1135 1460 1211 1490 1705
1234 1460 1316 1498 edita,
1333 1462 1410 1502 cujus
1428 1463 1484 1493 haec
1505 1472 1566 1494 sunt
1586 1467 1679 1502 verba,

114 1519 146 1548 P,
161 1509 221 1539 215
237 1521 244 1537 ς
256 1521 268 1533 α
279 1507 361 1537 Extat
374 1507 469 1538 Graece
482 1517 531 1536 ms.
554 1506 582 1535 in
595 1506 763 1536 Bibliotheca
780 1507 914 1537 Vossiana
928 1506 979 1535 sub
993 1506 1180 1549 Chrysostomi
1195 1508 1446 1550 nominc-Synopsis
1462 1513 1567 1542 Veteris
1585 1514 1681 1542 Testa-

115 1554 211 1586 menti;
224 1553 273 1583 sed
285 1564 338 1583 non
352 1564 409 1583 esse
422 1552 569 1592 genuinum
582 1552 768 1593 Chrysostomi
783 1553 877 1582 foetum
891 1552 949 1592 ipse
963 1551 1031 1581 mihi
1041 1552 1108 1581 olim
1121 1553 1256 1583 consessus
1267 1562 1306 1584 est
1317 1555 1354 1584 cl.
1371 1557 1496 1587 Vossius.
1510 1570 1524 1586 n
1541 1560 1573 1587 At
1586 1559 1682 1598 opinor

116 1600 246 1630 Vossium
256 1600 313 1629 haec
323 1599 503 1640 perfunctorie
519 1599 626 1639 legisse,
640 1606 666 1628 et
676 1610 711 1629 ex
723 1599 788 1639 styli
806 1600 918 1629 fortasse
934 1599 1036 1628 ratione
1056 1598 1191 1628 calculum
1208 1600 1301 1630 tulisse
1320 1615 1325 1630 ι
1338 1613 1420 1640 quam
1429 1604 1492 1644 styli
1506 1605 1618 1634 sormam
1631 1616 1682 1634 non

115 1647 203 1687 potuit
216 1647 244 1676 in
262 1653 317 1676 tam
336 1645 525 1686 compendiosa
547 1646 699 1675 narratione
716 1645 928 1686 deprehendere.
944 1645 987 1674 Ad
1001 1645 1058 1674 haec
1078 1656 1143 1675 vero
1156 1645 1248 1676 Codex
1262 1646 1310 1676 ille
1330 1649 1479 1679 Vossianus
1498 1652 1680 1681 Protheoriam

115 1693 191 1723 illam
202 1693 230 1723 in
240 1694 327 1723 fronte
345 1693 497 1733 Synopseos
510 1692 624 1732 positam
640 1702 693 1721 non
707 1692 789 1721 habet
803 1704 810 1720 ε
823 1702 883 1731 quae
900 1702 963 1721 sane
976 1691 1124 1731 προθεωρία
1139 1698 1181 1721 sat
1200 1692 1306 1731 prolixa
1321 1700 1346 1722 ct
1362 1706 1377 1723 a
1391 1695 1478 1734 sagaci
1493 1696 1551 1726 viro
1571 1698 1680 1737 scripta,

114 1740 245 1781 quasdam
265 1739 420 1780 suppeditat
439 1745 515 1768 notas
532 1748 592 1777 quae
609 1738 801 1778 Chrysostomo
827 1737 962 1778 Synopsin
979 1737 1117 1767 vindicare
1129 1736 1264 1768 videntur.
1279 1739 1311 1768 In
1328 1739 1386 1779 ipsa
1397 1741 1477 1770 etiam
1494 1741 1611 1782 Synopsi
1629 1753 1681 1771 non

114 1797 199 1827 pauca
213 1792 367 1821 occurrunt,
382 1795 442 1824 quoe
454 1795 503 1824 pro
511 1783 702 1824 chrysostomo
719 1790 848 1824 pugnant.
863 1785 923 1814 Non
937 1794 967 1812 ea
981 1794 1061 1823 porro
1070 1789 1155 1812 mente
1169 1782 1225 1812 haec
1238 1792 1392 1823 argumenta
1405 1786 1577 1825 proferimus,
1590 1795 1618 1817 ut
1626 1789 1682 1818 sine

115 1834 170 1864 ulla
188 1843 299 1874 prorsus
312 1831 479 1862 dubitatione
500 1830 634 1871 Synopsin
649 1841 705 1860 esse
718 1830 902 1871 Chrysostomi
919 1837 1066 1860 statuamus
1082 1842 1088 1858 τ
1102 1838 1155 1859 non
1169 1829 1240 1859 enim
1258 1831 1370 1871 perinde
1382 1833 1469 1863 affecti
1484 1845 1589 1872 sumus,
1604 1842 1683 1874 atquc

115 1880 236 1911 nonnulli
258 1878 410 1919 scriptores,
426 1877 473 1916 qui
487 1888 521 1916 eal
534 1887 594 1916 quae
613 1887 647 1906 ex
666 1876 783 1906 tenebris
797 1882 909 1906 :eruunt
928 1875 962 1904 iis
975 1886 1043 1914 quos
1056 1881 1169 1904 tractant
1187 1876 1341 1907 auctoribus
1355 1877 1391 1908 ita
1406 1889 1521 1909 asserere
1541 1888 1681 1917 conantur,

114 1937 144 1960 ut
155 1929 259 1959 nullam
270 1927 401 1957 rationem
418 1927 515 1957 habere
533 1924 676 1956 videantur
688 1935 783 1955 eorum
796 1935 855 1964 quae
868 1929 981 1964 possunt
1000 1929 1092 1953 contra
1107 1922 1200 1963 objici.
1216 1923 1332 1954 Etiamsi
1345 1926 1417 1955 enirn
1429 1926 1485 1956 haec
1493 1938 1552 1966 quae
1567 1929 1682 1968 proferi-

114 1987 174 2005 mus
184 1975 274 2015 magni
286 1985 343 2004 esse
356 1973 484 2011 momenti
496 1972 671 2014 perspicuum
686 1971 764 2002 nobis
782 1971 817 2001 sit
833 1984 840 2000 z
856 1977 996 2008 antequam
1012 1969 1138 1998 ultimum
1151 1979 1182 1998 ea
1194 1969 1228 1999 de
1242 1981 1271 2000 re
1278 1971 1414 2011 judicium
1428 1979 1587 2011 statuamus,
1603 1985 1682 2014 argu-

114 2030 201 2053 menta
212 2029 300 2051 nostra
312 2020 418 2051 erudito
438 2020 531 2050 lectori
543 2019 639 2049 offerre
648 2019 738 2048 visum
752 2026 802 2056 est,
814 2025 844 2048 ut
857 2025 912 2047 tam
923 2016 1008 2054 illiuS,
1022 2026 1104 2055 quam
1120 2023 1209 2046 nostro
1219 2016 1325 2057 judicio
1338 2018 1405 2057 quid
1417 2019 1578 2049 censendum
1592 2020 1627 2050 sit
1641 2028 1683 2050 tu-

114 2068 167 2098 tius
186 2067 365 2098 affirmemus.

152 2114 273 2144 Primum
284 2113 368 2154 igitur
380 2117 569 2153 argumentum
583 2117 738 2139 mutuamur
751 2121 786 2140 ex
799 2110 872 2139 hisce
882 2109 1023 2150 postremis
1039 2108 1200 2139 Protheoriae
1214 2109 1316 2146 verbiS,
1333 2110 1379 2138 ubi
1393 2111 1509 2151 scriptor
1522 2122 1682 2143 enumerans

114 2160 186 2190 Novi
198 2159 359 2190 Testamenti
372 2159 469 2194 libros,
487 2163 633 2197 postremas
646 2156 722 2196 ponit
740 2163 794 2186 tres
817 2155 957 2196 Epistulas
974 2155 1130 2192 catholicas,
1145 2154 1191 2184 καὶ
1204 2157 1256 2184 τῶν
1271 2157 1418 2186 καθολικῶν
1432 2157 1589 2189 Ἐπιστολαὶ
1603 2165 1681 2200 τρεῖς,

115 2212 143 2235 et
157 2213 214 2236 tres
228 2216 264 2235 ex
278 2205 429 2234 catholicis
450 2203 604 2242 Epistolis.
619 2201 763 2232 Catholicae
781 2208 871 2230 autem
891 2208 953 2231 sunt
966 2201 1096 2242 Epistolae
1109 2207 1221 2241 septem,
1242 2211 1357 2240 quarum
1375 2209 1427 2233 tres
1446 2211 1551 2234 tantum
1565 2212 1682 2246 tempore

114 2251 300 2292 chrysostomi
320 2250 347 2281 in
362 2249 484 2280 Ecclesia
504 2248 678 2285 Antiochensi,
695 2247 773 2287 cujus
793 2247 840 2276 ille
859 2247 999 2287 presbyter
1018 2254 1084 2284 erat,
1103 2246 1311 2287 recipiebantur.
1333 2249 1402 2278 Nam
1420 2249 1483 2280 licet
1503 2251 1624 2291 Epistola
1643 2263 1682 2281 se-

115 2297 203 2328 cunda
214 2296 297 2331 Petri,
315 2294 431 2325 secunda
443 2301 469 2324 et
483 2294 562 2324 tertia
582 2294 704 2331 Joannis,
720 2300 800 2332 atque
813 2293 936 2334 Epistola
953 2294 987 2323 B.
1002 2293 1080 2324 Judae
1103 2293 1216 2333 apostoli
1230 2293 1299 2323 inter
1313 2304 1491 2327 sacrosanctas
1504 2305 1530 2327 et
1544 2299 1682 2328 canonicas

114 2344 262 2385 scripturas
274 2353 290 2372 a
300 2340 392 2371 multis
406 2341 464 2381 jam
478 2340 584 2370 saeculis
594 2351 641 2380 per
659 2346 741 2369 totam
759 2339 868 2369 omnino
882 2339 1031 2370 Ecclesiam
1045 2339 1219 2379 recipiantur,
1241 2339 1377 2379 prioribus
1389 2348 1474 2371 tamen
1493 2343 1618 2372 Ecclesiae
1632 2354 1682 2372 sae—

115 2391 184 2423 culis
194 2391 251 2420 istae
265 2394 380 2428 quatuor
399 2386 527 2427 Epistolae
540 2397 593 2416 non
608 2387 636 2416 in
655 2386 781 2416 omnibus
795 2385 924 2416 Ecclesiis
936 2393 966 2415 ut
984 2385 1116 2416 canonicae
1133 2384 1342 2415 admittebantur
1354 2398 1360 2415 :
1374 2388 1496 2426 quaedam
1509 2388 1579 2418 enim
1597 2397 1681 2426 erant,

115 2438 163 2468 etsi
177 2446 279 2478 paucae,
294 2444 354 2474 quae
377 2433 439 2462 illas
458 2443 511 2462 non
533 2432 718 2468 admittebant,
732 2439 762 2461 ut
775 2431 869 2462 videas
884 2431 958 2472 apud
976 2433 1084 2462 Sixtum
1102 2433 1243 2462 Senensem
1259 2431 1328 2461 libro
1343 2433 1430 2472 primo
1450 2434 1476 2462 in
1495 2434 1547 2462 fine
1560 2435 1682 2464 sectionis

115 2483 247 2515 secundae.
266 2482 321 2514 Sed
331 2493 346 2511 a
360 2481 477 2511 maxima
490 2480 635 2510 Orientalis
655 2479 779 2509 Ecclesiae
800 2485 886 2519 parte,
900 2486 926 2508 et
937 2490 952 2509 a
965 2486 1019 2509 toto
1033 2490 1100 2520 pene
1111 2477 1257 2509 Occidente
1276 2478 1345 2507 inter
1362 2479 1500 2509 canonicos
1520 2480 1603 2509 libros
1617 2491 1681 2510 cen-

115 2531 255 2568 sebantur5
271 2529 339 2559 inter
354 2528 437 2558 libros
457 2526 583 2557 videlicet
602 2525 721 2562 divinos,
743 2525 868 2555 canonice
886 2525 1012 2566 scriptos,
1032 2525 1144 2555 traditos
1155 2532 1180 2555 et
1196 2527 1321 2561 creditos,
1336 2527 1423 2566 inquit
1441 2537 1553 2565 magnus
1567 2528 1613 2557 illc
1628 2529 1680 2557 Er.-

115 2577 301 2618 clesiaejraeoe
320 2575 492 2611 Athanasius,
505 2574 553 2613 qni
574 2572 719 2603 catholicas
733 2573 867 2612 Epistulas
878 2579 978 2612 septem
1000 2574 1030 2602 in
1051 2573 1161 2602 illorum
1173 2582 1284 2601 numero
1302 2573 1380 2601 locat.
1398 2575 1432 2601 At
1453 2573 1570 2603 Ecclesia
1587 2576 1682 2604 Antio-

117 2625 200 2655 chena
219 2630 337 2663 quatuor
360 2623 420 2651 illas
444 2632 524 2662 supra
548 2627 703 2650 memoratas
728 2619 862 2659 Epistolas
882 2619 992 2649 Joannis
1017 2619 1201 2658 Chrysostomi
1223 2625 1339 2657 tempore
1366 2629 1415 2647 non
1446 2618 1612 2658 :iduum-bat,
1636 2624 1692 2652 imo
