1890 2826
709 185 744 207 {N
774 183 903 216 ιεΑιΛΜ,
931 183 1007 206 ΟΑΡ.
1039 183 1084 207 v1.
1630 174 1675 223 75

117 250 212 290 Κύριον
239 249 394 289 καθήμενον.
411 249 480 282 Θεὸς
502 247 529 277 δὲ
550 249 579 277 οὗ
598 247 728 283 κάθηται·
750 245 881 284 σωμάτων

114 295 166 335 γὰρ
184 297 199 324 ὃ
218 295 412 335 σχηματισμός.
434 294 487 324 Καὶ
508 294 558 334 οὐχ
578 293 686 328 ἁπλῶς,
708 291 879 330 Καθήμενον,

114 342 172 371 ἀλλ’
194 341 259 371 Ἐπὶ
278 341 377 382 θρόνου.
391 342 460 375 Θεὸς
473 340 501 370 δὲ
516 342 545 370 οὗ
559 339 710 379 περιέχεται
719 350 725 356 ·
739 339 796 370 πῶς
808 337 859 377 γὰρ
870 358 878 372 ,

112 389 127 416 ὁ
144 390 280 427 πανταχοῦ
298 387 399 428 παρὼν,
418 387 465 417 καὶ
480 386 515 415 τὰ
527 385 615 415 πάντα
628 385 747 423 πληρῶν,
762 379 791 412 οὗ
805 384 832 412 ἐν
845 385 879 422 τῇ

113 433 182 473 χειρὶ
195 434 229 463 τὰ
246 433 348 474 πέρατα
368 435 415 469 τῆς
433 435 500 473 γῆς;
518 432 600 462 ”Οθεν
614 432 702 466 δῆλον,
716 429 757 459 ὅτι
778 440 879 468 συγκα-

112 478 223 513 retexat<
233 475 266 516 ἦν
277 479 308 509 τὸ
321 479 462 520 ὁρώμεναι.
475 478 555 508 Οὕτω
567 480 630 517 γοῦν
643 476 730 515 ἕτερος
743 474 881 515 προφήτης

114 525 289 565 αἰνιττόμενος
311 526 400 565 ἔλεγεν
418 526 449 554 ἐκ
467 523 610 564 προσώπου
634 525 680 552 τοῦ
702 523 772 551 Θεοῦ
785 533 792 539 ·
807 520 880 560 Ἐγὼ

114 571 216 611 δράσεις
228 571 360 608 ἐπλήθυνα
372 594 380 607 ,
395 571 529 607 τουτέστι,
546 569 675 610 διαφόρως
686 568 789 608 ὤφθην.
804 568 839 597 Εἰ
852 565 880 596 δὲ

114 618 181 654 αὐτὴ
192 620 210 653 ἡ
220 617 296 647 οὖσία
305 617 392 657 γυμνὴ
404 617 532 657 ἐφαίνετο,
542 618 590 646 οὐκ
601 615 632 645 ἂν
645 614 781 655 διαφόρως
788 614 880 653 ἐφάνη·

114 665 173 693 ἀλλ’
186 663 295 700 ’ἐπειδὴ
311 663 538 703 συγκαταὸαίνων,
550 665 595 692 νῦν
611 662 658 702 μὲν
669 661 754 701 τούτῳ
767 662 805 700 τῷ
818 659 879 700 τρό-

113 721 166 749 πῳ,
185 713 230 739 νῦν
253 711 280 739 δὲ
300 710 391 750 ἐκείνῳ
404 714 458 743 τοῖς
470 709 617 749 προφήταις
634 707 725 737 ἑαυτὸν
744 707 858 736 ἐδείκνυε
871 727 879 741 ,

113 756 285 792 καταλλήλως
305 761 358 790 τοῖς
383 755 563 794 ὖποκειμένοις
588 758 687 794 καιροῖς
708 752 879 793 σχηματίζων

114 801 160 835 τὰς
170 801 256 841 ὄψεις,
271 801 314 831 διὰ
327 801 404 832 τοῦτό
417 814 496 842 φησιν
504 813 511 820 ·
531 800 655 840 ‘opio-sm
668 799 803 835 ἐπλήθυνα
812 821 820 834 ,
834 798 879 827 καὶ

114 848 141 876 ἐν
165 848 241 888 χερσὶ
262 851 404 888 προφητῶν
426 847 576 887 ὥμοιώθην.
605 847 667 885 Οὐχ
689 845 780 885 ὥσπερ
797 845 880 883 ἤμην,

114 894 221 933 ἐφάνην,
241 895 329 934 φησὶν,
349 895 408 924 ἀλλ’
422 894 561 932 ὡμοιώθην
577 893 643 932 πρὸς
656 894 721 931 ὅπερ
734 893 797 920 ἰδεῖν
813 890 879 926 ἠδύ-

114 951 192 970 ναντο
204 941 228 969 οἱ
242 944 407 980 θεωροῦντες.
422 939 505 980 ςΟρᾷς
521 942 584 979 γοῦν
598 937 676 968 αὐτὸν
696 940 741 966 νῦν
764 937 812 976 μὲν
829 948 879 966 κα-

113 986 236 1026 θήμενον,
262 989 307 1015 νῦν
327 986 354 1016 δὲ
378 985 557 1024 ὡπλισμένον,
583 987 628 1014 νῦν
645 984 672 1013 δὲ
692 984 771 1023 τρίχα
786 984 881 1012 πολιὰν

113 1032 223 1072 ἔχοντα,
245 1035 290 1061 νῦν
303 1032 337 1061 δὲ·
350 1033 377 1061 ἐν
400 1032 483 1071 αὔρᾳ,
497 1033 542 1059 νῦν
556 1030 583 1059 δὲ
603 1031 631 1059 ἐν
650 1029 732 1069 πυρὶ,
751 1032 796 1058 νῦν
811 1029 838 1058 δὲ
852 1030 882 1057 ἐκ

113 1080 166 1107 τῶν
179 1077 305 1107 ὀπισθίων
322 1077 487 1117 φαινόμενον,
501 1080 544 1105 νῦν
561 1076 588 1105 δὲ
603 1076 647 1105 ἐπὶ
659 1077 712 1104 τῶν
727 1073 864 1114 Χερουὸὶμ
874 1101 881 1114 ,

114 1123 159 1153 καὶ
179 1123 245 1162 πρὸς
259 1124 422 1162 μεταλλικῶν
437 1124 506 1151 ὑλῶν
519 1121 697 1161 λαμπρότητα
717 1122 769 1148 τῶν
784 1121 881 1159 διαφα-

114 1169 246 1199 νεστάτων
267 1168 316 1204 τὴν
337 1168 396 1208 ὄψιν
418 1166 643 1206 ἐξεικονιζόμενον.
668 1165 746 1198 Τίνος
768 1164 815 1203 μὲν
838 1160 882 1193 οῧν

115 1215 200 1244 ἕνεκεν
214 1217 259 1243 νῦν
278 1214 325 1253 μὲν
345 1213 510 1252 ὡπλισμένος
523 1212 644 1252 φαίνεται
657 1211 702 1241 καὶ
714 1210 883 1250 ᾑμαγμένος,

114 1263 159 1289 νῦν
174 1260 201 1289 δὲ
221 1262 248 1289 ἐν
265 1262 304 1299 τῷ
325 1259 406 1298 πυρὶ,
430 1262 476 1287 νῦν
489 1259 519 1289 δὲ
541 1258 575 1287 τὰ
589 1257 697 1287 ὀπίσθια
711 1255 824 1291 δεικνὺς,
838 1258 884 1284 νῦν

113 1306 141 1335 δὲ
162 1307 190 1335 ἐν
202 1307 315 1345 ὠρανῷ,
330 1308 375 1334 νῦν
390 1305 417 1334 δὲ
439 1306 466 1333 ἐν
479 1303 571 1344 θρόνῳ,
585 1306 628 1332 νῦν
644 1302 672 1331 δὲ
689 1301 734 1331 ἐπὶ
754 1304 807 1330 τῶν
827 1301 882 1330 Χε-

114 1352 209 1392 ρουὸὶμ
219 1374 228 1387 ,
244 1352 274 1381 οὐ
291 1353 336 1380 τοῦ
351 1351 478 1391 παρόντος
496 1350 527 1379 ἂν
541 1349 581 1385 εἴη
594 1350 681 1388 λέγειν
693 1351 802 1387 καιροῦ,
813 1346 882 1377 ὥστε

114 1399 151 1437 μὴ
176 1399 207 1428 τὸ
229 1398 360 1438 πάρεργον
380 1399 426 1426 τοῦ
449 1395 525 1436 ἔργου
545 1395 666 1435 γενέσθαι
685 1396 783 1434 μεῖζον.
808 1393 882 1427 Τέως

113 1443 141 1473 δὲ
154 1445 296 1483 ἀναγκαῖον
312 1442 379 1482 ὖπὲρ
392 1444 441 1477 τῆς
453 1441 587 1482 παρούσης
606 1441 690 1480 ὅψεως
704 1441 881 1479 διαλεχθῆναι.
897 1466 920 1485 ⁵5

111 1489 213 1523 1’Τίνος
233 1486 278 1519 οὖν
293 1490 380 1519 ἕνεκεν
393 1490 462 1518 οὕτω
477 1488 598 1528 φαίνεται
611 1490 656 1516 νῦν
669 1487 714 1517 ἐπὶ
726 1486 816 1526 θρόνου
831 1498 879 1516 κα·
898 1495 918 1517 Α

113 1537 238 1576 θήμενος,
259 1535 304 1565 καὶ
323 1535 390 1574 μετὰ
411 1536 464 1564 τῶν
478 1533 618 1574 Σεραφίμ;
631 1533 805 1573 Ἀνθρώπινον
826 1533 882 1566 ἔθος

113 1587 251 1621 μιμεῖται,
278 1581 368 1617 ἐπειδὴ
392 1580 437 1610 καὶ
457 1580 522 1620 πρὸς
548 1579 699 1619 ἀνθρώπους
718 1575 750 1614 ἦν
770 1581 784 1608 ὁ
806 1578 882 1618 λόγος

113 1629 194 1668 αὐτῷ.
209 1627 321 1663 Ἐπειδὴ
344 1626 396 1666 γὰρ
414 1626 544 1666 ἀπόφασιν
563 1625 682 1665 ἐκφέρειν
702 1624 793 1666 μέλλει
813 1624 880 1663 ὑπὲρ

115 1674 236 1713 μεγάλων
258 1672 423 1712 πραγμάτων
447 1672 491 1700 καὶ
511 1674 558 1706 τῆς
581 1667 735 1709 οἰκουμένης
756 1670 878 1706 ἁπάσης,

114 1719 154 1748 ἔτι
176 1718 204 1748 δὲ
221 1718 266 1748 καὶ
286 1717 348 1757 περὶ
367 1718 419 1746 τῶν
441 1716 640 1756 Ἱεροσολύμων,
661 1715 706 1746 καὶ
720 1716 815 1750 διπλῆν
839 1715 879 1744 τί-

114 1767 176 1800 θησι
187 1765 288 1804 ψῆφον,
307 1762 357 1798 τὴν
371 1762 420 1802 μὲν
432 1763 540 1791 κόλασιν
554 1764 587 1801 τῇ
603 1761 680 1791 πόλει
692 1761 821 1800 φέρουσαν
835 1760 880 1790 καὶ

113 1812 152 1849 τῷ
172 1811 240 1840 ἔθνει
260 1809 360 1844 παντὶ,
383 1808 431 1844 τὴν
455 1808 483 1837 δὲ
506 1808 655 1848 εὒεργεσίαν
669 1809 702 1846 τῇ
722 1806 880 1846 οἰκουμένῃ,

113 1855 159 1885 καὶ
173 1856 289 1895 μεγάλας
303 1854 532 1894 ἐπαγγελλομένην
546 1852 654 1886 ἐλπίδας
668 1852 802 1891 καὶτιμὰς
815 1854 880 1882 ἀθα-

113 1913 213 1934 νατους.

153 1947 232 1981 Ἔθος
254 1946 282 1976 δὲ
303 1950 358 1980 τοῖς
381 1945 514 1980 δικάζουσι
533 1947 618 1973 ταῦτα
631 1947 715 1973 ποιεῖν
728 1943 765 1983 μὴ
778 1944 880 1984 λάθρᾳ,

116 1995 174 2023 ἀλλ’
195 1994 235 2033 ἐφ’
255 1993 357 2032 ὑψηλοῦ
377 1994 423 2021 τοῦ
447 1990 565 2030 βήματος
588 1988 750 2026 καθημένους
763 2012 771 2026 ,
794 2001 880 2029 παρε-

116 2040 222 2069 στώτων
241 2038 380 2073 ἁπάντων,
399 2036 444 2067 καὶ
453 2038 509 2066 ’τῶν
523 2035 774 2075 παραπετασμάτων
789 2037 882 2065 συνελ-

117 2085 234 2124 κομένων
249 2087 326 2113 τοῦτο
347 2082 442 2113 mietio:
454 2081 570 2114 Τούτους
588 2081 633 2110 καὶ
648 2080 726 2115 αὐτὸς
748 2081 881 2120 μιμούμε-

117 2144 159 2166 νος
178 2131 343 2172 παρέστησεν
360 2132 432 2170 αὑτῷ
451 2129 486 2159 τὰ.
507 2127 647 2169 Σιραφὶμ,
667 2127 712 2157 καὶ
727 2129 767 2168 ἐφ’
781 2129 881 2167 ὑψηλοῦ

119 2177 231 2213 κάθηται
250 2176 351 2217 θρόνου,
370 2175 415 2206 καὶ
435 2175 504 2205 οὕτω
516 2175 564 2211 τὴν
578 2174 709 2214 ἀπόφασιν
729 2173 828 2209 ταύτην
839 2175 882 2203 ἐκ-

122 2222 202 2262 φέρει.
222 2223 275 2252 Καὶ
294 2222 338 2252 ἵνα
357 2221 442 2261 μάθῃς
453 2244 461 2258 ,
474 2221 515 2251 ὅτι
536 2222 587 2262 οὐχ
600 2221 700 2260 ὑποψία
712 2221 743 2250 τὸ
756 2225 883 2260 πρᾶγμα,

123 2267 191 2297 ἀλλὰ
211 2271 295 2298 ταῦτα
309 2268 365 2301 100<
389 2269 481 2308 αὐτῷ,
506 2267 553 2297 καὶ
574 2267 602 2302 ἐξ
633 2267 722 2306 ἑτέρου
748 2266 883 2307 προφήτου

123 2315 198 2341 τοῦτο
224 2312 383 2351 πειράσομαι
403 2315 512 2348 ποιῆσαι
540 2312 659 2352 φανερόν.
684 2311 737 2341 Καὶ
763 2311 815 2351 γὰρ
842 2311 885 2341 ἐπὶ

122 2360 168 2387 τοῦ
190 2358 300 2394 Δανιὴλ,
321 2357 411 2394 ἐπειδὴ
435 2358 480 2387 καὶ
501 2359 556 2387 ἐκεῖ
576 2357 662 2397 ψῆφόν
685 2369 744 2386 τινα
768 2357 885 2397 μεγάλην

123 2403 240 2443 ἐκφέρειν
259 2402 353 2442 ἔμελλε
372 2403 433 2443 περὶ
450 2403 584 2433 κολάσεων
606 2403 650 2432 καὶ
669 2404 802 2442 τιμωριῶν
817 2403 882 2433 Ἰου-

123 2450 219 2479 δαϊκῶν
242 2449 287 2479 καὶ
307 2450 360 2478 τῶν
375 2450 479 2488 ἀγαθῶν
495 2451 548 2479 τῶν
570 2448 717 2488 μελλόντων
743 2451 776 2488 τῇ
798 2450 885 2479 οἰκου-

157 2549 167 2558 ·
185 2539 226 2564 Sic
239 2539 380 2564 novar-icus.
394 2537 441 2562 Alii
453 2546 512 2563 vero
526 2538 563 2564 οὖν
575 2541 723 2564 καταὸαἰνων.

158 2578 170 2596 ⁹·
188 2578 248 2610 Reg.
260 2582 285 2602 et
297 2576 373 2603 savit.
388 2581 444 2606 τίνος
456 2578 492 2603 οὖν
504 2580 583 2603 tuum.
598 2578 628 2602 In
642 2576 729 2604 »tm-el.
743 2578 780 2603 οὖν
795 2577 878 2605 desim

933 245 1007 274 Deus
1020 252 1108 274 autem
1122 255 1174 275 non
1194 246 1268 276 sedet
1289 259 1295 275 z
1313 246 1369 276 haee
1388 247 1489 288 quippe
1507 248 1592 287 figura
1613 260 1675 278 eor-

932 301 1030 330 porum
1049 298 1098 320 est.
1114 293 1149 321 At
1163 302 1215 321 non
1230 292 1322 330 modo,
1336 294 1500 331 sedentem,
1517 295 1574 331 sed,
1586 296 1678 335 Super

936 337 1052 366 solium.
1066 338 1138 366 Deus
1145 348 1209 367 vero
1218 348 1271 367 non
1278 339 1429 368 continetur
1440 353 1446 368 :
1457 341 1592 379 quomodo
1605 342 1677 371 enim

935 383 1063 413 contineri
1082 385 1176 424 possit,
1190 385 1237 423 qui
1255 385 1356 425 ubique
1369 385 1454 423 adest,
1478 393 1504 416 et
1521 389 1610 417 omnia
1624 390 1676 418 im-

936 429 1002 468 plet,
1026 431 1064 458 In
1083 432 1164 470 cujus
1185 441 1274 460 manu
1293 438 1362 461 sunt
1374 433 1452 472 fines
1473 437 1575 462 terrae?
1598 436 1678 465 Unde
1696 444 1827 476 Psnl,94.4

937 475 1025 514 palam
1053 483 1093 505 est
1120 476 1149 506 id
1172 477 1245 515 quod
1270 477 1429 514 videbatur,
1456 490 1490 508 ex
1518 487 1678 521 attempera-

936 522 1008 552 tione
1030 522 1147 561 quadam
1166 524 1258 554 fuisse.
1280 525 1326 555 Sic
1352 525 1435 565 igitur
1456 526 1524 556 alter
1549 529 1679 568 propheta

936 578 970 598 ex
985 579 1096 608 persona
1115 570 1165 599 Dei
1178 570 1351 601 subindicans
1361 571 1467 601 dioebat
1485 586 1495 601 .-
1510 575 1575 613 Ego
1588 577 1678 604 visio·
1691 592 1755 612 ΟΜ,
1780 596 1813 610 ,2,

938 625 987 644 nes
1002 616 1215 655 multiplicavi,
1239 616 1268 646 id
1293 624 1346 653 est,
1369 618 1482 647 Diverso
1503 619 1583 649 modo
1605 621 1679 651 visus
1694 628 1727 643 ¹0>

936 671 1006 691 sum.
1021 661 1051 691 Si
1071 672 1153 701 porro
1177 664 1234 702 ipsa
1255 664 1403 693 substantia
1426 664 1497 694 nuda
1521 668 1678 706 apparebat,

936 717 988 736 non
996 707 1104 738 diverso
1117 709 1197 738 modo
1208 709 1351 739 videbatur
1363 722 1370 739 ι
1386 710 1431 739 sed
1446 711 1508 750 quia
1519 712 1681 745 descendens

934 763 1005 783 nunc
1016 754 1064 783 illo
1075 765 1147 784 nune
1157 755 1211 784 alio
1223 755 1304 785 modo
1315 757 1453 796 prophetis
1466 758 1583 798 seipsum
1597 768 1681 790 osten-

934 797 1026 833 debat,
1047 799 1214 838 temporibus
1233 807 1422 840 congruentem
1435 801 1550 841 figuram
1569 815 1620 842 qua
1637 805 1679 833 vi-

935 841 1044 871 deretur
1056 852 1204 881 assumens,
1217 843 1278 873 ideo
1291 844 1358 874 dicit
1373 858 1379 874 z
1395 846 1527 876 Visiones
1542 849 1678 888 multipli-

936 889 1012 924 cavi,
1034 894 1061 917 et
1082 890 1113 917 in
1126 891 1261 919 manibus
1277 892 1482 929 prophetarum
1503 895 1682 924 assimilatus

937 945 1012 963 sum.
1033 935 1093 964 Non
1118 935 1188 967 sicut
1209 946 1293 971 eram,
1315 938 1487 976 apparebam,
1512 939 1611 978 inquit,
1635 941 1683 970 sed

935 980 1097 1010 assimilatus
1116 981 1140 1010 ei
1153 982 1255 1018 formae,
1277 992 1357 1020 quam
1370 985 1578 1023 contemplantes
1591 986 1683 1016 videre

936 1033 1068 1066 poterant.
1080 1026 1165 1056 Vides
1175 1027 1258 1065 igitur
1269 1027 1358 1066 ipsum
1369 1039 1441 1058 nuuc
1451 1029 1596 1068 sedentem,
1611 1043 1682 1063 nunc

936 1078 1077 1107 armatum,
1090 1082 1160 1101 nunc
1170 1072 1244 1101 canis
1253 1073 1370 1112 capillis,
1382 1075 1463 1104 modo
1474 1076 1501 1105 in
1509 1087 1590 1114 nura,
1602 1079 1682 1108 modo

937 1117 965 1146 in
985 1117 1153 1159 ignennunc‘
1170 1129 1185 1146 a
1205 1125 1279 1157 tergo
1301 1129 1472 1159 apparentem
1486 1145 1494 1158 ‚
1512 1134 1583 1154 nunc
1602 1136 1682 1166 super

936 1163 1092 1199 Cherubim,
1112 1170 1137 1192 et
1150 1163 1187 1193 ad
1205 1164 1400 1195 metallicarum
1413 1168 1585 1199 materiarum
1598 1173 1682 1213 magis

937 1208 1134 1248 pellucidamm
1157 1208 1327 1247 splendorem
1349 1210 1494 1251 imaginem
1511 1216 1676 1246 conforman-

936 1260 999 1283 tem.
1020 1255 1077 1284 Cur
1095 1264 1159 1293 ergo
1180 1254 1261 1283 modo
1283 1263 1400 1286 armatus
1420 1267 1530 1298 apparet
1543 1268 1568 1290 et
1587 1272 1682 1292 cruore

935 1311 1110 1340 conspersus,
1130 1300 1277 1339 aliqnando
1293 1301 1321 1331 in
1340 1302 1416 1341 igne,
1435 1305 1515 1334 modo
1534 1308 1680 1346 posteriora

935 1346 1086 1382 ostendens,
1110 1346 1191 1376 modo
1213 1347 1241 1376 in
1259 1348 1336 1385 caelo,
1355 1349 1436 1383 modo
1457 1351 1485 1380 in
1505 1352 1588 1389 solio,
1610 1365 1681 1385 nunc

935 1404 999 1424 vero
1021 1405 1101 1434 super
1122 1393 1270 1423 Cherubim
1282 1417 1291 1430 ,
1314 1405 1367 1424 uon
1390 1399 1527 1437 praesentis
1553 1402 1680 1441 temporis

935 1440 1017 1469 fuerit
1034 1439 1135 1474 dicere,
1158 1450 1192 1469 ne
1214 1440 1387 1471 corollarium
1410 1443 1456 1472 fiat
1477 1455 1556 1485 opere
1580 1448 1677 1487 majus.

935 1486 1044 1516 Interim
1064 1495 1152 1525 operae
1165 1485 1281 1524 pretium
1294 1487 1375 1517 fuerit
1387 1488 1422 1517 de
1440 1492 1563 1529 praesenti
1577 1493 1678 1523 visione

933 1531 1074 1564 disserere.
1085 1532 1142 1561 Cur
1154 1542 1217 1571 ergo
1231 1542 1303 1562 nunc
1314 1533 1354 1563 sic
1364 1543 1474 1575 apparet
1486 1547 1568 1577 super
1579 1539 1677 1569 solium

934 1577 1041 1613 sedens,
1053 1584 1079 1606 et
1091 1588 1154 1607 cum
1167 1578 1328 1617 Seraphim?
1341 1581 1494 1611 Humanum
1505 1594 1604 1614 morem
1620 1586 1677 1615 imi—

933 1630 1017 1660 tatur,
1035 1624 1099 1662 quia
1112 1633 1174 1652 eum
1187 1623 1343 1655 hominibus
1356 1636 1443 1656 sermo
1456 1627 1508 1668 ipsi
1522 1636 1589 1659 erat.
1605 1632 1677 1667 Quia

934 1669 1005 1699 enim
1023 1669 1178 1698 sententiam
1197 1669 1352 1708 prolaturus
1371 1679 1410 1701 est
1423 1673 1457 1703 de
1476 1677 1579 1714 magnis
1597 1678 1677 1707 rebus

933 1715 1021 1753 deque
1034 1721 1089 1744 toto
1101 1721 1234 1743 terrarum
1248 1716 1313 1745 orbe
1321 1739 1328 1752 ,
1343 1717 1506 1758 insuperque
1517 1721 1552 1750 de
1569 1723 1676 1752 Jeroso-

934 1761 1027 1800 lymis,
1048 1760 1184 1800 duplicem
1197 1762 1297 1799 profert
1320 1765 1486 1802 sententiam,
1501 1767 1611 1797 alteram
1623 1780 1675 1808 qua

934 1816 1040 1846 poenam
1057 1804 1177 1835 decernit
1190 1806 1252 1835 urbi
1270 1813 1296 1836 et
1317 1809 1387 1847 genti
1401 1810 1467 1848 πού,
1486 1811 1596 1842 alteram
1617 1825 1676 1853 quae

937 1851 1097 1881 beneficium
1110 1851 1170 1880 orbi
1181 1858 1324 1889 terrarum,
1338 1864 1514 1895 magnamque
1527 1868 1601 1898 spem
1613 1861 1676 1899 pol-

935 1897 1041 1934 licetur,
1059 1904 1085 1926 et
1098 1896 1211 1928 honores
1224 1898 1396 1929 immortales.

973 1945 1005 1975 2.
1026 1945 1088 1973 Mos
1100 1949 1140 1972 est
1157 1950 1246 1973 autem
1260 1943 1400 1983 judicibus
1412 1946 1470 1977 haec
1488 1958 1540 1979 non
1551 1951 1621 1981 elam
1635 1953 1674 1982 sa-

934 1999 1002 2025 eere,
1018 1989 1066 2021 sed
1086 1989 1114 2018 in
1137 1989 1242 2019 excelso
1262 1990 1392 2021 tribunali
1405 1993 1536 2032 sedentes,
1551 2000 1676 2028 omnibus

935 2035 1100 2066 adstantibus
1113 2041 1139 2065 et
1151 2036 1293 2066 contractis
1313 2038 1389 2068 velis.
1409 2041 1465 2070 Hos
1484 2042 1590 2074 imitans
1603 2047 1676 2075 Deus

934 2081 988 2111 sibi
1002 2081 1153 2114 Cherubim
1172 2081 1276 2112 adstare
1285 2082 1377 2122 jussit,
1398 2092 1424 2114 et
1443 2086 1471 2115 in
1483 2089 1588 2119 excelso
1609 2091 1677 2120 solio

934 2126 1018 2165 sedet,
1033 2126 1125 2166 sicque
1140 2127 1296 2157 sententiam
1316 2128 1384 2159 hanc
1403 2133 1514 2171 profert.
1532 2135 1568 2164 Et
1591 2143 1621 2165 ut
1635 2137 1677 2166 di-

936 2183 993 2205 sca
1012 2183 1069 2203 rem
1091 2182 1144 2202 non
1164 2174 1318 2214 conjectura
1341 2183 1445 2207 tantum
1464 2179 1525 2216 niti,
1545 2181 1593 2210 sed
1606 2182 1678 2212 hunc

935 2219 978 2251 illi
1000 2229 1102 2250 morem
1123 2219 1217 2256 fuisse,
1236 2231 1271 2250 ex
1293 2222 1347 2251 alio
1370 2233 1477 2263 quoque
1496 2227 1625 2267 propheta
1649 2229 1678 2258 id

938 2265 1028 2305 palam
1039 2265 1125 2295 facere
1138 2266 1253 2296 tentabo.
1265 2268 1335 2298 Nam
1353 2269 1427 2308 apud
1441 2272 1593 2310 Danielem,
1608 2285 1677 2312 quo·
1692 2288 1750 2310 Dan.
1760 2295 1781 2317 7·

938 2311 1011 2340 niam
1036 2311 1076 2340 ibi
1107 2311 1187 2340 ctiam
1211 2314 1367 2344 sententiam
1390 2317 1534 2354 quamdam
1558 2329 1679 2358 magnam

939 2357 1094 2397 prolaturus
1108 2364 1163 2386 erat
1177 2358 1246 2388 circa
1260 2360 1393 2399 supplicia
1413 2369 1439 2390 et
1453 2363 1565 2393 ultiones
1580 2366 1597 2394 J
1600 2364 1682 2395 udaeis

942 2403 1102 2440 inferenti-¹³⁵,
1118 2410 1145 2433 et
1158 2403 1227 2433 circa
1241 2405 1316 2438 bona,
1325 2417 1383 2444 quae
1395 2408 1455 2436 orbi
1474 2415 1605 2439 terrarum
1617 2421 1683 2440 con-

942 2449 1050 2479 ferenda
1062 2456 1146 2487 erant,
1160 2450 1258 2480 solium
1271 2462 1378 2491 quoque
1390 2461 1499 2493 apparet
1513 2455 1684 2494 splendidum

931 2537 974 2564 sed
992 2539 1033 2564 hic
1045 2538 1210 2572 desideratur,
1224 2546 1249 2565 et
1261 2540 1408 2566 'rilmannus
1417 2541 1483 2575 legit.
