1890 2826
66 377 124 398 lsai.
138 383 172 405 ¹9-
185 381 204 397 ι.

66 797 121 818 Luc.
133 802 155 818 2.
168 804 190 826 7.

220 159 293 205 466

215 232 258 261 dis
271 230 383 261 insidias
396 231 542 271 fugientem
555 238 718 272 exceperunt
725 243 735 270 ;
749 238 884 272 postremo
895 240 960 260 vero
976 232 996 255 C

216 278 274 307 loco
286 284 443 307 numeratur
456 277 550 312 Israel,
565 272 784 316 quandoquidem
797 284 858 318 post
870 287 960 306 ascen-

215 335 277 354 sum
290 324 349 365 ejus
366 335 400 353 ex
414 323 532 354 Jordane
551 330 608 353 tum
629 323 739 353 demum
759 334 814 365 per·
826 323 961 363 apostolos

215 382 277 400 eum
295 377 471 409 agnoverunt.
482 371 622 409 Ingressus
636 377 675 400 est
689 377 776 400 autem
797 370 959 410 AEgyptum,

215 417 368 447 concutiens
382 416 496 456 AEgypti
509 416 672 452 manufacta,
681 426 734 445 non
743 425 852 456 quoquo
867 415 959 453 modo,

215 463 262 493 sed
278 469 418 503 postquam
430 462 542 503 AEgypti
555 462 689 492 vestibula
707 462 838 492 conclusit
850 461 959 491 interitu

215 508 466 549 primogenitorum.
481 510 623 549 Propterea
644 516 779 548 tamquam
792 508 960 549 primogeni—

216 562 259 584 tus
273 554 353 584 hodie
375 555 512 595 ingressus
533 562 573 585 est
587 562 618 584 ut
637 555 753 594 antiquae
766 555 898 584 moestitiae
915 555 960 583 lu-

215 609 288 631 ctum
303 601 427 631 solveret.
445 602 658 642 Primogenitum
671 612 736 632 vero
750 601 806 631 diei
820 601 962 631 Christum

214 654 325 677 testatur
337 647 417 677 hodie
428 650 515 678 Lucas
525 649 688 687 evangelista
700 659 762 678 eum
772 647 849 685 dicit,
861 649 889 677 E
892 654 903 677 t
914 659 963 687 pe-

212 697 287 734 perit
287 695 392 735 filium
409 705 493 725 suum
503 696 738 735 primogenitum,
751 700 780 723 et
799 697 908 734 pannis
916 696 962 724 in-

217 743 308 772 νοὶνίι
318 753 395 779 eum,
409 749 437 772 et
448 744 604 773 reclinavit
613 753 678 773 eum
691 745 722 771 in
729 745 879 783 proesepio‚
890 744 962 784 quia

218 800 277 818 non
294 795 358 818 erat
376 791 417 818 eis
437 789 517 819 locus
535 791 567 818 in
578 790 748 819 diversorio.
768 788 910 828 Ingressus
923 795 962 818 est

216 835 299 874 igitur
309 835 461 875 AEgyptum
476 842 506 865 ut
519 835 634 874 antiquae
648 835 781 864 moestitiae
792 835 895 864 luctum
909 834 962 864 sol-

217 888 289 910 veret
306 894 312 910 :
329 888 355 910 et
368 882 509 921 plagarum
530 881 590 911 loeo
603 880 734 921 gaudium
750 880 864 917 invexit,
880 888 906 910 et
919 881 963 910 lo—

215 938 246 956 co
264 927 350 957 noctis
368 934 448 967 atque
465 928 637 957 tenebrarum
660 927 751 957 lumen
769 927 863 956 salutis
881 927 963 968 iargi-

215 980 259 1003 tus
275 980 323 1003 est.
341 974 526 1004 Contaminata
544 981 608 1003 tunc
621 973 671 1002 fuit
693 983 762 1012 aqua
777 972 897 1002 fluminis
911 973 963 1002 im-

216 1027 327 1050 maturae
338 1021 423 1050 aetatis
433 1020 575 1050 infantium
587 1019 670 1049 caede.
679 1020 820 1059 Ingressus
829 1026 869 1049 est
881 1019 964 1059 igitur

216 1066 244 1094 in
259 1066 410 1106 AEgyptum
426 1066 448 1095 is
465 1066 512 1105 qui
526 1076 624 1105 aquam
636 1066 747 1095 rubram
762 1064 926 1101 reddiderat,
938 1073 964 1095 et

217 1111 339 1141 fluminis
358 1112 467 1141 fluentis
488 1111 544 1141 vim
570 1110 699 1151 gignendi
717 1110 830 1139 salutem
850 1110 962 1148 indidit,

216 1167 363 1196 eorumque
380 1157 562 1197 impuritatem
580 1168 612 1186 ac
630 1156 722 1186 sordes
736 1156 854 1197 Spiritus
864 1157 964 1186 virtute

218 1203 355 1242 purgavit.
371 1203 473 1232 Afflicti
484 1204 593 1232 suerunt
607 1203 740 1243 AEgyptii‚
756 1210 782 1232 et
796 1204 888 1233 furore
904 1215 962 1233 cor-

218 1249 287 1288 repti
305 1250 391 1278 Deum
412 1249 589 1290 abnegarunt.
612 1251 748 1289 ingressus
772 1257 811 1279 est
833 1250 916 1290 igitur
935 1251 963 1280 in
980 1245 998 1268 Ε

219 1295 380 1335 AEgyptum,
397 1296 534 1335 religiosas
549 1296 650 1325 animas
663 1296 814 1335 cognitione
828 1297 877 1325 Dei
890 1307 963 1326 com-

218 1341 307 1380 plens,
320 1341 409 1371 effecit
422 1348 456 1371 ut·
470 1342 570 1371 flumen
588 1341 756 1371 fecundiores
770 1342 851 1382 spicis
866 1349 965 1383 marty-

218 1397 260 1416 res
274 1387 366 1417 aleret.
379 1387 432 1418 Sed
442 1395 551 1428 propter
561 1388 698 1428 angustias
709 1388 835 1428 temporis
845 1388 964 1418 hocloco

217 1433 299 1462 statui
324 1433 404 1463 finem
426 1435 512 1464 facere
533 1434 652 1471 dicendi,
673 1433 745 1473 quod
768 1434 903 1473 reliquum
926 1441 965 1464 est

218 1479 318 1518 negotii
339 1480 417 1509 vobis
439 1480 467 1509 in
489 1479 561 1509 diem
581 1486 735 1519 sequentem
753 1487 939 1510 reservaturus
955 1491 962 1507 :

217 1525 262 1555 hie
281 1532 371 1554 autem
388 1526 502 1556 orationi
518 1526 599 1555 finem
617 1526 766 1566 imponam,
783 1526 830 1555 ubi
851 1526 902 1555 hoc
915 1537 963 1555 ex-

216 1571 337 1611 plevero,
348 1583 402 1611 quo
411 1579 488 1613 pacto
500 1573 642 1609 nimirum,
658 1583 720 1602 cum
732 1573 882 1613 impatibile
894 1574 963 1604 Ver-

979 737 999 760 D

551 170 582 193 S.
610 170 752 194 JOANNIS
779 169 963 193 CHRYSOST.
996 169 1150 193 suctum).
1179 170 1452 194 CONSTANTINOP-

1014 230 1125 271 Ἰσραὴλ
1134 232 1335 271 ὗπαριθμεῖται;
1349 231 1414 262 Ναί·
1428 231 1536 266 εἰκότως
1548 232 1702 273 ’Ἀσσύριοι
1710 234 1785 274 πρῶ-

1013 288 1055 306 τοι
1067 276 1186 314 ἔσονται,
1198 277 1289 314 ἐπειδὴ
1309 277 1354 308 καὶ
1375 279 1450 308 αὐτοὶ
1463 278 1542 308 αὐτὸν
1556 281 1659 319 πρῶτοι
1675 277 1719 309 διὸ
1732 281 1785 309 τῶν

1017 322 1109 362 μάγων
1121 322 1319 362 προσεκύνησαν
1328 335 1335 342 ·
1347 323 1489 364 Αἰγύπτιοι
1501 324 1529 354 δὲ
1544 325 1612 364 μετὰ
1623 325 1684 359 τοὺς
1695 325 1787 355 Ἀσσυ-

1017 368 1086 407 ρίους
1095 391 1103 406 ,
1116 368 1208 405 ἐπειδὴ
1223 369 1268 399 καὶ
1282 370 1357 400 αὐτοὶ
1370 370 1500 411 φεύγοντα
1513 372 1592 402 αὖτὸν
1605 371 1655 409 τὴν
1664 372 1786 413 Ἡρώδου

1016 414 1158 452 ἐπιδουλὴν
1170 414 1304 449 ἐδέξαντο·
1317 418 1467 451 τελευταῖος
1476 418 1502 448 δὲ
1512 418 1622 459 Ἰσραὴλ
1629 420 1787 459 ὕπαριθμεῑ-

1016 472 1073 497 ται,
1094 460 1184 497 ἐπειδὴ
1206 462 1273 501 μετὰ
1293 462 1342 499 τὴν
1364 463 1455 493 ἄνοδον
1468 463 1518 500 τὴν
1540 466 1571 494 ἐκ
1594 467 1644 502 τοῦ,
1652 464 1785 505 Ἰορδάνου

1015 505 1029 522 ¹’
1039 506 1082 535 διὰ
1103 508 1156 536 τῶν
1177 507 1330 537 ἀποστόλων
1345 508 1424 538 αὐτὸν
1437 509 1564 550 ἔγνωσαν.
1582 510 1699 546 Εἷσῆλθε
1712 510 1739 540 δὲ
1751 512 1788 544 εἷς

1016 552 1163 593 Αἴγυπτον,
1177 553 1255 583 σείων
1267 553 1300 583 τὰ
1317 555 1491 596 χειροποίητα
1511 558 1559 592 τῆς
1575 556 1712 596 Αἰγύπτου
1736 558 1786 598 οὔχ

1016 599 1122 634 ἁπλῶς,
1137 600 1196 628 ἀλλ’
1207 600 1299 637 ἐπειδὴ
1311 601 1453 632 ἀπέκλεισε
1465 604 1514 638 τῆς
1529 601 1662 642 Αἰγύπτου
1673 602 1708 633 τὰ
1720 602 1788 644 πρό-

1017 647 1082 685 θυρα
1095 647 1129 685 τῇ
1142 647 1194 674 τῶν
1207 647 1383 686 πρωτοτόκων
1397 648 1525 689 ἀπωλείᾳ.
1541 648 1593 678 Διὰ
1605 652 1684 679 τοῦτο
1701 649 1787 688 σήμε-

1018 702 1060 730 ρον
1075 692 1196 727 εἷσῆλθεν
1210 695 1246 726 ὣς
1259 693 1425 733 πρωτότοκος
1434 715 1443 730 ‚
1457 694 1501 724 ἵνα
1513 696 1561 731 τῆς
1584 696 1701 728 παλαιᾶς
1724 707 1787 724 στυ-

1015 736 1142 776 γνότητος
1168 738 1280 777 διαλύσῃ
1306 739 1337 769 τὸ
1359 739 1463 774 πένθος.
1481 741 1534 771 Καὶ
1556 742 1598 770 ὅτι
1623 741 1790 781 πρωτότοκος

1016 783 1122 823 λέγεται
1142 785 1156 813 ὁ
1168 785 1283 824 Χριστὸς
1291 807 1299 821 ,
1315 790 1444 826 μαρτυρεῖ
1458 786 1574 827 σήμερον
1588 788 1602 816 ὁ
1612 783 1717 820 Λουκᾶς
1726 789 1741 816 ὁ
1750 788 1790 816 εὖ·

1018 829 1185 869 αγγελιστ-ὴς,
1190 830 1275 870 λέγων
1282 843 1289 849 ·
1302 831 1356 861 Καὶ
1363 831 1436 862 ἔτεκε
1448 832 1493 862 τὸν
1506 832 1562 862 υἱὸν
1570 833 1651 868 αὐτῆς
1661 833 1706 862 τὸν
1715 844 1788 872 πρω-

1016 875 1137 911 τότοκον,
1146 875 1191 904 καὶ
1201 877 1405 917 ἐσπαργάνωσεν
1417 878 1506 914 αὐτὸν,
1520 879 1565 908 καὶ
1573 877 1706 908 ἀνέκλινεν
1716 879 1744 908 ἐν
1754 881 1788 919 τῇ

1017 920 1102 961 φάτνῃ
1113 942 1121 957 ,
1133 921 1198 951 διότι
1212 924 1260 952 οὐκ
1271 919 1304 959 ἦν
1319 925 1407 958 αὐτοῖς
1420 924 1499 958 τόπος
1513 925 1540 953 ἐν
1554 926 1592 965 τῷ
1606 924 1787 964 καταλύματι.

1018 967 1149 1003 Εἰσῆλθεν
1163 963 1209 997 οὖν
1222 970 1259 1002 εἰς
1268 969 1316 1005 τὴν
1331 969 1475 1010 Αἴγυπτον,
1484 970 1528 1000 ἵνα
1541 973 1588 1007 τῆς
1598 973 1770 1011 παλαιᾶςᾸστυ
1779 989 1789 993 -

1017 1013 1141 1053 γνόιητος
1162 1014 1273 1053 διαλύσῃ
1293 1015 1323 1045 τὸ
1342 1015 1450 1052 πένθος,
1464 1017 1523 1047 ἀντὶ
1547 1017 1683 1058 μαστίγων
1702 1017 1789 1059 χαρὰν

1018 1059 1161 1097 ἐπιθαλὼν,
1177 1061 1235 1090 ἀντὶ
1251 1062 1343 1096 νυκτὸς
1356 1062 1401 1092 καὶ
1418 1063 1527 1097 σκότους
1541 1064 1674 1104 σωτηρίας
1694 1063 1789 1104 φέγγος

1016 1106 1203 1146 χαρισάμενος.
1216 1107 1335 1144 Βέὸηλον
1346 1104 1378 1145 ἦν
1400 1108 1460 1139 τότε
1473 1113 1519 1139 τοῦ
1535 1113 1656 1150 ποταμοῦ
1671 1110 1701 1140 τὸ
1719 1111 1789 1152 ὕδωρ

1017 1153 1051 1191 τῇ
1067 1154 1119 1181 τῶν
1131 1152 1225 1192 ἀώρων
1240 1154 1342 1190 νηπίων
1363 1157 1461 1196 σφαγῇ.
1482 1157 1612 1192 Εἰσῆλθεν
1633 1153 1678 1187 οὖν
1690 1159 1727 1191 εἷς
1740 1157 1789 1194 τὴν

1018 1198 1152 1238 Αἴγυπτον
1166 1202 1180 1229 ὁ
1194 1200 1279 1229 πάλαι
1298 1201 1328 1230 τὸ
1341 1201 1411 1242 ὕδωρ
1432 1202 1560 1242 φοινίξας,
1575 1203 1620 1233 καὶ
1633 1203 1742 1240 ἐποίησε
1756 1204 1789 1234 τὰ

1020 1245 1109 1284 ῥεῖθρα
1122 1247 1168 1274 τοῦ
1189 1249 1310 1285 ποταμοῦ
1329 1247 1462 1288 σωτηρίας
1479 1249 1632 1288 γεννητικὰ,
1645 1250 1676 1280 τὸ
1699 1250 1791 1290 ἐναγὲς

1018 1291 1104 1318 αὐτῶν
1118 1290 1162 1319 καὶ
1176 1291 1287 1330 βέὸηλον
1301 1293 1411 1332 δυνάμει
1425 1297 1435 1310 ²
1445 1295 1589 1335 καθαρίσας
1603 1298 1648 1326 τοῦ
1665 1296 1790 1336 Πνεύμα-

1017 1347 1068 1368 τος.
1092 1336 1283 1372 Ἐκακώθησαν
1304 1339 1328 1366 οἱ
1347 1339 1489 1379 Αἰγύπτιοι
1500 1363 1508 1377 ,
1525 1342 1570 1371 καὶ
1593 1342 1718 1381 μανέντες
1739 1345 1790 1383 ἠρ-

1018 1384 1108 1411 νοῦντο
1122 1382 1166 1411 τὸν
1179 1382 1257 1412 Θεόν.
1271 1384 1401 1420 Εἰσῆλθεν
1414 1381 1458 1414 οὖν
1471 1387 1507 1420 εἷς
1520 1386 1568 1423 τὴν
1584 1387 1730 1428 Αἴγυπτον,
1745 1389 1789 1418 καὶ

1017 1426 1139 1466 γνώσεως
1159 1430 1231 1458 Θεοῦ
1247 1430 1336 1470 ψυχὰς
1359 1433 1487 1472 θεοφιλεῖς
1507 1433 1660 1473 ἐπλήρωσε·
1681 1437 1720 1475 τῷ
1738 1447 1790 1465 πο-

1017 1475 1094 1514 ταμῷ
1113 1474 1140 1503 δὲ
1162 1474 1281 1516 παρέσχε
1295 1476 1431 1517 μάρτυρας
1451 1478 1555 1519 τρέφειν
1568 1480 1691 1520 σταχύων
1710 1482 1787 1522 εὐφο-

1018 1519 1153 1559 ρωτέρους.
1168 1521 1248 1551 Ἀλλὰ
1270 1522 1314 1551 διὰ
1338 1522 1369 1552 τὸ
1389 1524 1479 1553 στενὸν
1503 1528 1550 1554 τοῦ
1563 1529 1655 1566 καιροῦ
1680 1528 1791 1557 ἐνταῦθα

1018 1565 1148 1605 βούλομαι
1175 1570 1346 1598 καταπαῦσαι
1369 1569 1412 1599 τὸν
1437 1569 1514 1609 λόγον
1524 1582 1531 1589 “
1554 1570 1568 1588 ⁸¹
1581 1567 1633 1602 ὦδε
1654 1571 1682 1602 δὲ
1705 1585 1788 1603 κατα-

217 1618 285 1647 bum
298 1625 376 1654 esset,
388 1629 450 1648 caro
465 1619 566 1649 factum
579 1619 613 1648 sit
625 1618 764 1648 immutata
778 1625 900 1648 manente
913 1629 962 1648 na-
972 1627 1007 1648 ³⁹9
1018 1611 1127 1648 παύσω,
1147 1612 1192 1642 τὸν
1215 1613 1292 1653 λόγον
1316 1615 1474 1655 πληρώσας,
1499 1617 1541 1647 ὅῐῑ
1563 1619 1620 1652 πῶς
1643 1618 1728 1658 Λόγος
1751 1618 1789 1648 ὢν

217 1670 287 1693 tura.
304 1664 377 1702 Quid
400 1664 500 1702 dicam,
517 1672 563 1694 aut
583 1664 651 1703 quid
664 1664 782 1703 loquar?
795 1665 916 1695 Fahrum
938 1672 964 1695 et
981 1656 1000 1677 Α

218 1720 335 1750 praesepe
364 1711 444 1741 video
475 1719 501 1741 et
535 1711 680 1748 infantem,
710 1717 737 1740 et
763 1721 894 1741 cunarum
920 1712 964 1742 fa-

217 1759 301 1797 scias,
316 1765 342 1788 et
359 1757 473 1797 virginis
491 1764 600 1797 partum
619 1757 700 1786 rebus
716 1758 871 1787 necessariis
882 1758 964 1787 desti-

218 1812 316 1840 tutum,
330 1804 419 1834 omnia
441 1810 556 1843 egestate
578 1814 677 1844 pressa,
700 1804 788 1833 omnia
802 1804 881 1844 piena
893 1815 963 1844 pau·-

217 1851 338 1891 pertatis.
350 1850 453 1881 Vidisti
466 1849 576 1878 divitias
588 1849 615 1878 in
627 1849 712 1881 multa
724 1850 901 1890 paupertate?
910 1861 963 1890 quo

217 1898 298 1928 modo
319 1908 381 1926 cum
402 1896 478 1926 dives
498 1903 577 1931 esset,
592 1906 690 1936 egenus
711 1903 750 1925 est
775 1904 864 1926 nostra
884 1908 963 1928 causa

217 1945 303 1974 sactus
311 1944 325 1973 ἱ)
335 1954 389 1982 quo
401 1943 482 1973 modo
495 1953 581 1982 neque
592 1943 702 1980 lectum,
713 1953 800 1983 neque
812 1945 963 1985 stragulum

218 1990 324 2025 habuit,
340 1989 388 2019 sed
409 1989 435 2018 iu
461 1989 535 2018 nudo
560 1989 673 2029 praesepi
691 1996 747 2018 erat
768 1990 926 2030 projectus?
938 1992 963 2021 Ο

218 2042 414 2076 paupertatem,
435 2035 595 2064 divitiarum
618 2035 732 2065 sontem!
749 2046 765 2064 o
782 2036 893 2066 divitias
915 2037 964 2067 im-

218 2092 333 2119 mensas,
349 2081 515 2122 paupertatis
536 2081 650 2121 speciem
671 2092 728 2121 prae
742 2092 770 2111 se
787 2083 914 2112 serentes!
931 2083 963 2112 In

218 2129 330 2168 praesepi
339 2128 420 2168 jacet,
436 2134 462 2157 et
475 2128 568 2157 orbem
585 2135 715 2157 terrarum
730 2129 863 2167 concutit3
874 2130 964 2161 fasciis

219 2185 349 2203 cunarum
358 2174 520 2211 involvitur,
531 2180 556 2203 et
564 2174 664 2213 peccati
675 2175 784 2204 vincula
798 2175 962 2217 disrumpit;

220 2220 340 2250 nondum
357 2220 384 2249 in
406 2231 499 2251 vocem
521 2220 691 2250 articulatam
709 2221 810 2261 erupit,
831 2229 857 2251 et
872 2234 964 2264 magus

218 2266 336 2304 edocuit,
347 2273 373 2296 et
391 2266 426 2296 ad
446 2266 647 2296 conversionem
658 2267 811 2297 commovit.
827 2269 903 2305 Quid
916 2269 963 2299 dia

216 2324 286 2351 cam,
302 2320 348 2342 aut
365 2312 433 2352 quid
446 2312 562 2352 loquar?
577 2313 647 2342 Ecce
667 2312 756 2342 infans
769 2313 859 2343 fasciis
871 2314 962 2345 invol-

981 2171 1000 2194 B

249 2432 261 2442 ε
279 2424 341 2456 neg.
360 2422 461 2458 Ᾰσσύριοι
475 2427 648 2458 προτάσσονται.

253 2464 264 2483 b
283 2464 322 2487 Ita
336 2463 396 2495 Reg.
410 2465 447 2489 διὰ
462 2470 506 2489 τῶν
517 2465 648 2489 ἀποστόλων
661 2464 727 2488 αὑτὸν
743 2465 849 2494 ἔγνωσαν.
861 2464 891 2487 In
904 2463 981 2490 Edito

217 2501 304 2526 Mon-cl.
322 2501 375 2526 haee
391 2507 510 2534 corrupta
528 2506 618 2526 erant:
637 2501 752 2536 ὶορὶάνου,
763 2502 812 2526 οὐδὲ
829 2506 882 2528 τότε
900 2506 924 2529 ιχ
936 2511 980 2530 τῶν

219 2545 348 2567 ἀποστόλων
361 2545 481 2577 ἐγνώρισαν
493 2540 583 2574 [Savil-
598 2540 627 2571 ἰ,
643 2552 663 2566 u·
680 2552 703 2566 τ.
719 2543 756 2566 διὰ
767 2553 790 2567 τ-
805 2546 828 2567 ἀ.
849 2545 916 2569 αὑτὸν
927 2548 980 2570 ἐπέ·

219 2581 323 2612 γνωσαν],
337 2588 382 2604 nec
394 2578 555 2613 quadrabant
567 2579 601 2604 ad
619 2580 851 2612 interpretationem
866 2582 977 2607 Fronto-

1019 1657 1137 1695 ἀπαθὴς,
1157 1657 1223 1699 σὰρξ
1243 1659 1362 1699 ἐγένετο,
1384 1662 1571 1701 ἀμεταὸλήτου
1592 1665 1721 1703 μενούσης
1742 1667 1791 1701 τῆς

1018 1703 1128 1743 φύσεως.
1143 1705 1168 1734 Τ
1170 1704 1179 1734 ί
1201 1704 1228 1734 δὲ
1255 1706 1337 1743 εἴπω,
1362 1706 1379 1743 ἢ
1403 1707 1430 1737 τί
1454 1708 1581 1746 zamam
1603 1710 1723 1740 Τέκτονα
1745 1711 1790 1741 καὶ

1018 1748 1119 1788 φάτνην
1132 1752 1199 1790 ὁρῶ,
1213 1751 1258 1781 καὶ
1275 1752 1369 1793 βρέφος
1379 1775 1388 1790 ,
1402 1753 1447 1783 καὶ
1461 1755 1601 1795 σπάργανα
1611 1777 1619 1791 ,
1629 1757 1712 1797 λοχὸν
1724 1769 1791 1798 παρ-

1018 1794 1092 1825 θένου
1116 1798 1169 1825 ἰῶν
1193 1799 1290 1837 χρειῶν
1305 1798 1413 1838 ἔρημον,
1426 1799 1476 1830 ὅλα
1497 1801 1631 1842 πτωχείας
1654 1802 1788 1843 ἐχόμενα,
1828 1814 1835 1817 ·

1017 1841 1068 1870 ὅλα
1080 1841 1171 1876 πενίας
1183 1842 1308 1882 γέμοντα.
1323 1841 1400 1879 Εἶδες
1412 1847 1527 1877 πλοῦτον
1549 1849 1577 1877 ἐν
1590 1848 1667 1888 πενίᾳ
1688 1851 1789 1891 πολλῇ;

1018 1890 1075 1922 πῶς
1085 1888 1209 1923 πλούσιος
1221 1889 1259 1919 ὧν
1274 1891 1306 1920 δι’
1321 1893 1393 1930 ἡμᾶς
1405 1892 1574 1934 ἐπτώχευσε;
1588 1897 1645 1928 πῶς
1655 1895 1715 1925 οὔτε
1731 1897 1789 1926 κλί-

1018 1945 1075 1970 νην,
1095 1934 1154 1964 οὔτε
1178 1936 1319 1977 στρωμνὴν
1341 1933 1424 1978 εἶχεν,
1448 1940 1506 1968 ἀλλ’
1521 1939 1565 1969 ἐπὶ
1589 1939 1669 1980 ξηρᾶς
1682 1940 1790 1982 ἔῤῥιτιτο

1019 1980 1132 2021 φάτνης;
1146 1976 1184 2011 Ὦ
1197 1983 1275 2012 πενία
1289 1983 1404 2014 πλούτου
1417 1985 1506 2024 πηγή·
1518 1980 1541 2014 ὦ
1561 1987 1659 2016 πλοῦτε
1673 1988 1770 2028 ἄμετρε
1781 2009 1790 2023 ,

1018 2025 1109 2060 πενίας
1125 2027 1271 2068 πρόσχημα
1286 2029 1380 2070 φέρων.
1397 2031 1445 2060 Ἐν
1460 2031 1545 2071 φάτνῃ
1560 2036 1664 2068 κεῖται,
1676 2033 1721 2063 καὶ
1740 2033 1789 2071 τὴν

1019 2073 1174 2112 οἰκουμένην
1189 2074 1309 2105 σαλεύει·
1324 2077 1350 2104 ἐν
1372 2077 1532 2117 σπαργάνοις
1552 2079 1715 2118 ἐμπλέκεται
1724 2102 1732 2117 ,
1745 2081 1790 2110 καὶ

1018 2118 1052 2148 τὰ
1064 2121 1111 2155 τῆς
1130 2121 1260 2161 ἁμαρτίας
1279 2122 1434 2162 διαῤῥήσσει
1458 2124 1558 2163 δεσμά·
1572 2124 1646 2154 οὔπω
1667 2126 1789 2167 ἔναρθρον

1019 2165 1111 2206 ἔρῤηξε
1125 2166 1223 2206 φωνὴν,
1241 2167 1286 2196 καὶ
1300 2167 1359 2202 τοὺς
1376 2169 1475 2208 μάγους
1490 2169 1590 2205 ἐδίδαξε
1599 2193 1608 2208 ,
1624 2171 1670 2201 καὶ
1684 2172 1789 2209 ἐκίνησε
1816 2180 1819 2183 “

1018 2214 1084 2254 πρὸς
1092 2216 1263 2255 ἐπιστροφήν.
1278 2216 1314 2245 Τί
1328 2217 1411 2255 εἴπω,
1427 2217 1445 2254 ἢ
1459 2218 1485 2248 τί
1497 2220 1622 2257 λαλήσω;
1642 2221 1709 2252 Ἰδοὺ
1725 2222 1790 2263 βρέ-

1019 2277 1066 2305 φος
1088 2267 1248 2306 σπαργάνοις
1262 2267 1439 2307 ἐμπλέκεται,
1461 2271 1507 2301 καὶ
1526 2273 1554 2302 ἐν
1579 2273 1663 2313 φάτνῃ
1685 2278 1788 2303 κεῖται·

1019 2317 1132 2358 πάρεστι
1146 2317 1173 2347 δὲ
1195 2319 1240 2349 καὶ
1261 2320 1353 2361 Μαρία
1375 2323 1504 2363 παρθένος
1526 2319 1592 2354 οὖσα
1613 2324 1658 2354 καὶ
1682 2326 1788 2367 μήτηρ’

1031 2426 1078 2452 nis.
1091 2427 1162 2453 Infra
1171 2437 1223 2454 non
1235 2438 1315 2462 pauca
1327 2430 1418 2458 desunt
1430 2434 1455 2459 iu
1467 2434 1513 2460 Ms-

1062 2474 1073 2486 τ
1090 2467 1151 2501 Reg.
1162 2472 1252 2503 χρίσας.
1341 2469 1345 2471 “

1061 2505 1074 2524 d
1092 2506 1153 2540 Reg.
1165 2512 1261 2535 ἐνταῦθα
1271 2514 1409 2538 καταπαύσω
1420 2517 1458 2540 τὸν
1472 2517 1545 2547 λόγον,
1556 2519 1583 2542 τὸ
1593 2518 1668 2542 λοιπὸν
1679 2521 1719 2545 τῆς
1730 2527 1789 2551 πρα-

1028 2550 1150 2610 *nt-artioni³
1156 2553 1185 2581 τῇ
1196 2550 1245 2578 ἑξῆς
1255 2552 1306 2582 ὑμῖν
1319 2557 1504 2586 ταμιευσάμενος.
1516 2556 1558 2580 ὦδε
1568 2564 1573 2578 :
1584 2564 1639 2588 quae
1650 2556 1723 2583 lectio
1736 2567 1787 2584 non

1027 2593 1131 2617 spei-nen
1152 2595 1175 2610 a.
