1890 2826
838 144 849 158 k

244 159 315 208 596

220 259 222 261 .
242 233 288 262 tati
301 237 372 267 sunt,
388 231 559 259 Reverteris.
573 230 712 266 Quantum
725 227 810 268 igitur
830 238 878 268 per
898 228 984 258 sacul-

242 285 322 307 tatem
332 276 420 313 licuit,
431 286 478 315 per
486 275 598 314 gratiam
608 273 693 304 sancti
702 273 830 314 Spiritus,
842 273 984 304 vobiscum

242 323 397 365 paradisum
420 321 615 362 percurrimus,
629 320 702 360 regia
728 320 890 350 monimenta
915 320 984 360 legi-

242 381 314 407 mus,
329 369 449 400 vidimus
463 377 522 397 reos
536 367 660 396 libertate
677 366 803 404 donatos,
817 367 925 398 Judicis
934 366 986 397 ele-

937 168 1116 192 SEVERIANI

1035 225 1080 258 οὖν
1093 225 1156 265 ἧκεν
1170 230 1207 262 εἰς
1219 228 1329 267 δύναμιν
1344 227 1487 267 ἡμετέραν,
1499 230 1532 267 τῇ
1543 228 1657 268 χορηγίᾳ
1670 229 1715 257 τοῦ
1730 227 1804 267 ἁγίου

1035 274 1208 314 Πνεύματος,
1222 274 1362 313 διήλθομεν
1385 273 1429 303 τὸν
1452 273 1610 314 παράδεισον
1635 276 1693 313 μεθ’
1715 275 1806 313 ΰμῶν,

1036 320 1186 360 ἀνέγνωμεν
1198 319 1233 350 τὰ
1246 320 1427 359 ὑπομνήματα
1437 319 1472 349 τὰ
1487 320 1626 359 βασιλικὰ,
1640 320 1743 359 εἴδομεν
1754 321 1807 349 τῶν

1037 366 1186 396 ὑπευθύνων
1200 365 1248 403 τὴν
1269 365 1428 406 ἐλευθερίαν,
1441 368 1487 395 τοῦ
1505 366 1630 396 δικαστοῦ
1650 366 1699 403 τὴν
1712 367 1808 407 φιλαν-

242 416 386 453 mentiam3
398 425 451 454 qua
462 413 564 443 utinam
572 423 587 442 a
596 413 704 443 Christo
715 412 829 442 salutem
841 422 985 452 consequa·
993 431 1028 451 5„
1037 413 1154 454 θρωπίαν
1168 425 1175 432 ·
1188 414 1221 442 δι’
1236 409 1268 448 ἧς
1280 411 1415 452 δεξώμεθα
1428 412 1473 443 καὶ
1484 411 1533 450 τὴν
1546 410 1679 453 παρὲίτῶ
1691 414 1808 452 Χριστοῦ

242 473 315 498 mur,
330 468 360 490 ut
383 459 532 490 caelestibus
546 458 602 488 illis
624 465 650 488 et
671 458 839 499 sempiternis
864 459 987 489 fruamur
1001 464 1021 487 A
1037 459 1179 499 σωτηρίαν,
1197 458 1240 488 ἵνα
1260 458 1306 488 καὶ
1324 460 1377 489 τῶν
1390 458 1551 499 ἐπουρανίων
1567 458 1675 489 ἐκείνων
1686 458 1734 488 καὶ
1745 460 1809 488 αἰω-

243 509 331 544 bonis,
345 508 372 537 in
387 507 496 537 Christo
521 507 585 537 Jesu
599 505 716 535 Domino
730 512 821 536 nostro
835 517 845 534 .-
858 507 985 545 quoniam
1036 505 1097 535 νίων
1124 504 1317 544 ἀπολαύσωμεν
1341 507 1456 545 ἀγαθῶν,
1479 506 1508 534 ἐν
1531 506 1641 546 Χριστῷ
1658 505 1749 541 Ἰησοῦ
1769 506 1808 545 τῷ

244 556 295 596 ipsi
315 555 401 595 gloria
422 561 450 584 et
470 553 626 594 imperium,
644 563 717 584 nnnc
740 560 766 583 et
778 564 894 594 semper,
905 561 932 584 et
957 555 985 584 in
1037 551 1127 592 Κυρίῳ
1146 553 1241 591 ἡμῶν·
1261 551 1303 582 ὅτι
1322 553 1394 592 αὐτῷ
1407 553 1425 587 ἡ
1439 551 1501 586 δόξα
1514 552 1560 581 καὶ
1579 552 1610 582 τὸ
1629 550 1744 591 κράτος,
1762 553 1808 581 νῦν

244 602 340 631 saecula
360 601 530 631 saeeulorum.
548 601 641 630 Amen.
1036 598 1081 629 καὶ
1094 598 1134 629 ἀεὶ
1143 620 1151 634 ,
1165 598 1210 628 καὶ
1227 599 1265 632 εἷς
1277 597 1337 631 τοὺς
1351 599 1447 632 αἰῶνας
1459 600 1513 627 τῶν
1527 597 1636 627 αἰώνων.
1651 597 1746 637 Ἀμήν.

818 805 1228 870 MONITUM

675 955 740 991 AD
763 953 1006 990 HOMILIAM
1031 953 1094 989 DE
1118 952 1380 990 SERPENTE.

284 1090 401 1120 Jacobus
415 1087 577 1120 Sit-mondus
589 1087 625 1118 ad
634 1087 791 1118 Ennodium
801 1087 835 1116 Τ.
866 1088 879 1116 1
898 1092 1037 1126 postremae
1053 1085 1200 1122 Editionis,
1216 1095 1245 1125 p.
1259 1084 1351 1123 1842,
1365 1083 1400 1114 de
1412 1084 1463 1115 hac
1479 1084 1592 1114 homilia
1610 1084 1649 1115 sic
1663 1084 1785 1124 loquitur
1803 1098 1809 1114 :

243 1149 257 1164 a
266 1137 425 1168 Severianus
435 1135 604 1166 Gabalorum
616 1135 758 1175 episcopus
769 1145 785 1164 a
800 1141 922 1175 serpente
935 1133 995 1171 illo,
1010 1133 1074 1172 quia
1087 1132 1243 1173 symbolum
1255 1138 1312 1161 erat
1323 1132 1412 1163 crucis
1427 1131 1545 1166 Christi,
1560 1131 1686 1169 salutem,
1698 1132 1744 1162 καὶ
1758 1132 1811 1162 ἀπὸ

238 1187 285 1213 τοῦ
299 1183 492 1223 ἐπικαταράτου
507 1182 626 1222 εὐλογίαν
639 1182 750 1212 ssuxisse
763 1181 801 1211 ait
812 1181 839 1210 in
850 1181 961 1211 orat.11
972 1190 988 1209 e
999 1179 1091 1209 deoem
1101 1190 1168 1219 quas
1181 1178 1367 1219 chrysostomi
1377 1178 1484 1211 nomine
1495 1178 1523 1208 iu
1536 1178 1625 1208 lucem
1637 1177 1714 1208 dedit
1725 1178 1811 1209 eard.

238 1230 362 1260 Sirletus.
376 1230 430 1260 Sed
443 1230 587 1260 Severiano
599 1230 670 1259 hanc
690 1235 821 1265 asserunt,
835 1238 916 1266 quam
929 1226 1002 1264 dixi,
1018 1228 1200 1256 Damascenus
1213 1232 1239 1255 et
1255 1225 1409 1256 Hadrianus
1421 1236 1503 1266 papa,
1519 1236 1582 1255 cum
1601 1224 1712 1266 Synodo
1733 1226 1810 1256 Pari-

238 1277 349 1308 siensi.»
365 1277 444 1307 Nihil
462 1277 551 1315 itaque
564 1276 643 1306 dubii
662 1275 825 1314 relinquitur
841 1275 911 1304 hanc
927 1273 1069 1303 homiliam
1082 1284 1138 1303 esse
1154 1272 1304 1310 Severiani‚
1319 1272 1438 1303 hominis
1454 1280 1526 1304 certe
1546 1282 1599 1302 non
1620 1272 1749 1312 elinguis,
1764 1272 1812 1302 sed

237 1323 281 1363 cuj
286 1334 316 1352 us
336 1322 496 1362 eloquentia,
510 1329 540 1352 ut
553 1322 675 1362 loquitur
694 1321 824 1358 Savilius,
839 1321 924 1350 ferrea
943 1319 999 1350 diei
1021 1319 1115 1360 possit.
1131 1319 1290 1349 Inventione
1303 1326 1373 1348 certe
1386 1330 1439 1351 non
1452 1326 1524 1350 caret
1541 1319 1589 1350 ille
1602 1332 1610 1349 ι
1627 1319 1675 1350 sed
1692 1330 1812 1360 persaepe

238 1369 347 1406 accidit,
362 1376 393 1399 ut
414 1369 503 1398 fmilia
518 1368 637 1399 inveniat
649 1375 675 1398 et
692 1373 844 1408 expromat.
857 1365 948 1396 Dietio
962 1373 1051 1395 autem
1064 1366 1171 1406 elegans
1181 1376 1235 1396 non
1254 1372 1310 1399 est;
1325 1372 1355 1401 ut
1369 1375 1423 1395 uno
1436 1366 1521 1399 verbo
1538 1365 1639 1404 dicam,
1653 1367 1741 1406 stylus
1758 1366 1813 1396 hu-

236 1415 313 1455 jusce
327 1416 490 1456 longissimas
514 1415 635 1444 homiliae
649 1422 697 1444 sex
719 1413 898 1444 homiliarum
911 1412 1118 1453 praecedentium
1131 1413 1203 1453 stylo
1217 1412 1253 1442 ita
1266 1412 1355 1442 affinis
1372 1419 1422 1450 est,
1438 1419 1468 1447 ut
1487 1423 1541 1442 non
1558 1412 1593 1442 sit
1605 1424 1689 1444 ovum
1708 1423 1760 1443 ovo
1773 1413 1811 1443 si-

242 1462 350 1492 milias-

279 1508 529 1548 Interpretationem
542 1507 666 1538 Latinam
682 1517 779 1537 novam
790 1505 992 1536 adornavimus.

243 1704 346 1732 Oratio
359 1703 396 1732 de
405 1708 547 1742 serpente,
560 1712 647 1742 quem
661 1703 782 1739 Moyses
794 1703 826 1730 in
839 1710 924 1730 cruce
933 1710 991 1730 sus·
1009 1702 1028 1726 Α
1045 1699 1129 1739 Λόγος
1136 1703 1149 1716 ³
1156 1699 1274 1740 περὶτοῦ
1282 1700 1351 1730 κατὰ
1362 1701 1497 1735 Μωΰσέως
1507 1702 1602 1743 ὄφεως,
1613 1703 1642 1733 ὃν
1650 1703 1815 1744 ἐσταύρωσεν

290 1751 394 1791 pendit
402 1753 434 1780 in
440 1751 563 1787 deserto,
572 1750 626 1789 deq
630 1752 665 1779 ue
673 1750 703 1778 di
707 1751 774 1778 vina
788 1750 939 1779 Trinitate.

285 1844 298 1871 1
305 1866 312 1872 .
324 1842 390 1872 Heri
401 1851 550 1872 sermonem
560 1841 725 1871 instituimus
736 1848 827 1871 contra
837 1840 988 1878 haereticos,

245 1895 271 1918 et
283 1899 333 1928 pro
346 1888 432 1928 gloria
444 1888 584 1927 Unigeniti
597 1888 819 1925 concertavimus,
834 1898 888 1918 non
902 1895 932 1918 ut
945 1899 989 1918 ar-

246 1945 311 1963 cana
323 1934 446 1973 quaedam
461 1933 489 1963 in
503 1934 590 1963 lucem
604 1934 783 1973 proferremus
794 1957 802 1972 ,
820 1934 867 1964 sed
879 1941 910 1964 ut
924 1945 988 1974 gra-

246 1980 310 2009 tiam
323 1990 357 2009 ex
370 1980 459 2009 animo
473 1980 671 2020 profiteremur.
689 1981 748 2010 Non
762 1981 835 2010 enim
852 1991 887 2010 ex
899 1980 990 2011 verbis

246 2026 344 2055 nostris
357 2027 458 2056 Christi
469 2027 555 2067 gloria
569 2034 691 2067 augetur,
704 2027 750 2056 sed
763 2027 899 2068 praeclaris
909 2028 943 2057 ab
957 2038 990 2058 eo

246 2072 334 2101 ornati
348 2073 516 2110 muneribus,
529 2079 604 2113 grato
617 2074 705 2103 animo
716 2074 876 2104 beneficium
887 2074 988 2115 praedi·

241 2124 350 2148 eamus.
369 2118 601 2148 Absurdissimum
616 2119 688 2149 enim
701 2127 778 2158 esset,
792 2131 840 2150 nos
853 2121 990 2151 beneficiis

204 2199 207 2205 γ
248 2171 366 2202 ornatos,
380 2164 487 2194 silentio
502 2175 643 2193 muncrum
656 2165 742 2195 vicem
753 2167 920 2206 persolvere:
936 2178 991 2197 ma-

99 2271 147 2292 Psa
153 2268 237 2298 l.65.2.

102 2508 116 2542 ¹,
140 2502 195 2528 fleg.
205 2509 226 2523 2.

248 2210 323 2239 xime
337 2221 400 2241 vero
414 2221 476 2239 cum
491 2210 592 2248 David,
609 2217 638 2239 ut
652 2211 732 2240 modo
750 2212 873 2248 audistis,
889 2213 925 2242 ita
941 2214 989 2253 ju-

249 2256 311 2286 beat
329 2268 338 2285 :
361 2257 463 2286 Omnis
484 2262 560 2286 terra
576 2257 678 2286 adoret
698 2264 736 2293 te,
751 2265 780 2287 et
794 2259 904 2298 psallat
926 2262 988 2290 tibi.

250 2304 339 2333 Deum
352 2302 494 2332 laudamus
504 2325 511 2339 ,
529 2313 581 2331 non
593 2302 667 2341 quod
680 2303 733 2342 ipsi
752 2304 879 2333 honorem
894 2306 990 2334 affera-

252 2359 326 2384 mus,
340 2348 388 2378 sed
399 2349 476 2378 nobis
497 2348 562 2388 ipsis
581 2349 707 2378 honorem
725 2350 908 2380 conciliemus.
922 2352 990 2382 Glo-

252 2395 321 2424 riam
341 2396 398 2424 Deo
419 2394 574 2430 referimus,
587 2405 641 2424 non
659 2405 740 2433 quam
761 2395 814 2435 ipsi
834 2396 990 2436 largiamur,

254 2442 301 2471 sed
323 2453 405 2480 quam
422 2441 499 2470 nobis
524 2441 703 2471 immortalem
724 2442 909 2472 conseramus:
932 2454 993 2474 nam

255 2489 325 2525 Eos,
337 2489 388 2526 qni
398 2498 442 2516 me
450 2487 627 2527 glorificant,
639 2487 823 2526 glorificabo;
831 2495 859 2517 et
870 2491 920 2527 qui
930 2499 997 2518 con-

292 2587 301 2598 π
320 2579 417 2604 Collntn
430 2588 487 2604 cum
498 2578 591 2604 Codice
604 2578 682 2611 Regio
693 2578 765 2603 ⁴658.

1124 1747 1151 1775 ἐν
1163 1748 1197 1786 τῇ
1212 1746 1305 1787 ἐρήμῳ
1316 1758 1323 1765 ·
1337 1747 1383 1777 καὶ
1395 1748 1457 1787 περὶ
1471 1750 1519 1784 τῆς
1531 1749 1601 1784 θείας
1613 1750 1734 1791 Τριάδος.

1083 1839 1152 1873 Χθὲς
1163 1841 1229 1878 ἡμῖν
1247 1841 1262 1870 ὁ
1282 1839 1358 1879 λόγος
1379 1840 1446 1880 πρός
1457 1852 1487 1871 τε
1507 1841 1555 1878 τὴν
1569 1843 1705 1883 αἱρετικὴν
1715 1843 1815 1880 πάλην,

1043 1885 1165 1926 καὶπρὸς
1178 1884 1238 1919 τοὺς
1250 1885 1317 1926 ὑπὲρ
1328 1888 1376 1922 τῆς
1387 1886 1463 1923 δόξης
1477 1890 1522 1917 τοῦ
1536 1889 1700 1928 Μονογινοῢς
1712 1890 1815 1929 ἀγῶνας

1043 1930 1135 1961 ἑαυτὸν
1149 1931 1315 1967 ἐπιδέδωκεν,
1328 1933 1379 1972 οὐχ
1389 1931 1432 1962 ἵνα
1449 1933 1484 1963 τὰ
1497 1934 1667 1974 κεκρυμμένα
1680 1935 1796 1976 γνωρίσῃ
1805 1959 1813 1973 ,

1043 1979 1102 2007 ἀλλ’
1123 1977 1165 2007 ἵνα
1186 1977 1235 2014 τὴν
1248 1977 1327 2018 χάριν
1340 1979 1510 2018 εὐγνωμόνως
1525 1981 1686 2021 ὁμολογήσῃ.
1701 1983 1743 2011 Οὐ
1763 1982 1814 2022 γὰρ

1043 2023 1070 2058 ἐξ
1086 2019 1122 2053 ὧν
1142 2023 1308 2064 φθεγγόμεθα
1324 2024 1438 2064 Χριστὸς
1459 2026 1648 2065 μεγαλύνεται,
1663 2029 1722 2057 ἀλλ’
1737 2028 1764 2063 ἐξ
1777 2024 1814 2057 ὧν

1043 2069 1267 2109 ἐμεγαλύνθημεν,
1287 2070 1457 2110 εὐγνωμόνως
1480 2071 1530 2107 τὴν
1547 2073 1698 2113 εὖεργεσίαν
1717 2074 1815 2114 κηρύτ-

1044 2128 1132 2156 τομεν.
1147 2116 1201 2146 Καὶ
1213 2117 1265 2156 γὰρ
1276 2116 1307 2146 ἂν
1322 2119 1363 2153 εἴη
1375 2120 1428 2147 τῶν
1440 2118 1626 2154 ἀτοπωτάτων,
1638 2119 1723 2161 ἔργοις
1736 2122 1816 2150 εὐπα-

1045 2166 1168 2199 θοῦντας,
1182 2162 1283 2203 ἀφωνία
1295 2163 1344 2200 τὴν
1355 2164 1505 2204 εὐεργεσίαν
1520 2165 1695 2206 ἀμείψασθαι·
1710 2167 1755 2197 καὶ
1770 2168 1817 2207 μά·

1044 2210 1123 2238 λιστα
1148 2211 1194 2238 τοῦ
1218 2209 1352 2249 προφήτου
1381 2209 1465 2239 Δαυὶδ
1488 2213 1750 2253 παρακελευομένου,
1772 2214 1817 2244 καὶ

1046 2254 1166 2294 λέγοντος
1175 2277 1183 2290 ,
1195 2257 1230 2288 ὡς
1249 2255 1344 2295 ἀρτίως
1365 2255 1498 2292 ἀκηκόατε
1507 2269 1513 2275 ·
1529 2258 1610 2287 Πᾶσα
1622 2261 1640 2294 ἡ
1653 2262 1688 2298 γῆ
1702 2271 1817 2300 προσκυ-

1047 2301 1203 2337 νησάτωσάν
1222 2314 1263 2331 σοι
1274 2323 1282 2337 ,
1298 2302 1343 2331 καὶ
1364 2302 1524 2342 ψαλάτωσάν
1545 2316 1597 2334 σοι.
1613 2304 1763 2345 “Υμνοῦ’μεν
1774 2306 1818 2335 τὸν

1048 2347 1127 2384 Θεὸν,
1145 2349 1174 2377 οὖ
1189 2347 1270 2387 τιμὴν
1284 2350 1356 2389 αὐτῷ
1373 2349 1547 2389 περιτιθέντες
1556 2373 1565 2388 ,
1578 2350 1647 2380 ἀλλὰ
1660 2352 1740 2390 τιμὴν
1755 2354 1818 2381 ἑαυ-

1048 2399 1102 2428 τοῖς
1115 2394 1337 2434 περιποιούμενοι.
1350 2395 1498 2435 Δοξάζομεν
1510 2395 1555 2424 τὸν
1568 2396 1648 2433 Θεὸν,
1666 2399 1714 2427 οὐκ
1727 2398 1818 2438 ἐκείνῳ

1050 2441 1126 2475 δόξαν
1137 2441 1318 2481 χαριζόμενοι,
1339 2442 1398 2471 ἄλλ’
1412 2442 1519 2475 ἑαυτοὺς
1539 2442 1587 2478 τὴν
1600 2442 1728 2473 ἀθάνατον
1743 2444 1819 2479 δόξαν

1050 2491 1180 2524 ἕνδύοντες
1193 2503 1200 2511 ·
1216 2491 1286 2526 Τοὺς
1306 2492 1358 2532 γὰρ
1371 2492 1524 2528 δοξάζοντᾶς
1539 2505 1587 2532 με,
1601 2494 1665 2534 φησὶ
1676 2516 1685 2530 ,
1698 2494 1799 2529 δοξᾶσω
1812 2508 1818 2514 ·
