1890 2826
553 173 598 196 DE
624 171 732 196 MUNDI
759 169 953 195 CREATIONE
980 169 1108 193 ORATIO
1136 168 1169 192 V.

69 239 277 279 ΛέγειΠαῦλος,
289 236 330 266 ὅτι
341 235 436 268 Οὐδεὶς
449 230 502 264 οἶδε
519 236 571 263 τῶν
589 232 734 273 ἀνθρώπων
746 231 780 261 τὰ
793 234 838 261 τοῦ

68 284 206 325 ἀνθρώπου
215 305 224 319 ,
246 284 270 312 εἷ
293 281 331 321 μὴ
354 281 384 310 τὸ
406 283 511 320 πνεῦμα
533 282 580 308 τοῦ
605 278 742 318 ἀνθρώπου
763 277 794 306 τὸ
814 277 841 306 ἐν

67 331 154 369 αὐτῷ·
170 328 239 358 οὕτω
259 327 304 357 καὶ
326 326 359 356 τὰ
379 329 424 356 τοῦ
439 327 510 356 Θεοῦ
524 324 608 358 οὐδεὶς
621 320 689 353 οἶδεν
698 346 707 360 ,
720 325 744 352 εἰ
758 323 796 362 μὴ
810 322 841 351 τὸ

67 376 179 413 Πνεῦμα
190 376 235 403 τοῦ
249 367 328 403 Θεοῦ.
343 374 378 402 Εἰ
391 372 422 401 τὸ
432 373 459 401 ἐν
471 371 513 401 σοὶ
526 373 631 409 πνεῦμα
642 369 779 409 ἀλλότριον
790 370 839 404 τῆς

67 422 115 459 σῆς
128 418 226 455 οὐσίας,
240 418 286 448 καὶ
297 418 328 447 τὸ
341 419 369 447 ἐν
383 419 422 458 τῷ
433 418 497 457 Θεῷ
511 417 622 455 Πνεῦμα
640 414 776 454 ἀλλότριον
791 415 839 449 τῆς

66 468 112 495 τοῦ
126 467 196 504 Θεοῦ
211 464 310 497 οὐσίας.
325 462 452 493 Βούλεταί
463 475 490 492 τι
503 462 616 502 Ilm-7593
627 461 663 491 ‘H
679 460 744 497 αὖτὴ
756 459 838 500 βουλὴ

67 512 112 541 καὶ
130 512 195 541 Υἲοῦ
209 511 255 541 καὶ
266 510 341 550 ἁγίου
355 509 520 549 Πνεύματος.
534 507 662 538 Βούλεταί
673 519 700 536 τι
714 506 790 543 Υἱόςς
803 505 840 535 Ἡ

897 231 952 260 lius
975 243 981 259 ι
999 230 1065 259 alibi
1085 230 1187 260 dictum
1208 236 1263 266 est,
1277 230 1328 260 Dei
1349 229 1486 260 seientiam
1504 228 1637 259 neminem

894 276 1011 313 habere,
1036 275 1088 305 nisi
1112 276 1245 316 Spiritum
1273 283 1406 306 sanctum.
1429 275 1473 305 Ait
1497 275 1599 305 Paulus
1628 285 1635 301 :

894 323 985 352 Nemo
1005 324 1059 351 scit
1075 332 1140 362 quoe
1153 328 1221 351 sunt
1240 322 1376 358 hominis,
1390 323 1446 351 nisi
1457 322 1574 361 spiritus
1590 322 1639 350 ho-

895 369 992 405 minis,
1007 369 1058 406 qui
1081 370 1113 396 in
1129 369 1191 407 ipso
1213 374 1277 397 est.-
1301 370 1342 397 ita
1357 373 1385 396 et
1407 377 1473 406 quae
1494 366 1551 395 Dei
1569 372 1639 395 sunt

896 424 979 443 nemo
1002 415 1148 453 cognovit,
1165 415 1223 442 nisi
1243 413 1365 453 Spiritus
1380 413 1448 442 Dei.
1468 412 1499 443 Si
1512 411 1636 452 spiritus,

895 459 942 498 qui
963 466 1003 489 cst
1022 459 1049 488 in
1069 466 1103 495 te,
1115 470 1131 488 a
1156 466 1203 489 tua
1216 460 1364 489 substantia
1376 459 1480 489 alienus
1493 465 1542 494 est,
1556 459 1636 488 etiam
1651 447 1730 500 12⁶⁰*
1739 454 1764 470 ²¹

895 506 944 545 qui
964 506 993 535 in
1013 507 1070 535 Deo
1088 512 1128 534 est
1143 505 1263 545 Spiritus
1286 505 1391 535 alienus
1409 512 1449 535 cst
1467 516 1483 535 a
1498 505 1549 535 Dei
1571 505 1637 534 sub·
1704 535 1774 556 van-is

67 558 134 593 αὐτὴ
158 556 240 597 βουλὴ
271 555 378 594 Πατρὸς
402 556 447 585 καὶ
469 554 634 593 Πνεῦματος.
661 551 791 583 Βοόλεταί
812 563 839 580 τι
850 568 886 589 4⁸2
897 552 1005 582 stantia.
1025 550 1097 582 Vult
1118 550 1224 587 aliquid
1245 551 1345 580 Pater?
1357 550 1460 580 Eadem
1473 551 1600 582 voluntas
1612 556 1639 580 ct
1649 565 1701 586 Filii
1714 566 1791 594 Μεμ-

67 604 192 642 Πνεῦμα;
208 602 243 632 Ἥ
258 601 325 637 αὐτὴ
341 601 423 641 βουλὴ
444 600 551 640 Πατρὸς
565 599 610 629 καὶ
628 599 708 628 Υἱοῦ.
724 596 839 637 Ἐγείρει
860 595 880 619 Λ
898 597 964 627 Filii
976 604 1003 626 et
1016 596 1135 637 Spiritus
1155 596 1240 626 sancti
1252 603 1302 626 est.
1319 596 1391 627 Vult
1401 596 1508 635 aliquid
1528 595 1639 626 Filius?
1650 597 1705 617 ‘³¹⁰⁵
1723 597 1792 617 ⁸²⁰2*

67 651 81 678 ὁ
94 648 190 688 Πατὴρ
203 647 263 681 τοὺς
275 647 396 687 νεκρούς;
411 645 528 686 Ἐγείρει
547 645 593 675 καὶ
613 647 627 674 ὁ
640 644 711 677 Υἱός.
731 642 811 682 Λέγει
826 644 840 671 ὁ

68 694 164 733 Σωτήρ
172 706 178 712 ·
191 692 298 732 Ὥσπερ
308 692 359 732 γὰρ
368 694 382 721 ὁ
394 692 489 731 Πατὴρ
499 690 598 731 ἐγείρει
609 689 668 723 τοὺς
679 687 784 728 νεκροὺς
795 687 841 717 καὶ

70 741 201 774 ζωοποιεῖ,
214 738 283 768 οὕτω
297 737 342 767 καὶ
355 740 369 767 ὁ
380 731 443 771 rib}
455 737 499 771 οὓς
511 737 581 766 θέλει
595 737 724 770 ζωοποιεῖ.
740 733 808 763 Ἰδοὺ
822 736 839 770 ἡ

70 786 152 824 βουλὴ
168 784 330 824 συνηγμένη.
345 785 402 813 Ποῦ
417 779 462 813 οῦν
475 785 493 818 ἡ
508 782 589 823 βουλὴ
607 784 653 810 τοῦ
667 779 841 819 Πνεύματος;

68 832 170 861 Ἄκουε.
190 831 285 860 Ταῦτα
304 830 332 860 δὲ
346 829 434 859 πάντα
454 824 554 869 ἔνεργεῖ
572 828 603 857 τὸ
623 826 650 857 ἓν
673 825 763 856 καὶτὸ
777 825 841 855 αὐτὸ

67 878 196 916 Πνεῦμα,
213 877 330 916 διαιροῦν
344 876 397 915 ἰδίᾳ
418 875 523 915 ἑκάστῳ
536 872 622 907 καθὼς
637 872 769 912 βούλεται.
782 870 841 900 Μία

68 922 190 962 βασιλεία
208 921 330 962 Πατρὸς,
343 922 411 963 Υἱοῦι
423 920 469 951 καὶ
487 920 562 960 ἁγίου
581 918 746 958 Πνεύματος.
763 916 841 955 Μέμ-

67 980 146 1008 §pent
157 968 184 997 δὲ
195 969 210 997 ὃ
223 967 292 1000 Θεὸς
305 966 351 997 καὶ
365 971 418 1000 τοῖς
430 966 491 996 ἄνευ
503 966 612 1005 γνώμης
625 966 696 994 Θεοῦ
708 961 841 1003 πειρωμέ-

67 1025 121 1048 νοις
138 1025 165 1043 τι
178 1017 272 1043 ποιεῖν.
287 1012 368 1053 Λέγει
384 1012 428 1042 διὰ
446 1015 492 1042 τοῦ
511 1011 647 1052 προφήτου
658 1022 665 1028 ·
679 1009 749 1039 Οὐαὶ
763 1008 842 1037 τέκνα

66 1059 235 1095 ἀποστάται,
256 1054 328 1099 λέγει
349 1058 457 1098 Κύριος.
485 1057 647 1092 Ἐποιήσατε
674 1053 788 1094 βουλὴν,
812 1055 841 1082 οὐ

69 1107 102 1134 δι’
117 1107 198 1145 ἐμοῦ,
212 1105 258 1135 καὶ
277 1104 421 1140 συνθήκας,
435 1105 464 1133 οὗ
479 1102 523 1132 διὰ
543 1104 589 1131 τοῦ
609 1099 765 1139 Πνεῦμοιτός
779 1110 840 1138 μου.

70 1153 181 1192 Τρανῶς
191 1153 327 1191 παριστῶν
338 1149 387 1186 τὴν
400 1149 476 1189 ἁγίαν
485 1147 591 1188 Τριᾶδα
602 1147 676 1186 ἔλεγε
685 1149 696 1161 “
706 1145 843 1186 Ζαχαρίας

69 1199 84 1226 ὁ
93 1197 231 1238 προφήτης
240 1209 246 1215 ·
259 1196 435 1237 Ἰσχυέτωσαν
444 1195 475 1237 ἀἱ
489 1199 575 1235 χεῖρες
588 1192 741 1233 Ζοροὸάὸελ
749 1212 757 1227 ,
770 1190 843 1231 λέγει

70 1243 175 1283 Κύριος,
186 1243 231 1272 καὶ
242 1242 405 1283 ἶσχυέτωσαν
415 1242 443 1270 αἱ
453 1244 540 1281 χεῖρες
550 1238 672 1269 Ἰωσεδὲκ
682 1240 728 1268 τοῦ
743 1237 842 1277 ἱερέως,

70 1289 115 1318 καὶ
130 1290 157 1318 αἱ
178 1293 266 1329 χεῖρες
280 1290 326 1317 τοῦ
345 1288 410 1316 λαοῦ
421 1309 430 1324 ,
452 1286 519 1315 διότι
539 1284 592 1324 ἐγὼ
607 1286 664 1324 μεθ’
682 1285 756 1323 ὑμῶν
770 1285 843 1322 εἰμι,

70 1334 142 1374 λέγει
166 1334 278 1375 Κύριος,
299 1332 343 1363 καὶ
366 1335 381 1362 ὁ
403 1332 488 1372 Λόγος
503 1342 553 1370 μου
573 1333 588 1360 ὁ
610 1329 722 1369 ἀγαθός·
745 1329 790 1358 καὶ
813 1328 844 1358 τὸ

71 1380 183 1419 Πνεῦμά
204 1392 254 1420 μου
275 1380 303 1408 ἐν
326 1378 400 1419 μέσῳ
415 1379 499 1417 ὑμῶν.
514 1377 616 1410 Ἄλλως
631 1375 673 1413 δὲ,
688 1375 810 1416 ἀδελφοὶ,
825 1376 843 1410 ἠ

71 1425 240 1466 ἅναγέννησις
262 1426 339 1464 ἡμῶν
357 1426 485 1464 μαρτυρεῖ
504 1425 538 1463 τῇ
564 1421 731 1462 δημιουργίᾳ.
752 1422 786 1450 Et
806 1420 843 1459 μὴ

71 1471 228 1508 ἐκοινώνησε
246 1470 335 1511 Πατρὶ
355 1470 401 1500 καὶ
419 1471 478 1510 Υἱῷ
497 1469 528 1498 τὸ
543 1469 655 1507 Πνεῦμα
678 1468 715 1500 εἷς
735 1466 784 1502 τὴν
799 1467 845 1502 δη-

67 1517 210 1558 μιουργίαν
219 1538 228 1553 ,
242 1518 290 1546 οὐκ
309 1516 339 1545 ἂν
360 1515 531 1552 ἐκοινώνησεν
546 1515 583 1547 εἷς
596 1514 644 1550 τὴν
659 1512 842 1552 ἄναγέννησιν.

70 1565 136 1596 Πῶς
149 1562 328 1603 βαπτιζόμεθα
338 1574 346 1598 ;
358 1562 406 1590 Ἐν
421 1560 531 1600 ὀνόματι
541 1559 647 1599 Πατρὸς
666 1558 711 1588 καὶ
722 1559 788 1587 Υἱοῦ
800 1557 846 1586 καὶ

72 1609 148 1648 ἁγίου
167 1608 333 1647 Πνεῦματος.
344 1606 424 1636 ’Ποία
438 1605 534 1645 μείζων
552 1608 569 1641 ἡ
583 1604 740 1644 ι’γένν“ησις,
761 1602 779 1638 ἢ
797 1605 845 1638 τῆς

72 1654 259 1694 δημιουργίας,
273 1653 291 1688 ἢ
310 1654 358 1688 τῆς
378 1650 577 1691 μυσταγωγίαςς
596 1651 672 1679 Ἐκεῖ
686 1650 757 1689 ἀρχὴ
779 1650 847 1684 ζωῆς

74 1704 110 1734 εἰς
126 1700 246 1735 θάνατον,
257 1695 309 1728 ὦδε
323 1697 394 1739 ἀρχὴ
408 1697 520 1727 θανάτου
541 1698 578 1730 εἷς
591 1695 670 1731 ζωήν.
683 1697 744 1729 Πῶς
757 1695 846 1725 τοίνυν

73 1746 208 1787 ἐνδέχεται
219 1745 263 1775 ἐπὶ
278 1744 326 1784 μὲν
338 1747 384 1774 τοῦ
399 1743 514 1783 μείζονος
526 1742 648 1779 κοινωνὸν
663 1737 728 1771 εἶναι
739 1741 847 1782 Πατρὸς

73 1793 119 1823 καὶ
138 1793 204 1822 Υἱοῦ
223 1791 254 1820 τὸ
273 1791 346 1830 ἅγιον
366 1791 496 1828 Πνεῦμα,
519 1788 563 1818 ἐπὶ
583 1787 610 1818 δὲ
631 1790 677 1824 τῆς
692 1789 846 1828 σωματικῆς

74 1837 246 1879 δημιουργίας
259 1837 488 1876 ἀποοχοινίζεσθαι
505 1837 553 1871 τῆς
570 1835 658 1869 κοινῆς
679 1834 765 1871 ἀξίας;
787 1835 846 1864 Οὐκ

75 1885 106 1914 ἂν
122 1885 288 1923 ἐκτίσθημεν,
302 1884 325 1911 εἷ
340 1882 378 1921 μὴ
394 1882 445 1911 ὑπὸ
459 1884 505 1911 τοῦ
515 1880 589 1920 ἁγίου
605 1879 761 1919 Πνεύματος
769 1881 847 1919 ἐμορ-

75 1930 210 1971 φώθημεν.
230 1929 284 1959 Καὶ
301 1927 392 1964 ἐπειδὴ
414 1928 440 1957 ἐν
460 1929 494 1967 τῇ
508 1926 602 1967 πρώτῃ
618 1926 702 1956 κτίσει
724 1925 847 1956 κοινωνόν

76 1979 134 2006 ἐστι
143 1975 248 2016 Πατρὸς
262 1974 306 2004 καὶ
321 1974 403 2008 Υἷοῦ,
417 1973 513 2012 ὁμοίως
531 1972 576 2002 καὶ
591 1973 618 2001 ἐν
629 1974 667 2012 τῷ
681 1971 847 2012 βαπτίσματι

76 2022 197 2053 κοινωνὸν
219 2021 263 2051 καὶ
284 2019 415 2060 συνεργόν.
435 2019 523 2049 Πάλιν
544 2020 571 2048 ἐν
595 2020 627 2058 τῇ
642 2017 784 2047 ἀναστάσει
798 2019 848 2058 οὐχ

76 2065 129 2099 οἷόν
143 2081 171 2098 τε
185 2070 256 2108 ἡμᾶς
270 2067 356 2100 ἄλλως
370 2068 532 2101 ἀναστῆναι,
549 2067 572 2094 εἷ
585 2065 623 2104 μὴ
638 2064 743 2104 Πατρὸς
758 2063 847 2093 Θέλον-

1650 634 1693 648 una
1712 627 1792 648 volun--

897 644 1000 674 Eadem
1020 644 1149 675 voluntas
1165 650 1192 672 et
1210 644 1298 673 Patris
1320 650 1346 674 et
1371 644 1480 684 Spritus
1500 651 1548 674 est.
1564 644 1635 675 Vult
1651 662 1691 679 (³⁵.

897 689 1002 729 aliquid
1012 689 1131 729 Spiritus
1142 689 1155 718 i’
1171 688 1275 718 Eadem
1288 689 1413 719 voluntas
1425 696 1451 718 et
1461 689 1549 719 Patris
1561 695 1586 718 ct
1594 688 1642 718 Fi-

896 736 939 766 lii.
950 736 1068 767 Suscitat
1081 737 1160 765 Pater
1173 743 1292 766 mortuos
1300 736 1314 765 Ρ
1326 736 1443 766 Suscitat
1450 743 1475 766 et
1483 737 1583 767 Filius.
1596 737 1641 766 Ait

895 782 997 822 quippe
1007 782 1144 820 Sei-vator,
1151 782 1231 812 Sicut
1241 783 1319 811 enim
1327 783 1420 812 Pater
1430 784 1553 812 suscitat
1568 792 1642 812 mor-
1652 778 1764 801 πίω-53
1772 786 1791 800 ¹·

897 835 961 859 tuos
972 835 1001 858 et
1014 829 1160 869 vivificat,
1176 830 1219 857 sic
1233 835 1260 858 et
1273 830 1372 858 Filius
1384 839 1457 868 quos
1466 830 1533 859 vult
1541 831 1575 859 vi
1578 830 1642 869 vifi-

897 882 956 905 cat.
971 876 1041 905 Ecce
1054 875 1196 915 conjuncta
1210 875 1348 905 voluntas.
1364 876 1421 905 Ubi
1442 886 1506 915 ergo
1515 875 1642 905 voluutas

896 920 1034 961 Spiritus?
1054 920 1137 950 Audi.
1161 922 1236 950 Hoee
1255 926 1354 950 autem
1380 922 1479 950 omnia
1505 928 1643 960 operatur
1653 919 1676 966 ξι
1688 913 1741 936 Ου’·
1755 920 1790 936 ¹2'

897 976 973 996 unus
992 973 1082 1006 atque
1102 966 1180 996 idem
1200 966 1336 1005 Spiritus,
1359 967 1493 996 dividens
1516 967 1640 1007 singulis
1683 959 1690 966 ⁸

894 1019 980 1052 prout
991 1012 1070 1041 vult.
1085 1013 1181 1042 Unum
1194 1022 1308 1051 regnum
1321 1012 1408 1042 Patris
1422 1019 1447 1042 et
1457 1013 1523 1042 Filii
1536 1020 1561 1042 ct
1575 1008 1640 1053 spi·

895 1057 963 1087 ritus
979 1057 1075 1087 sancti.
1088 1057 1218 1097 Coarguit
1239 1064 1328 1087 autem
1348 1059 1422 1087 Deus
1444 1068 1500 1097 eos,
1515 1059 1565 1098 qui
1584 1059 1642 1088 sinc

860 1108 879 1131 B
896 1105 1037 1135 voluntate
1060 1104 1112 1134 Dei
1134 1104 1240 1143 aliquid
1258 1115 1336 1144 agere
1358 1111 1499 1135 conantur.
1526 1105 1572 1135 Ait
1592 1117 1641 1146 per

897 1150 1055 1191 prophetam
1067 1161 1073 1177 ε
1084 1151 1115 1179 V
1111 1162 1135 1180 ιε
1145 1151 1205 1190 filii
1218 1151 1390 1188 desertores,
1401 1151 1470 1180 dicii
1482 1152 1639 1187 Dominus.
1651 1149 1777 1173 1³⁰f·3⁰-¹·

896 1198 1022 1226 Fecistis
1033 1196 1200 1233 consilium,
1210 1207 1267 1225 non
1277 1207 1331 1236 per
1342 1207 1398 1234 me,
1407 1203 1436 1226 et
1437 1197 1569 1237 foedera,
1583 1209 1643 1227 non

895 1253 949 1282 per
968 1242 1106 1282 Spiritum
1128 1253 1233 1272 meum.
1253 1243 1332 1273 Clare
1352 1250 1469 1274 sanctam
1483 1244 1642 1274 Trinitatem

897 1295 1107 1318 commonstrans
1119 1288 1225 1318 dicebat
1241 1289 1385 1319 Zacharias
1396 1290 1526 1330 propheta
1542 1304 1548 1320 :
1567 1293 1642 1321 Con·
1653 1289 1715 1317 ΑΝ·
1729 1297 1752 1312 2·
1770 1289 1792 1312 5.

889 1335 1045 1376 sonentur
1064 1345 1169 1365 manus
1193 1336 1373 1372 Zorobabd,
1393 1337 1465 1366 dicit
1486 1338 1642 1375 Dominus,
1652 1321 1676 1343 δ’

898 1389 925 1410 et
942 1381 1147 1422 confortentur
1162 1391 1267 1411 manus
1284 1382 1410 1411 Josedec
1427 1380 1603 1421 sacerdotis,
1616 1391 1645 1414 et

900 1437 1005 1457 manus
1020 1427 1133 1467 populi,
1158 1429 1229 1467 quia
1244 1437 1296 1468 ego
1315 1429 1466 1458 vobiscum
1483 1439 1558 1467 sum,
1574 1431 1646 1460 dicit

899 1474 1055 1510 Dominus,
1063 1479 1090 1502 et
1102 1473 1229 1502 Verbum
1243 1483 1339 1502 meum
1351 1474 1472 1511 bonum,·
1484 1482 1512 1504 et
1522 1475 1646 1515 Spiritus

900 1529 980 1549 meus
991 1521 1023 1548 in
1037 1520 1133 1548 medio
1145 1525 1284 1548 vestrum.
1298 1521 1427 1549 Praeterea
1446 1530 1522 1558 vero,
1537 1521 1644 1558 fratres,

901 1566 1065 1606 regeneratio
1078 1572 1168 1594 nostra
1179 1565 1321 1594 creationis
1332 1565 1515 1595 testimonium
1529 1567 1647 1597 cst.Nisi

874 1606 884 1629 2
901 1609 1020 1650 Spiritus
1032 1609 1105 1639 Patri
1117 1615 1143 1638 et
1156 1608 1228 1638 Filio
1242 1619 1350 1639 consors
1363 1609 1457 1639 fuisset
1467 1610 1494 1638 in
1505 1610 1646 1646 creatione,

902 1665 987 1694 neque
1000 1654 1122 1684 fueritin
1140 1655 1349 1694 regeneratione.
1364 1655 1508 1692 Quomodo
1527 1656 1647 1696 baptiza-

902 1701 982 1731 mur?
992 1703 1030 1730 In
1045 1701 1162 1729 nomine
1172 1701 1273 1730 Patris
1287 1706 1316 1729 et
1327 1701 1402 1730 Filii
1409 1708 1437 1731 et
1447 1701 1570 1741 Spiritus
1580 1712 1647 1731 san-
1659 1697 1743 1719 ''Md''
1758 1696 1796 1720 ²⁸·

903 1749 953 1777 cli.
969 1749 1038 1785 Quae
1055 1747 1141 1787 major
1161 1747 1306 1787 generatio,
1321 1758 1356 1777 an
1372 1748 1523 1786 creationis,
1539 1759 1573 1778 an
1590 1749 1646 1779 ini-
1660 1735 1695 1757 ¹9·

902 1794 1041 1823 tiationis?
1061 1793 1122 1823 lllic
1143 1793 1309 1833 principium
1331 1794 1393 1824 vitae
1412 1794 1441 1823 in
1461 1802 1586 1833 mortem,
1601 1796 1648 1826 hic

904 1838 1067 1879 principium
1079 1833 1172 1868 inortis
1183 1838 1211 1868 in
1226 1839 1384 1882 vitam7Qui
1397 1850 1461 1880 ergo
1473 1841 1532 1870 fieri
1546 1848 1645 1882 potest,

904 1892 934 1914 ut
952 1884 1070 1925 Spiritus
1088 1882 1195 1914 san‘ctus
1212 1884 1240 1914 in
1251 1895 1283 1914 eo
1296 1885 1370 1924 quod
1387 1887 1476 1926 majus
1489 1894 1529 1916 est
1538 1897 1647 1918 consors

903 1931 938 1961 sit
955 1930 1042 1961 Patris
1058 1937 1084 1960 et
1103 1931 1187 1966 Filii;
1203 1931 1232 1960 in
1253 1931 1387 1972 corporali
1405 1939 1495 1963 autem
1516 1934 1648 1965 creatione

904 1989 919 2007 a
945 1976 1082 2007 communi
1115 1976 1244 2017 dignitate
1279 1978 1471 2009 removeatur?
1491 1981 1648 2020 Numquam

904 2023 1006 2053 conditi
1026 2022 1181 2060 fuissemus,
1194 2023 1246 2053 nisi
1269 2034 1284 2052 a
1301 2024 1407 2064 Spiritu
1426 2032 1518 2056 sancto
1541 2027 1648 2056 formati

904 2079 1031 2099 essemus.
1054 2069 1089 2098 Et
1110 2068 1174 2108 quia
1195 2069 1224 2098 in
1243 2070 1330 2110 prima
1348 2071 1482 2102 creatione
1499 2073 1588 2103 socius
1607 2081 1649 2103 est

76 2127 136 2152 τος,
150 2114 195 2144 καὶ
205 2114 270 2143 Υἲοῦ
283 2114 484 2151 συνεργοῦντος,
498 2111 543 2141 καὶ
555 2111 629 2150 ἁγίου
639 2109 794 2149 Πνεύματος
807 2111 850 2139 ἕν’
868 2118 887 2141 Ι)
904 2115 992 2145 Patris
1010 2121 1036 2144 et
1050 2114 1126 2153 Filii,
1141 2114 1265 2145 similiter
1282 2122 1309 2146 et
1327 2115 1355 2146 in
1376 2117 1536 2158 baptismate
1558 2119 1647 2149 socius

78 2162 260 2199 δυναμοῦντος.
282 2158 375 2187 Ἄκουε
404 2160 450 2186 τοῦ
475 2156 574 2197 Κυρίου
600 2156 720 2196 λέγοντος
729 2168 735 2175 ·
759 2157 847 2189 καλῶς

79 2202 150 2236 εἷπον
168 2207 214 2234 τοῦ
229 2204 340 2244 Κυρίου·
365 2205 388 2232 εἷ
412 2203 463 2242 γὰρ
477 2203 522 2232 καὶ
544 2202 653 2232 Παύλου
676 2202 733 2232 ἐστὶ
754 2201 847 2241 φωνὴ,

78 2252 147 2282 ἀλλὰ
156 2254 200 2282 τοῦ
212 2250 310 2290 Κυρίου
322 2250 378 2278 ἐστὶ
387 2248 460 2288 φωνή
470 2260 476 2266 ·
490 2249 568 2278 αὐτοῦ
581 2248 631 2288 γάρ
646 2249 716 2277 ἐστιν
728 2249 847 2278 ἀκοῦσαι·

79 2299 114 2328 Εἰ
140 2297 252 2337 δοκιμὴν
274 2297 376 2332 ζητεῖτε
397 2294 488 2324 λαὸεῖν
510 2297 555 2323 τοῦ
580 2296 606 2324 ἐν
629 2295 688 2333 ἐμοὶ
707 2295 848 2327 λαλοῦντος

79 2345 205 2384 Χριστοῦ.
220 2342 299 2382 Λέγει
313 2341 398 2371 τοίνυν
412 2342 426 2369 ὁ
440 2341 467 2369 ἔν
481 2340 583 2380 Παύλῳ
595 2341 683 2369 λαλῶν
693 2352 699 2359 ·
713 2340 807 2379 ’Υμεῖς
820 2339 847 2369 δὲ

79 2392 126 2420 οὐκ
138 2389 198 2419 ἐστὲ
216 2390 243 2418 ἔν
258 2387 352 2428 σαρκὶ,
367 2388 425 2416 ἀλλ’
441 2387 467 2415 ἐν
482 2386 628 2425 πνεύματι·
643 2385 717 2426 εἴπερ
734 2387 845 2425 Πνεῦμα

81 2442 152 2470 Θεοῦ
164 2441 230 2470 οἰκεῖ
242 2441 269 2469 ἐν
281 2441 352 2478 ὑμῖν.
370 2439 403 2467 Et
418 2436 446 2466 δέ
457 2449 496 2470 τις
510 2437 621 2476 Πνεῦμα
634 2438 705 2467 Θεοῦ
721 2438 770 2467 οὐκ
781 2436 846 2478 ἔχει,

79 2487 155 2524 οὗτος
168 2491 215 2519 οὐκ
230 2489 300 2519 ἔστιν
318 2490 406 2518 αὐτοῦ.
419 2489 453 2517 Εἰ
468 2488 495 2517 δὲ
508 2487 621 2527 Χριστὸς
634 2488 660 2516 ἐν
673 2488 745 2526 ὑμῖν,
758 2487 788 2517 τὸ
799 2488 846 2527 μὲν

115 2564 126 2574 ¹·
144 2559 266 2589 Ζαχαρίας.
279 2555 327 2580 Hic
336 2553 407 2579 loeus
416 2558 453 2579 est
461 2553 552 2586 Aggaei,
563 2558 591 2577 ut
600 2552 625 2577 in
635 2560 716 2585 marg.
726 2558 837 2579 notatur.

116 2596 130 2614 1,
147 2595 195 2620 llic
211 2602 298 2621 omncs
318 2594 375 2620 Mss.
389 2598 401 2624 ἡ
418 2598 557 2626 ἀναγέννησις
578 2591 670 2619 habent
680 2604 687 2626 5
708 2591 751 2619 sed
771 2592 838 2618 haurd

892 2167 943 2201 ‘est
951 2167 976 2190 ct
988 2160 1104 2201 adjutor.
1119 2161 1224 2190 Rursus
1237 2161 1264 2190 in
1279 2164 1472 2194 resurrectione.
1483 2165 1542 2193 fieri
1555 2166 1648 2204 nequit

906 2214 935 2236 ut
945 2217 993 2236 nos
1001 2207 1054 2236 alio
1062 2206 1143 2236 modo
1154 2217 1335 2248 resurgamus,
1344 2221 1425 2248 quam
1439 2212 1518 2240 Patre
1530 2211 1644 2247 volente,

905 2254 977 2284 Filio
995 2260 1162 2294 cooperante,
1174 2261 1200 2284 et
1213 2255 1317 2295 Spiritu
1331 2263 1421 2286 sancto
1434 2257 1561 2288 virtutem
1575 2268 1645 2297 prae-

903 2307 996 2330 stante.
1014 2299 1086 2330 Audi
1103 2301 1250 2330 Dominum
1265 2301 1397 2332 dicentem
1403 2315 1412 2339 3
1428 2311 1498 2332 recte
1509 2303 1568 2332 dixi
1581 2305 1644 2332 Do-

904 2349 1013 2377 minum
1029 2359 1037 2376 .·
1054 2347 1156 2377 etiamsi
1182 2347 1253 2377 enim
1277 2348 1356 2377 Pauli
1381 2359 1435 2379 vox
1461 2349 1510 2386 sit,
1537 2349 1646 2378 Domini

903 2402 990 2425 tamen
1013 2402 1051 2424 est
1065 2406 1071 2422 :
1088 2395 1151 2424 licet
1163 2394 1234 2424 enim
1246 2405 1280 2424 ex
1294 2395 1352 2434 ipso
1365 2395 1459 2424 audire
1474 2408 1484 2423 ι
1498 2395 1551 2423 Λη
1562 2405 1644 2434 expe-
1653 2395 1678 2441 Ξ
1692 2389 1744 2411 ⁶⁰⁵
1759 2391 1794 2413 ¹3·

904 2444 1058 2476 rimentum
1082 2443 1212 2481 quoeritis
1232 2442 1304 2480 ejus,
1321 2441 1374 2480 qui
1393 2442 1425 2469 in
1443 2451 1488 2469 me
1504 2441 1643 2480 loquitur,
1672 2436 1677 2441 ’

907 2489 1035 2519 Christi?
1049 2488 1094 2518 Ait
1107 2488 1190 2528 igitur
1201 2487 1229 2516 in
1243 2487 1327 2517 Paulo
1338 2487 1449 2526 loquens
1461 2487 1535 2517 :Vos
1547 2495 1643 2518 autem
1653 2486 1722 2508 ΒΜ·
1735 2486 1758 2509 8·
1771 2492 1795 2516 9-

1654 2524 1725 2540 -ΙΙ,

889 2553 965 2580 dubie
976 2553 1107 2588 legendum
1121 2557 1134 2582 ἡ
1144 2557 1247 2586 γέννησις.
