1904 2840
88 602 176 624 1bid.v.
187 599 225 622 58.

87 722 148 744 Ibid.
159 721 225 743 v.62.

87 752 125 775 63,

90 1707 179 1732 lln'd.v‚
192 1705 230 1735 76.

98 1986 155 2008 lbid.
170 1985 232 2014 v.75.

235 202 304 249 728

232 282 302 310 tum,
320 272 425 303 edoceri
437 271 601 312 Babylonios
619 272 758 312 oportebat
766 281 888 310 quaenam
901 281 974 300 crea-

233 322 299 343 turae
311 314 375 350 sint,
388 319 412 342 et
426 312 487 351 quis
501 312 687 341 universorum
704 312 823 341 Creator.
839 311 926 350 Atque
942 311 976 339 ab

233 354 334 393 angelis
347 352 457 392 quidem
472 351 616 391 incipiunt,
631 351 657 380 in
671 351 793 380 homines
805 357 894 379 autem
906 349 978 379 desi-

233 406 312 428 nunt.
328 398 463 428 AEstimati
477 404 540 427 sunt
551 397 591 427 dii
607 396 694 437 angeli
710 409 717 425 :
730 403 756 426 et
769 395 868 426 fabulis
882 395 978 437 prodi—

235 446 293 468 tum
316 445 355 468 est
372 437 446 478 apud
466 437 585 474 Graecos,
602 437 652 466 hos
675 447 743 477 quos
765 435 919 472 adoramus,
934 435 979 464 in·

256 479 343 515 nium,
358 477 434 514 deos,
451 476 560 521 angelos
581 486 638 506 esse
662 475 753 516 magni
774 475 836 505 Dei.
855 476 894 505 Ut
908 472 980 505 enim

256 524 394 548 onerentur
414 517 580 557 insiplentes,
595 526 648 545 non
665 516 735 546 inter
746 525 791 545 eos
804 514 851 555 qui
862 514 980 545 adoran-

236 565 291 594 tur,
300 557 348 587 sed
364 557 486 586 intereos
519 556 546 585 ui
562 555 684 592 adorant,
695 555 802 595 angelos
815 565 871 586 esse
883 563 980 584 nume-

237 596 345 633 randos,
368 603 488 636 ropterea
495 606 510 625 c
521 602 622 633 amant,
630 595 769 625 Benedici
771 601 808 632 te,
817 595 915 634 angeli
922 595 980 624 Do-

237 638 320 674 mini,
368 637 475 665 omino.
489 635 622 665 Adoratus
632 641 673 664 est
680 634 721 664 sol
733 641 760 664 et
770 634 845 670 luna,
857 640 883 663 et
893 633 981 663 omnis

236 676 316 705 turba
335 675 486 712 stellarum,
507 681 645 715 propterea
664 674 726 704 illas
767 683 855 713 unque
872 673 907 702 ad
926 673 980 714 hy-

236 726 362 744 mnorum
382 714 563 744 adorationem
580 721 729 744 assumunt.
771 713 923 750 enedicice,
935 713 981 742 in-

237 755 355 794 quit,sol
366 761 395 783 et
403 755 484 791 luna,
490 754 658 791 benedicite,
665 753 759 783 stellae
765 753 839 789 caeli,
846 753 980 782 Domino.

237 794 414 835 Deindepost
427 794 495 831 haec,
510 794 611 823 Omnis
624 795 716 823 imber
728 799 756 822 et
773 803 820 822 ros
842 793 979 821 Domino.

237 834 312 871 Quid
330 845 394 874 ergo
412 833 465 863 sibi
478 833 544 863 velit
560 832 640 869 illud,
657 834 757 862 Omnis
775 833 868 861 imber
879 838 907 861 et
921 841 980 870 ros,

237 880 266 902 et
280 876 373 903 omnis
387 874 521 913 spiritus,
538 883 624 913 operae
643 872 759 913 pretium
780 871 861 901 fuerit
880 881 981 911 expen-

236 912 318 942 disse.
338 914 526 953 Saepenumero
541 911 667 949 accidunt
680 911 821 948 siccitates,
835 921 866 940 ao
887 917 983 940 vento-

238 960 298 982 rum
312 953 427 993 impetus
441 951 625 993 intempestivi
639 964 646 981 ι
662 951 748 981 solent
760 957 850 980 autem
863 957 983 980 auctores

237 990 379 1030 mendacii,
388 999 414 1021 et
425 991 471 1030 qui
483 991 600 1021 vanitate
610 990 786 1027 delectantur,
798 989 915 1019 materiae
926 990 984 1019 cui-

238 1032 321 1071 piam,
337 1038 363 1061 et
375 1031 539 1060 confusionis
551 1031 618 1061 vitio
639 1037 734 1060 cuncta
757 1029 920 1065 adscribere,
937 1039 984 1058 ne-

237 1071 348 1100 scientes
357 1071 427 1100 nihil
433 1071 533 1109 absque
543 1077 612 1100 certa
620 1081 700 1099 causa
706 1069 749 1100 vel
755 1076 851 1099 temere
860 1068 930 1104 fieri,
937 1068 985 1098 sed

237 1110 293 1139 haec
299 1111 387 1140 omnia
395 1112 482 1140 Deum
488 1110 620 1139 moderari
625 1116 692 1144 ,tum
702 1109 859 1138 uthomines
863 1108 984 1138 erudian-

238 1156 293 1185 tur,
304 1156 364 1178 tum
373 1156 403 1178 ut
420 1149 583 1188 impietatem
599 1149 708 1178 evitent.
720 1149 788 1178 Nam
802 1154 985 1178 ereaturarum

237 1188 347 1226 quidem
356 1195 435 1228 aptus
446 1188 512 1217 ordo
520 1189 672 1218 Creatorem
680 1188 747 1217 solet
755 1187 912 1228 praedicare,
921 1197 984 1216 con-

237 1227 308 1257 fusio
319 1238 382 1256 vero
398 1227 578 1256 adorationem
590 1234 773 1256 creaturarum
788 1237 880 1256 secum
890 1226 982 1256 trahit.
1000 1233 1018 1256 E
1035 1227 1152 1256 ἀπαιτεῖ.
1169 1228 1203 1256 Εἴ
1216 1226 1268 1267 γὰρ
1281 1222 1313 1263 ἦν
1326 1226 1393 1256 θεῖόν
1407 1237 1438 1255 τι.
1445 1225 1490 1255 καὶ
1504 1224 1648 1263 σεὸάσμιον
1661 1226 1675 1254 δ
1689 1222 1804 1292 ὄμὸἕξὲ,

238 1267 267 1296 Si
277 1266 348 1295 enim
362 1267 449 1295 imber
458 1273 504 1295 aut
518 1266 629 1305 spiritus
640 1266 764 1295 divinum
773 1265 841 1304 quid
848 1273 895 1295 aut
905 1276 985 1295 vene-

237 1306 339 1335 ratione
349 1305 574 1345 dignumoessent,
587 1305 738 1334 inordinata
747 1315 799 1334 nou
815 1311 918 1334 essent:
932 1315 985 1334 nu-

237 1355 298 1374 men
311 1346 412 1385 quippe
425 1344 528 1373 ordinis
540 1344 769 1384 perturbationem
790 1354 841 1372 non
856 1343 982 1374 admittit.

237 1386 381 1424 Propterea
389 1384 492 1419 dicunt,
505 1385 605 1413 Omnis
623 1385 716 1412 imber
727 1389 756 1412 et
771 1393 830 1418 ros,
845 1389 873 1412 et
887 1393 986 1413 omnes

238 1426 355 1464 spiritus
375 1425 515 1453 Domino.
537 1422 647 1452 Adorati
666 1429 728 1452 sunt
747 1423 825 1452 etiam
848 1422 947 1452 imbres
960 1430 986 1453 et

238 1463 322 1500 venti,
343 1463 386 1492 illi
409 1462 520 1502 quidem
541 1469 570 1491 ut
582 1462 698 1498 alumni,
720 1462 749 1491 hi
773 1472 838 1492 vero
860 1469 890 1491 ut
910 1469 986 1492 terrae

238 1504 376 1532 fructuum
396 1502 513 1532 cultores
534 1502 664 1531 :adorata
682 1508 722 1531 est
742 1508 824 1537 terra,
849 1501 987 1541 ipsiusque

239 1543 342 1571 fructus
367 1541 483 1571 diversis
510 1541 677 1570 daemonibus
699 1547 761 1570 sunt
785 1540 907 1570 attributi
928 1553 936 1569 .·
957 1552 987 1571 ac

240 1582 322 1611 vitem
340 1581 450 1620 quidem
471 1581 568 1610 Bacchi
584 1580 701 1616 donum,
715 1580 802 1609 oleam
822 1586 911 1609 autem
931 1581 987 1610 Mi-

947 210 1079 234 SPURIA.

1709 228 1725 241 Ι

1031 273 1080 301 εἶσι
1092 271 1126 301 τὰ
1139 272 1292 312 ποιήματα,
1316 271 1357 307 τίς
1377 272 1404 302 δὲ
1422 274 1436 303 ὁ
1455 271 1568 308 ποιητὴς
1586 272 1638 301 τῶν
1661 269 1795 300 ἁπάντων.

1032 311 1085 341 Καὶ
1102 311 1227 352 ἄρχονται
1242 312 1290 351 μὲν
1304 313 1356 342 ἀπὸ
1375 312 1502 353 ἀγγέλων,
1517 311 1697 352 καταλήγουσι
1718 309 1746 339 δὲ
1764 310 1800 342 εἲς

1032 351 1191 391 ἀνθρώπους.
1217 352 1410 392 Ἐνομίσθησαν
1435 352 1541 392 ἄγγελοι
1566 351 1634 381 Θεοί·
1661 350 1707 380 καὶ
1734 350 1798 389 παρ’

1031 390 1147 426 Ἕλλησι
1161 392 1314 431 μυθεύεται,
1329 391 1369 421 ὅτι
1380 391 1503 428 τούτους,
1519 391 1610 432 φησὶν,
1623 390 1666 424 οὓς
1678 400 1799 430 προσκυ-

1030 433 1123 470 νοῦμεν
1145 430 1234 467 θεοὺς,
1253 431 1360 472 ἄγγελοί
1382 433 1493 462 εἷσιτοῦ
1511 430 1626 471 μεγάλου
1640 431 1721 460 Θεοῦ.
1739 428 1801 458 Ἵνα

1030 470 1101 510 ’γὰρ
1115 472 1290 501 παιδευθῶσιν
1306 474 1330 502 οἱ
1341 471 1449 512 ἄφρονες
1459 494 1466 506 ,
1483 470 1524 500 &t
1534 473 1563 500 οὖ
1577 471 1630 500 τῶν
1642 481 1664 499 π
1729 479 1801 497 υνου·

1031 510 1126 548 μένων,
1148 511 1216 540 ἀλλὰ
1239 513 1291 541 τῶν
1311 524 1332 541 π
1349 510 1526 541 οσκυνούντων
1548 510 1613 540 εἰσὶν
1633 511 1658 539 οἱ
1677 508 1800 548 ἄγγελοι,

1031 550 1074 580 διὰ
1094 553 1171 579 τοῦτο
1191 553 1296 591 βοῶσιν,
1343 553 1475 591 ὖλογεῖτε,
1494 550 1602 590 ἄγγελοι
1622 548 1737 589 Κυρίου,
1756 546 1801 577 τὸν

1028 589 1137 630 Κύριον.
1150 590 1339 631 Προσεκυνήθη
1354 590 1428 626 ἥλιος
1441 589 1486 620 καὶ
1497 590 1595 626 σελήνη
1605 588 1651 619 καὶ
1661 593 1713 621 πᾶς
1723 590 1738 617 ὁ
1747 587 1800 616 τῶν

1032 630 1149 670 ἀστέρων
1163 631 1249 671 χορός.
1270 630 1321 660 Διὰ
1337 634 1415 660 τοῦτο
1428 630 1474 660 καὶ
1493 629 1600 663 τούτους
1617 626 1801 668 παραλαμὸά-

1032 681 1119 700 νουσιν
1142 671 1178 703 εἷς
1197 670 1245 707 τὴν
1258 673 1311 700 τῶν
1330 670 1418 709 ὕμνων
1431 682 1453 699 π
1470 668 1621 705 οσκύνησιν.
1642 669 1800 706 Εὗλογεῖτε,

1033 709 1121 750 φησὶν,
1135 710 1222 746 ἥλιος,
1239 710 1285 739 καὶ
1303 709 1400 747 σελήνη
1409 721 1416 728 ·
1431 711 1459 739 εὖ
1478 713 1562 750 ογεῑτε
1573 731 1580 745 ,
1601 707 1686 748 ἄστρα
1698 711 1744 737 τοῦ
1755 707 1801 735 οὗ·

1035 752 1112 789 ρανοῒὶ
1123 771 1131 785 ,
1153 749 1197 779 τὸν
1211 750 1319 791 Κύριον.
1336 746 1404 780 Εἶτα
1426 749 1494 788 μετὰ
1513 751 1612 783 ταῦτα,
1625 748 1685 780 Πᾶς
1705 746 1759 787 6μὸ
1791 757 1803 779 ς

1033 789 1078 820 καὶ
1105 789 1194 830 δρόσος
1213 791 1278 819 ιτὸν
1294 790 1399 830 Κύριον.
1415 789 1452 818 Τί
1475 784 1519 818 οὖν
1539 787 1662 828 βούλεται
1679 787 1724 823 τὸ,
1773 790 1804 819 ἃς

1033 828 1132 869 ὄμὸρος
1145 829 1190 858 καὶ
1204 830 1294 869 δρόσος
1304 851 1312 865 ,
1335 829 1381 859 καὶ
1394 829 1481 859 πάντα
1500 827 1535 857 τὰ
1548 827 1702 867 πνεύματα,
1723 825 1803 856 καλὸν

1035 867 1066 901 ἂν
1087 869 1128 906 εἴη
1148 871 1291 905 σκοπῆσαι.
1311 868 1431 899 Γίνονται
1449 867 1578 901 πολλάκις
1599 866 1739 907 ἀνομὸρίαι
1758 864 1804 895 καὶ

1033 906 1213 948 1’πνευμάτων
1238 909 1295 949 βίαι
1321 908 1439 949 ἄκαιροι·
1466 909 1571 948 φιλοῦσι
1595 906 1623 937 δὲ
1646 906 1687 936 ἀεὶ
1711 907 1735 935 οἱ
1758 908 1804 934 τοῦ

1034 947 1143 988 ψεύδους
1163 949 1280 988 εὑρεταὶ,
1299 948 1344 978 καὶ
1357 950 1390 988 τῇ
1427 947 1563 983 αταιότητι
1580 945 1731 987 χαίροντες,
1753 944 1804 984 ὅλῃ

1034 987 1086 1016 τινὶ
1097 987 1142 1018 καὶ
1157 987 1239 1028 κακία
1252 988 1358 1023 ἀταξίας
1372 999 1459 1017 παντα
1471 985 1635 1027 ἐπιγράφειν,
1647 987 1695 1015 οὐκ
1708 984 1804 1017 εἰδότες

1034 1026 1075 1056 ὅτι
1087 1027 1161 1057 οὐδὲν
1174 1027 1327 1064 ἀδέσποτον,
1345 1027 1403 1057 οὐδὲ
1418 1026 1535 1066 ματαίως
1548 1037 1579 1066 γε
1597 1037 1641 1062 ενη
1693 1036 1730 1061 ον,
1745 1025 1804 1053 ἀλλ’
1856 1054 1858 1057 ,

1035 1066 1075 1096 ὅτι
1085 1070 1170 1097 ταῦτα
1181 1067 1269 1097 πάντα
1283 1069 1414 1104 οἰκονομεῖ
1423 1069 1437 1096 ὃ
1451 1066 1533 1102 Θεὸς,
1549 1077 1583 1095 κα
1605 1077 1626 1094 π
1657 1077 1669 1098 ς
1682 1063 1804 1094 παιδείαν

1035 1107 1180 1148 ἀνθρώπων
1194 1107 1238 1136 καὶ
1249 1107 1314 1147 πρὸς
1334 1106 1472 1147 ἀποφυγὴν
1490 1104 1622 1138 ἀσεὸείας.
1641 1104 1677 1134 ‘H
1692 1104 1739 1143 μὲν
1752 1102 1805 1143 γὰρ

1035 1147 1141 1182 εὐταξία
1152 1149 1205 1176 τῶν
1219 1146 1375 1186 ποιημάτων
1387 1146 1431 1175 τὸν
1443 1145 1601 1185 δημιουργὸν
1621 1143 1693 1174 εἴωθε
1708 1155 1742 1179 κη
1760 1143 1807 1172 ύτ·

1034 1198 1099 1222 τειν,
1114 1189 1131 1223 ἡ
1148 1187 1174 1217 δὲ
1191 1186 1284 1221 ἀταξία
1305 1186 1353 1222 τὴν
1375 1185 1553 1226 προσκύνησιν
1575 1186 1628 1214 τῶν
1650 1155 1804 1223 >triadem

1035 1265 1052 1301 ἢ
1063 1266 1097 1301 τὰ
1106 1266 1246 1305 πνεύματα
1255 1288 1263 1302 ,
1278 1267 1326 1296 οὔκ
1344 1266 1376 1295 ἂν
1389 1264 1521 1301 ἦτοίκτουν
1530 1276 1537 1283 ·
1551 1263 1582 1294 τὸ
1594 1262 1628 1304 γὰ
1656 1266 1724 1294 θεῖον
1792 1278 1805 1283 -

1036 1305 1092 1339 ξίαν
1102 1307 1150 1335 οὐκ
1160 1306 1320 1346 ἐπιδέχεται.
1335 1305 1386 1334 Διὰ
1397 1307 1474 1334 τοῦτο
1482 1303 1600 1343 λέγουσι,
1626 1274 1685 1336 fi&
1697 1301 1806 1342 ὄμὸρος,

1035 1344 1081 1374 καὶ
1107 1345 1213 1384 δρόσος,
1238 1344 1284 1374 καὶ
1306 1345 1394 1374 πάντα
1419 1343 1453 1374 τὰ
1474 1343 1613 1382 πνεύματα
1632 1342 1677 1372 τὸν
1699 1341 1806 1382 Κύριον.

1035 1384 1277 1424 Προσεκυνήθησαν
1290 1384 1335 1414 καὶ
1349 1383 1460 1424 ὄμὸροι,
1481 1382 1526 1412 καὶ
1540 1382 1648 1421 ἄνεμοι,
1670 1383 1694 1411 οἶ
1707 1380 1756 1420 μὲν
1770 1382 1807 1413 ὡς

1035 1428 1159 1463 τροφεῖς,
1184 1426 1207 1453 οἱ
1228 1423 1255 1453 δὲ
1277 1426 1313 1457 ὣς
1334 1422 1445 1463 γεωργοὶ
1467 1424 1515 1458 τῆς
1538 1423 1587 1460 γῆς
1609 1422 1662 1450 τῶν
1679 1422 1805 1461 καρταῗιν·

1035 1463 1218 1502 προσεκυνήθη
1234 1463 1261 1492 δὲ
1272 1466 1289 1499 ἣ
1299 1466 1333 1503 γη”“’
1342 1486 1350 1499 ,
1363 1463 1408 1492 καὶ
1422 1463 1446 1491 οἱ
1457 1461 1555 1497 ταύτης
1565 1460 1661 1500 καρποὶ
1675 1459 1807 1500 διαφόροις

1037 1502 1143 1542 δαίμοσι
1156 1502 1415 1543 προσεκληρώθησαν
1426 1514 1432 1520 ·
1452 1501 1502 1538 τὴν
1522 1501 1569 1540 μὲν
1584 1500 1703 1539 ἄμπελον
1717 1499 1807 1529 εἶπόν-

1036 1553 1079 1575 τες
1091 1544 1173 1583 δῶρον
1188 1542 1331 1578 Διονύσου,
1345 1542 1394 1578 τὴν
1409 1542 1436 1571 δὲ
1451 1541 1541 1570 ἐλαίαν
1554 1543 1602 1576 τῆς
1611 1539 1733 1576 Ἀθήνας·
1745 1539 1806 1568 εκαὶ

1038 1581 1111 1611 ἄλλω
1124 1583 1198 1611 ἄλλοι
1210 1582 1316 1622 καρποί.
1328 1581 1382 1611 Καὶ
1395 1582 1495 1615 τοῦτοᾷ
1508 1580 1585 1613 αὐτὸς
1597 1579 1674 1618 λόγος
1685 1581 1732 1615 τῆς
1744 1579 1808 1614 ἀλη-

240 1631 339 1658 nervae,
355 1628 381 1650 et
396 1620 464 1650 alios
482 1621 587 1649 fructus
605 1620 715 1649 alterius
727 1630 784 1649 esse
803 1619 936 1649 dicebant.
953 1621 1030 1654 Etffl
1039 1612 1109 1655 θείας
1131 1621 1337 1662 ἀσφαλιζόμενός
1365 1632 1454 1661 φησιν,
1478 1621 1634 1659 Εὖλογεῖτε,
1662 1618 1749 1648 πάντα
1775 1617 1809 1647 τὰ

1278 1664 1295 1670 ..-
1342 1661 1350 1671 x

240 1661 292 1689 hoc
317 1661 406 1700 ipsum
426 1659 499 1689 idem
517 1669 604 1688 sermo
625 1659 744 1688 veritatis
764 1658 926 1688 confirmans
939 1659 987 1698 ait,
1005 1665 1022 1686 Α
1039 1662 1156 1701 φυόμενα
1171 1663 1197 1691 ἐν
1213 1663 1246 1701 τῇ
1261 1673 1311 1701 γῃ,
1326 1673 1369 1690 τον
1384 1659 1490 1700 Κύριον.
1504 1659 1589 1692 Αὐτὸς
1605 1658 1656 1698 γάρ
1669 1660 1726 1688 ἐστι
1739 1657 1808 1688 πάν-

242 1701 421 1736 Benedicite,
437 1700 535 1728 omnia
549 1701 746 1739 germinantt'a
766 1699 798 1727 in
821 1705 908 1733 terra,
925 1700 990 1729 Do-

242 1742 332 1769 mino.
356 1741 417 1780 Ipse
439 1739 510 1768 enim
534 1739 657 1768 omnium
680 1748 739 1777 quae
761 1737 892 1777 producta
916 1746 987 1777 sunt,

241 1790 354 1818 qumque
387 1779 551 1819 germinant,
580 1779 691 1808 Creator
719 1784 758 1806 est
789 1784 815 1806 et
843 1778 987 1808 Dominus.

242 1819 347 1848 Deinde
360 1825 421 1859 post
438 1818 522 1853 istud,
542 1824 644 1846 montes
662 1823 689 1846 et
708 1817 799 1846 colles.
815 1818 888 1847 Num
906 1818 990 1857 igitur

242 1865 317 1887 extra
326 1865 422 1887 terram
436 1864 499 1886 sunt
511 1863 613 1886 montes
625 1863 649 1886 et
660 1856 764 1885 colles?
779 1857 892 1886 Minime
907 1868 987 1893 ver03

243 1898 289 1926 sed
311 1898 438 1936 quoniam
457 1897 486 1925 in
499 1896 636 1926 montibus
649 1895 819 1934 collibusque
837 1895 990 1926 daemonum

243 1937 453 1966 abominationes
476 1935 708 1976 perpetrabantur,
732 1935 825 1973 ibique
847 1935 991 1966 simulacra

244 1976 410 2012 colebantur,
425 1982 565 2015 propterea
585 1974 663 2013 dicit,
678 1975 855 2012 Benedicite,
880 1982 991 2006 montes

246 2021 272 2044 et
297 2016 397 2051 colles,
417 2016 556 2044 Domino.
576 2015 769 2045 Verumtamen
789 2015 859 2044 faeta
878 2015 989 2044 collium

245 2055 388 2091 mentione,
409 2055 523 2083 fontium
540 2064 648 2092 quoque
661 2064 691 2082 ac
706 2053 852 2084 fluviorum
866 2061 892 2083 et
908 2055 989 2084 maris

244 2094 366 2123 meminit
381 2106 387 2122 :
404 2104 464 2122 nam
484 2100 511 2122 et
531 2092 584 2132 ipsi
598 2093 709 2121 deorum
728 2094 757 2122 in
771 2104 912 2123 numerum
926 2101 990 2124 sunt

244 2133 332 2170 relati,
346 2140 372 2162 et
390 2132 523 2173 nymphas
542 2130 712 2172 appellarunt
724 2133 817 2168 fontes,
833 2135 989 2174 Neptunum

244 2183 327 2209 mare,
338 2172 444 2203 Sirenas
458 2171 586 2211 quasdam
595 2178 620 2200 et
631 2172 775 2210 Nereidas;
791 2173 889 2202 fluvios
900 2179 989 2202 autem

244 2212 368 2242 adoratos
389 2223 456 2249 esse,
476 2222 518 2240 res
540 2211 731 2255 AEgyptiorum
752 2212 778 2240 in
804 2212 877 2242 bunc
903 2222 988 2251 usque

243 2251 315 2281 diem
328 2259 458 2281 testantur
477 2263 483 2279 :
504 2260 625 2280 ascensui
644 2250 701 2279 Nili
723 2251 919 2288 sacrificabant,
936 2262 988 2280 non

243 2291 316 2330 quod
327 2292 415 2321 Deum
424 2291 514 2331 ipsum
523 2297 632 2330 propter
643 2300 699 2318 rem
712 2297 826 2319 creatam
835 2290 986 2328 laudarent,

242 2331 288 2360 sed
303 2330 376 2370 quod
389 2341 485 2370 aquam
504 2331 591 2370 ipsam
611 2336 747 2368 tamquam
767 2331 855 2359 Deum
875 2341 988 2359 venera—

242 2382 343 2404 rentur.
359 2374 464 2404 Idcirco
480 2381 507 2403 et
523 2373 633 2412 fluvios,
652 2380 680 2403 et
699 2373 797 2411 fontes,
815 2380 841 2403 et
859 2384 932 2403 mare
954 2374 989 2403 ad

274 2479 287 2492 *
305 2477 394 2510 [Sava.
408 2482 438 2504 ῑσ.
450 2478 523 2510 γρῦ...]

1038 1713 1090 1730 των
1109 1703 1161 1731 τῶν
1178 1700 1292 1741 φυέντων
1306 1700 1351 1730 καὶ
1369 1703 1423 1730 τῶν
1437 1699 1571 1740 φυομένων
1590 1697 1747 1738 δημιουργὸς
1763 1697 1809 1728 καὶ

1039 1741 1186 1777 Δεσπότης.
1209 1736 1276 1770 Εἶτα
1299 1740 1366 1779 μετὰ
1386 1742 1477 1774 τοῦτο,
1497 1739 1546 1779 ὄρη
1567 1738 1611 1768 καὶ
1635 1737 1731 1777 βουνοί.
1752 1732 1782 1768 Ἇ
1801 1738 1809 1749 ’

1039 1776 1083 1810 οῧν
1095 1779 1169 1814 ἐκτός
1182 1782 1234 1810 εἶσι
1254 1780 1288 1809 τὰ
1307 1780 1355 1820 ὄρη
1369 1780 1415 1809 καὶ
1429 1782 1453 1809 οἱ
1468 1778 1569 1819 βουνοί;
1587 1778 1734 1816 Οὐδαμῶς·
1750 1749 1809 1807 ἀλλ’

1039 1820 1130 1856 ἐπειδὴ
1150 1821 1176 1849 ἐν
1197 1824 1251 1853 τοῖς
1271 1822 1371 1860 βουνοῖς
1389 1819 1423 1850 τὰ
1438 1820 1490 1848 τῶν
1501 1817 1642 1857 ,δαιμόνων
1658 1816 1740 1857 μιαρὰ
1759 1828 1810 1846 κα-

1040 1859 1215 1896 τεσκεύαστο,
1231 1861 1307 1889 κάκεῖ
1325 1858 1360 1888 τὰ
1381 1860 1523 1899 ἀγάλματα
1545 1860 1744 1898 προσεκυνεῖτο,
1767 1855 1811 1885 διὰ

1040 1899 1117 1929 τοῦτό
1148 1911 1217 1936 ησιν,
1230 1900 1370 1939 Εὗλογεῖτε
1380 1921 1389 1936 ,
1410 1899 1458 1939 ὄρη
1473 1898 1518 1927 καὶ
1531 1896 1631 1937 βουνοὶ,
1645 1895 1688 1925 τὸν
1701 1895 1809 1936 Κύριον.

1042 1938 1110 1969 Ἀλλ’
1139 1950 1194 1978 μως
1209 1938 1390 1978 μνημονεύσας
1409 1939 1461 1967 τῶν
1484 1938 1592 1977 βουνῶν,
1613 1935 1745 1975 μέμνηται
1765 1934 1810 1964 καὶ

1041 1981 1092 2008 τῶν
1106 1980 1200 2018 πηγῶν
1214 1978 1259 2007 καὶ
1270 1979 1397 2017 ποταμῶν
1411 1978 1456 2007 καὶ
1469 1976 1602 2012 Θαλάσσης
1611 1987 1618 1994 ·
1635 1975 1680 2005 καὶ
1699 1974 1750 2015 γὰρ
1765 1974 1811 2005 καὶ

1042 2019 1119 2047 αὐταὶ
1129 2018 1343 2053 ἐθεοποιήθησαν·
1354 2017 1398 2046 καὶ
1409 2017 1511 2056 νύμφας
1520 2015 1648 2045 ἐκάλεσαν
1657 2014 1704 2047 τὰς
1712 2014 1810 2054 πηγὰς,

1041 2058 1196 2087 Ποσειδῶνα
1215 2057 1264 2093 τὴν
1289 2057 1434 2093 θάλασσαν,
1452 2057 1580 2095 Σειρῆνας
1602 2054 1674 2087 τινὰς
1688 2053 1733 2083 καὶ
1747 2055 1806 2089 Νη-

1042 2097 1141 2137 ρηίδας·
1151 2097 1192 2126 ὅτι
1204 2096 1231 2126 δὲ
1241 2096 1286 2126 καὶ
1299 2095 1414 2134 ποταμοὶ
1426 2094 1668 2135 προσεκυνήθησαν,
1681 2097 1808 2133 μαρτυρεῖ

1041 2136 1074 2166 τὰ
1086 2139 1111 2166 ἓν
1124 2135 1251 2176 Αἰγύπτῳ
1269 2135 1348 2175 μέχρι
1366 2137 1412 2170 τῆς
1433 2135 1523 2174 δεῦρο·
1538 2132 1610 2163 ἔθυον
1632 2135 1665 2172 τῇ
1685 2132 1811 2162 ἀναδάσει

1040 2179 1084 2206 τοῦ
1097 2176 1206 2211 Νείλου,
1222 2177 1251 2204 οὐ
1265 2175 1321 2204 θεὸν
1336 2174 1414 2204 αὐτὸν
1429 2174 1472 2203 ἐπὶ
1486 2175 1520 2212 τῇ
1533 2173 1609 2213 φύσει
1625 2172 1810 2211 Θαυμάζοντες,

1041 2217 1098 2245 ἀλλ’
1115 2215 1178 2245 αὐτὸ
1195 2214 1225 2244 τὸ
1238 2215 1308 2254 ὕδωρ
1321 2216 1356 2248 ὡς
1375 2213 1431 2244 θεὸν
1449 2213 1644 2253 θεραπεύοντες.
1667 2213 1719 2242 Διὰ
1734 2215 1812 2241 τοῦτο

1040 2256 1085 2285 καὶ
1098 2254 1234 2294 ποταμοὺς
1244 2255 1288 2283 καὶ
1302 2254 1388 2294 πηγὰς
1401 2253 1445 2282 καὶ
1460 2253 1593 2283 θάλασσαν
1607 2254 1644 2286 εἷς
1657 2251 1706 2288 τὴν
1718 2254 1808 2291 ὑμνῳ-

1041 2294 1098 2324 δίαν
1118 2295 1252 2324 καλοῦσιν.
1267 2289 1336 2323 Εἶτα
1346 2294 1380 2323 τὰ
1390 2292 1498 2322 πετεινὰ
1515 2295 1561 2322 τοῦ
1578 2293 1687 2332 ούρανοῦ
1708 2291 1753 2320 καὶ
1775 2289 1810 2318 τὰ

1040 2335 1124 2370 κτήνη
1134 2346 1140 2352 ·
1151 2333 1271 2374 οὐδὲγὰρ
1282 2336 1365 2362 ταῦτα
1379 2332 1508 2366 θεοποιίας
1520 2331 1594 2365 ἐκτός
1601 2343 1608 2350 ·
1621 2330 1727 2370 καὶγὰρ
1736 2329 1812 2362 ἀετὸς

1040 2377 1227 2414 προσεκυνεῖτο
1237 2396 1245 2410 ,
1259 2373 1305 2403 καὶ
1318 2372 1390 2413 ἱέραξ
1401 2385 1407 2391 ·
1422 2372 1467 2402 καὶ
1480 2372 1514 2401 τὰ
1527 2370 1606 2412 θηρία
1618 2370 1663 2400 καὶ
1676 2369 1711 2399 τὰ
1724 2368 1807 2405 κτήνη

1081 2485 1092 2497 t
1107 2476 1214 2503 Scorial.
1233 2481 1270 2503 καὶ
1290 2479 1353 2510 ἄλλῳ
1370 2479 1439 2502 ἄλλον
1458 2480 1553 2510 καρπόν.
1569 2472 1716 2507 Legendum
1733 2478 1808 2505 putet

274 2526 285 2537 ε
305 2516 425 2550 [scorial.
439 2516 512 2542 addit
528 2520 565 2543 ml
585 2520 660 2543 πάντα
675 2520 706 2543 τὰ
720 2518 848 2550 πνιύματα.
857 2516 1003 2549 ((Ορῑὶωε.η
1046 2515 1154 2541 Coteler.
1167 2521 1205 2543 καὶ
1217 2520 1288 2543 ἄλλου
1305 2519 1375 2542 ἄλλον
1392 2520 1486 2547 καρπόν.
1497 2514 1589 2547 [Suvil.
1603 2518 1632 2540 ἴσ.
1646 2517 1683 2540 καὶ
1694 2517 1757 2546 ἄλλῳ
1767 2515 1810 2539 ἄλ·

241 2557 361 2589 Colcha]

271 2597 285 2615 ¹»
302 2595 409 2622 Scorial.
422 2597 540 2628 πνεύματα
551 2599 615 2628 βιαῖα
628 2598 721 2628 ἄκαιρα.

1047 2558 1097 2583 λους
1113 2556 1236 2589 καρπού;.]
1247 2555 1316 2579 Infra
1334 2553 1440 2579 scorial.
1458 2555 1590 2587 δημιουργὸς
1601 2556 1639 2579 καὶ
1654 2555 1731 2588 δοτὴρ.
1745 2554 1804 2578 εἶτα.

1045 2594 1057 2607 '⁴¹
1069 2593 1135 2627 Qun-²
1147 2594 1221 2618 lectio
1233 2602 1282 2618 ηοη
1294 2592 1443 2627 spernenda.
