1890 2826
228 183 300 219 618
713 190 758 212 An
783 188 1001 213 THEODORUM
1026 188 1311 213 MOPSUESTENUM.

229 267 299 287 unus
309 255 419 290 habent,
430 255 456 283 ἐν
468 253 562 293 καρδίᾳ
570 252 716 293 θησαυρὸν,
730 258 761 281 ut
774 261 872 291 supra;
882 250 931 280 alii
944 256 1034 280 autem
1046 250 1114 288 duo,
1129 252 1156 280 ἐν
1171 249 1280 289 Κιλικίᾳ
1290 249 1420 288 θησαυρόν
1427 251 1447 278 ².
1461 250 1551 285 Quam
1571 248 1712 278 lectionem
1726 257 1792 276 con-

229 304 317 332 firmat
333 300 428 331 Codex
440 306 529 330 noster
541 298 777 339 sangermanensis
788 298 816 327 in
827 307 881 336 quo
897 296 1007 337 legitur,
1026 297 1114 327 talem
1125 299 1158 326 in
1170 297 1278 327 Cicilia
1299 297 1478 326 thesaurum.
1503 294 1577 325 Huic
1595 294 1704 325 lectioni
1722 294 1794 322 favet

228 349 309 378 etiam
329 345 473 377 Facundus
490 345 689 376 Hermianensis
707 344 759 374 lib.
773 344 803 381 ⁷,
817 353 877 383 cap.
892 343 922 379 7,
935 353 964 382 p.
987 343 1058 379 653,
1079 342 1155 372 Edit.
1177 341 1328 378 Sirmondi,
1340 341 1404 380 fol.;
1418 341 1466 380 qui
1486 339 1631 371 Facundus
1646 349 1753 378 quoque
1766 338 1793 366 ἐν

228 393 337 434 Κιλικίᾳ
351 394 459 432 legerat.
481 392 576 431 Itaque
588 391 658 421 hanc
669 391 811 421 lectionem
821 390 848 419 ἐν
862 388 972 429 Κιλικίᾳ
992 399 1074 427 quam
1091 387 1195 418 ibidem
1212 387 1241 417 in
1261 394 1322 417 nota
1336 397 1489 427 germanam
1505 397 1563 416 esse
1578 385 1792 426 suspicabamur,

226 441 283 481 jam
296 450 387 470 veram
397 449 454 469 esse
465 438 681 479 pronuntiamus.
695 437 788 476 sicque
796 444 908 476 prorsus
917 434 1062 476 legendum
1071 445 1127 464 esse
1137 443 1286 464 censemus.
1299 433 1330 463 Si
1340 443 1422 473 porro
1430 432 1592 463 Theodorus
1604 430 1650 461 hic
1661 431 1690 461 in
1698 429 1795 461 Cilicia

229 486 371 526 episcopus
381 485 471 521 fuerit,
486 483 562 514 haud
573 483 657 513 dubie
674 485 880 523 Mopsuesoenus
893 481 956 518 erit,
971 480 1046 520 quod
1056 481 1135 510 etiam
1145 479 1174 509 in
1188 479 1268 510 titulo
1282 479 1369 509 fertur
1384 479 1412 508 in
1423 477 1611 518 Manuscripto
1631 478 1795 517 Sangerma-

231 533 316 569 nensi‚
329 533 370 561 ad
385 533 411 561 T
407 532 567 561 luendorum
587 532 827 570 Mopsuestenum
844 530 1019 568 episcopum,
1030 538 1093 557 cum
1113 526 1235 566 alioquin
1253 526 1363 555 nullum
1386 525 1472 556 alium
1485 525 1513 555 in
1524 525 1622 556 Cilicia
1639 524 1796 565 episcopum

231 579 416 619 Chrysostomi
429 578 548 608 amicum
558 577 642 608 fuisse
654 577 781 614 sciamus,
795 582 973 616 praeterquam
986 574 1161 604 Theodorum
1174 575 1406 614 Mopsuestenum.

272 626 335 654 Haec
343 625 434 664 itaque
443 623 522 654 lectio
531 634 582 665 pro
595 630 693 654 asserta
705 624 762 663 jam
773 628 800 652 et
812 621 963 652 indubitata
979 620 1073 651 haberi
1092 621 1184 651 debet.
1204 621 1299 659 Neque
1312 626 1401 649 tamen
1413 618 1592 649 omittendum
1610 625 1662 656 est,
1678 616 1709 648 id
1723 615 1798 656 quod

232 670 354 701 observat
366 669 568 708 Tillemontius,
580 669 687 700 etiamsi
699 670 727 699 ἐν
741 667 838 709 καρδίᾳ
851 668 997 708 legeretur,
1009 666 1084 696 hunc
1094 673 1183 696 tamen
1196 665 1374 696 Theodorum
1383 675 1441 694 esse
1452 666 1676 704 mopsuestenum
1687 662 1798 693 omnino

232 724 354 757 oportere
366 729 372 745 ι
384 726 447 746 nam
460 716 529 746 duos
541 716 631 747 solum
643 715 799 746 Theodoros
808 714 945 752 novimus,
957 714 993 744 ad
1005 723 1073 752 quos
1085 713 1143 743 haec
1151 712 1262 753 epistola
1277 711 1359 741 missa
1378 710 1460 740 fuisse
1473 710 1600 750 potuerit,
1627 711 1799 749 Mopsueste-

232 774 298 793 num
310 774 405 804 nempe
414 763 443 793 in
455 763 563 801 Cilicia,
578 769 605 793 et
615 763 757 803 Tyaneum
769 762 798 792 in
811 760 994 802 Cappadocia.
1007 761 1118 801 Tyaneo
1134 767 1224 790 autem
1238 759 1314 789 nulla
1323 758 1407 788 fuisse
1427 757 1621 788 consuetudine
1637 757 1748 796 junctus
1758 754 1801 784 vi-

232 809 313 840 detur
320 810 544 850 Chrysostomus;
559 808 698 839 Theodori
710 815 801 838 autem
811 806 996 848 mopsuesteni
1007 817 1023 836 a
1032 816 1117 847 puero
1126 807 1230 836 amicus
1236 805 1334 835 suerat.

266 908 277 919 ⁸
294 898 457 934 [Lectionem
472 898 576 925 Codicis
584 898 730 925 Coisliniuui
740 897 826 931 paullo
837 897 980 923 accuratius
991 904 1067 930 quam
1078 895 1172 922 Montf.
1180 894 1338 921 exhibuimus
1347 902 1422 927 supra
1432 895 1507 919 Tum.
1519 895 1544 925 3,
1554 902 1579 926 p.
1586 892 1655 918 laud.
1665 898 1719 918 not.
1727 893 1766 925 6.]

194 1118 227 1138 ῡὸί
246 1117 273 1144 E
275 1126 294 1144 x
305 1115 403 1145 codice
416 1115 479 1145 MS.
510 1124 591 1143 num.
602 1114 662 1144 526
675 1112 864 1143 Bibliothecae
877 1112 976 1142 sancti
989 1111 1129 1141 Germani
1142 1120 1161 1139 a
1172 1113 1277 1149 pratis,
1289 1111 1341 1149 qua·
1351 1119 1428 1138 nono
1441 1109 1548 1139 saeculo
1561 1109 1719 1148 descriptus
1724 1109 1801 1150 suit.

415 1229 513 1269 Incipit
529 1228 658 1259 Johannis
674 1227 962 1267 Constantinopolitani
975 1226 1011 1256 ad
1025 1225 1199 1256 Theodorum
1213 1226 1433 1264 Mopsuestenum
1446 1224 1625 1266 Episcopum.

278 1345 307 1375 Si
318 1350 385 1374 esset
395 1342 506 1383 quidem
518 1343 609 1373 venire
622 1342 761 1382 possibile,
771 1348 901 1382 tuamque
913 1340 1089 1370 reverentiam
1101 1340 1292 1379 caritatemque
1306 1341 1458 1380 complecti,
1471 1341 1499 1370 in
1512 1342 1570 1381 ipsa
1577 1342 1731 1383 jocundari,
1744 1354 1807 1373 cum

239 1392 325 1422 multa
336 1392 387 1421 hoc
397 1390 537 1421 velocitate
549 1395 575 1418 ct
588 1388 678 1418 studio
690 1389 851 1418 faceremus:
862 1387 990 1427 quoniam
1003 1393 1092 1416 autem
1110 1386 1162 1416 hoc
1175 1386 1254 1416 nobis
1268 1397 1321 1417 non
1335 1388 1449 1428 adjacet,
1463 1398 1534 1417 nunc
1545 1388 1630 1418 literis
1643 1389 1694 1419 hoc
1713 1389 1808 1430 imple-

240 1449 309 1468 mus.
322 1438 352 1468 Si
362 1436 435 1467 enim
448 1436 484 1466 ad
496 1436 568 1476 ipsos
579 1435 645 1464 fines
658 1434 753 1464 mnndi
768 1433 908 1470 ducamur,
923 1441 977 1463 tuae
989 1432 1141 1462 dilectionis
1154 1433 1332 1473 integritatem
1342 1440 1369 1464 et
1379 1435 1522 1473 fervorem,
1537 1441 1564 1464 et
1576 1435 1633 1465 sine
1643 1435 1708 1465 dolo
1718 1435 1808 1465 since-

240 1485 345 1514 ritatem
358 1483 483 1514 oblivisci
496 1493 548 1512 non
559 1492 712 1522 possumus,
726 1492 786 1520 quae
807 1488 846 1510 est
867 1481 975 1519 amiqua
990 1487 1015 1509 et
1029 1491 1043 1509 a
1058 1480 1203 1520 principio,
1219 1491 1353 1520 quamque
1366 1491 1438 1511 nunc
1450 1482 1614 1512 monstrasti.
1628 1483 1722 1522 Neque
1735 1483 1807 1514 enim

241 1540 289 1559 nos
301 1529 380 1559 latuit
390 1536 488 1568 quanta
501 1539 551 1568 pro
560 1528 639 1557 nobis
651 1534 677 1557 et
689 1527 778 1556 dicere
789 1533 815 1556 et
827 1527 913 1556 facere
926 1525 1150 1563 festinasti‚meus
1163 1525 1174 1565 (
1184 1527 1246 1563 sic)
1259 1526 1463 1557 honoratissime
1476 1533 1555 1567 atque
1565 1527 1741 1557 sanctissime.
1753 1528 1808 1558 Sed

242 1575 291 1605 etsi
316 1575 385 1605 nihil
399 1575 516 1615 amplius
527 1575 627 1603 factum
638 1580 687 1611 est,
703 1574 792 1603 Deum
803 1579 891 1602 tamen
904 1572 986 1601 habes
1001 1581 1050 1612 pro
1074 1578 1120 1600 tuo
1144 1571 1234 1601 studio
1256 1579 1283 1602 et
1294 1573 1430 1603 alacritate
1443 1573 1608 1611 debitorem,
1624 1574 1809 1614 integramque

242 1622 401 1652 mercedem.
416 1623 473 1652 Nos
491 1628 579 1651 autem
592 1631 646 1650 non
659 1620 831 1660 quiescimus,
844 1619 955 1649 scientes
967 1627 1019 1649 tuae
1042 1618 1155 1658 gratiam
1174 1620 1332 1658 sanctitatis,
1346 1627 1373 1650 et
1394 1628 1468 1651 tuam
1486 1621 1662 1651 reverentiam
1681 1621 1807 1651 omnibus

243 1667 427 1708 praedicantes,
441 1675 522 1707 atque
533 1673 670 1708 poscentes
682 1666 803 1696 eamdem
822 1665 993 1695 dilectionem
1010 1665 1148 1695 florentem
1160 1675 1209 1705 per
1223 1666 1314 1696 omnia
1328 1667 1493 1699 conservari.
1506 1667 1567 1698 Non
1581 1667 1692 1698 enimin
1703 1667 1807 1698 deserto

243 1713 363 1743 sedentes
372 1713 488 1743 fortuita:
500 1711 693 1743 intercessionis
704 1713 806 1741 fructus
818 1711 958 1749 habemus,
971 1710 1079 1750 quando
1091 1711 1171 1740 talem
1181 1711 1209 1741 in
1221 1712 1317 1742 Cilicia
1329 1713 1487 1744 thesaurum
1500 1720 1526 1744 et
1535 1713 1686 1745 reconditas
1697 1713 1807 1746 divitias

246 1759 413 1799 possidemus
429 1771 436 1789 =
451 1759 508 1789 haec
518 1766 557 1789 est
568 1759 638 1789 enim
651 1759 727 1789 fortis
740 1765 766 1788 et
779 1758 894 1798 vigilans
909 1758 1003 1787 animae
1017 1764 1067 1787 tuae
1078 1757 1197 1788 dilectio.
1214 1758 1347 1799 Explicit.
