1890 2826
188 126 255 159 312

188 198 278 227 maris.
297 197 326 225 Si
346 203 461 225 terrena
479 194 542 223 dixi
559 194 659 230 vobis,
674 197 703 222 et
720 203 780 221 non
799 192 926 221 creditis.

189 245 248 273 Non
260 243 342 279 dixit,
353 244 414 272 Non
428 239 638 281 persuademini,
651 239 708 276 sed,
719 239 790 268 Non
798 239 930 274 creditis,-

188 289 328 319 ostendens
345 287 422 317 nobis
433 310 440 324 ,
463 287 485 315 si
504 293 607 315 terrena
626 284 680 314 fide
702 295 771 325 opus
793 284 929 320 habeant,

191 337 276 366 multo
299 334 386 375 magis
407 332 531 363 caelestia.
555 331 615 361 Etsi
637 338 701 361 tunc
725 330 872 361 Nicodemo
895 329 931 359 de

189 390 267 424 partu
292 383 447 420 loqueretur
470 379 549 418 longe
574 377 677 407 minore
682 389 692 416 3
713 376 749 406 de
771 377 931 417 baptismate

190 440 305 468 namque
315 438 401 458 sermo
407 433 473 463 erat,
485 432 511 455 ct
524 424 558 454 de
568 423 765 464 regeneratione
773 423 909 463 spirituali
921 434 929 451 t

191 476 238 506 sed
249 476 338 516 palam
351 481 390 503 est
400 484 429 503 ea
443 472 522 501 etiam
534 470 588 500 fide
599 481 655 500 csse
667 469 928 510 comprehensibilia.

198 524 322 554 Terrena
332 527 419 550 autem
430 519 478 548 illa
485 517 603 555 vocavit,
614 527 667 546 non
674 517 748 557 quod
758 524 860 546 terrena
870 527 932 547 vere

528 131 557 155 S.
585 130 722 154 JOANNJS
747 129 930 153 cnnvsosT.
953 129 1107 153 ancuml’.
1136 129 1405 154 CONSTAN'HNOP.

984 190 1085 228 σπόιην
1100 193 1153 221 τῶν
1167 192 1285 232 οὗρανῶν
1301 193 1539 233 πολυπραγμονεῖς.
1552 193 1587 223 Εἴ
1601 192 1635 222 τὰ
1649 192 1752 233 ἐπίγεια

984 232 1057 267 εἶπον
1067 239 1139 276 ὑμῖν,
1152 237 1198 268 καὶ
1207 240 1236 268 οὗ
1249 238 1397 269 πιστεύετε.
1412 240 1472 269 Οὔκ
1485 234 1567 274 εἶπεν,
1579 241 1608 269 οὐ
1623 239 1753 276 πείθεσθε,

985 284 1053 319 ἀλλ’,
1067 284 1108 313 Οὔ
1122 283 1275 314 πιστεύετε·
1289 285 1389 319 δεικνὺς
1409 287 1484 323 ἡμῖν,
1497 285 1539 314 ὅτι
1550 286 1573 315 εἰ
1586 285 1631 315 καὶ
1646 285 1679 314 τὰ
1691 284 1752 314 ἐπί-

984 341 1044 369 γεια
1067 329 1181 364 πίστεως
1205 331 1308 366 δεῖται,
1333 332 1425 372 πολλῷ
1449 332 1550 372 μᾶλλον
1573 331 1608 360 τὰ
1636 330 1752 371 οὐράνια.

985 375 1081 405 Καίτοι
1101 376 1161 405 τότε
1182 378 1221 417 τῷ
1243 376 1390 417 Νικοδήμῳ
1414 376 1476 416 περὶ
1495 379 1603 406 τοκετοῦ
1623 376 1755 416 διελέγετο

984 422 1052 451 πολὺ
1066 421 1215 456 ἐλάττονος·
1228 422 1289 463 περὶ
1313 425 1359 452 τοῦ
1383 422 1567 463 βαπτίσματος
1585 422 1636 463 γὰρ
1650 424 1664 452 ὁ
1677 422 1754 461 λόγος

986 462 1029 505 ἧν,
1050 468 1096 498 καὶ
1115 470 1163 504 τῆς
1185 468 1381 508 ἀναγεννήσεως
1398 471 1447 505 τῆς
1465 470 1663 508 πνευματικῆς·
1686 467 1756 498 ἀλλὰ

987 514 1065 549 δῆλον
1075 513 1116 543 ὅτι
1128 513 1174 543 καὶ
1186 517 1271 544 ταῦτα
1282 514 1372 544 πίστει
1381 515 1437 545 ἐστὶ
1450 515 1618 551 κατάληπτα.
1630 514 1757 554 Ἐπίγειοι

191 569 261 605 sint,
272 567 318 597 sed
334 565 408 606 quod
420 565 447 594 in
464 571 534 594 terra
547 570 777 600 consummentur,
790 569 816 592 et
828 573 933 603 compa·
941 585 978 605 ,⁶9
987 559 1013 588 δὲ
1036 559 1103 589 αὐτὰ
1123 559 1257 596 ἐκάλεσεν,
1278 561 1327 589 οὐκ
1350 560 1441 597 ἐπειδὴ
1464 560 1568 600 ἐπίγειά
1591 561 1672 598 ἐστιν,
1695 561 1755 590 ἀλλ’

192 615 293 645 ratione
307 613 382 642 illius
397 610 552 648 ineffabilis,
565 617 591 640 et
603 620 710 639 omnem
723 616 839 639 mentem
852 619 932 649 supe-
950 613 969 636 A
987 605 1078 642 ἐπειδὴ
1093 606 1120 634 ἐν
1133 607 1166 645 τῇ
1180 608 1215 646 γῇ
1228 607 1359 644 τελεῖται,
1373 606 1418 636 καὶ
1434 609 1468 647 τῇ
1481 606 1618 647 συγκρίσει
1634 609 1683 643 τῆς
1699 606 1754 636 ἄνω

194 662 277 692 rantis
288 658 477 700 generationis,
491 657 548 686 haec
567 656 621 687 sint
633 654 748 686 terrena.
761 655 789 686 Si
803 665 867 694 ergo
879 665 932 684 non

192 714 277 749 potest
288 704 413 744 intelligi,
426 714 480 743 quo
499 710 575 744 pacto
590 713 625 733 ex
637 702 715 742 aquis
731 712 931 741 regeneremur,

192 754 239 785 sed
251 753 307 782 sola
322 751 375 781 fide
391 750 419 780 id
436 750 572 790 percipere
582 755 713 790 oporteat,
725 759 813 787 neque
822 747 933 777 modum

190 800 295 829 curiose
313 797 455 837 explorare
469 809 475 824 :
488 802 594 834 quantae
613 795 722 824 insaniae
743 794 823 824 fuerit
838 793 878 823 de.
887 805 934 823 su-

189 856 271 886 perna
287 844 455 885 generatione
467 842 597 882 unigeniti
609 841 675 871 Filii
691 841 810 870 humana
826 841 934 870 ratioci-

190 892 234 921 nia
242 901 358 927 movere,
366 897 391 919 et
398 888 471 918 modi
481 887 658 928 generationis
666 887 782 917 rationes
790 886 934 927 expetere?

192 937 334 975 Quomodo
349 937 407 966 sine
418 942 493 976 patre
510 941 537 963 et
552 934 610 964 sine
627 940 711 963 matre
729 934 780 963 Dei
793 933 894 970 Filius,
909 940 935 963 et

191 984 325 1024 quomodo
337 984 395 1013 sine
408 981 561 1023 genealogia
578 981 614 1010 sit
625 1003 632 1018 ‚
645 980 709 1010 satis
722 980 935 1010 demonstratum

190 1038 238 1060 est.

231 1078 258 1106 5.
272 1075 325 1106 Sed
345 1075 472 1115 quoniam
496 1074 577 1103 multi
599 1083 652 1102 non
677 1073 854 1113 intelligentes
875 1085 935 1113 quae

191 1122 225 1151 dc
239 1121 434 1152 Melchisedeco
448 1121 547 1160 scripta
556 1126 628 1154 sunt,
636 1119 726 1159 ipsum
737 1120 817 1149 etiam
828 1121 936 1151 Christo

192 1172 320 1212 majorem
331 1179 387 1198 csse
395 1167 532 1203 dixerunt,
542 1166 719 1204 haeresimque
730 1166 935 1206 constituerunt,

90 1221 184 1244 Melchi-
193 1222 220 1245 et
231 1222 363 1246 vocantur
370 1211 606 1247 Melchisedecitae,
619 1211 749 1250 nobisque
761 1212 935 1250 contendunt,

42 1253 185 1306 {cfffi{{'fma-
194 1268 220 1291 et
237 1267 375 1301 pugnant,
389 1259 479 1299 ipsum
498 1267 555 1287 esse
573 1256 682 1286 Christo
702 1258 848 1297 majorem,
865 1258 937 1288 illud

40 1314 114 1345 jurem
124 1316 185 1337 dice·
195 1307 355 1337 adducentes
363 1329 371 1343 ,
387 1306 429 1335 Tu
448 1315 478 1334 es
496 1303 630 1333 sacerdos
643 1304 675 1331 in
688 1309 827 1333 oeternum
838 1315 938 1334 secun-

42 1348 187 1399 ζῇἳὶὴὴζὲῖῗ
195 1354 266 1383 dum
278 1353 409 1382 ordinem
421 1350 617 1380 Melchisedec
629 1362 637 1378 .-
653 1349 709 1379 illis
722 1360 828 1389 quoque
844 1361 938 1380 oecur-

42 1416 102 1429 cum.
195 1410 253 1429 rere
270 1405 385 1439 oportet.
399 1398 501 1427 Dicunt
513 1396 584 1426 enim
598 1408 605 1425 ε
620 1395 764 1433 Quomodo
787 1406 840 1426 non
857 1397 939 1427 fuerit

42 1439 84 1461 ¹²⁵·
100 1437 184 1469 '⁰9·4·
195 1447 242 1476 ille
257 1445 365 1476 Christo
378 1445 475 1484 major,
489 1442 638 1473 secundum
655 1443 733 1482 cujus
751 1442 894 1482 imaginem
912 1450 938 1473 et

193 1493 316 1522 ordinem
329 1491 457 1521 Christus
475 1488 652 1519 sacerdotium
670 1489 794 1518 exercet?
804 1490 859 1518 Nos
874 1500 938 1530 ergo

192 1538 308 1567 dicimus
330 1537 421 1578 ipsum
435 1535 572 1565 hominem
588 1545 654 1571 esse,
665 1533 777 1574 perinde
792 1541 871 1574 atque
889 1546 938 1566 nos

193 1583 363 1624 passionibus
376 1581 536 1617 obnoxium,
550 1590 597 1610 nec
611 1580 740 1619 majorem
755 1579 874 1618 Christo,
883 1580 938 1611 imo

985 651 1130 691 γεννήσεως
1153 654 1201 688 fri<
1225 652 1375 692 ἀποῤῥήτου
1388 652 1435 682 καὶ
1447 652 1535 682 πάντα
1548 652 1758 693 ὖπερὸαινούσης

987 701 1056 734 νοῦν,
1071 697 1175 738 ἐπίγεια
1193 697 1278 728 ταῦτά
1297 700 1377 728 ἐστιν.
1392 699 1428 728 Εἰ
1438 698 1524 728 τοίνυν
1537 701 1594 733 πῶς
1608 698 1758 739 ἀναγεννώ-

988 746 1056 782 μεθα
1069 744 1100 773 ἐκ
1112 745 1164 773 τῶν
1179 744 1282 773 ὗδάτων
1296 746 1325 774 οὐ
1338 744 1446 774 δυνατὸν
1460 743 1556 774 εἷδὲνοιι
1565 766 1574 780 ,
1589 744 1658 774 ἀλλὰ
1668 744 1758 775 πίστει

989 789 1056 829 μόνῃ
1069 789 1268 830 παραδέχεσθαι
1281 790 1334 831 χρὴ
1347 790 1377 820 τὸ
1391 790 1536 830 γινόμενον,
1548 791 1594 820 καὶ
1605 791 1651 820 τὸν
1662 790 1757 832 τρόπον

990 835 1027 875 μὴ
1042 835 1258 876 περιεργάζεσθαι
1266 847 1273 854 ·
1287 836 1372 873 πόσης
1383 836 1414 865 ἂν
1425 836 1467 872 εἴη
1483 836 1578 876 μανίας
1588 836 1633 867 ἐπὶ
1645 840 1690 873 τ’ἥς
1703 837 1758 867 ἅνω

988 881 1133 921 γεννήσεως
1145 885 1192 912 τοῦ
1207 885 1361 922 μονογενοῦς
1380 883 1446 912 Υἱοῦ
1467 883 1609 922 λογισμοὺς
1629 883 1760 923 ἀνθρωπί-

989 939 1048 962 νους
1062 933 1152 964 κινεῖν,
1165 929 1211 958 καὶ
1222 928 1319 969 τρόπου
1339 928 1485 968 γεννήσεως
1498 929 1606 963 εὐθύνας
1619 931 1758 966 ἀπαιτεῖνς

989 976 1053 1008 Πῶς
1067 975 1178 1015 ἀπάτωρ
1191 974 1237 1004 καὶ
1250 975 1362 1016 ἀμήτωρ
1371 977 1386 1004 ὁ
1400 975 1464 1009 Υἱὸς
1484 978 1531 1005 τοῦ
1549 977 1620 1006 Θεοῦ
1630 997 1639 1012 ,
1662 977 1759 1009 ἱκανῶς

988 1021 1187 1058 ἀποδέδεικται,
1197 1020 1243 1051 καὶ
1255 1023 1312 1055 πῶς
1326 1021 1540 1061 ἀγενεαλόγητος.

1030 1076 1102 1107 Ἀλλ’
1113 1075 1204 1113 ἐπειδὴ
1218 1075 1312 1105 πολλοὶ
1327 1075 1364 1115 μὴ
1384 1075 1526 1112 νοήσαντες
1545 1075 1580 1105 τὰ
1599 1075 1661 1116 περὶ
1680 1077 1760 1106 αὐτοῦ

990 1122 1163 1164 γεγραμμένα
1172 1145 1180 1160 ,
1191 1122 1237 1151 καὶ
1251 1122 1357 1162 μείζονα
1369 1124 1415 1152 τοῦ
1429 1123 1546 1162 Χριστοῦ
1560 1122 1638 1152 αὓτὸν
1649 1117 1716 1152 εἶναι
1729 1123 1762 1152 εἰ·

992 1170 1104 1210 ρήκασι,
1131 1168 1176 1198 καὶ
1199 1168 1392 1205 συνεστήσαντο
1414 1170 1516 1202 ἑαυτοῖς
1529 1167 1639 1209 αἵρεσιν,
1657 1168 1702 1198 καὶ
1714 1169 1762 1199 λέ-

989 1226 1082 1255 γονται
1108 1217 1119 1230 “
1129 1215 1367 1255 Μελχισεδεκιταὶ,
1392 1214 1438 1244 καὶ
1463 1215 1653 1255 φιλονεικοῦσιν
1677 1216 1743 1254 ἡμῖν
1751 1237 1760 1251 ,

991 1260 1071 1295 δεῖξαι
1086 1259 1253 1300 βουλόμενοι,
1266 1260 1307 1289 ὅτι
1318 1261 1414 1299 μείζων
1428 1260 1486 1290 ἐστὶ
1495 1263 1542 1290 τοῦ
1552 1261 1684 1301 Χριστοῦ,
1698 1271 1763 1302 προ·

990 1306 1113 1346 φέροντες
1123 1305 1170 1342 τὸ,
1191 1304 1231 1335 Σὺ
1246 1305 1330 1346 ἱερεὺς
1344 1308 1381 1340 εἷς
1393 1307 1438 1336 τὸν
1451 1309 1534 1337 αἰῶνα
1546 1306 1616 1337 κατὰ
1626 1307 1676 1344 τὴν
1687 1307 1760 1342 τάξιν

990 1350 1171 1393 Μελχισεδέκ·
1190 1352 1291 1395 δεῖκαὶ
1313 1352 1378 1392 πρὸς
1393 1353 1486 1387 αὐτοὺς
1506 1355 1667 1389 ἀπαντῆσαι.
1685 1354 1761 1384 Φασὶ

989 1397 1056 1438 γάρ·
1081 1399 1138 1432 πῶς
1151 1399 1199 1427 οὖκ
1211 1397 1243 1427 ἂν
1257 1398 1297 1435 εἴη
1312 1399 1429 1439 Χριστοῦ
1451 1399 1557 1438 μείζων,
1572 1394 1602 1428 οὗ
1620 1398 1690 1428 κατὰ
1700 1399 1760 1435 ιτὴν

990 1444 1079 1474 εἰκόνα
1092 1444 1138 1474 καὶ
1157 1444 1205 1481 τὴν
1218 1444 1292 1479 τάξιν
1305 1445 1437 1485 ἱερατεύει
1450 1445 1564 1486 Χριστός
1570 1457 1580 1484 ;
1601 1445 1696 1484 Ἡμεῖς
1714 1441 1759 1475 οὖν

989 1490 1112 1530 λέγομεν,
1127 1490 1204 1520 αὐτὸν
1219 1490 1355 1531 ἄνθρωπον
1372 1493 1520 1531 ὁμοιοπαθῆ
1534 1493 1609 1531 ἡμῖν,
1631 1490 1677 1521 καὶ
1700 1490 1760 1520 οὔτε

992 1536 1097 1576 μείζονα
1110 1540 1156 1566 τοῦ
1168 1538 1284 1577 Χριστοῦ
1295 1558 1303 1572 ,
1322 1538 1381 1567 ἀλλ’
1397 1538 1457 1567 οὔτε
1470 1537 1593 1567 Ἰωάννου
1603 1540 1650 1566 τοῦ
1664 1539 1761 1577 βαπτι-

991 1586 1054 1613 στοῦ
1063 1595 1070 1602 ·
1083 1582 1188 1618 Μείζων
1202 1583 1254 1623 γὰρ
1268 1585 1348 1613 αὐτοῦ
1359 1606 1367 1620 ,
1382 1583 1462 1624 φησὶν
1476 1586 1491 1613 ὀ
1503 1583 1618 1624 Χριστὸς
1627 1606 1635 1621 ,
1654 1584 1681 1612 ἐν
1701 1594 1761 1623 γεν-

194 1640 242 1660 nec
263 1631 366 1661 Joanne
388 1628 520 1668 Baptista;
534 1628 635 1666 Major
654 1625 727 1655 enim
752 1627 806 1655 illo
819 1649 827 1664 ,
850 1627 974 1667 inquito
991 1633 1079 1666 νητοῖς
1096 1630 1230 1669 γυναικῶν
1252 1630 1301 1659 οὐκ
1323 1630 1473 1670 ἐγήγερται.
1495 1629 1604 1660 ”anon
1628 1628 1657 1659 δὲ
1679 1629 1760 1659 πάλιν

45 1681 128 1703 Matth-
146 1687 183 1703 ιι.
193 1677 319 1707 Christus
330 1698 338 1713 ‚
354 1677 431 1704 inter·
448 1680 532 1703 natos
552 1673 708 1702 mulierum
725 1683 784 1702 non
799 1675 937 1704 surrexit.

46 1718 83 1735 ¹¹·
195 1722 251 1752 Alii
265 1733 373 1751 rursum
388 1727 504 1750 errantes
519 1719 614 1749 dicunt
633 1718 724 1759 ipsum
736 1729 792 1749 esse
805 1719 939 1761 Spiritum

194 1776 333 1803 sanctum;
348 1767 395 1798 sed
407 1768 460 1796 hoc
470 1777 525 1796 non
537 1765 656 1795 dicimus
669 1776 729 1795 nos.
739 1767 808 1796 Nam
821 1778 881 1806 quae
894 1778 939 1797 ne-

194 1816 301 1845 cessitas
313 1815 407 1844 fuisset
414 1814 539 1845 Verbum
551 1812 603 1842 Dei
617 1812 790 1848 incarnari,si
801 1814 859 1853 jam
871 1814 939 1844 olim

193 1862 311 1902 Spiritus
330 1868 436 1890 sanctus
453 1860 534 1889 homo
553 1859 639 1888 sactus
662 1858 776 1888 fuisset?
789 1859 858 1896 Quia
874 1870 938 1890 vero

194 1918 242 1937 nec
255 1909 340 1948 major
352 1907 474 1943 Christo,
489 1916 538 1935 nec
555 1904 674 1945 Spiritus
693 1911 801 1934 sanctus
818 1911 872 1940 est,
892 1905 937 1935 di-

194 1961 255 1983 cant
271 1953 349 1983 nobis
367 1953 426 1989 illi,
441 1953 519 1992 cujus
542 1951 595 1981 loci
617 1951 707 1991 ipsum
726 1962 783 1981 esse
802 1958 935 1982 statuant:

195 2010 229 2029 an
243 1999 354 2029 caelestis
363 1999 377 2028 Ξ)
389 2009 422 2027 an
433 1997 585 2027 terrestris?
592 2007 627 2026 an
635 1996 821 2027 subterranei?
831 1997 861 2028 Si
874 2008 938 2037 ergo

195 2045 286 2075 dicant
303 2044 532 2075 Melchisedecum
543 2043 590 2073 vel
608 2054 624 2072 e
646 2042 793 2073 caelestium
809 2046 937 2082 numero,

194 2092 240 2121 vel
259 2091 329 2120 alius
348 2091 542 2130 cujuscumque
563 2089 617 2119 loci
638 2099 711 2127 esse,
729 2089 842 2119 audiant
859 2089 940 2119 illum
957 2099 976 2122 n

195 2147 265 2177 genu
277 2137 383 2167 flectere
396 2136 504 2166 Christo
513 2158 521 2174 ,
538 2135 586 2174 qui
600 2135 752 2164 incarnatus
772 2142 812 2165 est
831 2146 867 2165 ex
879 2136 941 2166 Dei-

47 2191 149 2222 Philipp.
161 2198 183 2214 2.
196 2194 260 2224 para
274 2183 372 2213 Maria.
388 2182 435 2212 Ait
447 2182 520 2212 enim
532 2181 669 2222 apostolus
680 2183 760 2221 :Ipsi
771 2192 856 2210 omne
865 2192 941 2222 genu

47 2229 82 2244 ¹⁰·
184 2230 337 2272 flectetur,
352 2236 404 2259 ete.
419 2228 450 2259 Si
468 2238 546 2257 omne
565 2238 634 2267 genu
651 2227 779 2264 flectitur,
794 2238 857 2257 sane
870 2228 941 2258 Mel-

195 2276 319 2306 chisedec
332 2275 441 2306 Christo
453 2274 542 2303 minor
553 2273 646 2311 fuerit,
661 2272 755 2303 adorat
767 2273 839 2303 enim
855 2273 940 2303 Chri-

195 2330 278 2352 stum.
291 2323 321 2353 Si
335 2321 454 2351 infelices
467 2320 511 2350 illi
522 2330 553 2349 ac
566 2319 657 2349 miseri
671 2330 702 2349 ea
715 2329 775 2358 quae
791 2327 940 2359 sequuntur

991 1676 1169 1712 πλανηθέντες
1193 1675 1315 1715 λέγουσιν
1339 1675 1417 1706 αὐτὸν
1442 1671 1510 1706 εἶναι
1535 1675 1566 1706 τὸ
1594 1676 1707 1714 Πνεῦμα
1730 1674 1762 1705 τὸ

993 1722 1066 1762 ἅγιον
1077 1733 1084 1740 ·
1096 1721 1157 1751 ἀλλ’
1167 1724 1245 1760 ἡμεῖς
1262 1721 1322 1751 οὐδὲ
1335 1722 1413 1752 τοῦτό
1426 1733 1521 1763 φαμεν.
1537 1721 1615 1752 Ἐπεὶ
1628 1720 1669 1755 τίς
1683 1720 1762 1761 χρεία

991 1768 1037 1798 τὸν
1050 1767 1137 1808 Λόγον
1156 1770 1203 1798 τοῦ
1225 1769 1295 1798 Θεοῦ
1317 1769 1532 1808 ἐνανθρωπῆσαι,
1552 1767 1604 1805 ἤδη
1617 1767 1702 1797 πάλαι
1714 1769 1761 1796 τοῦ

992 1813 1148 1853 Πνεύματος
1158 1814 1296 1854 ἀνθρώπου
1309 1814 1461 1854 γεγονότος;
1483 1814 1548 1844 Ὅτι
1570 1813 1598 1843 δὲ
1620 1815 1668 1843 οὔκ
1690 1813 1762 1843 ἔστιν

992 1859 1087 1899 μείζων
1100 1861 1217 1900 Χριστοῦ
1225 1883 1234 1897 ,
1247 1859 1306 1889 οὔτε
1321 1859 1348 1889 δὲ
1361 1860 1442 1889 πάλιν
1461 1860 1491 1889 τὸ
1511 1861 1623 1898 Πνεῦμα
1633 1859 1664 1889 τὸ
1675 1859 1760 1898 ἅγιον,

991 1905 1143 1935 εἰπάτωσαν
1163 1908 1228 1945 ἡμῖν
1249 1907 1357 1942 ἐκεῖνοι,
1380 1905 1456 1935 ποίου
1470 1905 1568 1946 χωρίου
1592 1900 1660 1934 εἶναι
1683 1904 1762 1934 αὐτὸν

991 1951 1128 1991 λέγουσιν’
1150 1947 1202 1991 ἆρα
1223 1950 1360 1991 οὖρανίου;
1381 1946 1432 1991 ἆρα
1452 1951 1584 1991 ἐπιγείου;
1598 1950 1760 1990 ἣκαταχθο·

991 1997 1063 2034 νίου;
1075 1996 1141 2027 Ἐὰν
1152 1993 1197 2027 οὖν
1203 1997 1324 2034 εἴπωσιν,
1332 1997 1372 2026 ὅτι
1381 1999 1433 2027 τῶν
1443 1996 1569 2038 οὐρανίων
1581 1997 1651 2027 ἐστὶν
1664 1998 1678 2026 ὁ
1689 1998 1763 2026 Μελ-

992 2042 1101 2084 χισεδὲκ
1109 2066 1117 2080 ,
1141 2042 1159 2079 ἢ
1182 2043 1263 2073 ἄλλου
1282 2042 1351 2076 τινὸς
1374 2043 1472 2083 χωρίου
1482 2065 1491 2079 ,
1510 2042 1698 2073 ἀκουσάτωσαν
1721 2042 1762 2072 ὅτι

994 2090 1040 2120 καὶ
1054 2089 1131 2123 αὐτὸς
1147 2089 1209 2129 γόνυ
1227 2089 1345 2128 κάμπτει
1357 2091 1395 2129 τῷ
1407 2091 1515 2129 Χριστῷ
1539 2091 1578 2130 τῷ
1601 2089 1763 2130 σαρκωθέντι

995 2138 1026 2166 ἐκ
1039 2138 1087 2172 τῆς
1099 2135 1220 2165 θεοτόκου
1233 2135 1347 2176 Μαρίας.
1366 2135 1446 2175 Λέγει
1458 2134 1509 2175 γὰρ
1521 2137 1535 2164 ὁ
1549 2135 1708 2172 ἀπόστολος,
1723 2134 1764 2165 ὅτι

997 2183 1078 2223 Αὐτῷ
1087 2181 1188 2222 κάμψει
1200 2186 1254 2211 πᾶν
1266 2181 1338 2221 γόνυ,
1358 2180 1403 2211 καὶ
1412 2181 1446 2210 τὰ
1459 2181 1526 2216 ἑξῆς.
1537 2182 1571 2210 Εἰ
1581 2176 1626 2211 οὖν
1634 2186 1687 2211 πᾶν
1701 2180 1763 2221 γόνυ

994 2228 1123 2268 κάμπτει,
1137 2230 1152 2258 ὁ
1165 2227 1333 2267 Μελχισεδὲκ
1345 2227 1462 2257 ἐλάττων
1474 2227 1505 2257 ἂν
1517 2227 1557 2264 εἴη
1572 2230 1617 2256 τοῦ
1632 2228 1763 2268 Χριστοῦ·

996 2276 1138 2315 προσκυνεῖ
1160 2273 1212 2314 γὰρ
1225 2275 1264 2314 τῷ
1278 2273 1498 2314 προσκυνουμένῳ
1511 2275 1629 2314 Χριστῷ.
1644 2274 1679 2303 Εἰ
1693 2272 1720 2302 δὲ
1739 2274 1764 2302 οἱ

996 2319 1133 2351 ἄθλιοικαὶ
1141 2320 1260 2356 τάλανες,
1270 2319 1315 2350 καὶ
1325 2319 1355 2349 τὸ
1362 2319 1422 2356 ἑξῆς
1431 2319 1569 2360 εἰρημένον
1576 2319 1746 2356 σκοπήσωσιν
1757 2331 1764 2338 ·

227 2427 237 2439 ²
254 2420 292 2444 De
299 2416 514 2449 Melchisedeeitis‚
521 2424 584 2449 quos
592 2417 801 2449 Μελχισεδεκιανοὺς
811 2422 887 2442 vocat
895 2417 957 2450 Epi·
1004 2426 1082 2443 masc.
1096 2418 1189 2443 Haeresi
1203 2418 1244 2443 55.

194 2458 309 2491 phanius,
317 2457 376 2483 vide
387 2455 455 2489 apud
466 2456 548 2488 ipsum
557 2455 651 2479 Haeresi
660 2455 701 2486 35,
709 2455 745 2480 al.
753 2455 793 2486 55,
801 2465 826 2488 p.
835 2457 884 2481 468
892 2457 953 2484 edit.

195 2498 291 2527 Petav„
304 2505 358 2529 quae
370 2496 474 2521 omnino
485 2503 543 2520 cum
555 2493 594 2519 his
604 2500 759 2526 consonant,
772 2493 804 2519 de
820 2494 864 2520 illo
878 2496 954 2521 etiam

194 2535 380 2565 Theodoretus,
392 2535 508 2559 Haeretic.
528 2531 617 2557 Fabul.
633 2531 649 2556 Ι.
669 2533 709 2563 Η,
728 2541 752 2559 c.
766 2534 790 2564 fi,
809 2534 883 2560 Joan,
901 2535 954 2560 Da-

1038 2458 1052 2477 h
1069 2457 1120 2488 Qui
1130 2456 1233 2482 dicebat
1243 2456 1450 2482 Melchisedecum
1459 2457 1640 2491 essespiritum
1648 2462 1767 2483 sanctum

1005 2502 1059 2521 erat
1070 2497 1172 2526 Hierax,
1184 2502 1245 2522 teste
1255 2496 1396 2529 Epiphanio
1409 2497 1434 2522 iu
1447 2497 1515 2524 Haer.
1532 2495 1767 2522 Melchisedeciano-

1006 2544 1061 2560 rum
1071 2544 1098 2568 p.
1112 2537 1170 2561 472.
