1890 2826
168 627 219 663 need

107 730 126 743 nr
130 723 184 743 iiiiii

222 633 269 651 o-a
281 621 451 658 Macedonio,
468 621 561 652 Ariani
573 623 608 652 ab
622 621 699 657 Ario,
712 619 876 650 Eunomiani
890 618 926 647 ab
937 618 996 648 Eu-

213 667 246 711 :ss
255 668 354 697 nomio.
367 668 500 698 Similiter
511 674 536 698 et
548 667 659 707 reliqua!
671 666 796 696 haereses.
807 663 998 705 Apostolorum

256 178 326 213 560

254 251 344 288 radix,
359 250 409 281 Dei
427 250 554 290 cognitio,
571 249 711 289 Unigeniti
728 248 858 285 adoratio,
878 247 996 289 Spiritus

254 298 338 328 sancti
358 297 499 334 confessio,
512 307 565 326 una
580 296 647 326 fides
665 295 794 332 indivisa,
807 305 912 332 secura,
927 301 996 330 tuta,

255 344 339 374 nullis
348 344 472 385 partibus
483 343 576 373 scissa.
587 344 650 373 Jam
660 341 765 372 dictum
774 340 894 380 estquod
905 340 997 370 dictu·-

255 401 302 420 rus
323 401 396 427 sum,
413 397 529 420 attamen
549 399 659 418 rursum
681 387 781 417 dicam.
797 386 874 416 Deus
893 386 998 427 sapiens

254 448 317 467 cum
338 437 383 475 sit,
405 436 528 477 permisit
549 442 580 465 ut
602 435 715 465 baereses
735 445 751 464 a
769 434 824 464 suis
842 432 998 463 auctoribus

254 483 483 524 dogmatibusque
495 493 591 512 nomen
605 482 749 518 haberent,
763 487 794 511 ut
808 479 870 510 hine
883 479 998 519 liqueret

254 541 308 560 non
321 530 371 559 Dei
384 529 546 565 doctrinam,
561 529 609 559 sed
628 528 770 559 hominum
789 527 930 558 inventum
941 536 998 556 esse

255 575 365 605 illorum
383 576 540 616 opiniones;
559 575 678 615 exempli
698 584 791 611 causa,
809 571 996 603 Macedoniani

1014 625 1035 649 C

255 725 319 745 vero
340 714 422 744 fidem
439 724 503 744 eum
523 713 705 744 intemeratam
722 722 829 742 servare
840 710 933 746 vellet,
946 719 998 738 non

256 760 378 800 permisit
397 767 427 790 ut
445 761 480 790 ab
499 760 608 790 homine
627 769 724 789 nomen
742 758 852 788 haberet
868 769 874 786 ε
896 756 1002 786 etiamsi

257 808 327 837 enim
350 817 399 837 nos
416 813 513 838 vocent
531 805 744 841 Homousiastas,
756 814 810 833 non
835 802 890 833 viri
910 809 1001 831 tamen

256 863 351 882 nomen
362 853 513 893 proferunt,
521 851 569 882 sed
579 851 662 881 fidem
672 847 918 892 praedicant.Quod
930 847 1002 877 enim

257 899 292 928 ab
313 899 472 928 hominibus
491 908 588 928 nomen
607 897 721 934 babere,
733 906 787 925 non
804 895 840 925 sit
859 893 1001 931 fidelium,

259 945 306 975 sed
327 945 533 982 haereticorum,
546 945 584 974 ait
602 943 705 974 Paulus
728 941 885 973 Corinthios
908 939 1004 970 redar-

112 1006 119 1020 ι
179 1007 211 1019 01.
244 1003 343 1032 .gucns
359 1005 367 1022 :
383 993 486 1022 Audio
502 994 535 1021 in
554 991 638 1021 vobis
658 990 818 1020 schismata
840 997 919 1024 esse,
935 997 1004 1016 nam

114 1373 180 1408 Psfl.
202 1372 251 1396 118.

116 1411 166 1427 ιο).

136 1834 254 1864 Jejuniurn

111 1874 161 1887 cum
188 1866 254 1887 bonis

111 1897 216 1924 operibus

110 1927 206 1956 conjun-

110 1963 170 1979 ctum

111 1990 187 2011 debeb

208 1967 254 1980 0⁵80

114 2157 212 2181 =.'Tim.
227 2157 251 2189 4.

109 2190 169 2219 ωε.

259 1039 336 1068 alius
346 1040 463 1079 quidem
474 1038 563 1067 elicit:
576 1038 641 1077 Ego
650 1046 715 1066 sum
728 1034 829 1070 Pauli,
843 1043 895 1074 ego
905 1039 1003 1062 autem

260 1085 386 1125 Apollo,
400 1095 452 1125 ego
469 1094 539 1114 vero
551 1083 667 1123 Cepha».
682 1081 782 1112 Viden’
796 1079 831 1109 ab
849 1078 1005 1108 hominibus

260 1131 414 1171 nuncupari
437 1131 613 1160 schismatum
633 1138 690 1158 esse
713 1125 875 1168 proprium?
909 1127 1004 1154 Annon

261 1178 315 1208 fide
326 1178 435 1217 dignior
448 1179 543 1207 Petrus
553 1175 731 1206 Macedonio?
746 1173 938 1214 Apostolorum
951 1183 1004 1202 no·
1021 1174 1041 1198 D

261 1225 335 1255 mina
348 1225 455 1264 fugiunt
468 1234 527 1263 quae
545 1222 638 1263 gloriae
651 1220 754 1251 Christi
767 1219 863 1250 cedant
871 1231 880 1258 ;
895 1226 926 1249 tu
939 1229 1005 1249 vero

262 1273 363 1303 scindis
382 1271 476 1306 fidem,
491 1270 639 1300 indivisum
660 1278 784 1308 regnum,
799 1266 1006 1307 inseparabilem

263 1318 398 1359 gloriam?
420 1319 526 1349 Verum
545 1317 673 1346 haetenus
689 1326 697 1344 =
720 1314 851 1344 habemus
868 1313 940 1342 enim
960 1312 1005 1341 lu-

262 1375 368 1395 cernam
385 1370 412 1394 et
428 1364 520 1393 lumen
536 1374 543 1391 =
559 1372 622 1391 nam
645 1362 779 1390 Lucerna
797 1360 919 1399 pedibus
939 1359 1007 1387 meis

262 1412 386 1440 verbum
404 1417 500 1445 tuum,
513 1414 541 1438 et
559 1408 660 1438 lumen
673 1408 784 1436 semitis
797 1406 879 1434 meis.
891 1406 949 1435 Cur
962 1404 1007 1434 lu-

262 1457 361 1487 cerna?
373 1467 424 1486 eur
440 1455 512 1484 lux?
524 1456 646 1485 Lucerna
663 1452 766 1492 quippe
783 1451 988 1482 Catecbumenis
998 1473 1007 1488 ,

263 1503 313 1532 lux
323 1503 357 1532 iis
368 1504 414 1541 qui
428 1501 528 1531 initiati
541 1499 675 1541 mysteriis
688 1505 762 1528 sunt.
776 1499 854 1538 Rogo
867 1497 1006 1527 caritatem

262 1556 396 1586 vestram,
411 1556 441 1578 ut
461 1548 648 1577 intemeratum
666 1544 803 1585 jejunium
814 1550 935 1574 vestrum
949 1554 1007 1573 ser-

263 1595 345 1633 vetis,
363 1595 538 1635 impollutum
556 1593 591 1623 ab
610 1591 753 1632 injustitia,
770 1601 870 1631 purum
887 1590 923 1619 ab
942 1601 1008 1620 ava-

263 1642 337 1672 ritia.
349 1641 423 1672 Vide
442 1640 584 1671 stultitiam
606 1648 710 1674 eorum,
724 1638 773 1676 qui
791 1636 979 1666 abstinentiam
993 1648 1009 1666 a

262 1688 331 1717 cibis
349 1694 493 1723 sectantur,
507 1696 556 1715 nec
576 1691 673 1715 curant
693 1695 709 1713 a
728 1683 843 1724 peccatis
863 1683 1005 1713 abstinere.
1024 1683 1044 1707 E

262 1735 324 1764 Non
337 1734 413 1770 bibo,
427 1732 525 1771 inquit,
533 1732 641 1767 vinum,
652 1740 705 1760 non
717 1729 828 1759 comedo
841 1728 944 1765 oleum,
955 1739 1009 1758 non

262 1779 313 1809 odo
327 1788 430 1809 carnes.
447 1779 518 1808 Bene
531 1787 594 1807 sane
607 1776 663 1805 haec
677 1782 786 1816 propter
798 1776 888 1804 Deum
899 1785 1009 1805 servan-

262 1832 308 1855 tur
327 1838 335 1855 :
351 1826 408 1854 haec
424 1825 495 1854 bona
509 1831 587 1862 sunt;
602 1822 651 1852 sed
669 1832 726 1852 rem
739 1831 900 1860 quaeramus.
916 1821 1008 1859 Panis,

263 1883 343 1911 aqua,
352 1871 459 1908 vinum,
469 1880 573 1906 caroffi,
583 1869 682 1904 oleum,
693 1867 751 1896 baec
763 1867 853 1896 omnia
863 1867 916 1896 Dei
926 1878 1008 1908 opera

262 1923 325 1946 sunt
345 1929 352 1945 :
373 1916 486 1946 avaritia
502 1926 578 1950 vero,
594 1913 725 1954 injustitia
747 1920 773 1942 et
795 1913 918 1953 impietas
938 1923 1008 1952 opus

263 1969 326 1992 sunt
348 1962 462 1991 diaboli.
484 1962 507 1990 Α
528 1961 578 1990 Dei
603 1960 730 1999 operibus
757 1959 873 1989 abstines
895 1966 1006 2000 propter

258 2009 405 2049 jejunium,
417 2015 442 2038 et
456 2019 471 2038 a
484 2006 587 2037 diaboli
601 2006 729 2046 operibus
745 2016 798 2035 non
812 2006 929 2036 abstines
942 2016 1007 2046 pro-

262 2061 322 2094 pter
337 2053 493 2094 jejunium?
512 2052 602 2089 Panis,
619 2052 726 2088 vinum,
749 2052 849 2087 oleum,
861 2059 887 2081 et
908 2053 932 2082 si
953 2063 1006 2092 qua

263 2100 328 2137 alia,
347 2100 398 2130 Dei
419 2106 481 2129 sunt
498 2109 590 2139 opera,
611 2104 706 2127 cuncta
722 2098 793 2127 bona
812 2105 838 2127 et
858 2097 1007 2128 admodum

261 2146 343 2176 bona.
358 2147 402 2176 Ait
421 2146 541 2176 Paulus:
561 2146 662 2174 Omnis
680 2151 815 2174 creatura
831 2145 888 2174 Dei
910 2147 1004 2182 bona,
1015 2173 1052 2194 m

262 2199 290 2223 et
315 2193 393 2222 nihil
422 2192 626 2232 rejiciendum,
651 2191 731 2230 quod
752 2201 818 2220 cum
844 2194 1006 2230 gratiarum
1023 2200 1044 2224 Α

261 2241 378 2269 actione
396 2240 589 2278 percipiamus
610 2248 619 2266 ε
638 2237 842 2275 sanctificatur
861 2239 940 2266 enim
955 2247 1008 2277 per

260 2287 384 2315 verbum
396 2285 453 2314 Dei
470 2291 500 2313 et
517 2285 688 2314 orationem.
703 2282 733 2312 Si
746 2292 811 2321 ergo
824 2282 1005 2320 benedicitur,

260 2333 284 2362 si
303 2343 368 2372 ergo
386 2330 577 2367 sanctificatur,
599 2340 649 2358 cur
672 2328 857 2358 abstinemus?
871 2329 1006 2368 Injustitia

261 2385 360 2415 autem,
367 2377 491 2413 avaritia,
506 2375 566 2406 etsi
576 2386 630 2414 qua
643 2374 707 2412 alia,
723 2373 825 2404 diaboli
839 2381 903 2404 sunt
913 2385 1004 2414 opera.

262 2425 305 2454 Ab
314 2424 443 2464 operibus
456 2423 507 2453 Dei
520 2421 635 2452 abstines
647 2427 758 2462 propter
773 2419 920 2460 jejunium,
934 2427 960 2450 et
970 2421 1006 2450 ab

295 2536 305 2547 a
324 2527 415 2560 [savit.
428 2533 453 2552 et
466 2525 602 2552 Combdis.
615 2523 772 2558 distinguunt
786 2527 866 2554 namq*
879 2527 917 2550 ἀλ.
932 2526 951 2550 δ.
967 2527 1022 2550 Θεὸν

265 2571 324 2593 «ulit
336 2580 356 2593 A·
370 2568 404 2600 τ.]

947 185 1128 209 SEVEMAM

1052 249 1097 289 >tal
1109 248 1253 280 ἀσάλευτον
1265 250 1311 279 καὶ
1326 248 1384 289 ῥίζα
1399 249 1502 279 πάντων
1514 251 1531 286 ἡ
1544 249 1605 290 περὶ
1619 250 1663 280 τὸν
1675 249 1744 280 Θεὸν
1755 250 1822 289 γνῶ-

1052 307 1111 332 σις,
1133 296 1150 330 ἡ
1174 298 1220 325 τοῦ
1246 297 1411 335 Μονογενοῦς
1432 296 1626 336 προσκύνησις,
1645 299 1662 333 ἡ
1680 300 1726 326 τοῦ
1746 296 1820 335 ἁγίου

1052 340 1207 381 Πνεύματος
1221 342 1362 381 ὁμολογία,
1378 341 1426 381 μία
1439 341 1543 380 πίστις,
1557 342 1716 383 ἀδιαίρετος,
1733 345 1822 383 ἀσφα-

1051 387 1099 424 λὴς
1111 408 1119 423 ,
1134 388 1276 427 ἄσχιστος,
1289 388 1440 428 ἀμέριστος.
1461 388 1574 428 Εἴρηται
1586 387 1601 418 ὃ
1618 387 1708 427 μέλλω
1725 388 1821 428 λέγειν,

1049 435 1108 464 ἀλλ’
1123 434 1194 472 ὅμως
1212 433 1292 464 πάλιν
1303 434 1382 474 λέγω,
1397 434 1432 465 Ὁ
1443 435 1511 469 Θεὸς
1524 435 1602 476 σοφὸς
1615 435 1653 466 ὢν
1667 435 1822 475 συνεχώρη-

1049 493 1093 511 σεν
1113 480 1167 511 ἀπὸ
1186 482 1240 510 τῶν
1254 480 1326 510 ἰδίων
1344 480 1462 522 ἐξάρχων
1486 481 1534 516 τὰς
1554 481 1667 523 αἱρέσεις
1686 482 1757 522 ἔχειν
1776 482 1824 515 τὰς

1049 526 1199 566 ἐπωνυμίας
1212 528 1265 556 τῶν
1278 526 1351 556 ἰδίων
1363 527 1511 567 δογμάτων,
1521 526 1565 557 ἵνα
1577 530 1646 568 φανῇ
1658 527 1700 558 ὅτι
1709 530 1739 558 οὗ
1751 529 1823 558 Θεοῦ

1050 573 1145 613 δόγμα,
1159 574 1218 602 ἀλλ’
1240 572 1385 614 ἀνθρώπων
1403 574 1474 604 ἐστὶν
1489 573 1587 614 εὕρεμα
1608 574 1642 605 τὰ
1657 577 1720 615 παρ’
1736 575 1823 604 αὐτῶν

1051 619 1209 659 δοξαζόμενα
1219 631 1226 638 ·
1250 615 1304 649 οἷον
1313 642 1322 657 ,
1346 621 1540 651 Μακεδονιανοὶ
1562 621 1616 652 ἀπὸ
1639 621 1804 652 Μακεδονίου
1816 643 1824 656 ,

1052 665 1179 706 Ἀρειανοὶ
1202 665 1255 695 ἀπὸ
1281 665 1380 707 Ἀρείου
1390 688 1398 702 ,
1426 666 1584 706 Εὖνομιανοὶ
1609 667 1662 698 ἀπὸ
1681 666 1824 705 Εὐνομίου.

1052 712 1169 751 Ὁμοίως
1189 712 1234 742 καὶ
1257 713 1284 742 αἱ
1308 712 1400 742 λοιπαὶ
1413 712 1537 753 αἱρέσεις.
1553 713 1612 749 Τὴν
1627 713 1717 752 μέντοι
1736 713 1826 743 πίστιν

1052 760 1104 788 τῶν
1120 758 1274 788 ἀποστόλων
1288 758 1405 799 ἄτρωτον
1424 758 1505 788 θέλων
1520 758 1650 799 φυλάξαι,
1664 760 1693 789 οὗ
1708 758 1828 799 συνεχώ-

1054 816 1134 845 ρησεν
1159 805 1246 838 αὐτοῖς
1271 805 1324 834 ἀπὸ
1344 804 1484 845 ἀνθρώπου
1504 804 1687 844 ὀνομάζεσθαι.
1708 805 1766 834 Κᾶν
1776 804 1828 844 γὰρ

1054 851 1156 880 καλῶσι
1168 850 1376 890 ὁμοουσιαστὰς,
1398 851 1446 881 οὐκ
1468 850 1605 891 ἄνθρωπον
1628 850 1828 891 ἑρμηνεύουσιν,

1055 895 1124 926 ἀλλὰ
1144 896 1193 933 τὴν
1209 896 1300 926 πίστιν
1313 897 1498 937 κηρύττουσιν.
1511 896 1575 926 Ὅτι
1589 896 1640 938 γὰρ
1661 896 1692 926 τὸ
1712 896 1766 927 ἀπὸ
1780 898 1829 926 ἀν-

1055 942 1167 982 θρώπων
1180 944 1319 972 καλεῖσθαι
1330 944 1379 973 οὔκ
1398 942 1454 973 ἔστι
1467 945 1579 981 πιστῶν,
1598 944 1658 973 ἀλλ’
1673 944 1830 983 αἱρετικῶν,

1054 987 1126 1028 λέγει
1137 989 1245 1022 Παῦλος
1261 989 1408 1029 Κορινθίοις
1422 989 1590 1029 μεμφόμενος
1600 1001 1607 1007 ·
1621 989 1709 1019 ἀκούω
1724 990 1752 1018 ἐν
1766 991 1828 1028 ὑμῖν

1056 1034 1194 1075 σχίσματα
1206 1030 1274 1064 εἶναι
1285 1046 1292 1053 ·
1305 1037 1319 1064 ὁ
1334 1035 1383 1074 μὲν
1394 1034 1445 1076 γὰρ
1457 1034 1530 1075 λέγει
1539 1047 1546 1054 ·
1558 1034 1611 1074 ἐγὼ
1624 1034 1673 1074 μέν
1687 1036 1743 1074 εἰμι
1756 1034 1828 1064 Παύ-

1055 1082 1102 1110 λου
1112 1104 1121 1117 ,
1146 1080 1199 1120 ἐγὼ
1214 1080 1242 1111 δὲ
1256 1080 1391 1117 Ἀπολλὼ,
1413 1081 1467 1121 ἐγὼ
1487 1081 1515 1111 δὲ
1535 1082 1626 1122 Κηφᾶ.
1642 1081 1726 1122 Ὁρᾷς
1745 1081 1787 1111 ὅτι
1799 1081 1830 1110 τὸ

1056 1127 1110 1157 ἀπὸ
1123 1126 1267 1168 ἀνθρώπων
1281 1128 1419 1157 καλεῖσθαι
1436 1127 1592 1168 σχισμάτων
1605 1127 1676 1158 ἐστίν
1688 1139 1697 1164 5
1717 1128 1778 1157 Οὔκ
1797 1122 1830 1163 ἧν

1057 1173 1268 1214 ἀξιοπιστότερος
1278 1173 1444 1204 Μακεδονίου
1458 1172 1578 1214 Πέτρος;
1593 1173 1637 1203 Τὰ
1647 1173 1764 1214 ὀνόματα
1776 1176 1831 1204 τῶν

1057 1219 1214 1250 ἀποστόλων
1236 1220 1326 1260 φεύγει
1340 1222 1552 1262 παραχωροῦντα
1571 1221 1605 1260 τῇ
1625 1219 1688 1259 δόξῃ
1703 1223 1749 1250 τοῦ
1763 1220 1831 1260 Χρι-

1056 1268 1129 1301 στοῦ,
1142 1266 1187 1296 καὶ
1201 1267 1232 1296 σὺ
1252 1266 1425 1305 κατατέμνεις
1437 1266 1486 1303 τὴν
1499 1266 1589 1296 πίστιν
1598 1288 1607 1302 ,
1623 1265 1673 1303 τὴν
1683 1265 1831 1306 ἀδιαίρετον
1875 1274 1879 1277 “

1058 1312 1204 1351 βασιλείαν,
1217 1312 1265 1347 τὴν
1277 1311 1418 1351 ἀμέριστον
1430 1311 1505 1347 δόξαν
1512 1323 1522 1351 5
1534 1311 1614 1342 Ἀλλὰ
1625 1312 1707 1353 μέχρι
1718 1311 1812 1342 τούτου
1823 1323 1831 1330 ·

1057 1358 1153 1398 ἔχομεν
1167 1358 1218 1398 γὰρ
1231 1357 1276 1387 τὸν
1290 1357 1386 1398 λύχνον
1399 1358 1445 1387 καὶ
1462 1358 1494 1387 τὸ
1508 1360 1564 1398 φῶς
1575 1369 1582 1377 ·
1595 1357 1698 1398 Λύχνος
1711 1358 1764 1398 γὰρ
1777 1363 1832 1392 τοῖς

1057 1404 1121 1434 ποσί
1133 1416 1183 1443 μου
1195 1406 1209 1433 ὁ
1220 1403 1299 1443 νόμος
1309 1415 1367 1440 σου,
1379 1403 1425 1433 καὶ
1435 1405 1490 1444 φῶς
1501 1407 1559 1437 ταῖς
1570 1403 1670 1444 τρίὸοις
1681 1415 1741 1443 μου.
1753 1404 1831 1433 Διατί

1057 1450 1168 1491 λύχνος;
1183 1449 1253 1479 διατί
1267 1451 1336 1489 φῶς;
1352 1449 1455 1490 Λύχνος
1470 1449 1523 1490 γὰρ
1535 1453 1590 1483 τοῖς
1604 1449 1812 1490 κατηχονμένοις
1821 1472 1830 1486 ,

1058 1498 1114 1536 φῶς
1123 1500 1178 1529 τοῖς
1189 1495 1387 1534 τελειουμένας.
1399 1497 1554 1536 Παρακαλῶ
1566 1495 1615 1531 τὴν
1626 1495 1755 1535 ὑμετέραν
1767 1495 1832 1535 ἀγά-

1058 1554 1122 1579 πην,
1142 1542 1272 1581 ἄχραντον
1284 1543 1359 1580 ὑμῶν
1369 1540 1419 1577 τὴν
1433 1541 1556 1585 νηστείαν
1569 1541 1699 1582 φυλάξαι,
1714 1541 1830 1580 ἀμόλυν-

1058 1599 1103 1617 τον
1114 1587 1167 1617 ἀπὸ
1180 1587 1283 1620 ἀδικίας
1291 1609 1300 1623 ,
1311 1587 1428 1628 καθαρὰν
1438 1587 1492 1617 ἀπὸ
1504 1587 1663 1622 πλεονεξίας.
1678 1587 1765 1617 Βλέπε
1780 1599 1831 1626 μα-

1059 1633 1188 1670 ταιότητα
1215 1635 1267 1663 τῶν
1293 1632 1355 1674 περὶ
1386 1633 1436 1669 τὴν
1463 1632 1569 1673 ἀποχὴν
1600 1635 1653 1663 τῶν
1684 1633 1832 1673 βρωμάτων

1061 1678 1252 1719 σχολαζόντων,
1266 1678 1312 1708 καὶ
1324 1679 1373 1715 τὴν
1388 1678 1493 1719 ἀποχὴν
1512 1681 1565 1708 τῶν
1579 1678 1780 1719 ἁμαρτημάτων
1793 1679 1831 1719 μὴ

1061 1725 1258 1766 φροντιζόντων.
1268 1726 1309 1755 Οὔ
1317 1724 1395 1760 πίνω,
1405 1725 1494 1766 φησὶν,
1504 1720 1582 1761 οἶνον,
1590 1726 1638 1754 οὒκ
1649 1725 1728 1756 ἐσθίω
1736 1725 1833 1760 ἔλαιον,

1061 1775 1090 1802 οὗ
1105 1772 1199 1812 τρώγω
1212 1771 1289 1812 κρέα.
1305 1772 1418 1805 ’Καλῶς
1431 1773 1536 1808 ἀληθῶς
1550 1770 1593 1801 διὰ
1604 1771 1674 1802 Θεόν
1686 1783 1694 1790 ·
1705 1772 1776 1802 καλὰ
1788 1773 1835 1802 καὶ

1060 1822 1145 1848 ταῦτα
1157 1830 1164 1837 ·
1178 1817 1247 1848 ἀλλὰ
1267 1817 1424 1857 ζητήσωμεν
1438 1817 1468 1847 τὸ
1486 1822 1609 1858 πρᾶγμα.
1625 1816 1734 1858 Ἄρτος,
1748 1817 1835 1858 ὕδωρ,

1060 1861 1138 1902 οἶνος,
1153 1864 1228 1906 κρέα,
1242 1864 1340 1899 ἔλαιον,
1353 1863 1441 1894 πάντα
1453 1866 1537 1893 ταῦτα
1549 1865 1621 1894 Θεοῦ
1628 1863 1834 1904 δημιουργήμα-

1061 1923 1103 1941 τα·
1119 1910 1257 1945 πλεονεξία
1269 1910 1297 1940 δὲ
1310 1910 1356 1940 καὶ
1367 1910 1457 1940 ἀδικία
1470 1909 1516 1939 καὶ
1530 1910 1638 1939 ἀσέὸεια
1651 1912 1697 1939 τοῦ
1711 1910 1834 1940 διαὸόλου

1060 1957 1134 1997 ἔργα.
1154 1958 1217 1987 Τῶν
1231 1957 1313 1996 ἔργων
1334 1958 1380 1986 τοῦ
1397 1957 1468 1986 Θεοῦ
1482 1954 1627 1995 ἀφίστασαι
1639 1955 1683 1985 διὰ
1695 1955 1818 1991 νηστείαν
1828 1969 1834 1975 ·

1059 2006 1112 2033 τῶν
1128 2004 1210 2044 ἔργων
1221 2005 1267 2032 τοῦ
1282 2002 1404 2032 διαὸόλου
1421 2003 1469 2031 οὐκ
1483 2001 1627 2042 ἀφίστασαι
1640 2001 1684 2032 διὰ
1694 2003 1834 2040 vno-retem

1059 2050 1150 2091 Ἄρτος
1158 2072 1166 2086 ,
1190 2048 1236 2079 καὶ
1259 2043 1326 2082 οἶνος
1334 2070 1343 2084 ,
1367 2047 1413 2078 καὶ
1434 2047 1530 2084 ἔλαιον,
1543 2047 1588 2077 καὶ
1601 2047 1651 2077 ὅσα
1661 2047 1730 2078 ἄλλα
1742 2070 1750 2084 ,
1762 2050 1834 2080 Θεοῦ

1059 2098 1126 2126 εἶσιν
1146 2095 1229 2136 ἔργα,
1248 2094 1299 2125 ὅλα
1319 2094 1390 2134 καλὰ
1411 2093 1456 2124 καὶ
1473 2093 1544 2124 καλὰ
1570 2093 1638 2124 λίαν.
1657 2093 1738 2134 Λέγει
1754 2096 1833 2125 Παῦ-

1059 2144 1104 2176 λος
1113 2154 1120 2161 ·
1132 2143 1193 2171 Πᾶν
1203 2140 1304 2180 κτίσμα
1317 2141 1388 2170 Θεοῦ
1399 2140 1491 2177 καλὸν,
1506 2139 1552 2170 καὶ
1571 2139 1645 2170 οὐδὲν
1662 2140 1813 2178 ἀπόὸλητον
1826 2153 1833 2160 ·

1061 2189 1119 2228 μετ’
1140 2187 1310 2228 εὐχαριστίας
1330 2185 1545 2225 Ι’λοιμὸοἱνωμεν-
1570 2185 1705 2225 ἁγιάζεται
1723 2186 1776 2227 γὰρ
1790 2187 1834 2217 διὰ

1059 2235 1137 2276 λόγου
1151 2236 1221 2264 Θεοῦ
1241 2232 1287 2263 καὶ
1300 2232 1447 2267 ἐντεύξεως.
1460 2234 1494 2262 Εἰ
1508 2227 1553 2261 οὗν
1566 2233 1714 2272 εὐλογεῖται
1726 2254 1735 2269 ,
1749 2235 1773 2263 εἰ
1788 2229 1833 2263 οὗν

1059 2281 1212 2322 ἁγιάζεται,
1234 2279 1304 2309 διατί
1324 2279 1496 2319 ἀπεχόμεθας
1510 2278 1622 2308 Ἀδικίαι
1639 2277 1667 2307 δὲ
1687 2278 1734 2308 καὶ
1753 2280 1834 2308 πλεο-

1059 2327 1140 2362 νεξίαι
1159 2325 1253 2357 καὶτὰ
1266 2327 1375 2354 τοιαῦτα
1394 2323 1440 2354 τοῖ’)
1463 2323 1586 2354 διαὸόλου
1610 2323 1676 2363 ἔργα
1695 2323 1756 2354 εἶσί.
1770 2325 1832 2354 Τῶν

1058 2374 1141 2414 ἔργων
1162 2375 1208 2402 τοῦ
1232 2373 1303 2401 Θεοῦ
1326 2370 1471 2411 ἀφίστασαι
1493 2369 1537 2399 διὰ
1558 2368 1690 2405 νηστείαν,
1711 2369 1757 2399 καὶ
1778 2371 1832 2399 τῶν

1060 2420 1143 2460 ἔργων
1165 2421 1211 2448 τοῦ
1235 2417 1358 2447 διαόόλου
1381 2418 1412 2446 οὗ
1435 2414 1536 2456 χωρίζῃ
1557 2415 1591 2444 δι’
1609 2414 1744 2445 εὖσέὸειαν
1755 2427 1765 2454 5-
1777 2415 1831 2446 Καὶ

1105 2523 1118 2542 ¹³
1136 2523 1144 2555 [
1154 2521 1231 2548 Savil.
1245 2527 1270 2547 et.
1279 2519 1344 2547 Bibl.
1356 2519 1548 2555 λαμὸανόμενον]
