1890 2826
493 192 528 215 IN
554 191 670 223 ILLUD,
698 190 791 213 PONE
816 189 938 213 MANUM
964 191 1070 223 TUAM,
1099 191 1224 216 SERMO.

79 257 155 296 ζυγὸν
175 252 312 290 ἐπινοῆσαι
321 276 330 291 ,
345 256 376 294 ῥυ
412 265 427 282 ν
450 253 555 283 abeam
563 274 571 288 ,
594 251 658 291 βόας
677 254 846 289 συναγαγεῖν.

79 297 166 326 Ξύλον
178 291 225 331 ἦν,
239 294 345 333 σίδηρον
384 306 397 322 ν
406 316 414 330 ,
429 293 486 322 ἀλλ’
500 295 517 328 ἡ
531 290 612 332 τέχνη
635 292 664 319 οὗ
685 292 782 329 παρῆν.
797 289 847 339 Τίς

78 347 120 365 σοι
133 329 221 370 εἶπεν,
232 333 366 373 ἄνθρωπε,
386 332 427 362 ὅτι
439 332 547 372 ἄροτρον
567 330 637 360 οὕτω
649 330 794 369 πῆγνυται;
807 340 848 362 τις

78 373 195 404 ὑπέὸαλέ
210 384 254 402 σοι
273 372 322 408 τὴν
336 372 487 411 ἀδάμαστον
502 371 578 412 φύσιν
602 373 646 399 τοῦ
661 368 768 409 σιδήρου
783 368 847 408 πυρὶ

79 413 239 452 μαλάττειν;
252 412 292 445 τίς
305 411 424 445 ὗπέδειξέ
438 423 479 441 σοι
499 413 530 440 ἐκ
544 409 675 444 τοσαύτης
694 407 848 448 παχύτητος

80 453 175 493 ῥαφίδα
189 451 285 491 μικρὰν
299 451 473 492 ἐργάσασθαις
486 450 526 483 τίς
539 449 679 484 ἐπενόησεν
691 449 717 477 ἐν
737 450 771 488 τῇ
787 448 847 476 δια--

78 493 136 532 νοίᾳ
165 493 195 521 ἐκ
224 491 304 521 λίθων
334 490 532 521 κατασκευάσαι
556 490 640 528 θυρῶν
665 486 847 523 κατασκευήν;

80 532 180 571 ὀρόφων
201 530 316 560 ἐπίνοιαν
335 530 414 560 πόθεν
435 530 544 569 ἔμαθες,
565 528 623 558 εἰπέ
638 539 693 565 μοι,
709 527 847 566 ἄνθρωπες

80 570 165 606 Πολὺ,
178 570 267 611 φησὶν,
278 572 315 603 ὡς
325 570 446 610 ἄπειρος,
462 569 556 607 ξενίζῃ.
570 567 669 597 Εἷκόνα
687 568 758 597 Θεοῦ
770 568 847 606 ὁρᾷς,

80 610 126 640 καὶ
138 611 237 650 ἐρωτᾷς
250 608 405 649 μανθάνειν;
417 609 469 639 Διὰ
482 612 570 645 τοῦτο,
592 606 697 647 ἀδελφὲ,
711 609 848 646 πανταχοῦ

79 653 97 686 ἡ
113 649 262 690 ἀνθρωπίνη
276 649 351 689 φύσις
364 649 408 678 τὸν
421 651 516 684 ἑαυτῆς
529 647 668 682 Δεσπότην
682 645 831 686 μιμουμένη
840 669 848 683 ,

80 692 114 729 τῇ
127 689 207 729 τέχνῃ
222 689 270 724 τὴν
288 689 365 728 φύσιν
379 693 482 728 κοσμεῖ.
497 688 566 718 Ἀλλ’
579 687 628 720 ἕως
642 686 689 726 μὲν
702 687 740 725 τῷ
760 684 848 726 μέτρῳ

82 733 232 768 μετρεῖται,
252 728 338 764 καλή·
362 728 519 758 ἐκδαίνουσα
540 727 567 756 δὲ
586 726 620 755 τὰ
643 725 742 765 μέτρα,
757 726 788 754 ἐκ
801 727 849 761 τ”ῆς

82 768 208 808 ἀμετρίας
229 767 370 807 ὓὸρίζεται.
394 764 459 797 Οἶον
467 789 475 803 ,
497 765 622 801 ἐπενόησε
647 767 704 798 πῶς
726 764 849 799 ὓποτάξει

83 810 145 847 βοῦν
158 808 203 837 καὶ
214 806 295 836 ἵππον
308 808 354 837 καὶ
367 807 503 846 κάμηλον,
515 806 560 836 καὶ
570 805 620 835 ὅσα
633 807 686 834 τῶν
698 803 800 843 ἀλόγων
813 806 849 838 εἷς

82 847 228 916 ὗτὰεηρεσίαν
243 846 354 916 Ιέδόθηιὲ
361 847 414 920 dv?
431 846 459 916 δὲ
471 844 622 914 πλεέονεξίας
632 843 761 913 ἔξενΘόέὲοῐ-Ξε
773 844 850 913 μέέζοι

81 899 120 965 ,μὴ
133 886 307 962 Ίθτᾷρῖσιῗϊῖοιέ,
323 898 386 955 ἀλλ’ι
395 897 441 956 ἀπ’
457 897 702 966 Ἔέχῆπςπῒίρητκότος
711 935 717 941 ·
730 923 848 972 ΖΕξαγρι-

82 965 151 1005 γέτω
168 967 186 1000 ἠ
203 967 238 1004 γῆ
259 965 408 1005 τετράποδα
431 965 476 995 καὶ
498 964 596 1004 ἑρπετὰ
618 963 688 993 κατὰ
707 974 791 1001 γενος.
825 964 850 992 Η

82 1004 218 1039 πλεονεξία
230 1004 303 1043 ἔμιξε
313 1005 347 1034 τὰ
361 1004 434 1055 παρὰ
447 1004 536 1044 φύσιν.
549 1003 583 1033 Ὁ
594 1003 662 1035 Θεὸς
675 1001 792 1035 κολάζων
802 1001 850 1037 τὴν

84 1043 227 1084 ἀμετρίαν,
241 1043 331 1083 ἄγονον
350 1046 458 1080 ἐποιησε
471 1043 520 1079 τὴν
534 1043 660 1073 ἐπίνοιαν.
674 1041 756 1070 Ὅθεν
770 1041 851 1080 ἡμίο-

82 1096 123 1118 νος
137 1085 166 1113 οὗ
189 1083 295 1120 τίκτει,
311 1083 377 1113 διότι
400 1085 447 1112 οὐκ
471 1083 540 1112 ἔστιν
555 1083 582 1117 ἐξ
600 1081 706 1111 ἐκείνων
718 1082 771 1109 τῶν
792 1081 852 1110 τότε

82 1123 495 1198 γενομεὲξων,ξῶν(ο;ικουσάντὶων,
511 1122 667 1190 ᾑῦἒέχεζθε,
676 1119 726 1189 xl
740 1120 851 1188 ἴὶληερώ;

83 1174 164 1232 :gozi
178 1174 471 1240 ἃνβῖίίιλεταιξμῗξαχζὴν
477 1172 689 1240 τὲιςναμινηαῦῃτῆς
701 1199 728 1228 δε
754 1171 788 1239 ῃρ,
806 1172 853 1229 κῗί

83 1241 131 1277 τὴν
145 1240 272 1280 ἀμετρίαν
284 1242 364 1278 αὐτῆς
375 1240 486 1279 κολάσῃ.

125 1753 213 1783 Πάλιν
223 1755 241 1789 ἡ
252 1752 366 1793 ἀμετρία
376 1753 424 1788 τῆς
436 1750 576 1791 ἐπιθυμίας
587 1750 731 1781 ἓπεὸἄλετο
744 1751 855 1785 ποιῆσαι

85 1793 223 1833 ἀνθρώπω
243 1791 355 1832 μορφὴν,
375 1791 544 1842 μιμουμένη,
566 1790 642 1831 φησὶ,
662 1790 731 1820 Θεὸν
745 1789 853 1829 ἐργαζό-

86 1844 176 1871 μενον·
197 1832 242 1862 καὶ
261 1836 332 1861 ποιεῖ
350 1843 473 1870 σωματος
491 1831 593 1867 εἰκόνα,
614 1830 660 1860 καὶ
682 1831 798 1869 βιάζεται
820 1832 853 1868 τῇ

84 1871 165 1911 τέχνη
178 1871 228 1908 τὴν
241 1871 328 1911 φύσιν,
342 1871 387 1900 καὶ
398 1870 489 1907 ἐπειδὴ
501 1871 623 1906 ἤκουσεν,
635 1869 677 1899 ὅτι
690 1871 704 1898 ὁ
719 1869 786 1902 θεὸς
800 1869 853 1898 ἀπὸ

84 1913 133 1979 *2³⁶
147 1904 541 1986 ‘'“0‘2‘2232305102‘223‘020232
549 1910 853 1983 manassent

85 1963 101 1979 τ

87 1963 293 2026 ἀλχτῖνθῖιαιε,ξῗεαῐς
306 1988 431 2023 ἐπινοίαις
443 1989 578 2028 πορίζεται
594 1988 624 2017 τὸ
642 1987 707 2027 ἀμ’ίγ
721 1999 789 2022 ανον,
809 1987 854 2017 καὶ

87 2029 194 2069 συνάγει
207 2029 293 2069 ῥίζας,
308 2029 353 2058 καὶ
364 2034 442 2068 κιρνᾷ
454 2028 488 2058 τὰ
503 2028 652 2068 χρώματα,
667 2039 701 2057 κα
733 2031 854 2065 μιμεῖται

87 2069 221 2108 ὀφθαλμὸν
236 2068 369 2108 βλέποντα
379 2090 388 2103 ,
403 2068 447 2097 καὶ
464 2067 501 2106 μὴ
517 2068 648 2107 βλέποντα
659 2089 667 2102 ,
681 2066 853 2107 ἀνεῳγμένον,

88 2107 170 2143 ἀκοὴν
192 2107 425 2146 ἀναπεπταμένην,
449 2109 507 2136 ἀλλ’
531 2109 579 2137 οὐκ
601 2106 757 2142 ἀκούουσαν,
799 2110 855 2139 ἶνας

89 2149 131 2176 ἐπ’
145 2147 245 2181 εὐθείας
256 2147 445 2186 ἐπιτιταμίνας
454 2169 462 2182 ,
477 2146 546 2176 ἀλλὰ
562 2146 644 2182 πνοὴν
657 2147 741 2175 ἕλκειν
757 2158 777 2184 μ
810 2146 855 2174 δυ-

89 2186 220 2225 ναμένας,
244 2186 330 2225 στόμα
350 2186 586 2225 διατετυπωμένον,
609 2186 677 2215 ἀλλὰ
697 2187 745 2221 τῆς
769 2187 856 2225 φωνῆς

90 2225 273 2265 ἐστερημένον,
299 2225 382 2258 πόδας
412 2226 499 2258 καλῶς
524 2224 744 2264 ἔῤῥυθμισμένους
753 2246 761 2260 ,
788 2224 857 2254 ἀλλὰ

89 2265 155 2304 πρὸς
168 2264 264 2304 δρόμον
278 2265 326 2294 οὔκ
339 2263 446 2303 ἔχοντας
460 2263 662 2300 ἐπιτηδειότητα
672 2276 678 2283 ·
702 2263 745 2293 ἵνα
768 2263 838 2302 δείξῃ
848 2286 856 2299 ,

90 2305 107 2334 ὅ
113 2326 122 2339 ,
141 2317 169 2334 τι
182 2303 350 2343 συνεχώρησε
372 2304 406 2342 τῇ
429 2302 523 2339 εἰκόνι,
536 2302 581 2331 ἵνα
593 2304 685 2342 δειχθῇ
697 2305 714 2338 ἦ
726 2305 772 2332 τοῦ
786 2305 856 2332 Θεοῦ

89 2344 216 2384 ἔνέργεια.
241 2343 352 2372 Πάντων
366 2342 394 2371 δὲ
408 2341 524 2381 ἅψασθαι
545 2343 574 2371 οὔ
597 2342 793 2382 συνεχώρησεν,
814 2341 857 2371 ἵνα

93 2383 130 2422 μὴ
155 2385 306 2413 εἰσελθοῦσα
326 2383 363 2415 εἷς
382 2382 544 2416 ἀλαζονείαν,
563 2382 659 2416 ἑαυτῆς
680 2383 786 2421 ἀπογνῷ
812 2381 857 2411 καὶ

90 2424 139 2457 τῆς
150 2424 246 2457 ἑαυτῆς
260 2421 400 2461 σωτηρίας.
419 2420 515 2458 ’Ὅμως
537 2420 719 2460 συνεχώρησεν
740 2421 792 2450 ἀπὸ
810 2423 858 2457 τῆς

92 2463 140 2501 γῆς
154 2461 296 2501 ζωγράφοις
314 2465 408 2496 ποιεῖν,
420 2459 464 2489 ἶνα
479 2459 590 2499 ἐντρὲψῃ
605 2458 664 2493 τοὺς
678 2459 857 2499 ἀρνουμένους,

92 2501 134 2530 ὅτι
145 2502 198 2530 ἀπὸ
207 2502 255 2538 γῆς
269 2500 382 2529 ἔπλασεν
395 2502 409 2529 ὁ
424 2498 492 2532 Θεὸς
506 2498 652 2538 ἄνθραητον.
664 2500 732 2529 Ἀλλ’
744 2501 762 2535 ἠ
776 2499 855 2539 τέχνη

93 2539 244 2578 ἐμιμήσατο
259 2539 303 2568 τὸν
326 2538 492 2578 δημιουργόν.
513 2533 576 2567 Εἶδε
594 2540 671 2577 σῶμα
691 2539 857 2578 κατατμηθὲν

95 2579 193 2618 σιδήρῳ
204 2590 210 2597 ·
236 2574 298 2614 οἷον,
322 2578 442 2613 ἀπεκόπη
467 2580 505 2616 τῷ
533 2577 631 2616 σιδήρῳ
658 2577 735 2617 μέρος
760 2590 785 2607 τι
810 2582 856 2615 τῆς

1573 183 1644 232 673

901 257 948 279 nat
960 258 986 280 et
998 258 1084 281 ornat.
1102 252 1237 288 Quoniam
1262 252 1297 282 ad
1320 253 1464 294 imaginem
1487 265 1564 285 snam
1585 257 1648 286 fecit

901 290 1048 326 hominem,
1063 291 1233 330 opificiorum
1249 293 1416 323 nobilitatem
1426 305 1490 324 cum
1503 295 1562 334 ipso
1575 306 1648 326 com-

901 329 1030 358 municat.
1046 330 1109 370 Ipse
1129 339 1255 371 operatur
1278 339 1308 362 ut
1331 334 1440 363 Creator
1453 342 1479 363 et
1501 336 1574 364 Deus
1587 358 1595 373 ‚
1612 346 1646 365 ex

900 378 953 396 non
967 370 1134 400 exstantibus
1155 371 1244 409 omnia
1285 372 1434 409 rodueens;
1454 374 1502 403 ille
1523 382 1647 405 naturam

901 407 1001 442 educit,
1017 419 1076 447 quae
1095 420 1148 439 non
1169 383 1311 440 exsisteEat
1323 423 1331 439 .-
1347 412 1458 451 imagini
1472 424 1535 444 vero
1549 416 1647 446 suaetd

901 447 1023 476 concedit
1037 471 1045 485 ‚
1061 455 1091 478 ut
1103 449 1211 489 opificia
1225 458 1345 480 exornet.
1360 452 1454 489 Cogita
1466 454 1528 492 quis
1542 455 1647 499 primns

901 486 982 515 homo
1005 495 1124 518 aratrum
1137 490 1283 529 compegit,
1296 490 1432 528 quomodo
1456 495 1650 532 excogltaverit

900 525 1006 565 lignum
1027 538 1126 565 secare,
1141 529 1242 557 ferrum
1260 529 1379 558 medium
1404 530 1557 569 immittere,
1581 544 1648 563 con-

901 565 979 595 cinne
991 567 1172 607 constringere
1186 589 1193 604 ‚
1203 568 1300 607 jugum
1323 568 1478 600 adinvenire
1494 594 1501 608 ‚
1516 578 1648 603 temonem

901 604 1018 645 dirigere
1028 629 1035 641 ,
1050 606 1134 636 boves
1144 618 1147 620 ’
1157 608 1280 648 jungere.
1297 609 1415 647 Lignum
1433 610 1490 649 jam
1512 619 1578 646 erat,
1593 612 1649 642 fcr-

901 655 962 673 rum
983 652 1058 681 erat,
1075 646 1120 675 sed
1135 657 1179 676 ars
1193 656 1245 675 non
1270 647 1371 677 aderat.
1397 649 1471 684 Quis·
1489 650 1541 679 tibi
1563 651 1647 689 dixit,

900 693 918 712 o
930 683 1023 721 bomo,
1038 693 1157 715 aratrum
1168 686 1220 715 hoc
1234 686 1314 715 modo
1327 687 1424 716 confici
1433 688 1447 716 Ρ
1461 689 1521 727 quis
1534 700 1648 735 sugges-

899 723 935 753 sit
947 724 997 753 tibi
1011 724 1169 755 indomitam
1194 726 1257 755 ferri
1278 733 1401 756 naturam
1424 726 1486 766 igne
1505 730 1648 759 emolliri?

900 763 962 802 quis
974 765 1134 795 monstravit
1144 765 1195 794 tibi
1208 775 1243 794 ex
1254 772 1326 795 tanta
1335 766 1512 797 crassitudine
1520 768 1647 808 exiguam

865 807 885 831 C
900 813 978 832 acum
989 803 1137 834 fabricari?
1150 804 1211 843 quis
1225 805 1387 844 excogitavit
1397 817 1431 835 ex
1452 807 1477 835 la
1500 807 1591 837 idibus
1604 809 1648 848 ja-
1661 831 1664 834 Α

900 852 1015 872 nuarum
1027 851 1186 889 apparatum
1196 851 1349 874 construere
1357 845 1371 874 P
1384 845 1429 874 dic
1442 847 1479 875 mi
1501 846 1509 875 i
1523 869 1530 883 ‚
1545 847 1626 877 homo
1637 871 1645 885 ,

900 888 1031 911 tectorum
1045 890 1184 914 inventum
1197 883 1268 912 unde
1281 883 1416 914 edidicisti
1427 885 1441 913 Ρ
1456 886 1576 915 Multum
1590 894 1647 916 stu-

901 931 948 960 pes
962 944 970 958 ‚
993 922 1095 961 inquiet
1110 946 1118 959 ‚
1136 929 1228 968 utpote
1249 922 1401 963 imperitus.
1424 925 1571 964 Imaginem
1594 927 1647 956 Dei

901 959 978 990 vides
987 984 994 997 ‚
1007 969 1033 991 et
1046 962 1210 991 sciscitaris?
1225 961 1302 998 Ideo,
1315 963 1408 999 frater,
1421 971 1515 993 natura
1529 965 1648 996 humana

902 1000 1049 1030 Dominum
1071 1001 1193 1031 imitatur
1212 1011 1291 1030 suum
1304 1023 1312 1038 ‚
1327 1009 1353 1031 et
1363 1010 1419 1032 arte
1432 1010 1554 1033 naturam
1567 1015 1647 1034 exor-

902 1046 958 1068 nat.
969 1041 1072 1070 Verum
1086 1040 1217 1080 quamdiu
1231 1041 1342 1070 modum
1355 1050 1453 1079 servat,
1465 1043 1580 1088 pulchra
1595 1051 1645 1082 est,

903 1078 949 1107 ubi
958 1086 1046 1108 autem
1058 1080 1169 1109 modum
1181 1080 1299 1115 excedit,
1312 1081 1480 1111 immoderati
1494 1093 1559 1112 usus
1568 1094 1647 1114 musa

903 1119 1070 1148 contumeliae
1087 1127 1126 1149 est
1140 1120 1266 1149 obnoxia.
1283 1121 1414 1161 Exempli
1430 1132 1521 1159 causa,
1537 1123 1647 1162 excogi-

902 1158 969 1187 tavit
982 1158 1116 1197 quomodo
1133 1159 1275 1199 subjiceret
1288 1160 1397 1196 bovem,-
1421 1171 1532 1199 equum,
1561 1173 1648 1192 came-

902 1196 972 1234 lum,
980 1204 1006 1227 et
1015 1209 1190 1237 quaecumque
1201 1198 1253 1228 alia
1266 1198 1409 1228 animantia
1421 1200 1456 1229 ad
1469 1201 1648 1231 ministerium

901 1235 963 1266 data
975 1244 1038 1266 sunt
1051 1250 1058 1266 :
1070 1248 1105 1267 ex
1116 1238 1229 1268 avaritia
1242 1245 1331 1267 autem
1354 1240 1514 1278 excogitavit
1527 1241 1575 1270 illa
1597 1241 1650 1270 mi-

901 1286 1048 1316 scerequae
1068 1284 1163 1306 natura
1183 1277 1289 1307 diversa
1301 1285 1385 1307 erant.
1410 1280 1522 1309 Miscuit
1543 1280 1649 1310 asinum

901 1326 970 1354 equo
979 1324 1075 1356 praeter
1081 1316 1132 1346 Dei
1144 1316 1323 1354 voluntatem,
1336 1317 1384 1357 qui
1394 1318 1428 1347 ab
1436 1318 1514 1348 initio
1523 1319 1645 1349 dixerat:

902 1355 1021 1385 Educ-at
1044 1363 1121 1386 terra
1141 1357 1342 1401 quadrupedes
1361 1363 1391 1386 et
1412 1359 1530 1397 reptilia
1546 1367 1799 1397 secun-Gen.1.25.

902 1394 972 1423 dum
985 1406 1085 1435 genus.
1102 1395 1223 1425 Avaritia
1237 1397 1345 1426 miscuit
1365 1407 1396 1426 ea
1411 1408 1470 1436 quae
1483 1405 1580 1428 natura
1601 1399 1647 1428 di-

902 1444 978 1464 versa
986 1442 1068 1464 erant.
1078 1436 1244 1465 Deusautem
1252 1435 1454 1466 immoderatam
1462 1437 1537 1467 iliam
1547 1448 1646 1468 concu-

903 1474 1058 1513 piscentiam
1092 1475 1234 1513 castigans,
1257 1477 1435 1505 commentum
1472 1477 1647 1507 infecundum

903 1513 1034 1543 reddidit.
1059 1513 1124 1543 Ideo
1138 1514 1213 1542 mula
1234 1523 1286 1543 non
1301 1515 1383 1554 parit,
1404 1515 1468 1553 quia
1488 1526 1540 1544 non
1559 1523 1597 1545 est
1612 1527 1646 1546 ex

903 1563 1015 1582 numero
1027 1563 1122 1582 eorum
1134 1563 1194 1591 qum
1206 1559 1270 1581 tunc
1282 1554 1351 1582 facta
1364 1561 1436 1591 sunt,
1452 1561 1477 1583 et
1488 1554 1644 1592 audierunt,

906 1593 1031 1621 Crescite
1046 1597 1073 1620 et
1088 1592 1196 1630 replete
1209 1598 1326 1621 terram.
1342 1594 1465 1622 Attamen
1476 1594 1552 1633 prins
1565 1605 1646 1633 quam
1656 1606 1711 1627 Gen.
1725 1610 1746 1627 ι.
1757 1605 1796 1628 28.

902 1631 982 1660 saciat
994 1653 1002 1666 ,
1016 1630 1126 1669 imagini
1140 1630 1262 1659 concedit
1276 1637 1305 1659 ut
1318 1641 1347 1660 ea
1361 1632 1439 1660 saciat
1452 1643 1512 1670 quae
1525 1633 1602 1669 velit,
1616 1640 1648 1663 ut

904 1670 968 1715 ejus·
976 1670 1121 1709 potentiam
1140 1668 1271 1707 ostendat,
1287 1676 1313 1699 et
1337 1670 1543 1701 immoderatum
1566 1683 1647 1704 usum

904 1716 1024 1749 castiget.

944 1754 974 1782 4.
989 1753 1094 1782 Rursus
1106 1751 1279 1782 immoderata
1299 1752 1433 1792 cupiditas
1446 1755 1577 1795 suggessit
1593 1755 1647 1785 ho-

905 1792 972 1821 mini
985 1799 1015 1821 ut
1028 1792 1140 1820 formam
1153 1791 1289 1831 effingeret
1302 1791 1430 1829 hominis,
1440 1794 1539 1829 Deum,
1551 1801 1581 1824 ut
1594 1796 1646 1832 ait,

905 1838 1057 1871 operantem
1076 1830 1183 1860 imitans
1196 1831 1340 1869 imaginem
1360 1833 1480 1873 corporis
1499 1834 1598 1871 efficit,
1619 1841 1647 1864 et

905 1878 961 1901 arte
970 1882 1017 1900 sua
1031 1870 1088 1900 vim
1100 1877 1201 1899 naturae
1215 1870 1304 1900 infert.
1315 1871 1351 1901 Et
1362 1872 1426 1910 quia
1439 1872 1545 1903 audivit
1558 1875 1647 1905 Deum

869 1917 888 1940 D
904 1922 919 1940 e
931 1918 1000 1940 terra
1024 1910 1115 1939 fecisse
1134 1910 1314 1949 sormasseque
1340 1910 1476 1941 hominem
1488 1934 1495 1948 ‚
1511 1923 1573 1942 cum
1593 1923 1648 1943 non

905 1950 989 1991 possit
1000 1961 1043 1979 ars
1056 1949 1103 1978 illa
1118 1948 1266 1979 secundum
1286 1950 1326 1979 rei
1345 1950 1486 1981 veritatem
1499 1953 1648 1982 Dominum

908 2000 987 2019 suum
1001 1989 1112 2025 imitari,
1127 1989 1233 2018 solertia
1245 1999 1292 2018 sua
1301 1999 1368 2026 rem,
1382 2001 1441 2029 quae
1451 1991 1510 2020 fieri
1522 1999 1646 2031 nequeat,

900 2026 1104 2068 'quodammodo
1121 2028 1249 2068 exprimit
1265 2039 1271 2056 :
1285 2028 1388 2058 radices
1411 2030 1532 2070 colligit,
1546 2031 1648 2061 colores

906 2069 1008 2105 miscet,
1020 2067 1193 2106 imitaturque
1207 2068 1316 2097 oculum
1326 2067 1472 2106 videntem,
1485 2077 1511 2099 et
1536 2081 1590 2100 non
1603 2071 1649 2101 vi-

905 2107 1022 2143 dentem,
1039 2107 1101 2136 licet
1120 2114 1254 2147 apertum,
1269 2118 1347 2137 aures
1361 2116 1476 2148 apertas,
1490 2116 1515 2138 et
1528 2120 1581 2139 non
1598 2121 1647 2139 au-

906 2147 1008 2176 dientes
1018 2159 1025 2175 z
1037 2156 1113 2176 nares
1127 2153 1222 2184 rectas,
1231 2146 1278 2176 sed
1290 2158 1350 2186 quae
1365 2148 1496 2188 respirare
1509 2159 1561 2178 non
1583 2160 1647 2189 pos-

906 2186 970 2222 sint,
993 2197 1022 2215 os
1039 2186 1221 2221 efformatum,¹
1234 2186 1281 2215 sed
1302 2197 1367 2216 voce
1390 2188 1542 2227 privatum,
1568 2188 1648 2228 pedes

907 2232 977 2255 recte
990 2225 1171 2262 concinnatos,
1194 2225 1242 2255 sed
1255 2225 1291 2255 ad
1309 2237 1418 2256 cursum
1442 2228 1574 2256 inhabiles
1591 2238 1599 2254 z
1618 2234 1648 2256 ut

907 2264 1068 2294 demonstret
1080 2265 1147 2304 qnid
1168 2265 1214 2294 ille
1235 2265 1346 2305 imagini
1366 2266 1533 2303 concesserit,
1546 2273 1571 2295 et
1584 2266 1647 2295 hinc

907 2304 1000 2334 divina
1020 2304 1062 2335 vis
1076 2304 1241 2334 ostendatur.
1264 2306 1326 2334 Non
1353 2306 1476 2345 permisit
1499 2312 1600 2342 autem,
1617 2312 1647 2334 ut

908 2343 998 2373 omnia
1015 2343 1214 2383 aggrederetur,
1230 2355 1263 2373 ne
1285 2345 1313 2373 in
1337 2344 1599 2383 arrogantiam-elata
1613 2343 1647 2372 de

908 2394 936 2412 se
946 2393 1048 2422 suaque
1064 2384 1150 2413 salute
1162 2390 1252 2423 postea
1266 2383 1313 2412 des
1333 2389 1426 2412 eraret.
1444 2385 1565 2412 Attamen
1583 2393 1647 2422 per-

908 2423 982 2452 misit
996 2429 1026 2451 ut
1036 2423 1150 2462 pictores
1164 2423 1198 2452 de
1210 2429 1279 2452 terra
1303 2424 1310 2451 i
1344 2422 1533 2462 exprimerent,
1546 2428 1575 2450 ut
1606 2432 1646 2450 )ιι-

872 2470 891 2494 Ε
909 2461 973 2492 dore
986 2462 1103 2492 afficeret
1113 2473 1157 2492 eos
1171 2462 1218 2499 qui
1232 2467 1357 2500 negarent
1369 2463 1456 2490 Deum
1469 2460 1503 2489 de
1513 2467 1582 2488 terra
1606 2470 1647 2488 10-

908 2502 1006 2531 minem
1020 2502 1182 2531 efformasse.
1198 2503 1320 2530 Attamen
1341 2510 1384 2528 ars
1399 2499 1499 2528 imitata
1513 2505 1552 2528 est
1565 2500 1647 2528 Crea-

908 2548 1002 2570 torem.
1019 2540 1099 2571 Vidit
1110 2551 1208 2579 corpus
1222 2541 1291 2568 ferro
1301 2545 1416 2575 sectum3
1432 2537 1548 2577 exempli
1558 2549 1647 2575 causa,

908 2587 1043 2620 amputata
1064 2581 1134 2610 ferro
1154 2579 1204 2609 suit
1228 2589 1314 2608 carnis
1336 2577 1425 2616 aliqua
1439 2588 1522 2616 pars:
1546 2585 1649 2618 oportet
