1890 2826
212 186 281 228 114

205 267 266 286 cum
279 263 403 293 tremore,
419 256 465 296 qui
485 263 525 286 est
543 255 650 286 timoris
665 254 845 292 vehementia,
858 260 885 284 et
897 254 951 283 im-

535 193 565 216 5.
592 193 727 216 JOANNIS
753 191 935 216 cranOST.
967 190 1120 214 AncmEP.
1148 190 1411 214 CONSTAN'HNOP.

1005 252 1167 292 πτριζόμενα
1175 251 1285 296 κάλλος·
1299 253 1329 283 οὗ
1343 251 1414 291 λέγω
1432 252 1497 282 αὐτὸ
1509 252 1610 288 ἐκεῖνο,
1633 252 1699 292 ὅπερ
1719 251 1777 283 ἐστὶ

205 303 317 333 modicae
340 301 483 342 cujusdam
506 301 646 332 anxietatis
668 300 797 341 signum?
814 299 951 340 quomodo
970 302 990 325 D
1005 300 1039 338 τῇ
1055 298 1133 339 φύσει
1155 298 1165 339 (
1178 298 1359 335 ἀκατανόητον
1369 297 1420 339 γὰρ
1433 300 1520 335 τοῦτο,
1542 298 1588 328 καὶ
1610 299 1778 339 ἀθεώρητον,

203 350 299 390 igitur,
316 349 417 388 inquis,
433 349 483 378 hoc
497 349 562 378 fiet?
576 351 636 389 Ipsa
649 356 675 378 te
688 348 829 389 Seraphim
841 347 949 384 docent,

202 406 263 435 quae
276 406 307 425 re
323 396 382 435 ipsa
401 395 451 424 tali
469 394 618 425 ministerio
641 395 800 435 funguntur.
816 395 887 424 Nam
902 393 950 422 illa

201 441 333 471 ineffabili
347 440 433 480 gloria
447 440 602 471 Conditoris
623 441 760 478 fruuntur,
773 439 841 470 dum
849 439 951 469 incom-

203 487 412 528 prehensibilem
433 487 492 527 ejus
514 486 743 527 pulchritudinem
769 486 951 527 contemplan-

203 542 248 564 tur
262 547 269 564 z
285 545 339 564 non
359 534 422 564 dico
442 534 516 565 illam
531 541 562 564 ut
574 540 614 564 est
627 540 722 563 natura
736 535 747 572 (
760 533 900 563 baec‘enim
911 532 952 562 in-

202 582 355 622 cogitabilis
381 589 437 616 est,
458 592 506 611 nec
530 581 645 622 spectari
665 587 770 622 potest,
794 591 842 611 nec
863 580 950 619 figura

202 626 338 667 exprimi,
354 626 558 666 absurdumque
571 633 611 656 est
632 626 672 656 sic
692 625 728 656 de
746 625 794 655 illa
810 625 949 666 opinari);

203 672 251 702 sed
262 680 395 712 quantum
405 683 561 703 concessum
571 680 622 710 est,
630 679 760 712 quantum
765 683 801 702 ex
808 672 857 702 illo
863 671 952 712 splen-

203 718 270 748 dore
292 726 404 760 possunt
427 719 566 750 illustrari.
595 719 731 757 Quoniam
751 719 824 749 enim
843 718 951 748 assidue

1005 344 1051 374 καὶ
1077 343 1294 385 ἀσχημάτιστον,
1321 344 1479 375 καὶᾶτοπόν
1497 346 1555 374 ἐστι
1577 343 1607 374 τὸ
1625 344 1694 374 οὕτω
1716 345 1778 385 περὶ

1005 392 1085 420 αὐτοῦ
1098 390 1294 430 ὑποληιὸάνειν
1306 393 1330 428 ),
1349 392 1408 420 ἀλλ’
1433 390 1494 420 ὅσον
1512 391 1674 431 ἐγχωροῦσιν
1687 413 1696 428 ,
1717 392 1778 421 ὅσον

1004 437 1056 467 ὑπὸ
1075 439 1125 473 τῆς
1145 437 1249 470 ὢιτῖνος
1270 436 1372 472 ἐκείνης
1397 435 1520 477 ἰσχύουσι
1542 437 1775 476 καταλάμπεσθαι.

1004 483 1115 520 Ἐπειδὴ
1129 483 1181 524 γὰρ
1194 484 1320 520 διηνεκῶς
1333 484 1514 524 λειτουργοῦσι
1529 483 1618 524 κύκλῳ
1632 487 1678 514 τοῦ
1699 487 1778 524 βασι-

1003 531 1077 560 λικοῦ
1090 530 1194 570 θρόνου,
1206 531 1234 560 ἐν
1247 531 1361 567 διηνεκεῖ
1376 534 1450 571 χαρᾷ
1460 530 1638 567 διατελῶσιν,
1660 531 1688 560 ἐν
1701 531 1778 571 ἀϊδίῳ

1004 576 1148 617 εὐφροσύνῃ
1156 598 1165 613 ,
1179 577 1207 606 ἐν
1221 575 1378 616 ἀγαλλιάσει
1404 575 1602 617 ἀκαταπαύστῳ
1612 598 1620 613 ,
1633 576 1761 617 χαίροντα
1769 599 1777 613 ,

1004 625 1152 662 σκιρτῶντα
1164 645 1172 659 ,
1193 622 1327 662 ἀσιγήτως
1340 622 1535 662 δοξολσγοῦντα.
1550 622 1591 652 Τὸ
1600 621 1651 663 γὰρ
1665 622 1776 653 ἐνώπιον

1004 668 1112 699 ἑστάναι
1130 671 1178 705 τῆς
1199 668 1275 705 δόξης
1298 668 1418 705 ἐκείνης,
1438 667 1485 698 καὶ
1509 668 1564 698 ἀπὸ
1585 670 1634 704 τῆς
1651 668 1678 704 ἐξ
1695 670 1777 705 αὐτῆς

1003 714 1017 732 ⁶
1034 714 1278 755 ἀπαστραπτούοης
1303 715 1532 756 καταφοιτίζεσθαι
1557 714 1671 753 αἴγλης,
1701 717 1779 744 τοῦτο

204 766 370 796 famulantur
383 766 411 796 in
423 766 539 796 circuitu
550 767 613 797 solii
623 766 732 806 regalis,
742 766 770 795 in
781 767 841 807 jugi
851 766 952 805 gaudio
970 761 988 784 Ε
1005 762 1095 795 αὐτοῖς
1104 761 1150 791 καὶ
1169 761 1242 802 χαρὰ
1254 783 1263 798 ,
1287 763 1365 791 τοῦτο
1383 760 1429 791 καὶ
1441 760 1597 800 ἇγαλλίασις
1607 783 1616 798 ‚
1642 763 1721 790 τοῦτο
1733 761 1779 790 καὶ

203 819 393 852 perseverant,
407 813 435 842 in
460 814 620 854 sempiterna
645 812 877 849 delectatione,in
901 823 952 842 ex-
1006 808 1151 848 εὖφροσύνη
1164 830 1172 844 ,
1197 810 1275 837 τοῦτο
1288 807 1334 837 καὶ
1356 807 1427 841 δόξα.
1449 807 1530 848 Τάχα
1550 819 1579 836 τι
1597 806 1663 847 πρὸς
1682 806 1780 843 ἡδονὴν

204 860 349 890 sultatione
369 860 452 890 finem
473 870 527 890 non
552 860 679 890 habitura
688 882 696 897 ,
717 858 874 900 gaudentia,
896 859 952 889 sal-
1005 854 1129 890 ἐπάθετε,
1144 853 1190 884 καὶ
1200 855 1228 884 ἓν
1241 854 1368 894 ἐπιθυμίᾳ
1381 855 1429 889 τῆς
1440 853 1516 889 δόξης
1528 853 1630 889 ἐκείνης
1644 852 1780 893 γεγόνατε-

206 906 306 944 tantia,
319 906 386 936 citra
402 906 500 936 *ullum
522 906 661 936 silentium
684 905 798 946 gloriam
820 906 950 936 canentia.

111 959 199 982 Frnuio
206 954 278 984 Nam
297 959 367 982 stare
381 952 409 982 in
424 959 568 992 conspectu
585 952 730 993 majestatis
751 952 828 982 illius
839 975 847 988 ,
866 951 953 991 deque

57 992 148 1013 visioni»
163 992 199 1013 di-

57 1025 122 1045 vinae.

59 1431 116 1454 lsai.
133 1429 156 1452 6.
175 1429 198 1452 3,

75 2399 131 2422 Ism'.
140 2395 163 2419 6.
174 2402 197 2419 2.

206 999 351 1041 splendore
368 999 444 1029 illinc
470 999 618 1039 refulgente
641 998 808 1036 illuminari,
827 999 879 1028 hoc
897 999 955 1028 illis

205 1054 246 1077 est
256 1046 403 1086 gaudium,
420 1046 471 1076 hoc
491 1045 547 1075 illis
567 1052 607 1075 est
625 1045 784 1080 exsultatio,
803 1045 854 1075 hoc
873 1045 953 1075 volu-

207 1101 277 1135 ptas,
297 1093 348 1123 hoc
360 1093 478 1132 denique
498 1092 595 1133 gloria.
614 1093 747 1122 Fortassis
770 1093 889 1122 sensistis
909 1092 956 1122 ali-

205 1140 274 1179 quid
283 1140 442 1180 voluptatis,
450 1146 476 1170 et
489 1138 624 1180 cupiditas
636 1138 762 1178 quaedam
774 1138 850 1168 illius
860 1139 954 1179 gloriae

204 1198 254 1217 vos
266 1187 345 1228 cepit.

245 1236 275 1264 5.
293 1235 328 1263 At
349 1233 372 1262 si
391 1233 483 1262 velitis
501 1231 687 1262 adhortantem
706 1231 819 1268 audire,
838 1242 955 1272 praesen-

205 1287 313 1319 temque
321 1279 412 1320 gloriae
421 1278 521 1309 divinae
531 1278 735 1308 celebrationem
745 1278 868 1318 religiose
877 1289 955 1318 pera-

207 1337 279 1366 gere,
288 1336 340 1355 non
350 1325 477 1355 destituet
484 1335 533 1354 vos
543 1324 701 1365 hujusmodi
713 1324 852 1364 gaudium,
869 1324 955 1363 siqui-

206 1372 270 1402 dem
281 1372 339 1412 ipse
359 1378 400 1401 est
417 1371 464 1400 ille
478 1370 625 1407 Dominus,
640 1371 689 1410 qui
707 1377 734 1400 et
757 1370 785 1400 in
806 1370 878 1400 caelis
890 1370 955 1400 etin

206 1418 285 1449 terris
294 1418 475 1459 glorificatur3
485 1417 575 1447 Pleni
585 1423 652 1447 sunt
670 1417 742 1447 enim
755 1418 822 1447 caeli
835 1423 865 1446 et
878 1423 957 1446 terra

209 1465 304 1506 gloria
317 1466 390 1505 ejus.
399 1463 544 1501 Quomodo
553 1464 584 1493 fit
595 1463 687 1504 igitur,
698 1470 729 1493 ut
742 1464 791 1494 illa
801 1463 955 1504 Seraphim,
970 1480 993 1499 99

211 1522 274 1541 cum
293 1509 427 1551 ejusmodi
449 1510 587 1550 voluptate
608 1510 746 1547 fruantur,
762 1510 832 1540 hanc
843 1521 905 1540 cum
918 1511 955 1540 ti-
973 1508 993 1531 Α

209 1568 283 1588 more
296 1557 444 1588 misceant?
459 1557 532 1586 Audi
551 1557 617 1596 quid
634 1557 701 1587 dicit
719 1557 849 1598 propheta
865 1570 871 1586 :
889 1559 957 1588 Vidi

211 1605 374 1635 Dominum
385 1604 532 1633 sedentem
542 1606 574 1632 in
583 1603 658 1633 solio
665 1603 780 1633 excelso
789 1611 817 1633 et
828 1605 953 1634 elevato.

209 1653 299 1689 Quam
307 1651 343 1680 ob
353 1660 461 1679 causam
468 1660 531 1679 cum
541 1649 653 1679 dixisset
660 1650 806 1679 Excelsum
817 1673 825 1686 ,
839 1650 954 1690 adjecit,

209 1696 376 1728 Elevatum?
390 1692 478 1725 annon
493 1695 557 1725 satis
570 1702 625 1724 erat
638 1706 688 1736 per
698 1695 884 1725 celsitudinem
897 1707 957 1726 rem

210 1750 292 1773 totam
304 1742 470 1782 significare,
485 1740 673 1781 declar-ireque
687 1741 826 1782 dignitatis
838 1742 958 1772 eminen-

211 1789 297 1819 tiam?
315 1798 401 1828 quare
419 1798 484 1828 ergo
507 1786 613 1817 addidit
637 1788 791 1819 elevatum?
805 1790 846 1819 Ut
867 1789 958 1819 sedem

212 1834 510 1876 incomprehensibilem
517 1834 720 1864 demonstraret.
730 1836 958 1875 Quandoquidem

211 1882 287 1923 apud
299 1893 347 1912 nos
369 1881 444 1921 quod
455 1881 593 1912 excelsum
606 1889 656 1918 est,
664 1883 852 1923 cogitationem
862 1894 957 1923 quam-

212 1930 276 1959 dam
286 1930 386 1969 prebet
396 1929 602 1969 comparationis
613 1929 648 1958 ad
661 1940 691 1959 ea
702 1941 761 1969 quae
769 1930 884 1970 humilia
897 1940 959 1963 sunt

213 1988 244 2007 ac
255 1976 429 2006 submissiora
446 1989 453 2005 :
468 1976 554 2007 veluti
572 1977 671 2006 excelsi
691 1983 755 2006 sunt
771 1985 874 2008 montes
887 1990 959 2009 cam-

214 2022 348 2063 pestribus
370 2028 397 2052 et
412 2023 535 2062 planitiei
560 2024 707 2064 comparati
721 2025 876 2055 :excelsum
896 2027 960 2057 item
978 2020 997 2044 Β

216 2070 311 2100 caelum
325 2070 360 2098 ab
369 2069 495 2099 omnibus
514 2071 626 2100 terrenis
648 2071 790 2100 altitudine
808 2080 958 2113 remotum3

216 2123 340 2146 caeterum
359 2116 415 2145 haec
435 2116 588 2146 sublimitas
601 2124 627 2146 et
645 2116 761 2146 altitudo
780 2119 864 2148 solius
879 2128 917 2150 est
929 2122 960 2150 il-

217 2160 272 2189 lius
288 2167 392 2190 naturae
415 2160 708 2201 incomprehensibilis,
724 2173 805 2201 quam
817 2174 902 2203 neque
916 2176 960 2195 co-

217 2206 345 2246 gitatione
371 2207 526 2247 concipere,
549 2218 634 2246 neque
657 2208 748 2238 verbis
771 2209 861 2248 eloqui
885 2213 961 2250 quis-

219 2263 301 2292 quam
316 2259 498 2292 potest,eoque
509 2253 590 2283 dicit:
600 2255 670 2284 Vidi
685 2255 846 2284 Dominum
859 2259 962 2287 seden-

221 2305 278 2328 tem
289 2300 322 2327 in
341 2299 416 2328 solio
438 2300 553 2328 excelso
565 2306 594 2329 et
607 2300 733 2330 elevato.
748 2301 801 2332 Sed
815 2302 881 2341 quid
892 2314 962 2343 prae-

220 2353 291 2376 terea
308 2346 414 2382 vidisti,
433 2356 449 2375 ο
465 2345 619 2385 propheta?
632 2347 699 2385 quid
720 2347 789 2378 circa
808 2348 888 2379 illum
908 2361 967 2391 spe-

222 2390 316 2420 ctasti?
327 2391 368 2420 Et
381 2390 530 2430 Seraphim
543 2392 673 2430 stabant,
687 2392 785 2431 inquit,
800 2395 831 2422 in
845 2396 968 2425 circuita

224 2439 298 2478 ejus.
309 2437 385 2475 Quid
401 2437 533 2468 faciebant
546 2444 572 2467 et
590 2438 657 2477 quid
679 2438 813 2478 dicebant,
825 2452 878 2480 qua
895 2441 968 2471 fidu-

225 2484 267 2514 cia
286 2483 464 2514 fruebantur?
477 2483 591 2514 Fiducia
615 2484 739 2524 quidem,
754 2486 841 2526 inquit
851 2510 860 2525 ,
872 2488 947 2518 nulla
957 2513 968 2526 ,

225 2542 320 2561 verum
331 2530 436 2561 timoris
446 2541 478 2561 ac
488 2531 605 2572 stuporis
621 2539 697 2562 erant
719 2533 808 2574 plena,
822 2534 879 2574 ipsa
888 2535 968 2566 etiam
985 2542 1004 2566 C

261 2610 271 2625 ⁸¹
289 2610 390 2643 Aliquot
401 2612 457 2636 Mss.
473 2613 652 2646 ἀστραπτούσης.

1049 1234 1118 1263 Ἀλλ’
1133 1235 1199 1274 εἴγε
1214 1235 1385 1275 βουληθείητε
1397 1239 1586 1276 παραινοῦντος
1601 1236 1720 1271 ἀκοῦσαι,
1736 1235 1781 1264 καὶ

1008 1280 1066 1317 μετ’
1086 1280 1223 1314 εὖλαὲείας
1238 1280 1286 1317 τὴν
1299 1284 1436 1321 παροῦσαν
1458 1281 1607 1320 δοξολογίαν
1633 1283 1781 1317 ποιεῖσθαι,

1006 1327 1055 1355 οὔκ
1075 1326 1299 1366 ἀπσλειφθήσεσθε
1309 1329 1358 1362 τῆς
1370 1326 1493 1363 τοιαύτης
1509 1332 1610 1368 χαρᾶς·
1632 1327 1708 1361 αὐτὸς
1729 1328 1781 1367 γάρ

1007 1373 1078 1402 ἐστιν
1099 1373 1196 1406 ἐκεῖνος
1208 1374 1223 1402 ὁ
1236 1373 1374 1409 Δεσπότης
1383 1395 1391 1409 ,
1404 1375 1418 1403 ὁ
1431 1373 1477 1403 καὶ
1487 1375 1512 1403 ἐν
1526 1375 1660 1414 οὐρανοῖς,
1674 1374 1720 1404 καὶ
1737 1374 1781 1403 ἐπὶ

1006 1420 1056 1459 γῆς
1074 1417 1242 1458 δοξαζόμενος
1253 1431 1260 1437 ·
1283 1419 1395 1459 Πλήρης
1413 1419 1464 1459 γὰρ
1479 1422 1493 1450 ὁ
1506 1420 1627 1460 οὐρανὸς,
1641 1420 1723 1461 φησὶ,
1737 1420 1781 1449 καὶ

1007 1467 1024 1500 ἡ
1041 1466 1076 1504 γῆ
1088 1467 1136 1501 τῆς
1149 1464 1225 1500 δόξης
1238 1465 1327 1495 αὐτοῦ.
1348 1467 1410 1499 Πῶς
1431 1461 1476 1495 οὖν
1488 1467 1575 1495 ἐκεῖνα
1591 1468 1640 1502 τῆς
1651 1466 1782 1502 τοσαύτης

1009 1510 1169 1551 εὐφροσύνης
1182 1510 1364 1548 ἀπολαύοντα,
1386 1511 1460 1552 φόέῳ
1480 1512 1579 1548 ταύτην
1602 1512 1782 1552 ἀναμιγνύου-

1009 1569 1067 1593 σιν;
1083 1557 1208 1588 Ἄκουσον
1221 1557 1248 1587 τί
1262 1569 1342 1598 φησιν
1355 1560 1369 1587 ὁ
1381 1558 1527 1599 προφήτης·
1539 1554 1618 1589 Εἶδον
1631 1559 1676 1588 τὀν
1684 1559 1783 1599 Κύριον

1009 1603 1156 1643 καθήμενον
1170 1603 1215 1633 ἐπὶ
1228 1604 1318 1645 θρόνου
1337 1605 1439 1645 ὖψηλοῦ
1453 1604 1499 1634 καὶ
1518 1605 1675 1645 ἐπηρμένω.
1703 1605 1784 1638 Τίνος

1008 1649 1096 1679 ἕνεκεν
1109 1650 1140 1680 τὸ
1150 1650 1250 1690 ὑψηλὸν
1261 1650 1353 1686 εἰπὼν,
1367 1650 1411 1680 καὶ
1419 1651 1449 1680 τὸ
1456 1651 1603 1691 ἐπηρμένον
1617 1650 1782 1692 προσέθηκε;

1010 1695 1048 1735 μὴ
1062 1696 1114 1736 γὰρ
1127 1699 1175 1727 οὐκ
1188 1696 1265 1737 ἤρκει
1277 1696 1321 1726 διὰ
1332 1700 1378 1727 τοῦ
1392 1698 1494 1738 ὑψηλοῦ
1518 1701 1529 1713 “
1538 1698 1569 1728 τὸ
1590 1703 1643 1728 πᾶν
1664 1703 1783 1738 σημᾶναι

1010 1745 1056 1772 τοῦ
1077 1743 1233 1783 πράγματος
1243 1766 1251 1780 ,
1263 1743 1309 1773 καὶ
1323 1743 1404 1778 δεῖξαι
1414 1745 1444 1774 τὸ
1457 1745 1505 1780 τῆς
1519 1744 1593 1779 ἀξίας
1604 1746 1783 1785 ὖπερανεστη·

1011 1789 1070 1826 adq
1085 1789 1129 1819 διὰ
1139 1789 1165 1819 τί
1179 1785 1223 1819 οὖν
1239 1789 1270 1819 τὸ
1286 1790 1433 1830 ἐπηρμένον
1449 1791 1594 1831 ἐπήγαγεν;
1620 1791 1679 1821 Ἵνα
1692 1791 1722 1821 τὸ
1736 1793 1784 1827 τῆς

1011 1835 1139 1875 καθέδρας
1153 1835 1338 1871 ἀκατάληπτον
1352 1836 1506 1872 ἐνδείξηται.
1524 1837 1637 1874 Ἐπειδὴ
1651 1838 1702 1877 γὰρ
1715 1839 1780 1877 παρ’

1011 1884 1076 1922 ἡμῖν
1089 1882 1120 1912 τὸ
1133 1882 1234 1923 ὑψηλὸν
1246 1881 1345 1911 ἔννοιάν
1366 1894 1427 1911 τινα
1450 1883 1598 1923 παρέχεται
1619 1883 1782 1924 συγκρίσεως

1012 1927 1077 1968 πρὸς
1085 1927 1119 1958 τὰ
1131 1927 1287 1968 χαμαίζηλά
1300 1940 1329 1957 τε
1344 1928 1389 1957 καὶ
1402 1929 1587 1969 ταπεινότερα·
1611 1925 1665 1958 οἶον
1673 1952 1680 1966 ,
1695 1929 1784 1969 ὑψηλὰ

1013 1975 1060 2013 μὲν
1069 1973 1103 2004 τὰ
1117 1974 1164 2015 ὅρη
1175 1974 1240 2014 πρὸς
1252 1975 1300 2008 τὰς
1308 1975 1433 2008 πεδιάδας
1450 1975 1495 2004 καὶ
1509 1974 1543 2004 τὰ
1560 1976 1637 2005 κοῖλα
1650 1977 1698 2012 ἰ-ῆς
1717 1978 1766 2015 γ’ῆς
1778 1997 1786 2010 ,

1014 2020 1112 2061 ὑψηλὸς
1122 2020 1150 2050 δὲ
1163 2022 1177 2050 ὁ
1187 2020 1294 2061 οὐρανὸς
1305 2022 1319 2049 ὃ
1331 2020 1437 2050 πάντων
1449 2021 1604 2062 ὑπεραρθεὶς
1615 2023 1668 2051 τῶν
1677 2022 1784 2063 γηΐνων·

1013 2067 1044 2097 τὸ
1057 2067 1085 2097 δὲ
1107 2068 1252 2107 ἐπηρμένον
1267 2067 1312 2096 καὶ
1326 2066 1467 2107 ἐξηρμένον
1490 2067 1571 2106 μόνης
1592 2069 1662 2098 ἐστὶν
1686 2069 1786 2104 ἐκείνης

1013 2115 1062 2149 τῆς
1077 2113 1265 2149 ἄκαταλήτιτου
1280 2112 1397 2153 φύσεως,
1414 2113 1447 2149 ἢν
1462 2114 1530 2153 μήτε
1550 2115 1690 2152 ἐννοῆσαι,
1719 2115 1786 2154 μήτε

1015 2158 1174 2200 ἑρμηνεῦσαί
1187 2160 1244 2189 ἔστι
1258 2158 1368 2189 δυνατόν
1376 2169 1383 2176 ·
1405 2159 1448 2189 διὰ
1458 2160 1535 2190 τοῦτό
1544 2172 1624 2201 φησιν
1633 2172 1639 2179 ·
1654 2157 1734 2191 Εἶδον
1743 2161 1787 2190 τὸν

1016 2206 1115 2246 Κύριον
1129 2204 1276 2244 καθήμενον
1290 2205 1334 2235 ἐπὶ
1344 2205 1434 2246 θρόνου
1449 2207 1550 2246 ὑψηλοῦ
1564 2207 1609 2236 καὶ
1625 2207 1785 2248 ἐπηρμένου.

1018 2253 1071 2282 Καὶ
1084 2251 1111 2281 τί
1124 2251 1212 2292 ἕτερον
1226 2247 1308 2289 εἶδες,
1322 2247 1344 2281 ὦ
1356 2254 1497 2293 προφῆτας
1509 2253 1536 2282 τί
1548 2254 1610 2292 περὶ
1621 2254 1698 2284 αὐτὸν
1713 2255 1788 2285 ἐθεά-

1018 2311 1071 2335 σω;
1087 2298 1141 2328 Καὶ
1154 2298 1188 2328 τὰ
1201 2299 1325 2339 Σεραφὶμ
1333 2298 1499 2335 εἱστήκεισαν
1508 2323 1516 2337 ,
1531 2300 1596 2341 φησὶ
1605 2321 1613 2336 ,
1635 2300 1726 2341 κύκλῳ
1742 2303 1789 2330 αὒ-

1018 2348 1073 2375 τοῦ.
1094 2345 1131 2376 Τί
1141 2348 1281 2383 ποιοῦντα,
1301 2346 1346 2376 καὶ
1364 2345 1390 2375 τί
1403 2346 1529 2386 λέγοντα;
1550 2347 1627 2381 ποίας
1640 2347 1790 2388 παῤῥησίας

1019 2391 1185 2422 ἀπολαύοντα
1190 2403 1200 2431 ;
1214 2392 1370 2433 Παῤῥησίας
1383 2392 1430 2432 μὲν
1443 2394 1551 2433 ,qno-iv,
1563 2394 1694 2433 οὐδεμιᾶς,
1709 2393 1789 2434 φόὸου

1020 2438 1047 2467 δὲ
1058 2438 1102 2468 καὶ
1116 2438 1304 2475 καταπλήξεως
1316 2438 1445 2478 γέμοντα,
1468 2439 1513 2471 καὶ
1526 2441 1561 2470 δι’
1573 2442 1652 2470 αὐτοῦ
1663 2442 1708 2469 τοῦ
1720 2439 1790 2479 σχή-

1022 2497 1103 2524 ματος
1113 2485 1142 2515 τὸ
1156 2486 1255 2526 ἄφατον
1274 2486 1475 2527 ἐπιδεικνύμενα
1494 2490 1539 2517 τοῦ
1555 2487 1637 2520 δέους.
1659 2487 1727 2519 Ταῖς
1739 2486 1790 2526 γὰρ

1022 2532 1080 2560 δυσὶ
1101 2532 1209 2574 πτέρυξι
1226 2533 1424 2563 κατεκάλυπτον
1437 2533 1471 2563 τὰ
1486 2533 1615 2573 πρόσωπα
1628 2553 1637 2567 ,
1656 2534 1722 2571 ὁμοῦ
1742 2532 1790 2570 μὲν

1070 2624 1079 2634 ⁵·
1098 2615 1167 2639 Unus
1178 2618 1204 2640 τὸ
1216 2621 1260 2641 πᾶν
1270 2618 1413 2647 {ammixtum
