1890 2826
117 1576 123 1581 .
155 1556 233 1580 Paral

104 1591 140 1613 18.
156 1597 191 1619 ¹9.

102 1622 179 1643 Exoa.
202 1620 242 1643 32.
253 1620 325 1649 mihi
346 1619 524 1648 Achaabum
536 1621 549 1647 P
563 1625 589 1648 et
610 1619 709 1648 iterum
725 1628 732 1645 ε
748 1619 875 1648 Dimitte
899 1627 945 1646 me
969 1621 999 1646 et

105 1740 243 1763 Gen.32.2().

228 222 293 257 292

562 214 591 237 S.
621 210 761 236 JOANNlS
791 205 974 232 CHRYSOST.
1002 204 1156 229 ARCHIEP.
1184 201 1457 227 CONSTANTINOP.

224 280 405 321 precabatur?
428 279 463 309 Et
484 276 593 316 quidem
617 275 665 305 illa
690 274 742 314 ipsi
753 270 815 303 'non
839 270 906 308 (lici,
921 280 968 300 nec
984 269 1003 292 (Σ
1024 269 1066 299 τὸν
1080 268 1182 310 χρόνον,
1197 266 1242 297 καὶ
1253 267 1284 296 τὸ
1298 265 1365 306 μετὰ
1379 260 1562 294 ταῦταζΚαῖὁ
1575 259 1664 303 ἄρχων
1678 261 1724 295 τῆς
1740 257 1789 299 βά-

226 327 376 366 quidquam
386 324 529 366 ejusmodi.
544 324 626 353 Forte
635 321 744 353 volebat
763 318 867 350 disoe're
877 322 969 348 exacte

226 381 344 414 tempus,
357 379 383 403 et
401 371 469 411 quid
489 377 580 411 postea
598 370 722 399 futurum
742 373 820 396 esset.
836 367 864 396 Ε
867 372 878 395 t
888 366 970 402 priri-

227 430 304 460 ceps,
323 419 421 459 inquit,
438 419 519 456 regni
532 417 692 446 Persarum
702 415 781 443 stetit
794 423 831 442 ex
847 413 969 441 adverso

229 466 294 495 mei.
301 467 378 496 Anne
386 465 527 494 hominum
536 458 689 503 principem
695 458 782 490 dicit?
794 457 915 489 Minime.
925 456 972 487 Et-

228 514 301 544 enim
312 519 338 542 et
352 511 419 541 alibi
432 510 470 539 ait
483 522 488 538 :
506 510 646 548 Princeps
673 507 841 538 Graecorum
866 505 967 533 exivit.

228 559 301 590 Mihi
314 558 424 589 videtur
437 557 485 586 iste
496 555 544 595 qui
555 555 676 594 loquitur
689 563 741 583 non
755 561 812 582 esse
825 551 860 580 de
870 549 972 591 princi-

229 607 324 647 pibus,
336 614 422 644 neque
432 614 467 633 ex
479 602 514 632 iis
526 601 575 641 qui
586 600 706 642 praefecti
717 605 780 629 sunt
791 597 864 638 genti
876 596 971 633 alicui,

231 653 278 683 sed
288 663 323 682 ex
333 650 457 692 supernis
464 649 621 680 virtutihus.
634 645 740 677 Deinde
750 645 816 685 quia
826 643 914 683 angeli
925 642 974 672 alii

228 709 285 730 non
296 697 422 729 valebant
434 695 478 725 illi
493 694 626 732 resistere,
640 693 705 723 huic
722 691 834 721 dicitur.
849 687 975 719 Absoluti

230 752 305 781 sunt,
317 743 416 782 inquit,
431 753 463 772 ac
476 741 585 771 liberati
597 739 704 778 Judaeij
719 737 787 778 quid
800 736 889 767 adhuc
901 746 975 775 quae-

1024 321 1132 357 σιλείας,
1143 320 1217 361 φησὶ,
1229 320 1340 360 Περσῶν
1353 316 1470 353 εἱστήκει
1482 315 1510 350 ἐξ
1519 314 1637 348 ἐναντίας
1651 324 1712 352 μου.
1723 306 1791 351 ’Ἆρα

1023 374 1061 413 μὴ
1083 373 1127 403 τὸν
1146 375 1199 402 τῶν
1220 371 1364 412 ἀνθρώπων
1383 368 1468 409 λέγων
1493 367 1624 408 ἄρχοντα;
1646 365 1792 403 Οὐδαμῶς.

1021 427 1075 457 Καὶ
1094 426 1146 466 γὰρ
1168 426 1286 465 ἀλλαχοῦ
1306 423 1379 463 λέγει
1391 434 1398 441 ·
1414 422 1450 452 ‘O
1470 421 1560 461 ἄρχων
1582 420 1635 448 τῶν
1655 416 1793 452 Ἑλλήνων

1021 480 1136 516 ἐξῆλθεν.
1151 478 1230 518 Ἐμοὶ
1255 479 1335 507 δοκεῖ*
1346 471 1420 509 οὗτος
1433 476 1481 505 οὔκ
1495 469 1562 503 εἶναι
1574 474 1627 502 τῶν
1648 469 1794 511 ἀρχόντων,

1022 532 1081 563 οὗδὲ
1094 534 1147 562 τῶν
1162 530 1374 570 ἐπιτεταγμένων
1389 528 1470 564 ἔθνος,
1484 525 1553 556 ἀλλὰ
1573 527 1627 555 τῶν
1641 524 1696 554 ἄνω
1713 522 1792 552 δυνά-

1024 597 1103 625 μεων.
1117 580 1186 615 Εἶτα
1199 582 1304 613 ἐπειδὰν
1318 584 1366 612 οὐκ
1383 581 1476 621 ἴσχυον
1495 575 1520 610 οἷ
1533 578 1640 619 ἄγγελοι
1653 577 1730 606 ἄλλοι
1748 576 1794 604 ἀν-

1022 640 1145 674 τιστῆναι
1160 638 1247 677 αὐτῷ,
1269 634 1355 675 τούτῳ
1367 634 1482 674 λέγεται.
1504 630 1695 667 'Ast-emonam,
1717 626 1796 668 φησί·

1024 690 1051 720 τί
1069 690 1150 720 πάλιν
1172 691 1271 725 ζητεῐς;
1285 687 1339 718 Καὶ
1360 686 1415 717 ἰδοὺ
1431 685 1544 726 Μιχαὴλ
1566 679 1603 717 εἷς
1621 685 1675 712 τῶν
1699 680 1796 721 ἀρχόν-

1025 755 1078 773 των
1101 745 1154 773 τῶν
1175 741 1288 782 πρέπων
1311 737 1376 777 ἦλθε
1402 737 1533 780 βοηθῆσαί
1555 748 1600 776 μοι
1617 748 1624 754 ·
1647 734 1693 765 καὶ
1718 732 1798 763 αὐτὸν

231 791 291 821 ris?
304 791 346 820 Et
367 799 432 819 ecce
446 788 579 819 Michael
594 797 671 817 unus
686 788 849 827 principum
868 788 976 826 primo-
992 799 1012 822 1)
1026 795 1167 826 κατέλιπον
1194 795 1249 824 ἐκεῖ
1274 792 1342 833 μετὰ
1365 794 1412 821 τοῦ
1443 789 1569 831 ἄρχοντος
1581 787 1715 829 βασιλέως
1727 787 1799 826 nep-

232 847 305 872 rum,
323 837 406 866 venit
423 835 465 864 ad
479 834 687 864 auxiliandum
705 834 791 870 mihi.-
803 839 832 862 et
847 842 893 861 me
908 831 977 862 reli-

233 888 359 923 querunt
371 883 414 911 ibi
435 891 500 911 cum
514 882 646 921 principe
662 880 737 920 regis
750 880 920 909 Persarum.
937 878 979 906 Et

234 928 307 956 ‘veni
315 927 418 956 docere
430 933 458 955 te
467 925 800 966 quaecumque-evenient
808 923 918 963 populo
928 929 978 951 tuo

236 975 269 1003 in
290 974 453 1003 novissimis
472 972 584 1009 diebus,
599 972 671 1012 quia
684 980 751 1000 ecce
763 970 840 999 visio
861 971 894 998 in
904 968 977 997 dies.

236 1021 327 1057 Quare
347 1025 409 1048 ante
427 1018 526 1058 viginti
543 1017 602 1048 dies
621 1027 675 1047 non
694 1016 769 1048 venit
784 1014 924 1046 michael?
941 1014 982 1044 Ut

238 1065 306 1094 mihi
322 1064 443 1100 videtur,
458 1064 597 1094 ostendere
609 1063 671 1094 vult
684 1061 832 1103 prophetae,
846 1060 927 1090 illum
939 1069 983 1090 res

239 1111 390 1151 prohibitas
404 1117 431 1140 et
449 1110 556 1150 iniquas
575 1117 655 1149 atque
673 1115 776 1139 coactas
790 1106 938 1148 postulare,
952 1107 984 1135 ac

241 1156 438 1198 propemodum
467 1157 570 1196 angelis
602 1156 660 1188 vim
683 1155 778 1185 facere.
799 1155 912 1193 Propter
932 1152 986 1181 hoc

241 1214 328 1243 neque
352 1203 473 1233 Michael
497 1203 587 1232 statim
613 1202 647 1231 ab
669 1201 747 1231 initio
767 1200 926 1236 auxiliatur,
938 1197 987 1228 sed

1027 851 1090 879 σῶν.
1113 848 1166 879 Καὶ
1184 843 1264 884 ἦλθον
1285 845 1418 876 συνετίσαι
1439 857 1470 874 σε
1489 844 1539 874 ὅσα
1560 841 1800 879 ἀπαντήσεται·τῷ

1026 903 1085 941 λαῷ
1099 912 1146 931 σου
1159 901 1201 930 ἐπ’
1215 899 1335 940 ἐσχάτων
1349 899 1402 927 τῶν
1421 896 1538 936 ἡμερῶν,
1555 894 1596 924 ὅτι
1609 892 1664 923 ἰδοὺ
1678 894 1696 928 ἡ
1711 891 1802 931 ὅρασις

1029 955 1066 988 εἷς
1080 953 1189 993 ἡμέρας.
1202 952 1281 985 Τίνος
1294 951 1381 981 ἕνεκεν
1396 948 1449 990 πρὸ
1465 950 1518 978 τῶν
1532 947 1615 993 εἴκοσι
1633 946 1742 985 ἡμερῶν
1756 945 1803 973 οὐκ

1030 1003 1108 1044 ἦλθεν
1127 1008 1141 1036 ὁ
1160 1004 1289 1045 Μιχαήλ;
1310 1003 1392 1043 Ἐμοὶ
1409 1003 1490 1038 δοκεῖ,
1516 1000 1599 1035 δεῖξαι
1618 998 1741 1039 βούλεται
1764 998 1804 1037 τῷ

1032 1058 1167 1100 προφήτῃ,
1182 1057 1225 1087 ὅτι
1237 1055 1409 1095 κεκωλυμένα
1421 1054 1567 1095 πράγματα
1579 1054 1647 1083 αἰτεῖ
1661 1050 1706 1081 καὶ
1720 1049 1806 1090 παρά·

1034 1124 1103 1152 νομα
1121 1111 1166 1141 καὶ
1180 1107 1432 1149 κατηναγκασμένα,
1447 1105 1586 1147 μονονουχὶ
1599 1104 1647 1134 καὶ
1660 1107 1715 1137 τοῖς
1728 1101 1806 1142 ἀγγεί-Δ

1035 1166 1091 1198 λοις
1105 1162 1165 1204 βίαν
1178 1163 1270 1192 ποιῶν.
1285 1160 1339 1191 Διὰ
1356 1163 1435 1190 τοῦτο
1449 1158 1508 1189 οὐδὲ
1527 1157 1643 1199 Μιχαὴλ
1665 1155 1759 1189 εὐθέως
1780 1156 1807 1184 ἐν

980 1243 986 1250 ,
1038 1218 1109 1257 ἀρχῇ
1123 1218 1222 1255 βοηθεῖ,
1234 1215 1293 1244 ἀλλ’
1304 1213 1423 1253 ὕστερον,
1435 1212 1478 1242 ἵνα
1492 1211 1610 1251 μάθωσιν
1623 1209 1665 1240 ὅτι
1678 1211 1725 1239 οὐκ
1738 1204 1807 1245 ἦσαν

243 1256 344 1290 Posoea’
359 1256 391 1278 Ut
409 1249 541 1278 discerent
557 1247 684 1287 indignos
701 1246 788 1276 reditu
808 1256 864 1276 ⁸⁵⁵⁰
878 1255 924 1274 ωδ
940 1254 988 1283 qm
1004 1268 1023 1292 Β
1039 1269 1106 1303 ἄξιοι
1118 1269 1234 1298 ἀνελθεῖν
1247 1268 1271 1296 οἱ
1283 1265 1351 1305 μετὰ
1363 1269 1456 1295 ταῦτα.
1471 1265 1634 1295 Ἀδικοῦνται
1648 1264 1673 1292 οἱ
1689 1262 1805 1302 ἄγγελοι.

244 1302 335 1335 postea
344 1294 372 1324 in
387 1295 502 1335 patriam
516 1293 617 1324 reversi
630 1300 702 1323 sunt.
716 1291 821 1332 Injuria
834 1291 989 1320 afficiuntur

245 1340 345 1380 angeli.
359 1341 400 1370 Et
425 1351 471 1370 me
492 1340 674 1380 reliquerunt
696 1340 746 1374 ibi,
761 1344 791 1367 ut
809 1337 855 1367 vel
879 1347 990 1378 persua-

247 1386 349 1423 derem,
366 1387 411 1419 vel
440 1386 770 1426 inhiberem(principem
799 1384 871 1424 regis
894 1384 991 1414 Persa-

249 1436 340 1472 rum).
356 1434 393 1464 Et
406 1433 468 1472 quis
485 1432 597 1473 angelus
612 1431 756 1473 ejusmodi,
772 1430 819 1470 qui
840 1441 901 1461 cum
915 1429 994 1459 audit

249 1481 338 1510 Deum
358 1480 478 1520 praebere
499 1479 623 1519 gratiam,
641 1478 763 1508 resistat?
774 1479 854 1515 Rem,
874 1484 905 1507 ut
922 1476 994 1506 arbi-

251 1533 319 1562 tror,
333 1526 370 1557 ita
382 1525 511 1566 exprimit
530 1536 561 1555 ae
579 1525 602 1555 si
621 1532 690 1556 esset
701 1534 826 1564 corporea
844 1522 995 1562 :quemad-

235 1572 364 1603 'modum
377 1583 438 1602 cum
459 1572 518 1602 ait:
537 1573 608 1612 Quis
634 1572 797 1612 egredietur
822 1577 852 1600 et
875 1570 998 1610 decipiet

253 1664 357 1696 delebo
375 1675 432 1695 eos.
447 1666 509 1695 Non
530 1664 690 1705 prohibetur
711 1665 797 1701 Deus,
809 1674 857 1693 nec
870 1662 928 1693 vim
947 1673 997 1703 pa-

1039 1321 1094 1352 Καὶ
1101 1320 1179 1350 αὐτὸν
1189 1321 1293 1360 ἀφῆκαν
1302 1320 1366 1354 ἐκεῖ,
1376 1317 1445 1347 ὥστε
1455 1316 1473 1353 ἢ
1481 1321 1582 1353 πεῖσαι,
1592 1315 1610 1352 ἢ
1619 1316 1746 1345 κωλῦσαι.
1757 1313 1811 1344 Καὶ

1041 1374 1081 1408 τίς
1091 1373 1200 1413 ἄγγελος
1209 1374 1335 1407 τοιοῦτος,
1345 1373 1381 1404 ὡς
1394 1370 1507 1404 ἀκούσας
1521 1372 1567 1399 τοῦ
1579 1371 1650 1400 Θεοῦ
1664 1369 1752 1400 δόντος
1763 1361 1811 1403 τὴν

1042 1425 1131 1467 χάριν,
1143 1426 1306 1461 ἀντιστῆνας
1315 1425 1511 1462 Σωματοποιεῖ,
1517 1423 1554 1455 ὡς
1562 1416 1647 1461 οἶμαι,
1655 1420 1684 1450 τὸ
1692 1424 1813 1460 πρᾶγμα,

1044 1478 1134 1519 ὥσπερ
1143 1479 1196 1508 ἐκεῖ
1203 1479 1247 1520 [f.
1255 1476 1326 1515 ἐπεὶ]
1332 1476 1415 1516 ἔλεγε·
1424 1475 1474 1509 Τίς
1480 1473 1653 1510 ἐξελεύσεται,
1662 1472 1707 1503 καὶ
1715 1472 1816 1507 ἀπατή·

1045 1542 1087 1561 σει
1098 1542 1143 1570 μοι
1151 1530 1196 1560 τὸν
1203 1529 1320 1570 Ἀχαᾶ6;
1327 1528 1381 1558 Καὶ
1390 1528 1471 1558 πάλιν
1478 1539 1485 1546 ·
1496 1527 1573 1568 Ἄφες
1583 1538 1626 1566 με,
1635 1525 1681 1556 καὶ
1687 1524 1817 1564 ἐξαλείψω

1047 1582 1150 1616 «orode.
1164 1583 1205 1613 Οὔ
1219 1581 1350 1612 κωλύεται
1369 1583 1384 1610 ὃ
1396 1579 1475 1616 Θεὸς,
1489 1579 1548 1610 οὐδὲ
1563 1578 1681 1618 ἀνάγκην
1696 1578 1797 1618 πάσχει
1808 1600 1816 1613 ,

1048 1634 1225 1675 κατεχόμενος
1233 1633 1286 1663 ὑπὸ
1293 1636 1339 1663 τοῦ
1350 1632 1496 1673 προφήτου.
1509 1631 1590 1662 Οὕτω
1601 1631 1633 1667 δὴ
1644 1631 1690 1661 καὶ
1699 1631 1818 1660 ἐνταῦθα.

230 1739 234 1744 ,
253 1711 330 1748 titur,
352 1710 474 1740 detentus
508 1721 524 1739 a
555 1710 697 1750 propheta.
716 1711 757 1740 Ita
787 1719 851 1739 sane
882 1716 910 1738 et
941 1688 1104 1739 hic.²¹⁵²Ked
1115 1687 1196 1717 πάλιν
1212 1687 1330 1726 ἀλλαχοῦ
1344 1696 1424 1726 φησι.
1437 1683 1516 1725 Ἄφες
1535 1696 1579 1724 με’
1598 1684 1639 1714 ὅτι
1653 1683 1734 1720 ἀνέθη
1748 1685 1762 1713 ὁ
1774 1684 1821 1723 ὄρ-

254 1758 361 1788 Rursus
374 1768 439 1788 vero
449 1757 515 1786 alibi
531 1757 570 1787 ait
583 1767 590 1783 ι
607 1757 731 1786 Dimitte
751 1767 804 1793 me,
817 1757 888 1796 quia
901 1765 1002 1786 ascen-

256 1806 299 1834 dit
320 1803 495 1833 diluculum.
511 1803 548 1833 Et
572 1802 662 1832 adhuc
685 1802 720 1832 de
738 1802 832 1842 angelo
856 1809 883 1831 et
906 1802 999 1831 asina:

255 1852 324 1881 Nisi
343 1850 450 1886 faciem
467 1857 546 1879 tuam
567 1850 833 1888 apprehendissem,
854 1848 953 1888 inquit.
969 1848 1003 1878 Id

259 1897 349 1935 itaque
373 1906 427 1924 non
450 1895 575 1932 ostendit,
598 1895 688 1934 ipsum
715 1896 771 1924 Deo
794 1895 932 1932 obsistere,
956 1894 1005 1925 sed

259 1942 311 1971 hoc
330 1951 416 1970 unum
432 1940 649 1980 tantum'injuria
665 1940 773 1979 angelos
788 1941 872 1970 affici.
886 1942 1006 1971 Tantum

260 1988 347 2017 valuit
366 1986 474 2016 Daniel.
498 1987 645 2015 Descendi
667 1993 699 2015 ut
722 1987 852 2016 docerem
876 1994 904 2017 te
925 1998 1005 2028 quoe-

262 2043 383 2072 cumque
419 2032 527 2071 populo
565 2039 613 2061 tuo
648 2038 717 2061 sunt
755 2039 904 2062 eventura.
933 2033 1006 2064 Vide

263 2078 409 2117 quomodo,
422 2089 451 2107 re
463 2077 610 2107 necessaria
631 2077 753 2115 dimissa,
769 2079 906 2119 prophetae
919 2090 946 2109 se
958 2090 1005 2109 ex-

263 2131 348 2154 cuset.
369 2125 471 2154 Iterum
497 2123 593 2152 Daniel
615 2130 798 2153 consternatur
814 2135 821 2152 τ
838 2125 934 2154 iterum
958 2136 1006 2155 an·-

264 2171 340 2210 gelus
358 2170 437 2199 illum
462 2169 552 2209 erigit,
573 2176 598 2198 et
620 2169 657 2198 ait
673 2180 679 2196 :
697 2171 761 2209 Ego
781 2162 957 2210 proficiscor⁷
976 2180 1007 2202 ut

263 2217 379 2256 proelier
401 2226 467 2245 cum
489 2218 620 2256 principe
642 2216 809 2245 Persarum.
833 2218 936 2257 Atque
954 2229 1006 2259 ego

266 2263 445 2300 egrediebar,
452 2264 583 2301 princeps
591 2271 663 2290 vero
676 2261 843 2301 Graecorum
855 2266 1001 2294 veniebat.

266 2310 347 2338 Forte
357 2318 419 2337 cum
439 2306 707 2337 uno'adversantium
720 2307 773 2347 ipsi
790 2307 823 2336 de
838 2311 918 2338 rebus
929 2311 1006 2339 sutu—

1051 1743 1118 1781 θρος.
1133 1739 1188 1770 Καὶ
1205 1738 1285 1768 πάλιν
1304 1737 1348 1768 ἐπὶ
1360 1740 1406 1767 τοῦ
1421 1737 1533 1777 ἀγγέλου
1547 1736 1593 1766 καὶ
1608 1738 1656 1772 τ’ἤς
1672 1738 1748 1766 ὄνου·
1766 1738 1778 1752 “
1788 1736 1823 1765 Εἰ

1052 1793 1090 1832 μὴ
1111 1791 1253 1833 πρόσωπόν
1276 1802 1323 1821 σου
1345 1790 1449 1826 ἔλαὸον,
1473 1789 1563 1831 φησίν.
1589 1791 1649 1819 Οὔκ
1673 1789 1726 1830 ἄρα
1746 1791 1824 1819 τοῦτο

1053 1845 1182 1875 δείκνυσιν
1197 1843 1274 1874 αὐτὸν
1296 1842 1485 1882 ἀνθιστάμενον
1498 1844 1537 1882 τῷ
1551 1843 1628 1883 Θεῷ,
1646 1844 1706 1872 ἀλλ’
1726 1842 1754 1871 ἓν
1775 1842 1825 1882 μό-

1053 1909 1106 1934 νον,
1119 1897 1161 1927 δτι
1174 1897 1336 1927 ἀδικοῦνται.
1355 1897 1482 1925 Τοσαῦτα
1495 1894 1604 1935 ἴσχυσεν
1617 1897 1631 1924 ὀ
1643 1894 1753 1930 Δανιήλ.
1768 1895 1825 1924 Κα-

1054 1951 1149 1986 ἰ-’ἤλθον
1171 1949 1306 1980 συνετίσαι
1326 1959 1356 1978 σε
1370 1947 1420 1977 ὅσα
1438 1947 1620 1984 ἀπαντήσεται
1633 1949 1671 1986 τῷ
1688 1948 1744 1987 λαῷ
1767 1958 1822 1976 σου.

1054 2005 1128 2045 ‘'Opot
1142 2006 1200 2039 πῶς
1214 2006 1355 2045 ἀναγκαῖον
1370 2008 1491 2044 πρᾶγμα
1502 2003 1585 2044 ἀφεὶς,
1602 2005 1772 2043 ἀπολογεῖται
1785 2005 1824 2043 τῷ

1054 2061 1190 2104 προφήτῃ.
1211 2061 1298 2092 Πάλιν
1318 2061 1468 2096 ἐξίσταται·
1488 2061 1569 2091 πάλιν
1588 2061 1666 2091 αὐτὸν
1690 2060 1826 2096 ἀνίστησι,

1055 2120 1101 2150 καί
1115 2131 1196 2160 φησι·
1211 2119 1284 2159 Ἐγὼ
1297 2119 1443 2159 πορεύομαι
1461 2122 1507 2149 τοῦ
1520 2121 1672 2159 πολεμῆσαι
1691 2117 1761 2158 μετὰ
1779 2119 1827 2147 τοῦ

1057 2176 1183 2217 ἄρχοντος
1207 2177 1330 2217 Περσῶν.
1353 2176 1407 2206 Καὶ
1432 2176 1484 2216 ἐγὼ
1515 2175 1718 2217 ἐξεπορευόμην,
1745 2174 1791 2205 καὶ
1813 2175 1827 2203 ὂ

1058 2235 1147 2275 ἄρχων
1168 2237 1222 2264 τῶν
1235 2234 1372 2270 Ἑλλήνων
1391 2234 1499 2275 ἤρχετο.
1515 2233 1593 2268 Ἴσως
1610 2234 1664 2269 ἑνὸς
1683 2235 1736 2263 τῶν
1753 2235 1827 2264 ἐναν-

1057 2291 1200 2331 τιουμένων
1215 2290 1259 2321 ἐπὶ
1271 2295 1325 2324 τοῖς
1338 2290 1481 2330 ἐσομένοις,
1493 2290 1563 2321 ὥστε
1575 2295 1629 2325 τοῖς
1649 2290 1718 2320 κατὰ
1731 2291 1826 2320 Μακε-

266 2355 314 2391 ris,
327 2354 428 2392 quique
441 2360 532 2382 contra
544 2352 708 2382 Macedonas
728 2361 868 2393 pugnaret·
886 2356 924 2384 Ac
937 2366 1007 2385 non-
1025 2358 1041 2381 B
1060 2347 1146 2377 δονῖαν
1166 2349 1326 2388 πολεμῆσαι·
1346 2347 1400 2378 Ka}
1421 2348 1495 2378 Οὔπω
1512 2347 1640 2378 πείθεται·
1657 2346 1779 2386 Πόλεμος
1791 2347 1828 2387 ’,ἓν

266 2401 331 2430 dum
363 2399 549 2440 persuadetur.
565 2399 706 2429 Bellumne
733 2406 772 2429 est
797 2399 866 2429 inter
888 2402 1008 2441 angelos,

1059 2404 1179 2444 ἀγγέλοις
1193 2404 1258 2440 ἐστὶ,
1272 2405 1346 2445 μάχη
1363 2405 1424 2445 περὶ
1441 2405 1584 2445 ἀνθρώπων
1589 2416 1598 2441 ;
1610 2404 1672 2434 Ναί.
1685 2403 1764 2433 Πάνυ
1777 2402 1828 2442 γὰρ

298 2499 309 2510 ³¹
318 2495 343 2517 Εἰ
351 2495 385 2523 μὴ
392 2495 512 2525 πρόσωπόν
523 2501 560 2516 σου
566 2492 654 2515 ε”λαθον-
663 2489 720 2514 Non
731 2490 833 2515 memini
841 2499 880 2514 me
890 2489 969 2524 legere
976 2492 1022 2516 ista
1072 2494 1162 2521 baisse.
1177 2495 1219 2520 Sic
1233 2496 1300 2520 enim
1312 2495 1439 2520 interdum
1457 2494 1641 2520 hallucinantur
1654 2493 1770 2519 Ecclesia:
1782 2493 1830 2519 ‹lo-

265 2531 291 2554 in
303 2530 379 2554 sacris
388 2529 533 2561 Scripturis.
543 2529 619 2553 Forte
631 2527 737 2552 allusum
747 2527 780 2552 ad
792 2529 866 2553 Num.
881 2530 969 2561 22‚25,
981 2529 1026 2561 27,Δ

267 2570 308 2598 31,
326 2570 367 2593 32.
380 2568 472 2593 Verum
489 2567 547 2600 quia
565 2566 627 2600 quid
643 2566 723 2592 simile
739 2566 844 2592 habetur
864 2568 923 2593 Jobi
942 2569 983 2601 42,
997 2571 1021 2603 8,

265 2608 379 2631 vxistimo
394 2607 420 2632 S.
434 2606 643 2639 Clurysostomum
660 2614 716 2630 eum
732 2605 815 2631 locum
835 2608 858 2631 in
877 2614 959 2633 mente
979 2608 1021 2632 hn-

1072 2539 1153 2558 ctores
1165 2535 1322 2560 sanctissimi.
1335 2535 1422 2559 Posset
1433 2535 1508 2559 etiam
1526 2533 1576 2558 elici
1587 2533 1766 2566 exscriptorem
1778 2531 1829 2557 duo

1074 2571 1127 2596 loca
1137 2572 1278 2598 confudisse
1291 2574 1315 2598 iu
1329 2582 1414 2599 unum.
