1890 2826
642 143 779 168 EoMluA

90 209 120 240 τὸ
132 208 201 243 ἔλεός
213 218 259 239 σου
278 210 305 239 ἐν
328 207 402 247 μέσῳ
420 209 464 236 τοῦ
480 208 543 236 λαοῦ
558 216 619 236 σου·
640 206 710 235 κατὰ
729 205 760 234 τὸ
773 203 856 242 ὄνομά

89 268 135 286 σου
143 279 152 292 ,
173 258 188 285 ὁ
201 254 284 290 Θεὸς,
299 254 368 283 οὕτω
381 254 425 283 καὶ
438 256 456 289 ἡ
472 251 567 285 αἶνεσίς
584 263 630 282 σου
653 251 697 281 ἐπὶ
708 251 742 280 τὰ
755 249 858 290 πέρατα

69 327 72 330 .
88 304 135 338 τ-’ἧς
154 303 217 340 γ’ἧς·
243 299 409 336 δικαιοσύνης
429 299 533 339 πλήρης
551 301 569 334 ἡ
584 297 655 332 δεξιοί
669 308 730 327 σου·
748 296 857 336 εὑρίσκῃ

88 348 133 377 καὶ
146 347 216 388 ᾅδων
235 347 270 377 τὰ
290 349 336 376 τοῦ
357 347 443 382 Θεοῦ,
463 345 508 375 καὶ
534 343 715 384 πληρούμενος
734 342 861 381 Πνεύμα-

87 405 131 427 τος
146 393 234 432 ἁγίου.
257 393 292 423 ‘O
311 392 363 432 γὰρ
380 391 494 431 γνησίως
510 390 632 431 ψάλλων,
659 388 861 428 ἀνακαινιζόμε-

88 451 129 472 νος
155 438 203 475 τὴν
226 438 331 479 ψυχὴν,
353 438 521 468 ἀποτελεῖται
536 436 597 470 ναὸς
609 439 656 466 τοῦ
669 435 744 475 ἁγίου
767 434 853 464 Πνεύ-

89 495 182 523 ματος.
209 484 257 520 Μὴ
278 483 330 524 γὰρ
352 483 445 523 μικρὸν
471 482 580 522 νομίσῃς
602 481 760 522 ψαλμῳδίαν
784 475 860 510 εἶναι.

805 144 849 166 DE
876 143 1118 166 LEGlsLATORE.

1586 133 1652 180 477

912 204 1020 244 ligentia
1038 215 1044 231 :
1061 215 1093 233 ne
1107 205 1264 244 simpliciter
1279 206 1423 236 vcrLorum
1437 206 1552 235 sonitum
1567 206 1655 235 admi-

913 262 981 288 rare,
990 250 1036 280 sed
1050 251 1207 280 sententiam
1220 258 1245 280 et
1257 251 1311 281 vim
1323 252 1444 292 explora.
1467 252 1496 282 Si
1509 252 1580 281 enim
1595 263 1657 282 vere

913 303 939 326 et
952 307 986 326 ex
999 297 1088 326 animo
1099 296 1205 326 divinas
1218 297 1309 327 laudes
1322 298 1510 334 celebraveris,
1526 298 1656 327 maxime-

914 353 966 382 que
975 343 1139 373 Davidicum
1149 343 1218 372 illud
1225 344 1364 373 oraculum
1374 343 1522 374 cantaveris
1536 354 1542 370 ι
1559 344 1657 373 Susce-

913 392 1020 429 pimus,
1048 390 1140 426 Deus,
1162 391 1391 419 misericordiam
1417 396 1498 419 tuam
1517 391 1548 418 in
1563 391 1658 418 medio

913 436 1015 476 populi
1029 438 1070 465 tui
1084 448 1092 464 .-
1107 437 1266 465 secundum
1283 446 1389 465 nomen
1405 442 1498 472 tuum,
1510 436 1602 471 Deus,
1616 438 1659 464 ita

916 488 945 511 et
958 482 1024 512 laus
1046 488 1098 511 tua
1110 484 1143 510 in
1152 483 1228 521 fines
1248 489 1331 511 terroe
1348 496 1357 512 .·
1372 483 1496 514 Justicia
1513 482 1603 522 plena
1616 487 1659 511 est

89 533 168 569 Δοκεῖ
182 530 229 570 μὲν
242 530 294 570 γὰρ
307 529 356 565 τὴν
370 529 451 566 ἀκοὴν
465 528 566 569 θέλγειν
577 551 585 565 ,
597 531 630 568 τῇ
644 529 672 558 δὲ
687 527 798 567 ἀληθείᾳ
810 526 861 563 τὴν
869 550 905 571 4⁰8
916 530 1037 559 dextera
1051 536 1102 558 tua
1113 540 1121 556 .-
1132 528 1215 558 simul
1227 535 1253 558 et
1273 529 1380 558 divinas
1397 528 1491 558 laudes
1510 528 1657 566 celebrans,

88 576 176 616 ψυχὴν
198 575 315 616 ἐγείρειν.
341 575 422 605 Οὕτω
445 575 491 604 καὶ
502 578 516 604 ὃ
529 575 657 614 μακάριος
675 573 827 607 Ἐλισσαῖος
849 574 863 602 ὁ

88 622 224 662 προφήτης
235 620 470 661 παρακαλούμενος
482 620 555 661 παρά
563 632 642 650 τινων
656 619 786 659 βασιλέων
801 630 865 658 προ-

89 671 218 707 φητεῦσαι
230 668 265 697 τὰ
279 667 410 707 μέλλοντα
418 690 426 704 ,
437 667 509 706 λέγει
517 679 523 685 ·
544 667 611 696 Δότε
623 678 668 705 μοι
682 666 764 705 ἄνδρα
775 664 864 694 εἰδότα

88 714 213 754 ψάλλειν·
240 709 317 754 ἦλθεν
329 715 343 743 ὃ
357 715 404 749 τῆς
419 715 546 752 μουσικῆς
565 713 703 752 ἔμπειρος,
729 711 774 740 καὶ
787 712 815 740 ἐν
825 713 864 750 τῷ

88 760 214 799 ψάλλειν,
237 760 332 800 φησὶν,
355 761 452 789 ἐκεῖνον
463 782 471 795 ,
496 755 561 798 ἦλθε
571 758 602 788 τὸ
613 760 726 797 Πνεῦμα
741 757 771 787 τὸ
789 757 863 796 ἅγιον

88 806 133 836 ἐπὶ
149 806 312 836 Ἐλισσαῖον.
339 805 376 835 Τί
397 802 464 842 olim
490 801 542 845 ἆρα
564 805 594 834 τὸ
614 805 727 843 Πνεῦμα
745 804 776 833 τὸ
789 803 862 843 ἅγιον

88 857 185 892 φωναῖς
198 852 332 892 θέλγεται,
344 852 390 881 καὶ
403 852 517 892 ἐπῳδαῖς
526 850 698 887 καθέλκεται,
715 851 737 879 εἷ
747 852 779 890 τῇ
789 851 862 890 ψυχῇ

90 899 269 928 ἐπανεπαύετο
280 901 314 938 τῇ
328 900 497 939 προφητικῇ;
515 897 611 937 Ἤρκει
622 899 639 933 ἡ
652 896 799 936 καθαρότης
817 898 863 925 τοῦ

89 945 224 985 προφήτου
239 944 471 985 προσκαλέσασθαι
488 943 519 973 τὸ
536 945 648 982 Πνεῦμα
660 943 691 973 τὸ
704 943 787 982 ἅγιον.
810 941 863 971 Διὰ

89 992 115 1020 τί
127 987 171 1021 οὗν
185 990 272 1030 λέγει,
285 991 352 1020 Δότε
364 991 446 1031 ἄνδρα
461 987 548 1020 εἰδότα
560 989 684 1030 ψάλλειν;
705 990 767 1029 Οὐχ
777 988 820 1017 ἵνα
832 988 863 1017 τὸ

90 1038 202 1076 Πνεῦμα
210 1039 308 1078 τερφθῇ
323 1037 367 1066 διὰ
377 1039 425 1072 τῆς
437 1036 606 1076 ψαλμῳδίας,
624 1034 749 1069 ἀλλ’ἵνα,
763 1034 862 1063 ἐκείνου
878 1036 895 1058 Β

90 1083 248 1122 ψάλλοντος,
271 1085 285 1112 ὁ
298 1085 357 1116 νοῦς
370 1085 415 1112 τοῦ
426 1081 561 1122 προφήτου
573 1080 766 1113 ἀνακαινισθεὶς
775 1103 783 1116 ,
794 1079 863 1113 ἄξιος

90 1129 199 1167 γένηται
212 1131 260 1164 τ’ἠς
278 1132 324 1158 τοῦ
342 1128 416 1168 ἇγίου
430 1128 586 1166 Πνεύματος
600 1126 801 1166 ἐπιφοιτήσεως.
811 1125 864 1155 Διὰ

91 1177 168 1204 τοῦτο
182 1174 212 1204 τὸ
225 1176 336 1214 Πνεῦμα
350 1175 443 1210 καλεῖ,
461 1173 505 1203 ἵνα
524 1173 595 1212 δείξῃ
604 1196 613 1210 ,
642 1172 682 1202 ὅτι
696 1173 725 1202 οὗ
739 1175 773 1212 τῇ
793 1173 864 1212 ψαλ-

92 1220 179 1261 μῳδίᾳ
201 1219 328 1260 ἐθέλχθη,
354 1219 423 1249 ἀλλὰ
435 1222 468 1260 τῇ
482 1221 556 1259 ψυχῇ
572 1221 605 1258 τῇ
619 1218 671 1248 ὑπὸ
685 1219 733 1253 τῆς
749 1219 865 1258 ψαλμῳ-

92 1266 147 1300 δίας
167 1267 336 1307 διεγερθείσῃ.
354 1267 413 1296 Οὔκ
426 1261 504 1302 ἦλθεν
518 1265 563 1294 ἐπὶ
576 1265 620 1294 τὸν
635 1264 783 1304 ψάλλοντα,
806 1265 866 1293 ἀλλ’

90 1312 134 1341 ἐπὶ
146 1312 190 1342 τὸν
201 1311 337 1342 ἀκούοντα.
355 1313 404 1341 Δεῖ
429 1311 477 1349 μὲν
492 1306 536 1340 οῧν
550 1310 661 1340 καθόλου
675 1309 723 1343 τὰς
743 1310 867 1348 δυνάμεις

91 1360 144 1387 τῶν
158 1359 270 1398 ψαλμῶν
281 1359 387 1398 ἐρευνᾷν
397 1379 405 1393 ,
420 1356 558 1396 ἐξαιρέτως
571 1356 598 1386 δὲ
612 1359 657 1385 τοῦ
672 1355 788 1395 σήμερον
799 1358 865 1394 ἡμῖν

92 1403 211 1442 ῥηθέντος
235 1403 310 1443 ἁγίου
335 1404 460 1443 ’ψαλμοῦ
471 1414 478 1420 ·
507 1401 541 1432 Ὁ
563 1402 660 1442 Κύριος
682 1401 864 1436 ἐὸασίλευσεν,

91 1449 262 1488 ἀγαλλιάσθω
276 1452 294 1485 ἡ
307 1451 357 1489 γῆ,
371 1448 590 1489 εὖφρανθήτωσαν
603 1450 680 1484 νῆσοι
690 1447 796 1477 πολλαί.
812 1447 862 1484 Τὸ,

90 1494 125 1524 Ὁ
138 1494 235 1535 Κύριος
255 1495 407 1525 ἐδασίλευσε
418 1516 427 1530 ,
454 1496 511 1527 πῶς
524 1493 719 1532 ὓπολαμὸοίνεις
734 1506 742 1529 ;
765 1489 818 1533 ἆρα
828 1495 863 1526 ὡς
879 1497 898 1520 C

94 1541 245 1581 πρόσφατον
254 1540 371 1570 λαὸόντα
393 1540 472 1575 τὸτῆς
492 1539 627 1579 βασιλείας
641 1538 754 1578 ἀξίωμα;
766 1540 800 1568 Ei
814 1538 862 1577 μὲν

90 1587 141 1627 γὰρ
155 1582 226 1616 εἶπεν
235 1609 243 1622 ,
258 1589 272 1616 ὁ
288 1586 384 1626 Κύριος
399 1586 548 1626 βασιλεύει,
562 1585 611 1621 τὴν
625 1584 706 1614 ἀΐδιον
722 1585 801 1613 αὐτοῦ
815 1587 863 1624 ἧρ-

91 1631 203 1670 μήνευεν
217 1632 307 1666 ἀξίαν·
321 1635 366 1661 νῦν
382 1631 410 1661 δὲ
420 1632 505 1670 λέγει,
520 1630 554 1660 Ὁ
572 1630 669 1670 Κύριος
681 1630 862 1659 ἐὸασίλευσεν.

91 1678 204 1718 Εἴρηται
211 1678 256 1707 καὶ
267 1678 362 1718 πρῴην
373 1680 447 1717 ἡμῖν,
455 1674 504 1707 καὶ
511 1679 555 1706 νῦν
568 1677 739 1717 λεχθήσεται.
749 1676 808 1715 Πρὸ
816 1677 864 1711 τῆς

90 1727 135 1752 τοῦ
150 1725 266 1764 Χριστοῦ
286 1723 432 1764 παρουσίας
441 1744 449 1758 ,
465 1722 517 1763 πρὸ
530 1725 576 1752 τοῦ
596 1723 766 1762 εὖαγγελικοῦ
779 1721 863 1761 κηρύ-

90 1782 189 1810 γματος
199 1792 207 1806 ,
221 1770 388 1800 ἐδασιλεύετο
398 1771 475 1808 ἡμῶν
488 1771 505 1805 ἡ
521 1769 597 1809 φύσις
608 1768 659 1798 ὑπὸ
669 1771 715 1798 τοῦ
728 1767 864 1802 διαὸόλου,

89 1818 140 1847 ὑπὸ
159 1819 207 1852 τῆς
220 1816 367 1857 ἁμαρτίας,
386 1816 437 1846 ὑπὸ
451 1818 496 1845 τοῦ
518 1815 638 1844 θανάτου.
661 1814 747 1844 Πόθεν
771 1816 863 1850 τοῦτο;

90 1863 169 1902 Λέγει
183 1864 290 1896 Παῦλος
299 1875 305 1881 ·
333 1862 438 1902 Ὥσπερ
460 1861 512 1901 γὰρ
532 1860 701 1890 ἑὸασίλευσεν
714 1862 732 1895 ἡ
746 1859 864 1900 ἁμαρτία

92 1910 119 1938 ἐν
136 1910 174 1948 τῷ
189 1910 275 1948 θνητῷ
288 1909 364 1947 ἡμῶν
380 1907 502 1946 σώματι,
515 1906 585 1936 οὕτω
598 1906 643 1936 καὶ
659 1909 676 1942 ἡ
697 1905 775 1945 χοίρις
785 1907 864 1945 βασι-

90 1954 179 1984 λεύσει
198 1954 240 1984 διὰ
262 1955 389 1993 Χριστοῦ.
403 1952 471 1982 Ἰδοὺ
488 1955 504 1988 ἡ
521 1955 570 1988 τῆς
590 1951 720 1992 ἁμαρτίας
735 1951 864 1991 βασιλεία.

92 2002 150 2030 Ποῦ
163 2003 180 2037 ἡ
195 2003 240 2029 τοῦ
256 2000 394 2037 διαὸόλου;
415 1999 507 2029 Ἄκουε
521 2003 567 2028 τοῦ
587 2000 711 2038 Σωτῆρος
727 1997 847 2038 λέγοντος
858 2010 864 2016 ·

94 2048 127 2076 Et
140 2048 154 2076 ὁ
168 2051 282 2079 σατανᾶς
295 2046 339 2075 τὸν
353 2050 469 2075 σατανᾶν
479 2045 615 2081 ἐκὸάλλει,
630 2043 690 2074 καθ’
703 2045 796 2074 ἑαυτοῦ
808 2045 866 2082 ἔμε-

94 2092 184 2132 ρίσθη·
212 2094 268 2126 πῶς
289 2088 333 2121 οὖν
347 2091 508 2127 σταθήσεται
521 2093 538 2127 ἡ
552 2089 672 2130 βασιλεία
687 2091 779 2126 αὖτοῦ;
795 2089 863 2118 Ἰδοὺ

93 2141 110 2174 ἠ
119 2141 165 2168 τοῦ
179 2137 301 2167 διαὸόλου
315 2136 447 2177 βασιλεία.
461 2138 518 2166 Ποῦ
530 2139 547 2172 ἡ
560 2140 605 2166 τοῦ
620 2135 746 2171 θανάτου;
771 2134 864 2165 Ἄκουε

93 2184 202 2214 Παύλου
210 2183 331 2223 λέγοντος
340 2195 347 2202 ·
370 2182 558 2213 Ἐὃασίλευσεν
572 2182 586 2212 ὃ
598 2182 707 2215 θάνατος
717 2181 770 2211 ἀπὸ
782 2181 866 2220 Ἀδὰμ

95 2230 175 2271 μέχρι
183 2230 326 2266 Μωῦσὲως,
333 2230 379 2260 καὶ
389 2230 433 2259 ἐπὶ
445 2229 506 2262 τοὺς
516 2229 553 2268 μὴ
563 2229 778 2269 ἁμαρτήσαντας.
787 2228 864 2258 Ἐπεὶ

94 2277 138 2310 ὀῦν
149 2281 254 2322 ἐκράτει
265 2283 283 2316 ἡ
294 2280 431 2316 διαὸολικὴ
445 2280 519 2319 τριὰς
532 2281 549 2315 ἡ
563 2279 632 2308 κατὰ
646 2280 693 2314 τῆς
710 2278 785 2318 ἁγίας
819 2278 866 2307 καὶ

95 2332 225 2372 ἀχράντου
239 2330 352 2371 Τριάὸος
363 2330 548 2370 τυραννήσασα
557 2351 565 2364 ,
583 2328 732 2365 τουτέστιν,
746 2330 760 2358 ὁ
774 2327 863 2358 διάδο-

129 2444 139 2455 a
157 2437 228 2461 Unus
245 2441 303 2468 post
321 2438 412 2469 ψαλμοῦ
427 2433 505 2459 habet
516 2437 579 2460 ποίου
598 2435 690 2464 τούτους
701 2431 779 2456 Paulo
795 2437 853 2464 post

96 2473 162 2499 idem
179 2481 307 2509 πρόσφατον
325 2477 443 2502 laeam-m,
457 2479 482 2497 et
498 2471 562 2497 infra
574 2476 684 2505 ἡρμήνευε
695 2475 820 2504 βασιλείαν·
834 2475 853 2496 εἰ

97 2517 120 2539 ἧῖι
137 2518 204 2547 λέγει,
215 2518 227 2541 δ
247 2517 320 2549 κύριος
333 2516 471 2541 ίθασὶλευσι,
488 2516 597 2546 νεωτέραν
614 2515 664 2537 τινὰ
682 2516 804 2545 κυριότητα.
815 2514 852 2536 καὶ

96 2557 243 2583 {tono-nimo
259 2557 394 2588 προφητικός
404 2555 466 2584 λόγος
483 2554 616 2577 αἰνίττεσθαι
634 2553 749 2583 βούλεται,
764 2554 851 2585 εἴρηται

878 579 899 602 Δ
915 583 941 605 et
953 582 1044 605 sancto
1053 574 1158 615 Spiritu
1168 574 1286 614 repletus
1296 574 1515 614 deprehenderis.
1524 574 1578 610 Qui
1588 574 1659 603 enim
1685 581 1810 601 Renomiur

916 622 1031 661 ingenue
1037 627 1063 650 et
1075 630 1110 650 ex
1120 620 1210 649 animo
1219 620 1321 660 psallit,
1333 621 1423 649 animo
1430 627 1657 656 renovatus,tem-
1670 619 1809 670 ζΐζζζυνᾞΓ

916 668 994 708 plum
1018 667 1136 707 Spiritus
1157 667 1241 696 sancti
1262 667 1388 696 efficitur.
1402 668 1495 705 Neque
1508 667 1578 696 enim
1592 678 1658 706 par·
1670 674 1703 695 lit.

917 724 982 743 vum
995 713 1135 754 quidpiam
1152 713 1318 753 psalmorum
1342 712 1551 741 modulationem
1565 713 1658 742 existi-

918 760 1045 790 maveris.
1066 759 1186 790 Videtur
1206 759 1254 788 illa
1266 759 1375 798 quidem
1389 769 1467 788 aures
1488 766 1593 788 tantum
1610 760 1659 789 de-

919 808 1054 845 mulcere,>
1063 806 1138 845 atqui
1149 806 1236 846 reipsa
1247 805 1368 834 animum
1376 815 1484 844 quoque
1494 806 1602 835 excitat.
1615 807 1660 836 Sic

917 854 996 884 etiam
1021 853 1116 883 beatus
1134 852 1250 882 Elisaeus
1272 851 1414 892 propheta,
1432 862 1494 881 cum
1517 863 1532 881 a
1551 853 1660 891 regibus

916 899 1090 939 quibusdam,
1103 906 1133 927 ut
1151 899 1242 927 futura
1255 897 1421 938 praediceret,
1434 905 1582 937 rogaretur,
1598 899 1635 927 ait
1650 911 1657 926 :

917 947 997 975 Date
1008 948 1080 975 mihi
1093 948 1205 982 virum,
1220 946 1271 983 qui
1284 945 1358 973 sciat
1367 944 1494 983 psallere
1508 956 1514 972 τ
1532 945 1579 983 qui
1597 956 1658 974 cum
1668 950 1691 978 4.
1703 949 1759 977 Reg.
1770 949 1792 970 3.

914 992 1072 1028 venisset,et
1079 992 1217 1031 psalleret,
1226 990 1324 1028 inquit,
1333 990 1452 1029 Spiritus
1463 997 1570 1020 sanetus
1579 1001 1660 1030 super
1673 979 1708 1002 ’δ’

915 1037 1043 1066 Elisaeum
1051 1036 1157 1067 cecidit.
1170 1035 1246 1072 Quid
1252 1035 1337 1075 igitur
1343 1036 1357 1064 Ξ)
1368 1046 1466 1075 ergone
1474 1036 1592 1076 Spiritus
1600 1047 1660 1066 san-

914 1090 973 1112 ctus
990 1083 1102 1112 vocibus
1120 1081 1318 1112 modulantium
1327 1081 1487 1118 oblectatur,
1497 1090 1522 1112 et
1537 1083 1611 1112 velut
1620 1083 1659 1112 in-

915 1129 1111 1160 cantationibus
1116 1128 1246 1162 allicitur,
1253 1127 1386 1166 siquidem
1393 1127 1420 1156 in
1429 1129 1564 1168 prophetae
1570 1129 1660 1158 animo

916 1175 1051 1214 acquievit
1060 1175 1074 1204 ⁸?
1092 1173 1249 1204 Sufficiebat
1270 1179 1340 1202 certe
1353 1174 1489 1213 propheta}
1500 1175 1614 1213 puritas,
1630 1182 1660 1203 ut

916 1221 1050 1261 Spiritum
1060 1227 1182 1250 sanctum
1189 1218 1339 1249 advocaret.
1352 1221 1408 1249 Cur
1419 1230 1483 1260 ergo
1493 1220 1574 1249 dicit:
1583 1223 1660 1249 Date

918 1269 991 1296 mihi
1003 1269 1113 1303 vlmm,
1126 1268 1178 1306 qui
1188 1266 1338 1305 psallendi
1348 1268 1387 1295 sit
1400 1268 1494 1296 sciens
1503 1269 1516 1294 ?
1526 1268 1586 1296 Non
1598 1277 1660 1296 sane

918 1321 949 1343 ut
971 1313 1090 1353 Spiritus
1108 1319 1215 1342 sanctus
1234 1312 1400 1352 psalmorum
1414 1312 1595 1342 modulatione
1609 1314 1661 1342 ob-

918 1359 1071 1395 lectaretur,
1088 1358 1135 1388 sed
1146 1364 1186 1395 ut,
1205 1358 1254 1386 illo
1272 1365 1404 1395 cantante,
1417 1358 1557 1398 propheta,
1573 1366 1661 1388 mente

918 1412 1054 1443 renovata,
1078 1405 1195 1445 Spiritus
1218 1404 1302 1434 sancti
1318 1404 1433 1434 adventu
1456 1404 1556 1444 dignus
1569 1405 1658 1434 effice-

918 1461 1001 1483 retur.
1017 1453 1135 1491 Ideoque
1147 1451 1279 1495 Spiritum
1290 1452 1406 1485 invocat,
1425 1458 1454 1480 ut
1467 1451 1579 1491 planum
1592 1452 1660 1482 face-

918 1507 966 1535 ret,
979 1509 1033 1528 non
1044 1497 1195 1539 psalmodia
1211 1497 1297 1532 allici,
1312 1496 1360 1526 sed
1373 1497 1463 1526 animo
1472 1508 1521 1537 per
1534 1497 1660 1526 modula—

917 1545 1016 1575 tionem
1027 1545 1152 1574 excitato.
1166 1544 1260 1582 Neque
1273 1543 1321 1572 ille
1338 1542 1372 1571 ad
1393 1543 1551 1583 psallentem
1562 1554 1659 1583 perve-

917 1591 966 1627 nit,
982 1590 1029 1620 sed
1043 1589 1077 1619 ad
1090 1589 1254 1618 audientem.
1268 1589 1382 1628 Oportet
1396 1589 1484 1627 itaque
1495 1589 1660 1628 psalmorum

917 1636 974 1665 vim
987 1635 1149 1675 perscrutari
1166 1647 1172 1663 :
1193 1634 1328 1674 praecipue
1352 1645 1417 1663 vero
1437 1635 1507 1674 ejus,
1520 1635 1568 1673 qui
1582 1635 1660 1664 nobiS

917 1682 997 1712 hodie
1007 1688 1046 1711 est
1057 1681 1181 1710 recitatus
1195 1690 1202 1707 =
1220 1680 1364 1709 Dominus
1375 1682 1518 1720 regnavit,
1534 1682 1660 1710 exsultet
1670 1696 1732 1717 1»,st
1743 1694 1809 1724 96-1·

918 1736 1006 1764 terra,
1032 1728 1166 1756 laetentur·
1184 1726 1288 1755 insula·
1315 1726 1425 1755 multae.
1441 1726 1583 1763 Quomodo
1595 1737 1660 1766 ergo

917 1774 998 1810 illud,
1021 1774 1168 1802 Dominus
1188 1773 1333 1812 regnavit,
1356 1771 1455 1811 accipis
1466 1772 1480 1800 Ρ
1494 1782 1560 1801 num
1583 1773 1660 1811 quasi

917 1831 1007 1850 recens
1017 1819 1052 1849 ad
1070 1819 1206 1858 fastigium
1227 1817 1298 1846 illud
1311 1818 1392 1857 regiae
1409 1817 1550 1858 dignitatis
1563 1829 1659 1858 perve-

918 1864 987 1895 nerit
997 1865 1011 1894 Ξ)
1025 1864 1055 1894 Si
1070 1863 1140 1892 enim
1151 1862 1274 1899 dixisset,
1287 1862 1421 1891 Dominus
1429 1869 1522 1901 regnat
1538 1875 1544 1891 :
1560 1863 1658 1902 sempi-

918 1918 1019 1940 ternam
1042 1909 1118 1938 illius
1143 1910 1243 1948 regiam
1264 1907 1422 1947 dignitatem
1446 1914 1572 1938 notasset.
1598 1910 1660 1938 Jam

882 1965 901 1988 Ι)
919 1967 982 1986 vero
995 1955 1073 1991 dicit,
1088 1955 1232 1983 Dominus
1243 1955 1387 1993 regnavit.
1403 1953 1512 1983 Dictum
1526 1961 1660 1994 estnuper

918 2010 945 2032 et
961 2002 1018 2042 jam
1035 2002 1133 2030 iterum
1154 1999 1268 2029 dicetur.
1296 2001 1364 2028 Ante
1385 1999 1488 2029 Christi
1501 1999 1657 2037 adventum,

918 2055 978 2077 ante
993 2046 1124 2086 evangelii
1145 2045 1399 2086 promulgationem,
1415 2045 1443 2074 in
1466 2052 1587 2075 naturam
1608 2057 1654 2076 no-

918 2101 1000 2123 stram
1020 2092 1164 2133 imperium
1183 2091 1320 2121 obtinebat
1351 2091 1487 2129 diabolus,
1507 2099 1658 2132 peccatum,

920 2151 1003 2170 mors.
1018 2139 1160 2169 Undenam
1173 2137 1353 2168 hocwaulus
1367 2137 1501 2177 explieat:
1514 2140 1658 2177 Quemad-
1668 2149 1760 2171 Romo.
1773 2155 1808 2169 12,

919 2189 1036 2218 modum
1059 2188 1137 2215 enim
1157 2187 1289 2226 regnavit
1312 2191 1463 2224 peccatum
1484 2187 1515 2213 in
1539 2186 1658 2214 mortali

907 2241 1013 2270 ‚nostr-o
1026 2243 1154 2273 corpore,
1176 2235 1219 2261 sic
1233 2233 1321 2260 etiam
1334 2233 1431 2270 gratia
1454 2232 1583 2270 regnavit
1606 2240 1659 2269 per

918 2282 1075 2311 Christum.
1086 2279 1155 2309 Ecce
1164 2278 1264 2318 peccati
1274 2287 1397 2317 regnum.
1407 2276 1526 2306 Ubinam
1535 2275 1657 2304 diaboli?

917 2327 989 2356 Audi
999 2327 1166 2357 Servatorem
1179 2323 1311 2353 dicentem
1327 2333 1333 2350 ι
1348 2322 1379 2351 Si
1388 2328 1508 2351 satanas
1521 2328 1656 2350 satanam
1667 2319 1752 2374 gaam*
1770 2326 1804 2341 Π»

902 2435 973 2458 τοίνυν
991 2434 1042 2465 ὑμῖν
1058 2435 1095 2457 καὶ
1107 2436 1194 2466 πρῴην,
1213 2433 1250 2455 καὶ
1267 2433 1302 2454 νῦν
1321 2430 1344 2453 δὲ
1359 2430 1499 2460 λεχθήσεται.
1510 2426 1569 2449 Ilaec
1581 2433 1656 2456 porro

902 2471 987 2496 retulit
998 2469 1115 2500 Photius,
1129 2468 1172 2494 sed
1194 2476 1245 2493 nou
1262 2465 1365 2491 verbum
1377 2464 1408 2489 de
1421 2463 1499 2488 verbo
1508 2484 1514 2494 ‚
1528 2468 1602 2496 atquc
1614 2471 1658 2487 ex-

901 2511 980 2543 cerpti
992 2518 1069 2534 more.
