<?xml version="1.0" encoding="UTF-8"?>
<!DOCTYPE html PUBLIC "-//W3C//DTD XHTML 1.0 Transitional//EN"
    "http://www.w3.org/TR/xhtml1/DTD/xhtml1-transitional.dtd">
<html xmlns="http://www.w3.org/1999/xhtml" xml:lang="en" lang="en">
 <head>
  <title>
</title>
<meta http-equiv="Content-Type" content="text/html;charset=utf-8" />
  <meta name='ocr-system' content='tesseract 3.04.00' />
  <meta name='ocr-capabilities' content='ocr_page ocr_carea ocr_par ocr_line ocrx_word'/>
</head>
<body>
  <div class='ocr_page' id='page_1' title='image "./operaomniaquaeex06johnuoft_0423.png"; bbox 0 0 1890 2826; ppageno 0'>
   <div class='ocr_carea' id='block_1_1' title="bbox 634 178 1671 222">
    <p class='ocr_par' dir='ltr' id='par_1_1' title="bbox 634 178 1671 222">
     <span class='ocr_line' id='line_1_1' title="bbox 634 178 1671 222; baseline 0.002 -14"><span class='ocrx_word' id='word_1_1' title='bbox 634 184 785 208; x_wconf 74' lang='lat' dir='ltr'>sfflopsns</span> <span class='ocrx_word' id='word_1_2' title='bbox 811 184 999 207; x_wconf 76' lang='lat' dir='ltr'>SCRIPTURAE</span> <span class='ocrx_word' id='word_1_3' title='bbox 1024 184 1149 208; x_wconf 56' lang='lat' dir='ltr'>sacam..</span> <span class='ocrx_word' id='word_1_4' title='bbox 1602 178 1671 222; x_wconf 73' lang='lat'>407</span> 
     </span>
    </p>
   </div>
   <div class='ocr_carea' id='block_1_2' title="bbox 112 242 1676 516">
    <p class='ocr_par' dir='ltr' id='par_1_2' title="bbox 112 242 1676 516">
     <span class='ocr_line' id='line_1_2' title="bbox 115 242 1674 287; baseline -0.001 -8"><span class='ocrx_word' id='word_1_5' title='bbox 115 249 210 279; x_wconf 73' lang='grc' dir='ltr'>Νάόαλ</span> <span class='ocrx_word' id='word_1_6' title='bbox 221 249 312 283; x_wconf 75' lang='grc' dir='ltr'>αἰτῶν,</span> <span class='ocrx_word' id='word_1_7' title='bbox 321 246 380 277; x_wconf 77' lang='grc' dir='ltr'>ἀντὶ</span> <span class='ocrx_word' id='word_1_8' title='bbox 389 248 437 282; x_wconf 81' lang='grc' dir='ltr'>τῆς</span> <span class='ocrx_word' id='word_1_9' title='bbox 449 248 567 286; x_wconf 77' lang='grc' dir='ltr'>φυλακῆς</span> <span class='ocrx_word' id='word_1_10' title='bbox 579 242 611 281; x_wconf 69' lang='grc' dir='ltr'>ἧς</span> <span class='ocrx_word' id='word_1_11' title='bbox 620 244 746 285; x_wconf 80' lang='grc' dir='ltr'>ἐφύλαξεν</span> <span class='ocrx_word' id='word_1_12' title='bbox 760 246 839 274; x_wconf 73' lang='grc' dir='ltr'>αὐτοῦ</span> <span class='ocrx_word' id='word_1_13' title='bbox 848 244 883 274; x_wconf 76' lang='grc' dir='ltr'>τὰ</span> <span class='ocrx_word' id='word_1_14' title='bbox 933 245 1019 274; x_wconf 80' lang='lat' dir='ltr'>Mittit</span> <span class='ocrx_word' id='word_1_15' title='bbox 1035 246 1083 284; x_wconf 91' lang='lat' dir='ltr'>qui</span> <span class='ocrx_word' id='word_1_16' title='bbox 1096 256 1112 275; x_wconf 86' lang='lat' dir='ltr'>a</span> <span class='ocrx_word' id='word_1_17' title='bbox 1125 247 1227 277; x_wconf 80' lang='lat' dir='ltr'>Nabale</span> <span class='ocrx_word' id='word_1_18' title='bbox 1250 247 1320 277; x_wconf 84' lang='lat' dir='ltr'>dona</span> <span class='ocrx_word' id='word_1_19' title='bbox 1343 254 1459 286; x_wconf 84' lang='lat' dir='ltr'>peterent</span> <span class='ocrx_word' id='word_1_20' title='bbox 1483 258 1530 287; x_wconf 84' lang='lat' dir='ltr'>pro</span> <span class='ocrx_word' id='word_1_21' title='bbox 1553 248 1674 277; x_wconf 72' lang='lat' dir='ltr'>custodia</span> 
     </span>
     <span class='ocr_line' id='line_1_3' title="bbox 114 290 1674 333; baseline -0.001 -9"><span class='ocrx_word' id='word_1_22' title='bbox 114 295 231 333; x_wconf 85' lang='grc' dir='ltr'>ποίμνια.</span> <span class='ocrx_word' id='word_1_23' title='bbox 241 293 277 324; x_wconf 89' lang='grc' dir='ltr'>Ὁ</span> <span class='ocrx_word' id='word_1_24' title='bbox 286 292 314 322; x_wconf 80' lang='grc' dir='ltr'>δὲ</span> <span class='ocrx_word' id='word_1_25' title='bbox 327 294 356 322; x_wconf 78' lang='grc' dir='ltr'>οὔ</span> <span class='ocrx_word' id='word_1_26' title='bbox 368 292 446 332; x_wconf 72' lang='grc' dir='ltr'>μόνον</span> <span class='ocrx_word' id='word_1_27' title='bbox 458 294 506 321; x_wconf 83' lang='grc' dir='ltr'>οὐκ</span> <span class='ocrx_word' id='word_1_28' title='bbox 519 291 626 327; x_wconf 82' lang='grc' dir='ltr'>ἔδωκεν,</span> <span class='ocrx_word' id='word_1_29' title='bbox 640 291 709 321; x_wconf 85' lang='grc' dir='ltr'>ἀλλὰ</span> <span class='ocrx_word' id='word_1_30' title='bbox 721 290 765 320; x_wconf 81' lang='grc' dir='ltr'>καὶ</span> <span class='ocrx_word' id='word_1_31' title='bbox 777 291 881 330; x_wconf 76' lang='grc' dir='ltr'>ὕὸρισεν</span> <span class='ocrx_word' id='word_1_32' title='bbox 933 301 986 329; x_wconf 91' lang='lat' dir='ltr'>qua</span> <span class='ocrx_word' id='word_1_33' title='bbox 997 298 1147 322; x_wconf 87' lang='lat' dir='ltr'>servaverat</span> <span class='ocrx_word' id='word_1_34' title='bbox 1160 302 1252 332; x_wconf 85' lang='lat' dir='ltr'>greges</span> <span class='ocrx_word' id='word_1_35' title='bbox 1270 292 1365 332; x_wconf 89' lang='lat' dir='ltr'>ipsius.</span> <span class='ocrx_word' id='word_1_36' title='bbox 1380 292 1433 322; x_wconf 87' lang='lat' dir='ltr'>Ille</span> <span class='ocrx_word' id='word_1_37' title='bbox 1447 303 1510 322; x_wconf 88' lang='lat' dir='ltr'>vero</span> <span class='ocrx_word' id='word_1_38' title='bbox 1524 303 1576 322; x_wconf 90' lang='lat' dir='ltr'>non</span> <span class='ocrx_word' id='word_1_39' title='bbox 1593 294 1674 323; x_wconf 91' lang='lat' dir='ltr'>modo</span> 
     </span>
     <span class='ocr_line' id='line_1_4' title="bbox 113 336 1674 379; baseline -0.001 -10"><span class='ocrx_word' id='word_1_40' title='bbox 113 340 191 370; x_wconf 77' lang='grc' dir='ltr'>αὐτὸν</span> <span class='ocrx_word' id='word_1_41' title='bbox 213 339 256 369; x_wconf 85' lang='grc' dir='ltr'>διὰ</span> <span class='ocrx_word' id='word_1_42' title='bbox 280 341 332 369; x_wconf 81' lang='grc' dir='ltr'>τῶν</span> <span class='ocrx_word' id='word_1_43' title='bbox 359 337 575 376; x_wconf 79' lang='grc' dir='ltr'>ἀπεσταλμένων.</span> <span class='ocrx_word' id='word_1_44' title='bbox 605 337 827 376; x_wconf 81' lang='grc' dir='ltr'>Ἐξοπλισάμενος</span> <span class='ocrx_word' id='word_1_45' title='bbox 854 337 882 367; x_wconf 81' lang='grc' dir='ltr'>δὲ</span> <span class='ocrx_word' id='word_1_46' title='bbox 933 347 986 366; x_wconf 90' lang='lat' dir='ltr'>non</span> <span class='ocrx_word' id='word_1_47' title='bbox 1004 336 1090 374; x_wconf 79' lang='lat' dir='ltr'>dedit,</span> <span class='ocrx_word' id='word_1_48' title='bbox 1103 338 1151 367; x_wconf 90' lang='lat' dir='ltr'>sed</span> <span class='ocrx_word' id='word_1_49' title='bbox 1161 338 1241 368; x_wconf 88' lang='lat' dir='ltr'>etiam</span> <span class='ocrx_word' id='word_1_50' title='bbox 1253 338 1412 368; x_wconf 84' lang='lat' dir='ltr'>contumelia</span> <span class='ocrx_word' id='word_1_51' title='bbox 1427 339 1515 379; x_wconf 87' lang='lat' dir='ltr'>ipsum</span> <span class='ocrx_word' id='word_1_52' title='bbox 1527 339 1614 369; x_wconf 79' lang='lat' dir='ltr'>affecit</span> <span class='ocrx_word' id='word_1_53' title='bbox 1628 351 1674 379; x_wconf 77' lang='lat' dir='ltr'>per</span> 
     </span>
     <span class='ocr_line' id='line_1_5' title="bbox 113 381 1675 425; baseline -0.001 -10"><span class='ocrx_word' id='word_1_54' title='bbox 113 385 187 425; x_wconf 78' lang='grc' dir='ltr'>ἀνῄει</span> <span class='ocrx_word' id='word_1_55' title='bbox 206 385 276 415; x_wconf 81' lang='grc' dir='ltr'>ὥστε</span> <span class='ocrx_word' id='word_1_56' title='bbox 293 383 422 415; x_wconf 76' lang='grc' dir='ltr'>ἀπολέσαι</span> <span class='ocrx_word' id='word_1_57' title='bbox 441 384 529 413; x_wconf 80' lang='grc' dir='ltr'>αὐτόν.</span> <span class='ocrx_word' id='word_1_58' title='bbox 549 383 654 423; x_wconf 83' lang='grc' dir='ltr'>Ἐμαθε</span> <span class='ocrx_word' id='word_1_59' title='bbox 677 386 761 412; x_wconf 78' lang='grc' dir='ltr'>ταῦτα</span> <span class='ocrx_word' id='word_1_60' title='bbox 775 385 791 418; x_wconf 88' lang='grc' dir='ltr'>ἡ</span> <span class='ocrx_word' id='word_1_61' title='bbox 808 383 881 412; x_wconf 62' lang='lat' dir='ltr'><strong>&#39;Age-</strong></span> <span class='ocrx_word' id='word_1_62' title='bbox 932 381 1033 422; x_wconf 84' lang='lat' dir='ltr'>legatos</span> <span class='ocrx_word' id='word_1_63' title='bbox 1050 393 1122 413; x_wconf 92' lang='lat' dir='ltr'>suos.</span> <span class='ocrx_word' id='word_1_64' title='bbox 1135 384 1186 414; x_wconf 88' lang='lat' dir='ltr'>Ille</span> <span class='ocrx_word' id='word_1_65' title='bbox 1207 391 1325 414; x_wconf 85' lang='lat' dir='ltr'>armatus</span> <span class='ocrx_word' id='word_1_66' title='bbox 1343 383 1481 414; x_wconf 83' lang='lat' dir='ltr'>incedebat</span> <span class='ocrx_word' id='word_1_67' title='bbox 1502 391 1532 414; x_wconf 85' lang='lat' dir='ltr'>ut</span> <span class='ocrx_word' id='word_1_68' title='bbox 1553 385 1675 424; x_wconf 73' lang='lat' dir='ltr'>perderet</span> 
     </span>
     <span class='ocr_line' id='line_1_6' title="bbox 112 428 1676 470; baseline -0.001 -9"><span class='ocrx_word' id='word_1_69' title='bbox 112 431 176 470; x_wconf 89' lang='grc' dir='ltr'>γαία</span> <span class='ocrx_word' id='word_1_70' title='bbox 186 434 203 467; x_wconf 87' lang='grc' dir='ltr'>ἡ</span> <span class='ocrx_word' id='word_1_71' title='bbox 213 431 304 461; x_wconf 82' lang='grc' dir='ltr'>τούτου</span> <span class='ocrx_word' id='word_1_72' title='bbox 319 430 384 470; x_wconf 80' lang='grc' dir='ltr'>γυνὴ</span> <span class='ocrx_word' id='word_1_73' title='bbox 395 453 403 467; x_wconf 93' lang='grc'>,</span> <span class='ocrx_word' id='word_1_74' title='bbox 420 430 465 459; x_wconf 78' lang='grc' dir='ltr'>καὶ</span> <span class='ocrx_word' id='word_1_75' title='bbox 480 429 598 460; x_wconf 70' lang='grc' dir='ltr'>λαθοῦσα</span> <span class='ocrx_word' id='word_1_76' title='bbox 612 430 684 469; x_wconf 83' lang='grc' dir='ltr'>δῶρα</span> <span class='ocrx_word' id='word_1_77' title='bbox 695 428 831 464; x_wconf 81' lang='grc' dir='ltr'>ἀπήντησε</span> <span class='ocrx_word' id='word_1_78' title='bbox 843 430 881 469; x_wconf 84' lang='grc' dir='ltr'>τῷ</span> <span class='ocrx_word' id='word_1_79' title='bbox 933 438 1005 457; x_wconf 86' lang='lat' dir='ltr'>eum.</span> <span class='ocrx_word' id='word_1_80' title='bbox 1023 430 1087 459; x_wconf 86' lang='lat' dir='ltr'>Haec</span> <span class='ocrx_word' id='word_1_81' title='bbox 1100 429 1197 459; x_wconf 80' lang='lat' dir='ltr'>didicit</span> <span class='ocrx_word' id='word_1_82' title='bbox 1211 430 1324 470; x_wconf 84' lang='lat' dir='ltr'>Abigaia</span> <span class='ocrx_word' id='word_1_83' title='bbox 1339 441 1407 460; x_wconf 86' lang='lat' dir='ltr'>uxor</span> <span class='ocrx_word' id='word_1_84' title='bbox 1418 430 1505 467; x_wconf 84' lang='lat' dir='ltr'>illius,</span> <span class='ocrx_word' id='word_1_85' title='bbox 1521 437 1547 459; x_wconf 83' lang='lat' dir='ltr'>et</span> <span class='ocrx_word' id='word_1_86' title='bbox 1561 431 1676 470; x_wconf 80' lang='lat' dir='ltr'>acceptis</span> 
     </span>
     <span class='ocr_line' id='line_1_7' title="bbox 113 475 1675 516; baseline -0.001 -9"><span class='ocrx_word' id='word_1_87' title='bbox 113 477 206 514; x_wconf 80' lang='grc' dir='ltr'>Δαυὶδ,</span> <span class='ocrx_word' id='word_1_88' title='bbox 217 477 263 506; x_wconf 81' lang='grc' dir='ltr'>καὶ</span> <span class='ocrx_word' id='word_1_89' title='bbox 273 477 360 507; x_wconf 80' lang='grc' dir='ltr'>πολλὰ</span> <span class='ocrx_word' id='word_1_90' title='bbox 370 478 502 513; x_wconf 81' lang='grc' dir='ltr'>δεηθεῖσα,</span> <span class='ocrx_word' id='word_1_91' title='bbox 515 477 627 516; x_wconf 75' lang='grc' dir='ltr'>ἐπέσχεν</span> <span class='ocrx_word' id='word_1_92' title='bbox 639 475 717 504; x_wconf 81' lang='grc' dir='ltr'>αὐτὸν</span> <span class='ocrx_word' id='word_1_93' title='bbox 729 477 776 510; x_wconf 75' lang='grc' dir='ltr'>τῆς</span> <span class='ocrx_word' id='word_1_94' title='bbox 788 477 880 515; x_wconf 80' lang='grc' dir='ltr'>ὁρμῆς.</span> <span class='ocrx_word' id='word_1_95' title='bbox 895 477 916 500; x_wconf 86' lang='lat' dir='ltr'>D</span> <span class='ocrx_word' id='word_1_96' title='bbox 934 476 1092 505; x_wconf 88' lang='lat' dir='ltr'>muneribus</span> <span class='ocrx_word' id='word_1_97' title='bbox 1105 476 1222 505; x_wconf 88' lang='lat' dir='ltr'>occurrit</span> <span class='ocrx_word' id='word_1_98' title='bbox 1233 475 1488 514; x_wconf 85' lang='lat' dir='ltr'>Davidi‚multaque</span> <span class='ocrx_word' id='word_1_99' title='bbox 1499 483 1614 515; x_wconf 72' lang='lat' dir='ltr'>precata,</span> <span class='ocrx_word' id='word_1_100' title='bbox 1624 477 1675 505; x_wconf 88' lang='lat' dir='ltr'>im-</span> 
     </span>
    </p>
   </div>
   <div class='ocr_carea' id='block_1_3' title="bbox 83 520 883 1068">
    <p class='ocr_par' dir='ltr' id='par_1_3' title="bbox 83 520 883 1068">
     <span class='ocr_line' id='line_1_8' title="bbox 113 520 881 560; baseline -0.005 -8"><span class='ocrx_word' id='word_1_101' title='bbox 113 523 166 553; x_wconf 78' lang='grc' dir='ltr'>Καὶ</span> <span class='ocrx_word' id='word_1_102' title='bbox 188 523 363 557; x_wconf 80' lang='grc' dir='ltr'>ἀποθανόντος</span> <span class='ocrx_word' id='word_1_103' title='bbox 386 525 432 551; x_wconf 80' lang='grc' dir='ltr'>τοῦ</span> <span class='ocrx_word' id='word_1_104' title='bbox 458 522 570 558; x_wconf 73' lang='grc' dir='ltr'>Νάὸαλ,</span> <span class='ocrx_word' id='word_1_105' title='bbox 591 521 691 560; x_wconf 85' lang='grc' dir='ltr'>γίνεται</span> <span class='ocrx_word' id='word_1_106' title='bbox 712 522 784 560; x_wconf 78' lang='grc' dir='ltr'>αὐτῷ</span> <span class='ocrx_word' id='word_1_107' title='bbox 805 520 881 559; x_wconf 85' lang='grc' dir='ltr'>γυνή.</span> 
     </span>
     <span class='ocr_line' id='line_1_9' title="bbox 83 563 881 606; baseline -0.005 -7"><span class='ocrx_word' id='word_1_108' title='bbox 83 569 85 571; x_wconf 62' lang='grc'>’</span> <span class='ocrx_word' id='word_1_109' title='bbox 113 569 238 603; x_wconf 77' lang='grc' dir='ltr'>Ἀκούσας</span> <span class='ocrx_word' id='word_1_110' title='bbox 250 571 264 599; x_wconf 81' lang='grc' dir='ltr'>ὁ</span> <span class='ocrx_word' id='word_1_111' title='bbox 277 569 382 606; x_wconf 81' lang='grc' dir='ltr'>Σαοὺλ,</span> <span class='ocrx_word' id='word_1_112' title='bbox 403 568 464 598; x_wconf 84' lang='grc' dir='ltr'>ἔνθα</span> <span class='ocrx_word' id='word_1_113' title='bbox 483 563 515 604; x_wconf 76' lang='grc' dir='ltr'>ἧν</span> <span class='ocrx_word' id='word_1_114' title='bbox 529 569 542 597; x_wconf 87' lang='grc' dir='ltr'><strong>ὁ</strong></span> <span class='ocrx_word' id='word_1_115' title='bbox 556 567 655 601; x_wconf 82' lang='grc' dir='ltr'>Δαυὶδ,</span> <span class='ocrx_word' id='word_1_116' title='bbox 674 566 781 606; x_wconf 85' lang='grc' dir='ltr'>ἔρχεται</span> <span class='ocrx_word' id='word_1_117' title='bbox 801 566 881 596; x_wconf 84' lang='grc' dir='ltr'>πάλιν</span> 
     </span>
     <span class='ocr_line' id='line_1_10' title="bbox 111 613 883 652; baseline -0.005 -7"><span class='ocrx_word' id='word_1_118' title='bbox 111 616 154 644; x_wconf 78' lang='grc' dir='ltr'>ἐπ’</span> <span class='ocrx_word' id='word_1_119' title='bbox 175 615 264 645; x_wconf 78' lang='grc' dir='ltr'>αὐτόν.</span> <span class='ocrx_word' id='word_1_120' title='bbox 278 615 325 649; x_wconf 83' lang='grc' dir='ltr'>Ὡς</span> <span class='ocrx_word' id='word_1_121' title='bbox 339 615 367 645; x_wconf 83' lang='grc' dir='ltr'>δὲ</span> <span class='ocrx_word' id='word_1_122' title='bbox 380 615 425 644; x_wconf 79' lang='grc' dir='ltr'>καὶ</span> <span class='ocrx_word' id='word_1_123' title='bbox 438 614 598 649; x_wconf 73' lang='grc' dir='ltr'>ἐκαθεύδησε</span> <span class='ocrx_word' id='word_1_124' title='bbox 609 613 677 652; x_wconf 87' lang='grc' dir='ltr'>μετὰ</span> <span class='ocrx_word' id='word_1_125' title='bbox 690 614 738 648; x_wconf 70' lang='grc' dir='ltr'>τῆς</span> <span class='ocrx_word' id='word_1_126' title='bbox 756 617 883 652; x_wconf 75' lang='grc' dir='ltr'>στρατιᾶς</span> 
     </span>
     <span class='ocr_line' id='line_1_11' title="bbox 112 658 882 701; baseline -0.004 -10"><span class='ocrx_word' id='word_1_127' title='bbox 112 661 232 697; x_wconf 79' lang='grc' dir='ltr'>ἁπάσης,</span> <span class='ocrx_word' id='word_1_128' title='bbox 252 661 390 701; x_wconf 76' lang='grc' dir='ltr'>ἐφίσταται</span> <span class='ocrx_word' id='word_1_129' title='bbox 402 663 416 691; x_wconf 85' lang='grc' dir='ltr'>ὁ</span> <span class='ocrx_word' id='word_1_130' title='bbox 429 660 513 691; x_wconf 78' lang='grc' dir='ltr'>Δαυὶδ</span> <span class='ocrx_word' id='word_1_131' title='bbox 534 660 601 699; x_wconf 84' lang='grc' dir='ltr'>μετὰ</span> <span class='ocrx_word' id='word_1_132' title='bbox 622 659 750 690; x_wconf 59' lang='lat' dir='ltr'>’Mesae-</span> <span class='ocrx_word' id='word_1_133' title='bbox 772 658 818 688; x_wconf 85' lang='grc' dir='ltr'>καὶ</span> <span class='ocrx_word' id='word_1_134' title='bbox 835 670 882 688; x_wconf 83' lang='grc' dir='ltr'>κε-</span> 
     </span>
     <span class='ocr_line' id='line_1_12' title="bbox 112 700 881 746; baseline -0.003 -10"><span class='ocrx_word' id='word_1_135' title='bbox 112 707 231 741; x_wconf 76' lang='grc' dir='ltr'>λεύοντος</span> <span class='ocrx_word' id='word_1_136' title='bbox 243 707 343 737; x_wconf 82' lang='grc' dir='ltr'>ἐκείνου</span> <span class='ocrx_word' id='word_1_137' title='bbox 357 707 444 737; x_wconf 81' lang='grc' dir='ltr'>παίειν</span> <span class='ocrx_word' id='word_1_138' title='bbox 457 706 503 736; x_wconf 81' lang='grc' dir='ltr'>τὸν</span> <span class='ocrx_word' id='word_1_139' title='bbox 523 706 616 746; x_wconf 80' lang='grc' dir='ltr'>ἐχθρὸν</span> <span class='ocrx_word' id='word_1_140' title='bbox 626 727 634 741; x_wconf 90' lang='grc'>,</span> <span class='ocrx_word' id='word_1_141' title='bbox 648 707 696 735; x_wconf 79' lang='grc' dir='ltr'>οὐκ</span> <span class='ocrx_word' id='word_1_142' title='bbox 714 700 797 741; x_wconf 76' lang='grc' dir='ltr'>εἶξεν,</span> <span class='ocrx_word' id='word_1_143' title='bbox 812 705 881 735; x_wconf 83' lang='grc' dir='ltr'>ἀλλὰ</span> 
     </span>
     <span class='ocr_line' id='line_1_13' title="bbox 112 751 879 794; baseline -0.003 -12"><span class='ocrx_word' id='word_1_144' title='bbox 112 753 157 783; x_wconf 77' lang='grc' dir='ltr'>τὸν</span> <span class='ocrx_word' id='word_1_145' title='bbox 176 753 242 793; x_wconf 86' lang='grc' dir='ltr'>πρὸς</span> <span class='ocrx_word' id='word_1_146' title='bbox 260 753 376 794; x_wconf 76' lang='grc' dir='ltr'>κεφαλῆς</span> <span class='ocrx_word' id='word_1_147' title='bbox 395 753 515 793; x_wconf 84' lang='grc' dir='ltr'>κείμενον</span> <span class='ocrx_word' id='word_1_148' title='bbox 533 753 617 793; x_wconf 74' lang='grc' dir='ltr'>φακὸν</span> <span class='ocrx_word' id='word_1_149' title='bbox 630 751 719 782; x_wconf 76' lang='grc' dir='ltr'>λαὸὼν</span> <span class='ocrx_word' id='word_1_150' title='bbox 739 751 785 781; x_wconf 81' lang='grc' dir='ltr'>καὶ</span> <span class='ocrx_word' id='word_1_151' title='bbox 797 751 858 792; x_wconf 85' lang='grc' dir='ltr'>δόρυ</span> <span class='ocrx_word' id='word_1_152' title='bbox 871 774 879 789; x_wconf 85' lang='lat'><em>‚</em></span> 
     </span>
     <span class='ocr_line' id='line_1_14' title="bbox 113 797 881 840; baseline -0.003 -11"><span class='ocrx_word' id='word_1_153' title='bbox 113 801 230 835; x_wconf 77' lang='grc' dir='ltr'>ἀπῆλθεν</span> <span class='ocrx_word' id='word_1_154' title='bbox 249 799 298 833; x_wconf 73' lang='grc' dir='ltr'>ἕως</span> <span class='ocrx_word' id='word_1_155' title='bbox 320 799 498 840; x_wconf 73' lang='grc' dir='ltr'>πορρωτάτω,</span> <span class='ocrx_word' id='word_1_156' title='bbox 522 798 566 828; x_wconf 80' lang='grc' dir='ltr'>καὶ</span> <span class='ocrx_word' id='word_1_157' title='bbox 592 798 691 838; x_wconf 80' lang='grc' dir='ltr'>βοήσας</span> <span class='ocrx_word' id='word_1_158' title='bbox 715 797 831 838; x_wconf 77' lang='grc' dir='ltr'>διήγειρέ</span> <span class='ocrx_word' id='word_1_159' title='bbox 851 810 881 827; x_wconf 87' lang='grc' dir='ltr'>τε</span> 
     </span>
     <span class='ocr_line' id='line_1_15' title="bbox 113 842 879 885; baseline -0.003 -11"><span class='ocrx_word' id='word_1_160' title='bbox 113 846 192 874; x_wconf 79' lang='grc' dir='ltr'>αὐτοῦ</span> <span class='ocrx_word' id='word_1_161' title='bbox 206 845 250 875; x_wconf 66' lang='grc' dir='ltr'>τὸν</span> <span class='ocrx_word' id='word_1_162' title='bbox 261 845 424 885; x_wconf 82' lang='grc' dir='ltr'>στρατηγὸν,</span> <span class='ocrx_word' id='word_1_163' title='bbox 439 845 484 875; x_wconf 77' lang='grc' dir='ltr'>καὶ</span> <span class='ocrx_word' id='word_1_164' title='bbox 498 844 617 881; x_wconf 73' lang='grc' dir='ltr'>ἐνεκάλει</span> <span class='ocrx_word' id='word_1_165' title='bbox 635 843 774 884; x_wconf 77' lang='grc' dir='ltr'>ρᾳθυμίαν,</span> <span class='ocrx_word' id='word_1_166' title='bbox 787 843 826 872; x_wconf 81' lang='grc' dir='ltr'>ὅτι</span> <span class='ocrx_word' id='word_1_167' title='bbox 842 842 879 882; x_wconf 83' lang='grc' dir='ltr'>μὴ</span> 
     </span>
     <span class='ocr_line' id='line_1_16' title="bbox 113 889 880 931; baseline -0.003 -11"><span class='ocrx_word' id='word_1_168' title='bbox 113 890 238 930; x_wconf 78' lang='grc' dir='ltr'>φυλάττει</span> <span class='ocrx_word' id='word_1_169' title='bbox 247 891 292 920; x_wconf 83' lang='grc' dir='ltr'>τὸν</span> <span class='ocrx_word' id='word_1_170' title='bbox 303 891 423 931; x_wconf 81' lang='grc' dir='ltr'>βασιλέα.</span> <span class='ocrx_word' id='word_1_171' title='bbox 435 890 613 920; x_wconf 82' lang='grc' dir='ltr'>Ἔπιδεικνύει</span> <span class='ocrx_word' id='word_1_172' title='bbox 622 889 652 919; x_wconf 87' lang='grc' dir='ltr'>τό</span> <span class='ocrx_word' id='word_1_173' title='bbox 663 901 692 919; x_wconf 88' lang='grc' dir='ltr'>τε</span> <span class='ocrx_word' id='word_1_174' title='bbox 703 890 764 929; x_wconf 86' lang='grc' dir='ltr'>δόρυ</span> <span class='ocrx_word' id='word_1_175' title='bbox 777 889 822 918; x_wconf 67' lang='grc' dir='ltr'>καὶΙ</span> <span class='ocrx_word' id='word_1_176' title='bbox 835 889 880 918; x_wconf 88' lang='grc' dir='ltr'>τὸν</span> 
     </span>
     <span class='ocr_line' id='line_1_17' title="bbox 111 935 880 976; baseline -0.003 -10"><span class='ocrx_word' id='word_1_177' title='bbox 111 936 194 976; x_wconf 77' lang='grc' dir='ltr'>φακὸν</span> <span class='ocrx_word' id='word_1_178' title='bbox 204 959 213 974; x_wconf 83' lang='grc'>,</span> <span class='ocrx_word' id='word_1_179' title='bbox 226 936 272 966; x_wconf 75' lang='grc' dir='ltr'>καὶ</span> <span class='ocrx_word' id='word_1_180' title='bbox 292 938 398 976; x_wconf 78' lang='grc' dir='ltr'>ἐγκαλεῖ</span> <span class='ocrx_word' id='word_1_181' title='bbox 418 938 456 976; x_wconf 78' lang='grc' dir='ltr'>τῷ</span> <span class='ocrx_word' id='word_1_182' title='bbox 470 935 576 974; x_wconf 74' lang='grc' dir='ltr'>Σαοὺλ,</span> <span class='ocrx_word' id='word_1_183' title='bbox 588 936 629 966; x_wconf 83' lang='grc' dir='ltr'>ὅτι</span> <span class='ocrx_word' id='word_1_184' title='bbox 643 936 687 965; x_wconf 83' lang='grc' dir='ltr'>τὸν</span> <span class='ocrx_word' id='word_1_185' title='bbox 701 935 775 966; x_wconf 85' lang='grc' dir='ltr'>οὐδὲν</span> <span class='ocrx_word' id='word_1_186' title='bbox 786 936 880 972; x_wconf 86' lang='grc' dir='ltr'>ἠδικη·</span> 
     </span>
     <span class='ocr_line' id='line_1_18' title="bbox 111 981 878 1023; baseline -0.001 -12"><span class='ocrx_word' id='word_1_187' title='bbox 111 982 176 1011; x_wconf 79' lang='grc' dir='ltr'>κότα</span> <span class='ocrx_word' id='word_1_188' title='bbox 189 982 357 1012; x_wconf 82' lang='grc' dir='ltr'>καταδιώκει,</span> <span class='ocrx_word' id='word_1_189' title='bbox 369 982 438 1012; x_wconf 83' lang='grc' dir='ltr'>Τότε</span> <span class='ocrx_word' id='word_1_190' title='bbox 451 982 541 1023; x_wconf 79' lang='grc' dir='ltr'>φεύγει</span> <span class='ocrx_word' id='word_1_191' title='bbox 554 983 619 1022; x_wconf 85' lang='grc' dir='ltr'>πρὸς</span> <span class='ocrx_word' id='word_1_192' title='bbox 633 983 741 1022; x_wconf 81' lang='grc' dir='ltr'>Ἀγχοῦς</span> <span class='ocrx_word' id='word_1_193' title='bbox 754 983 768 1010; x_wconf 83' lang='grc' dir='ltr'>ὁ</span> <span class='ocrx_word' id='word_1_194' title='bbox 781 981 878 1010; x_wconf 87' lang='grc' dir='ltr'>Δαυίδ·</span> 
     </span>
     <span class='ocr_line' id='line_1_19' title="bbox 111 1023 878 1068; baseline -0.003 -11"><span class='ocrx_word' id='word_1_195' title='bbox 111 1028 141 1057; x_wconf 82' lang='grc' dir='ltr'>οὐ</span> <span class='ocrx_word' id='word_1_196' title='bbox 154 1028 205 1068; x_wconf 81' lang='grc' dir='ltr'>γὰρ</span> <span class='ocrx_word' id='word_1_197' title='bbox 219 1028 335 1068; x_wconf 82' lang='grc' dir='ltr'>ἀσφαλὲς</span> <span class='ocrx_word' id='word_1_198' title='bbox 347 1030 438 1067; x_wconf 87' lang='grc' dir='ltr'>ἡγεῖτο</span> <span class='ocrx_word' id='word_1_199' title='bbox 452 1023 518 1057; x_wconf 74' lang='grc' dir='ltr'>εἶναι</span> <span class='ocrx_word' id='word_1_200' title='bbox 540 1027 652 1063; x_wconf 83' lang='grc' dir='ltr'>πλησίον</span> <span class='ocrx_word' id='word_1_201' title='bbox 673 1027 814 1067; x_wconf 75' lang='grc' dir='ltr'>διατρίὸειν</span> <span class='ocrx_word' id='word_1_202' title='bbox 834 1026 878 1056; x_wconf 83' lang='grc' dir='ltr'>τὸν</span> 
     </span>
    </p>
   </div>
   <div class='ocr_carea' id='block_1_4' title="bbox 111 1069 913 1113">
    <p class='ocr_par' dir='ltr' id='par_1_4' title="bbox 111 1069 913 1113">
     <span class='ocr_line' id='line_1_20' title="bbox 111 1069 913 1113; baseline -0.001 -10"><span class='ocrx_word' id='word_1_203' title='bbox 111 1073 212 1103; x_wconf 84' lang='grc' dir='ltr'>Σαούλ.</span> <span class='ocrx_word' id='word_1_204' title='bbox 227 1074 367 1112; x_wconf 76' lang='grc' dir='ltr'>Ααμὸάνει</span> <span class='ocrx_word' id='word_1_205' title='bbox 378 1076 392 1103; x_wconf 79' lang='grc' dir='ltr'>ὁ</span> <span class='ocrx_word' id='word_1_206' title='bbox 406 1073 490 1103; x_wconf 78' lang='grc' dir='ltr'>Δαυὶδ</span> <span class='ocrx_word' id='word_1_207' title='bbox 499 1074 573 1113; x_wconf 84' lang='grc' dir='ltr'>παρὰ</span> <span class='ocrx_word' id='word_1_208' title='bbox 585 1076 631 1102; x_wconf 78' lang='grc' dir='ltr'>τοῦ</span> <span class='ocrx_word' id='word_1_209' title='bbox 646 1073 754 1113; x_wconf 80' lang='grc' dir='ltr'>Ἀγχοῦς</span> <span class='ocrx_word' id='word_1_210' title='bbox 767 1073 816 1109; x_wconf 73' lang='grc' dir='ltr'>τὴν</span> <span class='ocrx_word' id='word_1_211' title='bbox 829 1074 879 1102; x_wconf 86' lang='grc' dir='ltr'>Σε-</span> <span class='ocrx_word' id='word_1_212' title='bbox 893 1069 913 1092; x_wconf 67' lang='grc' dir='ltr'>Ε</span> 
     </span>
    </p>
   </div>
   <div class='ocr_carea' id='block_1_5' title="bbox 112 1118 881 1526">
    <p class='ocr_par' dir='ltr' id='par_1_5' title="bbox 112 1118 881 1526">
     <span class='ocr_line' id='line_1_21' title="bbox 112 1118 880 1158; baseline -0.001 -10"><span class='ocrx_word' id='word_1_213' title='bbox 112 1119 208 1148; x_wconf 80' lang='grc' dir='ltr'>κελάκ·</span> <span class='ocrx_word' id='word_1_214' title='bbox 228 1119 273 1149; x_wconf 83' lang='grc' dir='ltr'>καὶ</span> <span class='ocrx_word' id='word_1_215' title='bbox 294 1119 428 1151; x_wconf 82' lang='grc' dir='ltr'>ἐπετίθετο</span> <span class='ocrx_word' id='word_1_216' title='bbox 446 1123 501 1153; x_wconf 81' lang='grc' dir='ltr'>τοῖς</span> <span class='ocrx_word' id='word_1_217' title='bbox 519 1118 668 1158; x_wconf 81' lang='grc' dir='ltr'>πολεμίοις,</span> <span class='ocrx_word' id='word_1_218' title='bbox 682 1119 728 1148; x_wconf 77' lang='grc' dir='ltr'>καὶ</span> <span class='ocrx_word' id='word_1_219' title='bbox 747 1118 880 1158; x_wconf 76' lang='grc' dir='ltr'>ἐλάμὸανε</span> 
     </span>
     <span class='ocr_line' id='line_1_22' title="bbox 112 1165 879 1206; baseline 0 -12"><span class='ocrx_word' id='word_1_220' title='bbox 112 1165 239 1205; x_wconf 80' lang='grc' dir='ltr'>χρήματα</span> <span class='ocrx_word' id='word_1_221' title='bbox 252 1165 298 1194; x_wconf 81' lang='grc' dir='ltr'>καὶ</span> <span class='ocrx_word' id='word_1_222' title='bbox 310 1165 433 1206; x_wconf 79' lang='grc' dir='ltr'>πρόὸατα</span> <span class='ocrx_word' id='word_1_223' title='bbox 441 1165 538 1195; x_wconf 84' lang='grc' dir='ltr'>πολλά.</span> <span class='ocrx_word' id='word_1_224' title='bbox 550 1165 619 1195; x_wconf 87' lang='grc' dir='ltr'>Τότε</span> <span class='ocrx_word' id='word_1_225' title='bbox 633 1165 842 1205; x_wconf 86' lang='grc' dir='ltr'>συναθροίζονται</span> <span class='ocrx_word' id='word_1_226' title='bbox 855 1167 879 1194; x_wconf 82' lang='grc' dir='ltr'>οἱ</span> 
     </span>
     <span class='ocr_line' id='line_1_23' title="bbox 113 1210 879 1251; baseline 0 -11"><span class='ocrx_word' id='word_1_227' title='bbox 113 1210 255 1251; x_wconf 65' lang='grc' dir='ltr'>ἀλλόφυλοι</span> <span class='ocrx_word' id='word_1_228' title='bbox 270 1211 340 1241; x_wconf 83' lang='grc' dir='ltr'>κατὰ</span> <span class='ocrx_word' id='word_1_229' title='bbox 358 1214 404 1241; x_wconf 80' lang='grc' dir='ltr'>τοῦ</span> <span class='ocrx_word' id='word_1_230' title='bbox 419 1211 544 1251; x_wconf 80' lang='grc' dir='ltr'>Ἰσραὴλ,</span> <span class='ocrx_word' id='word_1_231' title='bbox 566 1211 611 1240; x_wconf 79' lang='grc' dir='ltr'>καὶ</span> <span class='ocrx_word' id='word_1_232' title='bbox 629 1211 718 1240; x_wconf 79' lang='grc' dir='ltr'>Σαοὺλ</span> <span class='ocrx_word' id='word_1_233' title='bbox 731 1213 817 1251; x_wconf 78' lang='grc' dir='ltr'>ἐρωτᾷ</span> <span class='ocrx_word' id='word_1_234' title='bbox 831 1211 879 1248; x_wconf 79' lang='grc' dir='ltr'>τὴν</span> 
     </span>
     <span class='ocr_line' id='line_1_24' title="bbox 112 1255 879 1296; baseline 0.003 -13"><span class='ocrx_word' id='word_1_235' title='bbox 112 1255 329 1295; x_wconf 81' lang='grc' dir='ltr'>ἐγγαστρίμυθον.</span> <span class='ocrx_word' id='word_1_236' title='bbox 348 1255 535 1296; x_wconf 77' lang='grc' dir='ltr'>Ἀποστραφεὶς</span> <span class='ocrx_word' id='word_1_237' title='bbox 547 1257 562 1285; x_wconf 85' lang='grc' dir='ltr'>ὁ</span> <span class='ocrx_word' id='word_1_238' title='bbox 575 1256 658 1285; x_wconf 81' lang='grc' dir='ltr'>Δαυὶδ</span> <span class='ocrx_word' id='word_1_239' title='bbox 670 1255 722 1285; x_wconf 83' lang='grc' dir='ltr'>ἀπὸ</span> <span class='ocrx_word' id='word_1_240' title='bbox 732 1258 778 1285; x_wconf 82' lang='grc' dir='ltr'>τοῦ</span> <span class='ocrx_word' id='word_1_241' title='bbox 795 1268 879 1296; x_wconf 84' lang='grc' dir='ltr'>στρα-</span> 
     </span>
     <span class='ocr_line' id='line_1_25' title="bbox 113 1300 879 1342; baseline 0.001 -12"><span class='ocrx_word' id='word_1_242' title='bbox 113 1301 224 1331; x_wconf 80' lang='grc' dir='ltr'>τοπέδου</span> <span class='ocrx_word' id='word_1_243' title='bbox 231 1300 272 1341; x_wconf 83' lang='grc' dir='ltr'>(οὐ</span> <span class='ocrx_word' id='word_1_244' title='bbox 285 1302 337 1342; x_wconf 81' lang='grc' dir='ltr'>γὰρ</span> <span class='ocrx_word' id='word_1_245' title='bbox 351 1302 441 1331; x_wconf 76' lang='grc' dir='ltr'>εἴασαν</span> <span class='ocrx_word' id='word_1_246' title='bbox 453 1302 531 1331; x_wconf 75' lang='grc' dir='ltr'>αὐτὸν</span> <span class='ocrx_word' id='word_1_247' title='bbox 545 1303 569 1331; x_wconf 78' lang='grc' dir='ltr'>οἱ</span> <span class='ocrx_word' id='word_1_248' title='bbox 587 1302 721 1341; x_wconf 81' lang='grc' dir='ltr'>σατράπαι</span> <span class='ocrx_word' id='word_1_249' title='bbox 733 1304 785 1331; x_wconf 81' lang='grc' dir='ltr'>τῶν</span> <span class='ocrx_word' id='word_1_250' title='bbox 798 1303 879 1331; x_wconf 87' lang='grc' dir='ltr'>ἀλλο-</span> 
     </span>
     <span class='ocr_line' id='line_1_26' title="bbox 114 1347 880 1388; baseline 0 -11"><span class='ocrx_word' id='word_1_251' title='bbox 114 1347 202 1388; x_wconf 82' lang='grc' dir='ltr'>φύλων</span> <span class='ocrx_word' id='word_1_252' title='bbox 216 1347 385 1385; x_wconf 80' lang='grc' dir='ltr'>συνεξελθεῖν,</span> <span class='ocrx_word' id='word_1_253' title='bbox 399 1347 589 1381; x_wconf 73' lang='grc' dir='ltr'>ὓποτπεύοντες</span> <span class='ocrx_word' id='word_1_254' title='bbox 601 1347 679 1377; x_wconf 79' lang='grc' dir='ltr'>αὐτὸν</span> <span class='ocrx_word' id='word_1_255' title='bbox 690 1348 841 1388; x_wconf 82' lang='grc' dir='ltr'>προδιδόναι</span> <span class='ocrx_word' id='word_1_256' title='bbox 850 1348 880 1377; x_wconf 80' lang='grc' dir='ltr'>τὸ</span> 
     </span>
     <span class='ocr_line' id='line_1_27' title="bbox 113 1393 880 1434; baseline 0.001 -11"><span class='ocrx_word' id='word_1_257' title='bbox 113 1393 311 1434; x_wconf 83' lang='grc' dir='ltr'>στρατόπεδον),</span> <span class='ocrx_word' id='word_1_258' title='bbox 322 1393 437 1434; x_wconf 74' lang='grc' dir='ltr'>εὑρίσκει</span> <span class='ocrx_word' id='word_1_259' title='bbox 449 1394 498 1431; x_wconf 73' lang='grc' dir='ltr'>τὴν</span> <span class='ocrx_word' id='word_1_260' title='bbox 511 1394 632 1424; x_wconf 84' lang='grc' dir='ltr'>Σεκελὰκ</span> <span class='ocrx_word' id='word_1_261' title='bbox 645 1394 880 1434; x_wconf 83' lang='grc' dir='ltr'>ἐμπεπρησμένην,</span> 
     </span>
     <span class='ocr_line' id='line_1_28' title="bbox 113 1439 880 1481; baseline 0.001 -12"><span class='ocrx_word' id='word_1_262' title='bbox 113 1439 220 1474; x_wconf 80' lang='grc' dir='ltr'>καὶτὰς</span> <span class='ocrx_word' id='word_1_263' title='bbox 237 1443 362 1479; x_wconf 83' lang='grc' dir='ltr'>γυναῖκας</span> <span class='ocrx_word' id='word_1_264' title='bbox 379 1441 510 1479; x_wconf 75' lang='grc' dir='ltr'>οὐδαμοῦ·</span> <span class='ocrx_word' id='word_1_265' title='bbox 532 1440 692 1481; x_wconf 80' lang='grc' dir='ltr'>ἀπήχθησαν</span> <span class='ocrx_word' id='word_1_266' title='bbox 710 1441 762 1480; x_wconf 78' lang='grc' dir='ltr'>γὰρ</span> <span class='ocrx_word' id='word_1_267' title='bbox 776 1440 880 1480; x_wconf 81' lang='grc' dir='ltr'>αἰχμά·</span> 
     </span>
     <span class='ocr_line' id='line_1_29' title="bbox 112 1485 881 1526; baseline 0 -11"><span class='ocrx_word' id='word_1_268' title='bbox 112 1487 202 1516; x_wconf 86' lang='grc' dir='ltr'>λωτοι,</span> <span class='ocrx_word' id='word_1_269' title='bbox 224 1485 366 1526; x_wconf 83' lang='grc' dir='ltr'>Ἐρόμενος</span> <span class='ocrx_word' id='word_1_270' title='bbox 387 1485 414 1516; x_wconf 77' lang='grc' dir='ltr'>δὲ</span> <span class='ocrx_word' id='word_1_271' title='bbox 436 1486 480 1516; x_wconf 72' lang='grc' dir='ltr'>τὸν</span> <span class='ocrx_word' id='word_1_272' title='bbox 495 1486 574 1521; x_wconf 84' lang='grc' dir='ltr'>Θεὸν,</span> <span class='ocrx_word' id='word_1_273' title='bbox 586 1488 609 1516; x_wconf 87' lang='grc' dir='ltr'>εἷ</span> <span class='ocrx_word' id='word_1_274' title='bbox 629 1486 682 1516; x_wconf 80' lang='grc' dir='ltr'>δέοι</span> <span class='ocrx_word' id='word_1_275' title='bbox 706 1485 881 1522; x_wconf 77' lang='grc' dir='ltr'>καταδιῶξαι,</span> 
     </span>
    </p>
   </div>
   <div class='ocr_carea' id='block_1_6' title="bbox 930 521 1677 694">
    <p class='ocr_par' dir='ltr' id='par_1_6' title="bbox 930 521 1677 694">
     <span class='ocr_line' id='line_1_30' title="bbox 932 521 1676 562; baseline 0.001 -12"><span class='ocrx_word' id='word_1_276' title='bbox 932 529 1024 561; x_wconf 89' lang='lat' dir='ltr'>petum</span> <span class='ocrx_word' id='word_1_277' title='bbox 1037 522 1095 562; x_wconf 87' lang='lat' dir='ltr'>ejus</span> <span class='ocrx_word' id='word_1_278' title='bbox 1109 521 1242 551; x_wconf 81' lang='lat' dir='ltr'>cohibuit.</span> <span class='ocrx_word' id='word_1_279' title='bbox 1258 523 1421 561; x_wconf 84' lang='lat' dir='ltr'>Mortuoque</span> <span class='ocrx_word' id='word_1_280' title='bbox 1434 522 1546 558; x_wconf 86' lang='lat' dir='ltr'>Nabale,</span> <span class='ocrx_word' id='word_1_281' title='bbox 1563 522 1676 562; x_wconf 81' lang='lat' dir='ltr'>Abigaia</span> 
     </span>
     <span class='ocr_line' id='line_1_31' title="bbox 931 567 1674 607; baseline 0 -11"><span class='ocrx_word' id='word_1_282' title='bbox 931 568 990 606; x_wconf 88' lang='lat' dir='ltr'>ejus</span> <span class='ocrx_word' id='word_1_283' title='bbox 997 578 1068 597; x_wconf 84' lang='lat' dir='ltr'>uxor</span> <span class='ocrx_word' id='word_1_284' title='bbox 1076 567 1277 597; x_wconf 86' lang='lat' dir='ltr'>efficitur.Cum</span> <span class='ocrx_word' id='word_1_285' title='bbox 1290 567 1419 597; x_wconf 80' lang='lat' dir='ltr'>audiisset</span> <span class='ocrx_word' id='word_1_286' title='bbox 1430 567 1564 607; x_wconf 81' lang='lat' dir='ltr'>Saiil,quo</span> <span class='ocrx_word' id='word_1_287' title='bbox 1576 567 1604 596; x_wconf 89' lang='lat' dir='ltr'>in</span> <span class='ocrx_word' id='word_1_288' title='bbox 1616 569 1674 597; x_wconf 90' lang='lat' dir='ltr'>loco</span> 
     </span>
     <span class='ocr_line' id='line_1_32' title="bbox 930 612 1675 649; baseline 0 -7"><span class='ocrx_word' id='word_1_289' title='bbox 930 619 998 642; x_wconf 88' lang='lat' dir='ltr'>esset</span> <span class='ocrx_word' id='word_1_290' title='bbox 1011 612 1110 649; x_wconf 84' lang='lat' dir='ltr'>David,</span> <span class='ocrx_word' id='word_1_291' title='bbox 1123 613 1198 643; x_wconf 87' lang='lat' dir='ltr'>venit</span> <span class='ocrx_word' id='word_1_292' title='bbox 1218 624 1312 643; x_wconf 90' lang='lat' dir='ltr'>rursus</span> <span class='ocrx_word' id='word_1_293' title='bbox 1325 613 1361 642; x_wconf 83' lang='lat' dir='ltr'>ad</span> <span class='ocrx_word' id='word_1_294' title='bbox 1373 623 1445 642; x_wconf 88' lang='lat' dir='ltr'>eum.</span> <span class='ocrx_word' id='word_1_295' title='bbox 1458 614 1613 643; x_wconf 88' lang='lat' dir='ltr'>Dormiente</span> <span class='ocrx_word' id='word_1_296' title='bbox 1626 625 1675 642; x_wconf 90' lang='lat' dir='ltr'>au-</span> 
     </span>
     <span class='ocr_line' id='line_1_33' title="bbox 931 655 1677 694; baseline 0 -6"><span class='ocrx_word' id='word_1_297' title='bbox 931 655 983 688; x_wconf 84' lang='lat' dir='ltr'>tem</span> <span class='ocrx_word' id='word_1_298' title='bbox 996 659 1079 690; x_wconf 83' lang='lat' dir='ltr'>Saiiie</span> <span class='ocrx_word' id='word_1_299' title='bbox 1099 670 1162 689; x_wconf 89' lang='lat' dir='ltr'>cum</span> <span class='ocrx_word' id='word_1_300' title='bbox 1182 665 1237 689; x_wconf 86' lang='lat' dir='ltr'>toto</span> <span class='ocrx_word' id='word_1_301' title='bbox 1249 660 1370 689; x_wconf 84' lang='lat' dir='ltr'>exercitu</span> <span class='ocrx_word' id='word_1_302' title='bbox 1392 669 1451 694; x_wconf 90' lang='lat' dir='ltr'>suo,</span> <span class='ocrx_word' id='word_1_303' title='bbox 1461 659 1571 689; x_wconf 85' lang='lat' dir='ltr'>advenit</span> <span class='ocrx_word' id='word_1_304' title='bbox 1584 659 1677 688; x_wconf 85' lang='lat' dir='ltr'>David</span> 
     </span>
    </p>
   </div>
   <div class='ocr_carea' id='block_1_7' title="bbox 907 704 1675 745">
    <p class='ocr_par' dir='ltr' id='par_1_7' title="bbox 907 704 1675 745">
     <span class='ocr_line' id='line_1_34' title="bbox 907 704 1675 745; baseline 0.001 -12"><span class='ocrx_word' id='word_1_305' title='bbox 907 722 911 724; x_wconf 76' lang='lat'><strong><em>—</em></strong></span> <span class='ocrx_word' id='word_1_306' title='bbox 931 714 993 734; x_wconf 90' lang='lat' dir='ltr'>cum</span> <span class='ocrx_word' id='word_1_307' title='bbox 1005 705 1106 734; x_wconf 73' lang='lat' dir='ltr'>Abessa</span> <span class='ocrx_word' id='word_1_308' title='bbox 1117 717 1124 733; x_wconf 72' lang='grc' dir='ltr'>ι</span> <span class='ocrx_word' id='word_1_309' title='bbox 1135 714 1251 743; x_wconf 88' lang='lat' dir='ltr'>cumque</span> <span class='ocrx_word' id='word_1_310' title='bbox 1261 704 1306 734; x_wconf 87' lang='lat' dir='ltr'>hic</span> <span class='ocrx_word' id='word_1_311' title='bbox 1313 704 1420 745; x_wconf 87' lang='lat' dir='ltr'>juberet</span> <span class='ocrx_word' id='word_1_312' title='bbox 1433 704 1574 734; x_wconf 81' lang='lat' dir='ltr'>confodere</span> <span class='ocrx_word' id='word_1_313' title='bbox 1585 705 1675 734; x_wconf 87' lang='lat' dir='ltr'>inimi-</span> 
     </span>
    </p>
   </div>
   <div class='ocr_carea' id='block_1_8' title="bbox 927 749 1679 1529">
    <p class='ocr_par' dir='ltr' id='par_1_8' title="bbox 927 749 1679 1529">
     <span class='ocr_line' id='line_1_35' title="bbox 930 749 1678 790; baseline 0 -11"><span class='ocrx_word' id='word_1_314' title='bbox 930 761 1004 787; x_wconf 88' lang='lat' dir='ltr'>cum,</span> <span class='ocrx_word' id='word_1_315' title='bbox 1016 760 1050 780; x_wconf 88' lang='lat'>110</span> <span class='ocrx_word' id='word_1_316' title='bbox 1079 750 1159 780; x_wconf 83' lang='lat' dir='ltr'>cessit</span> <span class='ocrx_word' id='word_1_317' title='bbox 1169 749 1228 787; x_wconf 87' lang='lat' dir='ltr'>ille,</span> <span class='ocrx_word' id='word_1_318' title='bbox 1243 749 1290 780; x_wconf 92' lang='lat' dir='ltr'>sed</span> <span class='ocrx_word' id='word_1_319' title='bbox 1301 757 1409 790; x_wconf 86' lang='lat' dir='ltr'>accepto</span> <span class='ocrx_word' id='word_1_320' title='bbox 1419 749 1522 789; x_wconf 87' lang='lat' dir='ltr'>scypho</span> <span class='ocrx_word' id='word_1_321' title='bbox 1532 750 1578 789; x_wconf 81' lang='lat' dir='ltr'>qui</span> <span class='ocrx_word' id='word_1_322' title='bbox 1591 750 1624 779; x_wconf 87' lang='lat' dir='ltr'>ad</span> <span class='ocrx_word' id='word_1_323' title='bbox 1639 761 1678 780; x_wconf 77' lang='lat' dir='ltr'>ea-</span> 
     </span>
     <span class='ocr_line' id='line_1_36' title="bbox 930 797 1679 837; baseline 0.001 -10"><span class='ocrx_word' id='word_1_324' title='bbox 930 804 980 837; x_wconf 89' lang='lat' dir='ltr'>put</span> <span class='ocrx_word' id='word_1_325' title='bbox 1000 797 1058 837; x_wconf 87' lang='lat' dir='ltr'>ejus</span> <span class='ocrx_word' id='word_1_326' title='bbox 1073 805 1140 834; x_wconf 87' lang='lat' dir='ltr'>erat,</span> <span class='ocrx_word' id='word_1_327' title='bbox 1155 804 1182 827; x_wconf 91' lang='lat' dir='ltr'>et</span> <span class='ocrx_word' id='word_1_328' title='bbox 1193 797 1279 835; x_wconf 86' lang='lat' dir='ltr'>hasta,</span> <span class='ocrx_word' id='word_1_329' title='bbox 1295 797 1406 837; x_wconf 82' lang='lat' dir='ltr'>longius</span> <span class='ocrx_word' id='word_1_330' title='bbox 1426 798 1565 837; x_wconf 86' lang='lat' dir='ltr'>processit,</span> <span class='ocrx_word' id='word_1_331' title='bbox 1580 806 1605 827; x_wconf 89' lang='lat' dir='ltr'>et</span> <span class='ocrx_word' id='word_1_332' title='bbox 1625 799 1679 828; x_wconf 86' lang='lat' dir='ltr'>cla-</span> 
     </span>
     <span class='ocr_line' id='line_1_37' title="bbox 931 843 1677 884; baseline 0.003 -12"><span class='ocrx_word' id='word_1_333' title='bbox 931 854 1006 873; x_wconf 91' lang='lat' dir='ltr'>mans</span> <span class='ocrx_word' id='word_1_334' title='bbox 1021 844 1149 874; x_wconf 85' lang='lat' dir='ltr'>excitavit</span> <span class='ocrx_word' id='word_1_335' title='bbox 1162 845 1221 884; x_wconf 92' lang='lat' dir='ltr'>ejus</span> <span class='ocrx_word' id='word_1_336' title='bbox 1233 843 1341 880; x_wconf 88' lang='lat' dir='ltr'>ducem,</span> <span class='ocrx_word' id='word_1_337' title='bbox 1354 850 1380 873; x_wconf 87' lang='lat' dir='ltr'>et</span> <span class='ocrx_word' id='word_1_338' title='bbox 1392 843 1427 872; x_wconf 88' lang='lat' dir='ltr'>de</span> <span class='ocrx_word' id='word_1_339' title='bbox 1440 843 1560 873; x_wconf 88' lang='lat' dir='ltr'>socordia</span> <span class='ocrx_word' id='word_1_340' title='bbox 1575 845 1677 874; x_wconf 83' lang='lat' dir='ltr'>incusa-</span> 
     </span>
     <span class='ocr_line' id='line_1_38' title="bbox 929 889 1677 929; baseline 0 -10"><span class='ocrx_word' id='word_1_341' title='bbox 929 889 985 927; x_wconf 85' lang='lat' dir='ltr'>bat,</span> <span class='ocrx_word' id='word_1_342' title='bbox 998 890 1072 929; x_wconf 91' lang='lat' dir='ltr'>quod</span> <span class='ocrx_word' id='word_1_343' title='bbox 1084 901 1138 920; x_wconf 88' lang='lat' dir='ltr'>non</span> <span class='ocrx_word' id='word_1_344' title='bbox 1159 890 1306 920; x_wconf 83' lang='lat' dir='ltr'>custodiret</span> <span class='ocrx_word' id='word_1_345' title='bbox 1318 900 1417 929; x_wconf 86' lang='lat' dir='ltr'>regem.</span> <span class='ocrx_word' id='word_1_346' title='bbox 1431 890 1606 928; x_wconf 83' lang='lat' dir='ltr'>Ostenditque</span> <span class='ocrx_word' id='word_1_347' title='bbox 1626 891 1659 919; x_wconf 87' lang='lat' dir='ltr'>ha</span> <span class='ocrx_word' id='word_1_348' title='bbox 1668 909 1677 913; x_wconf 88' lang='lat'>-</span> 
     </span>
     <span class='ocr_line' id='line_1_39' title="bbox 929 932 1675 977; baseline 0.001 -12"><span class='ocrx_word' id='word_1_349' title='bbox 929 942 1000 965; x_wconf 88' lang='lat' dir='ltr'>stam</span> <span class='ocrx_word' id='word_1_350' title='bbox 1010 943 1036 965; x_wconf 89' lang='lat' dir='ltr'>et</span> <span class='ocrx_word' id='word_1_351' title='bbox 1046 932 1190 977; x_wconf 64' lang='lat' dir='ltr'>scyphum]</span> <span class='ocrx_word' id='word_1_352' title='bbox 1200 943 1226 966; x_wconf 86' lang='lat' dir='ltr'>et</span> <span class='ocrx_word' id='word_1_353' title='bbox 1239 937 1345 965; x_wconf 88' lang='lat' dir='ltr'>incusat</span> <span class='ocrx_word' id='word_1_354' title='bbox 1352 936 1550 974; x_wconf 83' lang='lat' dir='ltr'>Saiilem,quod</span> <span class='ocrx_word' id='word_1_355' title='bbox 1558 947 1620 966; x_wconf 91' lang='lat' dir='ltr'>eum</span> <span class='ocrx_word' id='word_1_356' title='bbox 1629 938 1675 975; x_wconf 84' lang='lat' dir='ltr'>qui</span> 
     </span>
     <span class='ocr_line' id='line_1_40' title="bbox 928 981 1676 1020; baseline 0.003 -11"><span class='ocrx_word' id='word_1_357' title='bbox 928 991 956 1010; x_wconf 88' lang='lat' dir='ltr'>se</span> <span class='ocrx_word' id='word_1_358' title='bbox 970 981 1040 1010; x_wconf 83' lang='lat' dir='ltr'>nihil</span> <span class='ocrx_word' id='word_1_359' title='bbox 1052 982 1153 1012; x_wconf 87' lang='lat' dir='ltr'>laeserat</span> <span class='ocrx_word' id='word_1_360' title='bbox 1165 983 1359 1019; x_wconf 83' lang='lat' dir='ltr'>insequeretur.</span> <span class='ocrx_word' id='word_1_361' title='bbox 1367 981 1445 1010; x_wconf 88' lang='lat' dir='ltr'>Tunc</span> <span class='ocrx_word' id='word_1_362' title='bbox 1456 981 1525 1020; x_wconf 81' lang='lat' dir='ltr'>fugit</span> <span class='ocrx_word' id='word_1_363' title='bbox 1538 982 1627 1011; x_wconf 86' lang='lat' dir='ltr'>David</span> <span class='ocrx_word' id='word_1_364' title='bbox 1641 982 1676 1011; x_wconf 83' lang='lat' dir='ltr'>ad</span> 
     </span>
     <span class='ocr_line' id='line_1_41' title="bbox 929 1027 1677 1068; baseline 0.001 -12"><span class='ocrx_word' id='word_1_365' title='bbox 929 1037 1018 1067; x_wconf 86' lang='lat' dir='ltr'>regem</span> <span class='ocrx_word' id='word_1_366' title='bbox 1036 1028 1147 1058; x_wconf 83' lang='lat' dir='ltr'>Auchus</span> <span class='ocrx_word' id='word_1_367' title='bbox 1165 1039 1171 1056; x_wconf 89' lang='lat'><strong>:</strong></span> <span class='ocrx_word' id='word_1_368' title='bbox 1188 1038 1274 1067; x_wconf 91' lang='lat' dir='ltr'>neque</span> <span class='ocrx_word' id='word_1_369' title='bbox 1293 1027 1365 1056; x_wconf 87' lang='lat' dir='ltr'>enim</span> <span class='ocrx_word' id='word_1_370' title='bbox 1387 1033 1474 1056; x_wconf 86' lang='lat' dir='ltr'>tutum</span> <span class='ocrx_word' id='word_1_371' title='bbox 1494 1038 1551 1058; x_wconf 88' lang='lat' dir='ltr'>esse</span> <span class='ocrx_word' id='word_1_372' title='bbox 1564 1029 1677 1068; x_wconf 78' lang='lat' dir='ltr'>putabat</span> 
     </span>
     <span class='ocr_line' id='line_1_42' title="bbox 929 1073 1677 1114; baseline 0.003 -12"><span class='ocrx_word' id='word_1_373' title='bbox 929 1074 1030 1103; x_wconf 79' lang='lat' dir='ltr'>versari</span> <span class='ocrx_word' id='word_1_374' title='bbox 1050 1084 1135 1114; x_wconf 81' lang='lat' dir='ltr'>prope</span> <span class='ocrx_word' id='word_1_375' title='bbox 1151 1074 1269 1104; x_wconf 81' lang='lat' dir='ltr'>Saiilern.</span> <span class='ocrx_word' id='word_1_376' title='bbox 1288 1073 1393 1112; x_wconf 84' lang='lat' dir='ltr'>Accipit</span> <span class='ocrx_word' id='word_1_377' title='bbox 1411 1073 1501 1104; x_wconf 86' lang='lat' dir='ltr'>David</span> <span class='ocrx_word' id='word_1_378' title='bbox 1514 1074 1548 1104; x_wconf 91' lang='lat' dir='ltr'>ab</span> <span class='ocrx_word' id='word_1_379' title='bbox 1568 1075 1677 1104; x_wconf 82' lang='lat' dir='ltr'>Auchus</span> 
     </span>
     <span class='ocr_line' id='line_1_43' title="bbox 928 1118 1677 1160; baseline 0.001 -11"><span class='ocrx_word' id='word_1_380' title='bbox 928 1119 1035 1149; x_wconf 88' lang='lat' dir='ltr'>Secelac</span> <span class='ocrx_word' id='word_1_381' title='bbox 1046 1129 1055 1147; x_wconf 70' lang='grc' dir='ltr'>ε</span> <span class='ocrx_word' id='word_1_382' title='bbox 1068 1126 1095 1149; x_wconf 90' lang='lat' dir='ltr'>et</span> <span class='ocrx_word' id='word_1_383' title='bbox 1106 1122 1231 1150; x_wconf 74' lang='lat' dir='ltr'>incursus</span> <span class='ocrx_word' id='word_1_384' title='bbox 1244 1118 1355 1148; x_wconf 79' lang='lat' dir='ltr'>faciebat</span> <span class='ocrx_word' id='word_1_385' title='bbox 1367 1119 1395 1147; x_wconf 92' lang='lat' dir='ltr'>in</span> <span class='ocrx_word' id='word_1_386' title='bbox 1406 1118 1506 1155; x_wconf 88' lang='lat' dir='ltr'>hostes,</span> <span class='ocrx_word' id='word_1_387' title='bbox 1513 1120 1677 1160; x_wconf 83' lang='lat' dir='ltr'>accipiebat-</span> 
     </span>
     <span class='ocr_line' id='line_1_44' title="bbox 929 1165 1678 1206; baseline 0 -11"><span class='ocrx_word' id='word_1_388' title='bbox 929 1176 981 1204; x_wconf 86' lang='lat' dir='ltr'>que</span> <span class='ocrx_word' id='word_1_389' title='bbox 1001 1165 1127 1205; x_wconf 84' lang='lat' dir='ltr'>pecunias</span> <span class='ocrx_word' id='word_1_390' title='bbox 1138 1173 1166 1196; x_wconf 88' lang='lat' dir='ltr'>et</span> <span class='ocrx_word' id='word_1_391' title='bbox 1178 1176 1242 1195; x_wconf 74' lang='lat' dir='ltr'>oves</span> <span class='ocrx_word' id='word_1_392' title='bbox 1260 1165 1368 1194; x_wconf 81' lang='lat' dir='ltr'>multas.</span> <span class='ocrx_word' id='word_1_393' title='bbox 1382 1165 1461 1194; x_wconf 78' lang='lat' dir='ltr'>Tunc</span> <span class='ocrx_word' id='word_1_394' title='bbox 1481 1173 1678 1206; x_wconf 82' lang='lat' dir='ltr'>congregantur</span> 
     </span>
     <span class='ocr_line' id='line_1_45' title="bbox 929 1210 1678 1251; baseline 0.003 -12"><span class='ocrx_word' id='word_1_395' title='bbox 929 1210 1085 1251; x_wconf 76' lang='lat' dir='ltr'>alienigenae</span> <span class='ocrx_word' id='word_1_396' title='bbox 1102 1218 1194 1245; x_wconf 83' lang='lat' dir='ltr'>contra</span> <span class='ocrx_word' id='word_1_397' title='bbox 1210 1210 1347 1247; x_wconf 68' lang='lat' dir='ltr'>Israelem,</span> <span class='ocrx_word' id='word_1_398' title='bbox 1356 1217 1383 1239; x_wconf 85' lang='lat' dir='ltr'>et</span> <span class='ocrx_word' id='word_1_399' title='bbox 1395 1210 1461 1241; x_wconf 86' lang='lat' dir='ltr'>Saiil</span> <span class='ocrx_word' id='word_1_400' title='bbox 1475 1211 1620 1251; x_wconf 77' lang='lat' dir='ltr'>interrogat</span> <span class='ocrx_word' id='word_1_401' title='bbox 1632 1222 1678 1241; x_wconf 91' lang='lat' dir='ltr'>en—</span> 
     </span>
     <span class='ocr_line' id='line_1_46' title="bbox 927 1256 1678 1298; baseline 0 -11"><span class='ocrx_word' id='word_1_402' title='bbox 927 1257 1145 1298; x_wconf 82' lang='lat' dir='ltr'>gastrimytham.</span> <span class='ocrx_word' id='word_1_403' title='bbox 1161 1259 1297 1287; x_wconf 85' lang='lat' dir='ltr'>Reversus</span> <span class='ocrx_word' id='word_1_404' title='bbox 1310 1256 1402 1286; x_wconf 90' lang='lat' dir='ltr'>David</span> <span class='ocrx_word' id='word_1_405' title='bbox 1417 1257 1452 1286; x_wconf 90' lang='lat' dir='ltr'>ab</span> <span class='ocrx_word' id='word_1_406' title='bbox 1471 1258 1591 1287; x_wconf 79' lang='lat' dir='ltr'>exercitu</span> <span class='ocrx_word' id='word_1_407' title='bbox 1605 1260 1678 1294; x_wconf 83' lang='lat' dir='ltr'>(non</span> 
     </span>
     <span class='ocr_line' id='line_1_47' title="bbox 930 1302 1679 1343; baseline 0.003 -11"><span class='ocrx_word' id='word_1_408' title='bbox 930 1303 1003 1332; x_wconf 85' lang='lat' dir='ltr'>enim</span> <span class='ocrx_word' id='word_1_409' title='bbox 1019 1303 1141 1333; x_wconf 82' lang='lat' dir='ltr'>sinebant</span> <span class='ocrx_word' id='word_1_410' title='bbox 1161 1303 1252 1343; x_wconf 90' lang='lat' dir='ltr'>ipsum</span> <span class='ocrx_word' id='word_1_411' title='bbox 1272 1309 1384 1342; x_wconf 88' lang='lat' dir='ltr'>satrapae</span> <span class='ocrx_word' id='word_1_412' title='bbox 1404 1302 1615 1343; x_wconf 83' lang='lat' dir='ltr'>alienigenarum</span> <span class='ocrx_word' id='word_1_413' title='bbox 1633 1315 1679 1334; x_wconf 83' lang='lat' dir='ltr'>se—</span> 
     </span>
     <span class='ocr_line' id='line_1_48' title="bbox 930 1347 1677 1389; baseline 0.001 -11"><span class='ocrx_word' id='word_1_414' title='bbox 930 1359 992 1378; x_wconf 91' lang='lat' dir='ltr'>cum</span> <span class='ocrx_word' id='word_1_415' title='bbox 1005 1349 1034 1378; x_wconf 89' lang='lat' dir='ltr'>in</span> <span class='ocrx_word' id='word_1_416' title='bbox 1048 1349 1174 1389; x_wconf 84' lang='lat' dir='ltr'>praelium</span> <span class='ocrx_word' id='word_1_417' title='bbox 1186 1347 1340 1389; x_wconf 85' lang='lat' dir='ltr'>procedere,</span> <span class='ocrx_word' id='word_1_418' title='bbox 1351 1348 1517 1389; x_wconf 80' lang='lat' dir='ltr'>suspicantes</span> <span class='ocrx_word' id='word_1_419' title='bbox 1528 1359 1561 1378; x_wconf 91' lang='lat' dir='ltr'>ne</span> <span class='ocrx_word' id='word_1_420' title='bbox 1573 1351 1677 1379; x_wconf 84' lang='lat' dir='ltr'>exerci-</span> 
     </span>
     <span class='ocr_line' id='line_1_49' title="bbox 930 1394 1678 1436; baseline 0 -11"><span class='ocrx_word' id='word_1_421' title='bbox 930 1401 989 1425; x_wconf 88' lang='lat' dir='ltr'>tum</span> <span class='ocrx_word' id='word_1_422' title='bbox 997 1406 1077 1425; x_wconf 90' lang='lat' dir='ltr'>suum</span> <span class='ocrx_word' id='word_1_423' title='bbox 1084 1394 1337 1436; x_wconf 88' lang='lat' dir='ltr'>proderet),invenit</span> <span class='ocrx_word' id='word_1_424' title='bbox 1346 1395 1452 1425; x_wconf 83' lang='lat' dir='ltr'>Secelac</span> <span class='ocrx_word' id='word_1_425' title='bbox 1460 1395 1605 1431; x_wconf 85' lang='lat' dir='ltr'>incensam,</span> <span class='ocrx_word' id='word_1_426' title='bbox 1614 1396 1678 1425; x_wconf 90' lang='lat' dir='ltr'>sub-</span> 
     </span>
     <span class='ocr_line' id='line_1_50' title="bbox 932 1441 1679 1481; baseline 0.001 -11"><span class='ocrx_word' id='word_1_427' title='bbox 932 1441 1052 1479; x_wconf 77' lang='lat' dir='ltr'>latasque</span> <span class='ocrx_word' id='word_1_428' title='bbox 1068 1442 1212 1473; x_wconf 58' lang='lat' dir='ltr'>mulierem</span> <span class='ocrx_word' id='word_1_429' title='bbox 1227 1441 1340 1481; x_wconf 84' lang='lat' dir='ltr'>captivae</span> <span class='ocrx_word' id='word_1_430' title='bbox 1355 1451 1470 1480; x_wconf 85' lang='lat' dir='ltr'>namque</span> <span class='ocrx_word' id='word_1_431' title='bbox 1487 1441 1609 1472; x_wconf 81' lang='lat' dir='ltr'>abductae</span> <span class='ocrx_word' id='word_1_432' title='bbox 1623 1442 1679 1471; x_wconf 89' lang='lat' dir='ltr'>sue-</span> 
     </span>
     <span class='ocr_line' id='line_1_51' title="bbox 933 1488 1675 1529; baseline -0.001 -11"><span class='ocrx_word' id='word_1_433' title='bbox 933 1495 1003 1518; x_wconf 85' lang='lat' dir='ltr'>rant.</span> <span class='ocrx_word' id='word_1_434' title='bbox 1018 1490 1183 1529; x_wconf 84' lang='lat' dir='ltr'>Interrogato</span> <span class='ocrx_word' id='word_1_435' title='bbox 1196 1495 1286 1518; x_wconf 81' lang='lat' dir='ltr'>autem</span> <span class='ocrx_word' id='word_1_436' title='bbox 1298 1489 1367 1524; x_wconf 85' lang='lat' dir='ltr'>Deo,</span> <span class='ocrx_word' id='word_1_437' title='bbox 1383 1498 1417 1517; x_wconf 89' lang='lat' dir='ltr'>an</span> <span class='ocrx_word' id='word_1_438' title='bbox 1434 1488 1540 1527; x_wconf 87' lang='lat' dir='ltr'>insequi</span> <span class='ocrx_word' id='word_1_439' title='bbox 1554 1488 1675 1523; x_wconf 84' lang='lat' dir='ltr'>deberet,</span> 
     </span>
    </p>
   </div>
   <div class='ocr_carea' id='block_1_9' title="bbox 113 1531 1682 1621">
    <p class='ocr_par' dir='ltr' id='par_1_9' title="bbox 113 1531 1682 1621">
     <span class='ocr_line' id='line_1_52' title="bbox 113 1531 1675 1575; baseline 0.002 -14"><span class='ocrx_word' id='word_1_440' title='bbox 113 1532 230 1566; x_wconf 83' lang='grc' dir='ltr'>εἰπόντος</span> <span class='ocrx_word' id='word_1_441' title='bbox 243 1532 283 1562; x_wconf 69' lang='grc' dir='ltr'>ὅτι</span> <span class='ocrx_word' id='word_1_442' title='bbox 303 1532 369 1567; x_wconf 86' lang='grc' dir='ltr'>δέοι,</span> <span class='ocrx_word' id='word_1_443' title='bbox 383 1531 535 1566; x_wconf 80' lang='grc' dir='ltr'>κατεδίωξε.</span> <span class='ocrx_word' id='word_1_444' title='bbox 551 1532 604 1562; x_wconf 75' lang='grc' dir='ltr'>Καὶ</span> <span class='ocrx_word' id='word_1_445' title='bbox 626 1532 716 1571; x_wconf 84' lang='grc' dir='ltr'>μαθὼν</span> <span class='ocrx_word' id='word_1_446' title='bbox 729 1532 803 1572; x_wconf 83' lang='grc' dir='ltr'>παρὰ</span> <span class='ocrx_word' id='word_1_447' title='bbox 816 1544 881 1562; x_wconf 85' lang='grc' dir='ltr'>παι·</span> <span class='ocrx_word' id='word_1_448' title='bbox 891 1536 1035 1574; x_wconf 67' lang='lat' dir='ltr'>milleque</span> <span class='ocrx_word' id='word_1_449' title='bbox 1047 1535 1233 1575; x_wconf 85' lang='lat' dir='ltr'>respondente,</span> <span class='ocrx_word' id='word_1_450' title='bbox 1247 1534 1356 1570; x_wconf 89' lang='lat' dir='ltr'>debere,</span> <span class='ocrx_word' id='word_1_451' title='bbox 1372 1535 1528 1573; x_wconf 86' lang='lat' dir='ltr'>insequutus</span> <span class='ocrx_word' id='word_1_452' title='bbox 1549 1535 1612 1564; x_wconf 90' lang='lat' dir='ltr'>illos</span> <span class='ocrx_word' id='word_1_453' title='bbox 1626 1542 1675 1564; x_wconf 82' lang='lat' dir='ltr'>est.</span> 
     </span>
     <span class='ocr_line' id='line_1_53' title="bbox 116 1572 1682 1621; baseline -0.001 -9"><span class='ocrx_word' id='word_1_454' title='bbox 116 1576 171 1606; x_wconf 65' lang='grc' dir='ltr'>δίου</span> <span class='ocrx_word' id='word_1_455' title='bbox 193 1577 339 1617; x_wconf 67' lang='grc' dir='ltr'>Αἷγυπῐίῦϋ</span> <span class='ocrx_word' id='word_1_456' title='bbox 349 1601 357 1615; x_wconf 84' lang='grc'>,</span> <span class='ocrx_word' id='word_1_457' title='bbox 382 1580 432 1608; x_wconf 60' lang='lat' dir='ltr'>‘¹³0B</span> <span class='ocrx_word' id='word_1_458' title='bbox 458 1578 709 1618; x_wconf 61' lang='grc' dir='ltr'>στρατοπεδεύονται</span> <span class='ocrx_word' id='word_1_459' title='bbox 718 1600 726 1614; x_wconf 59' lang='grc' dir='ltr'>ν</span> <span class='ocrx_word' id='word_1_460' title='bbox 751 1579 884 1608; x_wconf 67' lang='grc' dir='ltr'>ἐπιπεσὼν</span> <span class='ocrx_word' id='word_1_461' title='bbox 899 1572 919 1595; x_wconf 66' lang='grc' dir='ltr'><strong>Α</strong></span> <span class='ocrx_word' id='word_1_462' title='bbox 935 1583 971 1612; x_wconf 90' lang='lat' dir='ltr'>Et</span> <span class='ocrx_word' id='word_1_463' title='bbox 982 1591 1043 1611; x_wconf 85' lang='lat' dir='ltr'>cum</span> <span class='ocrx_word' id='word_1_464' title='bbox 1055 1581 1192 1611; x_wconf 87' lang='lat' dir='ltr'>didicisset</span> <span class='ocrx_word' id='word_1_465' title='bbox 1201 1591 1216 1610; x_wconf 85' lang='lat' dir='ltr'>a</span> <span class='ocrx_word' id='word_1_466' title='bbox 1225 1591 1310 1621; x_wconf 90' lang='lat' dir='ltr'>puero</span> <span class='ocrx_word' id='word_1_467' title='bbox 1319 1580 1458 1620; x_wconf 82' lang='lat' dir='ltr'>AEgyptio,</span> <span class='ocrx_word' id='word_1_468' title='bbox 1468 1580 1579 1610; x_wconf 87' lang='lat' dir='ltr'>ubinam</span> <span class='ocrx_word' id='word_1_469' title='bbox 1586 1588 1682 1611; x_wconf 81' lang='lat' dir='ltr'>castra-</span> 
     </span>
    </p>
   </div>
   <div class='ocr_carea' id='block_1_10' title="bbox 116 1624 890 1983">
    <p class='ocr_par' dir='ltr' id='par_1_10' title="bbox 116 1624 890 1983">
     <span class='ocr_line' id='line_1_54' title="bbox 117 1624 883 1663; baseline 0.003 -11"><span class='ocrx_word' id='word_1_470' title='bbox 117 1625 287 1663; x_wconf 74' lang='grc' dir='ltr'>ῥᾳθυμοῦσιν,</span> <span class='ocrx_word' id='word_1_471' title='bbox 298 1624 427 1658; x_wconf 78' lang='grc' dir='ltr'>ἐπάταξεν</span> <span class='ocrx_word' id='word_1_472' title='bbox 453 1624 563 1660; x_wconf 73' lang='grc' dir='ltr'>αὐτοὺς,</span> <span class='ocrx_word' id='word_1_473' title='bbox 579 1624 669 1653; x_wconf 81' lang='grc' dir='ltr'>καὶτὰ</span> <span class='ocrx_word' id='word_1_474' title='bbox 686 1626 771 1654; x_wconf 79' lang='grc' dir='ltr'>σκῦλα</span> <span class='ocrx_word' id='word_1_475' title='bbox 791 1625 883 1661; x_wconf 78' lang='grc' dir='ltr'>ἔλαὸε,</span> 
     </span>
     <span class='ocr_line' id='line_1_55' title="bbox 116 1668 886 1709; baseline 0.003 -11"><span class='ocrx_word' id='word_1_476' title='bbox 116 1669 162 1698; x_wconf 80' lang='grc' dir='ltr'>καὶ</span> <span class='ocrx_word' id='word_1_477' title='bbox 175 1668 302 1709; x_wconf 78' lang='grc' dir='ltr'>διένειμεν</span> <span class='ocrx_word' id='word_1_478' title='bbox 324 1670 352 1704; x_wconf 78' lang='grc' dir='ltr'>ἐξ</span> <span class='ocrx_word' id='word_1_479' title='bbox 373 1670 432 1706; x_wconf 86' lang='grc' dir='ltr'>ἴσης</span> <span class='ocrx_word' id='word_1_480' title='bbox 451 1675 506 1703; x_wconf 85' lang='grc' dir='ltr'>τοῖς</span> <span class='ocrx_word' id='word_1_481' title='bbox 528 1682 557 1699; x_wconf 84' lang='grc' dir='ltr'>τε</span> <span class='ocrx_word' id='word_1_482' title='bbox 581 1670 748 1709; x_wconf 84' lang='grc' dir='ltr'>πολεμήσασι</span> <span class='ocrx_word' id='word_1_483' title='bbox 772 1671 886 1704; x_wconf 84' lang='grc' dir='ltr'>καὶτοῖς</span> 
     </span>
     <span class='ocr_line' id='line_1_56' title="bbox 118 1715 886 1755; baseline 0.001 -11"><span class='ocrx_word' id='word_1_484' title='bbox 118 1715 290 1754; x_wconf 80' lang='grc' dir='ltr'>ἀπομείνασιν</span> <span class='ocrx_word' id='word_1_485' title='bbox 313 1715 358 1745; x_wconf 79' lang='grc' dir='ltr'>ἐπὶ</span> <span class='ocrx_word' id='word_1_486' title='bbox 382 1717 434 1745; x_wconf 84' lang='grc' dir='ltr'>τῶν</span> <span class='ocrx_word' id='word_1_487' title='bbox 460 1717 569 1745; x_wconf 79' lang='grc' dir='ltr'>σκευῶν.</span> <span class='ocrx_word' id='word_1_488' title='bbox 594 1715 642 1748; x_wconf 81' lang='grc' dir='ltr'>Ὡς</span> <span class='ocrx_word' id='word_1_489' title='bbox 663 1715 690 1745; x_wconf 80' lang='grc' dir='ltr'>δὲ</span> <span class='ocrx_word' id='word_1_490' title='bbox 713 1718 728 1745; x_wconf 85' lang='grc' dir='ltr'><strong>ὁ</strong></span> <span class='ocrx_word' id='word_1_491' title='bbox 753 1716 818 1755; x_wconf 85' lang='grc' dir='ltr'>πρὸς</span> <span class='ocrx_word' id='word_1_492' title='bbox 841 1716 886 1746; x_wconf 86' lang='grc' dir='ltr'>τὸν</span> 
     </span>
     <span class='ocr_line' id='line_1_57' title="bbox 118 1756 888 1801; baseline 0.003 -11"><span class='ocrx_word' id='word_1_493' title='bbox 118 1761 227 1800; x_wconf 80' lang='grc' dir='ltr'>Ἰσραὴλ</span> <span class='ocrx_word' id='word_1_494' title='bbox 235 1761 324 1801; x_wconf 81' lang='grc' dir='ltr'>γέγονε</span> <span class='ocrx_word' id='word_1_495' title='bbox 335 1756 449 1800; x_wconf 82' lang='grc' dir='ltr'>πόλεμος</span> <span class='ocrx_word' id='word_1_496' title='bbox 458 1763 511 1790; x_wconf 82' lang='grc' dir='ltr'>τῶν</span> <span class='ocrx_word' id='word_1_497' title='bbox 521 1761 684 1801; x_wconf 80' lang='grc' dir='ltr'>ἀλλοφύλων,</span> <span class='ocrx_word' id='word_1_498' title='bbox 696 1761 788 1791; x_wconf 85' lang='grc' dir='ltr'>πίπτει</span> <span class='ocrx_word' id='word_1_499' title='bbox 799 1763 888 1792; x_wconf 82' lang='grc' dir='ltr'>Σαοὺλ</span> 
     </span>
     <span class='ocr_line' id='line_1_58' title="bbox 122 1806 887 1842; baseline 0.001 -6"><span class='ocrx_word' id='word_1_500' title='bbox 122 1807 168 1836; x_wconf 81' lang='grc' dir='ltr'>καὶ</span> <span class='ocrx_word' id='word_1_501' title='bbox 181 1807 322 1842; x_wconf 85' lang='grc' dir='ltr'>Ἰωνάθαν,</span> <span class='ocrx_word' id='word_1_502' title='bbox 342 1807 387 1836; x_wconf 78' lang='grc' dir='ltr'>καὶ</span> <span class='ocrx_word' id='word_1_503' title='bbox 407 1809 431 1836; x_wconf 81' lang='grc' dir='ltr'>οἱ</span> <span class='ocrx_word' id='word_1_504' title='bbox 451 1806 496 1836; x_wconf 87' lang='grc' dir='ltr'>δύο</span> <span class='ocrx_word' id='word_1_505' title='bbox 513 1807 590 1836; x_wconf 81' lang='grc' dir='ltr'>ἄλλοι</span> <span class='ocrx_word' id='word_1_506' title='bbox 602 1807 653 1836; x_wconf 84' lang='grc' dir='ltr'>υἱοὶ</span> <span class='ocrx_word' id='word_1_507' title='bbox 667 1808 746 1837; x_wconf 79' lang='grc' dir='ltr'>αὐτοῦ</span> <span class='ocrx_word' id='word_1_508' title='bbox 757 1819 764 1826; x_wconf 88' lang='grc'><em>·</em></span> <span class='ocrx_word' id='word_1_509' title='bbox 776 1807 820 1837; x_wconf 83' lang='grc' dir='ltr'>καὶ</span> <span class='ocrx_word' id='word_1_510' title='bbox 838 1809 887 1837; x_wconf 88' lang='grc' dir='ltr'>λα-</span> 
     </span>
     <span class='ocr_line' id='line_1_59' title="bbox 123 1852 889 1894; baseline 0.003 -12"><span class='ocrx_word' id='word_1_511' title='bbox 123 1852 212 1887; x_wconf 75' lang='grc' dir='ltr'>ὅόντες</span> <span class='ocrx_word' id='word_1_512' title='bbox 237 1853 314 1883; x_wconf 88' lang='grc' dir='ltr'>αὐτὸν</span> <span class='ocrx_word' id='word_1_513' title='bbox 337 1855 361 1883; x_wconf 84' lang='grc' dir='ltr'>οἱ</span> <span class='ocrx_word' id='word_1_514' title='bbox 385 1853 525 1891; x_wconf 84' lang='grc' dir='ltr'>πολέμιοι,</span> <span class='ocrx_word' id='word_1_515' title='bbox 550 1853 718 1892; x_wconf 84' lang='grc' dir='ltr'>προσέπηξαν</span> <span class='ocrx_word' id='word_1_516' title='bbox 742 1855 780 1893; x_wconf 83' lang='grc' dir='ltr'>τῷ</span> <span class='ocrx_word' id='word_1_517' title='bbox 806 1854 889 1894; x_wconf 83' lang='grc' dir='ltr'>τείχει</span> 
     </span>
     <span class='ocr_line' id='line_1_60' title="bbox 123 1898 889 1935; baseline 0.003 -7"><span class='ocrx_word' id='word_1_518' title='bbox 123 1899 237 1935; x_wconf 79' lang='grc' dir='ltr'>Βιθσὰν,</span> <span class='ocrx_word' id='word_1_519' title='bbox 259 1899 278 1935; x_wconf 85' lang='grc' dir='ltr'>ἥ</span> <span class='ocrx_word' id='word_1_520' title='bbox 302 1900 359 1928; x_wconf 82' lang='grc' dir='ltr'>ἐστι</span> <span class='ocrx_word' id='word_1_521' title='bbox 381 1898 552 1932; x_wconf 74' lang='grc' dir='ltr'>Σκυθόπολις.</span> <span class='ocrx_word' id='word_1_522' title='bbox 577 1899 714 1933; x_wconf 83' lang='grc' dir='ltr'>Ἐλθόντες</span> <span class='ocrx_word' id='word_1_523' title='bbox 735 1900 763 1929; x_wconf 84' lang='grc' dir='ltr'>δὲ</span> <span class='ocrx_word' id='word_1_524' title='bbox 788 1902 812 1929; x_wconf 77' lang='grc' dir='ltr'>οἱ</span> <span class='ocrx_word' id='word_1_525' title='bbox 837 1900 889 1930; x_wconf 82' lang='grc' dir='ltr'>ἀπὸ</span> 
     </span>
     <span class='ocr_line' id='line_1_61' title="bbox 122 1945 890 1983; baseline 0.001 -8"><span class='ocrx_word' id='word_1_526' title='bbox 122 1945 249 1982; x_wconf 77' lang='grc' dir='ltr'>·Ἰά6ης,</span> <span class='ocrx_word' id='word_1_527' title='bbox 273 1945 366 1975; x_wconf 73' lang='grc' dir='ltr'>ἔλαὸόν</span> <span class='ocrx_word' id='word_1_528' title='bbox 390 1957 419 1974; x_wconf 79' lang='grc' dir='ltr'>τε</span> <span class='ocrx_word' id='word_1_529' title='bbox 444 1945 520 1975; x_wconf 78' lang='grc' dir='ltr'>αὐτὸν</span> <span class='ocrx_word' id='word_1_530' title='bbox 545 1945 590 1974; x_wconf 81' lang='grc' dir='ltr'>καὶ</span> <span class='ocrx_word' id='word_1_531' title='bbox 613 1945 656 1975; x_wconf 86' lang='grc' dir='ltr'>τὸν</span> <span class='ocrx_word' id='word_1_532' title='bbox 680 1946 822 1983; x_wconf 84' lang='grc' dir='ltr'>Ἰωνοὶθαν,</span> <span class='ocrx_word' id='word_1_533' title='bbox 845 1946 890 1976; x_wconf 82' lang='grc' dir='ltr'>καὶ</span> 
     </span>
    </p>
   </div>
   <div class='ocr_carea' id='block_1_11' title="bbox 122 1991 229 2032">
    <p class='ocr_par' dir='ltr' id='par_1_11' title="bbox 122 1991 229 2032">
     <span class='ocr_line' id='line_1_62' title="bbox 122 1991 229 2032; baseline 0.009 -12"><span class='ocrx_word' id='word_1_534' title='bbox 122 1991 229 2032; x_wconf 78' lang='grc' dir='ltr'>ἔθαψαν.</span> 
     </span>
    </p>
   </div>
   <div class='ocr_carea' id='block_1_12' title="bbox 409 2103 600 2136">
    <p class='ocr_par' dir='ltr' id='par_1_12' title="bbox 409 2103 600 2136">
     <span class='ocr_line' id='line_1_63' title="bbox 409 2103 600 2136; baseline 0 -9"><span class='ocrx_word' id='word_1_535' title='bbox 409 2109 551 2129; x_wconf 59' lang='lat' dir='ltr'>nummos</span> <span class='ocrx_word' id='word_1_536' title='bbox 568 2103 600 2136; x_wconf 75' lang='grc' dir='ltr'>β’.</span> 
     </span>
    </p>
   </div>
   <div class='ocr_carea' id='block_1_13' title="bbox 164 2185 924 2227">
    <p class='ocr_par' dir='ltr' id='par_1_13' title="bbox 164 2185 924 2227">
     <span class='ocr_line' id='line_1_64' title="bbox 164 2185 924 2227; baseline 0.005 -13"><span class='ocrx_word' id='word_1_537' title='bbox 164 2185 293 2225; x_wconf 73' lang='grc' dir='ltr'>Ἔρχεται(</span> <span class='ocrx_word' id='word_1_538' title='bbox 305 2197 344 2219; x_wconf 85' lang='grc' dir='ltr'>τις</span> <span class='ocrx_word' id='word_1_539' title='bbox 367 2186 540 2226; x_wconf 82' lang='grc' dir='ltr'>ἀπαγγέλλων</span> <span class='ocrx_word' id='word_1_540' title='bbox 563 2189 600 2227; x_wconf 79' lang='grc' dir='ltr'>τῷ</span> <span class='ocrx_word' id='word_1_541' title='bbox 614 2188 710 2223; x_wconf 80' lang='grc' dir='ltr'>Δαυὶδ,</span> <span class='ocrx_word' id='word_1_542' title='bbox 723 2187 764 2217; x_wconf 75' lang='grc' dir='ltr'>ὅτι</span> <span class='ocrx_word' id='word_1_543' title='bbox 788 2190 889 2218; x_wconf 83' lang='grc' dir='ltr'>ἀνεῖλεν</span> <span class='ocrx_word' id='word_1_544' title='bbox 907 2191 924 2214; x_wconf 82' lang='grc' dir='ltr'><strong><em>Β</em></strong></span> 
     </span>
    </p>
   </div>
   <div class='ocr_carea' id='block_1_14' title="bbox 123 2232 890 2504">
    <p class='ocr_par' dir='ltr' id='par_1_14' title="bbox 123 2232 890 2504">
     <span class='ocr_line' id='line_1_65' title="bbox 124 2232 890 2265; baseline 0.004 -4"><span class='ocrx_word' id='word_1_545' title='bbox 124 2232 200 2264; x_wconf 77' lang='grc' dir='ltr'>αὐτὸς</span> <span class='ocrx_word' id='word_1_546' title='bbox 213 2232 257 2261; x_wconf 80' lang='grc' dir='ltr'>τὸν</span> <span class='ocrx_word' id='word_1_547' title='bbox 276 2232 380 2261; x_wconf 82' lang='grc' dir='ltr'>Σαούλ·</span> <span class='ocrx_word' id='word_1_548' title='bbox 395 2233 440 2262; x_wconf 78' lang='grc' dir='ltr'>καὶ</span> <span class='ocrx_word' id='word_1_549' title='bbox 452 2234 553 2263; x_wconf 77' lang='grc' dir='ltr'>ἀνεῖλεν</span> <span class='ocrx_word' id='word_1_550' title='bbox 577 2233 653 2263; x_wconf 85' lang='grc' dir='ltr'>αὐτὸν</span> <span class='ocrx_word' id='word_1_551' title='bbox 679 2236 694 2262; x_wconf 84' lang='grc' dir='ltr'>ὁ</span> <span class='ocrx_word' id='word_1_552' title='bbox 719 2234 819 2264; x_wconf 61' lang='lat' dir='ltr'>Anote-</span> <span class='ocrx_word' id='word_1_553' title='bbox 845 2236 890 2265; x_wconf 80' lang='grc' dir='ltr'>καὶ</span> 
     </span>
     <span class='ocr_line' id='line_1_66' title="bbox 123 2277 889 2321; baseline 0.005 -14"><span class='ocrx_word' id='word_1_554' title='bbox 123 2278 250 2318; x_wconf 72' lang='grc' dir='ltr'>ἕθρήνησε</span> <span class='ocrx_word' id='word_1_555' title='bbox 266 2277 311 2307; x_wconf 82' lang='grc' dir='ltr'>τὸν</span> <span class='ocrx_word' id='word_1_556' title='bbox 323 2278 411 2308; x_wconf 74' lang='grc' dir='ltr'>Σαοὺλ</span> <span class='ocrx_word' id='word_1_557' title='bbox 428 2279 473 2308; x_wconf 75' lang='grc' dir='ltr'>καὶ</span> <span class='ocrx_word' id='word_1_558' title='bbox 494 2279 538 2308; x_wconf 86' lang='grc' dir='ltr'>τὸν</span> <span class='ocrx_word' id='word_1_559' title='bbox 552 2280 688 2315; x_wconf 85' lang='grc' dir='ltr'>Ἰωνάθαν,</span> <span class='ocrx_word' id='word_1_560' title='bbox 702 2281 747 2310; x_wconf 83' lang='grc' dir='ltr'>καὶ</span> <span class='ocrx_word' id='word_1_561' title='bbox 770 2281 889 2321; x_wconf 86' lang='grc' dir='ltr'>χρίουσιν</span> 
     </span>
     <span class='ocr_line' id='line_1_67' title="bbox 123 2323 889 2367; baseline 0.005 -14"><span class='ocrx_word' id='word_1_562' title='bbox 123 2324 202 2354; x_wconf 82' lang='grc' dir='ltr'>αὐτὸν</span> <span class='ocrx_word' id='word_1_563' title='bbox 215 2325 253 2357; x_wconf 83' lang='grc' dir='ltr'>εἷς</span> <span class='ocrx_word' id='word_1_564' title='bbox 274 2323 392 2363; x_wconf 80' lang='grc' dir='ltr'>βασιλέα.</span> <span class='ocrx_word' id='word_1_565' title='bbox 407 2324 460 2354; x_wconf 77' lang='grc' dir='ltr'>Καὶ</span> <span class='ocrx_word' id='word_1_566' title='bbox 475 2325 632 2355; x_wconf 81' lang='grc' dir='ltr'>ἀποστέλλει</span> <span class='ocrx_word' id='word_1_567' title='bbox 645 2327 710 2367; x_wconf 85' lang='grc' dir='ltr'>πρὸς</span> <span class='ocrx_word' id='word_1_568' title='bbox 732 2326 792 2361; x_wconf 79' lang='grc' dir='ltr'>τοὺς</span> <span class='ocrx_word' id='word_1_569' title='bbox 804 2326 889 2362; x_wconf 69' lang='grc' dir='ltr'>Ἰαὸὲς</span> 
     </span>
     <span class='ocr_line' id='line_1_68' title="bbox 124 2369 888 2413; baseline 0.004 -13"><span class='ocrx_word' id='word_1_570' title='bbox 124 2369 245 2406; x_wconf 81' lang='grc' dir='ltr'>Γαλαὰδ,</span> <span class='ocrx_word' id='word_1_571' title='bbox 259 2371 372 2399; x_wconf 76' lang='grc' dir='ltr'>ἐπαινῶν</span> <span class='ocrx_word' id='word_1_572' title='bbox 386 2369 478 2404; x_wconf 80' lang='grc' dir='ltr'>αὐτοὺς</span> <span class='ocrx_word' id='word_1_573' title='bbox 491 2370 532 2399; x_wconf 81' lang='grc' dir='ltr'>ὅτι</span> <span class='ocrx_word' id='word_1_574' title='bbox 545 2371 642 2411; x_wconf 82' lang='grc' dir='ltr'>ἔθαψαν</span> <span class='ocrx_word' id='word_1_575' title='bbox 655 2372 699 2402; x_wconf 86' lang='grc' dir='ltr'>τὸν</span> <span class='ocrx_word' id='word_1_576' title='bbox 712 2372 809 2402; x_wconf 87' lang='grc' dir='ltr'>Σαούλ.</span> <span class='ocrx_word' id='word_1_577' title='bbox 818 2374 888 2413; x_wconf 83' lang='grc' dir='ltr'>[Καὶ</span> 
     </span>
     <span class='ocr_line' id='line_1_69' title="bbox 124 2415 888 2455; baseline 0.008 -11"><span class='ocrx_word' id='word_1_578' title='bbox 124 2415 247 2455; x_wconf 77' lang='grc' dir='ltr'>Ἁὸεννὴρ</span> <span class='ocrx_word' id='word_1_579' title='bbox 267 2416 301 2454; x_wconf 82' lang='grc' dir='ltr'>ὁ]</span> <span class='ocrx_word' id='word_1_580' title='bbox 323 2415 469 2455; x_wconf 77' lang='grc' dir='ltr'>στρατηγὸς</span> <span class='ocrx_word' id='word_1_581' title='bbox 492 2418 538 2446; x_wconf 74' lang='grc' dir='ltr'>τοῦ</span> <span class='ocrx_word' id='word_1_582' title='bbox 554 2417 642 2447; x_wconf 82' lang='grc' dir='ltr'>Σαοὺλ</span> <span class='ocrx_word' id='word_1_583' title='bbox 666 2418 820 2449; x_wconf 76' lang='grc' dir='ltr'>ἔὸασίλευσε</span> <span class='ocrx_word' id='word_1_584' title='bbox 843 2422 888 2450; x_wconf 77' lang='grc' dir='ltr'>τοῦ</span> 
     </span>
     <span class='ocr_line' id='line_1_70' title="bbox 124 2461 887 2504; baseline 0.008 -13"><span class='ocrx_word' id='word_1_585' title='bbox 124 2462 233 2502; x_wconf 77' lang='grc' dir='ltr'>Ἰσραὴλ</span> <span class='ocrx_word' id='word_1_586' title='bbox 243 2462 299 2492; x_wconf 77' lang='grc' dir='ltr'>υἱὸν</span> <span class='ocrx_word' id='word_1_587' title='bbox 312 2462 401 2492; x_wconf 81' lang='grc' dir='ltr'>Σαοὺλ</span> <span class='ocrx_word' id='word_1_588' title='bbox 413 2461 427 2479; x_wconf 79' lang='lat'>¹’</span> <span class='ocrx_word' id='word_1_589' title='bbox 435 2462 479 2492; x_wconf 83' lang='grc' dir='ltr'>τὸν</span> <span class='ocrx_word' id='word_1_590' title='bbox 492 2463 674 2504; x_wconf 77' lang='grc' dir='ltr'>Μεμφιὸοσθέ.</span> <span class='ocrx_word' id='word_1_591' title='bbox 686 2465 742 2495; x_wconf 78' lang='grc' dir='ltr'>Τοῦ</span> <span class='ocrx_word' id='word_1_592' title='bbox 759 2465 786 2496; x_wconf 84' lang='grc' dir='ltr'>δὲ</span> <span class='ocrx_word' id='word_1_593' title='bbox 800 2465 887 2497; x_wconf 84' lang='grc' dir='ltr'>Ἰούδα</span> 
     </span>
    </p>
   </div>
   <div class='ocr_carea' id='block_1_15' title="bbox 158 2551 423 2582">
    <p class='ocr_par' dir='ltr' id='par_1_15' title="bbox 158 2551 423 2582">
     <span class='ocr_line' id='line_1_71' title="bbox 158 2551 423 2582; baseline 0 -3"><span class='ocrx_word' id='word_1_594' title='bbox 158 2559 168 2571; x_wconf 82' lang='lat'>⁸</span> <span class='ocrx_word' id='word_1_595' title='bbox 186 2551 258 2582; x_wconf 71' lang='grc' dir='ltr'>Ῐάὅης.</span> <span class='ocrx_word' id='word_1_596' title='bbox 273 2552 341 2578; x_wconf 81' lang='lat' dir='ltr'>Infra</span> <span class='ocrx_word' id='word_1_597' title='bbox 355 2552 423 2582; x_wconf 73' lang='grc' dir='ltr'>ἰαθίς.</span> 
     </span>
    </p>
   </div>
   <div class='ocr_carea' id='block_1_16' title="bbox 933 1625 1682 2036">
    <p class='ocr_par' dir='ltr' id='par_1_16' title="bbox 933 1625 1682 2036">
     <span class='ocr_line' id='line_1_72' title="bbox 934 1625 1681 1666; baseline -0.001 -10"><span class='ocrx_word' id='word_1_598' title='bbox 934 1633 1106 1662; x_wconf 85' lang='lat' dir='ltr'>metarentur,</span> <span class='ocrx_word' id='word_1_599' title='bbox 1127 1626 1243 1665; x_wconf 85' lang='lat' dir='ltr'>segniter</span> <span class='ocrx_word' id='word_1_600' title='bbox 1266 1633 1373 1665; x_wconf 87' lang='lat' dir='ltr'>agentes</span> <span class='ocrx_word' id='word_1_601' title='bbox 1396 1625 1526 1655; x_wconf 85' lang='lat' dir='ltr'>invadens</span> <span class='ocrx_word' id='word_1_602' title='bbox 1549 1627 1681 1666; x_wconf 88' lang='lat' dir='ltr'>percussit</span> 
     </span>
     <span class='ocr_line' id='line_1_73' title="bbox 933 1671 1680 1712; baseline -0.001 -11"><span class='ocrx_word' id='word_1_603' title='bbox 933 1673 1008 1709; x_wconf 89' lang='lat' dir='ltr'>illos,</span> <span class='ocrx_word' id='word_1_604' title='bbox 1021 1679 1047 1701; x_wconf 92' lang='lat' dir='ltr'>et</span> <span class='ocrx_word' id='word_1_605' title='bbox 1060 1671 1147 1712; x_wconf 85' lang='lat' dir='ltr'>spolia</span> <span class='ocrx_word' id='word_1_606' title='bbox 1167 1671 1281 1711; x_wconf 86' lang='lat' dir='ltr'>accepit,</span> <span class='ocrx_word' id='word_1_607' title='bbox 1296 1677 1322 1700; x_wconf 88' lang='lat' dir='ltr'>et</span> <span class='ocrx_word' id='word_1_608' title='bbox 1334 1671 1431 1709; x_wconf 78' lang='lat' dir='ltr'>aequnli</span> <span class='ocrx_word' id='word_1_609' title='bbox 1453 1678 1524 1700; x_wconf 84' lang='lat' dir='ltr'>sorte</span> <span class='ocrx_word' id='word_1_610' title='bbox 1538 1671 1633 1701; x_wconf 83' lang='lat' dir='ltr'>divisit</span> <span class='ocrx_word' id='word_1_611' title='bbox 1647 1672 1680 1700; x_wconf 86' lang='lat' dir='ltr'>it-</span> 
     </span>
     <span class='ocr_line' id='line_1_74' title="bbox 934 1717 1680 1758; baseline -0.003 -9"><span class='ocrx_word' id='word_1_612' title='bbox 934 1720 969 1749; x_wconf 89' lang='lat' dir='ltr'>lis</span> <span class='ocrx_word' id='word_1_613' title='bbox 986 1719 1034 1758; x_wconf 90' lang='lat' dir='ltr'>qui</span> <span class='ocrx_word' id='word_1_614' title='bbox 1055 1724 1251 1758; x_wconf 83' lang='lat' dir='ltr'>pugnaverant,</span> <span class='ocrx_word' id='word_1_615' title='bbox 1266 1724 1293 1746; x_wconf 89' lang='lat' dir='ltr'>et</span> <span class='ocrx_word' id='word_1_616' title='bbox 1313 1717 1368 1745; x_wconf 85' lang='lat' dir='ltr'>illis</span> <span class='ocrx_word' id='word_1_617' title='bbox 1382 1717 1429 1755; x_wconf 87' lang='lat' dir='ltr'>qui</span> <span class='ocrx_word' id='word_1_618' title='bbox 1442 1717 1469 1746; x_wconf 88' lang='lat' dir='ltr'>in</span> <span class='ocrx_word' id='word_1_619' title='bbox 1487 1717 1559 1746; x_wconf 84' lang='lat' dir='ltr'>vasis</span> <span class='ocrx_word' id='word_1_620' title='bbox 1578 1728 1680 1747; x_wconf 85' lang='lat' dir='ltr'>manse-</span> 
     </span>
     <span class='ocr_line' id='line_1_75' title="bbox 936 1762 1680 1802; baseline -0.004 -7"><span class='ocrx_word' id='word_1_621' title='bbox 936 1772 1003 1795; x_wconf 89' lang='lat' dir='ltr'>rant.</span> <span class='ocrx_word' id='word_1_622' title='bbox 1017 1766 1087 1795; x_wconf 89' lang='lat' dir='ltr'>Cum</span> <span class='ocrx_word' id='word_1_623' title='bbox 1099 1763 1273 1794; x_wconf 89' lang='lat' dir='ltr'>commissum</span> <span class='ocrx_word' id='word_1_624' title='bbox 1285 1769 1374 1791; x_wconf 89' lang='lat' dir='ltr'>autem</span> <span class='ocrx_word' id='word_1_625' title='bbox 1389 1762 1514 1802; x_wconf 84' lang='lat' dir='ltr'>praelium</span> <span class='ocrx_word' id='word_1_626' title='bbox 1527 1763 1621 1792; x_wconf 80' lang='lat' dir='ltr'>fuisset</span> <span class='ocrx_word' id='word_1_627' title='bbox 1639 1763 1680 1792; x_wconf 89' lang='lat' dir='ltr'>in-</span> 
     </span>
     <span class='ocr_line' id='line_1_76' title="bbox 937 1808 1681 1849; baseline -0.005 -7"><span class='ocrx_word' id='word_1_628' title='bbox 937 1819 977 1841; x_wconf 87' lang='lat' dir='ltr'>ter</span> <span class='ocrx_word' id='word_1_629' title='bbox 990 1811 1116 1841; x_wconf 70' lang='lat' dir='ltr'>Israelem</span> <span class='ocrx_word' id='word_1_630' title='bbox 1125 1817 1151 1839; x_wconf 87' lang='lat' dir='ltr'>et</span> <span class='ocrx_word' id='word_1_631' title='bbox 1164 1809 1336 1849; x_wconf 84' lang='lat' dir='ltr'>alienigenas,</span> <span class='ocrx_word' id='word_1_632' title='bbox 1351 1808 1469 1838; x_wconf 85' lang='lat' dir='ltr'>cecidere</span> <span class='ocrx_word' id='word_1_633' title='bbox 1480 1809 1545 1838; x_wconf 85' lang='lat' dir='ltr'>Saiil</span> <span class='ocrx_word' id='word_1_634' title='bbox 1557 1815 1584 1838; x_wconf 85' lang='lat' dir='ltr'>et</span> <span class='ocrx_word' id='word_1_635' title='bbox 1597 1810 1681 1838; x_wconf 86' lang='lat' dir='ltr'>Jona-</span> 
     </span>
     <span class='ocr_line' id='line_1_77' title="bbox 938 1854 1680 1895; baseline -0.007 -8"><span class='ocrx_word' id='word_1_636' title='bbox 938 1857 1013 1895; x_wconf 81' lang='lat' dir='ltr'>than,</span> <span class='ocrx_word' id='word_1_637' title='bbox 1025 1864 1052 1887; x_wconf 87' lang='lat' dir='ltr'>et</span> <span class='ocrx_word' id='word_1_638' title='bbox 1063 1856 1119 1886; x_wconf 91' lang='lat' dir='ltr'>duo</span> <span class='ocrx_word' id='word_1_639' title='bbox 1139 1855 1185 1885; x_wconf 83' lang='lat' dir='ltr'>alii</span> <span class='ocrx_word' id='word_1_640' title='bbox 1197 1855 1249 1884; x_wconf 86' lang='lat' dir='ltr'>filii</span> <span class='ocrx_word' id='word_1_641' title='bbox 1267 1854 1326 1894; x_wconf 88' lang='lat' dir='ltr'>ejus</span> <span class='ocrx_word' id='word_1_642' title='bbox 1340 1866 1347 1883; x_wconf 71' lang='grc' dir='ltr'>ε</span> <span class='ocrx_word' id='word_1_643' title='bbox 1362 1861 1388 1884; x_wconf 89' lang='lat' dir='ltr'>et</span> <span class='ocrx_word' id='word_1_644' title='bbox 1401 1861 1508 1894; x_wconf 82' lang='lat' dir='ltr'>captum</span> <span class='ocrx_word' id='word_1_645' title='bbox 1521 1855 1611 1894; x_wconf 85' lang='lat' dir='ltr'>ipsum</span> <span class='ocrx_word' id='word_1_646' title='bbox 1628 1855 1680 1883; x_wconf 92' lang='lat' dir='ltr'>ho-</span> 
     </span>
     <span class='ocr_line' id='line_1_78' title="bbox 939 1900 1682 1943; baseline -0.007 -9"><span class='ocrx_word' id='word_1_647' title='bbox 939 1911 991 1934; x_wconf 90' lang='lat' dir='ltr'>stes</span> <span class='ocrx_word' id='word_1_648' title='bbox 1021 1902 1216 1943; x_wconf 79' lang='lat' dir='ltr'>suspenderunt</span> <span class='ocrx_word' id='word_1_649' title='bbox 1243 1901 1271 1930; x_wconf 87' lang='lat' dir='ltr'>in</span> <span class='ocrx_word' id='word_1_650' title='bbox 1295 1911 1374 1930; x_wconf 90' lang='lat' dir='ltr'>muro</span> <span class='ocrx_word' id='word_1_651' title='bbox 1403 1900 1513 1930; x_wconf 89' lang='lat' dir='ltr'>Bitbsan</span> <span class='ocrx_word' id='word_1_652' title='bbox 1524 1923 1532 1937; x_wconf 91' lang='lat'>,</span> <span class='ocrx_word' id='word_1_653' title='bbox 1557 1911 1616 1940; x_wconf 84' lang='lat' dir='ltr'>quae</span> <span class='ocrx_word' id='word_1_654' title='bbox 1642 1908 1682 1930; x_wconf 88' lang='lat' dir='ltr'>est</span> 
     </span>
     <span class='ocr_line' id='line_1_79' title="bbox 939 1945 1682 1990; baseline -0.005 -10"><span class='ocrx_word' id='word_1_655' title='bbox 939 1948 1121 1990; x_wconf 66' lang='lat' dir='ltr'>Scythopolis.</span> <span class='ocrx_word' id='word_1_656' title='bbox 1138 1947 1284 1979; x_wconf 86' lang='lat' dir='ltr'>Venientes</span> <span class='ocrx_word' id='word_1_657' title='bbox 1303 1953 1394 1976; x_wconf 87' lang='lat' dir='ltr'>autem</span> <span class='ocrx_word' id='word_1_658' title='bbox 1410 1945 1464 1975; x_wconf 87' lang='lat' dir='ltr'>viri</span> <span class='ocrx_word' id='word_1_659' title='bbox 1483 1945 1518 1975; x_wconf 90' lang='lat' dir='ltr'>de</span> <span class='ocrx_word' id='word_1_660' title='bbox 1537 1946 1628 1984; x_wconf 83' lang='lat' dir='ltr'>Jahes,</span> <span class='ocrx_word' id='word_1_661' title='bbox 1642 1957 1682 1976; x_wconf 79' lang='lat' dir='ltr'>ac-</span> 
     </span>
     <span class='ocr_line' id='line_1_80' title="bbox 939 1991 1559 2036; baseline -0.008 -11"><span class='ocrx_word' id='word_1_662' title='bbox 939 2003 1067 2036; x_wconf 84' lang='lat' dir='ltr'>ceperunt</span> <span class='ocrx_word' id='word_1_663' title='bbox 1077 2005 1140 2024; x_wconf 87' lang='lat' dir='ltr'>eum</span> <span class='ocrx_word' id='word_1_664' title='bbox 1152 2001 1179 2023; x_wconf 89' lang='lat' dir='ltr'>et</span> <span class='ocrx_word' id='word_1_665' title='bbox 1187 1993 1333 2029; x_wconf 84' lang='lat' dir='ltr'>Jonathan,</span> <span class='ocrx_word' id='word_1_666' title='bbox 1349 1999 1375 2021; x_wconf 84' lang='lat' dir='ltr'>et</span> <span class='ocrx_word' id='word_1_667' title='bbox 1388 1991 1559 2031; x_wconf 80' lang='lat' dir='ltr'>sepelierunt.</span> 
     </span>
    </p>
   </div>
   <div class='ocr_carea' id='block_1_17' title="bbox 1149 2101 1472 2123">
    <p class='ocr_par' dir='ltr' id='par_1_17' title="bbox 1149 2101 1472 2123">
     <span class='ocr_line' id='line_1_81' title="bbox 1149 2101 1472 2123; baseline -0.012 0"><span class='ocrx_word' id='word_1_668' title='bbox 1149 2102 1310 2123; x_wconf 70' lang='lat' dir='ltr'>REGNORUM</span> <span class='ocrx_word' id='word_1_669' title='bbox 1332 2101 1413 2120; x_wconf 72' lang='lat' dir='ltr'>Ltmzn</span> <span class='ocrx_word' id='word_1_670' title='bbox 1438 2102 1472 2119; x_wconf 76' lang='grc' dir='ltr'>Π.</span> 
     </span>
    </p>
   </div>
   <div class='ocr_carea' id='block_1_18' title="bbox 939 2181 1682 2501">
    <p class='ocr_par' dir='ltr' id='par_1_18' title="bbox 939 2181 1682 2501">
     <span class='ocr_line' id='line_1_82' title="bbox 980 2181 1680 2227; baseline -0.013 -8"><span class='ocrx_word' id='word_1_671' title='bbox 980 2188 1064 2220; x_wconf 87' lang='lat' dir='ltr'>Venit</span> <span class='ocrx_word' id='word_1_672' title='bbox 1076 2186 1209 2227; x_wconf 86' lang='lat' dir='ltr'>quispiam</span> <span class='ocrx_word' id='word_1_673' title='bbox 1223 2183 1383 2213; x_wconf 81' lang='lat' dir='ltr'>annuntians</span> <span class='ocrx_word' id='word_1_674' title='bbox 1397 2182 1496 2212; x_wconf 85' lang='lat' dir='ltr'>Davidi</span> <span class='ocrx_word' id='word_1_675' title='bbox 1505 2205 1514 2218; x_wconf 89' lang='lat'>,</span> <span class='ocrx_word' id='word_1_676' title='bbox 1527 2193 1554 2211; x_wconf 92' lang='lat' dir='ltr'>se</span> <span class='ocrx_word' id='word_1_677' title='bbox 1573 2181 1680 2211; x_wconf 68' lang='lat' dir='ltr'>saulem</span> 
     </span>
     <span class='ocr_line' id='line_1_83' title="bbox 940 2225 1682 2266; baseline -0.012 -2"><span class='ocrx_word' id='word_1_678' title='bbox 940 2233 1068 2265; x_wconf 85' lang='lat' dir='ltr'>occidisse</span> <span class='ocrx_word' id='word_1_679' title='bbox 1081 2245 1088 2263; x_wconf 70' lang='grc' dir='ltr'>ε</span> <span class='ocrx_word' id='word_1_680' title='bbox 1102 2239 1128 2262; x_wconf 87' lang='lat' dir='ltr'>et</span> <span class='ocrx_word' id='word_1_681' title='bbox 1139 2229 1271 2261; x_wconf 76' lang='lat' dir='ltr'>interfecit</span> <span class='ocrx_word' id='word_1_682' title='bbox 1284 2229 1363 2258; x_wconf 90' lang='lat' dir='ltr'>illum</span> <span class='ocrx_word' id='word_1_683' title='bbox 1372 2228 1474 2266; x_wconf 79' lang='lat' dir='ltr'>David;</span> <span class='ocrx_word' id='word_1_684' title='bbox 1485 2227 1608 2266; x_wconf 83' lang='lat' dir='ltr'>luxitque</span> <span class='ocrx_word' id='word_1_685' title='bbox 1616 2225 1682 2255; x_wconf 81' lang='lat' dir='ltr'>Sa‘u·</span> 
     </span>
     <span class='ocr_line' id='line_1_84' title="bbox 939 2273 1681 2313; baseline -0.013 -2"><span class='ocrx_word' id='word_1_686' title='bbox 939 2281 994 2310; x_wconf 88' lang='lat' dir='ltr'>lem</span> <span class='ocrx_word' id='word_1_687' title='bbox 1007 2286 1033 2310; x_wconf 87' lang='lat' dir='ltr'>et</span> <span class='ocrx_word' id='word_1_688' title='bbox 1044 2278 1194 2313; x_wconf 84' lang='lat' dir='ltr'>Jonathan,</span> <span class='ocrx_word' id='word_1_689' title='bbox 1206 2283 1232 2305; x_wconf 86' lang='lat' dir='ltr'>et</span> <span class='ocrx_word' id='word_1_690' title='bbox 1249 2275 1374 2303; x_wconf 89' lang='lat' dir='ltr'>inunctus</span> <span class='ocrx_word' id='word_1_691' title='bbox 1385 2280 1424 2303; x_wconf 87' lang='lat' dir='ltr'>est</span> <span class='ocrx_word' id='word_1_692' title='bbox 1440 2273 1468 2302; x_wconf 91' lang='lat' dir='ltr'>in</span> <span class='ocrx_word' id='word_1_693' title='bbox 1482 2283 1581 2312; x_wconf 77' lang='lat' dir='ltr'>regem.</span> <span class='ocrx_word' id='word_1_694' title='bbox 1597 2273 1681 2302; x_wconf 85' lang='lat' dir='ltr'>Mittit</span> 
     </span>
     <span class='ocr_line' id='line_1_85' title="bbox 940 2317 1680 2355; baseline -0.015 1"><span class='ocrx_word' id='word_1_695' title='bbox 940 2325 976 2355; x_wconf 91' lang='lat' dir='ltr'>ad</span> <span class='ocrx_word' id='word_1_696' title='bbox 988 2325 1151 2355; x_wconf 84' lang='lat' dir='ltr'>habitatores</span> <span class='ocrx_word' id='word_1_697' title='bbox 1171 2322 1252 2353; x_wconf 88' lang='lat' dir='ltr'>Jabes</span> <span class='ocrx_word' id='word_1_698' title='bbox 1269 2319 1387 2355; x_wconf 84' lang='lat' dir='ltr'>Galaad,</span> <span class='ocrx_word' id='word_1_699' title='bbox 1407 2318 1520 2348; x_wconf 84' lang='lat' dir='ltr'>laudars</span> <span class='ocrx_word' id='word_1_700' title='bbox 1533 2318 1594 2346; x_wconf 89' lang='lat' dir='ltr'>illos</span> <span class='ocrx_word' id='word_1_701' title='bbox 1608 2317 1680 2355; x_wconf 87' lang='lat' dir='ltr'>quod</span> 
     </span>
     <span class='ocr_line' id='line_1_86' title="bbox 939 2363 1679 2413; baseline -0.016 -11"><span class='ocrx_word' id='word_1_702' title='bbox 939 2371 1105 2413; x_wconf 86' lang='lat' dir='ltr'>sepeliissent</span> <span class='ocrx_word' id='word_1_703' title='bbox 1113 2367 1272 2401; x_wconf 74' lang='lat' dir='ltr'>SafflemAEt</span> <span class='ocrx_word' id='word_1_704' title='bbox 1286 2366 1410 2395; x_wconf 84' lang='lat' dir='ltr'>Abenner</span> <span class='ocrx_word' id='word_1_705' title='bbox 1423 2364 1481 2393; x_wconf 82' lang='lat' dir='ltr'>dux</span> <span class='ocrx_word' id='word_1_706' title='bbox 1492 2363 1581 2395; x_wconf 85' lang='lat' dir='ltr'>Saiilis</span> <span class='ocrx_word' id='word_1_707' title='bbox 1591 2372 1679 2401; x_wconf 84' lang='lat' dir='ltr'>regem</span> 
     </span>
     <span class='ocr_line' id='line_1_87' title="bbox 941 2408 1678 2452; baseline -0.02 -2"><span class='ocrx_word' id='word_1_708' title='bbox 941 2418 1049 2449; x_wconf 62' lang='lat' dir='ltr'>Israelis</span> <span class='ocrx_word' id='word_1_709' title='bbox 1069 2414 1205 2447; x_wconf 85' lang='lat' dir='ltr'>constituit</span> <span class='ocrx_word' id='word_1_710' title='bbox 1224 2411 1442 2452; x_wconf 89' lang='lat' dir='ltr'>Memphibosthe</span> <span class='ocrx_word' id='word_1_711' title='bbox 1468 2410 1555 2438; x_wconf 83' lang='lat' dir='ltr'>filium</span> <span class='ocrx_word' id='word_1_712' title='bbox 1579 2408 1678 2437; x_wconf 85' lang='lat' dir='ltr'>Saiilis.</span> 
     </span>
     <span class='ocr_line' id='line_1_88' title="bbox 940 2457 1679 2501; baseline -0.019 -4"><span class='ocrx_word' id='word_1_713' title='bbox 940 2464 1032 2497; x_wconf 86' lang='lat' dir='ltr'>David</span> <span class='ocrx_word' id='word_1_714' title='bbox 1042 2474 1107 2495; x_wconf 86' lang='lat' dir='ltr'>vero</span> <span class='ocrx_word' id='word_1_715' title='bbox 1129 2460 1249 2501; x_wconf 81' lang='lat' dir='ltr'>regnavit</span> <span class='ocrx_word' id='word_1_716' title='bbox 1263 2460 1290 2489; x_wconf 91' lang='lat' dir='ltr'>in</span> <span class='ocrx_word' id='word_1_717' title='bbox 1302 2460 1319 2489; x_wconf 93' lang='lat' dir='ltr'>J</span> <span class='ocrx_word' id='word_1_718' title='bbox 1321 2457 1410 2487; x_wconf 83' lang='lat' dir='ltr'>udam.</span> <span class='ocrx_word' id='word_1_719' title='bbox 1432 2457 1470 2486; x_wconf 90' lang='lat' dir='ltr'>Ut</span> <span class='ocrx_word' id='word_1_720' title='bbox 1481 2462 1568 2486; x_wconf 86' lang='lat' dir='ltr'>autem</span> <span class='ocrx_word' id='word_1_721' title='bbox 1584 2465 1679 2484; x_wconf 87' lang='lat' dir='ltr'>occur-</span> 
     </span>
    </p>
   </div>
   <div class='ocr_carea' id='block_1_19' title="bbox 962 2543 1684 2614">
    <p class='ocr_par' dir='ltr' id='par_1_19' title="bbox 962 2543 1684 2614">
     <span class='ocr_line' id='line_1_89' title="bbox 962 2543 1684 2614; baseline -0.021 -31"><span class='ocrx_word' id='word_1_722' title='bbox 962 2557 976 2576; x_wconf 78' lang='lat' dir='ltr'>t·</span> <span class='ocrx_word' id='word_1_723' title='bbox 993 2557 1144 2589; x_wconf 72' lang='grc' dir='ltr'>Μεμφιὸοσθέ,</span> <span class='ocrx_word' id='word_1_724' title='bbox 1157 2550 1260 2579; x_wconf 77' lang='lat' dir='ltr'>inEdit.</span> <span class='ocrx_word' id='word_1_725' title='bbox 1274 2549 1387 2574; x_wconf 74' lang='lat' dir='ltr'>Romana</span> <span class='ocrx_word' id='word_1_726' title='bbox 1398 2543 1604 2614; x_wconf 47' lang='lat' dir='ltr'>i260⁶05‚v31;gata</span> <span class='ocrx_word' id='word_1_727' title='bbox 1611 2545 1684 2571; x_wconf 84' lang='lat' dir='ltr'>Isbo-</span> 
     </span>
    </p>
   </div>
  </div>
 </body>
</html>
