1904 2840
247 208 316 254 730

245 279 393 310 honoribus
401 278 511 308 affectus
517 284 585 315 erat,
595 288 626 308 ac
636 278 756 308 Baltasar
765 277 809 309 dei
817 278 925 308 nomine
937 288 987 319 ap-

243 320 369 360 pellatus,
378 319 426 358 qui
436 329 450 347 a
471 318 509 348 ud
521 320 614 349 Persas
622 318 771 356 colebatur,
779 328 814 348 ne
821 325 930 359 propter
938 318 989 348 im-

245 359 363 399 positum
382 358 424 387 illi
442 329 586 388 li'altasaris
608 368 704 388 nomen
723 367 843 398 repressa
861 358 905 388 vis
919 358 988 398 ignis

245 405 406 434 censeretur,
421 397 543 437 providit
561 397 649 435 Deus,
666 404 695 427 ut
715 408 748 427 ne
768 397 866 428 Daniel
884 397 912 427 in
930 408 988 428 me-

244 438 322 467 dium
340 437 546 478 produceretur,
559 444 589 467 ut
600 437 735 467 sincerum
747 444 815 468 esset
826 438 989 468 miraculum

244 477 359 518 pietatis.
371 479 458 516 Atque
467 477 525 508 haee
535 477 647 517 quidem
659 477 787 507 hactenus
793 489 803 517 ;
815 477 893 507 nobis
899 485 989 508 autem

244 517 390 557 contingat,
405 517 531 556 precibus
542 528 573 547 ac
585 517 742 557 patrociniis
751 527 845 546 eorum
857 517 904 556 qui
917 528 988 547 mar-

244 556 346 596 tyrium
358 563 422 586 sunt
433 557 516 596 passi,
531 564 560 587 ut
572 557 665 586 eodem
677 557 734 587 zelo
749 557 880 594 succensi,
891 556 987 587 iisdem

246 596 374 626 laudibus
392 596 464 626 affici
477 607 638 634 mereamur,
657 596 782 636 idemque
795 607 907 637 regnum
921 607 985 626 con-

246 646 400 675 sequamur,
406 636 491 682 gratia
501 643 527 666 et
534 636 697 676 benignitate
707 636 816 666 Domini
828 636 912 666 nostri
921 637 939 667 J
940 646 986 666 esu

245 675 356 712 Christi,
371 686 415 705 cm
427 676 512 716 gloria
525 683 550 706 et
570 676 714 717 imperium
726 676 754 705 in
766 676 863 706 saecula
875 676 986 706 saeculo-

246 726 315 745 rum.
329 717 424 745 Amen.

963 216 1078 240 sPUMA
1085 230 1093 239 .

1042 277 1115 311 Seiae
1127 278 1158 308 τὸ
1171 279 1269 316 θαῦμα.
1283 277 1336 308 Καὶ
1357 279 1442 307 ταῦτα
1456 276 1503 317 μὲν
1517 278 1555 310 εἷς
1566 278 1703 307 τοσοῦτον·
1725 278 1767 315 εἴη
1788 279 1810 308 δ’

1041 320 1125 368 ἡμᾶς,
1146 319 1237 358 εὐχαῖς
1260 317 1305 347 καὶ
1326 329 1349 347 π
1365 317 1479 351 efficiat<
1500 318 1553 346 τῶν
1575 317 1810 357 μαρτυρησάντων,

1042 369 1086 387 τον
1106 357 1184 387 αὐτὸν
1204 358 1283 393 ζῆλον
1301 359 1351 387 ἀνα
1369 357 1495 392 αὸόντας,
1515 359 1569 386 τῶν
1590 359 1676 386 αὐτῶν
1697 357 1810 387 ἐπαίνων

1043 397 1251 434 ἀξω)θῆναι,καὶ
1274 399 1322 433 τ’ἥς
1343 398 1425 433 αὗτῆς
1445 396 1579 437 βασιλείας
1598 400 1698 437 τυχεῖν,
1719 397 1811 437 χάριτι

1042 437 1087 466 καὶ
1098 437 1280 478 φιλανθρωπίᾳ
1295 439 1341 466 τοῦ
1358 436 1456 477 Κυρίου
1475 437 1552 476 ἡμῶν
1570 436 1660 473 Ἰησοῦ
1679 436 1810 476 Χριστοῦ,

1042 472 1167 553 ,ᾧὴήδόξα
1186 476 1232 506 καὶ
1245 478 1276 507 τὸ
1287 476 1383 518 κράτος
1396 478 1433 511 εἷς
1446 475 1506 510 τοὺς
1521 477 1616 510 αἰῶνας
1629 477 1681 506 τῶν
1698 475 1810 506 αἰώνων.

1046 519 1092 556 Αμ
1112 529 1136 546 ν.
