1904 2840
16 1275 92 1299 eccli.
100 1275 124 1299 3.
133 1274 156 1298 6.

697 184 730 205 ΙΝ

171 247 246 286 ligio.
261 244 408 275 Humilitas

168 286 230 326 tigit
251 294 310 314 eam
331 255 544 324 quaeidascivus
555 283 687 323 puellam,
701 294 751 313 nec
767 284 909 313 abhorruit

168 335 228 355 enm
239 324 316 363 quasi
336 331 424 353 castus
437 324 583 354 lascivam:
597 323 645 353 sed
666 334 729 353 mox
749 330 781 353 ut
792 323 906 353 verbum

167 365 227 405 ejus
249 363 284 393 de
302 364 361 403 lege
374 363 554 403 proximitatis
577 363 699 401 audivit,
723 363 793 393 nihil
807 363 907 392 horum

168 402 290 434 omnium
299 403 416 433 laseiviae
425 402 579 443 imputavit,
591 403 638 432 sed
649 404 774 433 universa
782 402 907 442 religioni

168 442 319 483 adscripsit.
334 444 390 472 Nec
395 442 519 483 despexit
527 442 603 482 quasi
610 442 687 473 dives
695 452 852 483 pauperem,
858 452 907 472 nce

165 483 268 513 veritus
276 490 316 513 est
325 482 535 522 quasi-maturus
552 481 791 512 adolescentulam:
803 481 848 511 sed
860 492 907 522 pa⁴

165 522 248 553 ratior
255 522 314 560 'fide
331 532 412 560 quam
431 532 553 562 corpore,
564 532 642 551 mane
654 521 781 562 processit
793 521 828 551 ad
844 532 906 567 por-

165 569 231 599 tam,
240 568 267 591 et
276 561 436 607 provocavit
448 561 592 600 quemdam
602 572 637 590 ex
647 571 836 600 genere,quem
843 571 906 600 Jure

167 602 346 642 proximitatis
359 602 506 631 aestimabat
518 600 737 641 propinquiorem
752 611 760 628 ε
773 600 902 638 obtinuit,

186 641 368 671 raevaluitnon
385 647 491 670 tantum
499 643 562 681 jure
573 640 762 680 proximitatis,
774 647 904 679 quantum

166 652 218 710 bei
229 680 264 709 eli
283 680 353 710 entis
358 681 461 717 favore,
473 679 574 710 ideirco
584 680 653 709 forte
662 680 808 720 praevalens
816 679 904 709 dictus

167 726 218 749 est.
228 691 304 749 Talis
313 730 378 759 ergo
388 720 459 749 Booz
475 730 511 749 ex
522 720 571 749 tali
580 720 693 760 conjuge
710 719 786 749 Ruth
796 719 904 758 qualem

166 759 256 788 filium
270 759 383 799 genuit?
396 759 497 796 Obeth,
508 759 556 798 qui
569 759 757 799 interpretatur
767 758 902 789 subditus.

166 799 247 828 Nunc
258 806 346 828 autem
361 798 409 838 qui
430 798 540 829 divitias
557 798 671 838 eligunt,
685 805 710 827 et
732 808 786 827 non
804 808 902 836 mores,

167 838 409 878 pulchritudinem,
425 845 452 868 et
469 848 524 867 non
536 837 629 874 fidem,
643 845 669 867 et
682 837 756 877 quod
774 838 803 867 in
815 849 903 868 mere-

166 877 279 907 tricibus
298 878 365 914 solet
384 878 480 917 quaeri,
498 878 550 907 hoe
568 877 596 906 in
620 877 780 916 con‘ugihus
798 884 902 918 optant,

166 924 306 957 propterea
327 927 381 947 non
395 924 520 957 generant
543 917 614 947 filios
634 927 665 946 su
706 917 756 946 itos
770 917 813 947 vel
839 918 903 955 sibi,

165 956 209 987 vel
221 958 293 993 Deo,
307 956 355 986 sed
366 963 534 986 contumaces
557 963 584 986 et
604 963 694 985 contra
716 967 744 986 se
753 979 761 993 ‚
775 963 800 986 et
813 963 906 986 contra

165 996 264 1031 Deum,
277 1003 308 1026 nt
316 996 369 1025 filii
381 1007 476 1026 eorum
486 1006 540 1025 non
552 997 605 1025 sint
622 997 726 1025 fructus
745 996 824 1041 justae
838 1007 906 1026 eon-

162 1035 311 1075 junetionis
319 1046 424 1072 eorum,
438 1035 486 1069 sed
502 1045 579 1075 poena
601 1035 732 1074 condigna
746 1035 904 1075 irreligiosi-

165 1074 227 1104 tatis
240 1074 372 1115 ipsorum.
386 1077 439 1105 Iste
451 1081 541 1104 autem
554 1075 654 1111 Obeth,
669 1074 717 1113 qui
730 1074 855 1104 subditus
867 1075 906 1104 di·

166 1114 285 1148 eebatur‚
296 1114 363 1153 quid
381 1114 497 1159 genuit?
516 1115 602 1150 Jesse,
615 1113 644 1142 id
665 1120 705 1142 est
724 1114 903 1154 refrigerium.

164 1153 240 1189 Jpsse
248 1154 321 1183 enim
328 1155 424 1183 Latino
432 1163 552 1182 sermone
562 1153 731 1193 refrigerium
741 1154 904 1194 appellatur.

165 1193 236 1222 Nam
257 1203 321 1223 vere
333 1194 498 1232 quicumque
509 1192 634 1222 subditus
644 1199 683 1222 est
694 1194 762 1230 Deo,
776 1200 803 1222 et
815 1204 907 1234 paren-

166 1231 241 1261 tibus
264 1232 332 1268 suis,
346 1233 413 1262 tales
430 1232 502 1261 filios
521 1239 639 1271 generat,
654 1233 712 1262 Deo
725 1239 876 1272 praestante,
890 1244 905 1262 a

167 1271 267 1310 quibus
287 1272 459 1312 refrigeretur
471 1282 483 1302 ,τ
497 1271 625 1310 qnoniam
643 1271 692 1310 qui
715 1272 828 1301 honorat
854 1283 905 1312 pa-

166 1316 245 1348 trem,
263 1311 439 1341 honorabitur
451 1322 466 1340 a
476 1311 542 1341 ffliis
554 1311 611 1340 suis
625 1323 632 1339 ι
644 1311 692 1349 qui
703 1318 792 1341 autem
804 1318 906 1342 contu-

166 1360 254 1379 maces
273 1351 421 1387 exsistunt,
442 1350 531 1380 autin
542 1352 630 1380 Deum
640 1371 650 1386 ‚
668 1357 720 1380 >aut
732 1351 758 1379 in
772 1358 904 1391 parentes,

164 1396 319 1458 generantes
337 1400 390 1419 non
410 1390 546 1430 refrigeria
564 1390 615 1419 sibi
637 1397 773 1430 generant,
788 1391 835 1420 sed
857 1391 906 1420 do-

757 182 948 206 MAT'rnAEUM
955 197 962 205 .
990 181 1109 204 HOMIL.
1140 184 1164 206 Ι.

1633 173 1698 216 747

438 244 527 274 uidem
538 250 565 274 et
576 245 692 282 castitas,
704 244 768 283 quia
778 254 831 273 non
842 254 907 274 con·
926 247 947 270 Δ
963 243 1141 282 quutiouibus
1154 243 1210 272 suis
1230 243 1354 282 injustis?
1375 243 1408 272 Iu
1429 242 1488 282 ipso
1500 242 1580 272 etiam
1594 251 1701 283 peceato

963 293 1012 312 suo
1026 282 1155 322 pessimo,
1169 283 1271 313 Christi
1284 290 1310 312 ct
1324 282 1450 312 Ecclesiae
1468 284 1624 322 mysterium
1637 284 1697 314 suit.

963 322 1040 352 Sicut
1052 322 1125 351 enim
1143 323 1232 353 David
1250 332 1313 351 cum
1334 329 1401 352 esset
1420 321 1448 351 in
1468 323 1567 352 solario
1588 333 1637 352 suo
1652 334 1700 353 ex-

957 362 1032 392 ‘celso
1046 362 1133 397 laetus,
1147 361 1217 392 vidit
1229 362 1374 402 speciosam
1389 361 1530 398 Bersabee,
1545 373 1606 392 cum
1616 363 1699 394 ‚lava-

961 408 1046 438 retur,
1068 408 1094 430 et
1110 402 1264 441 concupivit
1276 412 1346 438 eam,
1361 408 1386 431 et
1398 401 1505 436 habuit,
1529 412 1592 431 eum
1609 402 1699 432 adhuc

959 448 1028 471 esset
1048 441 1075 471 in
1091 444 1102 457 ⁸
1124 442 1249 482 conjugio
1271 441 1324 472 viri
1346 441 1456 470 alterius
1477 441 1558 473 Ethei
1579 453 1586 470 t
1613 442 1652 471 sic
1673 450 1699 472 et

958 480 1082 511 Christus
1095 491 1158 510 cum
1172 488 1240 510 esset
1259 481 1287 509 in
1306 481 1371 510 eaelo
1389 491 1438 510 suo
1453 480 1595 517 altissimo,
1610 481 1698 511 adhuc

959 520 1036 550 laetus
1056 521 1084 550 in
1098 531 1147 549 sua
1163 520 1316 557 divinitate,
1335 520 1405 550 vidit
1418 520 1566 549 Ecclesiam
1578 522 1696 560 gentium

958 560 1106 599 speciosam
1131 559 1278 589 secundum
1299 570 1345 589 cor
1354 581 1362 597 ‚
1384 559 1426 588 dis
1447 559 1569 589 licentem
1592 560 1645 589 sibi
1670 561 1696 590 in

958 599 1086 629 sordibus
1100 609 1222 628 errorum
1240 609 1370 635 suorum,
1389 606 1415 628 et
1466 599 1507 628 nis
1524 600 1651 639 operibus
1670 611 1698 629 se

958 638 1117 674 diluentem,
1132 649 1194 668 cum
1204 638 1293 667 adhuc
1305 638 1407 667 diaboli
1425 645 1491 669 essct
1504 639 1634 678 conjunx,
1654 640 1683 669 vi

958 677 999 708 dit
1011 689 1080 714 eam,
1094 685 1120 708 et
1132 678 1303 718 concupivit,
1318 685 1344 707 et
1357 678 1451 707 habuit
1464 679 1551 717 prius.
1565 680 1628 708 Post
1641 678 1698 708 haee

958 725 1048 748 autem
1060 717 1224 748 descendens
1238 719 1266 748 in
1279 717 1423 755 mundum,
1435 717 1505 746 sicut
1517 717 1607 748 David
1622 725 1695 758 post-

957 768 1000 795 ea,
1015 758 1151 787 interfecto
1162 757 1240 793 Uria,
1252 767 1364 786 uxorem
1375 757 1432 797 ejus
1445 757 1499 786 sibi
1511 756 1538 786 iu
1556 757 1634 796 conju
1654 768 1697 786 em

957 798 1071 827 sumsit:
1082 798 1122 827 sic
1133 804 1159 827 et
1169 797 1292 827 Christus
1302 796 1437 826 destructo
1447 795 1565 832 diaholo,
1576 807 1606 826 su
1650 797 1697 826 'tas

922 841 941 865 Β
957 837 984 866 ei
1003 844 1094 876 gentes
1114 837 1196 866 traxit
1208 837 1236 866 in
1257 836 1414 876 conjugium
1432 846 1523 865 suum.
1541 838 1610 866 Nam
1629 836 1697 866 sicut

957 876 1049 907 David
1059 876 1180 916 primum
1193 876 1324 906 Bersabee
1338 876 1434 905 habuit
1452 886 1514 905 cum
1528 875 1617 905 adhuc
1629 883 1698 906 esset

957 916 1009 945 sub
1020 916 1133 956 proprio
1149 916 1220 951 viro,
1242 923 1333 960 postea
1347 926 1405 945 eam
1425 915 1571 954 legitimam
1584 926 1697 946 uxorem
1707 922 1796 950 ιὼς.
1811 928 1844 944 ιι.

957 965 1018 984 acce
1038 955 1078 985 it:
1094 955 1132 985 sic
1145 962 1171 985 et
1183 955 1307 986 Christus
1326 962 1352 984 et
1363 961 1428 984 tunc
1439 955 1504 984 fecit
1519 955 1655 992 Ecclesiae,
1671 962 1697 985 et

958 1005 986 1023 m
1023 1006 1039 1023 ο
1059 995 1122 1024 facit
1141 995 1215 1024 omni
1233 995 1328 1023 animae
1349 1001 1435 1023 rectae.
1453 994 1513 1024 Nisi
1532 995 1604 1024 enim
1623 996 1697 1025 Deus

958 1033 1035 1073 prius
1046 1034 1170 1063 babuerit
1181 1041 1228 1063 aut
1235 1033 1373 1070 Judaeum,
1389 1041 1434 1063 aut
1445 1034 1582 1073 gentilem,
1596 1035 1696 1075 impos-

958 1073 1039 1102 sibile
1053 1081 1105 1109 est,
1128 1080 1159 1102 ut
1178 1073 1296 1103 adducat
1317 1084 1380 1102 eum
1399 1073 1435 1102 ad
1449 1074 1529 1103 fidem
1549 1084 1643 1110 suam,
1667 1081 1696 1104 ut

959 1119 1025 1157 puta
1038 1113 1193 1143 Cornelium
1206 1113 1322 1142 adduxit
1333 1112 1369 1142 ad
1381 1112 1462 1142 fidem
1480 1124 1557 1142 suam
1577 1125 1625 1153 per
1642 1114 1696 1143 mi—
1707 1122 1761 1145 Λα.
1782 1129 1814 1146 ιω,

959 1152 1098 1182 nisterium
1114 1153 1186 1182 Petri
1199 1165 1206 1182 z
1221 1152 1268 1182 sed
1279 1159 1355 1181 antea
1373 1152 1469 1182 habuit
1487 1153 1603 1182 animam
1621 1155 1696 1193 ejus,

958 1202 1071 1231 operans
1089 1192 1117 1220 in
1139 1203 1169 1221 ea
1187 1193 1318 1222 orationes
1334 1192 1456 1222 assiduas
1474 1199 1499 1221 et
1517 1192 1698 1233 eleemosynas

959 1231 1068 1267 multas,
1082 1232 1152 1260 sieut
1167 1233 1250 1261 Actus
1266 1231 1457 1271 Apostolorum
1470 1238 1610 1261 testantur.
1626 1234 1696 1262 Cen-

958 1270 1092 1300 turionem
1102 1271 1210 1301 vocavit
1226 1270 1261 1300 ad
1274 1271 1356 1300 fidem
1374 1281 1462 1308 suam,
1479 1271 1531 1317 sed·
1542 1272 1617 1311 prius
1635 1283 1697 1302 cum
1709 1284 1793 1306 Mam,
1807 1285 1830 1307 8.

959 1309 1049 1339 adhuc
1069 1317 1136 1340 esset
1155 1310 1206 1339 sub
1227 1310 1348 1348 diabolo,
1372 1310 1467 1340 habuit
1489 1321 1606 1340 annnam
1625 1313 1696 1352 ejus,

959 1357 1073 1389 operans
1084 1350 1111 1379 in
1123 1361 1154 1380 ea
1166 1350 1337 1379 dilectionem
1349 1350 1434 1389 gentis
1446 1351 1509 1388 Dei,
1524 1358 1550 1380 et
1563 1351 1698 1381 aedificans

960 1399 1108 1429 synagogas
1123 1401 1131 1419 :
1146 1390 1184 1419 sie
1202 1389 1276 1428 quod
1295 1389 1436 1419 diabolum
1454 1391 1540 1419 faeere
1560 1391 1694 1421 videmus.

177 1439 246 1465 ores,
256 1436 286 1459 ut
299 1440 315 1458 a
327 1429 392 1458 filiis
402 1440 458 1459 suis
467 1436 596 1469 reciplant
607 1429 679 1468 quod
690 1430 807 1459 fecerunt
819 1432 846 1459 in
860 1441 907 1470 pa·
925 1435 946 1461 c
959 1429 1130 1468 Impossibile
1153 1436 1208 1465 est,
1236 1436 1266 1458 ut
1288 1430 1405 1468 aliquem
1426 1430 1640 1459 Christianorum
1663 1430 1698 1460 ad

166 1469 298 1498 rentibus.
303 1469 400 1498 Adhuc
410 1469 512 1499 aestimo
521 1476 631 1508 propter
640 1469 729 1499 Obeth
738 1491 747 1505 ‚
758 1470 805 1508 qui
817 1470 907 1499 subdi·

165 1514 209 1538 tus
217 1515 258 1538 est
265 1510 427 1544 nominatus,
432 1515 459 1538 et
467 1515 576 1548 propter
584 1509 668 1544 Jeese,
680 1509 728 1546 qui
738 1509 907 1548 refrigerium

166 1554 206 1577 est
226 1547 326 1583 dictus,
345 1558 379 1576 ne
390 1548 459 1576 forte
478 1547 506 1576 in
528 1547 624 1576 diebus
637 1547 727 1577 Obeth
747 1547 799 1576 filii
825 1549 908 1578 Israel

168 1593 278 1626 propter
299 1586 397 1615 delicta
419 1596 468 1615 sua
493 1586 585 1615 traditi
609 1593 684 1616 erant
706 1587 759 1615 sub
781 1593 908 1625 potestate

169 1626 254 1664 gentis
266 1625 416 1666 cujusdam,
427 1625 497 1655 sicut
510 1625 537 1653 in
551 1625 622 1654 libro
644 1625 774 1655 Judioum
785 1626 909 1664 frequen-

168 1672 208 1694 ter
220 1664 336 1704 legimus
348 1665 457 1694 factum.
473 1666 509 1694 Et
521 1664 648 1702 quoniam
661 1664 763 1694 subditi
777 1665 838 1694 facti
851 1665 908 1694 sue-

168 1711 229 1733 rant
241 1703 347 1733 cuidam
366 1704 451 1744 genti,
466 1704 652 1733 convenienter
671 1704 699 1733 in
719 1711 839 1743 tempore
859 1705 907 1734 illo

167 1750 246 1773 natus
259 1743 349 1774 Obeth
363 1743 488 1773 subditus
501 1749 540 1772 est
550 1743 711 1782 appellatus.
721 1744 795 1773 Jesse
805 1750 904 1781 autem,

166 1783 237 1812 sieut
257 1793 291 1812 ex
315 1790 391 1823 parte
403 1782 529 1822 colligere
548 1782 584 1812 de
597 1783 730 1823 scriptura
751 1784 906 1822 Regnorum

167 1822 315 1862 potuimus,
324 1829 390 1862 quot
398 1832 530 1852 annorum
536 1822 625 1852 David
635 1822 851 1862 appropinquare
857 1833 907 1852 cee-

166 1862 208 1902 pit
224 1862 311 1898 Sauli,
321 1862 378 1902 jam
392 1868 431 1891 tot
442 1861 517 1891 annis
524 1868 659 1900 regnante,
679 1872 745 1902 pene
758 1861 906 1892 secundum

166 1908 273 1941 tempus
289 1901 391 1931 exstitit
404 1901 524 1938 Samuel,
533 1901 584 1930 sub
597 1901 750 1947 quojudiee
763 1901 906 1942 etprophe-

166 1947 194 1970 ta
213 1941 346 1981 placentes
366 1951 414 1986 per
437 1941 528 1970 omnia
546 1942 602 1969 Deo
625 1941 676 1970 filii
696 1941 779 1971 Israfil
797 1948 823 1970 et
843 1951 905 1975 corf

187 1981 295 2010 oraliter
315 1980 462 2019 refrigerati
483 1987 544 2009 sunt
554 2003 561 2017 ,
581 1987 606 2009 et
631 1981 666 2010 ab
690 1980 790 2020 Alloph
811 1981 845 2010 lis
864 1981 906 2010 li—

960 1468 1103 1507 perfidiam
1128 1469 1232 1505 trahat,
1258 1469 1310 1497 nisi
1343 1469 1418 1513 prius
1441 1479 1504 1498 cum
1531 1469 1621 1498 adhuc
1646 1471 1698 1499 sub

960 1508 1068 1537 Christo
1081 1515 1159 1544 esset,
1174 1507 1298 1536 babuerit
1311 1517 1427 1536 animam
1440 1509 1515 1547 ejus,
1535 1515 1561 1537 et
1574 1516 1698 1548 operatus

959 1546 1041 1575 fuerit
1053 1546 1080 1575 iu
1094 1557 1124 1576 ea
1137 1548 1279 1586 proprium
1291 1557 1370 1586 opus,
1385 1554 1410 1575 et
1422 1547 1576 1586 probaverit
1587 1558 1697 1577 consen-

960 1595 1021 1614 sum
1034 1585 1129 1625 ipsius.
1146 1586 1215 1615 Ecce
1228 1585 1339 1621 Judam,
1356 1587 1513 1625 priusquam
1532 1586 1698 1626 disjungeret

960 1634 1023 1654 eum
1036 1635 1051 1653 a
1068 1624 1185 1661 Christo,
1200 1631 1226 1653 et
1239 1624 1291 1654 sibi
1312 1625 1494 1664 conjungeret,
1510 1625 1586 1664 prius
1603 1626 1698 1656 habuit

959 1673 1038 1699 eum,
1060 1674 1173 1703 operans
1190 1664 1217 1693 in
1236 1674 1268 1693 eo
1278 1664 1451 1703 cupiditatem
1463 1665 1653 1704 pecuniarum,
1673 1674 1698 1696 et

958 1703 1038 1732 furta.
1053 1704 1197 1741 Postquam
1206 1713 1272 1733 vero
1288 1702 1434 1733 delectatus
1453 1710 1493 1733 est
1515 1704 1543 1732 in
1561 1706 1698 1735 conscien-

958 1742 995 1771 tia
1015 1753 1063 1771 sua
1095 1743 1148 1771 sibi
1177 1742 1362 1779 convenienti,
1391 1750 1456 1772 tunc
1481 1744 1613 1783 compulit
1636 1755 1698 1774 eum

959 1781 1063 1811 tradere
1082 1781 1221 1812 Christum
1233 1804 1242 1819 ,
1264 1789 1292 1811 et
1309 1783 1422 1812 transire
1439 1782 1475 1811 ad
1490 1794 1547 1812 sua.
1570 1785 1699 1814 Bersabee

957 1828 1049 1851 autem
1068 1821 1256 1861 interpretatur
1277 1821 1334 1850 filia
1357 1822 1484 1862 potentie,
1510 1822 1583 1861 quod
1604 1833 1699 1853 nomen

957 1860 1106 1891 secundum
1118 1861 1275 1901 mysterium
1288 1861 1414 1891 Ecclesiae
1427 1861 1507 1891 habet
1520 1862 1643 1892 idoneam
1658 1875 1700 1893 ra-

958 1901 1067 1930 tionem.
1083 1900 1203 1930 Ecclesia
1222 1901 1294 1930 enim
1315 1908 1398 1940 nupta
1419 1907 1508 1930 nostro
1528 1902 1628 1938 David,
1645 1903 1700 1932 filia

958 1941 1026 1970 facta
1038 1947 1078 1970 est
1088 1940 1139 1969 Dei
1150 1940 1350 1980 omnipotentis,
1363 1951 1422 1979 quae
1440 1940 1517 1980 prius
1529 1941 1586 1970 filia
1599 1941 1701 1972 diaboli

958 1979 1101 2010 videbatur
1111 1979 1203 2008 fuisse.
1219 1979 1315 2009 Adhuc
1333 1980 1522 2020 interpretatur
1533 1981 1673 2018 Bersabee,
1687 1993 1702 2011 e

201 2020 270 2057 rati,
285 2026 311 2049 et
330 2019 508 2065 spiritualiter
521 2019 588 2049 bene
600 2026 716 2058 agentes,
732 2027 758 2049 et
773 2020 782 2049 i
803 2031 834 2050 eo
848 2021 906 2050 for-
924 2027 945 2052 n
960 2019 1036 2049 litera
1045 2018 1181 2059 duplicata
1192 2018 1220 2048 in
1230 2019 1294 2055 fine,
1305 2026 1402 2059 puteus
1412 2019 1552 2059 septimus,
1560 2020 1634 2059 quod
1645 2032 1704 2050 cor-

107 2065 193 2088 xvnte
205 2060 280 2089 Joese
294 2059 462 2099 refrigerium
475 2066 515 2088 est
533 2059 693 2099 appellatus.
713 2060 797 2089 Jesse
809 2066 907 2090 autem
1461 2059 1467 2065 ⁴

72 2105 160 2128 David.
169 2100 268 2138 genuit
280 2099 380 2128 David
393 2109 498 2139 regem.
519 2099 591 2136 Quia
604 2100 677 2128 Deus
694 2098 722 2128 in
741 2100 908 2138 generatione

167 2144 304 2205 Biston-um
315 2144 355 2167 est
363 2160 372 2172 ,
385 2145 412 2167 et
424 2139 558 2177 generatio
577 2145 708 2168 rectorum
722 2138 905 2168 benedicetur.

197 2186 212 2205 e
224 2176 315 2207 David
334 2182 424 2205 autem
442 2177 575 2216 numquid
593 2184 696 2206 tantum
709 2178 799 2207 dicere
812 2188 907 2218 possu-

171 2225 243 2250 mus,
254 2221 384 2253 quantum
394 2216 526 2255 scriptura
537 2217 710 2255 Regnorum?
723 2217 828 2246 Idcirco
842 2227 909 2262 prae-

143 2253 146 2256 ’
170 2255 344 2285 termittentes
358 2254 463 2290 omnia,
478 2254 530 2283 hoc
547 2255 664 2284 dicimus
682 2256 769 2285 solum
779 2279 787 2292 ‚
801 2267 865 2294 quia
884 2263 910 2285 et

172 2294 238 2323 Jesu
251 2293 353 2322 Christi
373 2293 461 2332 imago
478 2293 531 2323 fuit
543 2294 644 2324 David.
660 2295 750 2325 David
769 2302 858 2324 autem
871 2295 912 2324 in-

173 2338 333 2372 terpretatur
346 2332 480 2362 sufficiens
497 2342 590 2367 manu,
605 2333 649 2363 vel
660 2333 789 2370 dilectus,
805 2334 875 2364 sicut
888 2341 915 2364 et

173 2372 298 2401 Christus
311 2371 374 2407 suit,
387 2378 412 2400 et
427 2371 454 2400 in
465 2371 537 2400 bello
550 2372 637 2409 fortis,
652 2379 678 2402 et
690 2380 794 2412 potens,
808 2379 834 2402 et
843 2373 914 2414 patri

174 2409 300 2448 dilectus,
320 2411 382 2440 etin
395 2411 498 2440 actibus
510 2410 580 2446 suis,
601 2411 666 2440 etin
680 2412 874 2450 misericordia,
889 2419 916 2442 et

176 2448 204 2478 in
218 2449 422 2479 mansuetudine
435 2461 482 2479 sua
500 2450 668 2490 prophetatio
681 2451 734 2481 suit
749 2451 862 2482 Christi.
881 2453 916 2482 Et

177 2487 244 2527 quid
257 2488 345 2519 dicam
360 2491 387 2518 in
401 2489 506 2519 actibus
527 2490 583 2518 suis
600 2490 698 2529 justis,
718 2498 764 2521 aut
783 2491 810 2521 in
825 2502 915 2533 perse-

213 2590 224 2603 ·
242 2583 273 2609 V.
286 2564 318 2610 Β.
333 2584 449 2617 conjugio
457 2584 569 2615 'alicujus
582 2584 665 2610 Ethei.

959 2057 1088 2099 poraliter
1108 2065 1134 2087 et
1157 2058 1333 2098 spiritualiter
1355 2059 1437 2088 habet
1459 2060 1704 2099 interpretationem

960 2097 1170 2128 convenientem.
1178 2099 1315 2135 Quoniam
1325 2098 1394 2128 sicut
1406 2098 1453 2128 dat
1465 2099 1544 2128 nobis
1557 2098 1641 2129 intelli
1662 2110 1705 2128 erc

960 2138 1092 2177 scriptura
1116 2137 1348 2177 Paralipomenon,
1367 2148 1465 2168 uxores
1489 2144 1590 2179 septem
1610 2110 1706 2167 habuit

961 2176 1062 2212 David,
1076 2187 1110 2206 ex
1124 2177 1224 2216 quibus
1246 2177 1317 2206 filios
1336 2177 1473 2217 generavit
1489 2189 1495 2206 :
1516 2188 1564 2207 sex
1584 2177 1703 2216 quidem,
1716 2196 1737 2212 2,
1750 2188 1840 2215 mgj,

961 2227 1028 2255 quas
1037 2216 1138 2256 accepit
1146 2216 1174 2245 in
1189 2217 1294 2254 Ebron,
1307 2217 1445 2256 septimam
1460 2224 1547 2246 autem
1558 2217 1585 2245 in
1599 2218 1703 2247 Jcroso-
1720 2228 1739 2242 ι.
1753 2221 1811 2242 Par·
1832 2219 1855 2241 3.

962 2255 1043 2295 lymis
1053 2255 1191 2285 Bersabee.
1204 2256 1280 2286 Putei
1290 2263 1378 2285 autem
1389 2256 1416 2284 in
1426 2256 1579 2285 Proverbiis
1587 2255 1706 2285 Salomo-

963 2295 1016 2332 nis,
1028 2295 1151 2334 quamvis
1161 2302 1187 2324 et
1202 2296 1318 2325 alterum
1329 2295 1482 2324 interiorem
1496 2295 1611 2323 habeant
1629 2294 1708 2323 intel-

963 2334 1072 2370 lectum,
1079 2341 1168 2364 tamen
1177 2335 1204 2364 in
1216 2335 1303 2375 prima
1314 2334 1381 2364 facie
1395 2344 1490 2362 uxores
1500 2333 1684 2371 significantur
1701 2346 1707 2361 :

965 2374 1015 2414 ubi
1035 2373 1112 2403 docet
1132 2384 1194 2403 cum
1218 2374 1350 2403 uxoribus
1374 2372 1491 2412 propriis
1504 2372 1595 2401 virum
1614 2371 1710 2401 debere

966 2423 1130 2454 permanere,
1145 2413 1236 2442 dicens
1253 2424 1259 2440 τ
1275 2414 1347 2441 Bibe
1365 2421 1472 2449 aquam
1491 2411 1527 2439 de
1548 2412 1605 2439 tuis
1617 2413 1710 2446 vasis,
1724 2412 1850 2437 Proust&

968 2459 995 2482 et
1008 2453 1046 2482 de
1057 2459 1210 2492 puteorum
1229 2458 1343 2481 tuorum
1353 2451 1504 2491 fontibus.
1519 2449 1548 2478 Si
1561 2460 1625 2488 ergo
1640 2451 1713 2489 putei

969 2503 1066 2523 uxores
1082 2492 1279 2531 intelliguntur,
1292 2488 1478 2519 convenienter
1490 2489 1617 2518 Bersabee
1632 2491 1716 2529 septi-
