1890 2826
106 1926 202 1949 Gen.18.
213 1934 243 1950 to·

239 217 311 262 646

961 223 1077 248 spuma
1086 236 1094 245 .

822 374 1230 487 MONITUM

640 575 711 612 AD
747 573 1050 611 SERMONEM
1089 571 1437 620 SEQUENTEM.

281 707 338 736 Hoc
351 702 558 744 otiosihominis
571 701 735 742 opusculum
749 707 779 731 ut
794 700 919 741 spurium
936 699 1022 730 edidit
1035 698 1166 736 savinus,
1179 698 1247 728 inter
1261 697 1314 728 alia
1326 697 1412 727 multa
1425 707 1485 738 quae
1499 696 1686 738 Chrysostomi
1700 696 1808 726 nomine

241 751 323 783 variis
337 749 504 791 temporibus
516 748 612 779 emissa
625 754 698 778 sunt.
711 748 769 778 Nos
787 746 882 778 Latine
895 746 1080 787 interpretati,
1095 744 1246 786 argumenti
1259 744 1362 774 ratione
1377 743 1470 773 habita
1478 765 1487 781 ,
1501 753 1550 773 suo
1563 742 1657 774 ordine
1670 744 1807 784 ponimus.

441 962 479 990 ln
493 958 652 988 Abraham
665 962 694 986 et
707 958 806 986 Isaac.

283 1057 392 1086 Justum
410 1051 595 1082 Abrahamum
613 1051 688 1079 Deus
706 1046 856 1078 transferte
869 1046 989 1086 cognatis

243 1095 311 1131 suis,
331 1101 357 1124 et
376 1092 411 1122 ab
434 1091 560 1121 omnibus
578 1090 626 1129 qui
647 1088 682 1118 ad
698 1087 789 1128 ipsum
809 1085 987 1126 pertinebant,

243 1142 352 1173 eratque
373 1133 400 1162 in
422 1131 508 1161 aliena
528 1137 600 1160 terra
619 1129 648 1158 in
668 1126 796 1157 aerumnis
816 1136 989 1169 perseverans

244 1185 317 1214 spem
333 1171 516 1213 promissionis
527 1175 693 1210 exspectans.
710 1166 806 1197 Multae
818 1165 989 1206 probationes

245 1212 405 1254 patriarchae
430 1210 622 1246 admoventur,
649 1207 725 1247 queis
749 1207 809 1246 ejus
840 1204 989 1234 secundum

246 1255 333 1282 Deum
353 1251 465 1280 firmitas
481 1248 675 1279 ostenderetur.
691 1246 812 1276 Multum
824 1251 988 1274 transactum

245 1299 285 1322 est
299 1299 405 1332 tempus
420 1303 427 1319 :
438 1290 566 1330 juventus
576 1287 653 1327 quasi
666 1285 832 1316 flosdemum
843 1293 988 1313 marcesce-

245 1332 306 1361 bat:
317 1337 437 1360 senectus
451 1329 478 1358 in
500 1330 589 1358 'anua.
605 1328 719 1362 Natura,
731 1331 762 1354 ut
774 1324 827 1363 ipsi
845 1323 986 1363 proprium

246 1378 297 1408 est,
312 1369 463 1400 declinabat
477 1340 512 1397 ad
521 1367 626 1397 senium
638 1375 762 1404 vergens.
773 1363 818 1393 Ob
829 1369 990 1392 senectutem

247 1411 275 1439 in
288 1411 336 1439 illo
347 1417 378 1438 ut
397 1409 425 1438 in
441 1418 526 1438 uxore
545 1406 675 1436 exstincta
694 1410 751 1433 erat
765 1402 808 1433 vis
830 1408 857 1431 et
875 1401 988 1430 facultas

247 1449 406 1489 procreandi
421 1448 539 1477 liberos:
555 1445 695 1474 amborum
708 1452 806 1481 corpus
825 1447 927 1470 naturae
944 1451 987 1469 ce·
1005 1446 1021 1469 Β

247 1489 338 1526 debat,
355 1489 496 1528 juventute
519 1486 547 1514 in
565 1484 621 1513 illis
643 1484 696 1511 ‘am
713 1488 773 1511 ante
791 1486 940 1510 consumta.
954 1482 990 1509 At

248 1539 308 1568 spes
326 1528 354 1557 in
369 1529 456 1557 Deum
472 1525 499 1554 in
513 1524 569 1553 illis
582 1523 643 1562 vige
678 1528 700 1558 t,
715 1531 763 1550 nec
776 1519 856 1549 modo
874 1529 927 1548 non
946 1529 990 1548 se-

248 1568 381 1603 nescebat,
395 1565 443 1595 sed
453 1565 532 1594 etiam
545 1562 646 1592 invicta
658 1568 723 1590 erat.
735 1559 816 1589 Unde
829 1559 907 1588 etiam
919 1569 990 1598 prae-

250 1614 290 1636 ter
301 1617 377 1646 spem
391 1607 512 1635 Isaacum
526 1601 628 1642 genuit,
650 1600 698 1639 qui
710 1600 737 1628 in
757 1598 883 1628 omnibus
895 1604 991 1638 typum

250 1647 358 1686 gerebat
383 1643 505 1674 Domini.
526 1643 587 1672 Non
609 1647 709 1670 naturae
729 1649 799 1679 opus
827 1644 894 1673 erat,
918 1636 992 1676 quod

249 1686 333 1716 vulva
353 1689 473 1714 emortua
492 1681 653 1721 conciperet,
669 1686 695 1708 et
707 1688 828 1708 mammae
847 1676 930 1705 aridae
951 1677 993 1706 lac

1212 954 1262 987 Εἰς
1273 953 1318 983 τὸν
1328 952 1450 993 Ἀὸραὰμ
1463 953 1510 983 καὶ
1524 953 1627 984 Ἰσαάκ.
1648 940 1650 943 -

1079 1044 1226 1097 'Am-tuitet'
1245 1044 1348 1094 6-8εὸς
1369 1044 1414 1074 τὸν
1438 1044 1539 1075 δίκαιον
1557 1044 1680 1086 Ἆὸραὰμ.
1703 1048 1734 1076 ἐκ
1757 1047 1811 1076 τῶν

1041 1083 1751 1164 Μεᾙρκῖςὲσέπὲῑεεξᾞεῖξέῑ
1764 1087 1811 1156 ³⁷21

1041 1176 1108 1213 ⁶22⁰<
1120 1176 1182 1205 περι
1205 1163 1268 1193 ένων
1283 1163 1390 1193 ἐλπίδα.
1405 1163 1525 1197 Mam<
1545 1164 1709 1205 προσάγεται
1721 1139 1811 1202 wok-,¹

1040 1216 1080 1244 τῳ
1092 1215 1175 1254 πατρι
1194 1215 1263 1244 ρχῃ,
1273 1204 1307 1233 δι’
1322 1199 1354 1239 ἧς
1367 1205 1384 1239 ἡ
1399 1202 1539 1243 βεόαιότης
1550 1206 1569 1239 ἡ
1583 1204 1650 1245 πρὸς
1662 1205 1733 1235 Θεὸν
1742 1205 1812 1235 ἐδεί-

1039 1246 1102 1283 χθη.
1118 1245 1219 1284 Χρονος
1233 1243 1308 1279 διέὸη
1321 1242 1417 1276 πολύς’
1428 1245 1446 1279 ἡ
1464 1242 1556 1279 νεότης
1568 1245 1604 1277 ὣς
1625 1244 1701 1278 ἄνθος
1719 1245 1812 1275 λοιπὸν

1040 1283 1212 1323 ἐμαραίνετο·
1225 1283 1257 1312 τὸ
1268 1285 1352 1323 γ’ἤρας
1373 1282 1418 1312 ἐπὶ
1439 1282 1537 1323 θύραις.
1549 1283 1584 1313 Ἥ
1599 1283 1676 1324 φύσις
1696 1285 1728 1314 τὸ
1748 1285 1815 1315 ἴδιον

1038 1323 1180 1362 πάσχουσα
1189 1322 1300 1362 ἐνήρατο
1307 1343 1316 1356 ,
1323 1322 1389 1362 πρὸς
1397 1324 1482 1362 γῆρας
1492 1324 1678 1362 καμπτομένη.
1688 1324 1815 1354 Ἀπεσόέ·

1040 1364 1089 1398 σθη
1110 1365 1123 1379 ⁸
1131 1362 1162 1391 τὸ
1172 1364 1258 1402 γῆρας
1281 1361 1338 1400 ἅμα
1349 1363 1383 1400 τῇ
1398 1362 1520 1402 ὁμοζύγῳ
1530 1365 1547 1398 ἡ
1560 1363 1625 1403 πρὸς
1642 1364 1811 1395 παιδοποιίαν

1040 1401 1117 1441 ἰσχύς
1129 1413 1158 1430 τε
1181 1401 1228 1431 καὶ
1241 1400 1366 1439 δύναμις·
1381 1400 1413 1429 τὸ
1434 1403 1514 1440 σῶμα
1535 1401 1589 1431 τῶν
1602 1403 1719 1443 θατίρων
1741 1403 1811 1432 ὑπέ-

1040 1453 1124 1470 κυπτε
1134 1443 1168 1476 τῆ
1189 1440 1279 1480 φύσει,
1291 1443 1340 1476 τῆς
1353 1440 1476 1476 νεότητος
1488 1442 1575 1474 αὖτοῖς
1597 1444 1812 1482 προσυπαναλω-

1042 1480 1139 1517 θεία-ης.
1154 1473 1226 1510 Ἀλλ’
1240 1482 1257 1516 ἡ
1269 1480 1335 1520 πρὸς
1347 1479 1416 1510 Θεὸν
1427 1480 1502 1513 ἐλπὶς
1512 1482 1540 1510 ἐν
1556 1481 1645 1516 αὐτοῖς
1655 1481 1813 1521 ἀκμάζουσα

1042 1521 1072 1549 οὐ
1087 1519 1164 1559 μόνον
1184 1519 1290 1559 ἀγήρως
1303 1515 1347 1556 ἦν,
1362 1519 1431 1549 ἀλλὰ
1453 1520 1498 1549 καὶ
1519 1519 1658 1557 ἀήττητος.
1672 1521 1754 1552 Ὀθεν
1767 1522 1813 1551 καὶ

1042 1561 1105 1600 παρ’
1121 1559 1215 1589 ἐλπίδα
1239 1559 1312 1589 ἔτεκε
1336 1559 1381 1588 τὸν
1391 1559 1499 1594 Ἰσαὰκ,
1511 1559 1540 1592 ὃς
1558 1559 1640 1590 τύπον
1661 1562 1689 1590 ἐν
1714 1562 1813 1591 ἅπασιν

1043 1600 1119 1639 ἔφερε
1136 1602 1182 1629 τοῦ
1197 1598 1342 1628 Δεσπότου.
1356 1600 1397 1628 Οὔ
1411 1598 1513 1639 φύσεως
1526 1594 1558 1635 ἦν
1582 1600 1657 1640 ἔργον
1663 1601 1812 1637 ,συλλαὸεῖν

1045 1639 1148 1688 μῄτραν
1160 1638 1265 1678 νεκρὰν,
1277 1638 1323 1667 καὶ
1338 1638 1454 1677 μαστοὺς
1473 1637 1564 1679 ξηροὺς
1576 1640 1646 1678 γάλα
1662 1644 1814 1681 παρασχεῖν

1044 1691 1083 1718 τῳ
1107 1678 1190 1708 Ισαάκ
1199 1690 1205 1696 ·
1219 1680 1249 1707 οὗ
1272 1677 1375 1718 φύσεως
1386 1673 1418 1713 ἦν
1432 1678 1508 1718 ἔργον
1530 1678 1592 1708 ἄνευ
1609 1679 1701 1720 ἀνδρὸς
1714 1681 1816 1709 συλλα·

250 1725 398 1769 praeberent
410 1724 500 1767 Isaaco
516 1733 523 1749 ε
540 1730 591 1749 uon
606 1725 705 1764 naturae
719 1728 787 1762 opus
797 1723 853 1747 erat
863 1716 920 1745 sine
931 1716 992 1761 yiro
999 1731 1035 1751 5⁵³
1046 1718 1102 1747 δεῖν
1119 1718 1168 1754 τὴν
1181 1717 1309 1757 παρθένον
1327 1717 1446 1757 Μαρίαν,
1461 1717 1507 1747 καὶ
1527 1718 1587 1748 ἄνευ
1610 1721 1707 1760 φθορᾶς
1730 1723 1817 1749 τεκεῖν

251 1774 390 1803 concipere
406 1771 539 1800 virginem
558 1761 683 1794 Mariam,
697 1764 723 1786 et
743 1767 800 1786 sme
821 1762 993 1794 corrupttone
1009 1761 1028 1782 Α
1046 1758 1089 1787 τὸν
1104 1759 1220 1797 Σωτῆρα
1232 1759 1285 1786 τῶν
1299 1758 1375 1786 ὅλων.
1389 1757 1448 1793 Τὴν
1463 1757 1570 1831 Σᾶξραν
1590 1759 1698 1794 ἐποίησε
1713 1758 1817 1800 μητέρα

252 1814 344 1843 parere
364 1803 531 1832 Servatorem
550 1798 746 1827 universorum.
765 1797 859 1825 Saram
881 1802 993 1823 matrem

252 1843 314 1871 fecit
327 1842 355 1870 in
369 1846 511 1874 senectute,
521 1845 546 1867 et
560 1837 674 1867 Mariam
686 1835 800 1864 ostendit
814 1841 874 1873 post
887 1841 994 1873 partum

253 1881 406 1920 Virginem.
425 1878 542 1917 Angelus
559 1877 587 1905 in
601 1874 772 1905 tabernaculo
784 1873 855 1903 dixit
875 1873 992 1913 patriar-

255 1921 311 1950 chae
328 1932 334 1948 :
351 1922 414 1949 Hoc
430 1924 555 1956 tempore
567 1917 621 1944 erit
641 1914 720 1943 Sarae
729 1914 810 1953 filius
816 1925 828 1948 ,·
841 1912 952 1951 angelus
966 1912 993 1941 in

254 1959 411 1990 Bethlehem
424 1957 518 1987 Mariae
530 1955 601 1984 dixit
618 1967 624 1983 :
642 1954 711 1982 Ecce
728 1952 814 1992 pariet
826 1952 913 1981 filium
927 1962 995 1991 gra—

255 1999 292 2028 tia
302 1999 391 2037 plena.
407 1996 478 2026 Risit
493 1996 557 2024 Sara
569 1993 734 2023 sterilitatem
747 1992 901 2032 respiciens,
909 2001 995 2020 emor—

256 2045 329 2066 tuam
347 2037 458 2065 vulvam
471 2043 589 2069 cernens,
603 2032 685 2062 verbo
700 2042 753 2060 non
769 2030 879 2061 credens
895 2042 902 2058 :
917 2032 994 2067 Quo-

256 2076 347 2111 modo,
362 2074 460 2113 inquit,
476 2073 527 2102 hoc
540 2072 600 2108 erit,
613 2082 655 2100 me
673 2078 698 2100 et
718 2070 871 2100 Abrahamo
889 2069 995 2099 inutili-

255 2116 307 2145 bus
321 2114 420 2143 effectis
437 2112 472 2142 ad
492 2112 596 2151 prolem
609 2110 796 2139 emittendam?
812 2108 959 2138 Dubitahat
971 2115 997 2138 et

256 2154 343 2184 Maria
356 2152 537 2192 virginitatem
550 2150 703 2190 respiciens,
718 2150 795 2190 cujus
810 2148 946 2188 signacula
957 2148 998 2177 in-

239 2218 245 2223 .
256 2195 337 2224 fracta
351 2192 473 2222 servabat
489 2203 495 2219 :
514 2190 664 2228 Quomodo
677 2199 748 2217 enim
763 2188 836 2217 mihi
854 2189 909 2217 hoc
931 2189 996 2223 erit,

256 2244 322 2275 quoe
333 2234 429 2262 virum
439 2241 499 2260 non
510 2240 544 2259 co
566 2230 652 2258 novi?
667 2228 812 2258 Promissio
823 2227 924 2267 quippe
936 2237 1000 2256 con-

256 2281 297 2302 tra
308 2279 430 2302 naturam
439 2277 493 2307 est3
508 2280 535 2298 se
569 2268 615 2307 qui
629 2274 724 2307 praeter
737 2277 811 2306 spem
831 2267 904 2296 sarae
923 2265 998 2295 dedit

256 2314 387 2346 Isaacum,
399 2310 457 2350 ipse
469 2320 503 2338 ex
518 2308 631 2347 Virgine
644 2306 792 2336 secundum
804 2316 909 2334 carnem
919 2312 998 2334 natus

256 2359 305 2381 est.
329 2350 396 2380 Laeti
414 2356 489 2378 erant
513 2349 577 2377 Sara
597 2353 624 2375 et
648 2345 793 2381 Abraham,
813 2351 874 2373 nato
895 2346 996 2380 Isaaco,

255 2388 481 2430 quemadmodum
492 2387 597 2416 dixerat
607 2387 680 2415 Deus
693 2397 699 2413 r
716 2384 769 2413 laeti
781 2390 855 2412 erant
869 2384 955 2413 Maria
973 2391 998 2413 et

254 2430 367 2470 Joseph,
391 2434 452 2457 nato
474 2428 551 2462 Jesu,
568 2423 793 2465 quemadmodum
814 2422 919 2452 dixerat
941 2424 997 2452 Ga-

255 2475 336 2504 briel.
356 2471 478 2512 Largiter
498 2470 641 2500 manabant
661 2468 737 2497 lactis
757 2468 843 2496 fontes
857 2477 890 2496 ex
906 2466 997 2497 vetula

287 2587 296 2598 a
313 2578 361 2602 Hie
378 2574 517 2608 suspicatur
530 2571 662 2606 legendum
674 2570 779 2596 Savilius
792 2576 823 2602 τῷ
836 2575 903 2604 γήρᾳ.
918 2568 924 2602 [
935 2568 1012 2594 Paulo

253 2624 311 2644 ante
324 2625 369 2649 pro
380 2620 474 2650 ἐνήρατο
481 2613 576 2638 Boisius
586 2609 706 2644 proponit
718 2608 909 2645 &Eewzupofirffivcl
930 2612 1012 2638 ἐξενευ-

1046 1798 1073 1826 ἐν
1084 1799 1122 1847 τιῖι
1132 1797 1210 1836 γήρει
1221 1819 1229 1833 ,
1242 1796 1287 1826 καὶ
1299 1796 1407 1837 Μαρίαν
1417 1796 1502 1826 ἀνέδει
1518 1809 1530 1826 ε
1544 1798 1612 1836 μετὰ
1625 1798 1701 1828 τόκον
1715 1810 1755 1827 πα
1771 1798 1817 1828 θέ-

1045 1848 1097 1866 νον.
1117 1839 1141 1866 Α
1176 1838 1233 1869 ελος
1245 1837 1272 1865 ἓν
1283 1838 1316 1875 τῇ
1331 1838 1416 1875 σκηνῇ
1432 1831 1489 1866 εἶπε
1502 1839 1540 1877 τῷ
1558 1838 1674 1878 πατριάρ
1694 1850 1728 1873 η,
1766 1838 1818 1868 ατὰ

1046 1875 1091 1904 τὸν
1105 1888 1149 1907 και
1183 1879 1299 1905 ντοῗντον
1313 1875 1430 1914 ἔσταιτῇ
1455 1877 1548 1916 Σάῤῥᾳ
1569 1877 1638 1911 υἱός·
1675 1870 1768 1916 γ’γελος
1789 1879 1817 1908 ἐν

1047 1915 1170 1955 Βηθλεὲμ
1183 1916 1234 1955 ἔφη
1250 1915 1315 1954 πρὸς
1337 1915 1386 1951 τὴν
1408 1915 1526 1955 Μαρίαν,
1541 1916 1610 1945 Ἰδοὺ
1632 1916 1700 1951 τέξει
1718 1917 1773 1946 υἱὸν
1798 1920 1816 1954 ἡ

1047 1966 1084 1984 κε·
1098 1955 1258 1994 αριτωμένη.
1278 1954 1422 1993 Ἐγέλασεν
1442 1956 1460 1989 ἡ
1484 1955 1578 1995 Σάῤῥα
1601 1956 1650 1992 τὴν
1676 1955 1817 1996 στείρωσιν

1049 1996 1065 2034 β
1097 2006 1183 2023 πουσα
1191 2016 1200 2030 ,
1211 1995 1259 2031 τὴν
1272 1994 1398 2034 νέκρωσιν
1410 1995 1499 2033 ὁρῶσα
1508 2017 1516 2030 ,
1530 1996 1594 2034 τῷλ
1659 1996 1816 2025 ἀπιστοῦσα·

1047 2035 1120 2069 πῶς,
1142 2034 1231 2074 φησὶν,
1256 2033 1331 2062 ἔσται
1349 2035 1444 2068 τοῦτο,
1468 2034 1533 2072 ἐμοῦ
1556 2034 1602 2063 καὶ
1627 2037 1673 2064 τοῦ
1697 2034 1817 2074 Ἀδραὰμ

1048 2073 1227 2112 ἀνενεργήτων
1252 2073 1333 2102 ὄντων
1360 2072 1425 2111 πρὸς
1450 2073 1498 2108 τὴν
1519 2073 1711 2113 καρπογονίαν;
1733 2076 1817 2105 ’fluo'-

1050 2124 1089 2152 ρει
1103 2113 1147 2142 καὶ
1171 2112 1263 2152 Μαρία
1287 2111 1428 2151 παρθενίαν
1452 2115 1561 2152 ὁρῶσα,
1584 2113 1630 2142 καὶ
1649 2113 1748 2149 ταύτης
1770 2115 1818 2148 τὰς

1049 2152 1192 2192 σφραγῖδας
1210 2151 1321 2184 ἀλύτους
1341 2150 1507 2201 κατέχουσα·
1522 2153 1586 2186 Πῶς
1607 2153 1658 2193 γάρ
1678 2165 1724 2191 μοι
1743 2154 1817 2184 ἔσται

1049 2194 1141 2227 τοῦτο,
1157 2191 1204 2220 ἄνδ
1222 2203 1238 2220 α
1251 2191 1288 2230 μὴ
1299 2202 1478 2231 γινωσκουοῃς
1495 2191 1567 2227 Ξένη
1585 2192 1636 2231 γὰρ
1647 2195 1695 2226 τῆς
1715 2193 1818 2232 φύσεώς

1050 2232 1122 2260 ἐστιν
1133 2233 1151 2266 ἡ
1162 2233 1177 2259 ὖ
1215 2239 1305 2270 οχεσις
1315 2242 1322 2248 ·
1332 2231 1390 2260 ἀλλ’
1401 2232 1416 2260 ὁ
1430 2231 1488 2264 δοὺς
1501 2234 1565 2271 παρ’
1571 2232 1671 2262 ἐλπίδα
1683 2234 1716 2263 vn*
1724 2233 1817 2274 Σάῤῥα

1050 2270 1095 2299 τὸν
1120 2269 1230 2307 Ἰσαὰκ,
1253 2270 1331 2303 αὐτὸς
1353 2271 1384 2299 ἐκ
1406 2272 1454 2305 τ’ῆς
1473 2270 1604 2311 παρθένου
1628 2273 1658 2301 ἐτ
1690 2264 1723 2307 0⁵⁷1
1749 2262 1818 2302 xoettli

1051 2309 1146 2349 σάρκα.
1157 2311 1363 2350 Ἐμπεριχαρεῑς
1375 2305 1442 2345 ἦσαν
1460 2312 1478 2345 ἡ
1491 2311 1583 2350 Σάῤῥα
1601 2311 1647 2340 καὶ
1658 2313 1672 2340 ὁ
1689 2311 1818 2351 Αὸραὰμ,

1051 2348 1187 2388 τεχθέντος
1202 2351 1248 2378 τοῦ
1264 2349 1370 2384 Ἰσαὰκ,
1385 2349 1471 2382 καθὼς
1489 2344 1561 2379 εἶπεν
1574 2352 1588 2379 6
1606 2351 1674 2384 Θεός
1685 2363 1692 2369 ·
1704 2352 1815 2391 ἐμπερι-

1015 2398 1032 2421 Β
1051 2393 1142 2428 χαρεῖς
1158 2385 1226 2424 ἦσαν
1241 2388 1332 2430 Μαρία
1352 2388 1406 2425 καὶΔ
1417 2388 1531 2428 Ἰωσὴφ,
1555 2389 1690 2429 τεγθέντος
1702 2393 1747 2419 τοῦ
1762 2390 1816 2426 Ἰη-

1052 2430 1116 2478 colii,
1132 2427 1218 2461 καθὼς
1239 2431 1296 2457 εἰπε
1319 2428 1452 2468 Γαὸριήλ.
1473 2423 1603 2467 Δαψιλῶξ
1619 2428 1742 2469 ἐπέῤῥεον
1765 2430 1818 2459 ἀπὸ

1051 2469 1181 2506 γαλακτος
1197 2467 1283 2506 πηγαὶ
1308 2468 1339 2496 ἐκ
1357 2469 1406 2502 τῆς
1429 2468 1492 2507 παρ’
1518 2467 1623 2503 ἡλικίαν
1651 2469 1678 2498 ἐν
1694 2469 1818 2508 Υιι’·ι.·όμοιτι

1060 2573 1137 2604 pigno
1146 2590 1152 2601 ‚
1167 2579 1179 2592 α
1190 2570 1362 2603 <nero-abatur.
1373 2570 1427 2594 Cic.
1445 2570 1501 2595 Cat.
1515 2571 1573 2604 maj.
1588 2572 1627 2604 ⁴0,
1642 2573 1690 2597 32:
1705 2572 1768 2599 Non
1779 2581 1817 2597 mc

1061 2608 1138 2641 plane
1149 2614 1260 2633 senectus
1271 2610 1404 2633 enervavit.
1410 2609 1435 2640 u]
