1904 2840
12 1899 71 1948 :pa
85 1895 130 1955 iili
141 1925 188 1948 aut
208 1927 260 1947 non
278 1916 353 1946 timet
366 1916 472 1945 Deum?
484 1916 513 1946 Si
535 1915 619 1950 timet,
634 1915 714 1944 etiam
727 1915 793 1949 sine,
799 1916 879 1955 jura—

44 1957 106 2008 ,91ῑῖ
142 1965 229 1987 mento
251 1967 304 1987 nou
325 1957 452 1986 mentitur
464 1966 471 1983 :
483 1955 506 1984 si
517 1961 606 1984 autem
626 1965 678 1984 non
696 1955 782 1990 timet,
794 1965 880 2023 neque

16 1995 104 2040 „23:22

651 201 684 223 ΙΝ
711 199 922 222 MATTHAEUM.
952 198 1068 221 nomn„
1095 198 1156 221 ΧΠ.

1599 186 1663 221 801

135 264 287 295 vindicatus
307 261 417 292 recedit.
428 263 616 292 Juramentum
637 260 710 289 enim
725 270 874 298 numquam
891 262 912 285 Δ
930 259 1066 298 quomodo
1079 258 1189 299 potestis
1199 268 1256 287 esse
1268 258 1356 295 liberi,
1369 258 1417 297 qui
1428 259 1592 289 occasionem
1602 260 1673 290 datis

134 304 237 333 bonum
249 302 352 332 exitum
374 301 463 330 habet.
478 300 596 338 Quidam
610 299 683 329 enim
704 299 875 328 aestimabunt

134 350 161 373 te
172 342 290 372 avaritie
302 352 382 371 causa
389 341 506 380 jurasse,
521 339 633 379 quidam
645 345 734 368 autem
745 345 772 367 et
782 338 875 378 perju-

134 392 216 412 rasse.
228 381 283 418 Qui
302 387 392 410 autem
410 380 445 410 de
457 386 484 409 te
494 379 562 409 bene
582 378 718 409 voluerint
731 378 873 417 suspicari,

135 421 184 451 etsi
201 422 332 461 pejerasse
359 427 386 449 te
406 430 460 449 non
485 419 608 455 eredunt,
621 425 708 447 tamen
722 416 750 445 in
763 418 875 446 veritate

133 467 161 490 te
169 460 274 500 jurasse
282 459 417 489 affirmare
427 469 481 488 non
491 465 612 498 possunt.
627 459 713 487 Nemo
725 460 814 486 autem
827 467 876 496 po-

135 506 186 530 test
192 498 332 529 defendere
341 506 367 528 te
375 506 400 528 et
410 499 533 537 religiose
541 498 636 538 egisse.
646 496 762 541 Ideoque
768 495 875 535 jurans,

136 539 252 570 inimicis
269 539 324 568 tuis
338 539 366 567 in
380 538 556 578 opprobrium
573 537 658 572 venis,
671 536 765 565 amicis
786 542 875 579 autem

136 579 190 608 tuis
202 581 229 608 in
242 578 430 618 suspicionem.
439 577 493 608 sed
506 578 573 607 forte
584 577 664 613 dicis,
677 573 752 612 Quid
762 574 875 604 faciam?

135 619 196 648 Non
214 617 282 647 mihi
293 617 389 654 eredit,
401 628 449 646 nee
468 617 529 646 vult
546 616 654 646 credere
671 615 724 644 nisi
734 615 873 654 juravem.

135 658 281 697 Aequiesce
289 657 374 701 magis
383 656 522 701 pecuniam
532 655 654 696 perdere,
662 664 742 693 quam
749 654 872 683 salutem.

136 697 279 727 Pretiosior
295 696 347 726 tibi
364 696 488 726 Videatur
498 697 586 725 anima
598 702 656 731 tua,
667 703 748 732 quam
762 703 804 722 res
816 699 874 722 tua.

137 736 167 767 Si
177 747 232 766 rem
245 736 362 775 aliquam
376 735 538 775 perdideris,
549 735 640 764 vivere
653 739 744 773 potes:
756 732 779 761 si
788 734 877 762 Deum

137 775 298 821 perdideris,
319 775 455 814 quomodo
465 775 541 805 vives
550 774 564 803 Ρ
580 778 620 803 An
634 773 717 803 neseis
729 772 793 811 quia
803 771 877 810 quod

137 815 238 845 invitus
259 815 360 844 amittis
386 821 495 860 propter
516 813 566 843 Dei
586 815 707 843 timorem
718 833 727 847 ,
748 812 875 852 majorem

137 854 285 884 mercedem
300 854 382 883 habes
399 864 448 894 pro
466 853 527 890 sslo,
541 863 621 892 quam
637 852 660 882 si
682 852 876 891 eleemosynam
893 856 912 878 B

137 893 279 924 dedisses?
293 894 364 931 Quia
384 892 457 932 quod
479 903 542 922 cum
565 893 665 932 majore
689 890 878 920 colluctatione

137 933 261 970 facimus,
274 944 323 973 pro
334 932 384 962 illo
391 932 500 972 dignius
511 942 679 961 coronamur.
687 931 769 966 Ecce,
780 930 875 964 amice,

138 973 267 1002 admoneo
280 980 316 1009 te,
330 982 364 1002 ne
377 971 522 1011 aliquando
543 971 680 1000 hominem
690 972 783 1010 jurare
803 980 878 999 com-

137 1012 232 1052 pellas.
240 1012 303 1042 Sive
314 1012 451 1041 existimas
459 1022 522 1040 eum
533 1011 600 1040 bene
611 1009 878 1055 juraturum‚recede

136 1052 171 1083 ab
185 1051 296 1081 eozsive
308 1051 446 1081 existimas
455 1061 517 1080 eum
530 1050 600 1079 male
608 1056 776 1088 juraturum,
793 1049 878 1087 magis

137 1090 230 1121 recede
239 1091 273 1120 ab
283 1102 314 1120 eo
325 1103 331 1119 ε
342 1090 407 1129 quia
416 1090 464 1119 etsi
475 1090 521 1119 ille
528 1090 594 1118 bene
601 1088 743 1129 juraverit,
755 1095 784 1117 tu
795 1098 879 1126 quan-

138 1138 196 1160 tum
211 1130 247 1159 ad
260 1130 448 1160 conscientiam
469 1136 543 1158 tuam
564 1128 678 1168 perjurii
699 1127 774 1156 illius
794 1128 878 1157 sactus

136 1181 165 1200 es
174 1169 330 1208 causa,quia
344 1170 395 1198 hoc
407 1169 542 1208 proposito
552 1179 614 1197 eum
624 1169 716 1208 jurare
726 1167 877 1206 compellis,

137 1220 191 1239 non
203 1216 232 1238 ut
242 1209 325 1248 juret,
338 1209 386 1238 sed
401 1215 428 1237 ut
440 1209 569 1248 perjuret.
583 1207 614 1238 Si
628 1208 716 1236 autbm
731 1206 798 1235 bene
817 1217 880 1236 eum

134 1250 294 1288 juraturum
308 1255 425 1288 putares,
440 1257 488 1277 nec
498 1247 591 1287 jurare
604 1246 783 1286 compelleres.
803 1247 827 1276 Ο
840 1246 880 1276 in-

137 1288 249 1328 sipiens,
263 1289 312 1326 qui
325 1288 440 1317 alterum
450 1288 543 1327 jurare
553 1296 611 1316 eom
647 1286 703 1323 llis,
716 1285 801 1314 nescis
810 1285 879 1324 quid

138 1327 265 1367 agis-Ille
287 1328 336 1357 etsi
359 1326 535 1367 perjuraverit
546 1348 553 1362 ,
575 1336 607 1356 ve
638 1336 700 1355 cum
719 1325 795 1355 lucro
813 1335 878 1364 per·-

135 1368 225 1407 jurat,
241 1373 270 1396 tu
290 1373 379 1396 autem
399 1366 457 1395 sine
483 1365 559 1395 lucro
583 1364 696 1410 perjurii
721 1364 797 1394 illius
820 1375 880 1404 par-

136 1406 222 1452 ticeps
239 1406 382 1436 inveneris.
413 1405 468 1442 Qui
490 1405 596 1434 mentiri
615 1414 667 1433 non
685 1403 810 1439 dubitat,
831 1414 879 1434 nec

136 1456 276 1491 perjurare
296 1445 370 1474 timet
387 1456 394 1473 ε
415 1444 464 1483 qui
482 1444 554 1473 enim
574 1444 718 1480 mentitur,
740 1444 878 1473 veritatem
896 1450 915 1474 C

137 1495 166 1515 ln
178 1484 258 1514 corde
276 1495 326 1514 suo
345 1479 558 1523 transgreditur;
573 1483 619 1522 qui
637 1490 726 1512 autem
739 1482 877 1522 perjurat,

137 1524 166 1554 in
186 1524 276 1554 verbis
293 1523 350 1554 suis
369 1523 463 1553 transit
477 1525 575 1553 Deum.
596 1522 672 1560 Quid
691 1533 754 1562 ergo
772 1523 880 1552 interest

137 1564 206 1594 inter
215 1564 304 1593 Deum
314 1563 438 1598 transire,
450 1570 476 1591 et
491 1562 629 1591 veritatem
642 1561 802 1600 transgredi,
817 1572 880 1592 cum

138 1610 165 1632 et
185 1603 243 1642 ipsa
263 1602 362 1632 veritas
380 1602 416 1631 sit
434 1601 528 1630 Deus?
545 1602 608 1630 Haec
629 1600 684 1629 sola
701 1607 740 1629 est
754 1600 880 1629 differen-

139 1642 193 1678 tia,
212 1642 274 1680 quia
295 1641 434 1670 veritatem
457 1640 612 1669 mentientes
636 1639 663 1667 in
685 1639 765 1668 corde
783 1639 879 1668 transi-

139 1692 215 1717 mus,
236 1680 401 1720 perjurantes
420 1686 510 1709 autem
534 1680 620 1708 Deum
640 1678 666 1707 in
686 1678 776 1708 verbis
797 1691 803 1707 :
819 1689 880 1708 nam

139 1721 222 1751 verbo
251 1719 406 1749 hominibus
427 1718 622 1754 satisfacimus,
643 1718 801 1748 mnscientia
829 1729 879 1747 au-

139 1767 194 1790 tem
212 1761 280 1789 Deo.
300 1760 360 1798 Ipse
379 1759 471 1795 Deus,
484 1758 531 1797 qui
551 1757 689 1797 perjurare
707 1758 808 1793 vetuit,
823 1758 880 1797 ipse

140 1807 166 1830 et
176 1806 265 1839 postea
277 1808 328 1827 non
343 1797 429 1826 'urare
441 1797 588 1827 mandavit.
604 1798 659 1833 Quj
673 1807 736 1836 ergo
749 1797 775 1825 in
785 1798 880 1841 juran-

141 1839 177 1868 do
186 1849 238 1868 non
251 1837 326 1867 timet
379 1837 387 1866 i
398 1843 559 1877 praeceptum
571 1836 714 1875 negligere,
727 1846 773 1865 nec
783 1847 809 1865 tn
821 1847 880 1877 per-

137 1877 255 1919 jurando
269 1877 384 1907 timebit.
401 1876 476 1912 Quid
494 1883 583 1905 autem
595 1875 656 1905 vis?
668 1876 757 1905 Timet
776 1877 877 1911 Deum,

141 2008 204 2033 cum
226 1998 374 2026 'uramenta
386 2001 476 2040 potest
496 1994 585 2024 dicere
604 1994 755 2023 veritatem.
780 1996 821 2023 Au
844 1995 879 2023 ite

140 2047 199 2073 vos,
209 2047 224 2066 c
235 2036 310 2072 erici,
323 2035 369 2075 qui
396 2034 535 2064 urantibus
547 2044 613 2062 evan
633 2033 683 2062 elia
697 2037 709 2050 '¹
718 2040 806 2062 sancta
819 2044 878 2073 por-

141 2076 226 2115 rigitis
243 2088 251 2105 ε
266 2086 348 2115 quom
386 2084 401 2103 o
421 2074 530 2114 potestis
543 2073 577 2102 ab
597 2073 615 2102 il
629 2084 645 2101 o
657 2074 809 2112 juramento
823 2084 879 2103 esse

139 2115 237 2153 securi,
257 2115 304 2154 qui
322 2123 410 2144 semen
431 2112 542 2154 perjurii
562 2112 652 2142 datis?
666 2112 810 2151 Numquid
832 2113 879 2151 qui

140 2155 227 2194 ignem
239 2161 338 2194 portat,
355 2152 425 2182 unde
444 2153 574 2182 confletur
595 2151 761 2187 incendium,
777 2152 879 2181 alienus

140 2200 179 2222 est
196 2193 231 2222 ab
249 2194 298 2222 illo
318 2191 462 2221 inoendio?
476 2194 531 2221 Aut
552 2191 599 2230 qui
622 2191 743 2230 gladium
766 2191 881 2230 porrigit

141 2232 212 2261 unde
228 2230 408 2262 homicidium
427 2232 618 2263 committatur,
631 2241 718 2259 nonne
735 2237 774 2259 est
791 2231 879 2259 socius

140 2271 281 2301 homicidii
304 2270 401 2299 illius?
412 2270 458 2299 Sic
474 2277 500 2298 et
520 2269 567 2308 qui
587 2270 752 2298 occasionem
785 2269 879 2308 erjurii

140 2310 364 2348 praestat,eollega
373 2309 403 2338 fit
413 2308 524 2352 perjurii
539 2309 607 2347 ejus.
615 2309 627 2346 [
635 2308 663 2337 Si
673 2307 686 2324 '²
695 2315 750 2337 erat
781 2309 880 2375 enef’u-

140 2361 199 2379 rare
216 2351 330 2390 justum,
348 2349 420 2388 juste
437 2347 577 2382 dtcebatis,
599 2347 663 2385 quia
685 2346 810 2376 dedimus
824 2348 833 2376 i
846 2347 879 2376 lis

140 2389 308 2429 evangelium
323 2395 352 2417 ut
361 2389 463 2428 jurent,
473 2396 525 2415 non
537 2392 565 2414 ut
581 2387 718 2425 perjurent
732 2397 738 2414 ε
753 2396 823 2415 nunc
836 2397 880 2415 au-

141 2435 193 2458 tem
204 2439 266 2458 cum
276 2428 375 2464 sciatis,
390 2426 452 2466 quia
465 2432 489 2455 et
500 2425 567 2454 bene
576 2426 668 2464 jurare
682 2431 819 2464 peccatum
830 2432 877 2461 est,

930 298 1001 327 unde
1022 305 1146 338 peccetur
1166 298 1193 326 in
1207 298 1434 337 Deum?]Cesset
1447 299 1528 339 ignis,
1544 306 1569 328 et
1582 299 1672 329 incen-

929 338 1007 367 dium
1030 348 1083 366 non
1099 338 1144 374 sst3
1161 337 1288 366 subtrahe
1299 337 1441 376 gladium,
1454 345 1480 368 et
1494 338 1672 368 homicidium

929 388 982 407 non
997 377 1173 406 committitur
1186 389 1191 405 :
1205 377 1244 406 sic
1257 377 1322 406 tolle
1330 378 1526 421 juramentum,
1540 385 1566 407 et
1579 380 1671 419 perju-

930 417 1002 446 rium
1012 427 1064 446 non
1073 417 1115 445 fit.
1130 418 1194 446 Haec
1201 416 1235 445 de
1244 416 1300 446 illis
1308 416 1379 445 dieta
1390 424 1462 454 sunt,
1474 418 1520 456 qui
1526 419 1619 458 jurant
1626 429 1675 459 per

931 457 1034 486 Deum:
1045 466 1138 485 eorum
1148 463 1248 493 autem,
1262 456 1309 495 qui
1317 457 1411 496 jurant
1422 468 1470 496 per
1479 457 1618 494 elementa,
1627 469 1675 488 ex-

931 496 1086 525 secrabilior
1094 496 1221 534 iniquitas
1229 503 1277 525 est.
1290 496 1393 526 Caelum
1404 497 1487 533 enim,
1497 504 1522 526 et
1532 504 1639 533 terram,
1649 505 1675 527 et

932 542 1024 564 caetera
1040 537 1112 565 Deus
1123 535 1159 564 ad
1170 535 1350 564 ministerium
1363 535 1416 564 sibi
1430 536 1541 573 creavit,
1558 547 1610 566 non
1623 537 1674 566 ho-

931 575 1050 604 minibus
1061 575 1096 603 ad
1104 575 1296 614 juramentum.
1308 575 1377 604 Eece
1385 575 1454 604 enim
1466 575 1494 604 in
1506 576 1564 616 lege
1578 577 1673 616 praeci-

932 614 1016 654 pitur‚
1031 621 1060 643 ut
1069 625 1117 653 per
1127 613 1233 642 nullum
1249 614 1366 654 juretur,
1380 614 1431 643 nisi
1445 625 1493 654 per
1506 616 1594 645 Deum
1608 629 1614 644 τ
1626 617 1675 655 qui

931 664 995 693 ergo
1004 655 1077 694 jurat
1090 663 1138 692 per
1150 653 1245 682 'caelum
1253 661 1298 682 aut
1307 664 1355 693 per
1364 660 1473 689 terram,
1484 662 1530 683 aut
1540 655 1676 694 quidquid

931 693 1003 722 illud
1013 699 1063 729 est,
1077 703 1125 733 per
1137 692 1211 730 quod
1220 693 1306 732 jurat,
1316 693 1423 722 deificat
1435 693 1514 723 illud.
1532 696 1583 724 Pro
1605 702 1676 725 terea

931 732 1101 762 idololatram
1112 742 1140 761 se
1148 733 1211 762 facit
1219 732 1317 769 omnis,
1325 732 1374 771 qui
1393 744 1441 773 per
1454 733 1559 773 aliquid
1570 745 1584 763 a
1597 734 1646 763 iud
1660 746 1676 764 a

931 773 988 801 Deo
997 773 1082 811 jurat,
1098 772 1202 801 etiamsi
1212 773 1305 812 jurare
1315 773 1406 802 liceret
1421 785 1428 801 :
1443 773 1505 811 quia
1520 784 1573 802 non
1584 774 1674 803 reddit

932 812 1048 841 Domino
1063 813 1119 841 Deo
1133 822 1182 841 suo
1191 812 1342 851 juramenta
1355 823 1415 848 sua,
1428 812 1475 842 sed
1488 813 1636 849 elementis,
1650 821 1676 843 et

932 851 970 880 sic
982 851 1018 880 du
1041 851 1129 880 liciter
1139 858 1240 891 peccat.
1253 851 1386 887 Primum,
1396 852 1459 890 quia
1466 854 1540 892 jurat
1548 865 1555 888 3
1564 853 1676 890 deinde,

932 890 995 930 quia
1018 862 1124 920 deificat
1146 902 1194 931 per
1217 901 1296 929 quem
1315 892 1398 931 jurat.
1419 892 1455 921 Et
1469 892 1532 921 vide
1544 893 1605 930 qula
1629 904 1677 932 per

932 930 1038 970 singula
1054 930 1122 959 hane
1144 931 1273 960 rationem
1294 930 1350 967 dat,
1365 942 1415 960 eur
1434 932 1496 969 quis
1516 942 1568 960 non
1582 931 1678 971 debeat

929 970 1021 1010 jurare
1037 980 1085 1009 per
1103 970 1242 1000 elementa.
1256 970 1360 1009 Neque
1376 981 1430 1010 per
1449 972 1563 1005 coelum,
1577 971 1676 1010 inquit,

933 1011 1004 1049 quia
1018 1010 1139 1038 thronus
1152 1017 1193 1039 est
1207 1011 1264 1039 Dei
1274 1021 1284 1037 .-
1297 1009 1326 1038 id
1337 1018 1387 1046 est,
1398 1021 1450 1039 non
1464 1011 1547 1040 Deus.
1561 1011 1610 1040 55.
1621 1012 1677 1040 Ne-

933 1059 990 1088 que
997 1059 1050 1088 per
1061 1056 1177 1086 terram,
1188 1051 1258 1089 quia
1267 1050 1428 1079 scabellum
1435 1054 1480 1079 'est
1488 1051 1594 1091 pedum
1604 1052 1678 1090 ejus,

934 1098 987 1118 non
999 1088 1059 1117 dea.
1073 1089 1176 1128 Neque
1187 1099 1239 1129 per
1248 1090 1270 1118 J
1271 1090 1479 1127 erosolymam,
1491 1092 1562 1130 quia
1576 1091 1678 1127 civitas

934 1134 978 1157 est
993 1130 1092 1167 magni
1111 1130 1197 1168 regis,
1220 1138 1273 1157 non
1292 1138 1406 1168 magnus
1428 1140 1487 1158 rex.
1500 1131 1550 1160 56.
1572 1131 1679 1170 Neque

934 1178 987 1204 per·
1010 1174 1098 1205 caput
1118 1173 1209 1204 tuum,
1226 1170 1297 1208 quia
1316 1179 1375 1197 non
1387 1175 1469 1208 potes
1483 1180 1574 1198 unum
1586 1170 1679 1209 capil-

936 1207 997 1236 lum
1018 1207 1120 1236 album
1132 1207 1249 1247 facere,
1263 1214 1315 1236 aut
1337 1210 1463 1248 nigrum.
1478 1211 1518 1238 Ac
1539 1209 1561 1238 si
1581 1209 1653 1238 dicat
1669 1222 1676 1238 :

934 1247 1020 1287 Cujus
1039 1247 1166 1276 momenti
1184 1258 1228 1282 es,
1255 1254 1287 1276 ut
1307 1257 1356 1287 per
1378 1254 1404 1277 te
1425 1248 1522 1288 jures?
1545 1248 1679 1287 numquid

934 1293 1089 1326 potestatem
1107 1286 1190 1316 habes
1210 1286 1253 1316 vel
1274 1297 1359 1315 unum
1378 1287 1508 1327 capillum
1528 1287 1621 1317 album
1634 1288 1678 1317 fa-

934 1336 1004 1359 cere,
1019 1332 1065 1355 aut
1087 1326 1217 1365 nigrum?
1230 1326 1295 1356 Sive
1309 1337 1372 1365 ergo
1389 1338 1438 1367 per
1460 1327 1531 1356 filios
1553 1338 1615 1357 suos
1633 1328 1680 1367 ju-

935 1371 974 1394 ret
984 1365 1057 1403 quis,
1073 1365 1130 1394 sive
1145 1376 1193 1404 per
1207 1376 1246 1401 se,
1262 1365 1319 1395 sive
1334 1376 1382 1405 per
1394 1367 1525 1405 aliquem,
1541 1367 1679 1397 meliorem

934 1404 998 1434 facit
1010 1405 1101 1441 illum,
1109 1411 1239 1444 quantum
1249 1404 1283 1434 ad
1291 1416 1330 1441 se,
1343 1416 1424 1443 quam
1435 1407 1533 1436 Deum¹
1549 1407 1598 1437 58.
1612 1407 1679 1436 Au-

935 1444 1018 1473 distis
1037 1446 1108 1484 quia
1124 1445 1234 1474 dictum
1255 1451 1299 1473 est
1317 1446 1458 1486 antiquis,
1480 1446 1604 1475 Oculum
1626 1457 1678 1485 pro

935 1483 1030 1519 oculo,
1043 1485 1158 1520 dentem
1178 1495 1230 1522 pro
1249 1484 1352 1513 dente:
1364 1495 1416 1524 ego
1436 1492 1532 1514 aulem
1546 1487 1611 1514 dico
1622 1496 1679 1515 vo-

936 1524 977 1551 bis
988 1545 995 1558 ‚
1017 1533 1078 1551 non
1099 1525 1229 1552 resistere
1253 1524 1340 1552 malo.
1364 1524 1497 1560 Quintum
1522 1525 1679 1554 mandatum

935 1561 1092 1598 minimum,
1114 1569 1244 1600 quantum
1269 1561 1303 1590 ad
1325 1562 1444 1592 homines
1470 1563 1607 1598 crudeles,
1630 1564 1678 1602 qui

935 1610 1044 1640 peccare
1062 1611 1090 1629 se
1104 1604 1158 1629 vuon
1179 1601 1354 1638 arbitrantur,
1374 1602 1396 1630 si
1419 1601 1586 1632 reddiderint
1607 1603 1678 1632 mala

935 1650 985 1679 pro
1010 1639 1104 1674 malis,
1121 1650 1173 1668 non
1197 1639 1402 1677 considerantes,
1421 1651 1481 1679 quae
1503 1641 1632 1672 dicuntur
1650 1642 1678 1671 in

935 1678 1041 1708 Psalmo
1057 1691 1065 1707 :
1080 1679 1111 1708 Si
1124 1680 1239 1708 reddidi
1248 1681 1474 1710 retribuentibus
1491 1682 1563 1710 mihi
1583 1682 1676 1719 mala,

937 1718 1070 1747 decidam
1094 1720 1195 1748 merito
1215 1720 1251 1748 ab
1269 1721 1394 1749 inimicis
1415 1722 1485 1749 meis
1503 1723 1611 1758 inanis,
1623 1728 1674 1751 etc.

937 1759 1119 1796 Quaecumque
1137 1758 1207 1787 enim
1229 1757 1275 1787 ille
1292 1758 1444 1789 dinumerat
1466 1761 1562 1790 merito
1580 1771 1607 1790 se
1623 1762 1678 1800 pati

936 1796 1044 1833 debere,
1065 1797 1088 1826 si
1106 1797 1258 1826 reddiderit
1282 1799 1492 1828 retribuentibus
1515 1800 1567 1830 sibi
1589 1801 1677 1837 mala,

936 1836 1020 1865 sciant
1039 1836 1184 1866 Christiani
1206 1838 1296 1866 omnia
1312 1838 1359 1867 illa
1374 1839 1467 1867 merito
1489 1849 1516 1868 se
1538 1850 1593 1869 esse
1613 1851 1678 1880 pas-

936 1886 1030 1912 suros,
1055 1876 1078 1905 si
1104 1876 1271 1906 reddiderint
1291 1878 1502 1907 retribuentibus
1524 1879 1577 1908 sibi
1595 1880 1675 1909 mala.

935 1916 1003 1944 Nam
1027 1922 1054 1944 et
1073 1916 1163 1945 casuri
1180 1922 1244 1945 sunt
1264 1916 1299 1945 ab
1317 1917 1435 1946 inimicis
1458 1917 1514 1947 suis
1536 1919 1637 1954 inanes,
1653 1927 1679 1948 et

935 1961 1145 1994 pei-sequuturus
1158 1962 1198 1984 est
1211 1955 1335 1986 inimicus
1346 1957 1447 1987 animas
1460 1965 1596 1994 eorum,et
1610 1969 1679 1988 com-

936 1993 1117 2033 prehensurus
1138 2001 1163 2023 et
1180 1995 1383 2026 conculcaturus
1403 1997 1430 2026 in
1450 2003 1519 2026 terra
1533 1998 1618 2027 vitam
1630 2009 1677 2028 eo-

931 2044 1007 2070 rum,
1022 2041 1048 2063 et
1063 2033 1176 2078 gloriam
1196 2044 1289 2064 eorum
1304 2036 1330 2064 in
1345 2036 1484 2076 pulverem
1499 2036 1676 2068 deducturus.

935 2073 1035 2102 Tamen
1050 2083 1108 2102 sme
1119 2074 1169 2102 hoc
1181 2074 1291 2104 minimo
1303 2075 1428 2105 mandato
1442 2076 1509 2116 legis
1521 2077 1676 2107 mandatum

935 2122 988 2141 non
1000 2119 1086 2152 potest
1106 2119 1183 2142 stare.
1195 2114 1358 2150 Quomodo?
1371 2116 1428 2144 Lex
1441 2116 1520 2155 praeci
1543 2116 1598 2146 iens
1611 2128 1678 2147 ocu-

935 2151 992 2181 lum
1005 2162 1054 2191 pro
1067 2152 1157 2188 oculo,
1174 2153 1279 2183 dentem
1292 2165 1342 2194 pro
1355 2154 1445 2192 dente,
1462 2155 1514 2184 tale
1522 2127 1606 2185 iubet
1618 2167 1679 2196 pro-

935 2191 1065 2258 positum,
1076 2198 1105 2220 ut
1116 2193 1309 2231 unusquisque,
1322 2193 1389 2223 dum
1403 2196 1477 2224 timet
1490 2194 1524 2224 de
1536 2206 1585 2224 suo
1597 2206 1678 2224 mem-

956 2240 995 2265 ro,
1006 2238 1098 2269 parcat
1119 2231 1239 2268 alterius,
1260 2239 1287 2262 et
1304 2243 1381 2262 nemo
1404 2234 1491 2263 malus
1514 2234 1675 2263 inveniatur.

936 2269 990 2299 Sed
1008 2269 1070 2308 quia
1091 2281 1130 2299 vae
1144 2271 1244 2300 mundo
1258 2282 1273 2300 a
1286 2273 1418 2302 scandalis
1435 2284 1440 2299 :
1457 2273 1586 2311 quamdiu
1606 2273 1677 2301 enim

937 2308 1057 2338 vivimus
1068 2309 1096 2338 in
1110 2310 1162 2339 hoc
1175 2310 1288 2348 mundo,
1304 2313 1348 2341 cui
1363 2312 1488 2341 diabolus
1499 2312 1676 2350 principatur,

936 2357 1041 2377 necesse
1053 2349 1242 2379 estabuudare
1253 2351 1453 2386 maledicentes,
1462 2351 1648 2390 percutientes,
1654 2356 1679 2378 et

936 2395 1131 2427 persequente&
1151 2390 1180 2419 Si
1201 2400 1264 2429 ergo
1285 2390 1428 2429 incipimus
1449 2388 1595 2418 secundum
1614 2389 1679 2427 legis

936 2426 1090 2457 mandatum
1100 2429 1224 2458 omnibus
1236 2429 1346 2458 reddere
1358 2429 1482 2467 malapro
1490 2428 1578 2464 malis,
1589 2438 1679 2457 omnes

1685 441 1760 457 valll

1690 1709 1812 1739 Psal.7.5.

157 2528 168 2540 ¹
185 2520 216 2545 V.
228 2521 259 2544 D.
272 2525 298 2544 et.
306 2518 375 2544 Editi
387 2520 413 2544 in
424 2526 503 2552 marg.
518 2522 607 2541 sancta
621 2518 769 2550 por-talla...
783 2518 828 2551 qui
836 2526 896 2542 san·
921 2523 992 2543 netur
1005 2519 1030 2544 in
1043 2521 1155 2552 margine
1173 2520 1305 2545 Editorum
1325 2520 1376 2544 haee
1397 2519 1482 2544 abesse
1498 2528 1511 2544 a
1528 2520 1677 2553 quibusdam

141 2564 205 2583 cmm
215 2557 322 2591 peq‘uris
333 2558 408 2582 datis.
671 2568 674 2569 ⁷
920 2557 1111 2590 exemplaribus.

158 2598 171 2616 h
190 2597 218 2621 V.
230 2598 260 2622 D.
273 2595 302 2622 Si
313 2602 366 2621 erat
377 2596 437 2621 bene
448 2595 546 2629 jurare,
559 2593 628 2627 juste
637 2593 768 2625 dicebatis,
783 2599 831 2619 etc.
842 2594 894 2619 Μο-
