<?xml version="1.0" encoding="UTF-8"?>
<!DOCTYPE html PUBLIC "-//W3C//DTD XHTML 1.0 Transitional//EN"
    "http://www.w3.org/TR/xhtml1/DTD/xhtml1-transitional.dtd">
<html xmlns="http://www.w3.org/1999/xhtml" xml:lang="en" lang="en">
 <head>
  <title>
</title>
<meta http-equiv="Content-Type" content="text/html;charset=utf-8" />
  <meta name='ocr-system' content='tesseract 3.04.00' />
  <meta name='ocr-capabilities' content='ocr_page ocr_carea ocr_par ocr_line ocrx_word'/>
</head>
<body>
  <div class='ocr_page' id='page_1' title='image "./operaomniaquaeex06johnuoft_0664.png"; bbox 0 0 1890 2826; ppageno 0'>
   <div class='ocr_carea' id='block_1_1' title="bbox 79 678 219 796">
    <p class='ocr_par' dir='ltr' id='par_1_1' title="bbox 79 678 219 796">
     <span class='ocr_line' id='line_1_1' title="bbox 79 678 217 703; baseline -0.029 0"><span class='ocrx_word' id='word_1_1' title='bbox 79 678 217 703; x_wconf 51' lang='lat' dir='ltr'>filare-6³8.</span> 
     </span>
     <span class='ocr_line' id='line_1_2' title="bbox 79 712 219 734; baseline -0.021 -1"><span class='ocrx_word' id='word_1_2' title='bbox 79 713 130 734; x_wconf 71' lang='lat' dir='ltr'>lla-c</span> <span class='ocrx_word' id='word_1_3' title='bbox 148 712 219 733; x_wconf 81' lang='lat' dir='ltr'>Evan-</span> 
     </span>
     <span class='ocr_line' id='line_1_3' title="bbox 80 741 219 770; baseline -0.007 -7"><span class='ocrx_word' id='word_1_4' title='bbox 80 743 135 770; x_wconf 66' lang='lat' dir='ltr'>gelio</span> <span class='ocrx_word' id='word_1_5' title='bbox 181 741 219 762; x_wconf 79' lang='lat' dir='ltr'>ad-</span> 
     </span>
     <span class='ocr_line' id='line_1_4' title="bbox 80 777 205 796; baseline -0.016 0"><span class='ocrx_word' id='word_1_6' title='bbox 80 777 205 796; x_wconf 76' lang='lat' dir='ltr'>versantur.</span> 
     </span>
    </p>
   </div>
   <div class='ocr_carea' id='block_1_2' title="bbox 84 1070 222 1126">
    <p class='ocr_par' dir='ltr' id='par_1_2' title="bbox 84 1070 222 1126">
     <span class='ocr_line' id='line_1_5' title="bbox 84 1070 222 1094; baseline 0 -1"><span class='ocrx_word' id='word_1_7' title='bbox 84 1073 169 1094; x_wconf 71' lang='lat' dir='ltr'>Maub.</span> <span class='ocrx_word' id='word_1_8' title='bbox 187 1070 222 1093; x_wconf 73' lang='lat'>18.</span> 
     </span>
     <span class='ocr_line' id='line_1_6' title="bbox 85 1103 120 1126; baseline -0.029 0"><span class='ocrx_word' id='word_1_9' title='bbox 85 1103 120 1126; x_wconf 83' lang='lat'>16.</span> 
     </span>
    </p>
   </div>
   <div class='ocr_carea' id='block_1_3' title="bbox 93 1471 227 1526">
    <p class='ocr_par' dir='ltr' id='par_1_3' title="bbox 93 1471 227 1526">
     <span class='ocr_line' id='line_1_7' title="bbox 93 1471 227 1495; baseline -0.007 0"><span class='ocrx_word' id='word_1_10' title='bbox 93 1481 112 1495; x_wconf 87' lang='lat'>1.</span> <span class='ocrx_word' id='word_1_11' title='bbox 130 1474 189 1494; x_wconf 76' lang='lat' dir='ltr'>Tim.</span> <span class='ocrx_word' id='word_1_12' title='bbox 204 1471 227 1494; x_wconf 87' lang='lat'>5.</span> 
     </span>
     <span class='ocr_line' id='line_1_8' title="bbox 93 1511 127 1526; baseline 0.029 -1"><span class='ocrx_word' id='word_1_13' title='bbox 93 1511 127 1526; x_wconf 84' lang='lat' dir='ltr'>io.</span> 
     </span>
    </p>
   </div>
   <div class='ocr_carea' id='block_1_4' title="bbox 222 205 294 250">
    <p class='ocr_par' dir='ltr' id='par_1_4' title="bbox 222 205 294 250">
     <span class='ocr_line' id='line_1_9' title="bbox 222 205 294 250; baseline 0 0"><span class='ocrx_word' id='word_1_14' title='bbox 222 205 294 250; x_wconf 75' lang='lat'>644</span> 
     </span>
    </p>
   </div>
   <div class='ocr_carea' id='block_1_5' title="bbox 218 271 1023 2528">
    <p class='ocr_par' dir='ltr' id='par_1_5' title="bbox 218 271 1023 2528">
     <span class='ocr_line' id='line_1_10' title="bbox 218 271 963 310; baseline -0.011 -2"><span class='ocrx_word' id='word_1_15' title='bbox 218 278 315 308; x_wconf 86' lang='lat' dir='ltr'><strong>sedebo</strong></span> <span class='ocrx_word' id='word_1_16' title='bbox 330 276 400 306; x_wconf 83' lang='lat' dir='ltr'>ultra</span> <span class='ocrx_word' id='word_1_17' title='bbox 413 282 502 305; x_wconf 84' lang='lat' dir='ltr'>tecum</span> <span class='ocrx_word' id='word_1_18' title='bbox 510 273 550 304; x_wconf 78' lang='lat' dir='ltr'>·a‹l</span> <span class='ocrx_word' id='word_1_19' title='bbox 561 283 690 310; x_wconf 86' lang='lat' dir='ltr'>mensam,</span> <span class='ocrx_word' id='word_1_20' title='bbox 704 282 758 305; x_wconf 88' lang='lat' dir='ltr'>non</span> <span class='ocrx_word' id='word_1_21' title='bbox 769 271 907 302; x_wconf 78' lang='lat' dir='ltr'><strong>comedam</strong></span> <span class='ocrx_word' id='word_1_22' title='bbox 918 281 963 300; x_wconf 87' lang='lat' dir='ltr'>eo-</span> 
     </span>
     <span class='ocr_line' id='line_1_11' title="bbox 221 310 965 356; baseline -0.009 -10"><span class='ocrx_word' id='word_1_23' title='bbox 221 328 278 347; x_wconf 84' lang='lat' dir='ltr'>ram</span> <span class='ocrx_word' id='word_1_24' title='bbox 292 324 316 346; x_wconf 91' lang='lat' dir='ltr'>te</span> <span class='ocrx_word' id='word_1_25' title='bbox 329 326 435 356; x_wconf 80' lang='lat' dir='ltr'>panem,</span> <span class='ocrx_word' id='word_1_26' title='bbox 449 324 501 343; x_wconf 90' lang='lat' dir='ltr'>non</span> <span class='ocrx_word' id='word_1_27' title='bbox 515 313 649 343; x_wconf 86' lang='lat' dir='ltr'>dormiam</span> <span class='ocrx_word' id='word_1_28' title='bbox 664 319 771 342; x_wconf 77' lang='lat' dir='ltr'>tecum:</span> <span class='ocrx_word' id='word_1_29' title='bbox 784 311 848 350; x_wconf 78' lang='lat' dir='ltr'>quia</span> <span class='ocrx_word' id='word_1_30' title='bbox 861 310 965 340; x_wconf 90' lang='lat' dir='ltr'>nullam</span> 
     </span>
     <span class='ocr_line' id='line_1_12' title="bbox 221 351 966 388; baseline -0.009 -2"><span class='ocrx_word' id='word_1_31' title='bbox 221 356 274 386; x_wconf 88' lang='lat' dir='ltr'>mei</span> <span class='ocrx_word' id='word_1_32' title='bbox 300 356 430 385; x_wconf 86' lang='lat' dir='ltr'>rationem</span> <span class='ocrx_word' id='word_1_33' title='bbox 453 354 553 383; x_wconf 87' lang='lat' dir='ltr'>babent</span> <span class='ocrx_word' id='word_1_34' title='bbox 572 353 618 383; x_wconf 90' lang='lat' dir='ltr'>hic</span> <span class='ocrx_word' id='word_1_35' title='bbox 638 359 667 382; x_wconf 84' lang='lat' dir='ltr'>et</span> <span class='ocrx_word' id='word_1_36' title='bbox 687 352 747 388; x_wconf 82' lang='lat' dir='ltr'>illa,</span> <span class='ocrx_word' id='word_1_37' title='bbox 762 351 811 381; x_wconf 82' lang='lat' dir='ltr'>scd</span> <span class='ocrx_word' id='word_1_38' title='bbox 829 358 859 381; x_wconf 88' lang='lat' dir='ltr'>ut</span> <span class='ocrx_word' id='word_1_39' title='bbox 878 351 966 386; x_wconf 89' lang='lat' dir='ltr'>lutum</span> 
     </span>
     <span class='ocr_line' id='line_1_13' title="bbox 222 389 967 436; baseline -0.008 -11"><span class='ocrx_word' id='word_1_40' title='bbox 222 396 386 436; x_wconf 83' lang='lat' dir='ltr'>despiciunt.</span> <span class='ocrx_word' id='word_1_41' title='bbox 402 393 484 431; x_wconf 89' lang='lat' dir='ltr'>Quod</span> <span class='ocrx_word' id='word_1_42' title='bbox 504 393 526 422; x_wconf 87' lang='lat' dir='ltr'>si</span> <span class='ocrx_word' id='word_1_43' title='bbox 561 399 619 422; x_wconf 86' lang='lat' dir='ltr'>utas</span> <span class='ocrx_word' id='word_1_44' title='bbox 637 391 667 422; x_wconf 90' lang='lat' dir='ltr'>id</span> <span class='ocrx_word' id='word_1_45' title='bbox 680 402 723 421; x_wconf 86' lang='lat' dir='ltr'>mc</span> <span class='ocrx_word' id='word_1_46' title='bbox 741 390 912 431; x_wconf 76' lang='lat' dir='ltr'>conjectando</span> <span class='ocrx_word' id='word_1_47' title='bbox 922 389 967 418; x_wconf 91' lang='lat' dir='ltr'>di-</span> 
     </span>
     <span class='ocr_line' id='line_1_14' title="bbox 223 430 968 475; baseline -0.011 -9"><span class='ocrx_word' id='word_1_48' title='bbox 223 447 293 473; x_wconf 82' lang='lat' dir='ltr'><strong>cere,</strong></span> <span class='ocrx_word' id='word_1_49' title='bbox 309 435 412 474; x_wconf 85' lang='lat' dir='ltr'><strong>respice</strong></span> <span class='ocrx_word' id='word_1_50' title='bbox 429 433 498 463; x_wconf 85' lang='lat' dir='ltr'>mihi</span> <span class='ocrx_word' id='word_1_51' title='bbox 552 431 683 473; x_wconf 72' lang='lat' dir='ltr'>gypfiam,</span> <span class='ocrx_word' id='word_1_52' title='bbox 697 441 757 470; x_wconf 64' lang='lat' dir='ltr'>quai</span> <span class='ocrx_word' id='word_1_53' title='bbox 779 430 807 460; x_wconf 92' lang='lat' dir='ltr'>in</span> <span class='ocrx_word' id='word_1_54' title='bbox 819 430 968 475; x_wconf 75' lang='lat' dir='ltr'>Josephum</span> 
     </span>
     <span class='ocr_line' id='line_1_15' title="bbox 223 471 969 514; baseline -0.008 -10"><span class='ocrx_word' id='word_1_55' title='bbox 223 476 333 514; x_wconf 87' lang='lat' dir='ltr'>laqueos</span> <span class='ocrx_word' id='word_1_56' title='bbox 354 472 476 509; x_wconf 88' lang='lat' dir='ltr'>tetendit,</span> <span class='ocrx_word' id='word_1_57' title='bbox 491 479 516 502; x_wconf 86' lang='lat' dir='ltr'>et</span> <span class='ocrx_word' id='word_1_58' title='bbox 539 474 631 502; x_wconf 78' lang='lat' dir='ltr'>virum</span> <span class='ocrx_word' id='word_1_59' title='bbox 655 481 736 501; x_wconf 89' lang='lat' dir='ltr'>suum</span> <span class='ocrx_word' id='word_1_60' title='bbox 762 471 853 500; x_wconf 85' lang='lat' dir='ltr'>furore</span> <span class='ocrx_word' id='word_1_61' title='bbox 877 479 969 508; x_wconf 77' lang='lat' dir='ltr'>iraque</span> 
     </span>
     <span class='ocr_line' id='line_1_16' title="bbox 224 508 971 553; baseline -0.008 -9"><span class='ocrx_word' id='word_1_62' title='bbox 224 514 342 544; x_wconf 84' lang='lat' dir='ltr'>incendit</span> <span class='ocrx_word' id='word_1_63' title='bbox 359 513 534 553; x_wconf 82' lang='lat' dir='ltr'>:justumque</span> <span class='ocrx_word' id='word_1_64' title='bbox 550 511 661 541; x_wconf 87' lang='lat' dir='ltr'>demum</span> <span class='ocrx_word' id='word_1_65' title='bbox 679 510 800 540; x_wconf 85' lang='lat' dir='ltr'>occidere</span> <span class='ocrx_word' id='word_1_66' title='bbox 818 508 971 539; x_wconf 81' lang='lat' dir='ltr'>meditaba-</span> 
     </span>
     <span class='ocr_line' id='line_1_17' title="bbox 226 549 969 591; baseline -0.009 -7"><span class='ocrx_word' id='word_1_67' title='bbox 226 562 281 591; x_wconf 89' lang='lat' dir='ltr'>tur,</span> <span class='ocrx_word' id='word_1_68' title='bbox 304 553 357 582; x_wconf 92' lang='lat' dir='ltr'>nisi</span> <span class='ocrx_word' id='word_1_69' title='bbox 374 553 505 582; x_wconf 88' lang='lat' dir='ltr'>insomnis</span> <span class='ocrx_word' id='word_1_70' title='bbox 526 552 574 581; x_wconf 86' lang='lat' dir='ltr'>ille</span> <span class='ocrx_word' id='word_1_71' title='bbox 594 551 689 580; x_wconf 89' lang='lat' dir='ltr'>oculus</span> <span class='ocrx_word' id='word_1_72' title='bbox 707 561 766 582; x_wconf 87' lang='lat' dir='ltr'>eam</span> <span class='ocrx_word' id='word_1_73' title='bbox 801 549 969 585; x_wconf 84' lang='lat' dir='ltr'>raevertisset,</span> 
     </span>
     <span class='ocr_line' id='line_1_18' title="bbox 226 588 971 634; baseline -0.009 -11"><span class='ocrx_word' id='word_1_74' title='bbox 226 594 369 634; x_wconf 87' lang='lat' dir='ltr'>ipsumque</span> <span class='ocrx_word' id='word_1_75' title='bbox 389 598 528 622; x_wconf 84' lang='lat' dir='ltr'>servasset.</span> <span class='ocrx_word' id='word_1_76' title='bbox 557 591 672 631; x_wconf 78' lang='lat' dir='ltr'>Respice</span> <span class='ocrx_word' id='word_1_77' title='bbox 698 591 770 621; x_wconf 89' lang='lat' dir='ltr'>Hero</span> <span class='ocrx_word' id='word_1_78' title='bbox 793 588 897 626; x_wconf 87' lang='lat' dir='ltr'>iadem,</span> <span class='ocrx_word' id='word_1_79' title='bbox 912 598 971 627; x_wconf 83' lang='lat' dir='ltr'>quae</span> 
     </span>
     <span class='ocr_line' id='line_1_19' title="bbox 227 628 971 664; baseline -0.008 -1"><span class='ocrx_word' id='word_1_80' title='bbox 227 635 359 664; x_wconf 86' lang='lat' dir='ltr'>Joannem</span> <span class='ocrx_word' id='word_1_81' title='bbox 374 631 514 662; x_wconf 78' lang='lat' dir='ltr'>interfecit.</span> <span class='ocrx_word' id='word_1_82' title='bbox 530 630 643 661; x_wconf 79' lang='lat' dir='ltr'>Dicebat</span> <span class='ocrx_word' id='word_1_83' title='bbox 655 630 727 660; x_wconf 85' lang='lat' dir='ltr'>enim</span> <span class='ocrx_word' id='word_1_84' title='bbox 738 629 902 659; x_wconf 84' lang='lat' dir='ltr'>Prodromus</span> <span class='ocrx_word' id='word_1_85' title='bbox 914 628 971 658; x_wconf 91' lang='lat' dir='ltr'>He-</span> 
     </span>
     <span class='ocr_line' id='line_1_20' title="bbox 229 669 974 709; baseline -0.007 -7"><span class='ocrx_word' id='word_1_86' title='bbox 229 672 288 702; x_wconf 89' lang='lat' dir='ltr'>rodi</span> <span class='ocrx_word' id='word_1_87' title='bbox 301 683 308 700; x_wconf 87' lang='lat'><strong>:</strong></span> <span class='ocrx_word' id='word_1_88' title='bbox 321 673 390 702; x_wconf 87' lang='lat' dir='ltr'>Non</span> <span class='ocrx_word' id='word_1_89' title='bbox 406 671 476 700; x_wconf 72' lang='lat' dir='ltr'>licet</span> <span class='ocrx_word' id='word_1_90' title='bbox 494 672 548 700; x_wconf 76' lang='lat' dir='ltr'>tibi</span> <span class='ocrx_word' id='word_1_91' title='bbox 561 671 668 700; x_wconf 80' lang='lat' dir='ltr'>habere</span> <span class='ocrx_word' id='word_1_92' title='bbox 681 679 800 700; x_wconf 75' lang='lat' dir='ltr'>uxorem</span> <span class='ocrx_word' id='word_1_93' title='bbox 806 669 916 709; x_wconf 64' lang='lat' dir='ltr'>fratris</span> <span class='ocrx_word' id='word_1_94' title='bbox 930 669 974 697; x_wconf 84' lang='lat' dir='ltr'>tui</span> 
     </span>
     <span class='ocr_line' id='line_1_21' title="bbox 229 709 973 752; baseline -0.009 -10"><span class='ocrx_word' id='word_1_95' title='bbox 229 712 361 752; x_wconf 71' lang='lat' dir='ltr'>Philippi</span> <span class='ocrx_word' id='word_1_96' title='bbox 366 725 374 743; x_wconf 89' lang='lat'>.·</span> <span class='ocrx_word' id='word_1_97' title='bbox 385 711 432 741; x_wconf 92' lang='lat' dir='ltr'>illa</span> <span class='ocrx_word' id='word_1_98' title='bbox 445 721 510 742; x_wconf 84' lang='lat' dir='ltr'>vero</span> <span class='ocrx_word' id='word_1_99' title='bbox 520 710 643 741; x_wconf 86' lang='lat' dir='ltr'>vinctum</span> <span class='ocrx_word' id='word_1_100' title='bbox 654 720 728 746; x_wconf 89' lang='lat' dir='ltr'>eum,</span> <span class='ocrx_word' id='word_1_101' title='bbox 742 709 813 739; x_wconf 88' lang='lat' dir='ltr'>inter</span> <span class='ocrx_word' id='word_1_102' title='bbox 825 714 900 737; x_wconf 86' lang='lat' dir='ltr'>natos</span> <span class='ocrx_word' id='word_1_103' title='bbox 913 718 973 736; x_wconf 88' lang='lat' dir='ltr'>mu-</span> 
     </span>
     <span class='ocr_line' id='line_1_22' title="bbox 229 747 973 791; baseline -0.009 -9"><span class='ocrx_word' id='word_1_104' title='bbox 229 752 328 782; x_wconf 90' lang='lat' dir='ltr'>lierum</span> <span class='ocrx_word' id='word_1_105' title='bbox 335 751 475 791; x_wconf 83' lang='lat' dir='ltr'>majorem,</span> <span class='ocrx_word' id='word_1_106' title='bbox 486 750 514 779; x_wconf 92' lang='lat' dir='ltr'>in</span> <span class='ocrx_word' id='word_1_107' title='bbox 521 749 646 780; x_wconf 86' lang='lat' dir='ltr'>convivio</span> <span class='ocrx_word' id='word_1_108' title='bbox 654 748 867 779; x_wconf 79' lang='lat' dir='ltr'>recumbentium</span> <span class='ocrx_word' id='word_1_109' title='bbox 878 747 973 776; x_wconf 88' lang='lat' dir='ltr'>amico-</span> 
     </span>
     <span class='ocr_line' id='line_1_23' title="bbox 229 787 1006 831; baseline -0.006 -10"><span class='ocrx_word' id='word_1_110' title='bbox 229 803 302 829; x_wconf 85' lang='lat' dir='ltr'>rum,</span> <span class='ocrx_word' id='word_1_111' title='bbox 314 798 396 831; x_wconf 74' lang='lat' dir='ltr'>caput</span> <span class='ocrx_word' id='word_1_112' title='bbox 406 791 466 830; x_wconf 86' lang='lat' dir='ltr'>ejus</span> <span class='ocrx_word' id='word_1_113' title='bbox 479 789 595 819; x_wconf 84' lang='lat' dir='ltr'>abscidit</span> <span class='ocrx_word' id='word_1_114' title='bbox 609 802 615 818; x_wconf 90' lang='lat'>:</span> <span class='ocrx_word' id='word_1_115' title='bbox 631 795 658 819; x_wconf 85' lang='lat' dir='ltr'>et</span> <span class='ocrx_word' id='word_1_116' title='bbox 669 788 744 828; x_wconf 89' lang='lat' dir='ltr'>quod</span> <span class='ocrx_word' id='word_1_117' title='bbox 756 799 809 818; x_wconf 91' lang='lat' dir='ltr'>non</span> <span class='ocrx_word' id='word_1_118' title='bbox 822 787 910 827; x_wconf 88' lang='lat' dir='ltr'>potuit</span> <span class='ocrx_word' id='word_1_119' title='bbox 922 787 975 817; x_wconf 87' lang='lat' dir='ltr'>He-</span> <span class='ocrx_word' id='word_1_120' title='bbox 988 788 1006 812; x_wconf 85' lang='lat' dir='ltr'>B</span> 
     </span>
     <span class='ocr_line' id='line_1_24' title="bbox 230 826 975 868; baseline -0.008 -7"><span class='ocrx_word' id='word_1_121' title='bbox 230 831 320 861; x_wconf 86' lang='lat' dir='ltr'>rodias</span> <span class='ocrx_word' id='word_1_122' title='bbox 333 833 440 861; x_wconf 84' lang='lat' dir='ltr'>vivente</span> <span class='ocrx_word' id='word_1_123' title='bbox 451 831 512 860; x_wconf 76' lang='lat' dir='ltr'>viro</span> <span class='ocrx_word' id='word_1_124' title='bbox 522 829 619 865; x_wconf 83' lang='lat' dir='ltr'>facere,</span> <span class='ocrx_word' id='word_1_125' title='bbox 630 839 660 858; x_wconf 86' lang='lat' dir='ltr'>ea</span> <span class='ocrx_word' id='word_1_126' title='bbox 672 828 711 857; x_wconf 89' lang='lat' dir='ltr'>ini</span> <span class='ocrx_word' id='word_1_127' title='bbox 732 839 765 858; x_wconf 88' lang='lat' dir='ltr'>ue</span> <span class='ocrx_word' id='word_1_128' title='bbox 775 834 834 868; x_wconf 89' lang='lat' dir='ltr'>post</span> <span class='ocrx_word' id='word_1_129' title='bbox 846 826 903 866; x_wconf 84' lang='lat' dir='ltr'>ejus</span> <span class='ocrx_word' id='word_1_130' title='bbox 915 826 975 855; x_wconf 88' lang='lat' dir='ltr'>obi-</span> 
     </span>
     <span class='ocr_line' id='line_1_25' title="bbox 231 839 975 911; baseline -0.008 -10"><span class='ocrx_word' id='word_1_131' title='bbox 231 879 288 901; x_wconf 89' lang='lat' dir='ltr'>tum</span> <span class='ocrx_word' id='word_1_132' title='bbox 303 869 478 911; x_wconf 75' lang='lat' dir='ltr'>perpetravit.</span> <span class='ocrx_word' id='word_1_133' title='bbox 489 868 564 906; x_wconf 85' lang='lat' dir='ltr'>Quid</span> <span class='ocrx_word' id='word_1_134' title='bbox 577 875 668 898; x_wconf 90' lang='lat' dir='ltr'>autem</span> <span class='ocrx_word' id='word_1_135' title='bbox 680 839 810 897; x_wconf 75' lang='lat' dir='ltr'>Dailidas?</span> <span class='ocrx_word' id='word_1_136' title='bbox 821 876 908 896; x_wconf 87' lang='lat' dir='ltr'>nonne</span> <span class='ocrx_word' id='word_1_137' title='bbox 918 876 975 905; x_wconf 88' lang='lat' dir='ltr'>spe-</span> 
     </span>
     <span class='ocr_line' id='line_1_26' title="bbox 231 908 975 946; baseline -0.008 -6"><span class='ocrx_word' id='word_1_138' title='bbox 231 910 411 940; x_wconf 87' lang='lat' dir='ltr'>ciosissimum</span> <span class='ocrx_word' id='word_1_139' title='bbox 422 915 448 938; x_wconf 89' lang='lat' dir='ltr'>et</span> <span class='ocrx_word' id='word_1_140' title='bbox 459 909 635 938; x_wconf 82' lang='lat' dir='ltr'>fortissimum</span> <span class='ocrx_word' id='word_1_141' title='bbox 649 908 802 938; x_wconf 84' lang='lat' dir='ltr'>Samsonem</span> <span class='ocrx_word' id='word_1_142' title='bbox 814 917 863 946; x_wconf 85' lang='lat' dir='ltr'>per</span> <span class='ocrx_word' id='word_1_143' title='bbox 873 912 975 935; x_wconf 86' lang='lat' dir='ltr'>scorta-</span> 
     </span>
     <span class='ocr_line' id='line_1_27' title="bbox 231 944 974 985; baseline -0.008 -6"><span class='ocrx_word' id='word_1_144' title='bbox 231 950 330 980; x_wconf 82' lang='lat' dir='ltr'>tionem</span> <span class='ocrx_word' id='word_1_145' title='bbox 350 948 496 978; x_wconf 89' lang='lat' dir='ltr'>detondens</span> <span class='ocrx_word' id='word_1_146' title='bbox 519 959 550 978; x_wconf 93' lang='lat' dir='ltr'>ac</span> <span class='ocrx_word' id='word_1_147' title='bbox 567 947 699 983; x_wconf 88' lang='lat' dir='ltr'>vinciens,</span> <span class='ocrx_word' id='word_1_148' title='bbox 711 946 868 985; x_wconf 80' lang='lat' dir='ltr'>alienigenis</span> <span class='ocrx_word' id='word_1_149' title='bbox 889 944 974 974; x_wconf 89' lang='lat' dir='ltr'>tradi-</span> 
     </span>
     <span class='ocr_line' id='line_1_28' title="bbox 231 984 976 1027; baseline -0.008 -8"><span class='ocrx_word' id='word_1_150' title='bbox 231 989 308 1020; x_wconf 89' lang='lat' dir='ltr'>ditet</span> <span class='ocrx_word' id='word_1_151' title='bbox 330 988 447 1019; x_wconf 69' lang='lat' dir='ltr'>occidit?</span> <span class='ocrx_word' id='word_1_152' title='bbox 459 988 529 1019; x_wconf 86' lang='lat' dir='ltr'>Ecce</span> <span class='ocrx_word' id='word_1_153' title='bbox 537 987 594 1027; x_wconf 89' lang='lat' dir='ltr'>jam</span> <span class='ocrx_word' id='word_1_154' title='bbox 607 994 659 1016; x_wconf 87' lang='lat' dir='ltr'>tres</span> <span class='ocrx_word' id='word_1_155' title='bbox 674 986 728 1016; x_wconf 84' lang='lat' dir='ltr'>fide</span> <span class='ocrx_word' id='word_1_156' title='bbox 747 986 843 1025; x_wconf 81' lang='lat' dir='ltr'>dignos</span> <span class='ocrx_word' id='word_1_157' title='bbox 856 991 935 1014; x_wconf 81' lang='lat' dir='ltr'>testes</span> <span class='ocrx_word' id='word_1_158' title='bbox 947 984 976 1014; x_wconf 93' lang='lat' dir='ltr'>in</span> 
     </span>
     <span class='ocr_line' id='line_1_29' title="bbox 231 1025 976 1064; baseline -0.009 -5"><span class='ocrx_word' id='word_1_159' title='bbox 231 1029 352 1059; x_wconf 88' lang='lat' dir='ltr'>medium</span> <span class='ocrx_word' id='word_1_160' title='bbox 366 1028 481 1058; x_wconf 85' lang='lat' dir='ltr'>adduxi.</span> <span class='ocrx_word' id='word_1_161' title='bbox 496 1029 537 1057; x_wconf 87' lang='lat' dir='ltr'>An</span> <span class='ocrx_word' id='word_1_162' title='bbox 555 1037 606 1056; x_wconf 92' lang='lat' dir='ltr'>non</span> <span class='ocrx_word' id='word_1_163' title='bbox 624 1026 686 1055; x_wconf 91' lang='lat' dir='ltr'>illos</span> <span class='ocrx_word' id='word_1_164' title='bbox 706 1036 741 1055; x_wconf 79' lang='lat' dir='ltr'>ex</span> <span class='ocrx_word' id='word_1_165' title='bbox 759 1025 899 1064; x_wconf 83' lang='lat' dir='ltr'>Scriptura</span> <span class='ocrx_word' id='word_1_166' title='bbox 916 1031 976 1053; x_wconf 89' lang='lat' dir='ltr'>tan-</span> 
     </span>
     <span class='ocr_line' id='line_1_30' title="bbox 232 1065 978 1109; baseline -0.008 -11"><span class='ocrx_word' id='word_1_167' title='bbox 232 1077 290 1098; x_wconf 92' lang='lat' dir='ltr'>tum</span> <span class='ocrx_word' id='word_1_168' title='bbox 304 1069 426 1109; x_wconf 77' lang='lat' dir='ltr'>protuli?</span> <span class='ocrx_word' id='word_1_169' title='bbox 438 1067 492 1098; x_wconf 88' lang='lat' dir='ltr'>Sed</span> <span class='ocrx_word' id='word_1_170' title='bbox 512 1069 548 1098; x_wconf 86' lang='lat' dir='ltr'>ln.</span> <span class='ocrx_word' id='word_1_171' title='bbox 566 1076 615 1096; x_wconf 79' lang='lat' dir='ltr'>ore</span> <span class='ocrx_word' id='word_1_172' title='bbox 633 1066 757 1095; x_wconf 69' lang='lat' dir='ltr'>duorum</span> <span class='ocrx_word' id='word_1_173' title='bbox 770 1065 822 1094; x_wconf 77' lang='lat' dir='ltr'>vel</span> <span class='ocrx_word' id='word_1_174' title='bbox 835 1066 923 1094; x_wconf 81' lang='lat' dir='ltr'>trium</span> <span class='ocrx_word' id='word_1_175' title='bbox 937 1070 978 1093; x_wconf 85' lang='lat' dir='ltr'>te-</span> 
     </span>
     <span class='ocr_line' id='line_1_31' title="bbox 232 1104 979 1144; baseline -0.008 -6"><span class='ocrx_word' id='word_1_176' title='bbox 232 1111 320 1138; x_wconf 79' lang='lat' dir='ltr'>stium</span> <span class='ocrx_word' id='word_1_177' title='bbox 332 1109 421 1138; x_wconf 80' lang='lat' dir='ltr'>stabit</span> <span class='ocrx_word' id='word_1_178' title='bbox 432 1118 515 1137; x_wconf 83' lang='lat' dir='ltr'>omne</span> <span class='ocrx_word' id='word_1_179' title='bbox 524 1107 645 1136; x_wconf 80' lang='lat' dir='ltr'>verbum</span> <span class='ocrx_word' id='word_1_180' title='bbox 649 1119 659 1141; x_wconf 81' lang='grc'>,-</span> <span class='ocrx_word' id='word_1_181' title='bbox 668 1116 700 1135; x_wconf 93' lang='lat' dir='ltr'>ne</span> <span class='ocrx_word' id='word_1_182' title='bbox 713 1104 820 1144; x_wconf 82' lang='lat' dir='ltr'>longior</span> <span class='ocrx_word' id='word_1_183' title='bbox 831 1104 892 1134; x_wconf 89' lang='lat' dir='ltr'>sim.</span> <span class='ocrx_word' id='word_1_184' title='bbox 905 1104 979 1140; x_wconf 84' lang='lat' dir='ltr'>Qua-</span> 
     </span>
     <span class='ocr_line' id='line_1_32' title="bbox 233 1142 980 1189; baseline -0.008 -11"><span class='ocrx_word' id='word_1_185' title='bbox 233 1155 342 1189; x_wconf 84' lang='lat' dir='ltr'>propter</span> <span class='ocrx_word' id='word_1_186' title='bbox 354 1158 402 1176; x_wconf 91' lang='lat' dir='ltr'>nos</span> <span class='ocrx_word' id='word_1_187' title='bbox 418 1148 552 1177; x_wconf 86' lang='lat' dir='ltr'>Dominus</span> <span class='ocrx_word' id='word_1_188' title='bbox 561 1147 647 1181; x_wconf 86' lang='lat' dir='ltr'>Deus,</span> <span class='ocrx_word' id='word_1_189' title='bbox 659 1156 692 1175; x_wconf 89' lang='lat' dir='ltr'>ex</span> <span class='ocrx_word' id='word_1_190' title='bbox 699 1154 800 1181; x_wconf 84' lang='lat' dir='ltr'>errore,</span> <span class='ocrx_word' id='word_1_191' title='bbox 811 1142 980 1183; x_wconf 75' lang='lat' dir='ltr'>turpitudine</span> 
     </span>
     <span class='ocr_line' id='line_1_33' title="bbox 234 1182 980 1227; baseline -0.007 -10"><span class='ocrx_word' id='word_1_192' title='bbox 234 1195 260 1217; x_wconf 89' lang='lat' dir='ltr'>et</span> <span class='ocrx_word' id='word_1_193' title='bbox 266 1187 414 1227; x_wconf 88' lang='lat' dir='ltr'>opprobrio</span> <span class='ocrx_word' id='word_1_194' title='bbox 420 1185 578 1227; x_wconf 88' lang='lat' dir='ltr'>hujusmodi</span> <span class='ocrx_word' id='word_1_195' title='bbox 592 1184 727 1220; x_wconf 79' lang='lat' dir='ltr'>reductos,</span> <span class='ocrx_word' id='word_1_196' title='bbox 743 1190 920 1223; x_wconf 78' lang='lat' dir='ltr'>temperanter</span> <span class='ocrx_word' id='word_1_197' title='bbox 928 1182 980 1212; x_wconf 87' lang='lat' dir='ltr'>de-</span> 
     </span>
     <span class='ocr_line' id='line_1_34' title="bbox 235 1223 979 1266; baseline -0.007 -10"><span class='ocrx_word' id='word_1_198' title='bbox 235 1238 296 1266; x_wconf 84' lang='lat' dir='ltr'>gere</span> <span class='ocrx_word' id='word_1_199' title='bbox 318 1226 424 1256; x_wconf 85' lang='lat' dir='ltr'>curabit</span> <span class='ocrx_word' id='word_1_200' title='bbox 438 1238 445 1254; x_wconf 81' lang='lat'>.-</span> <span class='ocrx_word' id='word_1_201' title='bbox 461 1235 563 1264; x_wconf 84' lang='lat' dir='ltr'>vosque</span> <span class='ocrx_word' id='word_1_202' title='bbox 579 1234 648 1264; x_wconf 90' lang='lat' dir='ltr'>pura</span> <span class='ocrx_word' id='word_1_203' title='bbox 661 1223 822 1253; x_wconf 84' lang='lat' dir='ltr'>conscientia</span> <span class='ocrx_word' id='word_1_204' title='bbox 838 1233 901 1261; x_wconf 85' lang='lat' dir='ltr'>erga</span> <span class='ocrx_word' id='word_1_205' title='bbox 915 1233 979 1252; x_wconf 91' lang='lat' dir='ltr'>con-</span> 
     </span>
     <span class='ocr_line' id='line_1_35' title="bbox 232 1262 979 1306; baseline -0.007 -11"><span class='ocrx_word' id='word_1_206' title='bbox 232 1268 323 1306; x_wconf 86' lang='lat' dir='ltr'>juges,</span> <span class='ocrx_word' id='word_1_207' title='bbox 331 1266 441 1301; x_wconf 66' lang='lat' dir='ltr'>liberm,</span> <span class='ocrx_word' id='word_1_208' title='bbox 454 1270 577 1294; x_wconf 82' lang='lat' dir='ltr'>servosct</span> <span class='ocrx_word' id='word_1_209' title='bbox 585 1263 733 1303; x_wconf 86' lang='lat' dir='ltr'>proximos,</span> <span class='ocrx_word' id='word_1_210' title='bbox 739 1262 817 1291; x_wconf 88' lang='lat' dir='ltr'>mites</span> <span class='ocrx_word' id='word_1_211' title='bbox 825 1262 979 1300; x_wconf 82' lang='lat' dir='ltr'>hilaresque</span> 
     </span>
     <span class='ocr_line' id='line_1_36' title="bbox 236 1302 980 1342; baseline -0.007 -8"><span class='ocrx_word' id='word_1_212' title='bbox 236 1305 334 1342; x_wconf 78' lang='lat' dir='ltr'>effecit,</span> <span class='ocrx_word' id='word_1_213' title='bbox 350 1311 382 1333; x_wconf 92' lang='lat' dir='ltr'>ut</span> <span class='ocrx_word' id='word_1_214' title='bbox 393 1303 471 1342; x_wconf 84' lang='lat' dir='ltr'>digni</span> <span class='ocrx_word' id='word_1_215' title='bbox 484 1304 542 1333; x_wconf 87' lang='lat' dir='ltr'>sitis</span> <span class='ocrx_word' id='word_1_216' title='bbox 554 1303 601 1341; x_wconf 91' lang='lat' dir='ltr'>qui</span> <span class='ocrx_word' id='word_1_217' title='bbox 614 1302 690 1341; x_wconf 79' lang='lat' dir='ltr'>regni</span> <span class='ocrx_word' id='word_1_218' title='bbox 704 1302 832 1331; x_wconf 82' lang='lat' dir='ltr'>caelorum</span> <span class='ocrx_word' id='word_1_219' title='bbox 845 1308 980 1330; x_wconf 84' lang='lat' dir='ltr'>consortes</span> 
     </span>
     <span class='ocr_line' id='line_1_37' title="bbox 236 1339 978 1381; baseline -0.008 -7"><span class='ocrx_word' id='word_1_220' title='bbox 236 1343 399 1374; x_wconf 87' lang='lat' dir='ltr'>efficiamini.</span> <span class='ocrx_word' id='word_1_221' title='bbox 408 1343 515 1374; x_wconf 88' lang='lat' dir='ltr'>Verum</span> <span class='ocrx_word' id='word_1_222' title='bbox 526 1342 590 1381; x_wconf 87' lang='lat' dir='ltr'>quia</span> <span class='ocrx_word' id='word_1_223' title='bbox 603 1342 712 1375; x_wconf 84' lang='lat' dir='ltr'>tertium</span> <span class='ocrx_word' id='word_1_224' title='bbox 725 1351 833 1379; x_wconf 83' lang='lat' dir='ltr'>quoquc</span> <span class='ocrx_word' id='word_1_225' title='bbox 843 1339 978 1376; x_wconf 83' lang='lat' dir='ltr'>ordinem,</span> 
     </span>
     <span class='ocr_line' id='line_1_38' title="bbox 236 1379 980 1424; baseline -0.009 -10"><span class='ocrx_word' id='word_1_226' title='bbox 236 1395 333 1424; x_wconf 84' lang='lat' dir='ltr'>nempe</span> <span class='ocrx_word' id='word_1_227' title='bbox 349 1383 505 1419; x_wconf 88' lang='lat' dir='ltr'>viduarum,</span> <span class='ocrx_word' id='word_1_228' title='bbox 519 1392 562 1411; x_wconf 92' lang='lat' dir='ltr'>me</span> <span class='ocrx_word' id='word_1_229' title='bbox 576 1387 828 1420; x_wconf 80' lang='lat' dir='ltr'>repraesentaturum</span> <span class='ocrx_word' id='word_1_230' title='bbox 841 1379 980 1419; x_wconf 88' lang='lat' dir='ltr'>pollicitus</span> 
     </span>
     <span class='ocr_line' id='line_1_39' title="bbox 238 1418 981 1461; baseline -0.008 -8"><span class='ocrx_word' id='word_1_231' title='bbox 238 1434 315 1459; x_wconf 87' lang='lat' dir='ltr'>sum,</span> <span class='ocrx_word' id='word_1_232' title='bbox 330 1423 410 1452; x_wconf 88' lang='lat' dir='ltr'>illum</span> <span class='ocrx_word' id='word_1_233' title='bbox 431 1432 538 1460; x_wconf 85' lang='lat' dir='ltr'>quoque</span> <span class='ocrx_word' id='word_1_234' title='bbox 557 1419 649 1461; x_wconf 86' lang='lat' dir='ltr'>paucis</span> <span class='ocrx_word' id='word_1_235' title='bbox 666 1429 716 1459; x_wconf 88' lang='lat' dir='ltr'>pro</span> <span class='ocrx_word' id='word_1_236' title='bbox 733 1429 807 1448; x_wconf 88' lang='lat' dir='ltr'>more</span> <span class='ocrx_word' id='word_1_237' title='bbox 820 1418 910 1449; x_wconf 83' lang='lat' dir='ltr'>verbis</span> <span class='ocrx_word' id='word_1_238' title='bbox 930 1429 981 1447; x_wconf 81' lang='lat' dir='ltr'>ex-</span> 
     </span>
     <span class='ocr_line' id='line_1_40' title="bbox 241 1459 981 1504; baseline -0.008 -11"><span class='ocrx_word' id='word_1_239' title='bbox 241 1462 356 1504; x_wconf 86' lang='lat' dir='ltr'>pediam.</span> <span class='ocrx_word' id='word_1_240' title='bbox 381 1461 503 1493; x_wconf 87' lang='lat' dir='ltr'>Viduam</span> <span class='ocrx_word' id='word_1_241' title='bbox 530 1459 671 1490; x_wconf 87' lang='lat' dir='ltr'>mulierem</span> <span class='ocrx_word' id='word_1_242' title='bbox 692 1459 773 1488; x_wconf 85' lang='lat' dir='ltr'>talem</span> <span class='ocrx_word' id='word_1_243' title='bbox 798 1464 903 1498; x_wconf 88' lang='lat' dir='ltr'>oportet</span> <span class='ocrx_word' id='word_1_244' title='bbox 924 1468 981 1487; x_wconf 90' lang='lat' dir='ltr'>esse</span> 
     </span>
     <span class='ocr_line' id='line_1_41' title="bbox 240 1497 1015 1540; baseline -0.009 -8"><span class='ocrx_word' id='word_1_245' title='bbox 240 1501 388 1533; x_wconf 88' lang='lat' dir='ltr'>secundum</span> <span class='ocrx_word' id='word_1_246' title='bbox 409 1500 559 1540; x_wconf 89' lang='lat' dir='ltr'>apostolum</span> <span class='ocrx_word' id='word_1_247' title='bbox 581 1498 697 1529; x_wconf 87' lang='lat' dir='ltr'>Paulum</span> <span class='ocrx_word' id='word_1_248' title='bbox 722 1510 728 1527; x_wconf 91' lang='lat'><strong>:</strong></span> <span class='ocrx_word' id='word_1_249' title='bbox 756 1497 878 1527; x_wconf 87' lang='lat' dir='ltr'>filiorum</span> <span class='ocrx_word' id='word_1_250' title='bbox 903 1497 982 1526; x_wconf 83' lang='lat' dir='ltr'>altri-</span> <span class='ocrx_word' id='word_1_251' title='bbox 996 1497 1015 1521; x_wconf 90' lang='lat' dir='ltr'>C</span> 
     </span>
     <span class='ocr_line' id='line_1_42' title="bbox 240 1536 981 1579; baseline -0.008 -8"><span class='ocrx_word' id='word_1_252' title='bbox 240 1553 308 1579; x_wconf 83' lang='lat' dir='ltr'>cem,</span> <span class='ocrx_word' id='word_1_253' title='bbox 322 1548 475 1570; x_wconf 81' lang='lat' dir='ltr'>sanctorum</span> <span class='ocrx_word' id='word_1_254' title='bbox 495 1539 589 1569; x_wconf 85' lang='lat' dir='ltr'>usibus</span> <span class='ocrx_word' id='word_1_255' title='bbox 602 1548 771 1568; x_wconf 88' lang='lat' dir='ltr'>communem</span> <span class='ocrx_word' id='word_1_256' title='bbox 789 1548 897 1577; x_wconf 88' lang='lat' dir='ltr'>operam</span> <span class='ocrx_word' id='word_1_257' title='bbox 909 1536 981 1566; x_wconf 87' lang='lat' dir='ltr'>dan—</span> 
     </span>
     <span class='ocr_line' id='line_1_43' title="bbox 239 1575 982 1620; baseline -0.008 -9"><span class='ocrx_word' id='word_1_258' title='bbox 239 1589 305 1618; x_wconf 88' lang='lat' dir='ltr'>tem,</span> <span class='ocrx_word' id='word_1_259' title='bbox 320 1580 459 1620; x_wconf 87' lang='lat' dir='ltr'>bospitum</span> <span class='ocrx_word' id='word_1_260' title='bbox 479 1578 627 1608; x_wconf 86' lang='lat' dir='ltr'>ministerio</span> <span class='ocrx_word' id='word_1_261' title='bbox 651 1583 798 1612; x_wconf 85' lang='lat' dir='ltr'>vacantem,</span> <span class='ocrx_word' id='word_1_262' title='bbox 819 1587 868 1606; x_wconf 91' lang='lat' dir='ltr'>nec</span> <span class='ocrx_word' id='word_1_263' title='bbox 884 1575 982 1605; x_wconf 84' lang='lat' dir='ltr'>studiis</span> 
     </span>
     <span class='ocr_line' id='line_1_44' title="bbox 241 1615 979 1660; baseline -0.008 -10"><span class='ocrx_word' id='word_1_264' title='bbox 241 1621 433 1660; x_wconf 78' lang='lat' dir='ltr'>cogitationum</span> <span class='ocrx_word' id='word_1_265' title='bbox 452 1629 563 1648; x_wconf 82' lang='lat' dir='ltr'>suarum</span> <span class='ocrx_word' id='word_1_266' title='bbox 580 1628 635 1647; x_wconf 80' lang='lat' dir='ltr'>sese</span> <span class='ocrx_word' id='word_1_267' title='bbox 647 1616 818 1655; x_wconf 78' lang='lat' dir='ltr'>ingerentem.</span> <span class='ocrx_word' id='word_1_268' title='bbox 831 1616 876 1645; x_wconf 82' lang='lat' dir='ltr'>Ait</span> <span class='ocrx_word' id='word_1_269' title='bbox 889 1615 960 1645; x_wconf 90' lang='lat' dir='ltr'>enim</span> <span class='ocrx_word' id='word_1_270' title='bbox 972 1628 979 1644; x_wconf 90' lang='lat'>:</span> 
     </span>
     <span class='ocr_line' id='line_1_45' title="bbox 240 1655 980 1699; baseline -0.007 -9"><span class='ocrx_word' id='word_1_271' title='bbox 240 1660 339 1691; x_wconf 76' lang='lat' dir='ltr'>Induta</span> <span class='ocrx_word' id='word_1_272' title='bbox 357 1666 417 1699; x_wconf 87' lang='lat' dir='ltr'>post</span> <span class='ocrx_word' id='word_1_273' title='bbox 438 1665 552 1688; x_wconf 86' lang='lat' dir='ltr'>mortem</span> <span class='ocrx_word' id='word_1_274' title='bbox 573 1657 626 1687; x_wconf 88' lang='lat' dir='ltr'>viri</span> <span class='ocrx_word' id='word_1_275' title='bbox 647 1655 805 1686; x_wconf 81' lang='lat' dir='ltr'>vestimento</span> <span class='ocrx_word' id='word_1_276' title='bbox 828 1655 980 1692; x_wconf 81' lang='lat' dir='ltr'>viduitatis,</span> 
     </span>
     <span class='ocr_line' id='line_1_46' title="bbox 242 1695 984 1739; baseline -0.008 -9"><span class='ocrx_word' id='word_1_277' title='bbox 242 1706 413 1739; x_wconf 80' lang='lat' dir='ltr'>compuncta,</span> <span class='ocrx_word' id='word_1_278' title='bbox 432 1709 512 1737; x_wconf 86' lang='lat' dir='ltr'>seque</span> <span class='ocrx_word' id='word_1_279' title='bbox 530 1696 604 1737; x_wconf 89' lang='lat' dir='ltr'>apud</span> <span class='ocrx_word' id='word_1_280' title='bbox 622 1706 713 1725; x_wconf 88' lang='lat' dir='ltr'>omnes</span> <span class='ocrx_word' id='word_1_281' title='bbox 734 1695 835 1724; x_wconf 85' lang='lat' dir='ltr'>talibus</span> <span class='ocrx_word' id='word_1_282' title='bbox 853 1695 984 1725; x_wconf 81' lang='lat' dir='ltr'>exhibens</span> 
     </span>
     <span class='ocr_line' id='line_1_47' title="bbox 243 1734 985 1778; baseline -0.007 -9"><span class='ocrx_word' id='word_1_283' title='bbox 243 1740 374 1769; x_wconf 89' lang='lat' dir='ltr'>moribus.</span> <span class='ocrx_word' id='word_1_284' title='bbox 388 1737 567 1778; x_wconf 75' lang='lat' dir='ltr'>incomposita</span> <span class='ocrx_word' id='word_1_285' title='bbox 588 1742 676 1765; x_wconf 85' lang='lat' dir='ltr'>autem</span> <span class='ocrx_word' id='word_1_286' title='bbox 698 1734 783 1765; x_wconf 87' lang='lat' dir='ltr'>vidua</span> <span class='ocrx_word' id='word_1_287' title='bbox 804 1734 929 1765; x_wconf 91' lang='lat' dir='ltr'>immanis</span> <span class='ocrx_word' id='word_1_288' title='bbox 945 1740 985 1764; x_wconf 91' lang='lat' dir='ltr'>est</span> 
     </span>
     <span class='ocr_line' id='line_1_48' title="bbox 244 1774 986 1819; baseline -0.008 -10"><span class='ocrx_word' id='word_1_289' title='bbox 244 1780 310 1815; x_wconf 82' lang='lat' dir='ltr'>sera,</span> <span class='ocrx_word' id='word_1_290' title='bbox 323 1789 423 1819; x_wconf 85' lang='lat' dir='ltr'>perque</span> <span class='ocrx_word' id='word_1_291' title='bbox 440 1777 535 1807; x_wconf 86' lang='lat' dir='ltr'>domos</span> <span class='ocrx_word' id='word_1_292' title='bbox 556 1776 720 1811; x_wconf 88' lang='lat' dir='ltr'>discurrens,</span> <span class='ocrx_word' id='word_1_293' title='bbox 739 1774 864 1805; x_wconf 86' lang='lat' dir='ltr'>indecora</span> <span class='ocrx_word' id='word_1_294' title='bbox 885 1775 986 1815; x_wconf 86' lang='lat' dir='ltr'>profert</span> 
     </span>
     <span class='ocr_line' id='line_1_49' title="bbox 244 1814 986 1858; baseline -0.008 -8"><span class='ocrx_word' id='word_1_295' title='bbox 244 1819 346 1850; x_wconf 82' lang='lat' dir='ltr'>verba:</span> <span class='ocrx_word' id='word_1_296' title='bbox 359 1820 442 1858; x_wconf 91' lang='lat' dir='ltr'>Inops</span> <span class='ocrx_word' id='word_1_297' title='bbox 455 1828 526 1854; x_wconf 85' lang='lat' dir='ltr'>sum,</span> <span class='ocrx_word' id='word_1_298' title='bbox 541 1822 567 1845; x_wconf 88' lang='lat' dir='ltr'>et</span> <span class='ocrx_word' id='word_1_299' title='bbox 580 1815 661 1845; x_wconf 89' lang='lat' dir='ltr'>domo</span> <span class='ocrx_word' id='word_1_300' title='bbox 677 1824 783 1853; x_wconf 88' lang='lat' dir='ltr'>carens;</span> <span class='ocrx_word' id='word_1_301' title='bbox 795 1815 899 1845; x_wconf 75' lang='lat' dir='ltr'>divitiae</span> <span class='ocrx_word' id='word_1_302' title='bbox 920 1814 986 1844; x_wconf 91' lang='lat' dir='ltr'>olim</span> 
     </span>
     <span class='ocr_line' id='line_1_50' title="bbox 246 1853 985 1894; baseline -0.007 -6"><span class='ocrx_word' id='word_1_303' title='bbox 246 1859 338 1888; x_wconf 79' lang='lat' dir='ltr'>multae</span> <span class='ocrx_word' id='word_1_304' title='bbox 360 1858 429 1887; x_wconf 86' lang='lat' dir='ltr'>mihi</span> <span class='ocrx_word' id='word_1_305' title='bbox 450 1864 525 1886; x_wconf 88' lang='lat' dir='ltr'>erant</span> <span class='ocrx_word' id='word_1_306' title='bbox 543 1855 571 1884; x_wconf 88' lang='lat' dir='ltr'>in</span> <span class='ocrx_word' id='word_1_307' title='bbox 584 1855 668 1894; x_wconf 84' lang='lat' dir='ltr'>agris,</span> <span class='ocrx_word' id='word_1_308' title='bbox 679 1853 816 1892; x_wconf 88' lang='lat' dir='ltr'>domibus,</span> <span class='ocrx_word' id='word_1_309' title='bbox 831 1854 985 1894; x_wconf 83' lang='lat' dir='ltr'>quadrupe-</span> 
     </span>
     <span class='ocr_line' id='line_1_51' title="bbox 246 1893 987 1933; baseline -0.007 -6"><span class='ocrx_word' id='word_1_310' title='bbox 246 1898 327 1927; x_wconf 87' lang='lat' dir='ltr'>dibus</span> <span class='ocrx_word' id='word_1_311' title='bbox 347 1905 373 1926; x_wconf 86' lang='lat' dir='ltr'>et</span> <span class='ocrx_word' id='word_1_312' title='bbox 391 1895 566 1931; x_wconf 83' lang='lat' dir='ltr'>vestimentis,</span> <span class='ocrx_word' id='word_1_313' title='bbox 586 1893 737 1933; x_wconf 81' lang='lat' dir='ltr'>conjuxque</span> <span class='ocrx_word' id='word_1_314' title='bbox 759 1896 833 1923; x_wconf 82' lang='lat' dir='ltr'>meus</span> <span class='ocrx_word' id='word_1_315' title='bbox 856 1894 921 1923; x_wconf 85' lang='lat' dir='ltr'>artis</span> <span class='ocrx_word' id='word_1_316' title='bbox 940 1905 987 1923; x_wconf 70' lang='grc' dir='ltr'>εω-</span> 
     </span>
     <span class='ocr_line' id='line_1_52' title="bbox 247 1933 986 1981; baseline -0.004 -14"><span class='ocrx_word' id='word_1_317' title='bbox 247 1937 346 1967; x_wconf 80' lang='lat' dir='ltr'>cularis</span> <span class='ocrx_word' id='word_1_318' title='bbox 360 1936 509 1981; x_wconf 86' lang='lat' dir='ltr'>imperitus,</span> <span class='ocrx_word' id='word_1_319' title='bbox 520 1935 577 1963; x_wconf 80' lang='lat' dir='ltr'>haec</span> <span class='ocrx_word' id='word_1_320' title='bbox 591 1934 737 1970; x_wconf 75' lang='lat' dir='ltr'>absumsit5</span> <span class='ocrx_word' id='word_1_321' title='bbox 750 1935 839 1974; x_wconf 87' lang='lat' dir='ltr'>ampla</span> <span class='ocrx_word' id='word_1_322' title='bbox 853 1934 921 1963; x_wconf 87' lang='lat' dir='ltr'>mihi</span> <span class='ocrx_word' id='word_1_323' title='bbox 936 1933 986 1964; x_wconf 85' lang='lat' dir='ltr'>dos</span> 
     </span>
     <span class='ocr_line' id='line_1_53' title="bbox 247 1973 987 2013; baseline -0.005 -7"><span class='ocrx_word' id='word_1_324' title='bbox 247 1984 320 2011; x_wconf 70' lang='lat' dir='ltr'>erat3</span> <span class='ocrx_word' id='word_1_325' title='bbox 340 1975 419 2004; x_wconf 85' lang='lat' dir='ltr'>dictis</span> <span class='ocrx_word' id='word_1_326' title='bbox 449 1974 497 2004; x_wconf 87' lang='lat' dir='ltr'>ille</span> <span class='ocrx_word' id='word_1_327' title='bbox 525 1973 591 2002; x_wconf 87' lang='lat' dir='ltr'>meis</span> <span class='ocrx_word' id='word_1_328' title='bbox 619 1983 672 2001; x_wconf 92' lang='lat' dir='ltr'>non</span> <span class='ocrx_word' id='word_1_329' title='bbox 697 1973 892 2012; x_wconf 85' lang='lat' dir='ltr'>obsequebatur</span> <span class='ocrx_word' id='word_1_330' title='bbox 897 1985 907 2009; x_wconf 64' lang='grc' dir='ltr'>ς</span> <span class='ocrx_word' id='word_1_331' title='bbox 928 1974 987 2013; x_wconf 89' lang='lat' dir='ltr'>ejus</span> 
     </span>
     <span class='ocr_line' id='line_1_54' title="bbox 248 2012 987 2051; baseline -0.003 -6"><span class='ocrx_word' id='word_1_332' title='bbox 248 2027 312 2045; x_wconf 88' lang='lat' dir='ltr'>vero</span> <span class='ocrx_word' id='word_1_333' title='bbox 329 2015 441 2044; x_wconf 87' lang='lat' dir='ltr'>consilia</span> <span class='ocrx_word' id='word_1_334' title='bbox 457 2014 501 2044; x_wconf 89' lang='lat' dir='ltr'>vel</span> <span class='ocrx_word' id='word_1_335' title='bbox 521 2012 604 2042; x_wconf 80' lang='lat' dir='ltr'>invita</span> <span class='ocrx_word' id='word_1_336' title='bbox 622 2012 767 2051; x_wconf 79' lang='lat' dir='ltr'>sequebar;</span> <span class='ocrx_word' id='word_1_337' title='bbox 780 2013 850 2043; x_wconf 89' lang='lat' dir='ltr'>nihil</span> <span class='ocrx_word' id='word_1_338' title='bbox 860 2013 928 2042; x_wconf 89' lang='lat' dir='ltr'>mibi</span> <span class='ocrx_word' id='word_1_339' title='bbox 943 2024 987 2043; x_wconf 88' lang='lat' dir='ltr'>re-</span> 
     </span>
     <span class='ocr_line' id='line_1_55' title="bbox 248 2052 988 2094; baseline -0.003 -10"><span class='ocrx_word' id='word_1_340' title='bbox 248 2056 339 2094; x_wconf 89' lang='lat' dir='ltr'>liquit.</span> <span class='ocrx_word' id='word_1_341' title='bbox 353 2054 398 2084; x_wconf 88' lang='lat' dir='ltr'>Sic</span> <span class='ocrx_word' id='word_1_342' title='bbox 413 2064 494 2092; x_wconf 88' lang='lat' dir='ltr'>quem</span> <span class='ocrx_word' id='word_1_343' title='bbox 514 2053 648 2082; x_wconf 86' lang='lat' dir='ltr'>viventem</span> <span class='ocrx_word' id='word_1_344' title='bbox 671 2052 741 2081; x_wconf 80' lang='lat' dir='ltr'>ulni⁵</span> <span class='ocrx_word' id='word_1_345' title='bbox 758 2053 814 2082; x_wconf 91' lang='lat' dir='ltr'>suis</span> <span class='ocrx_word' id='word_1_346' title='bbox 833 2053 988 2092; x_wconf 85' lang='lat' dir='ltr'>complecte-</span> 
     </span>
     <span class='ocr_line' id='line_1_56' title="bbox 249 2091 989 2131; baseline -0.003 -7"><span class='ocrx_word' id='word_1_347' title='bbox 249 2095 339 2131; x_wconf 82' lang='lat' dir='ltr'>batur,</span> <span class='ocrx_word' id='word_1_348' title='bbox 360 2100 496 2122; x_wconf 90' lang='lat' dir='ltr'>mortuum</span> <span class='ocrx_word' id='word_1_349' title='bbox 518 2091 666 2131; x_wconf 82' lang='lat' dir='ltr'>triumphat</span> <span class='ocrx_word' id='word_1_350' title='bbox 683 2091 758 2131; x_wconf 89' lang='lat' dir='ltr'>apud</span> <span class='ocrx_word' id='word_1_351' title='bbox 778 2093 925 2121; x_wconf 57' lang='lat' dir='ltr'>amicos—et</span> <span class='ocrx_word' id='word_1_352' title='bbox 946 2103 989 2122; x_wconf 89' lang='lat' dir='ltr'>co-</span> 
     </span>
     <span class='ocr_line' id='line_1_57' title="bbox 251 2131 1023 2173; baseline -0.004 -10"><span class='ocrx_word' id='word_1_353' title='bbox 251 2141 352 2173; x_wconf 82' lang='lat' dir='ltr'>gnatos.</span> <span class='ocrx_word' id='word_1_354' title='bbox 367 2132 443 2162; x_wconf 84' lang='lat' dir='ltr'>Talis</span> <span class='ocrx_word' id='word_1_355' title='bbox 460 2132 544 2162; x_wconf 79' lang='lat' dir='ltr'>vidua</span> <span class='ocrx_word' id='word_1_356' title='bbox 564 2131 746 2170; x_wconf 80' lang='lat' dir='ltr'>circumspicit</span> <span class='ocrx_word' id='word_1_357' title='bbox 762 2138 792 2161; x_wconf 84' lang='lat' dir='ltr'>ut</span> <span class='ocrx_word' id='word_1_358' title='bbox 808 2132 989 2162; x_wconf 86' lang='lat' dir='ltr'>concubinum</span> <span class='ocrx_word' id='word_1_359' title='bbox 1004 2136 1023 2160; x_wconf 88' lang='lat' dir='ltr'>D</span> 
     </span>
     <span class='ocr_line' id='line_1_58' title="bbox 250 2170 989 2209; baseline -0.004 -6"><span class='ocrx_word' id='word_1_360' title='bbox 250 2174 304 2203; x_wconf 88' lang='lat' dir='ltr'>sibi</span> <span class='ocrx_word' id='word_1_361' title='bbox 321 2174 390 2202; x_wconf 88' lang='lat' dir='ltr'>clam</span> <span class='ocrx_word' id='word_1_362' title='bbox 408 2172 528 2207; x_wconf 88' lang='lat' dir='ltr'>asciscat,</span> <span class='ocrx_word' id='word_1_363' title='bbox 549 2177 628 2209; x_wconf 84' lang='lat' dir='ltr'>atque</span> <span class='ocrx_word' id='word_1_364' title='bbox 649 2170 758 2199; x_wconf 91' lang='lat' dir='ltr'>obtentu</span> <span class='ocrx_word' id='word_1_365' title='bbox 776 2171 869 2200; x_wconf 88' lang='lat' dir='ltr'>orandi</span> <span class='ocrx_word' id='word_1_366' title='bbox 891 2182 989 2201; x_wconf 78' lang='lat' dir='ltr'>curan-</span> 
     </span>
     <span class='ocr_line' id='line_1_59' title="bbox 251 2210 988 2251; baseline -0.003 -9"><span class='ocrx_word' id='word_1_367' title='bbox 251 2213 346 2251; x_wconf 82' lang='lat' dir='ltr'>daeque</span> <span class='ocrx_word' id='word_1_368' title='bbox 367 2211 487 2248; x_wconf 71' lang='lat' dir='ltr'>familiae,</span> <span class='ocrx_word' id='word_1_369' title='bbox 502 2210 649 2239; x_wconf 85' lang='lat' dir='ltr'>multorum</span> <span class='ocrx_word' id='word_1_370' title='bbox 673 2210 764 2239; x_wconf 85' lang='lat' dir='ltr'>sabula</span> <span class='ocrx_word' id='word_1_371' title='bbox 789 2211 900 2240; x_wconf 86' lang='lat' dir='ltr'>evadit:</span> <span class='ocrx_word' id='word_1_372' title='bbox 915 2211 988 2241; x_wconf 82' lang='lat' dir='ltr'>nefa—</span> 
     </span>
     <span class='ocr_line' id='line_1_60' title="bbox 251 2251 990 2292; baseline -0.001 -11"><span class='ocrx_word' id='word_1_373' title='bbox 251 2252 344 2291; x_wconf 83' lang='lat' dir='ltr'>riaque</span> <span class='ocrx_word' id='word_1_374' title='bbox 359 2258 523 2292; x_wconf 81' lang='lat' dir='ltr'>perpetrans,</span> <span class='ocrx_word' id='word_1_375' title='bbox 538 2255 694 2288; x_wconf 87' lang='lat' dir='ltr'>conceptum</span> <span class='ocrx_word' id='word_1_376' title='bbox 716 2256 791 2279; x_wconf 88' lang='lat' dir='ltr'>utero</span> <span class='ocrx_word' id='word_1_377' title='bbox 805 2251 898 2280; x_wconf 83' lang='lat' dir='ltr'>foetum</span> <span class='ocrx_word' id='word_1_378' title='bbox 920 2251 990 2280; x_wconf 91' lang='lat' dir='ltr'>clam</span> 
     </span>
     <span class='ocr_line' id='line_1_61' title="bbox 250 2289 990 2328; baseline -0.003 -7"><span class='ocrx_word' id='word_1_379' title='bbox 250 2292 363 2328; x_wconf 83' lang='lat' dir='ltr'>retinet;</span> <span class='ocrx_word' id='word_1_380' title='bbox 379 2291 467 2319; x_wconf 89' lang='lat' dir='ltr'>nullas</span> <span class='ocrx_word' id='word_1_381' title='bbox 485 2300 538 2318; x_wconf 93' lang='lat' dir='ltr'>non</span> <span class='ocrx_word' id='word_1_382' title='bbox 554 2295 644 2318; x_wconf 83' lang='lat' dir='ltr'>movet</span> <span class='ocrx_word' id='word_1_383' title='bbox 664 2289 810 2326; x_wconf 84' lang='lat' dir='ltr'>machinas,</span> <span class='ocrx_word' id='word_1_384' title='bbox 823 2297 854 2319; x_wconf 89' lang='lat' dir='ltr'>ut</span> <span class='ocrx_word' id='word_1_385' title='bbox 866 2291 990 2320; x_wconf 89' lang='lat' dir='ltr'>abortum</span> 
     </span>
     <span class='ocr_line' id='line_1_62' title="bbox 250 2328 991 2368; baseline -0.001 -8"><span class='ocrx_word' id='word_1_386' title='bbox 250 2331 340 2368; x_wconf 80' lang='lat' dir='ltr'>faciat,</span> <span class='ocrx_word' id='word_1_387' title='bbox 357 2341 405 2359; x_wconf 88' lang='lat' dir='ltr'>seu</span> <span class='ocrx_word' id='word_1_388' title='bbox 426 2329 555 2359; x_wconf 85' lang='lat' dir='ltr'>veneficio</span> <span class='ocrx_word' id='word_1_389' title='bbox 577 2339 624 2357; x_wconf 90' lang='lat' dir='ltr'>seu</span> <span class='ocrx_word' id='word_1_390' title='bbox 642 2328 826 2368; x_wconf 81' lang='lat' dir='ltr'>improbarum</span> <span class='ocrx_word' id='word_1_391' title='bbox 846 2330 991 2359; x_wconf 91' lang='lat' dir='ltr'>mulierum</span> 
     </span>
     <span class='ocr_line' id='line_1_63' title="bbox 251 2368 990 2407; baseline -0.003 -7"><span class='ocrx_word' id='word_1_392' title='bbox 251 2370 410 2400; x_wconf 86' lang='lat' dir='ltr'>ministerio.</span> <span class='ocrx_word' id='word_1_393' title='bbox 437 2370 574 2398; x_wconf 90' lang='lat' dir='ltr'>Timorem</span> <span class='ocrx_word' id='word_1_394' title='bbox 596 2368 685 2397; x_wconf 83' lang='lat' dir='ltr'>omnia</span> <span class='ocrx_word' id='word_1_395' title='bbox 709 2368 870 2407; x_wconf 86' lang='lat' dir='ltr'>speculantis</span> <span class='ocrx_word' id='word_1_396' title='bbox 889 2370 941 2398; x_wconf 89' lang='lat' dir='ltr'>Dei</span> <span class='ocrx_word' id='word_1_397' title='bbox 962 2370 990 2398; x_wconf 91' lang='lat' dir='ltr'>in</span> 
     </span>
     <span class='ocr_line' id='line_1_64' title="bbox 252 2407 990 2447; baseline -0.003 -7"><span class='ocrx_word' id='word_1_398' title='bbox 252 2409 332 2440; x_wconf 86' lang='lat' dir='ltr'>corde</span> <span class='ocrx_word' id='word_1_399' title='bbox 358 2419 410 2438; x_wconf 92' lang='lat' dir='ltr'>non</span> <span class='ocrx_word' id='word_1_400' title='bbox 431 2408 515 2437; x_wconf 76' lang='lat' dir='ltr'>habet</span> <span class='ocrx_word' id='word_1_401' title='bbox 529 2420 535 2436; x_wconf 89' lang='lat'><strong>:</strong></span> <span class='ocrx_word' id='word_1_402' title='bbox 549 2418 601 2436; x_wconf 91' lang='lat' dir='ltr'>non</span> <span class='ocrx_word' id='word_1_403' title='bbox 624 2407 755 2436; x_wconf 88' lang='lat' dir='ltr'>erubescit</span> <span class='ocrx_word' id='word_1_404' title='bbox 780 2415 928 2447; x_wconf 83' lang='lat' dir='ltr'>peccatum,</span> <span class='ocrx_word' id='word_1_405' title='bbox 944 2409 990 2438; x_wconf 87' lang='lat' dir='ltr'>sed</span> 
     </span>
     <span class='ocr_line' id='line_1_65' title="bbox 252 2446 991 2486; baseline -0.001 -7"><span class='ocrx_word' id='word_1_406' title='bbox 252 2449 384 2479; x_wconf 87' lang='lat' dir='ltr'>crubescit</span> <span class='ocrx_word' id='word_1_407' title='bbox 394 2449 511 2478; x_wconf 83' lang='lat' dir='ltr'>fructum</span> <span class='ocrx_word' id='word_1_408' title='bbox 523 2458 557 2476; x_wconf 83' lang='lat' dir='ltr'>ex</span> <span class='ocrx_word' id='word_1_409' title='bbox 568 2457 596 2476; x_wconf 89' lang='lat' dir='ltr'>se</span> <span class='ocrx_word' id='word_1_410' title='bbox 607 2446 793 2486; x_wconf 88' lang='lat' dir='ltr'>prodeuntem.</span> <span class='ocrx_word' id='word_1_411' title='bbox 801 2449 874 2484; x_wconf 88' lang='lat' dir='ltr'>Quot</span> <span class='ocrx_word' id='word_1_412' title='bbox 882 2448 940 2478; x_wconf 86' lang='lat' dir='ltr'>vidi</span> <span class='ocrx_word' id='word_1_413' title='bbox 948 2449 991 2478; x_wconf 83' lang='lat' dir='ltr'>he-</span> 
     </span>
     <span class='ocr_line' id='line_1_66' title="bbox 252 2485 993 2528; baseline -0.001 -9"><span class='ocrx_word' id='word_1_414' title='bbox 252 2500 296 2519; x_wconf 89' lang='lat' dir='ltr'>ros</span> <span class='ocrx_word' id='word_1_415' title='bbox 308 2488 531 2528; x_wconf 83' lang='lat' dir='ltr'>nequissimarum</span> <span class='ocrx_word' id='word_1_416' title='bbox 550 2485 708 2526; x_wconf 88' lang='lat' dir='ltr'>hujusmodi</span> <span class='ocrx_word' id='word_1_417' title='bbox 724 2487 868 2516; x_wconf 87' lang='lat' dir='ltr'>mulierum</span> <span class='ocrx_word' id='word_1_418' title='bbox 881 2488 993 2518; x_wconf 81' lang='lat' dir='ltr'>servos?</span> 
     </span>
    </p>
   </div>
   <div class='ocr_carea' id='block_1_6' title="bbox 254 2531 993 2572">
    <p class='ocr_par' dir='ltr' id='par_1_6' title="bbox 254 2531 993 2572">
     <span class='ocr_line' id='line_1_67' title="bbox 254 2531 993 2572; baseline 0 -10"><span class='ocrx_word' id='word_1_419' title='bbox 254 2540 319 2572; x_wconf 89' lang='lat' dir='ltr'>quot</span> <span class='ocrx_word' id='word_1_420' title='bbox 331 2532 430 2562; x_wconf 85' lang='lat' dir='ltr'>liberos</span> <span class='ocrx_word' id='word_1_421' title='bbox 451 2531 523 2560; x_wconf 88' lang='lat' dir='ltr'>filios</span> <span class='ocrx_word' id='word_1_422' title='bbox 542 2541 605 2560; x_wconf 90' lang='lat' dir='ltr'>cum</span> <span class='ocrx_word' id='word_1_423' title='bbox 625 2531 722 2561; x_wconf 84' lang='lat' dir='ltr'>timore</span> <span class='ocrx_word' id='word_1_424' title='bbox 735 2537 760 2560; x_wconf 90' lang='lat' dir='ltr'>ct</span> <span class='ocrx_word' id='word_1_425' title='bbox 778 2538 851 2561; x_wconf 89' lang='lat' dir='ltr'>metu</span> <span class='ocrx_word' id='word_1_426' title='bbox 871 2532 936 2572; x_wconf 89' lang='lat' dir='ltr'>ipsis</span> <span class='ocrx_word' id='word_1_427' title='bbox 949 2532 993 2562; x_wconf 83' lang='lat' dir='ltr'>ad-</span> 
     </span>
    </p>
   </div>
   <div class='ocr_carea' id='block_1_7' title="bbox 286 2609 789 2644">
    <p class='ocr_par' dir='ltr' id='par_1_7' title="bbox 286 2609 789 2644">
     <span class='ocr_line' id='line_1_68' title="bbox 286 2609 789 2644; baseline -0.004 -8"><span class='ocrx_word' id='word_1_428' title='bbox 286 2619 296 2630; x_wconf 59' lang='lat' dir='ltr'>a</span> <span class='ocrx_word' id='word_1_429' title='bbox 315 2610 390 2637; x_wconf 79' lang='lat' dir='ltr'>Savil.</span> <span class='ocrx_word' id='word_1_430' title='bbox 403 2609 534 2643; x_wconf 78' lang='lat' dir='ltr'>legendum</span> <span class='ocrx_word' id='word_1_431' title='bbox 547 2614 620 2642; x_wconf 78' lang='lat' dir='ltr'>putat</span> <span class='ocrx_word' id='word_1_432' title='bbox 629 2615 677 2638; x_wconf 79' lang='grc' dir='ltr'>ταῖς</span> <span class='ocrx_word' id='word_1_433' title='bbox 686 2613 789 2644; x_wconf 70' lang='grc' dir='ltr'>χρείαις.-</span> 
     </span>
    </p>
   </div>
   <div class='ocr_carea' id='block_1_8' title="bbox 941 208 1139 242">
    <p class='ocr_par' dir='ltr' id='par_1_8' title="bbox 941 208 1139 242">
     <span class='ocr_line' id='line_1_69' title="bbox 941 208 1139 242; baseline -0.005 -10"><span class='ocrx_word' id='word_1_434' title='bbox 941 208 1072 232; x_wconf 64' lang='grc' dir='ltr'>ενυιιιι.</span> <span class='ocrx_word' id='word_1_435' title='bbox 1097 240 1099 242; x_wconf 14' lang='lat' dir='ltr'>q</span> <span class='ocrx_word' id='word_1_436' title='bbox 1135 228 1139 239; x_wconf 79' lang='grc'>,</span> 
     </span>
    </p>
   </div>
   <div class='ocr_carea' id='block_1_9' title="bbox 1017 264 1812 2572">
    <p class='ocr_par' dir='ltr' id='par_1_9' title="bbox 1017 264 1803 1578">
     <span class='ocr_line' id='line_1_70' title="bbox 1019 264 1790 309; baseline -0.006 -10"><span class='ocrx_word' id='word_1_437' title='bbox 1019 269 1125 309; x_wconf 86' lang='grc' dir='ltr'>σώματι</span> <span class='ocrx_word' id='word_1_438' title='bbox 1139 268 1185 298; x_wconf 80' lang='grc' dir='ltr'>καὶ</span> <span class='ocrx_word' id='word_1_439' title='bbox 1198 269 1237 308; x_wconf 79' lang='grc' dir='ltr'>τῷ</span> <span class='ocrx_word' id='word_1_440' title='bbox 1250 268 1391 307; x_wconf 76' lang='grc' dir='ltr'>πνεύματι.</span> <span class='ocrx_word' id='word_1_441' title='bbox 1402 267 1461 298; x_wconf 72' lang='grc' dir='ltr'>Κᾶν</span> <span class='ocrx_word' id='word_1_442' title='bbox 1479 267 1560 297; x_wconf 76' lang='grc' dir='ltr'>τέκνα</span> <span class='ocrx_word' id='word_1_443' title='bbox 1573 266 1622 307; x_wconf 77' lang='grc' dir='ltr'>ἔχῃ</span> <span class='ocrx_word' id='word_1_444' title='bbox 1634 288 1642 302; x_wconf 90' lang='grc'>,</span> <span class='ocrx_word' id='word_1_445' title='bbox 1662 267 1698 298; x_wconf 85' lang='grc' dir='ltr'>ὡς</span> <span class='ocrx_word' id='word_1_446' title='bbox 1710 264 1790 305; x_wconf 82' lang='grc' dir='ltr'>θηρία</span> 
     </span>
     <span class='ocr_line' id='line_1_71' title="bbox 1017 304 1788 348; baseline -0.006 -10"><span class='ocrx_word' id='word_1_447' title='bbox 1017 312 1103 338; x_wconf 78' lang='grc' dir='ltr'>ταῦτα</span> <span class='ocrx_word' id='word_1_448' title='bbox 1131 307 1224 348; x_wconf 81' lang='grc' dir='ltr'>βλέπει</span> <span class='ocrx_word' id='word_1_449' title='bbox 1234 319 1241 326; x_wconf 93' lang='grc'><em>·</em></span> <span class='ocrx_word' id='word_1_450' title='bbox 1254 307 1304 338; x_wconf 76' lang='grc' dir='ltr'>κᾶν</span> <span class='ocrx_word' id='word_1_451' title='bbox 1325 307 1428 341; x_wconf 77' lang='grc' dir='ltr'>οἰκέτας</span> <span class='ocrx_word' id='word_1_452' title='bbox 1441 306 1592 343; x_wconf 74' lang='grc' dir='ltr'>κέκτηται,</span> <span class='ocrx_word' id='word_1_453' title='bbox 1605 305 1654 336; x_wconf 76' lang='grc' dir='ltr'>κᾶν</span> <span class='ocrx_word' id='word_1_454' title='bbox 1679 304 1788 340; x_wconf 77' lang='grc' dir='ltr'>δούλας,</span> 
     </span>
     <span class='ocr_line' id='line_1_72' title="bbox 1019 344 1790 388; baseline -0.006 -10"><span class='ocrx_word' id='word_1_455' title='bbox 1019 348 1136 388; x_wconf 84' lang='grc' dir='ltr'>πραότης</span> <span class='ocrx_word' id='word_1_456' title='bbox 1150 349 1176 377; x_wconf 83' lang='grc' dir='ltr'>ἐν</span> <span class='ocrx_word' id='word_1_457' title='bbox 1199 349 1267 387; x_wconf 79' lang='grc' dir='ltr'>αὐτῇ</span> <span class='ocrx_word' id='word_1_458' title='bbox 1281 348 1329 378; x_wconf 73' lang='grc' dir='ltr'>οὐκ</span> <span class='ocrx_word' id='word_1_459' title='bbox 1349 346 1432 383; x_wconf 77' lang='grc' dir='ltr'>ἔστιν,</span> <span class='ocrx_word' id='word_1_460' title='bbox 1454 345 1523 376; x_wconf 69' lang='grc' dir='ltr'>ἀλλὰ</span> <span class='ocrx_word' id='word_1_461' title='bbox 1549 345 1596 375; x_wconf 77' lang='grc' dir='ltr'>καὶ</span> <span class='ocrx_word' id='word_1_462' title='bbox 1617 344 1666 381; x_wconf 69' lang='grc' dir='ltr'>τὴν</span> <span class='ocrx_word' id='word_1_463' title='bbox 1687 344 1790 383; x_wconf 81' lang='grc' dir='ltr'>ἡμέραν</span> 
     </span>
     <span class='ocr_line' id='line_1_73' title="bbox 1019 382 1791 429; baseline -0.008 -11"><span class='ocrx_word' id='word_1_464' title='bbox 1019 388 1152 429; x_wconf 81' lang='grc' dir='ltr'>προφάσει</span> <span class='ocrx_word' id='word_1_465' title='bbox 1163 387 1283 421; x_wconf 79' lang='grc' dir='ltr'>δουλείας</span> <span class='ocrx_word' id='word_1_466' title='bbox 1297 386 1376 420; x_wconf 76' lang='grc' dir='ltr'>αὐτὰς</span> <span class='ocrx_word' id='word_1_467' title='bbox 1389 390 1514 425; x_wconf 81' lang='grc' dir='ltr'>μαστιγοῖ</span> <span class='ocrx_word' id='word_1_468' title='bbox 1525 407 1534 423; x_wconf 87' lang='grc'>,</span> <span class='ocrx_word' id='word_1_469' title='bbox 1549 384 1595 415; x_wconf 76' lang='grc' dir='ltr'>καὶ</span> <span class='ocrx_word' id='word_1_470' title='bbox 1618 385 1645 414; x_wconf 82' lang='grc' dir='ltr'>ἐν</span> <span class='ocrx_word' id='word_1_471' title='bbox 1657 384 1734 414; x_wconf 84' lang='grc' dir='ltr'>νυκτὶ</span> <span class='ocrx_word' id='word_1_472' title='bbox 1747 382 1791 412; x_wconf 80' lang='grc' dir='ltr'>ἐπὶ</span> 
     </span>
     <span class='ocr_line' id='line_1_74' title="bbox 1020 424 1790 468; baseline -0.006 -11"><span class='ocrx_word' id='word_1_473' title='bbox 1020 431 1053 467; x_wconf 89' lang='grc' dir='ltr'>τῇ</span> <span class='ocrx_word' id='word_1_474' title='bbox 1074 427 1186 468; x_wconf 72' lang='grc' dir='ltr'>ἐργασίᾳ</span> <span class='ocrx_word' id='word_1_475' title='bbox 1205 427 1286 461; x_wconf 78' lang='grc' dir='ltr'>αὐτὰς</span> <span class='ocrx_word' id='word_1_476' title='bbox 1312 426 1428 467; x_wconf 76' lang='grc' dir='ltr'>θορυὸεῑ.</span> <span class='ocrx_word' id='word_1_477' title='bbox 1444 428 1504 456; x_wconf 80' lang='grc' dir='ltr'>Οὔκ</span> <span class='ocrx_word' id='word_1_478' title='bbox 1531 425 1589 455; x_wconf 76' lang='grc' dir='ltr'>ἔστι</span> <span class='ocrx_word' id='word_1_479' title='bbox 1613 424 1693 465; x_wconf 75' lang='grc' dir='ltr'>φόὸος</span> <span class='ocrx_word' id='word_1_480' title='bbox 1719 424 1790 453; x_wconf 76' lang='grc' dir='ltr'>Θεοῦ</span> 
     </span>
     <span class='ocr_line' id='line_1_75' title="bbox 1023 459 1792 508; baseline -0.007 -11"><span class='ocrx_word' id='word_1_481' title='bbox 1023 467 1149 498; x_wconf 80' lang='grc' dir='ltr'>ἀπέναντι</span> <span class='ocrx_word' id='word_1_482' title='bbox 1162 468 1214 495; x_wconf 85' lang='grc' dir='ltr'>τῶν</span> <span class='ocrx_word' id='word_1_483' title='bbox 1229 468 1372 508; x_wconf 72' lang='grc' dir='ltr'>ὀφθαλμῶν</span> <span class='ocrx_word' id='word_1_484' title='bbox 1383 468 1475 502; x_wconf 72' lang='grc' dir='ltr'>αὐτῆς.</span> <span class='ocrx_word' id='word_1_485' title='bbox 1487 459 1558 495; x_wconf 74' lang='grc' dir='ltr'>Εἶτα</span> <span class='ocrx_word' id='word_1_486' title='bbox 1568 463 1631 494; x_wconf 72' lang='grc' dir='ltr'>ὅταν</span> <span class='ocrx_word' id='word_1_487' title='bbox 1642 463 1689 494; x_wconf 74' lang='grc' dir='ltr'>ἐπὶ</span> <span class='ocrx_word' id='word_1_488' title='bbox 1701 462 1792 498; x_wconf 78' lang='grc' dir='ltr'>κλίνης</span> 
     </span>
     <span class='ocr_line' id='line_1_76' title="bbox 1022 502 1792 547; baseline -0.006 -10"><span class='ocrx_word' id='word_1_489' title='bbox 1022 509 1061 547; x_wconf 82' lang='grc' dir='ltr'>τῷ</span> <span class='ocrx_word' id='word_1_490' title='bbox 1083 507 1157 547; x_wconf 84' lang='grc' dir='ltr'>ἀνδρὶ</span> <span class='ocrx_word' id='word_1_491' title='bbox 1180 506 1424 547; x_wconf 77' lang='grc' dir='ltr'>αὖτῆς,προσέλθῃ,</span> <span class='ocrx_word' id='word_1_492' title='bbox 1437 506 1532 544; x_wconf 74' lang='grc' dir='ltr'>οὒκ-ἐᾷ</span> <span class='ocrx_word' id='word_1_493' title='bbox 1555 502 1633 533; x_wconf 75' lang='grc' dir='ltr'>αὐτὸν</span> <span class='ocrx_word' id='word_1_494' title='bbox 1649 504 1792 540; x_wconf 52' lang='grc' dir='ltr'>,ὑπνῶσαῃ</span> 
     </span>
     <span class='ocr_line' id='line_1_77' title="bbox 1023 541 1792 586; baseline -0.007 -9"><span class='ocrx_word' id='word_1_495' title='bbox 1023 546 1092 577; x_wconf 84' lang='grc' dir='ltr'>ἀλλὰ</span> <span class='ocrx_word' id='word_1_496' title='bbox 1114 549 1192 586; x_wconf 86' lang='grc' dir='ltr'>θυμοῖ</span> <span class='ocrx_word' id='word_1_497' title='bbox 1213 546 1291 576; x_wconf 69' lang='grc' dir='ltr'>αὐτὸν</span> <span class='ocrx_word' id='word_1_498' title='bbox 1313 545 1383 576; x_wconf 78' lang='grc' dir='ltr'>κατὰ</span> <span class='ocrx_word' id='word_1_499' title='bbox 1395 548 1448 576; x_wconf 82' lang='grc' dir='ltr'>τῶν</span> <span class='ocrx_word' id='word_1_500' title='bbox 1460 546 1584 581; x_wconf 79' lang='grc' dir='ltr'>οἰκετῶν,</span> <span class='ocrx_word' id='word_1_501' title='bbox 1596 542 1652 582; x_wconf 74' lang='grc' dir='ltr'>ἔγιί</span> <span class='ocrx_word' id='word_1_502' title='bbox 1668 553 1692 572; x_wconf 78' lang='grc' dir='ltr'>ει</span> <span class='ocrx_word' id='word_1_503' title='bbox 1714 541 1792 572; x_wconf 70' lang='grc' dir='ltr'>αὒτδν</span> 
     </span>
     <span class='ocr_line' id='line_1_78' title="bbox 1023 579 1794 627; baseline -0.008 -11"><span class='ocrx_word' id='word_1_504' title='bbox 1023 587 1088 627; x_wconf 81' lang='grc' dir='ltr'>πρὸς</span> <span class='ocrx_word' id='word_1_505' title='bbox 1102 587 1190 627; x_wconf 80' lang='grc' dir='ltr'>μάχας</span> <span class='ocrx_word' id='word_1_506' title='bbox 1203 586 1273 616; x_wconf 81' lang='grc' dir='ltr'>κατὰ</span> <span class='ocrx_word' id='word_1_507' title='bbox 1283 589 1336 616; x_wconf 79' lang='grc' dir='ltr'>τῶν</span> <span class='ocrx_word' id='word_1_508' title='bbox 1349 585 1473 621; x_wconf 75' lang='grc' dir='ltr'>πλησίον.</span> <span class='ocrx_word' id='word_1_509' title='bbox 1484 579 1570 617; x_wconf 67' lang='grc' dir='ltr'>Οὗτος</span> <span class='ocrx_word' id='word_1_510' title='bbox 1580 585 1594 613; x_wconf 85' lang='grc' dir='ltr'><strong>ὁ</strong></span> <span class='ocrx_word' id='word_1_511' title='bbox 1607 583 1652 612; x_wconf 81' lang='grc' dir='ltr'>δοῢ</span> <span class='ocrx_word' id='word_1_512' title='bbox 1708 593 1794 611; x_wconf 87' lang='grc' dir='ltr'>κατα-</span> 
     </span>
     <span class='ocr_line' id='line_1_79' title="bbox 1025 617 1795 667; baseline -0.008 -11"><span class='ocrx_word' id='word_1_513' title='bbox 1025 631 1113 667; x_wconf 81' lang='grc' dir='ltr'>φρονεῖ</span> <span class='ocrx_word' id='word_1_514' title='bbox 1139 639 1204 665; x_wconf 88' lang='grc' dir='ltr'>μου,</span> <span class='ocrx_word' id='word_1_515' title='bbox 1229 626 1296 662; x_wconf 72' lang='grc' dir='ltr'>αὕτη</span> <span class='ocrx_word' id='word_1_516' title='bbox 1317 628 1335 661; x_wconf 80' lang='grc' dir='ltr'>ἡ</span> <span class='ocrx_word' id='word_1_517' title='bbox 1349 627 1445 659; x_wconf 79' lang='grc' dir='ltr'>οἰκέτις</span> <span class='ocrx_word' id='word_1_518' title='bbox 1468 623 1592 664; x_wconf 78' lang='grc' dir='ltr'>ἐμπαίζει</span> <span class='ocrx_word' id='word_1_519' title='bbox 1613 633 1672 662; x_wconf 89' lang='grc' dir='ltr'>μοι,</span> <span class='ocrx_word' id='word_1_520' title='bbox 1692 617 1767 655; x_wconf 70' lang='grc' dir='ltr'>οὗτος</span> <span class='ocrx_word' id='word_1_521' title='bbox 1779 622 1795 651; x_wconf 81' lang='grc' dir='ltr'><strong><em>ὃ</em></strong></span> 
     </span>
     <span class='ocr_line' id='line_1_80' title="bbox 1025 660 1794 705; baseline -0.008 -9"><span class='ocrx_word' id='word_1_522' title='bbox 1025 666 1138 703; x_wconf 83' lang='grc' dir='ltr'>πλησίον</span> <span class='ocrx_word' id='word_1_523' title='bbox 1149 667 1179 695; x_wconf 86' lang='grc' dir='ltr'>οὐ</span> <span class='ocrx_word' id='word_1_524' title='bbox 1192 666 1307 696; x_wconf 84' lang='grc' dir='ltr'>παύεται</span> <span class='ocrx_word' id='word_1_525' title='bbox 1317 665 1443 705; x_wconf 84' lang='grc' dir='ltr'>λοιδορῶν</span> <span class='ocrx_word' id='word_1_526' title='bbox 1456 677 1490 704; x_wconf 85' lang='grc' dir='ltr'>με</span> <span class='ocrx_word' id='word_1_527' title='bbox 1510 663 1556 694; x_wconf 82' lang='grc' dir='ltr'>καὶ</span> <span class='ocrx_word' id='word_1_528' title='bbox 1576 663 1603 692; x_wconf 73' lang='grc' dir='ltr'>ἐν</span> <span class='ocrx_word' id='word_1_529' title='bbox 1627 660 1794 698; x_wconf 73' lang='grc' dir='ltr'>ἐκκλησίαις,</span> 
     </span>
     <span class='ocr_line' id='line_1_81' title="bbox 1025 700 1794 746; baseline -0.009 -10"><span class='ocrx_word' id='word_1_530' title='bbox 1025 707 1072 736; x_wconf 84' lang='grc' dir='ltr'>καὶ</span> <span class='ocrx_word' id='word_1_531' title='bbox 1088 706 1132 736; x_wconf 78' lang='grc' dir='ltr'>ἐπὶ</span> <span class='ocrx_word' id='word_1_532' title='bbox 1146 706 1238 746; x_wconf 82' lang='grc' dir='ltr'>φίλων,</span> <span class='ocrx_word' id='word_1_533' title='bbox 1251 705 1297 735; x_wconf 81' lang='grc' dir='ltr'>καὶ</span> <span class='ocrx_word' id='word_1_534' title='bbox 1305 706 1332 735; x_wconf 80' lang='grc' dir='ltr'>ἐν</span> <span class='ocrx_word' id='word_1_535' title='bbox 1346 709 1406 738; x_wconf 87' lang='grc' dir='ltr'>ταῖς</span> <span class='ocrx_word' id='word_1_536' title='bbox 1424 706 1547 745; x_wconf 80' lang='grc' dir='ltr'>ἀγοραῖς·</span> <span class='ocrx_word' id='word_1_537' title='bbox 1562 702 1671 738; x_wconf 81' lang='grc' dir='ltr'>ποίησαν</span> <span class='ocrx_word' id='word_1_538' title='bbox 1686 700 1735 737; x_wconf 85' lang='grc' dir='ltr'>τὴν</span> <span class='ocrx_word' id='word_1_539' title='bbox 1748 702 1794 730; x_wconf 72' lang='grc' dir='ltr'>ὄκ-</span> 
     </span>
     <span class='ocr_line' id='line_1_82' title="bbox 1027 740 1795 784; baseline -0.008 -8"><span class='ocrx_word' id='word_1_540' title='bbox 1027 746 1130 782; x_wconf 84' lang='grc' dir='ltr'>δίκησίν</span> <span class='ocrx_word' id='word_1_541' title='bbox 1145 757 1209 784; x_wconf 88' lang='grc' dir='ltr'>μου·</span> <span class='ocrx_word' id='word_1_542' title='bbox 1221 746 1250 774; x_wconf 85' lang='grc' dir='ltr'>οὐ</span> <span class='ocrx_word' id='word_1_543' title='bbox 1265 744 1366 775; x_wconf 88' lang='grc' dir='ltr'>καθίσω</span> <span class='ocrx_word' id='word_1_544' title='bbox 1390 744 1430 774; x_wconf 84' lang='grc' dir='ltr'>ἔτι</span> <span class='ocrx_word' id='word_1_545' title='bbox 1444 743 1512 784; x_wconf 79' lang='grc' dir='ltr'>μετὰ</span> <span class='ocrx_word' id='word_1_546' title='bbox 1532 745 1579 773; x_wconf 75' lang='grc' dir='ltr'>σοῦ</span> <span class='ocrx_word' id='word_1_547' title='bbox 1592 741 1638 772; x_wconf 75' lang='grc' dir='ltr'>ἐπὶ</span> <span class='ocrx_word' id='word_1_548' title='bbox 1648 740 1795 780; x_wconf 77' lang='grc' dir='ltr'>τραπέζης,</span> 
     </span>
     <span class='ocr_line' id='line_1_83' title="bbox 1026 781 1796 818; baseline -0.009 -2"><span class='ocrx_word' id='word_1_549' title='bbox 1026 787 1075 816; x_wconf 82' lang='grc' dir='ltr'>οὐκ</span> <span class='ocrx_word' id='word_1_550' title='bbox 1087 785 1166 815; x_wconf 82' lang='grc' dir='ltr'>ἐσθίω</span> <span class='ocrx_word' id='word_1_551' title='bbox 1179 785 1196 815; x_wconf 86' lang='grc' dir='ltr'>ἄ</span> <span class='ocrx_word' id='word_1_552' title='bbox 1214 797 1258 815; x_wconf 89' lang='grc' dir='ltr'>τον</span> <span class='ocrx_word' id='word_1_553' title='bbox 1279 785 1324 814; x_wconf 81' lang='grc' dir='ltr'>ε’πὶ</span> <span class='ocrx_word' id='word_1_554' title='bbox 1339 787 1385 815; x_wconf 79' lang='grc' dir='ltr'>σοῦ</span> <span class='ocrx_word' id='word_1_555' title='bbox 1395 797 1401 803; x_wconf 92' lang='grc'><strong><em>·</em></strong></span> <span class='ocrx_word' id='word_1_556' title='bbox 1415 786 1445 814; x_wconf 81' lang='grc' dir='ltr'>οὗ</span> <span class='ocrx_word' id='word_1_557' title='bbox 1467 781 1623 818; x_wconf 80' lang='grc' dir='ltr'>καθευδήσω</span> <span class='ocrx_word' id='word_1_558' title='bbox 1634 784 1681 810; x_wconf 81' lang='grc' dir='ltr'>τοῦ</span> <span class='ocrx_word' id='word_1_559' title='bbox 1701 782 1796 811; x_wconf 73' lang='grc' dir='ltr'>λοιποῦ</span> 
     </span>
     <span class='ocr_line' id='line_1_84' title="bbox 1027 797 1797 865; baseline -0.008 -10"><span class='ocrx_word' id='word_1_560' title='bbox 1027 825 1095 865; x_wconf 83' lang='grc' dir='ltr'>μετὰ</span> <span class='ocrx_word' id='word_1_561' title='bbox 1108 827 1171 855; x_wconf 80' lang='grc' dir='ltr'>σοῦ·</span> <span class='ocrx_word' id='word_1_562' title='bbox 1187 797 1227 855; x_wconf 47' lang='lat' dir='ltr'>&amp;fri</span> <span class='ocrx_word' id='word_1_563' title='bbox 1249 824 1309 863; x_wconf 82' lang='grc' dir='ltr'>ἐμοὶ</span> <span class='ocrx_word' id='word_1_564' title='bbox 1329 826 1362 864; x_wconf 76' lang='grc' dir='ltr'>τῇ</span> <span class='ocrx_word' id='word_1_565' title='bbox 1384 825 1490 864; x_wconf 86' lang='grc' dir='ltr'>γυναικί</span> <span class='ocrx_word' id='word_1_566' title='bbox 1517 834 1564 852; x_wconf 83' lang='grc' dir='ltr'>σου</span> <span class='ocrx_word' id='word_1_567' title='bbox 1585 823 1633 852; x_wconf 87' lang='grc' dir='ltr'>οὐκ</span> <span class='ocrx_word' id='word_1_568' title='bbox 1652 821 1761 860; x_wconf 74' lang='grc' dir='ltr'>ἐρυθριᾷ</span> <span class='ocrx_word' id='word_1_569' title='bbox 1782 821 1797 849; x_wconf 80' lang='grc' dir='ltr'><strong>ὃ</strong></span> 
     </span>
     <span class='ocr_line' id='line_1_85' title="bbox 1027 858 1797 902; baseline -0.009 -7"><span class='ocrx_word' id='word_1_570' title='bbox 1027 866 1097 895; x_wconf 87' lang='grc' dir='ltr'>δεῖνα</span> <span class='ocrx_word' id='word_1_571' title='bbox 1111 865 1156 895; x_wconf 86' lang='grc' dir='ltr'>καὶ</span> <span class='ocrx_word' id='word_1_572' title='bbox 1173 867 1190 901; x_wconf 88' lang='grc' dir='ltr'>ἡ</span> <span class='ocrx_word' id='word_1_573' title='bbox 1203 866 1289 900; x_wconf 84' lang='grc' dir='ltr'>δεῖνα,</span> <span class='ocrx_word' id='word_1_574' title='bbox 1304 865 1362 893; x_wconf 84' lang='grc' dir='ltr'>ἀλλ’</span> <span class='ocrx_word' id='word_1_575' title='bbox 1375 865 1411 898; x_wconf 84' lang='grc' dir='ltr'>ὥς</span> <span class='ocrx_word' id='word_1_576' title='bbox 1424 863 1510 901; x_wconf 85' lang='grc' dir='ltr'>πηλόν</span> <span class='ocrx_word' id='word_1_577' title='bbox 1523 875 1557 902; x_wconf 86' lang='grc' dir='ltr'>με</span> <span class='ocrx_word' id='word_1_578' title='bbox 1570 860 1728 901; x_wconf 68' lang='grc' dir='ltr'>λογίζονταιξ</span> <span class='ocrx_word' id='word_1_579' title='bbox 1744 858 1797 889; x_wconf 81' lang='grc' dir='ltr'>Καὶ</span> 
     </span>
     <span class='ocr_line' id='line_1_86' title="bbox 1026 899 1798 945; baseline -0.01 -9"><span class='ocrx_word' id='word_1_580' title='bbox 1026 907 1050 936; x_wconf 87' lang='grc' dir='ltr'>εἰ</span> <span class='ocrx_word' id='word_1_581' title='bbox 1069 905 1260 945; x_wconf 71' lang='grc' dir='ltr'>στοχαζόμενος</span> <span class='ocrx_word' id='word_1_582' title='bbox 1280 906 1365 933; x_wconf 77' lang='grc' dir='ltr'>ταῦτα</span> <span class='ocrx_word' id='word_1_583' title='bbox 1378 905 1440 943; x_wconf 84' lang='grc' dir='ltr'>ὑμῖν</span> <span class='ocrx_word' id='word_1_584' title='bbox 1467 903 1537 943; x_wconf 84' lang='grc' dir='ltr'>λέγω</span> <span class='ocrx_word' id='word_1_585' title='bbox 1543 924 1552 939; x_wconf 90' lang='grc'>,</span> <span class='ocrx_word' id='word_1_586' title='bbox 1578 901 1659 942; x_wconf 79' lang='grc' dir='ltr'>βλέπε</span> <span class='ocrx_word' id='word_1_587' title='bbox 1682 911 1728 939; x_wconf 85' lang='grc' dir='ltr'>μοι</span> <span class='ocrx_word' id='word_1_588' title='bbox 1748 899 1798 935; x_wconf 81' lang='grc' dir='ltr'>τὴν</span> 
     </span>
     <span class='ocr_line' id='line_1_87' title="bbox 1027 938 1797 984; baseline -0.008 -10"><span class='ocrx_word' id='word_1_589' title='bbox 1027 944 1186 984; x_wconf 81' lang='grc' dir='ltr'>Αἰγυπτίαν,</span> <span class='ocrx_word' id='word_1_590' title='bbox 1198 943 1247 980; x_wconf 85' lang='grc' dir='ltr'>τὴν</span> <span class='ocrx_word' id='word_1_591' title='bbox 1281 944 1482 978; x_wconf 81' lang='grc' dir='ltr'>καταπλέξασαν</span> <span class='ocrx_word' id='word_1_592' title='bbox 1496 944 1539 973; x_wconf 83' lang='grc' dir='ltr'>τὸν</span> <span class='ocrx_word' id='word_1_593' title='bbox 1554 940 1669 980; x_wconf 72' lang='grc' dir='ltr'>Ἰωσὴφ,</span> <span class='ocrx_word' id='word_1_594' title='bbox 1694 938 1740 969; x_wconf 77' lang='grc' dir='ltr'>καὶ</span> <span class='ocrx_word' id='word_1_595' title='bbox 1753 939 1797 969; x_wconf 75' lang='grc' dir='ltr'>τὸν</span> 
     </span>
     <span class='ocr_line' id='line_1_88' title="bbox 1028 980 1799 1026; baseline -0.009 -12"><span class='ocrx_word' id='word_1_596' title='bbox 1028 985 1110 1026; x_wconf 82' lang='grc' dir='ltr'>ἄνδρα</span> <span class='ocrx_word' id='word_1_597' title='bbox 1121 986 1203 1020; x_wconf 73' lang='grc' dir='ltr'>αὐτῆς</span> <span class='ocrx_word' id='word_1_598' title='bbox 1215 985 1252 1017; x_wconf 84' lang='grc' dir='ltr'>εἷς</span> <span class='ocrx_word' id='word_1_599' title='bbox 1268 984 1348 1022; x_wconf 77' lang='grc' dir='ltr'>θυμὸν</span> <span class='ocrx_word' id='word_1_600' title='bbox 1370 983 1416 1013; x_wconf 73' lang='grc' dir='ltr'>καὶ</span> <span class='ocrx_word' id='word_1_601' title='bbox 1458 983 1527 1024; x_wconf 85' lang='grc' dir='ltr'>άχην</span> <span class='ocrx_word' id='word_1_602' title='bbox 1541 980 1693 1021; x_wconf 79' lang='grc' dir='ltr'>ἐγείρασαν·</span> <span class='ocrx_word' id='word_1_603' title='bbox 1706 980 1799 1008; x_wconf 80' lang='grc' dir='ltr'>τελευ-</span> 
     </span>
     <span class='ocr_line' id='line_1_89' title="bbox 1029 995 1799 1059; baseline -0.009 -4"><span class='ocrx_word' id='word_1_604' title='bbox 1029 1029 1102 1055; x_wconf 86' lang='grc' dir='ltr'>ταῖον</span> <span class='ocrx_word' id='word_1_605' title='bbox 1114 1024 1142 1054; x_wconf 84' lang='grc' dir='ltr'>δὲ</span> <span class='ocrx_word' id='word_1_606' title='bbox 1154 1024 1200 1053; x_wconf 84' lang='grc' dir='ltr'>καὶ</span> <span class='ocrx_word' id='word_1_607' title='bbox 1217 1025 1368 1053; x_wconf 84' lang='grc' dir='ltr'>θανατῶσαι</span> <span class='ocrx_word' id='word_1_608' title='bbox 1377 995 1481 1059; x_wconf 66' lang='grc' dir='ltr'>ἠπείλει</span> <span class='ocrx_word' id='word_1_609' title='bbox 1499 1023 1542 1053; x_wconf 81' lang='grc' dir='ltr'>τὸν</span> <span class='ocrx_word' id='word_1_610' title='bbox 1566 1021 1676 1058; x_wconf 71' lang='grc' dir='ltr'>δίκαιον,</span> <span class='ocrx_word' id='word_1_611' title='bbox 1687 1021 1710 1049; x_wconf 83' lang='grc' dir='ltr'>εἰ</span> <span class='ocrx_word' id='word_1_612' title='bbox 1733 1017 1770 1058; x_wconf 85' lang='grc' dir='ltr'>μὴ</span> <span class='ocrx_word' id='word_1_613' title='bbox 1785 1020 1799 1048; x_wconf 88' lang='grc' dir='ltr'>ὁ</span> 
     </span>
     <span class='ocr_line' id='line_1_90' title="bbox 1030 1059 1799 1104; baseline -0.008 -11"><span class='ocrx_word' id='word_1_614' title='bbox 1030 1064 1174 1104; x_wconf 82' lang='grc' dir='ltr'>ἀκοίμητος</span> <span class='ocrx_word' id='word_1_615' title='bbox 1187 1062 1320 1103; x_wconf 83' lang='grc' dir='ltr'>ὀφθαλμὸς</span> <span class='ocrx_word' id='word_1_616' title='bbox 1339 1062 1505 1103; x_wconf 76' lang='grc' dir='ltr'>προέφθασε,</span> <span class='ocrx_word' id='word_1_617' title='bbox 1520 1061 1565 1092; x_wconf 80' lang='grc' dir='ltr'>καὶ</span> <span class='ocrx_word' id='word_1_618' title='bbox 1590 1061 1703 1095; x_wconf 77' lang='grc' dir='ltr'>ἐξείλετο</span> <span class='ocrx_word' id='word_1_619' title='bbox 1721 1059 1799 1088; x_wconf 78' lang='grc' dir='ltr'>αὐτὸν</span> 
     </span>
     <span class='ocr_line' id='line_1_91' title="bbox 1031 1097 1800 1143; baseline -0.008 -8"><span class='ocrx_word' id='word_1_620' title='bbox 1031 1106 1061 1135; x_wconf 83' lang='grc' dir='ltr'>ἐκ</span> <span class='ocrx_word' id='word_1_621' title='bbox 1074 1106 1225 1143; x_wconf 69' lang='grc' dir='ltr'>τοῢ,πικροῦ</span> <span class='ocrx_word' id='word_1_622' title='bbox 1238 1101 1362 1132; x_wconf 82' lang='grc' dir='ltr'>θανάτου.</span> <span class='ocrx_word' id='word_1_623' title='bbox 1374 1102 1429 1132; x_wconf 78' lang='grc' dir='ltr'>Ἴδε</span> <span class='ocrx_word' id='word_1_624' title='bbox 1444 1114 1489 1141; x_wconf 88' lang='grc' dir='ltr'>μοι</span> <span class='ocrx_word' id='word_1_625' title='bbox 1511 1101 1555 1132; x_wconf 78' lang='grc' dir='ltr'>καὶ</span> <span class='ocrx_word' id='word_1_626' title='bbox 1576 1099 1625 1136; x_wconf 80' lang='grc' dir='ltr'>τὴν</span> <span class='ocrx_word' id='word_1_627' title='bbox 1647 1097 1800 1140; x_wconf 79' lang='grc' dir='ltr'>Ἡρωδιάδα</span> 
     </span>
     <span class='ocr_line' id='line_1_92' title="bbox 1030 1138 1800 1183; baseline -0.006 -9"><span class='ocrx_word' id='word_1_628' title='bbox 1030 1144 1079 1181; x_wconf 80' lang='grc' dir='ltr'>τὴν</span> <span class='ocrx_word' id='word_1_629' title='bbox 1096 1144 1140 1174; x_wconf 83' lang='grc' dir='ltr'>τὸν</span> <span class='ocrx_word' id='word_1_630' title='bbox 1157 1141 1304 1183; x_wconf 77' lang='grc' dir='ltr'>βαπτιστὴν</span> <span class='ocrx_word' id='word_1_631' title='bbox 1329 1142 1530 1172; x_wconf 80' lang='grc' dir='ltr'>ἀποκτείνασαν.</span> <span class='ocrx_word' id='word_1_632' title='bbox 1541 1139 1617 1176; x_wconf 80' lang='grc' dir='ltr'>Φησὶ</span> <span class='ocrx_word' id='word_1_633' title='bbox 1629 1140 1665 1180; x_wconf 85' lang='grc' dir='ltr'>γὰ</span> <span class='ocrx_word' id='word_1_634' title='bbox 1700 1142 1714 1170; x_wconf 83' lang='grc' dir='ltr'>δ</span> <span class='ocrx_word' id='word_1_635' title='bbox 1731 1138 1800 1179; x_wconf 80' lang='grc' dir='ltr'>πρό-</span> 
     </span>
     <span class='ocr_line' id='line_1_93' title="bbox 1031 1178 1800 1225; baseline -0.008 -11"><span class='ocrx_word' id='word_1_636' title='bbox 1031 1184 1210 1225; x_wconf 81' lang='grc' dir='ltr'>δρομος,οὖκ.</span> <span class='ocrx_word' id='word_1_637' title='bbox 1224 1181 1308 1217; x_wconf 85' lang='grc' dir='ltr'>ἔξεστί</span> <span class='ocrx_word' id='word_1_638' title='bbox 1320 1181 1390 1212; x_wconf 79' lang='grc' dir='ltr'>σοιέ</span> <span class='ocrx_word' id='word_1_639' title='bbox 1409 1194 1445 1212; x_wconf 86' lang='grc' dir='ltr'>ειν</span> <span class='ocrx_word' id='word_1_640' title='bbox 1465 1181 1514 1218; x_wconf 73' lang='grc' dir='ltr'>τὴν</span> <span class='ocrx_word' id='word_1_641' title='bbox 1535 1185 1648 1221; x_wconf 85' lang='grc' dir='ltr'>γυναῖκα</span> <span class='ocrx_word' id='word_1_642' title='bbox 1693 1178 1800 1209; x_wconf 85' lang='grc' dir='ltr'>ιλίππου</span> 
     </span>
     <span class='ocr_line' id='line_1_94' title="bbox 1030 1219 1801 1263; baseline -0.006 -10"><span class='ocrx_word' id='word_1_643' title='bbox 1030 1228 1077 1254; x_wconf 78' lang='grc' dir='ltr'>τοῦ</span> <span class='ocrx_word' id='word_1_644' title='bbox 1097 1224 1210 1263; x_wconf 81' lang='grc' dir='ltr'>ἀδελφοῦ</span> <span class='ocrx_word' id='word_1_645' title='bbox 1227 1234 1288 1258; x_wconf 87' lang='grc' dir='ltr'>σου,</span> <span class='ocrx_word' id='word_1_646' title='bbox 1302 1222 1368 1262; x_wconf 74' lang='grc' dir='ltr'>πρὸς</span> <span class='ocrx_word' id='word_1_647' title='bbox 1387 1233 1431 1251; x_wconf 86' lang='grc' dir='ltr'>τον</span> <span class='ocrx_word' id='word_1_648' title='bbox 1446 1221 1583 1262; x_wconf 82' lang='grc' dir='ltr'>Ἡρώδην·</span> <span class='ocrx_word' id='word_1_649' title='bbox 1595 1220 1642 1250; x_wconf 76' lang='grc' dir='ltr'>καὶ</span> <span class='ocrx_word' id='word_1_650' title='bbox 1665 1219 1732 1256; x_wconf 75' lang='grc' dir='ltr'>αὕτη</span> <span class='ocrx_word' id='word_1_651' title='bbox 1755 1220 1801 1249; x_wconf 87' lang='grc' dir='ltr'>δε-</span> 
     </span>
     <span class='ocr_line' id='line_1_95' title="bbox 1031 1259 1801 1303; baseline -0.008 -9"><span class='ocrx_word' id='word_1_652' title='bbox 1031 1264 1169 1303; x_wconf 80' lang='grc' dir='ltr'>σμεύσασα</span> <span class='ocrx_word' id='word_1_653' title='bbox 1183 1262 1230 1292; x_wconf 78' lang='grc' dir='ltr'>τὸν</span> <span class='ocrx_word' id='word_1_654' title='bbox 1242 1263 1269 1291; x_wconf 79' lang='grc' dir='ltr'>ἐν</span> <span class='ocrx_word' id='word_1_655' title='bbox 1282 1266 1415 1300; x_wconf 83' lang='grc' dir='ltr'>γεννητοῖς</span> <span class='ocrx_word' id='word_1_656' title='bbox 1435 1262 1566 1300; x_wconf 79' lang='grc' dir='ltr'>γυναικῶν</span> <span class='ocrx_word' id='word_1_657' title='bbox 1589 1259 1710 1299; x_wconf 82' lang='grc' dir='ltr'>μείζονα,</span> <span class='ocrx_word' id='word_1_658' title='bbox 1723 1259 1752 1288; x_wconf 73' lang='grc' dir='ltr'>ἐν</span> <span class='ocrx_word' id='word_1_659' title='bbox 1763 1260 1801 1299; x_wconf 82' lang='grc' dir='ltr'>τῷ</span> 
     </span>
     <span class='ocr_line' id='line_1_96' title="bbox 1031 1299 1801 1342; baseline -0.005 -10"><span class='ocrx_word' id='word_1_660' title='bbox 1031 1301 1171 1342; x_wconf 81' lang='grc' dir='ltr'>συμποσίῳ</span> <span class='ocrx_word' id='word_1_661' title='bbox 1186 1301 1265 1341; x_wconf 82' lang='grc' dir='ltr'>μέσον</span> <span class='ocrx_word' id='word_1_662' title='bbox 1285 1303 1337 1330; x_wconf 86' lang='grc' dir='ltr'>τῶν</span> <span class='ocrx_word' id='word_1_663' title='bbox 1359 1302 1537 1340; x_wconf 80' lang='grc' dir='ltr'>ἀνακειμένων</span> <span class='ocrx_word' id='word_1_664' title='bbox 1549 1299 1642 1341; x_wconf 76' lang='grc' dir='ltr'>φίλων,</span> <span class='ocrx_word' id='word_1_665' title='bbox 1655 1299 1704 1336; x_wconf 63' lang='grc' dir='ltr'>τὴν</span> <span class='ocrx_word' id='word_1_666' title='bbox 1717 1310 1801 1339; x_wconf 80' lang='grc' dir='ltr'>κεφα-</span> 
     </span>
     <span class='ocr_line' id='line_1_97' title="bbox 1031 1338 1803 1380; baseline -0.006 -8"><span class='ocrx_word' id='word_1_667' title='bbox 1031 1342 1081 1378; x_wconf 86' lang='grc' dir='ltr'>λὴν</span> <span class='ocrx_word' id='word_1_668' title='bbox 1095 1343 1175 1371; x_wconf 73' lang='grc' dir='ltr'>αὐτοῦ</span> <span class='ocrx_word' id='word_1_669' title='bbox 1191 1340 1307 1379; x_wconf 82' lang='grc' dir='ltr'>ἀπέτεμε</span> <span class='ocrx_word' id='word_1_670' title='bbox 1318 1352 1324 1358; x_wconf 92' lang='grc'>·</span> <span class='ocrx_word' id='word_1_671' title='bbox 1346 1341 1391 1370; x_wconf 80' lang='grc' dir='ltr'>καὶ</span> <span class='ocrx_word' id='word_1_672' title='bbox 1413 1340 1427 1369; x_wconf 82' lang='grc' dir='ltr'>ὃ</span> <span class='ocrx_word' id='word_1_673' title='bbox 1442 1341 1479 1379; x_wconf 86' lang='grc' dir='ltr'>μὴ</span> <span class='ocrx_word' id='word_1_674' title='bbox 1504 1340 1613 1380; x_wconf 75' lang='grc' dir='ltr'>ἴσχυσεν</span> <span class='ocrx_word' id='word_1_675' title='bbox 1634 1342 1652 1375; x_wconf 82' lang='grc' dir='ltr'>ἡ</span> <span class='ocrx_word' id='word_1_676' title='bbox 1670 1338 1803 1378; x_wconf 72' lang='grc' dir='ltr'>Ἡρωδιὰς</span> 
     </span>
     <span class='ocr_line' id='line_1_98' title="bbox 1031 1378 1802 1420; baseline -0.006 -9"><span class='ocrx_word' id='word_1_677' title='bbox 1031 1383 1142 1416; x_wconf 76' lang='grc' dir='ltr'>ποιῆσαι</span> <span class='ocrx_word' id='word_1_678' title='bbox 1153 1382 1247 1414; x_wconf 87' lang='grc' dir='ltr'>ζῶντος</span> <span class='ocrx_word' id='word_1_679' title='bbox 1259 1383 1306 1408; x_wconf 81' lang='grc' dir='ltr'>τοῦ</span> <span class='ocrx_word' id='word_1_680' title='bbox 1321 1380 1412 1420; x_wconf 85' lang='grc' dir='ltr'>ἀνδρὸς</span> <span class='ocrx_word' id='word_1_681' title='bbox 1426 1382 1524 1415; x_wconf 76' lang='grc' dir='ltr'>αὐτῆς,</span> <span class='ocrx_word' id='word_1_682' title='bbox 1537 1379 1636 1415; x_wconf 72' lang='grc' dir='ltr'>ταύτην</span> <span class='ocrx_word' id='word_1_683' title='bbox 1649 1378 1698 1415; x_wconf 82' lang='grc' dir='ltr'>τὴν</span> <span class='ocrx_word' id='word_1_684' title='bbox 1712 1390 1802 1418; x_wconf 89' lang='grc' dir='ltr'>παρα-</span> 
     </span>
     <span class='ocr_line' id='line_1_99' title="bbox 1031 1417 1801 1460; baseline -0.004 -10"><span class='ocrx_word' id='word_1_685' title='bbox 1031 1420 1125 1460; x_wconf 88' lang='grc' dir='ltr'>νομίαν</span> <span class='ocrx_word' id='word_1_686' title='bbox 1140 1420 1242 1450; x_wconf 80' lang='grc' dir='ltr'>ἐτέλεσε</span> <span class='ocrx_word' id='word_1_687' title='bbox 1259 1418 1326 1458; x_wconf 83' lang='grc' dir='ltr'>μετὰ</span> <span class='ocrx_word' id='word_1_688' title='bbox 1340 1420 1460 1450; x_wconf 85' lang='grc' dir='ltr'>θάνατον.</span> <span class='ocrx_word' id='word_1_689' title='bbox 1472 1418 1508 1450; x_wconf 87' lang='grc' dir='ltr'>Τί</span> <span class='ocrx_word' id='word_1_690' title='bbox 1520 1418 1548 1448; x_wconf 83' lang='grc' dir='ltr'>δὲ</span> <span class='ocrx_word' id='word_1_691' title='bbox 1570 1418 1615 1448; x_wconf 78' lang='grc' dir='ltr'>καὶ</span> <span class='ocrx_word' id='word_1_692' title='bbox 1636 1421 1653 1454; x_wconf 91' lang='grc' dir='ltr'>ἡ</span> <span class='ocrx_word' id='word_1_693' title='bbox 1670 1417 1801 1453; x_wconf 70' lang='grc' dir='ltr'>Δαλιδᾶςς</span> 
     </span>
     <span class='ocr_line' id='line_1_100' title="bbox 1033 1456 1802 1501; baseline -0.005 -11"><span class='ocrx_word' id='word_1_694' title='bbox 1033 1460 1093 1501; x_wconf 74' lang='grc' dir='ltr'>οὐχὶ</span> <span class='ocrx_word' id='word_1_695' title='bbox 1106 1460 1151 1490; x_wconf 79' lang='grc' dir='ltr'>τὸν</span> <span class='ocrx_word' id='word_1_696' title='bbox 1175 1459 1337 1499; x_wconf 79' lang='grc' dir='ltr'>ὡραιότατον</span> <span class='ocrx_word' id='word_1_697' title='bbox 1362 1459 1407 1489; x_wconf 82' lang='grc' dir='ltr'>καὶ</span> <span class='ocrx_word' id='word_1_698' title='bbox 1431 1458 1612 1489; x_wconf 84' lang='grc' dir='ltr'>δυνατώτατον</span> <span class='ocrx_word' id='word_1_699' title='bbox 1625 1457 1746 1497; x_wconf 86' lang='grc' dir='ltr'>Σαμψὼν</span> <span class='ocrx_word' id='word_1_700' title='bbox 1758 1456 1802 1487; x_wconf 79' lang='grc' dir='ltr'>διὰ</span> 
     </span>
     <span class='ocr_line' id='line_1_101' title="bbox 1034 1497 1802 1578; baseline -0.005 -8"><span class='ocrx_word' id='word_1_701' title='bbox 1034 1498 1352 1570; x_wconf 54' lang='grc' dir='ltr'>ἕὲᾇξῗῗαξυῶῗῗὲἑᾬῖἶ</span> <span class='ocrx_word' id='word_1_702' title='bbox 1361 1497 1802 1578; x_wconf 49' lang='grc' dir='ltr'>-δῄιέἶῖατ’ρῖῑῖἶῖιάάἒῖυοῖξῖοὲὶ3ἶῖ</span> 
     </span>
    </p>

    <p class='ocr_par' dir='ltr' id='par_1_10' title="bbox 1035 1553 1812 2572">
     <span class='ocr_line' id='line_1_102' title="bbox 1361 1553 1802 1575; baseline -0.005 -15"><span class='ocrx_word' id='word_1_703' title='bbox 1361 1561 1370 1575; x_wconf 65' lang='lat'><strong>,</strong></span> <span class='ocrx_word' id='word_1_704' title='bbox 1788 1553 1802 1558; x_wconf 74' lang='grc'>,</span> 
     </span>
     <span class='ocr_line' id='line_1_103' title="bbox 1035 1577 1802 1619; baseline -0.004 -10"><span class='ocrx_word' id='word_1_705' title='bbox 1035 1591 1116 1612; x_wconf 85' lang='grc' dir='ltr'>στους-</span> <span class='ocrx_word' id='word_1_706' title='bbox 1125 1578 1296 1619; x_wconf 79' lang='grc' dir='ltr'>παρήγαγον·</span> <span class='ocrx_word' id='word_1_707' title='bbox 1311 1578 1372 1618; x_wconf 78' lang='grc' dir='ltr'>οὐχὶ</span> <span class='ocrx_word' id='word_1_708' title='bbox 1393 1578 1500 1611; x_wconf 84' lang='grc' dir='ltr'>τούτους</span> <span class='ocrx_word' id='word_1_709' title='bbox 1522 1577 1600 1616; x_wconf 88' lang='grc' dir='ltr'>μόνον</span> <span class='ocrx_word' id='word_1_710' title='bbox 1619 1579 1647 1607; x_wconf 82' lang='grc' dir='ltr'>ἐν</span> <span class='ocrx_word' id='word_1_711' title='bbox 1660 1579 1694 1613; x_wconf 83' lang='grc' dir='ltr'><strong>τῆ</strong></span> <span class='ocrx_word' id='word_1_712' title='bbox 1707 1578 1802 1617; x_wconf 75' lang='grc' dir='ltr'>Γραφῆ</span> 
     </span>
     <span class='ocr_line' id='line_1_104' title="bbox 1036 1608 1804 1659; baseline -0.004 -11"><span class='ocrx_word' id='word_1_713' title='bbox 1036 1618 1296 1659; x_wconf 50' lang='grc' dir='ltr'>ἑγκειμένουςςιἈλΝ</span> <span class='ocrx_word' id='word_1_714' title='bbox 1311 1618 1377 1648; x_wconf 81' lang='grc' dir='ltr'>Ἐπὶ</span> <span class='ocrx_word' id='word_1_715' title='bbox 1389 1618 1435 1648; x_wconf 79' lang='grc' dir='ltr'>δύο</span> <span class='ocrx_word' id='word_1_716' title='bbox 1445 1617 1490 1648; x_wconf 70' lang='grc' dir='ltr'>καὶ</span> <span class='ocrx_word' id='word_1_717' title='bbox 1503 1618 1583 1657; x_wconf 81' lang='grc' dir='ltr'>τριῶν</span> <span class='ocrx_word' id='word_1_718' title='bbox 1598 1609 1737 1657; x_wconf 70' lang='grc' dir='ltr'>μαρτιίρων</span> <span class='ocrx_word' id='word_1_719' title='bbox 1749 1608 1804 1646; x_wconf 67' lang='grc' dir='ltr'>πᾶν</span> 
     </span>
     <span class='ocr_line' id='line_1_105' title="bbox 1037 1656 1805 1699; baseline -0.004 -11"><span class='ocrx_word' id='word_1_720' title='bbox 1037 1661 1110 1699; x_wconf 78' lang='grc' dir='ltr'>ῥῆμα</span> <span class='ocrx_word' id='word_1_721' title='bbox 1124 1658 1286 1694; x_wconf 80' lang='grc' dir='ltr'>σταθήσεται</span> <span class='ocrx_word' id='word_1_722' title='bbox 1294 1670 1301 1676; x_wconf 94' lang='grc'><em>·</em></span> <span class='ocrx_word' id='word_1_723' title='bbox 1314 1657 1359 1688; x_wconf 77' lang='grc' dir='ltr'>ἵνα</span> <span class='ocrx_word' id='word_1_724' title='bbox 1369 1657 1406 1697; x_wconf 85' lang='grc' dir='ltr'>μὴ</span> <span class='ocrx_word' id='word_1_725' title='bbox 1419 1656 1518 1698; x_wconf 82' lang='grc' dir='ltr'>μακρὸν</span> <span class='ocrx_word' id='word_1_726' title='bbox 1532 1656 1576 1686; x_wconf 77' lang='grc' dir='ltr'>τὸν</span> <span class='ocrx_word' id='word_1_727' title='bbox 1589 1657 1668 1696; x_wconf 80' lang='grc' dir='ltr'>λόγον</span> <span class='ocrx_word' id='word_1_728' title='bbox 1681 1656 1729 1693; x_wconf 71' lang='grc' dir='ltr'>τῆς</span> <span class='ocrx_word' id='word_1_729' title='bbox 1743 1657 1805 1692; x_wconf 53' lang='grc' dir='ltr'>διηὲ</span> 
     </span>
     <span class='ocr_line' id='line_1_106' title="bbox 1036 1695 1805 1739; baseline -0.004 -11"><span class='ocrx_word' id='word_1_730' title='bbox 1036 1698 1139 1739; x_wconf 84' lang='grc' dir='ltr'>γήσεως</span> <span class='ocrx_word' id='word_1_731' title='bbox 1155 1697 1363 1736; x_wconf 75' lang='grc' dir='ltr'>ἔφαπλώσωμεν.</span> <span class='ocrx_word' id='word_1_732' title='bbox 1377 1697 1426 1728; x_wconf 82' lang='grc' dir='ltr'>Διὸ</span> <span class='ocrx_word' id='word_1_733' title='bbox 1442 1700 1514 1737; x_wconf 71' lang='grc' dir='ltr'>ἡμᾶς</span> <span class='ocrx_word' id='word_1_734' title='bbox 1533 1695 1630 1738; x_wconf 77' lang='grc' dir='ltr'>Κύριος</span> <span class='ocrx_word' id='word_1_735' title='bbox 1643 1699 1657 1726; x_wconf 76' lang='grc' dir='ltr'><strong>ὁ</strong></span> <span class='ocrx_word' id='word_1_736' title='bbox 1671 1695 1741 1730; x_wconf 71' lang='grc' dir='ltr'>Θεὸς</span> <span class='ocrx_word' id='word_1_737' title='bbox 1758 1697 1805 1726; x_wconf 79' lang='grc' dir='ltr'>ἔκ-</span> 
     </span>
     <span class='ocr_line' id='line_1_107' title="bbox 1038 1736 1805 1777; baseline -0.004 -9"><span class='ocrx_word' id='word_1_738' title='bbox 1038 1738 1143 1771; x_wconf 84' lang='grc' dir='ltr'>σπάσας</span> <span class='ocrx_word' id='word_1_739' title='bbox 1153 1739 1183 1768; x_wconf 77' lang='grc' dir='ltr'>ἐκ</span> <span class='ocrx_word' id='word_1_740' title='bbox 1197 1740 1244 1774; x_wconf 78' lang='grc' dir='ltr'>τῆς</span> <span class='ocrx_word' id='word_1_741' title='bbox 1253 1738 1355 1774; x_wconf 80' lang='grc' dir='ltr'>πλάνης</span> <span class='ocrx_word' id='word_1_742' title='bbox 1366 1737 1464 1774; x_wconf 74' lang='grc' dir='ltr'>ταύτης</span> <span class='ocrx_word' id='word_1_743' title='bbox 1485 1737 1531 1767; x_wconf 75' lang='grc' dir='ltr'>καὶ</span> <span class='ocrx_word' id='word_1_744' title='bbox 1543 1739 1592 1773; x_wconf 71' lang='grc' dir='ltr'>τῆς</span> <span class='ocrx_word' id='word_1_745' title='bbox 1613 1736 1740 1777; x_wconf 73' lang='grc' dir='ltr'>αἰσχύνης</span> <span class='ocrx_word' id='word_1_746' title='bbox 1759 1736 1805 1766; x_wconf 77' lang='grc' dir='ltr'>καὶ</span> 
     </span>
     <span class='ocr_line' id='line_1_108' title="bbox 1038 1775 1806 1818; baseline -0.003 -10"><span class='ocrx_word' id='word_1_747' title='bbox 1038 1781 1083 1808; x_wconf 82' lang='grc' dir='ltr'>τοῦ</span> <span class='ocrx_word' id='word_1_748' title='bbox 1097 1778 1245 1816; x_wconf 68' lang='grc' dir='ltr'>ὀνειδισμοῧ</span> <span class='ocrx_word' id='word_1_749' title='bbox 1255 1801 1263 1814; x_wconf 94' lang='grc'>,</span> <span class='ocrx_word' id='word_1_750' title='bbox 1273 1778 1319 1807; x_wconf 82' lang='grc' dir='ltr'>καὶ</span> <span class='ocrx_word' id='word_1_751' title='bbox 1332 1779 1360 1807; x_wconf 83' lang='grc' dir='ltr'>ἐν</span> <span class='ocrx_word' id='word_1_752' title='bbox 1374 1777 1530 1818; x_wconf 82' lang='grc' dir='ltr'>σωφροσύνη</span> <span class='ocrx_word' id='word_1_753' title='bbox 1548 1776 1646 1817; x_wconf 79' lang='grc' dir='ltr'>διάγειν</span> <span class='ocrx_word' id='word_1_754' title='bbox 1662 1775 1806 1816; x_wconf 75' lang='grc' dir='ltr'>οἰκονομή-</span> 
     </span>
     <span class='ocr_line' id='line_1_109' title="bbox 1039 1815 1807 1857; baseline -0.003 -9"><span class='ocrx_word' id='word_1_755' title='bbox 1039 1830 1094 1848; x_wconf 85' lang='grc' dir='ltr'>σει·</span> <span class='ocrx_word' id='word_1_756' title='bbox 1109 1817 1155 1848; x_wconf 75' lang='grc' dir='ltr'>καὶ</span> <span class='ocrx_word' id='word_1_757' title='bbox 1164 1820 1232 1856; x_wconf 72' lang='grc' dir='ltr'>ὑμᾶς</span> <span class='ocrx_word' id='word_1_758' title='bbox 1253 1818 1280 1846; x_wconf 79' lang='grc' dir='ltr'>ἐν</span> <span class='ocrx_word' id='word_1_759' title='bbox 1299 1819 1406 1857; x_wconf 79' lang='grc' dir='ltr'>καθαρῷ</span> <span class='ocrx_word' id='word_1_760' title='bbox 1417 1829 1489 1847; x_wconf 86' lang='grc' dir='ltr'>συνει</span> <span class='ocrx_word' id='word_1_761' title='bbox 1520 1829 1545 1846; x_wconf 90' lang='grc' dir='ltr'>τι</span> <span class='ocrx_word' id='word_1_762' title='bbox 1566 1829 1588 1846; x_wconf 87' lang='grc' dir='ltr'>π</span> <span class='ocrx_word' id='word_1_763' title='bbox 1605 1818 1631 1851; x_wconf 60' lang='grc' dir='ltr'>’ς</span> <span class='ocrx_word' id='word_1_764' title='bbox 1653 1816 1714 1850; x_wconf 73' lang='grc' dir='ltr'>τοὺς</span> <span class='ocrx_word' id='word_1_765' title='bbox 1726 1815 1807 1850; x_wconf 74' lang='grc' dir='ltr'>συζύ-</span> 
     </span>
     <span class='ocr_line' id='line_1_110' title="bbox 1039 1853 1807 1898; baseline -0.004 -11"><span class='ocrx_word' id='word_1_766' title='bbox 1039 1870 1100 1898; x_wconf 89' lang='grc' dir='ltr'>γους</span> <span class='ocrx_word' id='word_1_767' title='bbox 1114 1853 1194 1892; x_wconf 74' lang='grc' dir='ltr'>εἶναι,</span> <span class='ocrx_word' id='word_1_768' title='bbox 1207 1856 1252 1886; x_wconf 73' lang='grc' dir='ltr'>καὶ</span> <span class='ocrx_word' id='word_1_769' title='bbox 1264 1857 1298 1897; x_wconf 66' lang='grc' dir='ltr'>τὰ</span> <span class='ocrx_word' id='word_1_770' title='bbox 1316 1856 1396 1886; x_wconf 80' lang='grc' dir='ltr'>τέκνα</span> <span class='ocrx_word' id='word_1_771' title='bbox 1411 1857 1456 1887; x_wconf 79' lang='grc' dir='ltr'>καὶ</span> <span class='ocrx_word' id='word_1_772' title='bbox 1479 1855 1538 1890; x_wconf 65' lang='grc' dir='ltr'>τοὺς</span> <span class='ocrx_word' id='word_1_773' title='bbox 1552 1858 1673 1892; x_wconf 84' lang='grc' dir='ltr'>δουλους,</span> <span class='ocrx_word' id='word_1_774' title='bbox 1686 1855 1733 1885; x_wconf 78' lang='grc' dir='ltr'>καὶ</span> <span class='ocrx_word' id='word_1_775' title='bbox 1745 1855 1807 1889; x_wconf 72' lang='grc' dir='ltr'>τοὺς</span> 
     </span>
     <span class='ocr_line' id='line_1_111' title="bbox 1039 1895 1807 1936; baseline -0.003 -9"><span class='ocrx_word' id='word_1_776' title='bbox 1039 1897 1151 1934; x_wconf 86' lang='grc' dir='ltr'>πλησίον</span> <span class='ocrx_word' id='word_1_777' title='bbox 1168 1901 1308 1936; x_wconf 84' lang='grc' dir='ltr'>προσηνεῖς</span> <span class='ocrx_word' id='word_1_778' title='bbox 1325 1896 1374 1926; x_wconf 79' lang='grc' dir='ltr'>καὶ</span> <span class='ocrx_word' id='word_1_779' title='bbox 1400 1896 1505 1936; x_wconf 80' lang='grc' dir='ltr'>ἱλαροὺς</span> <span class='ocrx_word' id='word_1_780' title='bbox 1528 1896 1722 1936; x_wconf 81' lang='grc' dir='ltr'>ἀπεργάσαιτο,</span> <span class='ocrx_word' id='word_1_781' title='bbox 1736 1895 1807 1929; x_wconf 76' lang='grc' dir='ltr'>ὅπως</span> 
     </span>
     <span class='ocr_line' id='line_1_112' title="bbox 1039 1934 1806 1976; baseline -0.004 -9"><span class='ocrx_word' id='word_1_782' title='bbox 1039 1939 1143 1972; x_wconf 77' lang='grc' dir='ltr'>καὶτῆς</span> <span class='ocrx_word' id='word_1_783' title='bbox 1158 1936 1292 1976; x_wconf 84' lang='grc' dir='ltr'>βασιλείας</span> <span class='ocrx_word' id='word_1_784' title='bbox 1303 1938 1354 1965; x_wconf 84' lang='grc' dir='ltr'>τῶν</span> <span class='ocrx_word' id='word_1_785' title='bbox 1376 1937 1492 1976; x_wconf 78' lang='grc' dir='ltr'>οὐρανῶν</span> <span class='ocrx_word' id='word_1_786' title='bbox 1506 1936 1687 1972; x_wconf 79' lang='grc' dir='ltr'>ἀξιωθήσησθε</span> <span class='ocrx_word' id='word_1_787' title='bbox 1699 1934 1806 1974; x_wconf 77' lang='grc' dir='ltr'>συμμέ-</span> 
     </span>
     <span class='ocr_line' id='line_1_113' title="bbox 1038 1975 1808 2017; baseline -0.005 -10"><span class='ocrx_word' id='word_1_788' title='bbox 1038 1989 1113 2017; x_wconf 87' lang='grc' dir='ltr'>τοχοι</span> <span class='ocrx_word' id='word_1_789' title='bbox 1125 1975 1253 2015; x_wconf 82' lang='grc' dir='ltr'>γενέσθαι.</span> <span class='ocrx_word' id='word_1_790' title='bbox 1267 1976 1336 2005; x_wconf 82' lang='grc' dir='ltr'>Ἀλλ’</span> <span class='ocrx_word' id='word_1_791' title='bbox 1352 1975 1442 2011; x_wconf 81' lang='grc' dir='ltr'>ἐπειδὴ</span> <span class='ocrx_word' id='word_1_792' title='bbox 1464 1975 1510 2006; x_wconf 75' lang='grc' dir='ltr'>καὶ</span> <span class='ocrx_word' id='word_1_793' title='bbox 1521 1975 1608 2015; x_wconf 85' lang='grc' dir='ltr'>τρίτον</span> <span class='ocrx_word' id='word_1_794' title='bbox 1621 1975 1672 2014; x_wconf 81' lang='grc' dir='ltr'>τάγ</span> <span class='ocrx_word' id='word_1_795' title='bbox 1694 1986 1711 2003; x_wconf 85' lang='grc' dir='ltr'>α</span> <span class='ocrx_word' id='word_1_796' title='bbox 1725 1976 1808 2014; x_wconf 85' lang='grc' dir='ltr'>ἐπηγ-</span> 
     </span>
     <span class='ocr_line' id='line_1_114' title="bbox 1038 1987 1806 2057; baseline -0.003 -11"><span class='ocrx_word' id='word_1_797' title='bbox 1038 2017 1168 2057; x_wconf 80' lang='grc' dir='ltr'>γειλάμην</span> <span class='ocrx_word' id='word_1_798' title='bbox 1188 2014 1218 2044; x_wconf 85' lang='grc' dir='ltr'>τὸ</span> <span class='ocrx_word' id='word_1_799' title='bbox 1231 2017 1280 2051; x_wconf 75' lang='grc' dir='ltr'>τῆς</span> <span class='ocrx_word' id='word_1_800' title='bbox 1291 2015 1401 2056; x_wconf 89' lang='grc' dir='ltr'>χηρείας</span> <span class='ocrx_word' id='word_1_801' title='bbox 1421 2017 1514 2051; x_wconf 80' lang='grc' dir='ltr'>εἰπεῖν,</span> <span class='ocrx_word' id='word_1_802' title='bbox 1537 2017 1615 2045; x_wconf 79' lang='grc' dir='ltr'>τοῦτο</span> <span class='ocrx_word' id='word_1_803' title='bbox 1637 1987 1806 2050; x_wconf 40' lang='grc' dir='ltr'>καῖ-ποιήσο-</span> 
     </span>
     <span class='ocr_line' id='line_1_115' title="bbox 1042 2054 1805 2096; baseline -0.003 -10"><span class='ocrx_word' id='word_1_804' title='bbox 1042 2069 1103 2096; x_wconf 90' lang='grc' dir='ltr'>μαι,</span> <span class='ocrx_word' id='word_1_805' title='bbox 1125 2059 1228 2095; x_wconf 83' lang='grc' dir='ltr'>μικροῖς</span> <span class='ocrx_word' id='word_1_806' title='bbox 1249 2055 1294 2084; x_wconf 78' lang='grc' dir='ltr'>καὶ</span> <span class='ocrx_word' id='word_1_807' title='bbox 1318 2055 1380 2095; x_wconf 83' lang='grc' dir='ltr'>περὶ</span> <span class='ocrx_word' id='word_1_808' title='bbox 1400 2057 1487 2084; x_wconf 82' lang='grc' dir='ltr'>αὐτῶν</span> <span class='ocrx_word' id='word_1_809' title='bbox 1504 2054 1671 2095; x_wconf 81' lang='grc' dir='ltr'>χρησάμενος</span> <span class='ocrx_word' id='word_1_810' title='bbox 1692 2054 1805 2094; x_wconf 79' lang='grc' dir='ltr'>ῥήμασι.</span> 
     </span>
     <span class='ocr_line' id='line_1_116' title="bbox 1041 2094 1807 2136; baseline -0.004 -10"><span class='ocrx_word' id='word_1_811' title='bbox 1041 2095 1135 2136; x_wconf 81' lang='grc' dir='ltr'>Χήραν</span> <span class='ocrx_word' id='word_1_812' title='bbox 1147 2099 1260 2134; x_wconf 86' lang='grc' dir='ltr'>γυναῖκα</span> <span class='ocrx_word' id='word_1_813' title='bbox 1272 2095 1341 2124; x_wconf 84' lang='grc' dir='ltr'>κατὰ</span> <span class='ocrx_word' id='word_1_814' title='bbox 1354 2095 1399 2125; x_wconf 83' lang='grc' dir='ltr'>τὸν</span> <span class='ocrx_word' id='word_1_815' title='bbox 1411 2094 1555 2124; x_wconf 85' lang='grc' dir='ltr'>ἀπόστολον</span> <span class='ocrx_word' id='word_1_816' title='bbox 1566 2095 1673 2124; x_wconf 83' lang='grc' dir='ltr'>Παῦλον</span> <span class='ocrx_word' id='word_1_817' title='bbox 1683 2094 1807 2130; x_wconf 81' lang='grc' dir='ltr'>τοιαύτην</span> 
     </span>
     <span class='ocr_line' id='line_1_117' title="bbox 1042 2131 1809 2176; baseline -0.003 -11"><span class='ocrx_word' id='word_1_818' title='bbox 1042 2131 1108 2165; x_wconf 74' lang='grc' dir='ltr'>εἶναι</span> <span class='ocrx_word' id='word_1_819' title='bbox 1127 2134 1194 2176; x_wconf 80' lang='grc' dir='ltr'>χρή·</span> <span class='ocrx_word' id='word_1_820' title='bbox 1221 2134 1411 2175; x_wconf 82' lang='grc' dir='ltr'>τεκνοτρόφον,</span> <span class='ocrx_word' id='word_1_821' title='bbox 1424 2136 1477 2163; x_wconf 87' lang='grc' dir='ltr'>τῶν</span> <span class='ocrx_word' id='word_1_822' title='bbox 1501 2133 1581 2174; x_wconf 81' lang='grc' dir='ltr'>ἁγίων</span> <span class='ocrx_word' id='word_1_823' title='bbox 1604 2137 1684 2167; x_wconf 70' lang='grc' dir='ltr'>’ταῖς</span> <span class='ocrx_word' id='word_1_824' title='bbox 1708 2133 1809 2173; x_wconf 81' lang='grc' dir='ltr'>μνείαις</span> 
     </span>
     <span class='ocr_line' id='line_1_118' title="bbox 1041 2173 1808 2213; baseline -0.004 -7"><span class='ocrx_word' id='word_1_825' title='bbox 1041 2177 1226 2210; x_wconf 80' lang='grc' dir='ltr'>κοινωνοῦσαν,</span> <span class='ocrx_word' id='word_1_826' title='bbox 1242 2174 1321 2208; x_wconf 79' lang='grc' dir='ltr'>ξένοις</span> <span class='ocrx_word' id='word_1_827' title='bbox 1341 2174 1389 2210; x_wconf 68' lang='grc' dir='ltr'>τὴν</span> <span class='ocrx_word' id='word_1_828' title='bbox 1405 2173 1537 2203; x_wconf 83' lang='grc' dir='ltr'>διακονίαν</span> <span class='ocrx_word' id='word_1_829' title='bbox 1550 2175 1682 2210; x_wconf 81' lang='grc' dir='ltr'>ἐκτελεῖν,</span> <span class='ocrx_word' id='word_1_830' title='bbox 1696 2174 1742 2203; x_wconf 77' lang='grc' dir='ltr'>καὶ</span> <span class='ocrx_word' id='word_1_831' title='bbox 1770 2173 1808 2213; x_wconf 82' lang='grc' dir='ltr'>μὴ</span> 
     </span>
     <span class='ocr_line' id='line_1_119' title="bbox 1042 2214 1809 2266; baseline -0.001 -22"><span class='ocrx_word' id='word_1_832' title='bbox 1042 2214 1192 2266; x_wconf 74' lang='grc' dir='ltr'>ἐπιτρέχειν</span> <span class='ocrx_word' id='word_1_833' title='bbox 1205 2215 1230 2243; x_wconf 81' lang='grc' dir='ltr'>ἐν</span> <span class='ocrx_word' id='word_1_834' title='bbox 1254 2214 1446 2253; x_wconf 72' lang='grc' dir='ltr'>ἐπιτηδεύμασι</span> <span class='ocrx_word' id='word_1_835' title='bbox 1471 2216 1524 2243; x_wconf 86' lang='grc' dir='ltr'>τῶν</span> <span class='ocrx_word' id='word_1_836' title='bbox 1549 2216 1644 2250; x_wconf 77' lang='grc' dir='ltr'>ἑαυτῆς</span> <span class='ocrx_word' id='word_1_837' title='bbox 1664 2215 1809 2252; x_wconf 81' lang='grc' dir='ltr'>λογισμῶν.</span> 
     </span>
     <span class='ocr_line' id='line_1_120' title="bbox 1043 2253 1811 2294; baseline -0.004 -9"><span class='ocrx_word' id='word_1_838' title='bbox 1043 2256 1119 2289; x_wconf 86' lang='grc' dir='ltr'>Φησι</span> <span class='ocrx_word' id='word_1_839' title='bbox 1136 2253 1202 2294; x_wconf 80' lang='grc' dir='ltr'>γὰρ,</span> <span class='ocrx_word' id='word_1_840' title='bbox 1216 2253 1440 2293; x_wconf 71' lang='grc' dir='ltr'>περιὸεόλημένη,</span> <span class='ocrx_word' id='word_1_841' title='bbox 1452 2253 1520 2292; x_wconf 82' lang='grc' dir='ltr'>μετὰ</span> <span class='ocrx_word' id='word_1_842' title='bbox 1534 2253 1644 2283; x_wconf 79' lang='grc' dir='ltr'>θάνατον</span> <span class='ocrx_word' id='word_1_843' title='bbox 1658 2257 1704 2282; x_wconf 79' lang='grc' dir='ltr'>τοῦ</span> <span class='ocrx_word' id='word_1_844' title='bbox 1719 2253 1811 2292; x_wconf 84' lang='grc' dir='ltr'>ἀνδρὸς</span> 
     </span>
     <span class='ocr_line' id='line_1_121' title="bbox 1044 2293 1810 2334; baseline -0.004 -10"><span class='ocrx_word' id='word_1_845' title='bbox 1044 2296 1139 2330; x_wconf 76' lang='grc' dir='ltr'>αὐτῆς,</span> <span class='ocrx_word' id='word_1_846' title='bbox 1152 2296 1253 2334; x_wconf 85' lang='grc' dir='ltr'>χιτῶνα</span> <span class='ocrx_word' id='word_1_847' title='bbox 1261 2294 1425 2333; x_wconf 86' lang='grc' dir='ltr'>χηροσύνης,</span> <span class='ocrx_word' id='word_1_848' title='bbox 1445 2294 1488 2323; x_wconf 77' lang='grc' dir='ltr'>καὶ</span> <span class='ocrx_word' id='word_1_849' title='bbox 1503 2293 1714 2333; x_wconf 77' lang='grc' dir='ltr'>κατανενυγμένη</span> <span class='ocrx_word' id='word_1_850' title='bbox 1723 2316 1731 2329; x_wconf 82' lang='grc'>,</span> <span class='ocrx_word' id='word_1_851' title='bbox 1743 2297 1810 2322; x_wconf 84' lang='grc' dir='ltr'>πᾶσι</span> 
     </span>
     <span class='ocr_line' id='line_1_122' title="bbox 1044 2331 1811 2383; baseline -0.005 -19"><span class='ocrx_word' id='word_1_852' title='bbox 1044 2333 1212 2372; x_wconf 83' lang='grc' dir='ltr'>δεικνυομένη</span> <span class='ocrx_word' id='word_1_853' title='bbox 1235 2338 1288 2366; x_wconf 87' lang='grc' dir='ltr'>τοῖς</span> <span class='ocrx_word' id='word_1_854' title='bbox 1312 2333 1410 2368; x_wconf 83' lang='grc' dir='ltr'>ἤθεσιν.</span> <span class='ocrx_word' id='word_1_855' title='bbox 1434 2333 1560 2366; x_wconf 81' lang='grc' dir='ltr'>Ἄτακτος</span> <span class='ocrx_word' id='word_1_856' title='bbox 1574 2333 1600 2362; x_wconf 81' lang='grc' dir='ltr'>δὲ</span> <span class='ocrx_word' id='word_1_857' title='bbox 1621 2331 1694 2383; x_wconf 80' lang='grc' dir='ltr'>χήρα</span> <span class='ocrx_word' id='word_1_858' title='bbox 1719 2332 1811 2372; x_wconf 82' lang='grc' dir='ltr'>ἄγριον</span> 
     </span>
     <span class='ocr_line' id='line_1_123' title="bbox 1045 2372 1811 2414; baseline -0.005 -10"><span class='ocrx_word' id='word_1_859' title='bbox 1045 2374 1133 2414; x_wconf 85' lang='grc' dir='ltr'>θηρίον</span> <span class='ocrx_word' id='word_1_860' title='bbox 1147 2373 1216 2413; x_wconf 79' lang='grc' dir='ltr'>ὑπάρ</span> <span class='ocrx_word' id='word_1_861' title='bbox 1238 2385 1274 2408; x_wconf 89' lang='grc' dir='ltr'>ει,</span> <span class='ocrx_word' id='word_1_862' title='bbox 1290 2372 1334 2402; x_wconf 83' lang='grc' dir='ltr'>καὶ</span> <span class='ocrx_word' id='word_1_863' title='bbox 1349 2373 1408 2402; x_wconf 86' lang='grc' dir='ltr'>κατ’</span> <span class='ocrx_word' id='word_1_864' title='bbox 1423 2373 1508 2406; x_wconf 82' lang='grc' dir='ltr'>οἴκους</span> <span class='ocrx_word' id='word_1_865' title='bbox 1518 2373 1690 2412; x_wconf 82' lang='grc' dir='ltr'>διερχομενη,</span> <span class='ocrx_word' id='word_1_866' title='bbox 1704 2372 1811 2411; x_wconf 81' lang='grc' dir='ltr'>ῥήματα</span> 
     </span>
     <span class='ocr_line' id='line_1_124' title="bbox 1046 2385 1811 2454; baseline -0.005 -11"><span class='ocrx_word' id='word_1_867' title='bbox 1046 2415 1152 2454; x_wconf 75' lang='grc' dir='ltr'>ἀπρεπῆ</span> <span class='ocrx_word' id='word_1_868' title='bbox 1169 2385 1347 2453; x_wconf 47' lang='grc' dir='ltr'>προὶὲάλλεται</span> <span class='ocrx_word' id='word_1_869' title='bbox 1357 2425 1363 2431; x_wconf 89' lang='grc'><em>·</em></span> <span class='ocrx_word' id='word_1_870' title='bbox 1375 2412 1470 2452; x_wconf 82' lang='grc' dir='ltr'>πτωχὴ</span> <span class='ocrx_word' id='word_1_871' title='bbox 1488 2412 1614 2452; x_wconf 73' lang='grc' dir='ltr'>ὑπάρχω,</span> <span class='ocrx_word' id='word_1_872' title='bbox 1627 2411 1701 2451; x_wconf 86' lang='grc' dir='ltr'>χήρα</span> <span class='ocrx_word' id='word_1_873' title='bbox 1714 2411 1811 2451; x_wconf 86' lang='grc' dir='ltr'>ἀπερί-</span> 
     </span>
     <span class='ocr_line' id='line_1_125' title="bbox 1046 2451 1812 2491; baseline -0.005 -8"><span class='ocrx_word' id='word_1_874' title='bbox 1046 2465 1157 2489; x_wconf 83' lang='grc' dir='ltr'>στατος;</span> <span class='ocrx_word' id='word_1_875' title='bbox 1181 2453 1291 2486; x_wconf 73' lang='grc' dir='ltr'>πλοῦτος</span> <span class='ocrx_word' id='word_1_876' title='bbox 1305 2452 1386 2485; x_wconf 74' lang='grc' dir='ltr'>πολὺς</span> <span class='ocrx_word' id='word_1_877' title='bbox 1406 2452 1510 2491; x_wconf 79' lang='grc' dir='ltr'>ὑπῆρχέ</span> <span class='ocrx_word' id='word_1_878' title='bbox 1525 2463 1568 2490; x_wconf 92' lang='grc' dir='ltr'>μοι</span> <span class='ocrx_word' id='word_1_879' title='bbox 1582 2451 1608 2480; x_wconf 86' lang='grc' dir='ltr'>ἔν</span> <span class='ocrx_word' id='word_1_880' title='bbox 1622 2463 1652 2480; x_wconf 89' lang='grc' dir='ltr'>τε</span> <span class='ocrx_word' id='word_1_881' title='bbox 1667 2452 1755 2490; x_wconf 81' lang='grc' dir='ltr'>ἀγροῖς</span> <span class='ocrx_word' id='word_1_882' title='bbox 1764 2473 1772 2487; x_wconf 87' lang='grc'>,</span> <span class='ocrx_word' id='word_1_883' title='bbox 1784 2452 1812 2479; x_wconf 84' lang='grc' dir='ltr'>ἐν</span> 
     </span>
     <span class='ocr_line' id='line_1_126' title="bbox 1046 2489 1812 2533; baseline -0.005 -10"><span class='ocrx_word' id='word_1_884' title='bbox 1046 2493 1142 2527; x_wconf 84' lang='grc' dir='ltr'>οἴκοις,</span> <span class='ocrx_word' id='word_1_885' title='bbox 1151 2492 1196 2523; x_wconf 80' lang='grc' dir='ltr'>καὶ</span> <span class='ocrx_word' id='word_1_886' title='bbox 1209 2491 1377 2533; x_wconf 84' lang='grc' dir='ltr'>τετραπόδοις</span> <span class='ocrx_word' id='word_1_887' title='bbox 1387 2492 1431 2521; x_wconf 79' lang='grc' dir='ltr'>καὶ</span> <span class='ocrx_word' id='word_1_888' title='bbox 1444 2494 1608 2530; x_wconf 85' lang='grc' dir='ltr'>ἱματισμοῖς,</span> <span class='ocrx_word' id='word_1_889' title='bbox 1621 2491 1666 2520; x_wconf 81' lang='grc' dir='ltr'>καὶ</span> <span class='ocrx_word' id='word_1_890' title='bbox 1679 2493 1693 2520; x_wconf 80' lang='grc' dir='ltr'>ὁ</span> <span class='ocrx_word' id='word_1_891' title='bbox 1704 2489 1812 2529; x_wconf 84' lang='grc' dir='ltr'>σύζυγός</span> 
     </span>
     <span class='ocr_line' id='line_1_127' title="bbox 1049 2530 1812 2572; baseline -0.005 -9"><span class='ocrx_word' id='word_1_892' title='bbox 1049 2545 1098 2571; x_wconf 85' lang='grc' dir='ltr'>μου</span> <span class='ocrx_word' id='word_1_893' title='bbox 1113 2532 1230 2572; x_wconf 86' lang='grc' dir='ltr'>ἀμύητος</span> <span class='ocrx_word' id='word_1_894' title='bbox 1241 2531 1278 2562; x_wconf 82' lang='grc' dir='ltr'>ὢν</span> <span class='ocrx_word' id='word_1_895' title='bbox 1290 2531 1385 2571; x_wconf 80' lang='grc' dir='ltr'>τέχνης</span> <span class='ocrx_word' id='word_1_896' title='bbox 1396 2533 1538 2571; x_wconf 76' lang='grc' dir='ltr'>κοσμικῆς,</span> <span class='ocrx_word' id='word_1_897' title='bbox 1548 2530 1615 2561; x_wconf 82' lang='grc' dir='ltr'>αὐτὰ</span> <span class='ocrx_word' id='word_1_898' title='bbox 1627 2530 1812 2567; x_wconf 73' lang='grc' dir='ltr'>κατηνάλωσε·</span> 
     </span>
    </p>
   </div>
  </div>
 </body>
</html>
