<?xml version="1.0" encoding="UTF-8"?>
<!DOCTYPE html PUBLIC "-//W3C//DTD XHTML 1.0 Transitional//EN"
    "http://www.w3.org/TR/xhtml1/DTD/xhtml1-transitional.dtd">
<html xmlns="http://www.w3.org/1999/xhtml" xml:lang="en" lang="en">
 <head>
  <title>
</title>
<meta http-equiv="Content-Type" content="text/html;charset=utf-8" />
  <meta name='ocr-system' content='tesseract 3.04.00' />
  <meta name='ocr-capabilities' content='ocr_page ocr_carea ocr_par ocr_line ocrx_word'/>
</head>
<body>
  <div class='ocr_page' id='page_1' title='image "./operaomniaquaeex06johnuoft_0401.png"; bbox 0 0 1890 2826; ppageno 0'>
   <div class='ocr_carea' id='block_1_1' title="bbox 594 169 1117 214">
    <p class='ocr_par' dir='ltr' id='par_1_1' title="bbox 594 169 1117 214">
     <span class='ocr_line' id='line_1_1' title="bbox 594 169 1117 214; baseline -0.002 0"><span class='ocrx_word' id='word_1_1' title='bbox 594 169 753 214; x_wconf 61' lang='lat' dir='ltr'>SYN&#39;opsts</span> <span class='ocrx_word' id='word_1_2' title='bbox 779 184 967 210; x_wconf 75' lang='lat' dir='ltr'>scntPTtJRAE</span> <span class='ocrx_word' id='word_1_3' title='bbox 993 187 1117 213; x_wconf 78' lang='lat' dir='ltr'>SACRAE.</span> 
     </span>
    </p>
   </div>
   <div class='ocr_carea' id='block_1_2' title="bbox 1569 177 1639 214">
    <p class='ocr_par' dir='ltr' id='par_1_2' title="bbox 1569 177 1639 214">
     <span class='ocr_line' id='line_1_2' title="bbox 1569 177 1639 214; baseline 0.014 -1"><span class='ocrx_word' id='word_1_4' title='bbox 1569 177 1639 214; x_wconf 75' lang='lat'>585</span> 
     </span>
    </p>
   </div>
   <div class='ocr_carea' id='block_1_3' title="bbox 77 248 1642 292">
    <p class='ocr_par' dir='ltr' id='par_1_3' title="bbox 77 248 1642 292">
     <span class='ocr_line' id='line_1_3' title="bbox 77 248 1642 292; baseline -0.002 -8"><span class='ocrx_word' id='word_1_5' title='bbox 77 252 187 284; x_wconf 69' lang='grc' dir='ltr'>Κελῐύει</span> <span class='ocrx_word' id='word_1_6' title='bbox 202 254 320 289; x_wconf 75' lang='grc' dir='ltr'>Μωῧσ-ἥς</span> <span class='ocrx_word' id='word_1_7' title='bbox 340 253 368 282; x_wconf 74' lang='grc' dir='ltr'>ἐν</span> <span class='ocrx_word' id='word_1_8' title='bbox 388 252 497 292; x_wconf 76' lang='grc' dir='ltr'>στάμνῳ</span> <span class='ocrx_word' id='word_1_9' title='bbox 517 254 604 292; x_wconf 84' lang='grc' dir='ltr'>χρυσῇ</span> <span class='ocrx_word' id='word_1_10' title='bbox 625 251 768 282; x_wconf 81' lang='grc' dir='ltr'>ἀποθέσθαι</span> <span class='ocrx_word' id='word_1_11' title='bbox 791 248 844 278; x_wconf 78' lang='grc' dir='ltr'>ἀπὸ</span> <span class='ocrx_word' id='word_1_12' title='bbox 863 248 881 272; x_wconf 81' lang='lat' dir='ltr'>C</span> <span class='ocrx_word' id='word_1_13' title='bbox 899 248 1025 278; x_wconf 74' lang='lat' dir='ltr'><strong>scatebat.</strong></span> <span class='ocrx_word' id='word_1_14' title='bbox 1044 250 1132 286; x_wconf 83' lang='lat' dir='ltr'>Dixit,</span> <span class='ocrx_word' id='word_1_15' title='bbox 1154 252 1194 280; x_wconf 83' lang='lat' dir='ltr'>Ne</span> <span class='ocrx_word' id='word_1_16' title='bbox 1213 250 1387 291; x_wconf 75' lang='lat' dir='ltr'>egrediamini</span> <span class='ocrx_word' id='word_1_17' title='bbox 1406 250 1441 280; x_wconf 87' lang='lat' dir='ltr'>ad</span> <span class='ocrx_word' id='word_1_18' title='bbox 1460 251 1642 291; x_wconf 80' lang='lat' dir='ltr'>colligendum</span> 
     </span>
    </p>
   </div>
   <div class='ocr_carea' id='block_1_4' title="bbox 36 295 850 2229">
    <p class='ocr_par' dir='ltr' id='par_1_4' title="bbox 36 295 850 2229">
     <span class='ocr_line' id='line_1_4' title="bbox 78 295 845 338; baseline -0.003 -10"><span class='ocrx_word' id='word_1_19' title='bbox 78 303 123 329; x_wconf 81' lang='grc' dir='ltr'>τοῦ</span> <span class='ocrx_word' id='word_1_20' title='bbox 147 299 231 338; x_wconf 79' lang='grc' dir='ltr'>μάννα</span> <span class='ocrx_word' id='word_1_21' title='bbox 245 300 281 332; x_wconf 83' lang='grc' dir='ltr'>εἷς</span> <span class='ocrx_word' id='word_1_22' title='bbox 300 298 346 332; x_wconf 79' lang='grc' dir='ltr'>τὰς</span> <span class='ocrx_word' id='word_1_23' title='bbox 359 298 426 338; x_wconf 72' lang='grc' dir='ltr'>μετὰ</span> <span class='ocrx_word' id='word_1_24' title='bbox 443 302 528 327; x_wconf 84' lang='grc' dir='ltr'>ταῦτα</span> <span class='ocrx_word' id='word_1_25' title='bbox 540 298 639 338; x_wconf 80' lang='grc' dir='ltr'>γενεάς.</span> <span class='ocrx_word' id='word_1_26' title='bbox 654 297 694 326; x_wconf 84' lang='grc' dir='ltr'>Τὸ</span> <span class='ocrx_word' id='word_1_27' title='bbox 709 297 736 326; x_wconf 82' lang='grc' dir='ltr'>δὲ</span> <span class='ocrx_word' id='word_1_28' title='bbox 760 295 845 334; x_wconf 80' lang='grc' dir='ltr'>μάννα</span> 
     </span>
     <span class='ocr_line' id='line_1_5' title="bbox 78 341 846 385; baseline -0.007 -11"><span class='ocrx_word' id='word_1_29' title='bbox 78 346 172 385; x_wconf 78' lang='grc' dir='ltr'>ἔφαγον</span> <span class='ocrx_word' id='word_1_30' title='bbox 195 345 393 385; x_wconf 83' lang='grc' dir='ltr'>τεσσαράκοντα</span> <span class='ocrx_word' id='word_1_31' title='bbox 416 344 475 380; x_wconf 79' lang='grc' dir='ltr'>ἔτη.</span> <span class='ocrx_word' id='word_1_32' title='bbox 495 344 565 374; x_wconf 86' lang='grc' dir='ltr'>Τότε</span> <span class='ocrx_word' id='word_1_33' title='bbox 585 344 724 383; x_wconf 82' lang='grc' dir='ltr'>ἐγόγγυζον</span> <span class='ocrx_word' id='word_1_34' title='bbox 747 341 790 371; x_wconf 82' lang='grc' dir='ltr'>διὰ</span> <span class='ocrx_word' id='word_1_35' title='bbox 815 341 846 370; x_wconf 89' lang='grc' dir='ltr'>τὸ</span> 
     </span>
     <span class='ocr_line' id='line_1_6' title="bbox 75 387 846 431; baseline -0.006 -11"><span class='ocrx_word' id='word_1_36' title='bbox 75 391 158 431; x_wconf 82' lang='grc' dir='ltr'>δίψος.</span> <span class='ocrx_word' id='word_1_37' title='bbox 174 391 227 420; x_wconf 79' lang='grc' dir='ltr'>Καὶ</span> <span class='ocrx_word' id='word_1_38' title='bbox 240 391 353 426; x_wconf 79' lang='grc' dir='ltr'>ἐπάταξε</span> <span class='ocrx_word' id='word_1_39' title='bbox 371 393 489 426; x_wconf 72' lang='grc' dir='ltr'>Μωυσῆς</span> <span class='ocrx_word' id='word_1_40' title='bbox 502 390 549 426; x_wconf 86' lang='grc' dir='ltr'>τὴν</span> <span class='ocrx_word' id='word_1_41' title='bbox 563 390 675 429; x_wconf 82' lang='grc' dir='ltr'>πέτραν,</span> <span class='ocrx_word' id='word_1_42' title='bbox 692 401 738 418; x_wconf 86' lang='grc' dir='ltr'>και</span> <span class='ocrx_word' id='word_1_43' title='bbox 754 387 846 422; x_wconf 72' lang='grc' dir='ltr'>ἐξῆλθε</span> 
     </span>
     <span class='ocr_line' id='line_1_7' title="bbox 36 432 846 477; baseline -0.005 -11"><span class='ocrx_word' id='word_1_44' title='bbox 36 432 41 436; x_wconf 45' lang='lat'><em>⁴</em></span> <span class='ocrx_word' id='word_1_45' title='bbox 75 437 107 466; x_wconf 81' lang='grc' dir='ltr'>τὸ</span> <span class='ocrx_word' id='word_1_46' title='bbox 125 436 204 477; x_wconf 75' lang='grc' dir='ltr'>ὕδωρ.</span> <span class='ocrx_word' id='word_1_47' title='bbox 213 436 345 477; x_wconf 83' lang='grc' dir='ltr'>Ἔρχεται</span> <span class='ocrx_word' id='word_1_48' title='bbox 357 436 479 477; x_wconf 80' lang='grc' dir='ltr'>Ἀμαλὴκ</span> <span class='ocrx_word' id='word_1_49' title='bbox 493 438 648 475; x_wconf 71' lang='grc' dir='ltr'>πολεμιοσαι</span> <span class='ocrx_word' id='word_1_50' title='bbox 667 435 710 464; x_wconf 82' lang='grc' dir='ltr'>τὸν</span> <span class='ocrx_word' id='word_1_51' title='bbox 728 433 846 474; x_wconf 82' lang='grc' dir='ltr'>Ισραήλ·</span> 
     </span>
     <span class='ocr_line' id='line_1_8' title="bbox 76 476 847 523; baseline -0.005 -12"><span class='ocrx_word' id='word_1_52' title='bbox 76 482 123 511; x_wconf 77' lang='grc' dir='ltr'>καὶ</span> <span class='ocrx_word' id='word_1_53' title='bbox 133 483 260 523; x_wconf 84' lang='grc' dir='ltr'>ἐτρέψατο</span> <span class='ocrx_word' id='word_1_54' title='bbox 274 483 352 512; x_wconf 80' lang='grc' dir='ltr'>αὐτὸν</span> <span class='ocrx_word' id='word_1_55' title='bbox 364 484 466 518; x_wconf 84' lang='grc' dir='ltr'>Ἰησους</span> <span class='ocrx_word' id='word_1_56' title='bbox 479 485 492 512; x_wconf 85' lang='grc' dir='ltr'><strong>ὁ</strong></span> <span class='ocrx_word' id='word_1_57' title='bbox 503 485 548 512; x_wconf 81' lang='grc' dir='ltr'>τοῦ</span> <span class='ocrx_word' id='word_1_58' title='bbox 562 483 652 517; x_wconf 83' lang='grc' dir='ltr'>Ναυῆ·</span> <span class='ocrx_word' id='word_1_59' title='bbox 662 481 708 510; x_wconf 79' lang='grc' dir='ltr'>καὶ</span> <span class='ocrx_word' id='word_1_60' title='bbox 719 480 768 513; x_wconf 78' lang='grc' dir='ltr'>ἕως</span> <span class='ocrx_word' id='word_1_61' title='bbox 779 476 847 516; x_wconf 72' lang='grc' dir='ltr'>ἦσαν</span> 
     </span>
     <span class='ocr_line' id='line_1_9' title="bbox 77 525 846 568; baseline -0.004 -11"><span class='ocrx_word' id='word_1_62' title='bbox 77 530 105 558; x_wconf 88' lang='grc' dir='ltr'>αἱ</span> <span class='ocrx_word' id='word_1_63' title='bbox 124 532 211 568; x_wconf 85' lang='grc' dir='ltr'>χεῖρες</span> <span class='ocrx_word' id='word_1_64' title='bbox 229 530 332 565; x_wconf 78' lang='grc' dir='ltr'>Μωῦσῆ</span> <span class='ocrx_word' id='word_1_65' title='bbox 355 528 500 568; x_wconf 79' lang='grc' dir='ltr'>μετέωροι,</span> <span class='ocrx_word' id='word_1_66' title='bbox 515 528 621 568; x_wconf 79' lang='grc' dir='ltr'>ἴσχυσεν</span> <span class='ocrx_word' id='word_1_67' title='bbox 643 530 657 556; x_wconf 80' lang='grc' dir='ltr'>ὁ</span> <span class='ocrx_word' id='word_1_68' title='bbox 671 526 790 567; x_wconf 82' lang='grc' dir='ltr'>Ἰσραήλ·</span> <span class='ocrx_word' id='word_1_69' title='bbox 804 525 846 555; x_wconf 81' lang='grc' dir='ltr'>ὅτε</span> 
     </span>
     <span class='ocr_line' id='line_1_10' title="bbox 78 569 846 611; baseline -0.003 -8"><span class='ocrx_word' id='word_1_70' title='bbox 78 574 105 603; x_wconf 81' lang='grc' dir='ltr'>δὲ</span> <span class='ocrx_word' id='word_1_71' title='bbox 121 577 235 610; x_wconf 77' lang='grc' dir='ltr'>καθῆκεν</span> <span class='ocrx_word' id='word_1_72' title='bbox 249 574 343 610; x_wconf 80' lang='grc' dir='ltr'>αὐτὰς,</span> <span class='ocrx_word' id='word_1_73' title='bbox 356 577 483 611; x_wconf 77' lang='grc' dir='ltr'>ἡττῶντο.</span> <span class='ocrx_word' id='word_1_74' title='bbox 497 576 602 604; x_wconf 57' lang='lat' dir='ltr'>&#39;&#39;soff-to</span> <span class='ocrx_word' id='word_1_75' title='bbox 614 574 641 603; x_wconf 85' lang='grc' dir='ltr'>δὲ</span> <span class='ocrx_word' id='word_1_76' title='bbox 655 573 736 607; x_wconf 81' lang='grc' dir='ltr'>τύπος</span> <span class='ocrx_word' id='word_1_77' title='bbox 750 569 782 609; x_wconf 71' lang='grc' dir='ltr'>ἦν</span> <span class='ocrx_word' id='word_1_78' title='bbox 801 575 846 602; x_wconf 79' lang='grc' dir='ltr'>τοῦ</span> 
     </span>
     <span class='ocr_line' id='line_1_11' title="bbox 76 618 845 661; baseline -0.003 -12"><span class='ocrx_word' id='word_1_79' title='bbox 76 623 199 661; x_wconf 77' lang='grc' dir='ltr'>σταυροῦ.</span> <span class='ocrx_word' id='word_1_80' title='bbox 213 621 389 657; x_wconf 53' lang='lat' dir='ltr'>Eia-winemunt</span> <span class='ocrx_word' id='word_1_81' title='bbox 406 621 457 661; x_wconf 82' lang='grc' dir='ltr'>γὰρ</span> <span class='ocrx_word' id='word_1_82' title='bbox 475 620 574 661; x_wconf 86' lang='grc' dir='ltr'>Ἀαρὼν</span> <span class='ocrx_word' id='word_1_83' title='bbox 598 620 644 650; x_wconf 85' lang='grc' dir='ltr'>καὶ</span> <span class='ocrx_word' id='word_1_84' title='bbox 665 619 730 659; x_wconf 86' lang='grc' dir='ltr'>Ὢρ,</span> <span class='ocrx_word' id='word_1_85' title='bbox 752 618 845 660; x_wconf 87' lang='grc' dir='ltr'>στηρί-</span> 
     </span>
     <span class='ocr_line' id='line_1_12' title="bbox 76 662 847 707; baseline -0.003 -11"><span class='ocrx_word' id='word_1_86' title='bbox 76 668 163 701; x_wconf 87' lang='grc' dir='ltr'>ζοντες</span> <span class='ocrx_word' id='word_1_87' title='bbox 175 666 222 700; x_wconf 82' lang='grc' dir='ltr'>τὰς</span> <span class='ocrx_word' id='word_1_88' title='bbox 234 671 325 707; x_wconf 81' lang='grc' dir='ltr'>χεῖρας</span> <span class='ocrx_word' id='word_1_89' title='bbox 337 669 450 705; x_wconf 81' lang='grc' dir='ltr'>Μωϋσῇ.</span> <span class='ocrx_word' id='word_1_90' title='bbox 464 662 531 696; x_wconf 52' lang='lat' dir='ltr'>Eine</span> <span class='ocrx_word' id='word_1_91' title='bbox 543 667 571 696; x_wconf 81' lang='grc' dir='ltr'>δὲ</span> <span class='ocrx_word' id='word_1_92' title='bbox 583 666 679 706; x_wconf 79' lang='grc' dir='ltr'>Κύριος</span> <span class='ocrx_word' id='word_1_93' title='bbox 687 665 752 706; x_wconf 85' lang='grc' dir='ltr'>πρὸς</span> <span class='ocrx_word' id='word_1_94' title='bbox 766 667 847 694; x_wconf 82' lang='grc' dir='ltr'>Μωῦ-</span> 
     </span>
     <span class='ocr_line' id='line_1_13' title="bbox 78 711 846 753; baseline -0.004 -11"><span class='ocrx_word' id='word_1_95' title='bbox 78 715 127 748; x_wconf 83' lang='grc' dir='ltr'>σῆν</span> <span class='ocrx_word' id='word_1_96' title='bbox 137 725 143 731; x_wconf 92' lang='grc'>·</span> <span class='ocrx_word' id='word_1_97' title='bbox 158 712 336 753; x_wconf 80' lang='grc' dir='ltr'>Κατάγραψον</span> <span class='ocrx_word' id='word_1_98' title='bbox 348 717 425 742; x_wconf 78' lang='grc' dir='ltr'>τοῦτο</span> <span class='ocrx_word' id='word_1_99' title='bbox 450 714 485 746; x_wconf 87' lang='grc' dir='ltr'>εἷς</span> <span class='ocrx_word' id='word_1_100' title='bbox 499 713 666 752; x_wconf 81' lang='grc' dir='ltr'>μνημόσυνον</span> <span class='ocrx_word' id='word_1_101' title='bbox 691 713 719 741; x_wconf 79' lang='grc' dir='ltr'>ἐν</span> <span class='ocrx_word' id='word_1_102' title='bbox 742 711 846 751; x_wconf 71' lang='grc' dir='ltr'>βιὸλίῳ.</span> 
     </span>
     <span class='ocr_line' id='line_1_14' title="bbox 77 758 848 799; baseline -0.003 -11"><span class='ocrx_word' id='word_1_103' title='bbox 77 761 194 799; x_wconf 81' lang='grc' dir='ltr'>Ἀπαντᾷ</span> <span class='ocrx_word' id='word_1_104' title='bbox 206 759 289 799; x_wconf 84' lang='grc' dir='ltr'>Ἰοθὸρ</span> <span class='ocrx_word' id='word_1_105' title='bbox 303 761 317 788; x_wconf 81' lang='grc' dir='ltr'>ὁ</span> <span class='ocrx_word' id='word_1_106' title='bbox 331 760 452 799; x_wconf 82' lang='grc' dir='ltr'>πενθερὸς</span> <span class='ocrx_word' id='word_1_107' title='bbox 463 761 566 794; x_wconf 81' lang='grc' dir='ltr'>Μωῦσῆ</span> <span class='ocrx_word' id='word_1_108' title='bbox 582 758 650 798; x_wconf 80' lang='grc' dir='ltr'>μετὰ</span> <span class='ocrx_word' id='word_1_109' title='bbox 662 760 710 793; x_wconf 77' lang='grc' dir='ltr'>τῆς</span> <span class='ocrx_word' id='word_1_110' title='bbox 727 758 848 797; x_wconf 81' lang='grc' dir='ltr'>γυναικὸς</span> 
     </span>
     <span class='ocr_line' id='line_1_15' title="bbox 77 789 847 846; baseline -0.004 -11"><span class='ocrx_word' id='word_1_111' title='bbox 77 789 214 846; x_wconf 45' lang='grc' dir='ltr'>(γαμὸριὸν</span> <span class='ocrx_word' id='word_1_112' title='bbox 231 805 258 835; x_wconf 82' lang='grc' dir='ltr'>δὲ</span> <span class='ocrx_word' id='word_1_113' title='bbox 272 805 350 835; x_wconf 81' lang='grc' dir='ltr'>αὐτὸν</span> <span class='ocrx_word' id='word_1_114' title='bbox 376 807 451 835; x_wconf 76' lang='grc' dir='ltr'>καλεῖ</span> <span class='ocrx_word' id='word_1_115' title='bbox 468 806 687 845; x_wconf 80' lang='grc' dir='ltr'>καταχρηστικῶς</span> <span class='ocrx_word' id='word_1_116' title='bbox 704 806 721 839; x_wconf 86' lang='grc' dir='ltr'>ἡ</span> <span class='ocrx_word' id='word_1_117' title='bbox 738 803 847 844; x_wconf 82' lang='grc' dir='ltr'>Γραφὴ)</span> 
     </span>
     <span class='ocr_line' id='line_1_16' title="bbox 77 849 847 892; baseline -0.003 -12"><span class='ocrx_word' id='word_1_118' title='bbox 77 849 134 892; x_wconf 79' lang='grc' dir='ltr'>1“τῷ</span> <span class='ocrx_word' id='word_1_119' title='bbox 145 864 174 881; x_wconf 89' lang='grc' dir='ltr'>τε</span> <span class='ocrx_word' id='word_1_120' title='bbox 189 853 291 891; x_wconf 80' lang='grc' dir='ltr'>Μωϋσῇ</span> <span class='ocrx_word' id='word_1_121' title='bbox 304 864 348 881; x_wconf 87' lang='grc' dir='ltr'>και</span> <span class='ocrx_word' id='word_1_122' title='bbox 359 864 398 891; x_wconf 81' lang='grc' dir='ltr'>τῳ</span> <span class='ocrx_word' id='word_1_123' title='bbox 418 853 485 891; x_wconf 83' lang='grc' dir='ltr'>λαῷ.</span> <span class='ocrx_word' id='word_1_124' title='bbox 501 853 639 892; x_wconf 81' lang='grc' dir='ltr'>Διηγεῖται</span> <span class='ocrx_word' id='word_1_125' title='bbox 660 850 694 879; x_wconf 83' lang='grc' dir='ltr'>τὰ</span> <span class='ocrx_word' id='word_1_126' title='bbox 713 849 847 889; x_wconf 80' lang='grc' dir='ltr'>θαυμάσια</span> 
     </span>
     <span class='ocr_line' id='line_1_17' title="bbox 78 891 847 938; baseline -0.001 -12"><span class='ocrx_word' id='word_1_127' title='bbox 78 898 196 933; x_wconf 78' lang='grc' dir='ltr'>Μωϋοῆς</span> <span class='ocrx_word' id='word_1_128' title='bbox 216 899 255 938; x_wconf 81' lang='grc' dir='ltr'>τῷ</span> <span class='ocrx_word' id='word_1_129' title='bbox 276 900 411 937; x_wconf 82' lang='grc' dir='ltr'>πενθερῷ·</span> <span class='ocrx_word' id='word_1_130' title='bbox 426 899 440 926; x_wconf 80' lang='grc' dir='ltr'><strong>ὁ</strong></span> <span class='ocrx_word' id='word_1_131' title='bbox 454 896 481 926; x_wconf 83' lang='grc' dir='ltr'>δὲ</span> <span class='ocrx_word' id='word_1_132' title='bbox 502 896 660 936; x_wconf 77' lang='grc' dir='ltr'>ἐθαύμασεν.</span> <span class='ocrx_word' id='word_1_133' title='bbox 678 896 725 930; x_wconf 89' lang='grc' dir='ltr'>Ὡς</span> <span class='ocrx_word' id='word_1_134' title='bbox 746 896 773 925; x_wconf 85' lang='grc' dir='ltr'>δὲ</span> <span class='ocrx_word' id='word_1_135' title='bbox 795 891 847 925; x_wconf 82' lang='grc' dir='ltr'>εἶδε</span> 
     </span>
     <span class='ocr_line' id='line_1_18' title="bbox 75 942 847 983; baseline -0.003 -10"><span class='ocrx_word' id='word_1_136' title='bbox 75 944 165 973; x_wconf 77' lang='grc' dir='ltr'>πάντα</span> <span class='ocrx_word' id='word_1_137' title='bbox 177 943 222 973; x_wconf 82' lang='grc' dir='ltr'>τὸν</span> <span class='ocrx_word' id='word_1_138' title='bbox 232 943 295 973; x_wconf 85' lang='grc' dir='ltr'>λαὸν</span> <span class='ocrx_word' id='word_1_139' title='bbox 306 943 492 983; x_wconf 79' lang='grc' dir='ltr'>παρεστηκότα</span> <span class='ocrx_word' id='word_1_140' title='bbox 506 945 609 982; x_wconf 78' lang='grc' dir='ltr'>Μωῦσῇ</span> <span class='ocrx_word' id='word_1_141' title='bbox 620 965 628 980; x_wconf 86' lang='grc'>,</span> <span class='ocrx_word' id='word_1_142' title='bbox 640 943 685 972; x_wconf 85' lang='grc' dir='ltr'>τὸν</span> <span class='ocrx_word' id='word_1_143' title='bbox 699 942 727 972; x_wconf 82' lang='grc' dir='ltr'>δὲ</span> <span class='ocrx_word' id='word_1_144' title='bbox 742 943 789 971; x_wconf 76' lang='grc' dir='ltr'>οὐκ</span> <span class='ocrx_word' id='word_1_145' title='bbox 803 944 847 982; x_wconf 84' lang='grc' dir='ltr'>ἄρ-</span> 
     </span>
     <span class='ocr_line' id='line_1_19' title="bbox 77 988 848 1030; baseline -0.001 -12"><span class='ocrx_word' id='word_1_146' title='bbox 77 993 172 1019; x_wconf 75' lang='grc' dir='ltr'>κοῢντα</span> <span class='ocrx_word' id='word_1_147' title='bbox 187 995 253 1019; x_wconf 83' lang='grc' dir='ltr'>πᾶσι</span> <span class='ocrx_word' id='word_1_148' title='bbox 265 989 370 1029; x_wconf 82' lang='grc' dir='ltr'>κρίνειν,</span> <span class='ocrx_word' id='word_1_149' title='bbox 385 989 463 1030; x_wconf 78' lang='grc' dir='ltr'>φησὶν</span> <span class='ocrx_word' id='word_1_150' title='bbox 477 991 549 1028; x_wconf 83' lang='grc' dir='ltr'>αὐτῷ</span> <span class='ocrx_word' id='word_1_151' title='bbox 561 992 575 1018; x_wconf 84' lang='grc' dir='ltr'>ὁ</span> <span class='ocrx_word' id='word_1_152' title='bbox 589 988 710 1028; x_wconf 82' lang='grc' dir='ltr'>πενθερὸς</span> <span class='ocrx_word' id='word_1_153' title='bbox 719 1011 726 1025; x_wconf 89' lang='grc'>,</span> <span class='ocrx_word' id='word_1_154' title='bbox 738 988 848 1018; x_wconf 85' lang='grc' dir='ltr'>Ἔπίλε-</span> 
     </span>
     <span class='ocr_line' id='line_1_20' title="bbox 78 1034 849 1075; baseline -0.003 -11"><span class='ocrx_word' id='word_1_155' title='bbox 78 1035 119 1069; x_wconf 84' lang='grc' dir='ltr'>ξαι</span> <span class='ocrx_word' id='word_1_156' title='bbox 139 1036 234 1075; x_wconf 77' lang='grc' dir='ltr'>ἄνδρας</span> <span class='ocrx_word' id='word_1_157' title='bbox 249 1034 388 1072; x_wconf 76' lang='grc' dir='ltr'>δυνατοὺς,</span> <span class='ocrx_word' id='word_1_158' title='bbox 404 1035 546 1072; x_wconf 75' lang='grc' dir='ltr'>θεοσεὸεῐς,</span> <span class='ocrx_word' id='word_1_159' title='bbox 564 1034 692 1070; x_wconf 81' lang='grc' dir='ltr'>δικαίους,</span> <span class='ocrx_word' id='word_1_160' title='bbox 708 1037 849 1073; x_wconf 78' lang='grc' dir='ltr'>μισοῦντας</span> 
     </span>
     <span class='ocr_line' id='line_1_21' title="bbox 78 1079 848 1120; baseline -0.001 -11"><span class='ocrx_word' id='word_1_161' title='bbox 78 1081 275 1120; x_wconf 77' lang='grc' dir='ltr'>ὑπερηφανίαν,</span> <span class='ocrx_word' id='word_1_162' title='bbox 300 1081 345 1110; x_wconf 77' lang='grc' dir='ltr'>καὶ</span> <span class='ocrx_word' id='word_1_163' title='bbox 367 1081 534 1116; x_wconf 82' lang='grc' dir='ltr'>κατάστησον</span> <span class='ocrx_word' id='word_1_164' title='bbox 560 1079 652 1113; x_wconf 76' lang='grc' dir='ltr'>αὐτοὺς</span> <span class='ocrx_word' id='word_1_165' title='bbox 675 1080 830 1120; x_wconf 80' lang='grc' dir='ltr'>χιλιάρχους</span> <span class='ocrx_word' id='word_1_166' title='bbox 841 1102 848 1115; x_wconf 88' lang='grc'>,</span> 
     </span>
     <span class='ocr_line' id='line_1_22' title="bbox 77 1125 849 1166; baseline -0.001 -11"><span class='ocrx_word' id='word_1_167' title='bbox 77 1126 564 1166; x_wconf 75' lang='grc' dir='ltr'>ἑκατοντάρχους,πεντηκοντάρχους,</span> <span class='ocrx_word' id='word_1_168' title='bbox 580 1125 744 1165; x_wconf 52' lang='grc' dir='ltr'>ῑὸεκάρχους.</span> <span class='ocrx_word' id='word_1_169' title='bbox 761 1125 849 1154; x_wconf 82' lang='grc' dir='ltr'>Ἐποί-</span> 
     </span>
     <span class='ocr_line' id='line_1_23' title="bbox 78 1171 848 1211; baseline -0.001 -10"><span class='ocrx_word' id='word_1_170' title='bbox 78 1184 127 1208; x_wconf 79' lang='grc' dir='ltr'>ησε</span> <span class='ocrx_word' id='word_1_171' title='bbox 140 1174 259 1207; x_wconf 81' lang='grc' dir='ltr'>Μωῦσῆς</span> <span class='ocrx_word' id='word_1_172' title='bbox 281 1171 380 1207; x_wconf 77' lang='grc' dir='ltr'>οὕτως,</span> <span class='ocrx_word' id='word_1_173' title='bbox 393 1172 439 1201; x_wconf 78' lang='grc' dir='ltr'>καὶ</span> <span class='ocrx_word' id='word_1_174' title='bbox 462 1173 572 1207; x_wconf 64' lang='grc' dir='ltr'>ἀνῆλθεν</span> <span class='ocrx_word' id='word_1_175' title='bbox 599 1173 635 1204; x_wconf 84' lang='grc' dir='ltr'>εἷς</span> <span class='ocrx_word' id='word_1_176' title='bbox 656 1171 686 1200; x_wconf 85' lang='grc' dir='ltr'>τὸ</span> <span class='ocrx_word' id='word_1_177' title='bbox 704 1171 771 1211; x_wconf 86' lang='grc' dir='ltr'>ὅρος.</span> <span class='ocrx_word' id='word_1_178' title='bbox 795 1171 848 1201; x_wconf 73' lang='grc' dir='ltr'>Καὶ</span> 
     </span>
     <span class='ocr_line' id='line_1_24' title="bbox 78 1217 848 1258; baseline -0.001 -11"><span class='ocrx_word' id='word_1_179' title='bbox 78 1217 236 1258; x_wconf 80' lang='grc' dir='ltr'>προσέταξεν</span> <span class='ocrx_word' id='word_1_180' title='bbox 251 1219 323 1258; x_wconf 79' lang='grc' dir='ltr'>αὐτῷ</span> <span class='ocrx_word' id='word_1_181' title='bbox 340 1221 354 1247; x_wconf 83' lang='grc' dir='ltr'>ὁ</span> <span class='ocrx_word' id='word_1_182' title='bbox 367 1218 434 1251; x_wconf 84' lang='grc' dir='ltr'>Θεὸς</span> <span class='ocrx_word' id='word_1_183' title='bbox 454 1219 536 1247; x_wconf 85' lang='grc' dir='ltr'>εἰπεῖν</span> <span class='ocrx_word' id='word_1_184' title='bbox 550 1219 589 1258; x_wconf 81' lang='grc' dir='ltr'>τῷ</span> <span class='ocrx_word' id='word_1_185' title='bbox 602 1218 675 1258; x_wconf 85' lang='grc' dir='ltr'>λαῷ,</span> <span class='ocrx_word' id='word_1_186' title='bbox 690 1217 731 1246; x_wconf 76' lang='grc' dir='ltr'>ὅτι</span> <span class='ocrx_word' id='word_1_187' title='bbox 745 1217 848 1246; x_wconf 85' lang='grc' dir='ltr'>ἔσονται</span> 
     </span>
     <span class='ocr_line' id='line_1_25' title="bbox 78 1262 849 1304; baseline -0.001 -11"><span class='ocrx_word' id='word_1_188' title='bbox 78 1267 124 1293; x_wconf 72' lang='grc' dir='ltr'>τοῦ</span> <span class='ocrx_word' id='word_1_189' title='bbox 136 1265 206 1294; x_wconf 77' lang='grc' dir='ltr'>Θεοῦ</span> <span class='ocrx_word' id='word_1_190' title='bbox 219 1263 349 1303; x_wconf 87' lang='grc' dir='ltr'>βασίλειον</span> <span class='ocrx_word' id='word_1_191' title='bbox 364 1264 505 1304; x_wconf 76' lang='grc' dir='ltr'>ἱεράτευμα</span> <span class='ocrx_word' id='word_1_192' title='bbox 515 1287 522 1300; x_wconf 90' lang='grc'>,</span> <span class='ocrx_word' id='word_1_193' title='bbox 536 1263 606 1296; x_wconf 84' lang='grc' dir='ltr'>ἔθνος</span> <span class='ocrx_word' id='word_1_194' title='bbox 622 1263 704 1303; x_wconf 85' lang='grc' dir='ltr'>ἅγιον,</span> <span class='ocrx_word' id='word_1_195' title='bbox 720 1262 764 1292; x_wconf 78' lang='grc' dir='ltr'>ἐὰν</span> <span class='ocrx_word' id='word_1_196' title='bbox 778 1265 849 1293; x_wconf 77' lang='grc' dir='ltr'>ὓπα-</span> 
     </span>
     <span class='ocr_line' id='line_1_26' title="bbox 78 1305 847 1348; baseline -0.001 -8"><span class='ocrx_word' id='word_1_197' title='bbox 78 1309 203 1340; x_wconf 76' lang='grc' dir='ltr'>κούσωσι.</span> <span class='ocrx_word' id='word_1_198' title='bbox 215 1312 251 1340; x_wconf 81' lang='grc' dir='ltr'>Οἱ</span> <span class='ocrx_word' id='word_1_199' title='bbox 273 1310 301 1339; x_wconf 86' lang='grc' dir='ltr'>δὲ</span> <span class='ocrx_word' id='word_1_200' title='bbox 325 1305 412 1339; x_wconf 69' lang='grc' dir='ltr'>εἷπον·</span> <span class='ocrx_word' id='word_1_201' title='bbox 429 1309 561 1345; x_wconf 85' lang='grc' dir='ltr'>Ἅπαντα,</span> <span class='ocrx_word' id='word_1_202' title='bbox 575 1310 624 1339; x_wconf 83' lang='grc' dir='ltr'>ὅσα</span> <span class='ocrx_word' id='word_1_203' title='bbox 647 1305 719 1339; x_wconf 82' lang='grc' dir='ltr'>εἶπεν</span> <span class='ocrx_word' id='word_1_204' title='bbox 733 1311 747 1338; x_wconf 82' lang='grc' dir='ltr'><strong>ὁ</strong></span> <span class='ocrx_word' id='word_1_205' title='bbox 760 1310 828 1343; x_wconf 81' lang='grc' dir='ltr'>Θεὸς</span> <span class='ocrx_word' id='word_1_206' title='bbox 839 1333 847 1348; x_wconf 83' lang='grc'>,</span> 
     </span>
     <span class='ocr_line' id='line_1_27' title="bbox 79 1355 849 1396; baseline 0 -11"><span class='ocrx_word' id='word_1_207' title='bbox 79 1356 225 1395; x_wconf 75' lang='grc' dir='ltr'>ποιήσομεν</span> <span class='ocrx_word' id='word_1_208' title='bbox 256 1356 302 1386; x_wconf 78' lang='grc' dir='ltr'>καὶ</span> <span class='ocrx_word' id='word_1_209' title='bbox 332 1355 506 1395; x_wconf 86' lang='grc' dir='ltr'>ἀκουσόμεθα.</span> <span class='ocrx_word' id='word_1_210' title='bbox 529 1355 599 1385; x_wconf 84' lang='grc' dir='ltr'>Τότε</span> <span class='ocrx_word' id='word_1_211' title='bbox 623 1355 783 1395; x_wconf 77' lang='grc' dir='ltr'>προστάσσει</span> <span class='ocrx_word' id='word_1_212' title='bbox 811 1358 849 1396; x_wconf 84' lang='grc' dir='ltr'>τῷ</span> 
     </span>
     <span class='ocr_line' id='line_1_28' title="bbox 79 1401 850 1459; baseline -0.001 -27"><span class='ocrx_word' id='word_1_213' title='bbox 79 1403 149 1459; x_wconf 43' lang='lat' dir='ltr'>Kasp„</span> <span class='ocrx_word' id='word_1_214' title='bbox 148 1404 302 1442; x_wconf 80' lang='grc' dir='ltr'>ἁγνισθῆναι</span> <span class='ocrx_word' id='word_1_215' title='bbox 314 1402 363 1436; x_wconf 81' lang='grc' dir='ltr'>ἕως</span> <span class='ocrx_word' id='word_1_216' title='bbox 373 1402 464 1442; x_wconf 81' lang='grc' dir='ltr'>τρίτης</span> <span class='ocrx_word' id='word_1_217' title='bbox 474 1402 584 1442; x_wconf 83' lang='grc' dir='ltr'>ἡμέρας,</span> <span class='ocrx_word' id='word_1_218' title='bbox 595 1403 691 1432; x_wconf 81' lang='grc' dir='ltr'>πλῦναι</span> <span class='ocrx_word' id='word_1_219' title='bbox 708 1401 742 1431; x_wconf 83' lang='grc' dir='ltr'>τὰ</span> <span class='ocrx_word' id='word_1_220' title='bbox 756 1402 850 1441; x_wconf 79' lang='grc' dir='ltr'>ἱμάτια</span> 
     </span>
     <span class='ocr_line' id='line_1_29' title="bbox 80 1447 848 1488; baseline 0.001 -12"><span class='ocrx_word' id='word_1_221' title='bbox 80 1449 178 1477; x_wconf 79' lang='grc' dir='ltr'>αὐτῶν.</span> <span class='ocrx_word' id='word_1_222' title='bbox 190 1450 320 1478; x_wconf 80' lang='grc' dir='ltr'>Ἐνταῦθα</span> <span class='ocrx_word' id='word_1_223' title='bbox 337 1447 441 1488; x_wconf 83' lang='grc' dir='ltr'>εἴρηται</span> <span class='ocrx_word' id='word_1_224' title='bbox 461 1448 506 1477; x_wconf 83' lang='grc' dir='ltr'>καὶ</span> <span class='ocrx_word' id='word_1_225' title='bbox 520 1447 550 1477; x_wconf 84' lang='grc' dir='ltr'>τὸ</span> <span class='ocrx_word' id='word_1_226' title='bbox 563 1447 636 1487; x_wconf 81' lang='grc' dir='ltr'>παρὰ</span> <span class='ocrx_word' id='word_1_227' title='bbox 653 1460 692 1488; x_wconf 86' lang='grc' dir='ltr'>τῳ</span> <span class='ocrx_word' id='word_1_228' title='bbox 708 1448 848 1488; x_wconf 83' lang='grc' dir='ltr'>ἀποστόλῳ</span> 
     </span>
     <span class='ocr_line' id='line_1_30' title="bbox 79 1494 849 1535; baseline 0.001 -12"><span class='ocrx_word' id='word_1_229' title='bbox 79 1495 108 1523; x_wconf 82' lang='grc' dir='ltr'>ἐν</span> <span class='ocrx_word' id='word_1_230' title='bbox 118 1496 152 1532; x_wconf 87' lang='grc' dir='ltr'>τῇ</span> <span class='ocrx_word' id='word_1_231' title='bbox 163 1506 228 1534; x_wconf 86' lang='grc' dir='ltr'>προς</span> <span class='ocrx_word' id='word_1_232' title='bbox 240 1494 392 1535; x_wconf 77' lang='grc' dir='ltr'>Ἑὸραίους·</span> <span class='ocrx_word' id='word_1_233' title='bbox 406 1494 462 1523; x_wconf 82' lang='grc' dir='ltr'>Κᾶν</span> <span class='ocrx_word' id='word_1_234' title='bbox 477 1495 536 1534; x_wconf 87' lang='grc' dir='ltr'>θίγῃ</span> <span class='ocrx_word' id='word_1_235' title='bbox 548 1497 593 1523; x_wconf 81' lang='grc' dir='ltr'>τοῦ</span> <span class='ocrx_word' id='word_1_236' title='bbox 609 1494 699 1534; x_wconf 81' lang='grc' dir='ltr'>ὄρους,</span> <span class='ocrx_word' id='word_1_237' title='bbox 709 1495 849 1531; x_wconf 72' lang='grc' dir='ltr'>λιθοὸολη-</span> 
     </span>
     <span class='ocr_line' id='line_1_31' title="bbox 81 1539 847 1581; baseline 0.001 -12"><span class='ocrx_word' id='word_1_238' title='bbox 81 1539 198 1575; x_wconf 86' lang='grc' dir='ltr'>θησεται.</span> <span class='ocrx_word' id='word_1_239' title='bbox 210 1540 279 1570; x_wconf 86' lang='grc' dir='ltr'>Τότε</span> <span class='ocrx_word' id='word_1_240' title='bbox 295 1540 448 1574; x_wconf 82' lang='grc' dir='ltr'>ἐκαπνίζετο</span> <span class='ocrx_word' id='word_1_241' title='bbox 463 1541 494 1570; x_wconf 87' lang='grc' dir='ltr'>τὸ</span> <span class='ocrx_word' id='word_1_242' title='bbox 507 1541 565 1580; x_wconf 80' lang='grc' dir='ltr'>ὄρος</span> <span class='ocrx_word' id='word_1_243' title='bbox 574 1563 581 1577; x_wconf 92' lang='grc'>,</span> <span class='ocrx_word' id='word_1_244' title='bbox 594 1541 677 1581; x_wconf 80' lang='grc' dir='ltr'>φωναὶ</span> <span class='ocrx_word' id='word_1_245' title='bbox 695 1541 847 1581; x_wconf 83' lang='grc' dir='ltr'>σαλπίγγων</span> 
     </span>
     <span class='ocr_line' id='line_1_32' title="bbox 80 1585 848 1625; baseline 0.003 -11"><span class='ocrx_word' id='word_1_246' title='bbox 80 1585 172 1625; x_wconf 82' lang='grc' dir='ltr'>ἤχουν.</span> <span class='ocrx_word' id='word_1_247' title='bbox 183 1585 251 1615; x_wconf 84' lang='grc' dir='ltr'>Τότε</span> <span class='ocrx_word' id='word_1_248' title='bbox 260 1586 307 1620; x_wconf 83' lang='grc' dir='ltr'>τὰς</span> <span class='ocrx_word' id='word_1_249' title='bbox 318 1586 423 1619; x_wconf 78' lang='grc' dir='ltr'>ἐντολὰς</span> <span class='ocrx_word' id='word_1_250' title='bbox 433 1598 478 1615; x_wconf 88' lang='grc' dir='ltr'>του</span> <span class='ocrx_word' id='word_1_251' title='bbox 489 1587 568 1625; x_wconf 86' lang='grc' dir='ltr'>νόμου</span> <span class='ocrx_word' id='word_1_252' title='bbox 580 1586 710 1625; x_wconf 77' lang='grc' dir='ltr'>λαμὸάνει</span> <span class='ocrx_word' id='word_1_253' title='bbox 723 1589 848 1623; x_wconf 81' lang='grc' dir='ltr'>Μωϋσῆς,</span> 
     </span>
     <span class='ocr_line' id='line_1_33' title="bbox 81 1631 848 1671; baseline 0.003 -11"><span class='ocrx_word' id='word_1_254' title='bbox 81 1631 130 1667; x_wconf 83' lang='grc' dir='ltr'>τὴν</span> <span class='ocrx_word' id='word_1_255' title='bbox 151 1631 309 1671; x_wconf 78' lang='grc' dir='ltr'>δεκάλαγον,</span> <span class='ocrx_word' id='word_1_256' title='bbox 331 1631 377 1662; x_wconf 79' lang='grc' dir='ltr'>καὶ</span> <span class='ocrx_word' id='word_1_257' title='bbox 398 1631 432 1660; x_wconf 82' lang='grc' dir='ltr'>τὰ</span> <span class='ocrx_word' id='word_1_258' title='bbox 454 1632 535 1661; x_wconf 74' lang='grc' dir='ltr'>λοιπὰ</span> <span class='ocrx_word' id='word_1_259' title='bbox 560 1631 735 1670; x_wconf 84' lang='grc' dir='ltr'>δικαιώματα</span> <span class='ocrx_word' id='word_1_260' title='bbox 750 1633 790 1662; x_wconf 88' lang='grc' dir='ltr'>Τὸ</span> <span class='ocrx_word' id='word_1_261' title='bbox 805 1632 848 1669; x_wconf 82' lang='grc' dir='ltr'>δὲ,</span> 
     </span>
     <span class='ocr_line' id='line_1_34' title="bbox 81 1677 848 1718; baseline 0 -11"><span class='ocrx_word' id='word_1_262' title='bbox 81 1677 165 1711; x_wconf 84' lang='grc' dir='ltr'>Θεοὺς</span> <span class='ocrx_word' id='word_1_263' title='bbox 187 1679 216 1706; x_wconf 86' lang='grc' dir='ltr'>οὖ</span> <span class='ocrx_word' id='word_1_264' title='bbox 238 1678 442 1717; x_wconf 81' lang='grc' dir='ltr'>κακολογήσεις,</span> <span class='ocrx_word' id='word_1_265' title='bbox 456 1678 485 1707; x_wconf 84' lang='grc' dir='ltr'>οὐ</span> <span class='ocrx_word' id='word_1_266' title='bbox 505 1677 566 1717; x_wconf 72' lang='grc' dir='ltr'>περὶ</span> <span class='ocrx_word' id='word_1_267' title='bbox 590 1677 704 1707; x_wconf 81' lang='grc' dir='ltr'>εἰδώλων</span> <span class='ocrx_word' id='word_1_268' title='bbox 730 1677 848 1718; x_wconf 78' lang='grc' dir='ltr'>εἴρηται,</span> 
     </span>
     <span class='ocr_line' id='line_1_35' title="bbox 82 1723 847 1764; baseline 0.001 -12"><span class='ocrx_word' id='word_1_269' title='bbox 82 1724 150 1753; x_wconf 78' lang='grc' dir='ltr'>ἀλλὰ</span> <span class='ocrx_word' id='word_1_270' title='bbox 170 1724 231 1764; x_wconf 85' lang='grc' dir='ltr'>περὶ</span> <span class='ocrx_word' id='word_1_271' title='bbox 250 1726 302 1753; x_wconf 86' lang='grc' dir='ltr'>τῶν</span> <span class='ocrx_word' id='word_1_272' title='bbox 315 1723 448 1764; x_wconf 83' lang='grc' dir='ltr'>ἀρχόντων</span> <span class='ocrx_word' id='word_1_273' title='bbox 459 1735 465 1742; x_wconf 89' lang='grc'><em>·</em></span> <span class='ocrx_word' id='word_1_274' title='bbox 479 1724 572 1763; x_wconf 80' lang='grc' dir='ltr'>ἐπάγει</span> <span class='ocrx_word' id='word_1_275' title='bbox 589 1723 654 1763; x_wconf 87' lang='grc' dir='ltr'>γὰρ,</span> <span class='ocrx_word' id='word_1_276' title='bbox 667 1723 789 1764; x_wconf 83' lang='grc' dir='ltr'>Ἄρχοντι</span> <span class='ocrx_word' id='word_1_277' title='bbox 802 1727 847 1753; x_wconf 82' lang='grc' dir='ltr'>τοῦ</span> 
     </span>
     <span class='ocr_line' id='line_1_36' title="bbox 80 1764 847 1809; baseline 0.001 -10"><span class='ocrx_word' id='word_1_278' title='bbox 80 1771 145 1799; x_wconf 73' lang='grc' dir='ltr'>λαοῖἱ</span> <span class='ocrx_word' id='word_1_279' title='bbox 165 1782 211 1800; x_wconf 88' lang='grc' dir='ltr'>σου</span> <span class='ocrx_word' id='word_1_280' title='bbox 228 1771 276 1799; x_wconf 82' lang='grc' dir='ltr'>οὐκ</span> <span class='ocrx_word' id='word_1_281' title='bbox 290 1771 356 1809; x_wconf 74' lang='grc' dir='ltr'>ἐρεῖς</span> <span class='ocrx_word' id='word_1_282' title='bbox 371 1767 469 1803; x_wconf 78' lang='grc' dir='ltr'>κακῶς.</span> <span class='ocrx_word' id='word_1_283' title='bbox 490 1764 716 1809; x_wconf 76' lang='grc' dir='ltr'>Ἐπαγγέλλεται,</span> <span class='ocrx_word' id='word_1_284' title='bbox 735 1772 758 1799; x_wconf 86' lang='grc' dir='ltr'>εἷ</span> <span class='ocrx_word' id='word_1_285' title='bbox 777 1773 847 1800; x_wconf 79' lang='grc' dir='ltr'>ὑπα-</span> 
     </span>
     <span class='ocr_line' id='line_1_37' title="bbox 80 1814 847 1855; baseline 0 -10"><span class='ocrx_word' id='word_1_286' title='bbox 80 1815 216 1851; x_wconf 84' lang='grc' dir='ltr'>κούσειαν,</span> <span class='ocrx_word' id='word_1_287' title='bbox 230 1814 316 1845; x_wconf 77' lang='grc' dir='ltr'>πολλὰ</span> <span class='ocrx_word' id='word_1_288' title='bbox 327 1816 414 1848; x_wconf 82' lang='grc' dir='ltr'>αὐτοῖς</span> <span class='ocrx_word' id='word_1_289' title='bbox 431 1815 516 1854; x_wconf 84' lang='grc' dir='ltr'>ἀγαθά</span> <span class='ocrx_word' id='word_1_290' title='bbox 525 1827 531 1834; x_wconf 93' lang='grc'><em>·</em></span> <span class='ocrx_word' id='word_1_291' title='bbox 542 1816 682 1855; x_wconf 80' lang='grc' dir='ltr'>κρατήσειν</span> <span class='ocrx_word' id='word_1_292' title='bbox 693 1818 746 1845; x_wconf 82' lang='grc' dir='ltr'>τῶν</span> <span class='ocrx_word' id='word_1_293' title='bbox 758 1817 847 1851; x_wconf 81' lang='grc' dir='ltr'>ἐθνῶν,</span> 
     </span>
     <span class='ocr_line' id='line_1_38' title="bbox 79 1855 848 1903; baseline 0 -11"><span class='ocrx_word' id='word_1_294' title='bbox 79 1865 127 1898; x_wconf 86' lang='grc' dir='ltr'>τ’ῆς</span> <span class='ocrx_word' id='word_1_295' title='bbox 143 1865 193 1902; x_wconf 72' lang='grc' dir='ltr'>γῆς</span> <span class='ocrx_word' id='word_1_296' title='bbox 206 1862 393 1903; x_wconf 79' lang='grc' dir='ltr'>κληρονομίαν,</span> <span class='ocrx_word' id='word_1_297' title='bbox 405 1862 435 1891; x_wconf 82' lang='grc' dir='ltr'>τὸ</span> <span class='ocrx_word' id='word_1_298' title='bbox 447 1855 516 1902; x_wconf 50' lang='grc' dir='ltr'>ὕδωρ</span> <span class='ocrx_word' id='word_1_299' title='bbox 530 1863 616 1891; x_wconf 79' lang='grc' dir='ltr'>αὐτῶν</span> <span class='ocrx_word' id='word_1_300' title='bbox 635 1862 759 1902; x_wconf 81' lang='grc' dir='ltr'>εὐλογήσε</span> <span class='ocrx_word' id='word_1_301' title='bbox 765 1875 787 1892; x_wconf 89' lang='grc' dir='ltr'>ιν</span> <span class='ocrx_word' id='word_1_302' title='bbox 802 1863 848 1893; x_wconf 78' lang='grc' dir='ltr'>καὶ</span> 
     </span>
     <span class='ocr_line' id='line_1_39' title="bbox 80 1908 846 1950; baseline 0 -12"><span class='ocrx_word' id='word_1_303' title='bbox 80 1910 124 1939; x_wconf 83' lang='grc' dir='ltr'>τὸν</span> <span class='ocrx_word' id='word_1_304' title='bbox 143 1909 229 1950; x_wconf 77' lang='grc' dir='ltr'>ἄρτον,</span> <span class='ocrx_word' id='word_1_305' title='bbox 246 1909 334 1945; x_wconf 84' lang='grc' dir='ltr'>πάσης</span> <span class='ocrx_word' id='word_1_306' title='bbox 356 1908 487 1948; x_wconf 82' lang='grc' dir='ltr'>μαλακίας</span> <span class='ocrx_word' id='word_1_307' title='bbox 508 1908 601 1942; x_wconf 76' lang='grc' dir='ltr'>αὐτοὺς</span> <span class='ocrx_word' id='word_1_308' title='bbox 620 1908 789 1945; x_wconf 80' lang='grc' dir='ltr'>ἀπαλλάξειν,</span> <span class='ocrx_word' id='word_1_309' title='bbox 809 1909 846 1948; x_wconf 86' lang='grc' dir='ltr'>μὴ</span> 
     </span>
     <span class='ocr_line' id='line_1_40' title="bbox 81 1955 850 1996; baseline -0.001 -10"><span class='ocrx_word' id='word_1_310' title='bbox 81 1956 186 1986; x_wconf 77' lang='grc' dir='ltr'>ἔσεσθαι</span> <span class='ocrx_word' id='word_1_311' title='bbox 210 1961 314 1996; x_wconf 83' lang='grc' dir='ltr'>στεῖραν</span> <span class='ocrx_word' id='word_1_312' title='bbox 336 1957 364 1984; x_wconf 82' lang='grc' dir='ltr'>ἐν</span> <span class='ocrx_word' id='word_1_313' title='bbox 383 1957 486 1990; x_wconf 83' lang='grc' dir='ltr'>αὐτοῖς,</span> <span class='ocrx_word' id='word_1_314' title='bbox 506 1955 572 1994; x_wconf 82' lang='grc' dir='ltr'>μηδὲ</span> <span class='ocrx_word' id='word_1_315' title='bbox 592 1955 700 1995; x_wconf 84' lang='grc' dir='ltr'>ἄγονον,</span> <span class='ocrx_word' id='word_1_316' title='bbox 716 1956 783 1995; x_wconf 85' lang='grc' dir='ltr'>μηδὲ</span> <span class='ocrx_word' id='word_1_317' title='bbox 803 1956 850 1985; x_wconf 85' lang='grc' dir='ltr'>θά-</span> 
     </span>
     <span class='ocr_line' id='line_1_41' title="bbox 80 2001 849 2042; baseline 0 -11"><span class='ocrx_word' id='word_1_318' title='bbox 80 2013 156 2031; x_wconf 86' lang='grc' dir='ltr'>νατον</span> <span class='ocrx_word' id='word_1_319' title='bbox 177 2002 271 2042; x_wconf 84' lang='grc' dir='ltr'>ἄωρον,</span> <span class='ocrx_word' id='word_1_320' title='bbox 282 2001 317 2031; x_wconf 79' lang='grc' dir='ltr'>τὰ</span> <span class='ocrx_word' id='word_1_321' title='bbox 335 2001 395 2041; x_wconf 78' lang='grc' dir='ltr'>ὅρια</span> <span class='ocrx_word' id='word_1_322' title='bbox 406 2003 491 2031; x_wconf 83' lang='grc' dir='ltr'>αὐτῶν</span> <span class='ocrx_word' id='word_1_323' title='bbox 505 2001 595 2036; x_wconf 85' lang='grc' dir='ltr'>θήσειν</span> <span class='ocrx_word' id='word_1_324' title='bbox 609 2001 661 2031; x_wconf 77' lang='grc' dir='ltr'>ἀπὸ</span> <span class='ocrx_word' id='word_1_325' title='bbox 678 2003 726 2037; x_wconf 77' lang='grc' dir='ltr'>τῆς</span> <span class='ocrx_word' id='word_1_326' title='bbox 741 2003 849 2042; x_wconf 78' lang='grc' dir='ltr'>ἐρυθρᾶς</span> 
     </span>
     <span class='ocr_line' id='line_1_42' title="bbox 81 2047 849 2087; baseline -0.001 -9"><span class='ocrx_word' id='word_1_327' title='bbox 81 2048 214 2084; x_wconf 79' lang='grc' dir='ltr'>θαλασσης</span> <span class='ocrx_word' id='word_1_328' title='bbox 227 2048 277 2081; x_wconf 79' lang='grc' dir='ltr'>ἕως</span> <span class='ocrx_word' id='word_1_329' title='bbox 288 2049 335 2083; x_wconf 78' lang='grc' dir='ltr'>τῆς</span> <span class='ocrx_word' id='word_1_330' title='bbox 348 2047 510 2086; x_wconf 72' lang='grc' dir='ltr'>Φυλιστιεὶμ</span> <span class='ocrx_word' id='word_1_331' title='bbox 519 2070 527 2083; x_wconf 88' lang='grc'>,</span> <span class='ocrx_word' id='word_1_332' title='bbox 549 2047 602 2077; x_wconf 79' lang='grc' dir='ltr'>ἀπὸ</span> <span class='ocrx_word' id='word_1_333' title='bbox 619 2050 667 2083; x_wconf 82' lang='grc' dir='ltr'>τῆς</span> <span class='ocrx_word' id='word_1_334' title='bbox 682 2047 781 2087; x_wconf 80' lang='grc' dir='ltr'>ἐρημου</span> <span class='ocrx_word' id='word_1_335' title='bbox 801 2048 849 2081; x_wconf 81' lang='grc' dir='ltr'>ἕως</span> 
     </span>
     <span class='ocr_line' id='line_1_43' title="bbox 81 2093 848 2135; baseline 0 -11"><span class='ocrx_word' id='word_1_336' title='bbox 81 2097 127 2124; x_wconf 76' lang='grc' dir='ltr'>τοῦ</span> <span class='ocrx_word' id='word_1_337' title='bbox 141 2094 292 2135; x_wconf 83' lang='grc' dir='ltr'>Εὐφράτου.</span> <span class='ocrx_word' id='word_1_338' title='bbox 307 2094 376 2124; x_wconf 88' lang='grc' dir='ltr'>Τότε</span> <span class='ocrx_word' id='word_1_339' title='bbox 387 2093 443 2123; x_wconf 84' lang='grc' dir='ltr'>θυει</span> <span class='ocrx_word' id='word_1_340' title='bbox 457 2095 589 2129; x_wconf 79' lang='grc' dir='ltr'>Μωῦσῆς,</span> <span class='ocrx_word' id='word_1_341' title='bbox 603 2093 648 2123; x_wconf 79' lang='grc' dir='ltr'>καὶ</span> <span class='ocrx_word' id='word_1_342' title='bbox 661 2093 691 2123; x_wconf 84' lang='grc' dir='ltr'>τὸ</span> <span class='ocrx_word' id='word_1_343' title='bbox 708 2094 790 2133; x_wconf 83' lang='grc' dir='ltr'>ἥμισυ</span> <span class='ocrx_word' id='word_1_344' title='bbox 803 2097 848 2124; x_wconf 80' lang='grc' dir='ltr'>τοῦ</span> 
     </span>
     <span class='ocr_line' id='line_1_44' title="bbox 82 2139 849 2180; baseline 0.001 -11"><span class='ocrx_word' id='word_1_345' title='bbox 82 2139 192 2178; x_wconf 77' lang='grc' dir='ltr'>αἵματος</span> <span class='ocrx_word' id='word_1_346' title='bbox 205 2140 333 2180; x_wconf 71' lang='grc' dir='ltr'>προσέχει</span> <span class='ocrx_word' id='word_1_347' title='bbox 347 2139 412 2179; x_wconf 83' lang='grc' dir='ltr'>πρὸς</span> <span class='ocrx_word' id='word_1_348' title='bbox 425 2140 455 2169; x_wconf 83' lang='grc' dir='ltr'>τὸ</span> <span class='ocrx_word' id='word_1_349' title='bbox 471 2139 670 2180; x_wconf 82' lang='grc' dir='ltr'>θυσιαστήριον·</span> <span class='ocrx_word' id='word_1_350' title='bbox 694 2140 739 2170; x_wconf 78' lang='grc' dir='ltr'>καὶ</span> <span class='ocrx_word' id='word_1_351' title='bbox 759 2140 849 2170; x_wconf 67' lang='grc' dir='ltr'>λαθὼν</span> 
     </span>
     <span class='ocr_line' id='line_1_45' title="bbox 81 2186 849 2229; baseline 0.003 -10"><span class='ocrx_word' id='word_1_352' title='bbox 81 2190 112 2219; x_wconf 84' lang='grc' dir='ltr'>τὸ</span> <span class='ocrx_word' id='word_1_353' title='bbox 127 2186 193 2229; x_wconf 78' lang='grc' dir='ltr'>αἷμα</span> <span class='ocrx_word' id='word_1_354' title='bbox 206 2190 383 2220; x_wconf 82' lang='grc' dir='ltr'>κατεσκέδασε</span> <span class='ocrx_word' id='word_1_355' title='bbox 404 2193 451 2219; x_wconf 80' lang='grc' dir='ltr'>τοῦ</span> <span class='ocrx_word' id='word_1_356' title='bbox 467 2191 541 2220; x_wconf 81' lang='grc' dir='ltr'>λαοῦ.</span> <span class='ocrx_word' id='word_1_357' title='bbox 556 2190 699 2229; x_wconf 84' lang='grc' dir='ltr'>Μέμνηται</span> <span class='ocrx_word' id='word_1_358' title='bbox 713 2190 811 2220; x_wconf 83' lang='grc' dir='ltr'>τούτων</span> <span class='ocrx_word' id='word_1_359' title='bbox 835 2194 849 2221; x_wconf 83' lang='grc' dir='ltr'>ὁ</span> 
     </span>
    </p>
   </div>
   <div class='ocr_carea' id='block_1_5' title="bbox 866 294 1795 1540">
    <p class='ocr_par' dir='ltr' id='par_1_5' title="bbox 899 294 1644 707">
     <span class='ocr_line' id='line_1_46' title="bbox 899 294 1643 336; baseline 0.005 -14"><span class='ocrx_word' id='word_1_360' title='bbox 899 294 1010 324; x_wconf 89' lang='lat' dir='ltr'>sabbato</span> <span class='ocrx_word' id='word_1_361' title='bbox 1027 308 1032 324; x_wconf 91' lang='lat'><strong>:</strong></span> <span class='ocrx_word' id='word_1_362' title='bbox 1051 296 1092 325; x_wconf 91' lang='lat' dir='ltr'>illi</span> <span class='ocrx_word' id='word_1_363' title='bbox 1106 308 1169 327; x_wconf 87' lang='lat' dir='ltr'>vero</span> <span class='ocrx_word' id='word_1_364' title='bbox 1183 308 1268 336; x_wconf 86' lang='lat' dir='ltr'>neque</span> <span class='ocrx_word' id='word_1_365' title='bbox 1281 298 1308 326; x_wconf 88' lang='lat' dir='ltr'>in</span> <span class='ocrx_word' id='word_1_366' title='bbox 1321 298 1371 327; x_wconf 91' lang='lat' dir='ltr'>hoc</span> <span class='ocrx_word' id='word_1_367' title='bbox 1382 297 1523 336; x_wconf 82' lang='lat' dir='ltr'>obsequuti</span> <span class='ocrx_word' id='word_1_368' title='bbox 1534 305 1605 334; x_wconf 84' lang='lat' dir='ltr'>sunt,</span> <span class='ocrx_word' id='word_1_369' title='bbox 1617 305 1643 327; x_wconf 85' lang='lat' dir='ltr'>et</span> 
     </span>
     <span class='ocr_line' id='line_1_47' title="bbox 900 342 1642 383; baseline 0.005 -15"><span class='ocrx_word' id='word_1_370' title='bbox 900 350 961 369; x_wconf 89' lang='lat' dir='ltr'>cum</span> <span class='ocrx_word' id='word_1_371' title='bbox 973 342 1070 381; x_wconf 83' lang='lat' dir='ltr'>egressi</span> <span class='ocrx_word' id='word_1_372' title='bbox 1084 350 1180 380; x_wconf 84' lang='lat' dir='ltr'>essent,</span> <span class='ocrx_word' id='word_1_373' title='bbox 1196 344 1266 373; x_wconf 92' lang='lat' dir='ltr'>nihil</span> <span class='ocrx_word' id='word_1_374' title='bbox 1279 344 1447 373; x_wconf 86' lang='lat' dir='ltr'>invenerunt.</span> <span class='ocrx_word' id='word_1_375' title='bbox 1466 343 1547 373; x_wconf 88' lang='lat' dir='ltr'>Jubet</span> <span class='ocrx_word' id='word_1_376' title='bbox 1560 345 1642 383; x_wconf 90' lang='lat' dir='ltr'>Moy-</span> 
     </span>
     <span class='ocr_line' id='line_1_48' title="bbox 900 387 1642 430; baseline 0.005 -16"><span class='ocrx_word' id='word_1_377' title='bbox 900 396 941 415; x_wconf 87' lang='lat' dir='ltr'>ses</span> <span class='ocrx_word' id='word_1_378' title='bbox 958 387 986 416; x_wconf 92' lang='lat' dir='ltr'>in</span> <span class='ocrx_word' id='word_1_379' title='bbox 1004 398 1066 418; x_wconf 79' lang='lat' dir='ltr'>vase</span> <span class='ocrx_word' id='word_1_380' title='bbox 1079 400 1160 418; x_wconf 85' lang='lat' dir='ltr'>aureo</span> <span class='ocrx_word' id='word_1_381' title='bbox 1171 390 1265 430; x_wconf 83' lang='lat' dir='ltr'>reponi</span> <span class='ocrx_word' id='word_1_382' title='bbox 1279 401 1313 419; x_wconf 87' lang='lat' dir='ltr'>ex</span> <span class='ocrx_word' id='word_1_383' title='bbox 1326 399 1423 419; x_wconf 87' lang='lat' dir='ltr'>manna</span> <span class='ocrx_word' id='word_1_384' title='bbox 1437 390 1465 418; x_wconf 92' lang='lat' dir='ltr'>in</span> <span class='ocrx_word' id='word_1_385' title='bbox 1478 390 1581 418; x_wconf 85' lang='lat' dir='ltr'>futuras</span> <span class='ocrx_word' id='word_1_386' title='bbox 1596 399 1642 428; x_wconf 84' lang='lat' dir='ltr'>ge-</span> 
     </span>
     <span class='ocr_line' id='line_1_49' title="bbox 900 434 1643 476; baseline 0.004 -14"><span class='ocrx_word' id='word_1_387' title='bbox 900 434 1060 464; x_wconf 85' lang='lat' dir='ltr'>nerationes.</span> <span class='ocrx_word' id='word_1_388' title='bbox 1076 438 1175 466; x_wconf 85' lang='lat' dir='ltr'>Manna</span> <span class='ocrx_word' id='word_1_389' title='bbox 1190 448 1254 466; x_wconf 87' lang='lat' dir='ltr'>vero</span> <span class='ocrx_word' id='word_1_390' title='bbox 1274 437 1447 467; x_wconf 83' lang='lat' dir='ltr'>comederunt</span> <span class='ocrx_word' id='word_1_391' title='bbox 1466 436 1643 476; x_wconf 82' lang='lat' dir='ltr'>quadraginta</span> 
     </span>
     <span class='ocr_line' id='line_1_50' title="bbox 900 480 1642 522; baseline 0.004 -14"><span class='ocrx_word' id='word_1_392' title='bbox 900 480 988 509; x_wconf 86' lang='lat' dir='ltr'>annis.</span> <span class='ocrx_word' id='word_1_393' title='bbox 998 481 1076 511; x_wconf 91' lang='lat' dir='ltr'>Tunc</span> <span class='ocrx_word' id='word_1_394' title='bbox 1094 491 1331 513; x_wconf 88' lang='lat' dir='ltr'>murmuraverunt</span> <span class='ocrx_word' id='word_1_395' title='bbox 1342 484 1378 512; x_wconf 87' lang='lat' dir='ltr'>ob</span> <span class='ocrx_word' id='word_1_396' title='bbox 1389 483 1472 513; x_wconf 89' lang='lat' dir='ltr'>sitim.</span> <span class='ocrx_word' id='word_1_397' title='bbox 1485 483 1521 512; x_wconf 92' lang='lat' dir='ltr'>Et</span> <span class='ocrx_word' id='word_1_398' title='bbox 1531 493 1642 522; x_wconf 86' lang='lat' dir='ltr'>percus-</span> 
     </span>
     <span class='ocr_line' id='line_1_51' title="bbox 901 525 1644 568; baseline 0.004 -14"><span class='ocrx_word' id='word_1_399' title='bbox 901 525 936 554; x_wconf 87' lang='lat' dir='ltr'>sit</span> <span class='ocrx_word' id='word_1_400' title='bbox 949 527 1057 566; x_wconf 84' lang='lat' dir='ltr'><strong>Moyses</strong></span> <span class='ocrx_word' id='word_1_401' title='bbox 1073 535 1187 567; x_wconf 83' lang='lat' dir='ltr'>petram,</span> <span class='ocrx_word' id='word_1_402' title='bbox 1202 529 1321 568; x_wconf 85' lang='lat' dir='ltr'>exiitque</span> <span class='ocrx_word' id='word_1_403' title='bbox 1340 539 1421 568; x_wconf 84' lang='lat' dir='ltr'>aqua.</span> <span class='ocrx_word' id='word_1_404' title='bbox 1437 528 1521 559; x_wconf 85' lang='lat' dir='ltr'>Venit</span> <span class='ocrx_word' id='word_1_405' title='bbox 1535 528 1644 558; x_wconf 79' lang='lat' dir='ltr'><strong>Amalec</strong></span> 
     </span>
     <span class='ocr_line' id='line_1_52' title="bbox 900 571 1643 614; baseline 0.005 -14"><span class='ocrx_word' id='word_1_406' title='bbox 900 571 1030 602; x_wconf 86' lang='lat' dir='ltr'>bellatum</span> <span class='ocrx_word' id='word_1_407' title='bbox 1045 580 1134 603; x_wconf 86' lang='lat' dir='ltr'>contra</span> <span class='ocrx_word' id='word_1_408' title='bbox 1149 575 1274 604; x_wconf 62' lang='lat' dir='ltr'>Israelem</span> <span class='ocrx_word' id='word_1_409' title='bbox 1291 587 1297 603; x_wconf 91' lang='lat'>:</span> <span class='ocrx_word' id='word_1_410' title='bbox 1310 582 1336 604; x_wconf 86' lang='lat' dir='ltr'>et</span> <span class='ocrx_word' id='word_1_411' title='bbox 1348 575 1374 603; x_wconf 92' lang='lat' dir='ltr'>in</span> <span class='ocrx_word' id='word_1_412' title='bbox 1388 575 1479 614; x_wconf 82' lang='lat' dir='ltr'>fugam</span> <span class='ocrx_word' id='word_1_413' title='bbox 1493 575 1572 604; x_wconf 91' lang='lat' dir='ltr'>illum</span> <span class='ocrx_word' id='word_1_414' title='bbox 1581 585 1643 605; x_wconf 89' lang='lat' dir='ltr'>ver-</span> 
     </span>
     <span class='ocr_line' id='line_1_53' title="bbox 899 618 1644 660; baseline 0.003 -13"><span class='ocrx_word' id='word_1_415' title='bbox 899 618 932 647; x_wconf 86' lang='lat' dir='ltr'>tit</span> <span class='ocrx_word' id='word_1_416' title='bbox 951 619 1030 649; x_wconf 87' lang='lat' dir='ltr'>Jesus</span> <span class='ocrx_word' id='word_1_417' title='bbox 1051 620 1124 649; x_wconf 86' lang='lat' dir='ltr'>filius</span> <span class='ocrx_word' id='word_1_418' title='bbox 1142 621 1218 656; x_wconf 71' lang='lat' dir='ltr'>Nave</span> <span class='ocrx_word' id='word_1_419' title='bbox 1233 633 1240 650; x_wconf 70' lang='grc' dir='ltr'><strong>ε</strong></span> <span class='ocrx_word' id='word_1_420' title='bbox 1256 632 1286 650; x_wconf 88' lang='lat' dir='ltr'>ac</span> <span class='ocrx_word' id='word_1_421' title='bbox 1304 620 1434 660; x_wconf 79' lang='lat' dir='ltr'>quamdiu</span> <span class='ocrx_word' id='word_1_422' title='bbox 1456 628 1531 650; x_wconf 77' lang='lat' dir='ltr'>erant</span> <span class='ocrx_word' id='word_1_423' title='bbox 1548 631 1644 650; x_wconf 85' lang='lat' dir='ltr'>manus</span> 
     </span>
     <span class='ocr_line' id='line_1_54' title="bbox 899 665 1643 707; baseline 0.001 -13"><span class='ocrx_word' id='word_1_424' title='bbox 899 665 1004 705; x_wconf 85' lang='lat' dir='ltr'>Moysis</span> <span class='ocrx_word' id='word_1_425' title='bbox 1027 673 1130 703; x_wconf 82' lang='lat' dir='ltr'>erectae,</span> <span class='ocrx_word' id='word_1_426' title='bbox 1153 668 1295 707; x_wconf 80' lang='lat' dir='ltr'>superabat</span> <span class='ocrx_word' id='word_1_427' title='bbox 1315 667 1412 698; x_wconf 61' lang='lat' dir='ltr'>Israeh</span> <span class='ocrx_word' id='word_1_428' title='bbox 1428 666 1535 706; x_wconf 88' lang='lat' dir='ltr'>quando</span> <span class='ocrx_word' id='word_1_429' title='bbox 1554 674 1643 695; x_wconf 88' lang='lat' dir='ltr'>autem</span> 
     </span>
    </p>

    <p class='ocr_par' dir='ltr' id='par_1_6' title="bbox 866 710 1795 1168">
     <span class='ocr_line' id='line_1_55' title="bbox 866 710 1644 753; baseline 0.001 -14"><span class='ocrx_word' id='word_1_430' title='bbox 866 723 884 746; x_wconf 72' lang='grc' dir='ltr'>ι)</span> <span class='ocrx_word' id='word_1_431' title='bbox 900 710 1055 740; x_wconf 80' lang='lat' dir='ltr'>demittebat</span> <span class='ocrx_word' id='word_1_432' title='bbox 1077 723 1135 748; x_wconf 87' lang='lat' dir='ltr'>eas,</span> <span class='ocrx_word' id='word_1_433' title='bbox 1156 713 1343 753; x_wconf 77' lang='lat' dir='ltr'>superabatur.</span> <span class='ocrx_word' id='word_1_434' title='bbox 1360 712 1435 742; x_wconf 87' lang='lat' dir='ltr'>Illud</span> <span class='ocrx_word' id='word_1_435' title='bbox 1455 723 1518 742; x_wconf 87' lang='lat' dir='ltr'>vero</span> <span class='ocrx_word' id='word_1_436' title='bbox 1537 712 1644 751; x_wconf 82' lang='lat' dir='ltr'>signum</span> 
     </span>
     <span class='ocr_line' id='line_1_56' title="bbox 900 758 1644 799; baseline 0 -13"><span class='ocrx_word' id='word_1_437' title='bbox 900 765 956 787; x_wconf 82' lang='lat' dir='ltr'>erat</span> <span class='ocrx_word' id='word_1_438' title='bbox 968 758 1065 788; x_wconf 86' lang='lat' dir='ltr'>crucis.</span> <span class='ocrx_word' id='word_1_439' title='bbox 1082 759 1193 788; x_wconf 85' lang='lat' dir='ltr'>Stabant</span> <span class='ocrx_word' id='word_1_440' title='bbox 1203 759 1304 799; x_wconf 84' lang='lat' dir='ltr'>quippe</span> <span class='ocrx_word' id='word_1_441' title='bbox 1315 761 1403 788; x_wconf 88' lang='lat' dir='ltr'>Aaron</span> <span class='ocrx_word' id='word_1_442' title='bbox 1418 765 1443 787; x_wconf 86' lang='lat' dir='ltr'>et</span> <span class='ocrx_word' id='word_1_443' title='bbox 1453 760 1492 788; x_wconf 96' lang='lat' dir='ltr'>Or</span> <span class='ocrx_word' id='word_1_444' title='bbox 1505 758 1551 797; x_wconf 88' lang='lat' dir='ltr'>qui</span> <span class='ocrx_word' id='word_1_445' title='bbox 1565 758 1644 787; x_wconf 89' lang='lat' dir='ltr'>susti-</span> 
     </span>
     <span class='ocr_line' id='line_1_57' title="bbox 900 804 1644 846; baseline 0.001 -13"><span class='ocrx_word' id='word_1_446' title='bbox 900 811 992 834; x_wconf 84' lang='lat' dir='ltr'>nerent</span> <span class='ocrx_word' id='word_1_447' title='bbox 1012 816 1107 834; x_wconf 86' lang='lat' dir='ltr'>manus</span> <span class='ocrx_word' id='word_1_448' title='bbox 1127 806 1230 846; x_wconf 87' lang='lat' dir='ltr'>Moysi.</span> <span class='ocrx_word' id='word_1_449' title='bbox 1251 806 1328 835; x_wconf 84' lang='lat' dir='ltr'>Dixit</span> <span class='ocrx_word' id='word_1_450' title='bbox 1348 813 1437 835; x_wconf 84' lang='lat' dir='ltr'>autem</span> <span class='ocrx_word' id='word_1_451' title='bbox 1453 805 1586 834; x_wconf 89' lang='lat' dir='ltr'>Dominus</span> <span class='ocrx_word' id='word_1_452' title='bbox 1609 804 1644 834; x_wconf 87' lang='lat' dir='ltr'>ad</span> 
     </span>
     <span class='ocr_line' id='line_1_58' title="bbox 900 851 1795 891; baseline 0 -11"><span class='ocrx_word' id='word_1_453' title='bbox 900 852 1024 890; x_wconf 84' lang='lat' dir='ltr'>Moysem</span> <span class='ocrx_word' id='word_1_454' title='bbox 1040 864 1047 880; x_wconf 74' lang='grc' dir='ltr'>ε</span> <span class='ocrx_word' id='word_1_455' title='bbox 1059 853 1164 881; x_wconf 83' lang='lat' dir='ltr'>Scribe</span> <span class='ocrx_word' id='word_1_456' title='bbox 1175 853 1271 881; x_wconf 82' lang='lat' dir='ltr'>hocin</span> <span class='ocrx_word' id='word_1_457' title='bbox 1285 857 1500 880; x_wconf 81' lang='lat' dir='ltr'>monumentum</span> <span class='ocrx_word' id='word_1_458' title='bbox 1512 853 1544 879; x_wconf 88' lang='lat' dir='ltr'>in</span> <span class='ocrx_word' id='word_1_459' title='bbox 1555 851 1639 880; x_wconf 84' lang='lat' dir='ltr'>libro.</span> <span class='ocrx_word' id='word_1_460' title='bbox 1654 861 1732 882; x_wconf 63' lang='lat' dir='ltr'>Eroti.</span> <span class='ocrx_word' id='word_1_461' title='bbox 1760 867 1795 891; x_wconf 88' lang='lat'>¹7·</span> 
     </span>
     <span class='ocr_line' id='line_1_59' title="bbox 901 891 1693 939; baseline 0 -13"><span class='ocrx_word' id='word_1_462' title='bbox 901 897 1013 927; x_wconf 84' lang='lat' dir='ltr'>Accedit</span> <span class='ocrx_word' id='word_1_463' title='bbox 1026 898 1123 928; x_wconf 73' lang='lat' dir='ltr'>Joihoi·</span> <span class='ocrx_word' id='word_1_464' title='bbox 1132 909 1206 928; x_wconf 84' lang='lat' dir='ltr'>socer</span> <span class='ocrx_word' id='word_1_465' title='bbox 1218 899 1323 939; x_wconf 88' lang='lat' dir='ltr'>Moysis</span> <span class='ocrx_word' id='word_1_466' title='bbox 1336 909 1398 928; x_wconf 85' lang='lat' dir='ltr'>eum</span> <span class='ocrx_word' id='word_1_467' title='bbox 1411 908 1494 927; x_wconf 86' lang='lat' dir='ltr'>uxore</span> <span class='ocrx_word' id='word_1_468' title='bbox 1509 897 1566 937; x_wconf 81' lang='lat' dir='ltr'>ejus</span> <span class='ocrx_word' id='word_1_469' title='bbox 1581 901 1644 937; x_wconf 84' lang='lat' dir='ltr'>(ge—</span> <span class='ocrx_word' id='word_1_470' title='bbox 1659 891 1693 922; x_wconf 58' lang='grc' dir='ltr'>’θ’</span> 
     </span>
     <span class='ocr_line' id='line_1_60' title="bbox 901 943 1643 984; baseline 0.001 -13"><span class='ocrx_word' id='word_1_471' title='bbox 901 953 994 972; x_wconf 85' lang='lat' dir='ltr'>nerum</span> <span class='ocrx_word' id='word_1_472' title='bbox 1003 951 1093 973; x_wconf 87' lang='lat' dir='ltr'>autem</span> <span class='ocrx_word' id='word_1_473' title='bbox 1103 945 1182 973; x_wconf 88' lang='lat' dir='ltr'>illum</span> <span class='ocrx_word' id='word_1_474' title='bbox 1193 952 1289 984; x_wconf 84' lang='lat' dir='ltr'>praeter</span> <span class='ocrx_word' id='word_1_475' title='bbox 1302 955 1382 973; x_wconf 88' lang='lat' dir='ltr'>usum</span> <span class='ocrx_word' id='word_1_476' title='bbox 1392 950 1469 973; x_wconf 82' lang='lat' dir='ltr'>vocat</span> <span class='ocrx_word' id='word_1_477' title='bbox 1493 943 1643 983; x_wconf 79' lang='lat' dir='ltr'>Scriptura)</span> 
     </span>
     <span class='ocr_line' id='line_1_61' title="bbox 901 989 1639 1030; baseline 0.003 -13"><span class='ocrx_word' id='word_1_478' title='bbox 901 995 927 1017; x_wconf 88' lang='lat' dir='ltr'>et</span> <span class='ocrx_word' id='word_1_479' title='bbox 940 989 1029 1029; x_wconf 85' lang='lat' dir='ltr'>Moysi</span> <span class='ocrx_word' id='word_1_480' title='bbox 1039 997 1064 1019; x_wconf 83' lang='lat' dir='ltr'>et</span> <span class='ocrx_word' id='word_1_481' title='bbox 1075 990 1186 1030; x_wconf 86' lang='lat' dir='ltr'>populo.</span> <span class='ocrx_word' id='word_1_482' title='bbox 1198 991 1312 1019; x_wconf 85' lang='lat' dir='ltr'>Enarrat</span> <span class='ocrx_word' id='word_1_483' title='bbox 1328 989 1462 1018; x_wconf 84' lang='lat' dir='ltr'>mirabilia</span> <span class='ocrx_word' id='word_1_484' title='bbox 1475 991 1583 1029; x_wconf 82' lang='lat' dir='ltr'>Moyses</span> <span class='ocrx_word' id='word_1_485' title='bbox 1595 1000 1639 1019; x_wconf 87' lang='lat' dir='ltr'>so-</span> 
     </span>
     <span class='ocr_line' id='line_1_62' title="bbox 903 1035 1640 1066; baseline 0.003 -3"><span class='ocrx_word' id='word_1_486' title='bbox 903 1045 964 1064; x_wconf 83' lang='lat' dir='ltr'>cero</span> <span class='ocrx_word' id='word_1_487' title='bbox 979 1047 985 1063; x_wconf 87' lang='lat'>:</span> <span class='ocrx_word' id='word_1_488' title='bbox 998 1035 1045 1064; x_wconf 85' lang='lat' dir='ltr'>ille</span> <span class='ocrx_word' id='word_1_489' title='bbox 1056 1047 1120 1066; x_wconf 84' lang='lat' dir='ltr'>vero</span> <span class='ocrx_word' id='word_1_490' title='bbox 1132 1036 1243 1065; x_wconf 83' lang='lat' dir='ltr'>miratus</span> <span class='ocrx_word' id='word_1_491' title='bbox 1255 1043 1304 1065; x_wconf 85' lang='lat' dir='ltr'>est.</span> <span class='ocrx_word' id='word_1_492' title='bbox 1321 1037 1360 1065; x_wconf 92' lang='lat' dir='ltr'>Ut</span> <span class='ocrx_word' id='word_1_493' title='bbox 1372 1042 1460 1065; x_wconf 80' lang='lat' dir='ltr'>autem</span> <span class='ocrx_word' id='word_1_494' title='bbox 1472 1035 1541 1065; x_wconf 82' lang='lat' dir='ltr'>vidit</span> <span class='ocrx_word' id='word_1_495' title='bbox 1556 1042 1640 1065; x_wconf 88' lang='lat' dir='ltr'>totum</span> 
     </span>
     <span class='ocr_line' id='line_1_63' title="bbox 901 1081 1644 1122; baseline 0.001 -13"><span class='ocrx_word' id='word_1_496' title='bbox 901 1081 1032 1120; x_wconf 87' lang='lat' dir='ltr'>populum</span> <span class='ocrx_word' id='word_1_497' title='bbox 1042 1082 1132 1122; x_wconf 88' lang='lat' dir='ltr'>Moysi</span> <span class='ocrx_word' id='word_1_498' title='bbox 1146 1081 1304 1118; x_wconf 82' lang='lat' dir='ltr'>adstantem,</span> <span class='ocrx_word' id='word_1_499' title='bbox 1318 1081 1397 1110; x_wconf 89' lang='lat' dir='ltr'>illum</span> <span class='ocrx_word' id='word_1_500' title='bbox 1411 1092 1475 1111; x_wconf 88' lang='lat' dir='ltr'>vero</span> <span class='ocrx_word' id='word_1_501' title='bbox 1492 1091 1546 1110; x_wconf 89' lang='lat' dir='ltr'>non</span> <span class='ocrx_word' id='word_1_502' title='bbox 1566 1092 1644 1121; x_wconf 88' lang='lat' dir='ltr'>posse</span> 
     </span>
     <span class='ocr_line' id='line_1_64' title="bbox 901 1129 1641 1168; baseline 0.003 -12"><span class='ocrx_word' id='word_1_503' title='bbox 901 1137 964 1166; x_wconf 84' lang='lat' dir='ltr'>erga</span> <span class='ocrx_word' id='word_1_504' title='bbox 973 1138 1065 1158; x_wconf 89' lang='lat' dir='ltr'>omnes</span> <span class='ocrx_word' id='word_1_505' title='bbox 1070 1129 1204 1168; x_wconf 87' lang='lat' dir='ltr'>judicium</span> <span class='ocrx_word' id='word_1_506' title='bbox 1213 1139 1348 1165; x_wconf 80' lang='lat' dir='ltr'>exercere,</span> <span class='ocrx_word' id='word_1_507' title='bbox 1356 1136 1449 1158; x_wconf 77' lang='lat' dir='ltr'>auctor</span> <span class='ocrx_word' id='word_1_508' title='bbox 1458 1135 1496 1158; x_wconf 90' lang='lat' dir='ltr'>est</span> <span class='ocrx_word' id='word_1_509' title='bbox 1506 1129 1547 1158; x_wconf 90' lang='lat' dir='ltr'>illi</span> <span class='ocrx_word' id='word_1_510' title='bbox 1556 1139 1641 1166; x_wconf 88' lang='lat' dir='ltr'>socer,</span> 
     </span>
    </p>

    <p class='ocr_par' dir='ltr' id='par_1_7' title="bbox 868 1174 1783 1540">
     <span class='ocr_line' id='line_1_65' title="bbox 868 1174 1783 1215; baseline 0 -10"><span class='ocrx_word' id='word_1_511' title='bbox 868 1183 885 1205; x_wconf 83' lang='lat' dir='ltr'><strong>E</strong></span> <span class='ocrx_word' id='word_1_512' title='bbox 902 1182 931 1205; x_wconf 88' lang='lat' dir='ltr'>ut</span> <span class='ocrx_word' id='word_1_513' title='bbox 944 1175 1044 1215; x_wconf 80' lang='lat' dir='ltr'>deligat</span> <span class='ocrx_word' id='word_1_514' title='bbox 1057 1175 1131 1204; x_wconf 87' lang='lat' dir='ltr'>viros</span> <span class='ocrx_word' id='word_1_515' title='bbox 1141 1181 1271 1214; x_wconf 81' lang='lat' dir='ltr'>potentes,</span> <span class='ocrx_word' id='word_1_516' title='bbox 1283 1175 1434 1213; x_wconf 85' lang='lat' dir='ltr'>religiosos,</span> <span class='ocrx_word' id='word_1_517' title='bbox 1443 1176 1540 1214; x_wconf 80' lang='lat' dir='ltr'>justos,</span> <span class='ocrx_word' id='word_1_518' title='bbox 1553 1174 1643 1203; x_wconf 86' lang='lat' dir='ltr'>odien-</span> <span class='ocrx_word' id='word_1_519' title='bbox 1654 1184 1730 1205; x_wconf 65' lang='lat' dir='ltr'>Exozl.</span> <span class='ocrx_word' id='word_1_520' title='bbox 1748 1182 1783 1205; x_wconf 71' lang='grc' dir='ltr'>ιθ.</span> 
     </span>
     <span class='ocr_line' id='line_1_66' title="bbox 901 1220 1692 1262; baseline -0.003 -11"><span class='ocrx_word' id='word_1_521' title='bbox 901 1229 940 1251; x_wconf 86' lang='lat' dir='ltr'>tes</span> <span class='ocrx_word' id='word_1_522' title='bbox 961 1221 1115 1262; x_wconf 82' lang='lat' dir='ltr'>superbiam</span> <span class='ocrx_word' id='word_1_523' title='bbox 1125 1244 1132 1258; x_wconf 91' lang='lat'>,</span> <span class='ocrx_word' id='word_1_524' title='bbox 1155 1228 1188 1251; x_wconf 62' lang='lat' dir='ltr'>⁴et</span> <span class='ocrx_word' id='word_1_525' title='bbox 1213 1220 1356 1250; x_wconf 85' lang='lat' dir='ltr'>constituat</span> <span class='ocrx_word' id='word_1_526' title='bbox 1382 1230 1427 1249; x_wconf 85' lang='lat' dir='ltr'>eos</span> <span class='ocrx_word' id='word_1_527' title='bbox 1458 1220 1623 1250; x_wconf 86' lang='lat' dir='ltr'>millenarios</span> <span class='ocrx_word' id='word_1_528' title='bbox 1633 1242 1641 1258; x_wconf 90' lang='lat'>,</span> <span class='ocrx_word' id='word_1_529' title='bbox 1652 1221 1692 1237; x_wconf 80' lang='lat'>²¹·</span> 
     </span>
     <span class='ocr_line' id='line_1_67' title="bbox 900 1266 1644 1308; baseline -0.003 -10"><span class='ocrx_word' id='word_1_530' title='bbox 900 1268 1076 1303; x_wconf 85' lang='lat' dir='ltr'>centenarios,</span> <span class='ocrx_word' id='word_1_531' title='bbox 1089 1266 1340 1308; x_wconf 81' lang='lat' dir='ltr'>quinquagenarios,</span> <span class='ocrx_word' id='word_1_532' title='bbox 1354 1266 1520 1296; x_wconf 79' lang='lat' dir='ltr'>decuriones.</span> <span class='ocrx_word' id='word_1_533' title='bbox 1535 1267 1644 1297; x_wconf 87' lang='lat' dir='ltr'>Obtem-</span> 
     </span>
     <span class='ocr_line' id='line_1_68' title="bbox 901 1313 1643 1355; baseline -0.003 -11"><span class='ocrx_word' id='word_1_534' title='bbox 901 1315 1007 1355; x_wconf 81' lang='lat' dir='ltr'>peravit</span> <span class='ocrx_word' id='word_1_535' title='bbox 1019 1315 1044 1343; x_wconf 85' lang='lat' dir='ltr'>ei</span> <span class='ocrx_word' id='word_1_536' title='bbox 1058 1316 1177 1355; x_wconf 84' lang='lat' dir='ltr'>Moyses,</span> <span class='ocrx_word' id='word_1_537' title='bbox 1190 1321 1215 1343; x_wconf 86' lang='lat' dir='ltr'>ct</span> <span class='ocrx_word' id='word_1_538' title='bbox 1229 1313 1348 1343; x_wconf 79' lang='lat' dir='ltr'>ascendit</span> <span class='ocrx_word' id='word_1_539' title='bbox 1361 1313 1388 1342; x_wconf 87' lang='lat' dir='ltr'>in</span> <span class='ocrx_word' id='word_1_540' title='bbox 1399 1319 1526 1342; x_wconf 87' lang='lat' dir='ltr'>montem.</span> <span class='ocrx_word' id='word_1_541' title='bbox 1542 1315 1643 1343; x_wconf 83' lang='lat' dir='ltr'>Praece-</span> 
     </span>
     <span class='ocr_line' id='line_1_69' title="bbox 901 1359 1644 1401; baseline -0.001 -11"><span class='ocrx_word' id='word_1_542' title='bbox 901 1361 994 1401; x_wconf 87' lang='lat' dir='ltr'>pitque</span> <span class='ocrx_word' id='word_1_543' title='bbox 1007 1360 1031 1390; x_wconf 89' lang='lat' dir='ltr'>ei</span> <span class='ocrx_word' id='word_1_544' title='bbox 1043 1362 1117 1390; x_wconf 90' lang='lat' dir='ltr'>Deus</span> <span class='ocrx_word' id='word_1_545' title='bbox 1131 1368 1161 1390; x_wconf 91' lang='lat' dir='ltr'>ut</span> <span class='ocrx_word' id='word_1_546' title='bbox 1177 1360 1278 1400; x_wconf 86' lang='lat' dir='ltr'>populo</span> <span class='ocrx_word' id='word_1_547' title='bbox 1296 1359 1407 1395; x_wconf 86' lang='lat' dir='ltr'>diceret,</span> <span class='ocrx_word' id='word_1_548' title='bbox 1422 1370 1467 1388; x_wconf 88' lang='lat' dir='ltr'>eos</span> <span class='ocrx_word' id='word_1_549' title='bbox 1479 1360 1584 1388; x_wconf 82' lang='lat' dir='ltr'>futuros</span> <span class='ocrx_word' id='word_1_550' title='bbox 1593 1359 1644 1389; x_wconf 86' lang='lat' dir='ltr'>Dei</span> 
     </span>
     <span class='ocr_line' id='line_1_70' title="bbox 901 1405 1644 1448; baseline -0.001 -12"><span class='ocrx_word' id='word_1_551' title='bbox 901 1408 990 1448; x_wconf 80' lang='lat' dir='ltr'>regale</span> <span class='ocrx_word' id='word_1_552' title='bbox 1013 1406 1202 1444; x_wconf 83' lang='lat' dir='ltr'>sacerdotium,</span> <span class='ocrx_word' id='word_1_553' title='bbox 1217 1413 1322 1446; x_wconf 77' lang='lat' dir='ltr'>gentem</span> <span class='ocrx_word' id='word_1_554' title='bbox 1344 1413 1472 1443; x_wconf 77' lang='lat' dir='ltr'>sanctam,</span> <span class='ocrx_word' id='word_1_555' title='bbox 1485 1406 1508 1435; x_wconf 92' lang='lat' dir='ltr'>si</span> <span class='ocrx_word' id='word_1_556' title='bbox 1531 1405 1644 1435; x_wconf 84' lang='lat' dir='ltr'>obedie-</span> 
     </span>
     <span class='ocr_line' id='line_1_71' title="bbox 901 1453 1778 1493; baseline -0.003 -10"><span class='ocrx_word' id='word_1_557' title='bbox 901 1453 965 1483; x_wconf 86' lang='lat' dir='ltr'>rint.</span> <span class='ocrx_word' id='word_1_558' title='bbox 993 1453 1041 1483; x_wconf 90' lang='lat' dir='ltr'>Illi</span> <span class='ocrx_word' id='word_1_559' title='bbox 1067 1464 1128 1483; x_wconf 87' lang='lat' dir='ltr'>vero</span> <span class='ocrx_word' id='word_1_560' title='bbox 1155 1453 1305 1483; x_wconf 83' lang='lat' dir='ltr'>dixerunt:</span> <span class='ocrx_word' id='word_1_561' title='bbox 1324 1454 1430 1482; x_wconf 81' lang='lat' dir='ltr'>Omnia</span> <span class='ocrx_word' id='word_1_562' title='bbox 1453 1464 1643 1493; x_wconf 81' lang='lat' dir='ltr'>quoecumque</span> <span class='ocrx_word' id='word_1_563' title='bbox 1654 1459 1732 1481; x_wconf 61' lang='grc' dir='ltr'>Ετοιι.</span> <span class='ocrx_word' id='word_1_564' title='bbox 1742 1464 1778 1487; x_wconf 88' lang='lat'>¹9-</span> 
     </span>
     <span class='ocr_line' id='line_1_72' title="bbox 902 1489 1676 1540; baseline 0.001 -12"><span class='ocrx_word' id='word_1_565' title='bbox 902 1501 977 1528; x_wconf 77' lang='lat' dir='ltr'>dixit</span> <span class='ocrx_word' id='word_1_566' title='bbox 987 1503 1076 1535; x_wconf 84' lang='lat' dir='ltr'>Deus,</span> <span class='ocrx_word' id='word_1_567' title='bbox 1081 1500 1230 1540; x_wconf 65' lang='lat' dir='ltr'>faciemus</span> <span class='ocrx_word' id='word_1_568' title='bbox 1243 1506 1272 1528; x_wconf 79' lang='lat' dir='ltr'>et</span> <span class='ocrx_word' id='word_1_569' title='bbox 1284 1500 1447 1528; x_wconf 81' lang='lat' dir='ltr'>audiemus.</span> <span class='ocrx_word' id='word_1_570' title='bbox 1457 1500 1535 1528; x_wconf 90' lang='lat' dir='ltr'>Tunc</span> <span class='ocrx_word' id='word_1_571' title='bbox 1549 1499 1643 1539; x_wconf 85' lang='lat' dir='ltr'>praeci-</span> <span class='ocrx_word' id='word_1_572' title='bbox 1652 1489 1676 1512; x_wconf 75' lang='lat'>⁸</span> 
     </span>
    </p>
   </div>
   <div class='ocr_carea' id='block_1_6' title="bbox 859 1531 1642 1586">
    <p class='ocr_par' dir='ltr' id='par_1_8' title="bbox 859 1531 1642 1586">
     <span class='ocr_line' id='line_1_73' title="bbox 859 1531 1642 1586; baseline -0.001 -11"><span class='ocrx_word' id='word_1_573' title='bbox 859 1531 895 1582; x_wconf 51' lang='grc' dir='ltr'>’Ἀθ</span> <span class='ocrx_word' id='word_1_574' title='bbox 902 1545 942 1585; x_wconf 86' lang='lat' dir='ltr'>pit</span> <span class='ocrx_word' id='word_1_575' title='bbox 951 1546 1064 1586; x_wconf 82' lang='lat' dir='ltr'>populo,</span> <span class='ocrx_word' id='word_1_576' title='bbox 1077 1553 1107 1575; x_wconf 92' lang='lat' dir='ltr'>ut</span> <span class='ocrx_word' id='word_1_577' title='bbox 1120 1545 1278 1586; x_wconf 71' lang='lat' dir='ltr'>purificetur</span> <span class='ocrx_word' id='word_1_578' title='bbox 1291 1555 1376 1583; x_wconf 81' lang='lat' dir='ltr'>usque</span> <span class='ocrx_word' id='word_1_579' title='bbox 1387 1544 1422 1574; x_wconf 82' lang='lat' dir='ltr'>ad</span> <span class='ocrx_word' id='word_1_580' title='bbox 1434 1545 1542 1574; x_wconf 87' lang='lat' dir='ltr'>tertium</span> <span class='ocrx_word' id='word_1_581' title='bbox 1556 1545 1642 1582; x_wconf 86' lang='lat' dir='ltr'>diem,</span> 
     </span>
    </p>
   </div>
   <div class='ocr_carea' id='block_1_7' title="bbox 868 1590 1777 2185">
    <p class='ocr_par' dir='ltr' id='par_1_9' title="bbox 899 1590 1776 2094">
     <span class='ocr_line' id='line_1_74' title="bbox 901 1590 1641 1630; baseline 0 -10"><span class='ocrx_word' id='word_1_582' title='bbox 901 1598 927 1620; x_wconf 88' lang='lat' dir='ltr'>et</span> <span class='ocrx_word' id='word_1_583' title='bbox 941 1591 1012 1621; x_wconf 87' lang='lat' dir='ltr'>lavet</span> <span class='ocrx_word' id='word_1_584' title='bbox 1020 1591 1176 1621; x_wconf 85' lang='lat' dir='ltr'>vestimenta</span> <span class='ocrx_word' id='word_1_585' title='bbox 1185 1601 1243 1620; x_wconf 91' lang='lat' dir='ltr'>sua.</span> <span class='ocrx_word' id='word_1_586' title='bbox 1258 1591 1309 1620; x_wconf 80' lang='lat' dir='ltr'>Hic</span> <span class='ocrx_word' id='word_1_587' title='bbox 1321 1590 1423 1620; x_wconf 84' lang='lat' dir='ltr'>dictum</span> <span class='ocrx_word' id='word_1_588' title='bbox 1435 1597 1474 1619; x_wconf 86' lang='lat' dir='ltr'>est</span> <span class='ocrx_word' id='word_1_589' title='bbox 1486 1591 1557 1620; x_wconf 89' lang='lat' dir='ltr'>illud</span> <span class='ocrx_word' id='word_1_590' title='bbox 1570 1590 1641 1630; x_wconf 88' lang='lat' dir='ltr'>quod</span> 
     </span>
     <span class='ocr_line' id='line_1_75' title="bbox 900 1636 1640 1678; baseline -0.001 -11"><span class='ocrx_word' id='word_1_591' title='bbox 900 1638 1015 1668; x_wconf 86' lang='lat' dir='ltr'>habetur</span> <span class='ocrx_word' id='word_1_592' title='bbox 1023 1637 1097 1678; x_wconf 83' lang='lat' dir='ltr'>apud</span> <span class='ocrx_word' id='word_1_593' title='bbox 1118 1637 1287 1678; x_wconf 72' lang='lat' dir='ltr'>apostolum&#39;</span> <span class='ocrx_word' id='word_1_594' title='bbox 1280 1647 1308 1665; x_wconf 90' lang='lat' dir='ltr'>m</span> <span class='ocrx_word' id='word_1_595' title='bbox 1320 1636 1441 1676; x_wconf 85' lang='lat' dir='ltr'>Epistola</span> <span class='ocrx_word' id='word_1_596' title='bbox 1451 1636 1486 1665; x_wconf 80' lang='lat' dir='ltr'>ad</span> <span class='ocrx_word' id='word_1_597' title='bbox 1497 1637 1640 1667; x_wconf 83' lang='lat' dir='ltr'>Hebraeos:</span> 
     </span>
     <span class='ocr_line' id='line_1_76' title="bbox 900 1674 1777 1728; baseline -0.001 -15"><span class='ocrx_word' id='word_1_598' title='bbox 900 1684 932 1713; x_wconf 85' lang='lat' dir='ltr'>Si</span> <span class='ocrx_word' id='word_1_599' title='bbox 951 1685 1075 1724; x_wconf 82' lang='lat' dir='ltr'>tetigerit</span> <span class='ocrx_word' id='word_1_600' title='bbox 1099 1689 1236 1719; x_wconf 85' lang='lat' dir='ltr'>montem,</span> <span class='ocrx_word' id='word_1_601' title='bbox 1259 1682 1447 1721; x_wconf 77' lang='lat' dir='ltr'>lapidabitur.</span> <span class='ocrx_word' id='word_1_602' title='bbox 1468 1683 1545 1711; x_wconf 89' lang='lat' dir='ltr'>Tunc</span> <span class='ocrx_word' id='word_1_603' title='bbox 1566 1693 1642 1712; x_wconf 88' lang='lat' dir='ltr'>mons</span> <span class='ocrx_word' id='word_1_604' title='bbox 1652 1674 1721 1728; x_wconf 56' lang='lat' dir='ltr'>&#39;&#39;od‘&#39;</span> <span class='ocrx_word' id='word_1_605' title='bbox 1743 1681 1777 1698; x_wconf 77' lang='lat'>¹²</span> 
     </span>
     <span class='ocr_line' id='line_1_77' title="bbox 900 1728 1642 1770; baseline -0.001 -11"><span class='ocrx_word' id='word_1_606' title='bbox 900 1730 1059 1770; x_wconf 80' lang='lat' dir='ltr'>fumigabat,</span> <span class='ocrx_word' id='word_1_607' title='bbox 1075 1739 1153 1758; x_wconf 80' lang='lat' dir='ltr'>voces</span> <span class='ocrx_word' id='word_1_608' title='bbox 1164 1729 1291 1758; x_wconf 81' lang='lat' dir='ltr'>tubarum</span> <span class='ocrx_word' id='word_1_609' title='bbox 1304 1728 1443 1757; x_wconf 81' lang='lat' dir='ltr'>sonabant.</span> <span class='ocrx_word' id='word_1_610' title='bbox 1454 1729 1531 1757; x_wconf 89' lang='lat' dir='ltr'>Tunc</span> <span class='ocrx_word' id='word_1_611' title='bbox 1542 1739 1642 1769; x_wconf 85' lang='lat' dir='ltr'>praece</span> 
     </span>
     <span class='ocr_line' id='line_1_78' title="bbox 899 1774 1642 1816; baseline -0.001 -11"><span class='ocrx_word' id='word_1_612' title='bbox 899 1783 943 1816; x_wconf 84' lang='lat' dir='ltr'>pta</span> <span class='ocrx_word' id='word_1_613' title='bbox 955 1775 1022 1814; x_wconf 81' lang='lat' dir='ltr'>legis</span> <span class='ocrx_word' id='word_1_614' title='bbox 1035 1775 1132 1815; x_wconf 83' lang='lat' dir='ltr'>accipit</span> <span class='ocrx_word' id='word_1_615' title='bbox 1144 1776 1262 1815; x_wconf 82' lang='lat' dir='ltr'>Moyses,</span> <span class='ocrx_word' id='word_1_616' title='bbox 1270 1784 1365 1813; x_wconf 86' lang='lat' dir='ltr'>nempe</span> <span class='ocrx_word' id='word_1_617' title='bbox 1377 1774 1546 1814; x_wconf 79' lang='lat' dir='ltr'>decalogum,</span> <span class='ocrx_word' id='word_1_618' title='bbox 1561 1781 1587 1804; x_wconf 85' lang='lat' dir='ltr'>et</span> <span class='ocrx_word' id='word_1_619' title='bbox 1600 1786 1642 1804; x_wconf 90' lang='lat' dir='ltr'>re-</span> 
     </span>
     <span class='ocr_line' id='line_1_79' title="bbox 900 1821 1776 1862; baseline 0 -10"><span class='ocrx_word' id='word_1_620' title='bbox 900 1823 974 1862; x_wconf 86' lang='lat' dir='ltr'>liqua</span> <span class='ocrx_word' id='word_1_621' title='bbox 993 1822 1067 1862; x_wconf 86' lang='lat' dir='ltr'>jura.</span> <span class='ocrx_word' id='word_1_622' title='bbox 1082 1821 1160 1852; x_wconf 80' lang='lat' dir='ltr'>&#39;iliud</span> <span class='ocrx_word' id='word_1_623' title='bbox 1180 1828 1285 1857; x_wconf 83' lang='lat' dir='ltr'>autem,</span> <span class='ocrx_word' id='word_1_624' title='bbox 1304 1822 1370 1850; x_wconf 81' lang='lat' dir='ltr'>Diis</span> <span class='ocrx_word' id='word_1_625' title='bbox 1392 1832 1452 1850; x_wconf 86' lang='lat' dir='ltr'>non</span> <span class='ocrx_word' id='word_1_626' title='bbox 1473 1822 1640 1859; x_wconf 81' lang='lat' dir='ltr'>maledices,</span> <span class='ocrx_word' id='word_1_627' title='bbox 1652 1823 1729 1844; x_wconf 48' lang='lat'>¹³10&amp;</span> <span class='ocrx_word' id='word_1_628' title='bbox 1739 1829 1776 1845; x_wconf 79' lang='lat'>²2·</span> 
     </span>
     <span class='ocr_line' id='line_1_80' title="bbox 900 1852 1691 1908; baseline 0 -10"><span class='ocrx_word' id='word_1_629' title='bbox 900 1880 953 1898; x_wconf 92' lang='lat' dir='ltr'>non</span> <span class='ocrx_word' id='word_1_630' title='bbox 971 1869 1005 1898; x_wconf 89' lang='lat' dir='ltr'>de</span> <span class='ocrx_word' id='word_1_631' title='bbox 1025 1868 1105 1898; x_wconf 85' lang='lat' dir='ltr'>idolis</span> <span class='ocrx_word' id='word_1_632' title='bbox 1123 1867 1227 1897; x_wconf 82' lang='lat' dir='ltr'>dictum</span> <span class='ocrx_word' id='word_1_633' title='bbox 1248 1873 1304 1904; x_wconf 87' lang='lat' dir='ltr'>est,</span> <span class='ocrx_word' id='word_1_634' title='bbox 1324 1867 1371 1896; x_wconf 87' lang='lat' dir='ltr'>scd</span> <span class='ocrx_word' id='word_1_635' title='bbox 1393 1867 1427 1897; x_wconf 89' lang='lat' dir='ltr'>de</span> <span class='ocrx_word' id='word_1_636' title='bbox 1446 1868 1615 1908; x_wconf 86' lang='lat' dir='ltr'>principibus</span> <span class='ocrx_word' id='word_1_637' title='bbox 1631 1881 1639 1898; x_wconf 69' lang='grc' dir='ltr'>ε</span> <span class='ocrx_word' id='word_1_638' title='bbox 1653 1852 1691 1876; x_wconf 69' lang='lat'>28&#39;</span> 
     </span>
     <span class='ocr_line' id='line_1_81' title="bbox 900 1913 1638 1953; baseline -0.001 -8"><span class='ocrx_word' id='word_1_639' title='bbox 900 1915 993 1945; x_wconf 88' lang='lat' dir='ltr'>subdit</span> <span class='ocrx_word' id='word_1_640' title='bbox 1001 1914 1073 1944; x_wconf 89' lang='lat' dir='ltr'>enim</span> <span class='ocrx_word' id='word_1_641' title='bbox 1085 1914 1234 1953; x_wconf 82' lang='lat' dir='ltr'>:Pr-incipi</span> <span class='ocrx_word' id='word_1_642' title='bbox 1241 1913 1343 1952; x_wconf 86' lang='lat' dir='ltr'>populi</span> <span class='ocrx_word' id='word_1_643' title='bbox 1352 1915 1395 1942; x_wconf 83' lang='lat' dir='ltr'>tui</span> <span class='ocrx_word' id='word_1_644' title='bbox 1404 1923 1463 1942; x_wconf 86' lang='lat' dir='ltr'>non</span> <span class='ocrx_word' id='word_1_645' title='bbox 1472 1914 1638 1944; x_wconf 85' lang='lat' dir='ltr'>maledices.</span> 
     </span>
     <span class='ocr_line' id='line_1_82' title="bbox 901 1960 1651 2001; baseline 0.001 -10"><span class='ocrx_word' id='word_1_646' title='bbox 901 1962 1049 1991; x_wconf 88' lang='lat' dir='ltr'>Pollicetur</span> <span class='ocrx_word' id='word_1_647' title='bbox 1069 1961 1153 1990; x_wconf 84' lang='lat' dir='ltr'>multa</span> <span class='ocrx_word' id='word_1_648' title='bbox 1170 1960 1235 2001; x_wconf 90' lang='lat' dir='ltr'>ipsis</span> <span class='ocrx_word' id='word_1_649' title='bbox 1249 1961 1330 1995; x_wconf 86' lang='lat' dir='ltr'>bona,</span> <span class='ocrx_word' id='word_1_650' title='bbox 1342 1960 1365 1989; x_wconf 90' lang='lat' dir='ltr'>si</span> <span class='ocrx_word' id='word_1_651' title='bbox 1385 1960 1545 1998; x_wconf 87' lang='lat' dir='ltr'>obedierint,</span> <span class='ocrx_word' id='word_1_652' title='bbox 1569 1962 1651 2000; x_wconf 83' lang='lat' dir='ltr'>quod·</span> 
     </span>
     <span class='ocr_line' id='line_1_83' title="bbox 901 2006 1644 2048; baseline 0 -10"><span class='ocrx_word' id='word_1_653' title='bbox 901 2015 989 2048; x_wconf 85' lang='lat' dir='ltr'>gentes</span> <span class='ocrx_word' id='word_1_654' title='bbox 1000 2007 1053 2037; x_wconf 90' lang='lat' dir='ltr'>sint</span> <span class='ocrx_word' id='word_1_655' title='bbox 1063 2007 1225 2048; x_wconf 85' lang='lat' dir='ltr'>superaturi,</span> <span class='ocrx_word' id='word_1_656' title='bbox 1237 2013 1335 2036; x_wconf 84' lang='lat' dir='ltr'>terram</span> <span class='ocrx_word' id='word_1_657' title='bbox 1347 2006 1516 2046; x_wconf 83' lang='lat' dir='ltr'>possessuri·</span> <span class='ocrx_word' id='word_1_658' title='bbox 1508 2030 1517 2046; x_wconf 88' lang='lat'>,</span> <span class='ocrx_word' id='word_1_659' title='bbox 1532 2008 1644 2048; x_wconf 84' lang='lat' dir='ltr'>pollice-</span> 
     </span>
     <span class='ocr_line' id='line_1_84' title="bbox 901 2053 1640 2094; baseline 0 -10"><span class='ocrx_word' id='word_1_660' title='bbox 901 2062 946 2084; x_wconf 90' lang='lat' dir='ltr'>tur</span> <span class='ocrx_word' id='word_1_661' title='bbox 957 2055 1018 2084; x_wconf 88' lang='lat' dir='ltr'>item</span> <span class='ocrx_word' id='word_1_662' title='bbox 1029 2065 1125 2093; x_wconf 87' lang='lat' dir='ltr'>aquam</span> <span class='ocrx_word' id='word_1_663' title='bbox 1138 2063 1229 2083; x_wconf 85' lang='lat' dir='ltr'>eorum</span> <span class='ocrx_word' id='word_1_664' title='bbox 1243 2053 1439 2082; x_wconf 87' lang='lat' dir='ltr'>benedictum</span> <span class='ocrx_word' id='word_1_665' title='bbox 1432 2054 1478 2090; x_wconf 78' lang='lat' dir='ltr'>iri,</span> <span class='ocrx_word' id='word_1_666' title='bbox 1495 2061 1520 2083; x_wconf 89' lang='lat' dir='ltr'>et</span> <span class='ocrx_word' id='word_1_667' title='bbox 1533 2065 1640 2094; x_wconf 88' lang='lat' dir='ltr'>panem,</span> 
     </span>
    </p>

    <p class='ocr_par' dir='ltr' id='par_1_10' title="bbox 868 2098 1643 2185">
     <span class='ocr_line' id='line_1_85' title="bbox 868 2098 1641 2134; baseline -0.001 -3"><span class='ocrx_word' id='word_1_668' title='bbox 868 2109 886 2132; x_wconf 83' lang='grc' dir='ltr'><strong>Β</strong></span> <span class='ocrx_word' id='word_1_669' title='bbox 902 2102 975 2130; x_wconf 87' lang='lat' dir='ltr'>omni</span> <span class='ocrx_word' id='word_1_670' title='bbox 991 2101 1085 2130; x_wconf 85' lang='lat' dir='ltr'>morbo</span> <span class='ocrx_word' id='word_1_671' title='bbox 1105 2098 1257 2129; x_wconf 84' lang='lat' dir='ltr'>liberandos</span> <span class='ocrx_word' id='word_1_672' title='bbox 1276 2099 1338 2128; x_wconf 92' lang='lat' dir='ltr'>illos</span> <span class='ocrx_word' id='word_1_673' title='bbox 1362 2109 1428 2134; x_wconf 86' lang='lat' dir='ltr'>esse,</span> <span class='ocrx_word' id='word_1_674' title='bbox 1451 2110 1504 2129; x_wconf 94' lang='lat' dir='ltr'>non</span> <span class='ocrx_word' id='word_1_675' title='bbox 1524 2101 1641 2130; x_wconf 85' lang='lat' dir='ltr'>futuram</span> 
     </span>
     <span class='ocr_line' id='line_1_86' title="bbox 901 2145 1643 2185; baseline 0 -9"><span class='ocrx_word' id='word_1_676' title='bbox 901 2147 1019 2176; x_wconf 84' lang='lat' dir='ltr'>sterilem</span> <span class='ocrx_word' id='word_1_677' title='bbox 1032 2157 1089 2176; x_wconf 86' lang='lat' dir='ltr'>esse</span> <span class='ocrx_word' id='word_1_678' title='bbox 1103 2145 1131 2174; x_wconf 91' lang='lat' dir='ltr'>in</span> <span class='ocrx_word' id='word_1_679' title='bbox 1144 2145 1210 2182; x_wconf 85' lang='lat' dir='ltr'>illis,</span> <span class='ocrx_word' id='word_1_680' title='bbox 1224 2155 1310 2184; x_wconf 87' lang='lat' dir='ltr'>neque</span> <span class='ocrx_word' id='word_1_681' title='bbox 1323 2145 1430 2181; x_wconf 78' lang='lat' dir='ltr'>orbum,</span> <span class='ocrx_word' id='word_1_682' title='bbox 1445 2156 1530 2185; x_wconf 88' lang='lat' dir='ltr'>neque</span> <span class='ocrx_word' id='word_1_683' title='bbox 1547 2146 1643 2176; x_wconf 87' lang='lat' dir='ltr'>imma-</span> 
     </span>
    </p>
   </div>
   <div class='ocr_carea' id='block_1_8' title="bbox 902 2191 1640 2232">
    <p class='ocr_par' dir='ltr' id='par_1_11' title="bbox 902 2191 1640 2232">
     <span class='ocr_line' id='line_1_87' title="bbox 902 2191 1640 2232; baseline -0.001 -9"><span class='ocrx_word' id='word_1_684' title='bbox 902 2201 992 2223; x_wconf 86' lang='lat' dir='ltr'>turam</span> <span class='ocrx_word' id='word_1_685' title='bbox 1003 2200 1126 2229; x_wconf 83' lang='lat' dir='ltr'>mortem,</span> <span class='ocrx_word' id='word_1_686' title='bbox 1137 2191 1264 2222; x_wconf 81' lang='lat' dir='ltr'>terminos</span> <span class='ocrx_word' id='word_1_687' title='bbox 1276 2202 1369 2221; x_wconf 89' lang='lat' dir='ltr'>eorum</span> <span class='ocrx_word' id='word_1_688' title='bbox 1382 2203 1410 2221; x_wconf 88' lang='lat' dir='ltr'>se</span> <span class='ocrx_word' id='word_1_689' title='bbox 1422 2192 1574 2232; x_wconf 87' lang='lat' dir='ltr'>positurum</span> <span class='ocrx_word' id='word_1_690' title='bbox 1585 2204 1640 2222; x_wconf 85' lang='lat' dir='ltr'>esse</span> 
     </span>
    </p>
   </div>
   <div class='ocr_carea' id='block_1_9' title="bbox 86 2237 1643 2280">
    <p class='ocr_par' dir='ltr' id='par_1_12' title="bbox 86 2237 1643 2280">
     <span class='ocr_line' id='line_1_88' title="bbox 86 2237 1643 2280; baseline -0.001 -10"><span class='ocrx_word' id='word_1_691' title='bbox 86 2242 193 2274; x_wconf 73' lang='grc' dir='ltr'>Παῦλος</span> <span class='ocrx_word' id='word_1_692' title='bbox 218 2242 246 2270; x_wconf 83' lang='grc' dir='ltr'>ἐν</span> <span class='ocrx_word' id='word_1_693' title='bbox 271 2242 305 2279; x_wconf 82' lang='grc' dir='ltr'>τῇ</span> <span class='ocrx_word' id='word_1_694' title='bbox 328 2239 394 2279; x_wconf 83' lang='grc' dir='ltr'>πρὸς</span> <span class='ocrx_word' id='word_1_695' title='bbox 415 2240 555 2280; x_wconf 77' lang='grc' dir='ltr'>Ἑὸραίους</span> <span class='ocrx_word' id='word_1_696' title='bbox 575 2241 669 2280; x_wconf 84' lang='grc' dir='ltr'>λέγων,</span> <span class='ocrx_word' id='word_1_697' title='bbox 691 2240 732 2270; x_wconf 79' lang='grc' dir='ltr'>ὅτι</span> <span class='ocrx_word' id='word_1_698' title='bbox 754 2241 824 2271; x_wconf 85' lang='grc' dir='ltr'>Οὐδὲ</span> <span class='ocrx_word' id='word_1_699' title='bbox 839 2245 856 2279; x_wconf 84' lang='grc' dir='ltr'>ἡ</span> <span class='ocrx_word' id='word_1_700' title='bbox 902 2253 919 2271; x_wconf 81' lang='lat' dir='ltr'>a</span> <span class='ocrx_word' id='word_1_701' title='bbox 933 2240 1001 2270; x_wconf 85' lang='lat' dir='ltr'>mari</span> <span class='ocrx_word' id='word_1_702' title='bbox 1014 2239 1109 2270; x_wconf 86' lang='lat' dir='ltr'>Rubro</span> <span class='ocrx_word' id='word_1_703' title='bbox 1123 2249 1207 2277; x_wconf 89' lang='lat' dir='ltr'>usque</span> <span class='ocrx_word' id='word_1_704' title='bbox 1228 2237 1263 2267; x_wconf 83' lang='lat' dir='ltr'>ad</span> <span class='ocrx_word' id='word_1_705' title='bbox 1277 2238 1487 2278; x_wconf 83' lang='lat' dir='ltr'>Phylisu&#39;norum</span> <span class='ocrx_word' id='word_1_706' title='bbox 1505 2245 1613 2275; x_wconf 81' lang='lat' dir='ltr'>terram,</span> <span class='ocrx_word' id='word_1_707' title='bbox 1628 2250 1643 2268; x_wconf 81' lang='lat' dir='ltr'>a</span> 
     </span>
    </p>
   </div>
   <div class='ocr_carea' id='block_1_10' title="bbox 83 2343 838 2615">
    <p class='ocr_par' dir='ltr' id='par_1_13' title="bbox 83 2343 838 2615">
     <span class='ocr_line' id='line_1_89' title="bbox 115 2343 834 2378; baseline -0.004 -7"><span class='ocrx_word' id='word_1_708' title='bbox 115 2352 126 2364; x_wconf 81' lang='lat'><strong>¹</strong></span> <span class='ocrx_word' id='word_1_709' title='bbox 144 2349 214 2371; x_wconf 77' lang='grc' dir='ltr'>Τοῦτο</span> <span class='ocrx_word' id='word_1_710' title='bbox 223 2347 246 2370; x_wconf 73' lang='grc' dir='ltr'>δὲ</span> <span class='ocrx_word' id='word_1_711' title='bbox 258 2347 325 2374; x_wconf 61' lang='lat' dir='ltr'>*rin-mg</span> <span class='ocrx_word' id='word_1_712' title='bbox 334 2347 360 2374; x_wconf 80' lang='grc' dir='ltr'>ἦν</span> <span class='ocrx_word' id='word_1_713' title='bbox 372 2348 411 2370; x_wconf 80' lang='grc' dir='ltr'>τοῦ</span> <span class='ocrx_word' id='word_1_714' title='bbox 422 2348 527 2378; x_wconf 71' lang='grc' dir='ltr'>σταυροῦ.</span> <span class='ocrx_word' id='word_1_715' title='bbox 546 2343 587 2369; x_wconf 88' lang='lat' dir='ltr'>Sic</span> <span class='ocrx_word' id='word_1_716' title='bbox 600 2343 710 2369; x_wconf 61' lang='lat' dir='ltr'>Humilia!</span> <span class='ocrx_word' id='word_1_717' title='bbox 724 2345 749 2369; x_wconf 92' lang='lat' dir='ltr'>in</span> <span class='ocrx_word' id='word_1_718' title='bbox 762 2344 834 2375; x_wconf 75' lang='lat' dir='ltr'>illud,</span> 
     </span>
     <span class='ocr_line' id='line_1_90' title="bbox 84 2382 836 2417; baseline 0.003 -9"><span class='ocrx_word' id='word_1_719' title='bbox 84 2383 203 2416; x_wconf 52' lang='lat' dir='ltr'>Patrensi</span> <span class='ocrx_word' id='word_1_720' title='bbox 216 2384 335 2417; x_wconf 75' lang='lat' dir='ltr'>possibile</span> <span class='ocrx_word' id='word_1_721' title='bbox 349 2389 385 2407; x_wconf 79' lang='lat' dir='ltr'>est</span> <span class='ocrx_word' id='word_1_722' title='bbox 394 2393 402 2407; x_wconf 89' lang='grc'>.·</span> <span class='ocrx_word' id='word_1_723' title='bbox 415 2386 452 2409; x_wconf 74' lang='grc' dir='ltr'>καὶ</span> <span class='ocrx_word' id='word_1_724' title='bbox 469 2389 562 2412; x_wconf 78' lang='grc' dir='ltr'>Μωϋσῆς</span> <span class='ocrx_word' id='word_1_725' title='bbox 577 2386 600 2408; x_wconf 71' lang='grc' dir='ltr'>δὲ</span> <span class='ocrx_word' id='word_1_726' title='bbox 612 2386 669 2409; x_wconf 82' lang='grc' dir='ltr'>οὕτω</span> <span class='ocrx_word' id='word_1_727' title='bbox 687 2387 726 2410; x_wconf 80' lang='grc' dir='ltr'>τοῦ</span> <span class='ocrx_word' id='word_1_728' title='bbox 743 2382 836 2417; x_wconf 67' lang='grc' dir='ltr'>Ᾰμαὶὴκ</span> 
     </span>
     <span class='ocr_line' id='line_1_91' title="bbox 83 2422 837 2457; baseline -0.001 -9"><span class='ocrx_word' id='word_1_729' title='bbox 83 2427 230 2457; x_wconf 66' lang='grc' dir='ltr'>περιεγένετο,</span> <span class='ocrx_word' id='word_1_730' title='bbox 244 2425 318 2452; x_wconf 69' lang='grc' dir='ltr'>ἐπεεῑὴ</span> <span class='ocrx_word' id='word_1_731' title='bbox 331 2426 399 2449; x_wconf 80' lang='grc' dir='ltr'>τὺπον</span> <span class='ocrx_word' id='word_1_732' title='bbox 414 2424 550 2449; x_wconf 61' lang='lat' dir='ltr'>Amasim-to</span> <span class='ocrx_word' id='word_1_733' title='bbox 562 2426 602 2448; x_wconf 79' lang='grc' dir='ltr'>τοῦ</span> <span class='ocrx_word' id='word_1_734' title='bbox 614 2426 720 2457; x_wconf 70' lang='grc' dir='ltr'>σταυροῦ,</span> <span class='ocrx_word' id='word_1_735' title='bbox 731 2422 767 2447; x_wconf 81' lang='lat' dir='ltr'>Et</span> <span class='ocrx_word' id='word_1_736' title='bbox 778 2432 837 2447; x_wconf 77' lang='lat' dir='ltr'>vere</span> 
     </span>
     <span class='ocr_line' id='line_1_92' title="bbox 84 2460 838 2494; baseline 0.001 -9"><span class='ocrx_word' id='word_1_737' title='bbox 84 2462 191 2493; x_wconf 72' lang='lat' dir='ltr'>Moyses</span> <span class='ocrx_word' id='word_1_738' title='bbox 208 2462 245 2486; x_wconf 75' lang='lat' dir='ltr'>sic</span> <span class='ocrx_word' id='word_1_739' title='bbox 265 2461 378 2486; x_wconf 82' lang='lat' dir='ltr'>Amalec</span> <span class='ocrx_word' id='word_1_740' title='bbox 395 2461 536 2494; x_wconf 59' lang='lat' dir='ltr'>superavit,</span> <span class='ocrx_word' id='word_1_741' title='bbox 549 2462 610 2494; x_wconf 84' lang='lat' dir='ltr'>quia</span> <span class='ocrx_word' id='word_1_742' title='bbox 617 2460 737 2494; x_wconf 77' lang='lat' dir='ltr'>figuram</span> <span class='ocrx_word' id='word_1_743' title='bbox 757 2463 838 2486; x_wconf 76' lang='lat' dir='ltr'>crucis</span> 
     </span>
     <span class='ocr_line' id='line_1_93' title="bbox 83 2500 836 2534; baseline 0 -8"><span class='ocrx_word' id='word_1_744' title='bbox 83 2502 199 2526; x_wconf 78' lang='lat' dir='ltr'>ostendit·</span> <span class='ocrx_word' id='word_1_745' title='bbox 210 2502 268 2526; x_wconf 81' lang='lat' dir='ltr'>Mox</span> <span class='ocrx_word' id='word_1_746' title='bbox 280 2500 349 2534; x_wconf 88' lang='lat' dir='ltr'>quod</span> <span class='ocrx_word' id='word_1_747' title='bbox 360 2500 423 2526; x_wconf 86' lang='lat' dir='ltr'>dicit</span> <span class='ocrx_word' id='word_1_748' title='bbox 434 2500 774 2534; x_wconf 73' lang='lat' dir='ltr'>Chrysostomus‚Jothoi-em</span> <span class='ocrx_word' id='word_1_749' title='bbox 785 2500 836 2526; x_wconf 86' lang='lat' dir='ltr'>dici</span> 
     </span>
     <span class='ocr_line' id='line_1_94' title="bbox 84 2540 834 2576; baseline -0.004 -8"><span class='ocrx_word' id='word_1_750' title='bbox 84 2542 110 2566; x_wconf 85' lang='lat' dir='ltr'>iu</span> <span class='ocrx_word' id='word_1_751' title='bbox 122 2542 249 2574; x_wconf 78' lang='lat' dir='ltr'>Scriptura</span> <span class='ocrx_word' id='word_1_752' title='bbox 261 2544 362 2576; x_wconf 66' lang='grc' dir='ltr'>γαμςρὸυ</span> <span class='ocrx_word' id='word_1_753' title='bbox 376 2546 568 2576; x_wconf 70' lang='grc' dir='ltr'>καταχρηστικῶς,</span> <span class='ocrx_word' id='word_1_754' title='bbox 581 2548 622 2565; x_wconf 75' lang='lat' dir='ltr'>seu</span> <span class='ocrx_word' id='word_1_755' title='bbox 638 2540 773 2573; x_wconf 78' lang='lat' dir='ltr'>improprie</span> <span class='ocrx_word' id='word_1_756' title='bbox 788 2549 834 2574; x_wconf 84' lang='lat' dir='ltr'>pro</span> 
     </span>
     <span class='ocr_line' id='line_1_95' title="bbox 85 2579 833 2615; baseline -0.003 -7"><span class='ocrx_word' id='word_1_757' title='bbox 85 2585 199 2615; x_wconf 67' lang='grc' dir='ltr'>πενθερὸν,</span> <span class='ocrx_word' id='word_1_758' title='bbox 209 2589 333 2614; x_wconf 76' lang='lat' dir='ltr'>generum,</span> <span class='ocrx_word' id='word_1_759' title='bbox 340 2581 364 2605; x_wconf 87' lang='lat' dir='ltr'>in</span> <span class='ocrx_word' id='word_1_760' title='bbox 371 2579 488 2605; x_wconf 79' lang='lat' dir='ltr'>omnibus</span> <span class='ocrx_word' id='word_1_761' title='bbox 497 2586 540 2606; x_wconf 82' lang='grc' dir='ltr'>τῶν</span> <span class='ocrx_word' id='word_1_762' title='bbox 551 2579 586 2606; x_wconf 79' lang='lat'>0¹.</span> <span class='ocrx_word' id='word_1_763' title='bbox 596 2579 777 2613; x_wconf 77' lang='lat' dir='ltr'>exemplaribus</span> <span class='ocrx_word' id='word_1_764' title='bbox 786 2579 833 2606; x_wconf 84' lang='lat' dir='ltr'>ho—</span> 
     </span>
    </p>
   </div>
   <div class='ocr_carea' id='block_1_11' title="bbox 885 2342 1642 2496">
    <p class='ocr_par' dir='ltr' id='par_1_14' title="bbox 885 2342 1642 2495">
     <span class='ocr_line' id='line_1_96' title="bbox 885 2342 1642 2379; baseline -0.007 -8"><span class='ocrx_word' id='word_1_765' title='bbox 885 2345 974 2379; x_wconf 83' lang='lat' dir='ltr'>dieque</span> <span class='ocrx_word' id='word_1_766' title='bbox 989 2344 1152 2374; x_wconf 72' lang='lat' dir='ltr'>observatur,</span> <span class='ocrx_word' id='word_1_767' title='bbox 1171 2343 1214 2369; x_wconf 84' lang='lat' dir='ltr'>ubi</span> <span class='ocrx_word' id='word_1_768' title='bbox 1231 2347 1333 2378; x_wconf 70' lang='grc' dir='ltr'>γαμερόν</span> <span class='ocrx_word' id='word_1_769' title='bbox 1355 2343 1452 2376; x_wconf 81' lang='lat' dir='ltr'>legitur.</span> <span class='ocrx_word' id='word_1_770' title='bbox 1470 2342 1642 2376; x_wconf 78' lang='lat' dir='ltr'>Lugdunensis</span> 
     </span>
     <span class='ocr_line' id='line_1_97' title="bbox 885 2381 1640 2419; baseline -0.007 -9"><span class='ocrx_word' id='word_1_771' title='bbox 885 2383 971 2410; x_wconf 74' lang='lat' dir='ltr'>Codex</span> <span class='ocrx_word' id='word_1_772' title='bbox 979 2384 1021 2410; x_wconf 88' lang='lat' dir='ltr'>hic</span> <span class='ocrx_word' id='word_1_773' title='bbox 1032 2382 1110 2409; x_wconf 78' lang='lat' dir='ltr'>Habet</span> <span class='ocrx_word' id='word_1_774' title='bbox 1120 2386 1223 2419; x_wconf 68' lang='grc' dir='ltr'>γαμθρὸν</span> <span class='ocrx_word' id='word_1_775' title='bbox 1235 2385 1259 2409; x_wconf 74' lang='grc' dir='ltr'>δὲ</span> <span class='ocrx_word' id='word_1_776' title='bbox 1275 2386 1342 2409; x_wconf 72' lang='grc' dir='ltr'>αὐτὸν</span> <span class='ocrx_word' id='word_1_777' title='bbox 1354 2385 1417 2408; x_wconf 75' lang='grc' dir='ltr'>καλεῖ</span> <span class='ocrx_word' id='word_1_778' title='bbox 1410 2388 1550 2416; x_wconf 78' lang='grc' dir='ltr'>ιχρηστικῶς</span> <span class='ocrx_word' id='word_1_779' title='bbox 1558 2381 1614 2414; x_wconf 84' lang='lat' dir='ltr'>(sic)</span> <span class='ocrx_word' id='word_1_780' title='bbox 1626 2386 1640 2411; x_wconf 78' lang='grc' dir='ltr'>ἡ</span> 
     </span>
     <span class='ocr_line' id='line_1_98' title="bbox 885 2430 1640 2496; baseline -0.007 -7"><span class='ocrx_word' id='word_1_781' title='bbox 885 2430 1024 2495; x_wconf 57' lang='grc' dir='ltr'>Γρῖφῖἰωο,</span> <span class='ocrx_word' id='word_1_782' title='bbox 1041 2468 1074 2496; x_wconf 80' lang='grc' dir='ltr'>τῷ</span> <span class='ocrx_word' id='word_1_783' title='bbox 1090 2473 1116 2488; x_wconf 75' lang='grc' dir='ltr'>τι</span> <span class='ocrx_word' id='word_1_784' title='bbox 1127 2466 1212 2495; x_wconf 81' lang='grc' dir='ltr'>Μωϋσῇ</span> <span class='ocrx_word' id='word_1_785' title='bbox 1222 2464 1260 2487; x_wconf 74' lang='grc' dir='ltr'>καὶ</span> <span class='ocrx_word' id='word_1_786' title='bbox 1275 2466 1307 2493; x_wconf 80' lang='grc' dir='ltr'>τῷ</span> <span class='ocrx_word' id='word_1_787' title='bbox 1325 2462 1381 2492; x_wconf 78' lang='grc' dir='ltr'>λαῷ,</span> <span class='ocrx_word' id='word_1_788' title='bbox 1394 2457 1509 2485; x_wconf 78' lang='lat' dir='ltr'>videntur</span> <span class='ocrx_word' id='word_1_789' title='bbox 1521 2457 1640 2484; x_wconf 85' lang='lat' dir='ltr'>mendose</span> 
     </span>
    </p>
   </div>
   <div class='ocr_carea' id='block_1_12' title="bbox 884 2503 1338 2572">
    <p class='ocr_par' dir='ltr' id='par_1_15' title="bbox 884 2503 1338 2572">
     <span class='ocr_line' id='line_1_99' title="bbox 884 2503 1020 2535; baseline 0 -8"><span class='ocrx_word' id='word_1_790' title='bbox 884 2503 951 2535; x_wconf 70' lang='lat' dir='ltr'>irre1</span> <span class='ocrx_word' id='word_1_791' title='bbox 952 2503 1020 2527; x_wconf 80' lang='lat' dir='ltr'>sisse.</span> 
     </span>
     <span class='ocr_line' id='line_1_100' title="bbox 915 2538 1338 2572; baseline -0.012 -5"><span class='ocrx_word' id='word_1_792' title='bbox 915 2549 926 2562; x_wconf 73' lang='lat'><strong>⁰</strong></span> <span class='ocrx_word' id='word_1_793' title='bbox 944 2542 976 2567; x_wconf 89' lang='lat' dir='ltr'>In</span> <span class='ocrx_word' id='word_1_794' title='bbox 985 2540 1071 2566; x_wconf 76' lang='lat' dir='ltr'>Bibliis</span> <span class='ocrx_word' id='word_1_795' title='bbox 1080 2538 1169 2572; x_wconf 69' lang='lat' dir='ltr'>legitur</span> <span class='ocrx_word' id='word_1_796' title='bbox 1182 2540 1338 2571; x_wconf 70' lang='grc' dir='ltr'>ὃεκαῖάρχσυς.</span> 
     </span>
    </p>
   </div>
  </div>
 </body>
</html>
