1890 2826
671 168 714 190 DE
741 166 913 190 SERPENTE
941 167 1085 189 nonnus
1092 181 1098 188 .

1592 155 1658 203 597

101 233 146 262 καὶ
160 233 184 261 οἱ
197 230 387 266 ἐξουθενοῦντές
410 227 720 268 με’ἐξουδενιώήσονται.
734 226 869 261 Ἐδίδαξεν
925 233 1057 259 temnunt
1079 237 1134 263 me,
1154 234 1385 257 contemnemur.
1408 229 1459 257 Pro
1483 226 1555 257 mili
1573 234 1662 257 nostra

100 281 116 307 ὁ
127 278 201 316 λόγος
212 277 245 306 δι’
260 271 455 315 ὧνῆγωνίσατο
465 273 534 304 κατὰ
544 273 665 313 δύναμιν,
676 273 717 303 ὅτι
728 272 788 306 τοὺς
794 272 870 313 ὅρους
922 271 1076 306 docuimus,
1093 281 1145 301 non
1158 272 1238 302 licere
1251 274 1377 302 terminos
1389 273 1480 312 gloriae
1494 273 1545 303 Dei
1562 273 1662 303 transi-'-

40 338 46 344 ·
97 325 148 359 τῆς
162 321 236 358 δόξης
249 324 296 352 τοῦ
307 323 378 352 Θεοῦ
392 319 559 359 ὑπερδαίνειν
571 321 620 349 οὐκ
637 319 746 356 ἔξεστιν,
760 320 808 348 οὐκ
821 321 868 348 ἀν·
923 317 988 354 lire,
1005 326 1060 347 non
1079 317 1246 355 hominibus,
1261 319 1311 357 qui
1333 319 1360 348 in
1380 326 1451 349 terra
1471 320 1588 359 degunt,
1609 329 1663 349 non

100 369 214 409 θρώποις
225 372 280 402 τοῖς
290 368 335 397 ἐπὶ
347 368 397 407 γῇς
406 389 415 404 ,
430 367 479 396 οὐκ
491 365 612 406 ἀγγέλοις
625 370 678 399 τοῖς
692 361 850 405 ἔνόὐρανοῖς
861 387 869 400 ,
921 363 1024 403 angelis
1037 363 1085 402 qui
1098 363 1127 392 in
1140 363 1223 400 caelis‚
1232 374 1285 393 non
1297 365 1476 405 archangelis,
1490 374 1543 395 non
1560 364 1662 405 princi-

101 416 149 445 οὐκ
162 414 353 455 ἀρχαγγέλοις,
366 414 414 443 οὐκ
427 414 540 453 ἀρχαῖς,
554 413 584 441 οὗ
599 415 655 445 τοῖς
668 410 820 451 Χερουὸὶμ,
840 411 870 439 οὗ
886 411 905 435 C
921 408 1040 448 patibus,
1055 418 1109 439 non
1121 409 1296 447 Chen-ubiuis,
1307 420 1360 439 non
1380 411 1546 451 Seraphinis.
1561 413 1596 441 At
1609 421 1663 441 mo-

101 465 156 494 τοῑς
167 459 299 500 Σεραφίμ.
319 459 373 489 Καὶ
386 458 535 498 μέμνησθε,
547 452 577 487 εὖ
590 452 639 487 οἶδ’
652 456 707 494 ὅτι,
720 458 744 487 οἱ
758 457 871 496 φιλομα-
921 454 1048 493 ministis,
1070 462 1101 485 ut
1119 455 1188 486 bene
1205 456 1280 494 novi,
1305 463 1435 496 quotquot
1457 458 1521 488 estis
1542 457 1663 487 discendi

101 509 154 540 θεῖς
164 507 216 535 τῦν
226 506 372 545 ἀκροατῶν,
381 503 452 538 ὅπως
462 506 527 543 Ιἡμῖν
538 505 553 533 ὁ
562 502 623 543 περὶ
635 502 735 533 τούτων
746 501 870 538 διηνύσθη
922 501 1016 541 cupidi
1035 501 1187 540 auditores,
1199 512 1252 542 qua
1271 502 1372 532 ratione
1393 502 1437 533 his
1456 503 1491 534 de
1516 504 1597 534 rebus
1621 504 1664 535 in,

102 551 189 591 λόγος.
204 551 274 581 Ἀλλ’
286 550 377 587 ἐπειδὴ
389 549 514 590 σήμερον,
528 548 650 589 ἀδελφοὶ,
664 548 740 582 αὐτός
756 559 788 580 τε,
798 549 812 578 ὁ
827 550 875 588 βα-
922 547 1015 577 stituta
1039 548 1125 578 oratio
1149 549 1184 578 ad
1204 548 1308 578 exitum
1327 548 1443 579 deducta
1456 550 1501 579 sit.
1526 550 1582 580 Sed
1601 550 1665 589 quia

103 598 192 632 σιλιὺς
207 600 256 634 τῇς
268 597 343 633 δόξης
356 596 403 626 τὸν
419 598 515 626 ἑαυτοῦ
525 594 638 635 σταυρὸν
650 594 855 635 προανιφώνησε
865 615 872 630 ,
881 592 1015 633 mllodie,
1029 593 1134 631 fratres,
1146 594 1204 635 ipse
1214 595 1275 624 Rex
1293 594 1385 634 gloriae
1392 605 1498 624 crucem
1509 606 1585 625 suam
1598 606 1666 636 prae-

103 644 149 674 καὶ
161 646 176 673 ὁ
188 644 332 676 ἀπόστολος
341 644 375 682 τῇ
391 643 516 682 βασιλικῇ
527 642 600 681 φωνῇ
613 643 659 670 τοῦ
671 641 796 680 Σωτῆρος
809 641 872 669 ἄκο-
890 643 909 664 Α
924 639 1068 676 nuntiavit,
1082 647 1108 670 et
1121 640 1256 680 apostolus
1273 642 1372 680 regiam
1385 651 1498 680 sequens
1515 642 1649 671 Servatori
1654 652 1666 671 s

104 690 250 726 λουθήσας,
266 689 312 718 τὸν
327 687 388 728 περὶ
402 689 447 717 τοῦ
462 689 576 727 σ’ταυροίὶΙ
589 687 666 727 λόγον
684 686 873 727 ἐφιλοσόφησεν

105 738 141 772 (ὁ
157 735 204 774 μὲν
221 735 272 775 γὰρ
293 734 389 775 Κύριος·
403 734 478 773 ἔλεγε
491 737 546 766 τοῖς
559 735 689 772 μαθηταῖς
701 743 708 751 ·
730 731 799 762 Ἰδοὺ
812 733 873 761 ἀνα-

105 780 231 819 ὅαίνομεν
248 782 286 814 εἰς
301 780 474 820 Ἱεροσόλυμα
483 800 492 815 ,
506 778 552 809 καὶ
564 780 579 808 ὁ
592 777 656 812 Υἱὸς
674 780 721 808 τῶ·
736 777 873 817 ἀνθρώπου

105 826 279 866 παραδίδοται
298 827 334 860 εἰς
352 830 444 866 χεῖρας
462 826 563 865 ἐχθρῶν
575 836 582 843 ·
595 825 610 854 ὃ
624 823 652 854 δὲ
664 824 771 857 Παῦλος
784 823 874 853 Γαλά-

106 885 164 907 ταις
176 873 306 911 ἑπιτιμῢν
321 872 417 912 ἔγραφε
430 883 438 890 ·
451 870 500 904 Τίς
514 872 583 909 ὑμᾶς
597 870 751 905 ἐὸάσκανεν,
765 865 803 902 οἶς
816 870 875 899 κατ’

106 914 370 958 ὀφθαλμοὺς-’Ἰησοῦς
383 917 497 957 Χριστὸς
505 916 659 956 προεγράφη
669 916 695 945 ἐν
709 917 770 954 ὑμῖν
784 916 877 945 ἐσταυ-

108 964 239 1004 ρωμένος;
254 965 274 1000 ),
285 963 343 993 ἐπεὶ
367 958 411 992 οὖν
438 962 484 992 καὶ
509 965 526 998 ἡ
553 962 677 1001 βασιλικὴ
705 964 751 990 τοῦ
779 960 877 1000 Κυρίου

108 1010 181 1051 φωνὴ
190 1030 200 1046 ,
214 1010 259 1040 καὶ
276 1012 293 1045 ἡ
313 1011 359 1039 τοῦ
371 1011 466 1038 πιστοῦ
484 1008 641 1048 θεράποντος
655 1006 810 1036 διδασκαλία
824 1011 879 1039 τοῖς

109 1059 254 1098 βασιλικοῖς
280 1057 379 1098 ἴχνεσιν
409 1056 586 1093 ἠκολούθησεν
598 1067 605 1073 ·
635 1056 776 1094 ἀναγκαῖον
804 1049 879 1093 οἶμαι

109 1107 121 1120 ⁸
132 1103 181 1141 τὴν
200 1103 329 1143 σωτήριον
342 1103 378 1119 **
389 1102 435 1132 καὶ
449 1104 520 1140 ἡμᾶς
543 1101 610 1130 κατὰ
631 1100 741 1138 δύναμιν
758 1099 820 1139 περὶ
833 1101 878 1129 τοῦ

110 1152 236 1189 κυριακοῧ
249 1150 361 1188 σταυροῦ
375 1147 409 1177 τὰ
422 1147 510 1177 εἰκότα
523 1146 681 1187 φθέγξασθαι
693 1168 700 1183 ,
714 1147 764 1186 οὐχ
776 1146 819 1175 ἵνα
831 1147 880 1181 τῇς

111 1194 184 1228 ἀξίας
197 1194 357 1234 ἔφικώμεθα,
377 1195 436 1223 ἀλλ’
449 1192 493 1222 ἵνα
503 1193 552 1229 τὴν
566 1192 636 1222 κατὰ
650 1191 759 1230 δύναμιν
772 1191 879 1232 ὀφειλὴν

111 1240 289 1279 ἀποτίσωμεν.
304 1239 341 1269 Τί
359 1235 403 1270 οὖν
417 1250 496 1279 φησιν
509 1241 524 1268 ὁ
537 1238 649 1278 Σωσ-ήρς
663 1237 730 1267 Ἰδοὺ
742 1236 880 1267 &vacabo-

113 1297 161 1324 μεν
174 1288 211 1320 εἷς
223 1285 394 1326 Ἱεροσόλυμα
403 1307 411 1321 ,
425 1284 471 1314 καὶ
481 1286 495 1313 ὁ
505 1283 567 1317 Υἱὸς
579 1285 625 1312 τοῦ
639 1282 777 1322 ἀνθρώπω
790 1293 879 1322 παρα-

111 1331 220 1361 δίδοται.
234 1331 412 1371 Προαγορεύει
420 1329 456 1359 ’τὸ
475 1330 558 1363 πάθος
571 1331 585 1358 ὁ
599 1328 708 1365 νικητὴς
729 1330 775 1358 τοῦ
799 1327 881 1358 θανά-

110 1389 157 1407 του
170 1388 177 1395 ·
190 1381 373 1417 προαναφωνεῖ
383 1376 428 1405 τὸν
442 1375 553 1414 σταυρὸν
564 1376 578 1404 ὁ
592 1375 697 1414 σταυρῷ
710 1373 755 1403 τὸν
768 1373 879 1403 θάνατον

113 1422 225 1452 διαλύων
237 1433 244 1441 ·
258 1425 440 1462 προαναφωνεῖ
459 1420 508 1457 τὴν
523 1420 620 1457 πάλην,
644 1421 688 1448 ἵνα
708 1419 808 1459 κηρύξῃ
831 1418 881 1455 τὴν

113 1467 196 1504 νίιιην.
210 1468 342 1498 Ἐνταῦθα
362 1467 442 1497 πάλιν
457 1467 559 1497 σαυτὸν
579 1466 649 1499 ἔνθες
668 1467 704 1499 εἷς
723 1465 882 1502 κατανόησιν

113 1515 164 1549 τῇς
176 1514 332 1549 δεσποτικῇς
344 1515 440 1553 φωνῇς.
451 1512 523 1552 ”Ορα
541 1514 597 1551 μεθ’
612 1511 676 1547 ὅσης
687 1511 822 1544 αὐθεντίας
833 1522 883 1551 φτ.-

113 1559 154 1588 σίν
168 1570 175 1577 ·
188 1558 256 1588 Ἰδοὺ
281 1558 454 1596 ἀναὸαίνομεν
469 1559 505 1590 εἷς
515 1556 686 1597 Ἱεροσόλυμα
696 1578 704 1592 ,
727 1556 772 1586 καὶ
788 1558 802 1586 ὁ
821 1556 884 1589 Υἱὸς

114 1607 160 1633 τοῦ
183 1604 320 1644 ἀνθρώπου
341 1603 514 1643 παραδίδοται
532 1604 568 1635 εἰς
590 1603 621 1632 τὸ
641 1603 834 1641 σταυρωθῆναι.
849 1600 884 1632 Ὁ

115 1653 200 1679 ταῦτα
209 1650 414 1689 προαναφωνῶν,
426 1650 452 1677 ἐν
465 1649 536 1687 αὐτῷ
547 1647 684 1687 γενόμενος
694 1649 732 1687 τῷ
743 1648 825 1686 ἀγῶνι
837 1658 883 1686 με-

114 1696 242 1726 ταὸάλλει
265 1695 313 1731 τὴν
327 1694 400 1728 ἀξίαν
420 1695 469 1729 τῇς
491 1693 639 1729 αὗθεντίας,
662 1692 708 1722 καὶ
721 1693 838 1732 ἀρνεῖται
855 1693 885 1722 τὸ

116 1742 220 1780 ἀξίωμα
232 1743 280 1777 τῆς
293 1740 413 1777 θεότητος
434 1740 513 1768 αὐτοῦ
521 1760 529 1774 ,
543 1738 627 1778 λέγων
638 1749 646 1756 ·
659 1738 761 1777 Πάτερ,
776 1740 798 1767 εἷ
811 1739 885 1767 δυνα-

115 1789 170 1824 τὸν,
182 1786 334 1827 παρελθέτω
353 1787 400 1815 ἀπ’
413 1786 477 1823 ἐμοῦ
490 1785 520 1814 τὸ
532 1784 668 1823 ποτήριον.
689 1785 750 1822 Οὐχ
763 1786 824 1823 ὁρᾷς
837 1784 885 1818 τὴν

116 1833 258 1874 διαφωνίαν
269 1844 278 1868 ;
289 1830 390 1861 Ἐννόει
404 1831 453 1866 τὴν
470 1829 631 1869 οἰκονομίαν.
646 1829 715 1859 Ἀλλ’
731 1831 766 1862 εἰς
777 1830 808 1859 τὸ
820 1840 886 1868 προ·

117 1878 236 1918 κείμενον
258 1876 451 1915 ἐπανέλθωμεν.
473 1875 553 1915 Λέγει
575 1879 630 1908 τοῖς
650 1877 779 1913 μαθηταῖς
790 1886 797 1893 ·
817 1873 885 1904 Ἰδοὺ

117 1924 291 1963 ἄναὸαίνομεν
304 1924 340 1956 εἰς
349 1921 529 1962 Ἱεροσόλυμα,
539 1921 584 1950 καὶ
595 1923 610 1950 ὁ
621 1921 683 1954 Υἱὸς
692 1922 737 1949 τοῦ
749 1919 885 1960 ἀνθρώπου

116 1970 301 2010 παραδίδοται.
324 1968 399 2008 Ὅρα
420 1969 477 2001 πῶς
495 1966 681 2007 ἠσφαλισμένῃ
700 1965 830 2006 κέχρηται
852 1968 885 2005 τῇ

117 2018 202 2056 φωνῇ.
215 2015 305 2045 Ὅπου
316 2014 397 2047 πάθος
411 2012 551 2053 κηρύττει,
563 2012 612 2049 τὴν
628 2011 792 2051 ἀνθρωπίνην
803 2011 886 2041 ἐνδεί-

118 2073 211 2091 κνυται
233 2060 321 2101 φύσιν.
342 2059 377 2090 Ὁ
397 2059 460 2092 Υἱὸς
477 2060 523 2088 τοῦ
545 2058 682 2098 ἀνθρώπου
702 2057 885 2097 παραδίδοται.
915 2071 917 2073 -

118 2107 223 2146 Πάσχα
230 2107 282 2146 γὰρ
290 2106 321 2136 τὸ
330 2105 483 2146 φαινόμενον
496 2106 575 2142 σῶμα
582 2125 591 2139 ,
605 2105 724 2137 ζωοποιεῖ
735 2104 762 2133 δὲ
773 2103 804 2133 τὸ
814 2103 886 2132 νοού-

120 2164 196 2191 μενον
206 2153 254 2188 τῆς
266 2151 387 2187 θεότητος
399 2150 513 2189 ἀξίωμα.
525 2150 579 2180 Καὶ
590 2149 681 2179 λύεται
692 2150 750 2189 μὲν,
764 2149 885 2188 ἀδελφοὶ,

119 2197 223 2237 θανάτῳ
233 2197 264 2227 τὸ
274 2198 368 2236 σχῆμα
379 2199 425 2226 τοῦ
438 2195 560 2235 σώματος
571 2207 578 2214 ·
592 2195 685 2235 ἐγείρει
704 2195 731 2224 δὲ
742 2195 773 2224 τὸ
789 2194 886 2232 λυόμε-

120 2255 164 2273 νον
175 2245 192 2279 ἡ
205 2245 250 2272 τοῦ
270 2243 429 2275 ἐνοικοῦντος
450 2241 568 2280 δύναμις.
584 2241 669 2274 Αὐτὸς
687 2236 719 2276 ἧν
736 2242 750 2269 ὁ
764 2240 888 2277 λυόμενος

120 2289 189 2319 κατὰ
209 2288 240 2318 τὸ
260 2289 355 2326 σῶμα,
369 2287 445 2320 αὐτὸς
463 2286 570 2325 ἰγείρων
591 2287 621 2315 τὸ
636 2286 761 2324 λυόμενον
779 2284 847 2314 κατὰ
858 2285 888 2314 τὸ

119 2334 239 2372 Πνεῦμα,
260 2333 366 2362 Λύσατε
384 2331 530 2371 γὰρ,-φησὶ
540 2354 548 2369 ,
562 2332 605 2361 τὸν
623 2331 683 2360 ναὸν
694 2333 794 2367 τοῦτον,
805 2330 848 2359 καὶ
861 2331 887 2359 ἐν

120 2378 204 2419 τρισὶν
226 2378 338 2418 ἡμέραις
359 2378 440 2416 ἐγερῶ
461 2376 547 2406 αὐτόν.
565 2375 633 2405 Ἰδοὺ
657 2374 831 2414 ἀναὸαίνομεν
853 2377 888 2409 εἷς

122 2423 301 2463 Ἱεροσόλυμα.
324 2423 432 2462 Χριστῷ
452 2423 656 2452 ἀκολουθοῦντας
667 2422 714 2449 οὐκ
727 2419 797 2450 ἔστιν
810 2422 889 2450 οὖδα-

126 2472 175 2507 μοῧ
189 2469 332 2503 κατελθεῖν,
344 2469 401 2497 ἀλλ’
415 2467 514 2496 ἀνιέναι
525 2466 568 2496 διὰ
578 2465 682 2498 παντός.
694 2465 793 2500 Ἄλλως
805 2477 834 2495 τε
845 2467 890 2496 καὶ

903 2155 921 2177 1)

923 693 1028 723 vocem,
1042 685 1077 715 de
1087 696 1166 716 cruce
1179 685 1384 727 philosophatus
1398 694 1436 716 est
1450 690 1521 724 (nam
1535 687 1667 717 Dominus

923 730 1066 772 discipulis
1081 732 1188 762 dicebat
1200 743 1207 760 :
1223 734 1302 762 Ecce
1316 734 1499 762 ascendimus
1511 733 1667 770 Jerosoly-
1678 737 1763 760 Mauh.
1780 744 1815 759 20·

926 786 1015 813 marn,
1024 784 1054 807 et
1062 779 1159 808 Filius
1170 779 1298 808 hominis
1308 780 1439 809 tradetur
1449 781 1481 808 in
1494 788 1597 808 manus
1611 781 1667 808 ini·
1681 769 1717 791 ¹⁸·

925 825 1080 861 micorum,·
1096 824 1196 854 Paulus
1216 835 1280 855 vero
1300 826 1411 855 Galatas
1433 826 1580 866 objurgans
1600 826 1669 855 scri—

926 870 980 909 psit
996 882 1003 898 :
1023 871 1096 909 Quis
1109 880 1163 900 vos
1168 871 1353 911 fascinavit,
1365 873 1471 911 quibus
1488 877 1558 901 ante
1569 872 1669 902 oculos
1682 883 1736 905 cuz.
1753 883 1775 905 3.
1798 888 1817 903 ι.

927 916 1061 946 Christus
1075 918 1259 956 proeseriptus
1273 924 1315 946 est
1327 920 1358 946 in
1369 919 1453 947 vobis
1465 918 1619 959 crucifixus
1628 920 1668 957 P),

929 962 1056 1000 quoniam
1075 962 1160 1002 igitur
1180 969 1205 992 et
1225 963 1297 1002 regia
1320 963 1430 993 Domini
1450 974 1517 1000 vox,
1536 971 1563 994 et
1582 965 1671 996 fidelis

928 1012 999 1040 servi
1021 1009 1155 1046 doctrina,
1178 1010 1260 1049 regiis
1283 1010 1410 1040 insistunt
1429 1011 1560 1052 vestigiis,
1583 1023 1671 1053 operae

928 1055 1044 1096 pretium
1061 1055 1197 1093 existimo,
1212 1065 1260 1085 nos
1277 1056 1357 1086 etiam
1376 1066 1427 1096 pro
1441 1057 1516 1087 virili
1530 1058 1565 1087 de
1583 1058 1671 1088 domi-

895 1105 913 1128 B
930 1101 990 1131 nica
1002 1111 1082 1131 eruoe
1095 1108 1267 1132 consentanea
1287 1102 1373 1141 loqui,
1389 1112 1441 1132 non
1464 1109 1494 1132 ut
1514 1103 1671 1144 dignitatem

930 1147 1007 1176 illam
1019 1147 1198 1187 attingamus;
1210 1147 1258 1176 sed
1272 1154 1301 1177 ut
1319 1158 1369 1187 pro
1391 1148 1467 1178 virili
1487 1156 1575 1179 nostra
1595 1149 1671 1179 debi-

929 1200 986 1222 tum
997 1192 1191 1233 persolvamus.
1202 1192 1278 1230 Quid
1291 1193 1375 1233 igitur
1385 1194 1424 1222 ait
1437 1194 1671 1227 Servat0r9Ecce

930 1239 1114 1268 ascendimus
1133 1239 1362 1277 Iera-solymam,
1383 1246 1412 1269 et
1434 1240 1532 1270 Filius
1548 1241 1674 1272 hominis

931 1286 1072 1316 tradetur.
1088 1285 1212 1315 Praedicit
1225 1286 1375 1326 passionem
1390 1286 1477 1316 victor
1490 1288 1598 1323 mortis;
1613 1299 1674 1318 eru-

930 1342 988 1362 cem
1012 1331 1191 1372 praenuntiat,
1216 1332 1264 1371 qui
1286 1343 1365 1362 cruce
1386 1339 1498 1363 mortem
1522 1333 1648 1364 dissolvit
1666 1348 1673 1364 z

930 1384 1061 1409 certamen
1078 1378 1249 1417 praenuntiat,
1260 1385 1291 1408 ut
1307 1378 1449 1409 victoriam
1470 1380 1609 1420 praedicet.
1623 1381 1675 1411 Hic

931 1434 1025 1454 rursus
1037 1423 1073 1453 ad
1086 1423 1289 1464 intelligendam
1312 1424 1421 1454 Domini
1444 1436 1536 1455 vocem
1555 1425 1675 1455 animum

931 1468 1144 1500 converte-Vide
1154 1475 1251 1508 quanta
1266 1479 1329 1499 cum
1342 1470 1497 1500 auctoritate
1505 1470 1589 1500 dicat:
1599 1472 1676 1501 Ecce

932 1517 1115 1546 ascendimus
1134 1515 1372 1552 Jerosolymam‚
1386 1522 1416 1545 et
1435 1517 1533 1545 Filius
1550 1516 1676 1546 hominis

933 1562 1072 1596 tradetur,
1086 1566 1119 1590 ut
1135 1561 1330 1599 crucifigatur.
1348 1561 1404 1598 Qui
1417 1561 1474 1592 haec
1495 1561 1631 1602 praedicst,
1647 1562 1675 1591 in

933 1608 993 1647 ipso
1006 1607 1150 1636 certamine
1165 1607 1223 1646 jam
1241 1606 1399 1635 constitutus
1411 1606 1568 1647 dignitatem
1583 1615 1675 1638 aucto-

899 1653 917 1676 C
934 1652 1019 1682 ritatis
1032 1658 1127 1688 mutat,
1142 1658 1272 1691 negatque
1285 1651 1443 1690 dignitatem
1455 1652 1605 1683 divinitatis
1619 1664 1674 1683 suae

934 1697 1038 1727 dicens:
1057 1698 1158 1734 Pater,
1173 1697 1200 1726 si
1216 1697 1351 1736 possibile
1367 1704 1421 1735 est,
1442 1705 1571 1728 transeat
1589 1708 1609 1727 a
1629 1709 1674 1728 me
1684 1709 1768 1731 unuh.
1785 1708 1821 1731 211.

934 1744 1015 1773 calix
1034 1745 1099 1772 iste.
1119 1744 1214 1772 Annon
1239 1743 1441 1783 repugnantiam
1463 1743 1672 1775 animadvertis?
1683 1740 1721 1771 39.

933 1788 1143 1819 lncarnationem
1162 1789 1258 1828 cogita.
1273 1789 1327 1819 Sed
1344 1789 1379 1819 ad
1398 1790 1564 1831 propositum
1582 1790 1674 1821 redea-

935 1845 1006 1864 mus.
1018 1834 1165 1874 Diseipulis
1175 1834 1213 1864 ait
1223 1847 1229 1864 =
1239 1836 1317 1864 Ecce
1330 1837 1512 1866 ascendimus
1523 1837 1675 1875 Jerosoly-

936 1891 1025 1918 mam,
1044 1886 1074 1910 et
1092 1881 1189 1910 Filius
1207 1882 1333 1911 hominis
1353 1883 1496 1912 tradetur.
1508 1882 1582 1914 Vide
1593 1893 1675 1922 quam

935 1933 1011 1956 caute
1026 1926 1160 1965 loquatur.
1173 1927 1243 1956 Cum
1260 1927 1410 1967 passionem
1422 1927 1550 1968 praedicat
1558 1951 1566 1966 ,
1579 1929 1674 1958 huma-

935 1982 996 2001 nam
1007 1970 1122 2001 ostendit
1139 1977 1272 2008 naturam,
1285 1972 1381 2002 Filius
1395 1973 1519 2003 hominis
1533 1974 1672 2004 tradetur.

936 2018 1044 2048 Etenim
1063 2027 1160 2057 corpus
1180 2017 1289 2047 visibile
1309 2018 1423 2058 patitur,
1438 2018 1589 2050 divinitatis
1610 2030 1674 2050 vero

936 2063 1063 2103 dignitas,
1083 2073 1142 2102 quae
1164 2062 1337 2103 intelligendo
1354 2064 1513 2104 percipitur,
1529 2066 1612 2095 vitam
1633 2067 1674 2096 af-

935 2107 996 2136 fert.
1022 2107 1058 2136 Et
1078 2107 1165 2146 figura
1184 2106 1293 2146 quidem
1313 2108 1443 2148 eorporis,
1464 2109 1570 2146 fratres,
1592 2117 1675 2139 morte

936 2152 1067 2189 solvitur;
1078 2152 1165 2183 virtus
1177 2159 1266 2182 autem
1279 2153 1456 2195 inhabitantis
1469 2154 1498 2184 id
1514 2155 1587 2194 quod
1600 2156 1672 2184 solu-

938 2206 996 2228 tum
1015 2203 1071 2228 erat
1090 2198 1197 2228 excitat.
1211 2199 1273 2238 lpse
1292 2206 1348 2229 crat
1366 2200 1413 2239 qui
1427 2211 1537 2240 corpore
1549 2202 1673 2231 solveba-

938 2250 1025 2279 tur,et
1036 2243 1084 2282 qui
1096 2243 1243 2273 secundum
1256 2244 1389 2284 Spiritum
1402 2246 1475 2284 quod
1488 2247 1606 2276 solutum
1620 2253 1675 2275 erat

937 2289 1078 2320 excitabat.
1093 2289 1163 2319 Nam
1177 2290 1226 2326 ait,
1239 2289 1348 2320 Solvite
1367 2292 1505 2329 templum
1522 2292 1587 2327 hoc,
1601 2297 1628 2319 et
1644 2292 1675 2319 in
1686 2297 1751 2319 Joan.
1762 2297 1826 2324 2-19·

939 2337 1030 2366 tribus
1043 2335 1141 2364 diebus
1152 2337 1286 2364 excitabo
1302 2335 1388 2365 illud.
1405 2337 1482 2364 Ecce
1495 2337 1676 2365 ascendimus

939 2378 1170 2416 lerosolymam.
1182 2378 1320 2408 Christum
1332 2378 1499 2416 sequentium
1510 2389 1561 2406 non
1575 2385 1613 2407 est
1625 2389 1678 2408 um—

939 2433 1020 2462 quam
1035 2422 1204 2459 descendere,
1219 2421 1265 2450 sed
1285 2421 1425 2450 ascendere
1440 2428 1578 2460 perpetuo.
1600 2422 1678 2451 Alio-

942 2467 1007 2506 quin
1026 2477 1091 2496 vero
1111 2466 1157 2496 via
1175 2465 1330 2496 Jerichume
1355 2464 1548 2503 Jerosolymam
1572 2465 1681 2495 acclivis

162 2553 171 2563 a
191 2545 272 2569 Locus
290 2542 449 2575 imperfectus
469 2542 544 2567 etiam
564 2543 588 2567 iu
608 2542 791 2574 Mnnuscriptis.
809 2544 884 2569 roric
902 2542 1046 2569 addendum
1057 2545 1279 2574 ἁκούσανταςῳωνήν,
1292 2541 1329 2567 vel
1342 2541 1402 2574 quid
1415 2540 1501 2566 simile.

267 2591 340 2610 ΤΟΜ.
365 2591 407 2609 Vl.

1506 2580 1545 2618 39
