1904 2840
159 2016 172 2040 †
189 2013 266 2034 hahet.
276 2005 358 2040 dixit,
372 2015 437 2040 non,
454 2005 545 2032 Meus:
557 2002 670 2031 libenter
687 2001 708 2039 -ι-

253 233 322 267 8ιο

844 239 927 264 OPUS
953 239 1193 262 IMPERFECTUM

254 305 301 344 qui
312 306 359 334 etsi
375 303 501 341 audiunt,
521 303 650 334 exaudire
664 313 717 348 non
730 309 853 343 possunt.
867 303 938 332 Nam
951 311 995 330 ne-
1011 304 1031 327 Δ
1048 312 1097 341 per
1119 301 1204 331 malos
1229 300 1440 340 blasphematur.
1463 300 1666 340 Sanctificetur
1687 310 1794 330 nomen

172 353 308 384 ¹-xxv1quc
321 345 391 374 mala
406 351 669 384 praestarepossunt,
683 343 734 372 nisi
749 342 900 382 permiserit
908 342 994 373 Dens.

257 387 342 414 Orant
361 395 435 423 reges
454 391 584 420 mortuos,
599 385 704 418 Jovem,
722 381 899 417 Mercurium,
919 388 995 410 caete-

257 435 365 463 rosque,
384 435 500 463 quorum
517 423 629 454 crimina
650 429 712 452 sunt
725 421 903 451 manifestiora
916 431 997 459 quam

258 464 377 500 nomina,
390 463 435 502 qui
448 474 497 493 nec
510 474 571 493 cum
581 463 713 497 viverent,
723 467 845 502 poterant
856 460 996 500 adjuvare.

259 505 345 533 Orant
366 503 438 532 idola
461 504 604 538 insensata,
623 513 682 541 quae
696 512 744 531 nec
763 500 858 530 audire
875 506 997 540 possunt,

260 554 308 572 nec
318 543 384 573 dare
397 553 566 583 responsum.
580 543 597 573 J
600 549 656 572 uste
674 552 737 581 ergo
756 541 805 571 diu
818 541 944 575 clamant,
953 539 1000 569 ubi

262 583 308 621 qui
322 582 450 612 exaudiat
470 594 523 612 non
538 589 588 612 est.
612 585 753 622 Propterea
773 591 833 609 cum
853 578 1001 609 sacerdotes

262 623 328 652 Baal
341 622 405 652 deos
419 633 483 652 suos
501 622 646 652 clamarent
659 627 767 661 propter
780 619 909 649 sacrificia
927 629 1001 648 com-

114 666 137 687 3.
149 665 206 692 Reg.
217 661 254 685 ¹3·
263 662 396 696 burenda,
417 662 543 692 deridens
554 672 598 691 eos
610 661 702 691 Helias
713 660 819 690 dicebat
835 672 841 688 :
856 659 1001 693 Clamare,

117 703 155 724 ²7·

265 702 391 732 clamate
394 702 473 742 sorti
476 709 519 731 ter
522 715 531 737 ,-
540 736 545 742 ⁴
548 701 676 739 forsitan
686 701 834 729 dormiunt
846 699 888 728 dii
900 699 1003 742 vestri:

265 741 311 771 Sic
320 749 346 772 et
359 741 440 771 modo
451 742 528 780 quasi
539 741 715 770 dormientem
727 741 814 770 Deum
828 744 943 773 accusat,
957 747 1004 775 qui

265 782 411 811 orationem
419 792 496 811 suam
504 781 585 821 longo
595 790 714 810 sermone
725 778 937 819 prosequitur.8.
946 777 994 822 Sci
997 782 1007 804 t

267 823 343 850 enim
355 822 449 850 Pater
459 827 558 850 vester
569 821 641 860 quid
661 821 745 848 ‘vobis
765 819 956 847 necessarlum
969 822 1007 861 sit

267 867 424 900 antequam
452 862 560 900 petatis
583 870 658 888 eum.
679 859 708 888 Si
732 869 795 897 ergo
815 862 1006 897 praecognoscit

268 900 335 937 quid
352 901 490 935 volumus,
509 910 562 929 non
586 899 647 928 ideo
670 908 778 927 oramus
799 904 829 926 ut
843 905 1008 936 exponamus
1022 897 1041 920 B

268 940 325 969 Deo
332 940 405 978 quod
414 940 549 974 volumus,
560 938 606 968 sed
614 945 644 967 ut
655 938 757 977 placeat
768 937 792 965 ei
805 943 928 976 praestare
935 934 1009 973 quod

268 977 462 1009 desideramus.
488 980 524 1008 Et
537 979 559 1007 si
572 980 646 1007 Deus
659 976 806 1017 placandus
821 982 870 1011 est,
886 985 939 1006 non
959 974 1010 1003 do-

269 1018 369 1048 cendus
383 1029 389 1045 :
405 1029 457 1048 nou
479 1025 518 1048 est
533 1019 558 1047 ei
572 1016 718 1046 necessaria
730 1016 813 1054 longa·
823 1015 949 1050 narratio,
963 1013 1011 1043 sed

269 1057 338 1087 bona
352 1058 484 1087 voluntas.
502 1068 532 1098 9.
546 1057 595 1086 Sic
606 1066 674 1096 ergo
688 1057 808 1085 orabitis
823 1065 889 1084 vos.

445 1158 584 1188 Humilia
596 1160 657 1187 xiv.
671 1169 708 1187 ex
718 1167 784 1198 cap.
801 1158 845 1196 vj.

310 1255 341 1283 9.
356 1254 448 1283 Pater
463 1259 569 1287 noster,
583 1253 634 1290 qui
648 1261 677 1280 es
691 1253 723 1279 in
733 1251 822 1286 coelis,
832 1252 1015 1290 santificetur·

272 1305 376 1324 nomen
396 1300 488 1328 tuum,
499 1299 551 1322 etc.
566 1296 578 1308 ⁸
588 1293 691 1321 Patrem
703 1301 731 1319 se
748 1291 845 1330 magis,
859 1302 939 1330 quam
953 1293 1013 1321 Do-

271 1335 374 1365 minum
387 1333 473 1363 voluit
484 1332 550 1369 dici,
567 1338 595 1360 ut
605 1331 682 1360 nobis
691 1340 815 1370 magnam
827 1330 955 1360 fiduciam
964 1331 1013 1360 da-

271 1381 311 1404 ret
332 1373 366 1403 ad
382 1372 537 1412 petendum,
553 1379 578 1401 et
597 1381 671 1410 spem
687 1370 789 1409 largam
805 1370 840 1399 ad
862 1370 1012 1409 impetran-

271 1414 337 1443 dum
350 1426 357 1442 ι
368 1412 431 1451 quia
451 1411 523 1441 servi
541 1422 594 1441 non
607 1417 712 1449 semper
725 1410 868 1448 impetrant
879 1410 951 1447 quod
965 1421 1012 1449 pe-

271 1460 346 1490 tunt;
362 1463 410 1481 nec
429 1452 501 1481 enim
522 1461 626 1490 semper
638 1459 672 1479 ex
682 1449 753 1479 hona
774 1448 934 1478 conscientia
954 1460 1014 1488 quae

1050 347 1142 370 tuum.
1154 339 1297 377 Quomodo
1306 340 1486 373 sanctificatur
1492 340 1527 371 ab
1539 339 1658 376 homine,
1671 340 1719 379 qui
1732 350 1793 370 san-

1049 380 1147 409 ctificat
1169 379 1309 410 homines?
1323 386 1369 411 aut
1387 379 1461 419 quod
1481 386 1602 409 sanctum
1615 386 1664 417 est,
1683 387 1713 409 ut
1726 379 1794 418 quid

1050 419 1250 450 sanctificatur?
1263 418 1317 450 Sed
1331 419 1359 448 in
1376 430 1404 449 se
1417 419 1526 458 quidem
1537 426 1657 451 sanctum
1671 427 1727 457 est;
1742 419 1795 450 hoc
1835 427 1839 431 ’

1051 465 1139 488 autem
1155 459 1297 496 quaeritur,
1309 466 1338 488 ut
1351 459 1530 490 sanctificetur
1543 459 1571 488 in
1583 458 1661 490 nobis
1675 469 1682 486 z
1698 459 1728 489 id
1742 465 1792 494 est,

1054 506 1081 527 ut
1095 509 1144 527 nos
1166 499 1246 528 illum
1267 498 1467 532 sanctificemus,
1484 498 1509 528 in
1525 499 1612 534 nohis,
1627 505 1656 528 ut
1670 509 1732 529 cum
1746 509 1795 528 nos

1053 538 1132 567 illum
1145 538 1400 568 sanctificaverimus
1411 539 1440 567 in
1450 538 1537 574 nobis,
1545 545 1609 568 tunc
1621 537 1669 568 ille
1678 548 1726 568 nos
1733 548 1793 568 san-

1053 578 1151 607 ctificet
1163 578 1190 607 in
1205 589 1243 607 se.
1264 578 1334 607 Nam
1348 577 1396 616 qui
1408 588 1462 608 non
1476 578 1623 608 sanctificat
1631 579 1729 613 Deum,
1742 587 1795 608 non

1053 617 1234 647 sanctificatur
1250 628 1266 647 a
1281 619 1348 651 Deo.
1373 617 1576 648 Sanctificamus
1596 624 1686 650 antem
1707 619 1796 647 Deum

1055 657 1083 686 in
1095 657 1183 692 nobis,
1197 658 1305 696 quando
1314 657 1424 688 scientes
1437 668 1500 686 eum
1511 664 1643 695 sanctum,
1657 656 1795 693 timemus,

1056 703 1082 725 et
1095 697 1208 726 sollicite
1228 697 1383 736 vigilamus,
1400 708 1433 727 ne
1444 696 1532 726 forte*
1543 697 1676 729 violemus
1695 695 1797 726 sancti-

1057 742 1137 766 tatem
1152 736 1266 766 nominis
1274 737 1333 776 ejus
1344 737 1372 766 in
1384 737 1461 766 nobis
1468 747 1516 776 per
1526 747 1607 777 opera
1614 743 1704 766 nostra
1714 736 1796 766 mala.

1057 776 1133 806 Sicut
1144 777 1189 814 qui
1224 777 1333 805 raeclara
1344 784 1415 806 veste.
1428 777 1541 806 vestitus
1553 783 1604 813 est,
1615 775 1685 815 fugit
1693 785 1799 806 omnem

1057 826 1113 844 rem
1126 787 1274 852 sordidam,
1290 826 1323 845 ne
1334 817 1402 846 forte
1417 816 1573 854 coinquinet
1584 826 1654 851 eam,
1667 822 1694 845 et
1707 813 1801 855 perdat

1058 856 1169 894 gratiam
1185 855 1308 886 candoris
1325 856 1383 894 ejus
1398 867 1406 884 z
1421 855 1460 885 sic
1473 856 1521 894 qui
1541 855 1654 895 suscipit
1672 856 1760 884 Deum
1771 854 1800 885 in

1058 894 1138 923 corde
1153 905 1202 924 suo
1221 903 1247 924 et
1260 895 1357 935 spiritu
1373 906 1433 931 suo,
1448 895 1581 925 sollicitus
1590 906 1646 925 esse
1658 894 1754 931 debet,
1768 904 1802 924 ne
1830 900 1837 905 '¹

1057 934 1125 963 forte
1140 935 1301 964 contaminet
1313 946 1384 970 eum,
1400 935 1484 964 sciens
1498 935 1560 974 quia
1568 936 1591 964 si
1608 935 1803 965 contaminatus

1059 973 1141 1003 fuerit
1153 974 1182 1003 in
1194 974 1286 1010 nobis,
1298 975 1355 1014 ipse
1368 974 1479 1012 quidem
1493 975 1520 1003 in
1539 985 1587 1004 sua
1601 981 1695 1003 natura
1706 974 1803 1004 incon-

1061 1013 1226 1042 taminabilis
1234 1021 1322 1043 manet
1335 1025 1341 1040 :
1356 1020 1443 1044 tamen
1456 1013 1687 1044 contaminationis
1696 1024 1750 1042 suae
1762 1013 1803 1042 iu-

1059 1053 1160 1092 juriam
1187 1053 1304 1092 graviter
1324 1060 1415 1083 nostro
1432 1053 1580 1084 vindicabit
1598 1053 1718 1083 interitu.
1734 1053 1803 1082 Ad-

1064 1094 1162 1121 veniat
1181 1103 1302 1132 regnum
1326 1099 1418 1125 tuum.
1433 1094 1560 1132 Regnum
1582 1093 1633 1122 Dei
1643 1092 1744 1122 dicitur
1757 1103 1802 1122 re-
1853 1105 1904 1133 neg.

1062 1131 1174 1162 tributio
1187 1132 1232 1162 vel
1253 1132 1404 1169 tribulatio,
1418 1143 1499 1171 quam
1519 1132 1656 1172 accipiunt
1679 1139 1726 1162 aut
1736 1132 1802 1172 justi
1814 1137 1855 1158 Dei
1866 1137 1904 1166 qui

1063 1182 1113 1211 pro
1136 1171 1258 1202 mercede
1285 1171 1406 1212 justitiae,
1419 1179 1466 1202 aut
1486 1179 1638 1212 peccatores
1651 1182 1700 1212 pro
1722 1171 1803 1212 culpa

1063 1211 1175 1250 peccati.
1190 1213 1315 1251 Regnum
1339 1212 1389 1241 Dei
1417 1211 1545 1242 dicuntur
1570 1218 1597 1242 et
1617 1211 1713 1249 sancti,
1734 1211 1806 1242 sicut

1061 1251 1194 1291 scriptum
1214 1258 1253 1280 est
1271 1262 1278 1278 :
1303 1252 1345 1280 Et
1364 1251 1503 1291 colligent
1524 1252 1643 1280 zizania
1660 1252 1697 1289 de
1715 1261 1804 1291 regno
1817 1260 1902 1283 Μαιιιι.

1062 1291 1090 1319 e'
1110 1301 1135 1327 s,
1151 1291 1203 1320 hoc
1216 1297 1266 1328 est,
1279 1290 1314 1320 de
1328 1291 1429 1330 populo
1439 1291 1603 1321 Christiano.
1618 1292 1742 1330 Regnum
1753 1291 1804 1321 Dei
1814 1292 1853 1320 4¹*-

1082 1330 1163 1359 icitur
1172 1337 1198 1359 et
1205 1330 1320 1370 justitia,
1334 1331 1403 1360 sicut
1413 1330 1514 1363 dicitur
1528 1341 1535 1358 ι
1550 1331 1716 1371 Auferetur
1724 1341 1804 1360 uvea
1816 1341 1901 1363 nmo„

1063 1370 1106 1398 his
1128 1379 1248 1408 regnum
1263 1370 1330 1406 Dei,
1345 1376 1374 1398 et
1385 1370 1504 1402 dabitur
1512 1373 1592 1410 genti
1603 1371 1727 1406 facienti
1731 1370 1803 1411 sm·
1814 1373 1853 1402 43-

1062 1414 1125 1438 ctus
1139 1410 1212 1448 ejus.
1225 1410 1263 1438 De
1275 1409 1400 1439 omnibus
1412 1420 1482 1439 unus
1495 1417 1535 1438 est
1546 1410 1708 1441 intellectus.
1719 1410 1808 1440 Aliud-

1062 1454 1101 1476 est
1115 1458 1204 1487 regem
1213 1458 1279 1486 esse,
1296 1455 1322 1478 et
1340 1448 1416 1478 aliud
1427 1459 1547 1488 regnare,
1565 1450 1634 1479 Ecce
1647 1450 1720 1479 enim
1731 1451 1811 1480 Deus-

271 1494 342 1533 justa
358 1499 421 1521 sunt
437 1498 539 1532 petunt.
555 1492 625 1520 Nam
637 1489 789 1526 frequenter
798 1488 870 1517 servi
884 1499 935 1518 non
951 1499 1013 1518 con·
1028 1493 1046 1516 c
1063 1487 1220 1517 naturaliter
1231 1499 1279 1518 rex
1297 1495 1346 1524 est,
1364 1488 1412 1517 sed
1431 1499 1485 1518 non
1504 1488 1532 1517 in
1549 1488 1675 1519 omnibus
1687 1495 1780 1529 regnat
1795 1500 1802 1517 ε

273 1532 390 1561 siderant
408 1530 476 1570 quid
496 1530 531 1560 ad
552 1529 694 1559 utilitatem
711 1527 814 1557 domini
830 1527 954 1567 pertinet,
966 1528 1013 1558 sed

273 1572 307 1602 ad
320 1582 413 1608 suam3
429 1570 489 1600 ideo
502 1580 555 1599 non
568 1574 703 1598 merentur
717 1577 771 1595 sem
792 1578 820 1596 er
832 1567 932 1597 audiri.
947 1568 1014 1597 Filii

273 1619 360 1641 autem
374 1621 478 1650 semper
489 1610 643 1649 impetrant,
654 1606 717 1645 quia
731 1617 764 1635 ex
795 1617 843 1635 ona
854 1608 1014 1637 conscientia

273 1662 332 1690 quae
352 1651 424 1690 justa
450 1657 512 1679 sunt
534 1654 629 1688 petunt
642 1659 649 1676 =
664 1656 713 1678 nec
737 1645 904 1676 considerant
929 1647 1015 1686 magis

274 1690 341 1729 quid
351 1690 386 1719 ad
399 1689 540 1719 utilitatem
554 1698 630 1717 suam
639 1686 763 1726 pertinet,
772 1696 853 1730 quam
866 1686 901 1715 ad
912 1688 995 1726 patris
1005 1699 1013 1723 ;

276 1730 335 1759 ideo
349 1740 453 1768 semper
469 1734 603 1757 merentur
616 1725 716 1755 audiri.
733 1725 766 1755 Et
780 1731 809 1754 tu
825 1736 847 1754 si
865 1726 954 1756 filium
965 1727 1014 1756 Dei

275 1777 300 1799 te
314 1769 410 1805 credis,
426 1768 473 1796 illa
484 1774 543 1807 pete
551 1776 610 1805 quae
624 1772 650 1794 et
663 1764 712 1794 tihi
723 1764 871 1804 expediunt
883 1766 1013 1805 accipere,

275 1816 301 1838 et
322 1809 402 1837 illum
420 1807 496 1836 decet
513 1813 637 1846 praestare
651 1816 657 1832 :
673 1804 696 1833 si
722 1811 808 1833 autem
822 1815 926 1844 semper
939 1805 972 1834 ab
983 1817 1014 1835 co

276 1855 349 1887 petas
362 1847 478 1876 carnalia
488 1853 513 1876 et
525 1850 689 1880 terrena‚aut
701 1843 811 1872 difficile
824 1843 1014 1883 impetraS‚aut

275 1889 343 1917 forte
358 1897 405 1915 nec
421 1886 556 1925 impetras.
578 1882 721 1920 Quomodo
733 1883 781 1913 tibi
795 1883 842 1912 illa
856 1891 963 1923 praestat
976 1884 1015 1914 li—

275 1927 369 1956 benter
382 1936 434 1955 non
453 1924 573 1960 habenti,
589 1933 647 1962 quae
661 1922 710 1951 etsi
728 1923 837 1959 habeas,
854 1923 953 1961 ubique
966 1924 1014 1954 ad-

277 1973 365 1995 monet
378 1973 404 1994 to
418 1972 446 1994 ut
473 1962 646 1993 contemnas?
661 1962 753 1991 Pater
767 1969 872 1991 noster.
893 1964 1013 1999 Noster,

722 2001 797 2031 audit
810 2003 894 2036 Deus,
908 2004 1015 2040 quando

277 2044 444 2073 Christianus
455 2052 508 2071 non
519 2042 607 2070 solum
618 2051 665 2080 pro
675 2052 713 2077 se,
728 2041 775 2070 sed
787 2052 836 2081 pro
849 2041 932 2071 altero
946 2050 1011 2072 orat.

1063 1537 1111 1556 nec
1128 1538 1219 1556 omnes
1240 1528 1362 1558 homines
1375 1535 1438 1558 sunt
1457 1538 1571 1568 regnum
1592 1528 1661 1568 ejus,
1675 1529 1739 1568 quia
1757 1539 1805 1559 nec

1062 1567 1164 1596 faciunt
1177 1578 1268 1597 omnes
1284 1568 1449 1598 voluntatem
1464 1568 1473 1597 i
1494 1568 1559 1598 sius.
1574 1569 1643 1598 Nam
1663 1568 1691 1598 in
1705 1568 1806 1607 iniquis

1062 1605 1218 1636 hominibus
1231 1617 1284 1636 non
1304 1609 1389 1643 Deus,
1404 1607 1452 1637 sed
1485 1608 1591 1638 iabolus
1611 1614 1714 1647 regnat,
1727 1609 1806 1648 cujus

1063 1646 1165 1676 facium
1175 1647 1352 1677 voluntatem.
1365 1647 1446 1677 Unde
1459 1647 1592 1687 sapienter
1605 1647 1643 1677 ait
1657 1647 1803 1687 apostolus,

1063 1685 1154 1715 dicens
1172 1697 1178 1713 ε
1198 1687 1351 1717 Adversus
1373 1693 1496 1716 rectores
1509 1688 1597 1726 hujus
1611 1688 1714 1718 mundi
1726 1694 1804 1717 tene·
1816 1699 1888 1728 aph„

1065 1726 1182 1755 bravum
1197 1727 1311 1756 harum.
1327 1728 1389 1756 Non
1406 1727 1488 1763 dixit,
1504 1726 1657 1756 Adversus
1679 1733 1805 1757 rectores
1818 1736 1854 1752 ¹²·

1065 1765 1151 1804 hujus
1164 1766 1276 1803 mundi,
1287 1766 1472 1797 tantummodo
1486 1778 1493 1794 :
1510 1766 1557 1797 sed
1570 1765 1688 1804 addidit,
1698 1767 1806 1797 Mundi

1066 1806 1262 1842 tenebrarum,
1279 1806 1343 1844 quia
1356 1816 1409 1835 non
1422 1806 1505 1836 totius
1515 1806 1611 1837 mundi
1624 1813 1687 1835 sunt
1702 1806 1807 1837 domiui

1065 1843 1209 1882 daemones,
1224 1845 1272 1874 sed
1283 1846 1467 1875 tantummodo
1481 1846 1661 1881 tenebrarum,
1677 1857 1736 1885 quae
1745 1853 1808 1876 sunt

1065 1884 1093 1913 in
1106 1884 1218 1914 mundo.
1240 1885 1368 1914 Tenebrae
1388 1892 1478 1915 autem
1496 1885 1592 1915 mundi
1613 1885 1742 1916 dicuntur
1754 1885 1807 1917 lao-

1066 1924 1150 1953 mines
1161 1924 1262 1963 iniqui:
1276 1926 1345 1954 sicut
1355 1931 1381 1954 et
1394 1925 1488 1960 sancti,
1499 1925 1651 1954 mundilux
1665 1925 1806 1965 appellan-
1902 1954 1904 1958 ,

1065 1970 1119 1992 tur.
1134 1964 1253 1994 Sicutait
1265 1965 1402 2004 apostolus
1415 1977 1421 1993 :
1435 1966 1546 1994 Fuistis
1554 1965 1716 2005 aliquando
1728 1971 1806 1994 tene·
1817 1973 1876 1995 mia.
1886 1971 1904 1995 5,

1067 2005 1135 2039 brae,
1153 2014 1231 2032 nunc
1251 2011 1348 2033 autem
1373 2004 1425 2033 lux
1441 2005 1471 2033 ἐπ
1483 2005 1621 2034 Domino.
1645 2004 1718 2040 Quia
1737 2005 1807 2036 sicut

1064 2053 1113 2081 per
1126 2050 1229 2072 sanctos
1237 2045 1310 2072 Deus
1318 2043 1466 2074 ostenditur
1479 2044 1507 2073 in
1520 2044 1572 2072 hoc
1584 2044 1697 2080 mundo,
1709 2044 1748 2073 sic
1777 2055 1808 2075 er

277 2085 329 2113 Pro
344 2094 371 2112 se
385 2083 456 2111 enim
473 2091 548 2110 orare
570 2088 669 2109 naturae
690 2087 743 2116 est,
758 2091 807 2120 pro
827 2081 910 2110 altero
926 2088 1015 2111 autem
1031 2087 1050 2110 D
1066 2082 1172 2120 iniquos
1181 2082 1303 2112 homines
1314 2084 1484 2112 obscuratur.
1496 2083 1743 2123 Etpotestatemqui
1765 2094 1808 2114 em

277 2122 384 2162 gratiae:
397 2132 446 2160 pro
454 2131 481 2150 se
495 2131 570 2149 orare
578 2120 717 2149 necessitas
727 2122 764 2149 rei
774 2120 855 2159 cogit,
870 2131 919 2165 pro
932 2121 1015 2151 altero

277 2169 365 2191 autem
373 2161 469 2190 caritas
481 2159 651 2189 fraternitatis
661 2159 791 2189 hortatur.
804 2160 916 2189 Dulcmr
922 2168 961 2190 est
968 2172 1015 2190 au-

276 2209 330 2231 tem
343 2208 403 2231 ante
428 2201 516 2229 Deum
535 2199 630 2235 oratio,
646 2209 698 2227 non
719 2210 799 2237 quam
823 2200 962 2229 necessitas
975 2202 1015 2230 rei

277 2239 443 2274 transmittit,
458 2238 505 2268 sed
528 2249 608 2277 quam
630 2238 724 2267 caritas
746 2239 917 2269 fraternitatis
942 2250 1014 2269 com-

277 2280 394 2310 mendat.
413 2280 470 2317 Qui
488 2288 517 2307 es
535 2280 566 2306 in
589 2278 677 2307 ecelis.
694 2278 764 2308 Vult
779 2285 806 2308 ut
828 2278 942 2309 sciamus
966 2290 1014 2310 nos

276 2322 382 2350 Patrem
395 2318 494 2348 habere
506 2318 647 2352 caelestem,
657 2324 687 2346 ut
698 2318 884 2348 erubescamus
896 2329 943 2348 nos
956 2326 1011 2348 ter-

275 2359 348 2390 renis
348 2359 438 2396 „rebus
449 2358 627 2392 substernere,
643 2356 753 2386 scientes
766 2367 813 2386 nos
826 2359 930 2388 Patrem
941 2359 1012 2388 caele-

275 2406 342 2428 stem
355 2398 463 2427 habere.
476 2396 638 2427 Sicut-enim
648 2396 763 2435 degener
785 2396 857 2425 filius
867 2397 901 2425 ad
911 2409 1011 2437 oppro-

275 2439 367 2468 brium
384 2437 497 2477 pertinet
507 2436 625 2476 generosi
646 2435 739 2475 patris,
754 2435 792 2464 sic
807 2443 832 2464 et
845 2437 1012 2466 Christianus

275 2478 390 2517 injustus
404 2477 438 2506 ad
448 2476 642 2515 blasphemiam
656 2475 769 2514 pertinet
790 2476 838 2504 Dei
851 2475 924 2513 justi.
943 2478 1012 2505 Nam

274 2511 344 2546 si'cut
364 2528 411 2556 per
424 2517 508 2545 bonos
521 2515 686 2545 Christianos
697 2515 771 2543 Deus
784 2514 959 2554 glorificatur,
974 2516 1013 2545 sic

305 2615 315 2626 ⁸
334 2608 434 2632 Patrem
445 2616 471 2631 se
482 2608 563 2640 magis
572 2615 649 2639 quam
658 2606 795 2632 Dominum
803 2606 886 2631 voluit
895 2607 948 2632 dici
956 2608 986 2632 V.
995 2609 1024 2632 D.

273 2652 298 2671 et
310 2645 377 2670 Editi
389 2646 413 2670 in
426 2654 506 2678 marg.
519 2652 593 2670 recte.
609 2645 677 2671 Editi
690 2646 715 2670 in
726 2651 796 2670 textu
809 2654 886 2679 quam
900 2646 990 2671 Deum.

1065 2121 1145 2150 habet
1167 2123 1241 2151 Deus
1260 2122 1287 2150 in
1299 2122 1477 2151 ‘hominihus
1498 2130 1525 2152 et
1547 2122 1660 2162 perdere
1679 2133 1771 2152 omnes
1783 2123 1806 2152 si

1064 2161 1136 2198 vult,
1151 2161 1220 2190 sicut
1229 2168 1259 2190 et
1274 2161 1363 2201 ipsum
1375 2161 1522 2202 principem
1534 2168 1704 2201 peccatorum
1713 2162 1808 2194 diabo-

1064 2200 1133 2230 lum.
1149 2201 1219 2230 Nam
1241 2201 1311 2230 sicut
1329 2201 1465 2236 diabolus,
1480 2212 1543 2230 cum
1566 2201 1601 2231 sit
1627 2201 1654 2231 in
1679 2209 1807 2242 potestate

1064 2240 1126 2276 Dei,
1135 2247 1222 2269 tamen
1231 2241 1356 2279 quoniam
1364 2248 1494 2280 quantum
1505 2241 1539 2270 ad
1551 2241 1718 2281 propositum
1725 2252 1805 2272 suum

1065 2290 1117 2309 non
1132 2280 1191 2310 vult
1204 2291 1259 2310 esse
1275 2281 1334 2317 Dei,
1351 2291 1401 2310 non
1417 2288 1455 2310 est
1474 2280 1509 2310 de
1529 2291 1611 2319 regno
1631 2282 1682 2311 Dei
1698 2294 1706 2310 :
1728 2282 1767 2311 sic
1778 2289 1804 2312 et

1065 2329 1156 2348 omnes
1177 2327 1326 2360 peccatores
1348 2320 1472 2358 quamvis
1485 2320 1537 2349 sint
1551 2322 1579 2349 in
1600 2327 1727 2360 potestate
1740 2321 1802 2357 Dei,

1065 2366 1151 2388 tamen
1161 2360 1224 2398 quia
1234 2360 1328 2389 nolunt
1336 2371 1393 2389 esse
1409 2360 1460 2390 sub
1471 2361 1539 2396 Deo,
1554 2370 1607 2389 non
1617 2367 1680 2390 sunt
1691 2370 1802 2399 regnum

1064 2399 1126 2428 Dei.
1143 2400 1211 2428 Nam
1225 2410 1286 2429 vere
1296 2400 1401 2438 justum
1412 2410 1524 2439 regnum
1539 2406 1588 2435 est,
1596 2399 1703 2437 quando
1717 2406 1743 2428 et
1755 2410 1804 2429 rex

1065 2438 1125 2467 vult
1143 2439 1263 2468 homines
1278 2439 1378 2468 habere
1391 2440 1443 2469 sub
1462 2450 1501 2474 se,
1512 2445 1538 2468 et
1555 2439 1668 2477 cupiunt
1681 2438 1804 2468 homines

1065 2488 1121 2506 esse
1135 2479 1186 2507 sub
1196 2489 1237 2507 eo.
1247 2479 1363 2515 Quando
1374 2486 1463 2508 autem
1470 2489 1518 2507 rex
1530 2488 1578 2517 per
1591 2478 1744 2507 violentiam
1758 2489 1804 2508 co·

1067 2518 1105 2556 git
1125 2528 1180 2546 esse
1195 2518 1246 2547 sub
1258 2529 1296 2555 se,
1310 2517 1381 2547 illud
1402 2524 1533 2557 quantum
1553 2517 1588 2547 ad
1601 2518 1741 2548 veritatem
1751 2527 1804 2547 non

1084 2610 1097 2628 l»
1115 2609 1263 2643 Jugulemus
1273 2612 1433 2635 sanctitatem
1444 2610 1520 2635 iidem
1532 2611 1556 2635 iu
1570 2619 1649 2644 marg.

1083 2655 1093 2666 Φ
1111 2649 1275 2679 [Commelin.
1290 2656 1315 2674 et
1327 2649 1413 2675 Morel.
1428 2650 1454 2673 in
1467 2648 1622 2682 honoribus]
