1904 2840
184 666 223 682 Lxl

110 696 224 717 ,Iudicium

87 728 107 748 in
118 728 172 748 valle
183 727 224 748 J0>

88 759 171 787 saphat.

235 223 304 268 794

233 302 275 323 tus
289 300 339 328 est;
359 291 465 331 quando
479 301 540 320 cum
551 291 625 321 asino
639 293 665 321 in
686 292 819 332 templum
831 291 973 332 ingressus
991 295 1007 316 A

233 340 282 369 cst3
295 332 402 371 quando
414 343 428 360 a
443 331 533 371 pueris
542 331 668 360 laudatus
679 338 719 360 est
730 343 738 367 ;
752 331 860 370 quando
869 331 974 361 crucifi-

233 383 284 402 xus
297 379 336 401 est
351 371 530 409 interiniquos
542 382 549 405 ς
563 371 670 409 quando
679 371 741 400 selle
750 378 776 400 et
787 378 860 400 aceto
869 377 974 411 potatus

233 419 286 447 cst;
299 411 406 450 quando
426 411 454 439 in
467 411 591 439 manibus
605 410 692 440 Patris
708 411 750 440 sui
762 411 889 455 spiritum
898 420 975 439 com-

235 451 387 487 mendavit;
398 449 506 489 quando
518 451 674 479 vestimenta
689 460 738 479 sua
752 449 899 479 dividenda
912 449 975 478 reli-

234 491 303 529 quit;
310 490 416 529 quando
424 489 561 519 descendit
570 489 604 519 ad
612 490 719 524 inferos,
725 497 750 519 et
757 489 877 519 visitavit
884 499 974 518 omnes

234 530 413 567 dormiente55
428 529 536 568 quando
549 529 667 558 ascendit
681 531 708 558 in
723 529 835 568 strepitu
847 541 854 563 ;
867 528 975 568 quando

235 570 303 598 sedit
315 569 350 598 ad
374 569 512 598 dexteram
526 569 629 606 Patris;
644 569 751 608 quando
771 568 860 598 adhuc
880 575 975 598 ventu-

235 620 281 637 rus
295 616 344 646 est,
358 619 457 639 vocans
469 615 566 637 terram
577 620 591 637 a
606 609 670 638 solis
683 615 743 637 ortu
756 618 840 647 usque
852 607 888 637 ad
901 618 976 637 occa-

235 659 295 677 sum
306 660 315 686 ;
329 648 436 687 quando
446 647 543 677 sederit
556 648 582 677 in
597 648 668 677 valle
681 648 823 687 josaphat,
835 654 861 676 et
871 647 977 687 judica-

236 688 336 718 caverit
354 698 444 717 omnes
458 695 557 724 gentes,
572 688 702 728 adimplet
723 687 876 728 prophetias
892 687 976 726 :quia

236 728 284 757 nisi
300 728 356 757 haec
369 728 436 756 facta
449 727 570 762 fuissent,
586 728 726 756 mendaces
737 733 811 762 erant
821 727 956 767 prophetae
967 738 974 755 τ

236 778 306 796 nunc
319 774 407 796 autem
419 777 509 796 omnes
524 767 628 807 impleti
643 774 715 803 sunt,
727 774 754 796 et
771 766 861 796 adhuc
879 767 915 795 im
937 766 976 795 le-

234 807 346 843 hunum,
361 817 423 836 cum
436 806 519 835 stellae
542 807 695 843 ceciderint,
709 817 772 836 cum
792 806 833 835 sol
855 812 914 835 tene
936 816 979 835 ra-

236 854 278 875 tus
290 846 381 882 fuerit,
395 857 457 875 cum
470 846 532 874 luna
544 846 689 885 sanguineo
702 846 791 876 colore
804 852 906 875 mutata
918 846 978 874 fue-

237 887 351 923 rit,cum
366 886 461 914 caelum
475 885 604 925 plicatum
618 886 696 915 fuerit
706 886 775 916 sieut
786 885 866 915 liber.
879 885 980 915 Secun-
994 892 1012 915 E

236 925 301 954 dum
316 933 405 954 autem
416 925 527 954 modum
541 925 663 961 videndi,
678 926 765 965 legem
779 924 902 965 implevit
911 924 979 954 duo-

236 965 287 993 bus
296 965 391 994 modis.
400 965 519 993 Primum
529 966 673 994 exteriores
683 965 793 1004 quidem
801 965 869 1003 legis
877 964 979 1003 figuras

238 1005 354 1042 solvens,
362 1004 500 1033 interiores
512 1011 601 1033 autem
614 1005 738 1034 veritates
750 1004 808 1044 ejus
819 1003 978 1048 adimplens.

238 1045 352 1083 Utputa,
372 1044 399 1072 iu
421 1043 479 1082 lege
501 1044 628 1084 praecepit
649 1055 727 1073 omne
746 1054 815 1084 opus
835 1043 933 1072 servile
951 1044 978 1073 in

238 1084 346 1112 sabbato
359 1094 520 1121 quemquam
530 1084 614 1112 facere
626 1094 678 1112 non
688 1084 979 1123 debere,praeterquam

239 1122 311 1160 quod
320 1123 350 1151 fit
358 1123 431 1151 omni
441 1123 546 1157 animae,
556 1123 656 1152 scilicet
666 1122 740 1162 quod
750 1130 788 1152 est
799 1122 979 1152 necessarium

239 1162 301 1190 vita·
313 1162 435 1190 humanae
451 1174 457 1190 ι
473 1162 524 1190 hoc
546 1162 657 1200 figurale
675 1169 724 1197 est,
737 1161 749 1178 b
762 1163 827 1201 quia
847 1162 885 1191 sic
906 1163 979 1191 Deus

241 1201 267 1229 in
284 1201 394 1230 sabbato
416 1208 499 1229 cessat
523 1201 557 1229 ab
576 1212 664 1240 opere.
679 1202 862 1240 Spiritualiter
881 1212 979 1231 secun-

198 1250 203 1252 *
241 1239 307 1268 dum
327 1239 458 1277 evangelii
476 1240 624 1276 verinum,
643 1251 711 1279 opus
726 1241 824 1270 servile
843 1248 980 1280 peccatum

89 1287 228 1317 lomi-834.

97 1761 235 1791 Esca-539.

242 1285 299 1307 est:
318 1280 461 1318 Quoniam
480 1280 572 1307 omnis
590 1281 640 1318 (Ῑιιί
647 1280 729 1320 facit
746 1286 908 1319 peccatum,
923 1290 980 1309 ser-

245 1328 294 1347 vus
302 1325 343 1347 est
355 1320 477 1356 peccati.
488 1319 574 1347 Omne
588 1325 676 1347 autem
689 1329 758 1357 opus
766 1318 867 1347 bonum
879 1329 931 1347 non
943 1326 982 1348 est

243 1357 350 1392 servile,
366 1357 414 1385 sed
438 1357 558 1393 liberale,
572 1364 599 1386 et
616 1368 666 1396 pro
688 1357 782 1386 aniinae
800 1357 830 1386 fit
852 1358 983 1392 libertate,

242 1396 303 1425 licet
320 1396 445 1426 videatur
463 1396 552 1436 ipsum
573 1407 641 1436 opus
660 1397 686 1425 in
702 1397 790 1436 prima
809 1397 875 1426 facie
889 1407 982 1436 corpo-

243 1436 310 1464 rale.
333 1435 418 1465 Vides
434 1446 501 1475 ergo!
517 1435 580 1474 quia
598 1437 720 1465 Christus
737 1436 855 1465 sabbatis
872 1433 984 1475 operan's

244 1475 401 1514 adimplevit
423 1475 507 1513 legem
517 1498 524 1509 ,
537 1485 590 1503 non
603 1475 684 1504 solvit
700 1485 707 1502 ε
720 1475 909 1511 manifestawt,
930 1486 982 1505 non
999 1481 1018 1504 C

244 1514 407 1543 occultavit?
421 1516 488 1543 Item
508 1514 534 1543 in
555 1514 612 1553 lege
626 1515 710 1544 fuerat
727 1516 867 1554 scriptum,
883 1514 985 1554 lepram

245 1560 350 1591 langere
369 1563 420 1582 non
438 1561 572 1593 oportere.
591 1554 648 1583 Hoc
665 1554 685 1582 fi
705 1560 810 1583 uratum
828 1560 878 1583 est.
896 1554 984 1594 Lepra

244 1593 316 1622 enim
328 1592 489 1632 intelligitur
499 1599 648 1632 peccatum.
666 1595 687 1623 C
709 1592 789 1622 ristus
802 1603 866 1632 ergo
877 1599 987 1633 tangens

246 1632 358 1672 lepram,
370 1642 422 1661 non
442 1632 522 1662 solvit
535 1633 632 1672 legem,
648 1632 695 1661 sed
712 1631 880 1671 adimplevit.
899 1634 983 1662 Mun-

246 1672 312 1701 dans
327 1671 398 1700 enim
417 1672 563 1711 leprosum,
575 1672 708 1711 justitiam
726 1679 850 1711 operatus
870 1679 918 1708 est,
933 1682 985 1702 non

246 1718 394 1751 peccatum.
408 1711 443 1740 Et
454 1722 502 1751 per
511 1711 562 1740 hoc
572 1711 705 1751 justitiam
718 1711 815 1750 tetigit,
829 1722 882 1741 non
897 1722 988 1751 pecca-

247 1758 314 1787 tum,
331 1750 405 1789 quotl
418 1757 456 1779 est
467 1761 529 1780 vere
542 1751 625 1790 lepra.
640 1752 709 1780 Nam
723 1750 770 1779 ille
783 1751 830 1789 qui
848 1754 987 1791 peccatum

248 1800 299 1819 non
314 1790 384 1827 fecit,
397 1800 445 1819 nec
459 1790 538 1819 dolus
550 1790 673 1819 inventus
691 1798 729 1819 est
743 1791 770 1819 in
785 1801 831 1819 ore
843 1791 912 1831 ejus,
927 1802 987 1820 cer-

248 1837 306 1858 tum
319 1836 358 1858 est
370 1829 433 1867 quia
443 1840 580 1868 uunquam
594 1830 680 1868 tetigit
694 1830 795 1869 lepram
808 1843 814 1858 :
827 1830 856 1859 id
870 1837 917 1867 est,
927 1842 986 1870 pec*

249 1876 347 1898 catum.
371 1870 469 1898 Merito
486 1878 550 1908 ergo
564 1869 648 1903 dicit,
669 1872 769 1898 Donec
787 1872 887 1899 omnia
896 1871 985 1910 fiant.

250 1909 298 1937 18.
313 1909 413 1937 Amen
431 1909 496 1937 dico
516 1910 610 1942 vobis,
623 1909 714 1937 donec
733 1915 863 1938 transeat
884 1910 987 1939 coelum

249 1954 277 1976 ec
291 1954 378 1984 terra,
394 1949 453 1976 iola
466 1957 555 1976 unum
567 1955 618 1976 aut
630 1958 705 1976 ιιηιιε
715 1959 789 1988 apex
802 1960 860 1978 non
869 1956 986 1989 proeter-

250 1988 302 2016 ibit
320 1997 339 2015 α
358 1988 436 2026 lege,
451 1987 543 2015 donec
561 1989 660 2015 omnia
665 1987 756 2026 fiant.
774 1989 908 2025 Quoniam
927 2000 987 2028 quae

250 2026 284 2054 ab
296 2026 372 2055 initio
386 2026 481 2054 mundi
498 2036 579 2064 usque
590 2026 624 2055 ad
644 2027 721 2055 finem
734 2035 807 2057 erant
824 2029 924 2065 futura,
939 2039 970 2058 eo
980 2047 986 2052 ·

251 2075 312 2094 rum
326 2065 450 2104 mysteria
472 2072 534 2094 sunt
554 2066 707 2105 prophetata
730 2067 756 2095 in
770 2068 838 2107 lege,
850 2075 880 2097 ut
899 2079 932 2097 ne
945 2068 986 2098 vi·

250 2103 345 2132 deatur
364 2104 468 2142 aliquid
485 2115 576 2133 eorum
592 2115 650 2142 quae
669 2105 737 2135 siunt
750 2108 822 2136 Deus
839 2115 914 2137 antea
933 2118 985 2138 non

250 2143 419 2182 cognovisse,
439 2150 577 2183 propterea
596 2144 672 2178 dicit,
687 2147 746 2175 Non
770 2153 855 2186 potest
875 2147 934 2176 fieri
956 2155 986 2176 ut

250 2189 364 2212 transeat
380 2183 475 2212 caelum
495 2182 539 2212 vel
559 2190 639 2218 terra,
654 2183 738 2214 donec
759 2186 859 2223 omnia,
877 2197 936 2226 quae
959 2187 985 2216 in

250 2222 308 2261 lege
329 2222 482 2262 prophetata
502 2229 578 2258 sunt,
598 2223 678 2252 rebus
697 2224 762 2264 ipsis
780 2226 878 2254 suerint
896 2226 983 2255 adim-

249 2262 328 2301 pleta.
344 2263 478 2300 Ingenuus
493 2261 583 2297 homo,
598 2262 621 2291 si
630 2263 674 2291 vel
688 2263 715 2291 in
728 2264 777 2293 vili
790 2265 926 2295 mendacio
939 2266 966 2294 in
976 2284 984 2288 -

248 2308 343 2330 ventus
360 2301 450 2336 suerit,
472 2301 603 2330 erubescit
617 2313 622 2328 :
637 2308 661 2330 et
679 2303 812 2340 quomodo
823 2305 895 2334 Deus
910 2305 984 2344 quod

247 2341 372 2380 promisit
385 2341 412 2369 in
426 2340 495 2378 lege,
511 2350 562 2369 non
576 2341 664 2377 saciat,
678 2349 724 2370 aut
738 2343 814 2371 aliter
827 2343 922 2373 faciat?
932 2345 984 2375 Vir

247 2380 352 2419 sapiens
364 2379 438 2419 quod
450 2379 561 2416 dixerit,
569 2381 684 2410 verbum
696 2392 776 2410 suum
788 2393 839 2411 non
854 2384 982 2422 relinquit

245 2430 361 2448 vacuum
375 2432 381 2448 z
395 2426 421 2448 et
430 2419 565 2460 quomodo
579 2420 660 2448 verba
674 2420 765 2449 divina
779 2421 835 2450 sinc
845 2422 918 2451 exitu
933 2434 981 2452 va-

244 2469 293 2487 cua
327 2465 431 2487 oterunt
448 2459 602 2488 remanere?
613 2460 687 2488 Deus
704 2460 837 2489 hominem
854 2462 942 2501 punit,
958 2463 980 2491 si

243 2470 324 2535 quod¹
344 2498 421 2528 docet
442 2498 544 2534 alium,
565 2498 621 2538 ipse
643 2509 695 2528 non
718 2500 807 2529 feccrit
823 2513 828 2528 :
845 2502 979 2538 quomodo

242 2538 381 2572 Christus,
406 2537 478 2576 quod
497 2538 624 2577 loquutus
649 2545 687 2567 est
709 2538 734 2567 in
757 2539 903 2579 prophetiS,
926 2552 978 2570 uon

243 2576 400 2616 adimplevit
419 2578 445 2606 in
464 2577 563 2616 opere?
578 2577 682 2607 Deinde
706 2578 830 2618 implevit
851 2579 937 2619 legem
960 2580 986 2609 in

272 2663 283 2674 ³
302 2655 372 2680 Idem
384 2656 408 2680 in
422 2665 499 2689 marg.
514 2657 576 2689 quia
587 2665 633 2681 nec
646 2656 716 2681 Deos
727 2658 752 2681 in
764 2657 884 2684 Sabbam.

821 229 908 253 OPUS
934 228 1175 252 IMPERFECTUM

1026 291 1144 320 minimis
1166 290 1233 320 istis.
1252 291 1300 319 19.
1322 290 1354 319 Si
1379 291 1445 330 quis
1472 290 1592 320 solverit
1614 299 1704 320 unum
1732 290 1772 321 de

1026 331 1175 363 mandatis
1199 331 1261 359 istis
1280 331 1419 366 minimis,
1434 336 1463 359 et
1474 330 1607 359 docuerit
1617 333 1660 360 sic
1676 331 1771 359 homi-

1026 380 1087 406 nes,
1101 371 1141 398 mi
1143 373 1238 399 nimus
1249 370 1405 399 vocabitur
1413 371 1446 398 in
1457 379 1547 410 regno
1557 370 1704 399 ca’lomm.
1715 368 1770 400 Sed

1026 409 1145 449 primum
1154 408 1305 444 videamus,
1314 419 1374 448 quae
1386 415 1448 438 sunt
1459 409 1509 438 ista
1517 409 1628 438 minima
1636 409 1769 439 mandata.

1028 449 1063 478 Et
1076 448 1123 477 alii
1135 448 1245 487 quidem
1258 444 1337 478 aliter
1350 448 1518 489 interpretati
1532 455 1606 484 sunt,
1621 448 1669 477 alii
1681 455 1771 478 autem

1027 488 1117 518 aliter.
1132 490 1201 518 Puto
1213 494 1312 524 autem,
1325 488 1382 528 ipse
1392 488 1525 518 Dominus
1537 488 1674 517 manifeste
1685 494 1772 518 osten-

1030 528 1070 557 dit
1083 538 1143 567 quae
1153 534 1225 564 sunt,
1235 527 1327 557 dicens
1338 527 1558 557 demonstratorie
1573 537 1581 555 =
1596 527 1627 557 Si
1639 529 1706 567 quis
1717 527 1771 557 sol-

1032 569 1104 597 verit
1120 577 1210 597 unum
1230 567 1266 596 de
1283 568 1432 596 mandatis
1448 569 1511 596 istis
1525 568 1668 596 minimis:
1678 567 1707 596 id
1720 573 1770 603 at,

1030 617 1090 645 quae
1104 607 1184 636 modo
1205 606 1329 636 dicturus
1347 617 1417 636 sum.
1433 607 1501 636 Nam
1522 606 1583 636 talis
1599 613 1639 636 est
1656 617 1714 636 mos
1726 606 1771 636 lo·-

1030 646 1131 685 quendi
1155 647 1183 676 in
1205 646 1352 686 Scripturis
1367 657 1375 674 ε
1402 656 1462 684 quae
1480 652 1540 686 post
1564 646 1703 676 modicum
1727 645 1775 675 di-

1030 686 1100 715 cturi
1118 693 1191 722 sunt,
1206 686 1283 724 quasi
1293 686 1351 725 jam
1369 685 1442 714 dicta
1459 685 1688 722 demonstrantur,
1703 685 1774 715 sicut

1030 733 1069 755 est
1083 725 1133 762 ibi,
1149 726 1263 754 Audite
1277 727 1349 760 hoec,
1361 731 1591 770 omnes-gentes.
1606 726 1674 762 Quae
1688 726 1771 759 Haec,
1783 738 1848 760 Psat.
1857 737 1904 767 48st

1033 765 1083 795 nisi
1101 775 1160 803 quae
1179 765 1207 794 in
1220 764 1391 803 sequentibus
1403 764 1545 795 versiculis
1562 771 1619 794 erat
1629 763 1775 794 dicturus?

1031 804 1159 834 Mandata
1173 805 1256 845 igitur
1269 805 1359 844 Moysi
1381 804 1408 833 in
1429 811 1490 834 actu
1511 803 1600 833 facilia
1618 810 1691 840 sunt,
1708 804 1776 834 Non

1032 846 1155 880 occides,
1170 855 1230 873 non
1246 844 1427 873 adulterabis
1437 855 1448 873 .-
1460 850 1488 873 et
1500 843 1562 873 ideo
1575 843 1604 872 in
1621 852 1776 874 remunera-

1032 883 1103 913 tione
1121 883 1277 919 modica,in
1294 890 1401 924 peccato
1420 890 1509 912 autem
1525 893 1632 922 magna.
1649 882 1775 913 Mandata

1032 930 1121 953 autem
1135 924 1248 959 Christi,
1262 923 1291 952 id
1298 930 1349 958 est,
1364 924 1458 962 Neque
1471 923 1605 956 irascaris.
1615 933 1700 961 neque
1711 933 1774 952 con·

1032 964 1167 1003 cupiscas,
1181 963 1240 1003 ipso
1263 969 1324 992 actu
1343 962 1467 992 difficilia
1482 970 1556 999 sunt,
1571 969 1597 991 et
1613 962 1674 991 ideo
1688 962 1717 991 in
1731 972 1776 992 re—

1032 1003 1215 1032 muneratione
1235 1012 1331 1042 magna
1348 1009 1422 1039 sunt,
1438 1002 1466 1031 in
1486 1008 1595 1042 peccato
1613 1009 1703 1031 autem
1723 1002 1775 1031 mi-

1032 1042 1113 1072 nima.
1135 1042 1278 1079 Quomodo
1301 1048 1390 1071 autem
1411 1041 1545 1071 abstinere
1568 1041 1602 1071 ab
1627 1041 1776 1071 homicidio

1032 1089 1079 1110 aut
1097 1082 1231 1111 adulterio
1246 1081 1324 1110 facile
1334 1087 1384 1118 est,
1400 1087 1481 1121 patet.
1496 1081 1559 1121 Ipsa
1570 1081 1642 1110 euim
1654 1080 1777 1110 criminis

1033 1121 1190 1161 magnitudo
1201 1121 1367 1151 voluntatem
1377 1120 1492 1150 faciendi
1508 1120 1662 1161 repercutit,
1676 1126 1703 1150 et
1713 1120 1777 1150 ideo

1033 1171 1086 1190 non
1101 1161 1182 1190 habet
1201 1159 1309 1190 laudem
1327 1160 1374 1200 qui
1395 1160 1509 1189 abstinet
1525 1170 1553 1190 se
1574 1159 1609 1189 ab
1629 1159 1696 1197 illis,
1711 1161 1776 1199 quia

1033 1211 1085 1229 non
1108 1207 1147 1230 est
1166 1200 1242 1230 labor
1263 1200 1399 1229 abstinere
1420 1210 1449 1229 se
1469 1199 1503 1229 ab
1525 1199 1593 1230 illis.
1608 1198 1678 1229 Nam
1697 1209 1777 1229 omne

1033 1240 1148 1275 malum,
1164 1246 1264 1278 quanto
1277 1239 1386 1279 gravius
1406 1239 1508 1269 crimen
1531 1245 1580 1276 est,
1596 1245 1669 1268 tanto
1688 1238 1777 1269 levius

1033 1279 1143 1308 videtur
1154 1279 1189 1308 ad
1199 1289 1251 1308 non
1269 1278 1433 1313 faciendum,
1449 1286 1476 1308 et
1489 1279 1600 1318 gravius
1611 1278 1674 1313 facit
1683 1288 1778 1323 pecca—

1034 1325 1104 1352 tum,
1117 1319 1139 1347 si
1158 1318 1239 1347 fuerit
1258 1319 1368 1347 factum.
1383 1320 1444 1348 Non
1466 1318 1546 1348 irasci
1559 1325 1648 1347 autem
1665 1318 1779 1347 difficile

1034 1364 1074 1386 est
1089 1358 1115 1385 in
1127 1364 1200 1393 actu,
1214 1357 1279 1395 quia
1291 1357 1359 1386 dum
1372 1357 1439 1386 levis
1452 1358 1532 1397 culpa
1542 1364 1664 1397 putatur,
1675 1367 1730 1386 non
1741 1357 1779 1387 fa-

1035 1396 1086 1424 cile
1099 1403 1220 1425 servatur
1233 1407 1247 1424 a
1259 1396 1361 1425 multis.
1377 1397 1413 1425 Et
1426 1397 1543 1426 multum
1561 1397 1726 1425 laboriosum
1739 1403 1778 1426 eet

1035 1445 1112 1480 posse
1132 1445 1184 1464 non
1205 1435 1296 1471 irasci,
1310 1435 1375 1473 quia
1395 1435 1552 1464 naturaliter
1573 1435 1602 1464 in
1624 1435 1780 1465 hominibus

1036 1474 1175 1503 iracundia
1193 1481 1233 1504 est
1250 1474 1378 1515 plantata,
1393 1481 1419 1504 et
1435 1474 1496 1504 ideo
1518 1475 1546 1503 in
1565 1474 1779 1504 remuneratione

1037 1524 1132 1553 magna
1144 1521 1216 1550 sunt,
1229 1514 1293 1552 quia
1308 1514 1419 1543 difficile
1433 1521 1471 1543 est
1483 1520 1509 1543 et
1520 1514 1684 1543 laboriosum
1695 1514 1779 1544 absti-

1037 1563 1099 1582 nere
1119 1553 1154 1582 ab
1177 1553 1226 1582 eis.
1243 1555 1385 1593 Propterea
1404 1560 1431 1582 et
1452 1553 1476 1583 si
1496 1553 1581 1583 iratus
1593 1552 1675 1583 fuerit
1688 1553 1779 1590 homo,

1037 1599 1083 1621 aut
1103 1593 1280 1632 concupierit,
1295 1599 1335 1622 est
1349 1592 1460 1631 quidem
1480 1600 1630 1632 peccatum,
1645 1593 1709 1631 quia
1721 1603 1781 1622 ma-

1037 1632 1095 1660 lum
1109 1639 1148 1661 est
1161 1644 1169 1661 2
1183 1642 1236 1661 non
1249 1639 1337 1662 tamen
1348 1639 1388 1661 est
1399 1642 1481 1672 grave
1494 1641 1644 1672 peccatum,
1654 1632 1719 1671 quia
1730 1631 1781 1662 dif-

1037 1671 1109 1700 ficile
1121 1678 1161 1701 est
1170 1671 1302 1701 abstinere
1323 1671 1358 1700 ab
1373 1672 1423 1702 eis.
1444 1672 1517 1711 Ergo
1531 1672 1641 1701 minima
1656 1673 1781 1702 mandata

1038 1711 1086 1740 ista
1098 1711 1165 1740 dicit
1177 1711 1276 1741 Christi
1285 1710 1420 1748 mandata,
1434 1712 1494 1740 Non
1504 1711 1639 1748 irascaris,
1653 1721 1707 1740 non
1717 1721 1780 1742 con-

1038 1750 1169 1790 cupiscas.
1185 1752 1252 1788 Quae
1264 1751 1291 1780 in
1301 1750 1468 1780 observando
1478 1750 1588 1788 quidem
1601 1761 1698 1791 magna
1707 1758 1780 1788 sunt,

1039 1790 1066 1819 in
1078 1790 1211 1830 peccando
1226 1797 1314 1820 autem
1325 1790 1435 1819 minima
1449 1790 1587 1827 videntur,
1601 1797 1733 1829 quantum
1744 1791 1780 1820 ad

1039 1830 1160 1859 homines
1176 1830 1347 1870 negligentes.
1364 1831 1436 1870 Ergo
1454 1830 1508 1867 illi,
1524 1830 1571 1869 qui
1589 1830 1658 1860 levia
1673 1837 1780 1875 peccata

1039 1870 1218 1905 committunt,
1238 1870 1343 1900 minimi
1364 1876 1427 1899 sunt
1445 1870 1473 1899 in
1490 1880 1520 1899 re
1556 1880 1572 1899 o
1590 1870 1641 1899 Dei
1657 1869 1708 1899 :1d
1728 1877 1778 1905 est,

1039 1910 1087 1947 qui
1107 1909 1190 1938 iratus
1207 1909 1298 1945 fuerit,
1309 1916 1335 1938 et
1347 1910 1433 1938 iratus
1454 1880 1555 1949 grandel
1571 1916 1710 1949 peccatum
1726 1919 1781 1939 non

1039 1949 1130 1978 fecerit
1140 1949 1168 1977 in
1177 1955 1248 1986 actu,
1260 1960 1275 1978 a
1286 1959 1362 1989 poena
1375 1948 1484 1987 quidem
1496 1959 1607 1978 securus
1618 1955 1667 1982 αι.
1678 1958 1732 1978 non
1745 1956 1782 1978 ta-

1040 1998 1100 2017 men
1114 1995 1153 2018 cst
1166 1988 1194 2016 in
1208 1988 1291 2027 gloria
1308 1999 1315 2016 :
1328 1988 1392 2026 quia
1413 1989 1461 2017 etsi
1476 1988 1545 2017 nihil
1557 1990 1611 2017 tale
1624 1988 1775 2025 committit,

1039 2034 1126 2056 tamen
1141 2028 1204 2066 quia
1217 2035 1346 2067 sequutus
1358 2033 1398 2056 est
1409 2027 1478 2056 iram
1491 2038 1578 2064 suam,
1593 2034 1619 2056 et
1631 2037 1684 2056 non
1705 2027 1780 2056 illam

1040 2067 1166 2106 repressit
1191 2067 1218 2096 in
1246 2067 1327 2097 corde
1352 2077 1413 2102 suo,
1436 2067 1573 2112 peccavit.
1600 2066 1681 2096 Unde
1698 2067 1776 2112 jubet
1791 2083 1857 2105 Psul.
1869 2083 1904 2116 ᾗ,Ἰ

1039 2117 1087 2135 nos
1099 2106 1239 2146 propheta,
1253 2107 1277 2136 si
1291 2106 1352 2135 irati
1376 2106 1516 2141 fuerimus,
1530 2113 1560 2135 ut
1578 2113 1730 2145 compuncti
1751 2117 1779 2135 m

1039 2145 1165 2176 cordibus
1179 2147 1277 2175 nostris
1301 2144 1467 2175 iracundiam
1484 2146 1674 2185 reprimamus,
1695 2145 1781 2175 sciens

1038 2185 1166 2225 quoniam
1192 2185 1215 2214 si
1240 2196 1288 2225 per
1308 2184 1475 2215 iracundiam
1498 2185 1542 2215 vel
1562 2184 1658 2214 leviter
1684 2195 1778 2225 pecca-

1037 2225 1156 2255 verimus
1170 2247 1178 2260 ‚
1203 2232 1352 2264 peccatores
1382 2235 1486 2254 sumus.
1509 2224 1580 2254 Item
1609 2224 1657 2263 qui
1681 2235 1780 2254 concu-

1036 2265 1115 2305 piscit
1127 2286 1134 2300 ,
1150 2265 1200 2293 etsi
1226 2275 1278 2294 non
1301 2264 1410 2300 fecerit,
1436 2265 1565 2304 peccavit.
1582 2263 1694 2301 Quare?
1707 2265 1779 2301 Quia

1036 2304 1080 2334 vel
1098 2303 1207 2333 omnino
1231 2304 1328 2333 voluit.
1349 2304 1403 2341 Qui
1424 2314 1488 2343 ergo
1514 2303 1610 2334 doctor
1629 2310 1684 2340 est,
1700 2303 1724 2332 si
1743 2303 1778 2332 ab

1036 2344 1162 2373 omnibus
1182 2344 1480 2382 abstinuerit‚magnus
1496 2349 1553 2373 est:
1579 2344 1602 2372 si
1622 2349 1711 2372 autem
1733 2342 1775 2371 vel

1036 2383 1105 2413 levia
1118 2384 1175 2412 haec
1189 2383 1424 2422 peccaverit,nihil
1437 2382 1479 2411 illi
1487 2382 1594 2423 prodest
1605 2381 1776 2411 sacerdotalis

1036 2423 1153 2462 dignitas
1166 2423 1224 2462 ejus
1241 2422 1304 2452 :sed
1317 2423 1451 2462 projectus
1469 2432 1485 2451 a
1498 2422 1586 2461 primo
1598 2420 1776 2450 ecclesiastico

1036 2463 1117 2492 choro
1129 2485 1136 2499 ,
1158 2463 1189 2491 fit
1208 2462 1277 2492 inter
1298 2473 1344 2491 eos
1355 2462 1403 2500 qui
1417 2471 1465 2491 nec
1477 2461 1505 2490 in
1529 2470 1606 2500 poena
1619 2467 1698 2497 sunt,
1711 2461 1775 2499 quia

1035 2512 1087 2531 non
1101 2503 1218 2531 fecerum
1228 2512 1310 2541 grave
1322 2508 1460 2541 peccatum
1476 2513 1483 2529 :
1497 2511 1548 2530 non
1572 2507 1658 2529 tamen
1671 2500 1774 2529 suntin

1035 2542 1130 2581 gloria,
1144 2542 1206 2580 quia
1220 2541 1320 2582 peccati
1334 2551 1429 2580 rugam
1440 2546 1487 2570 aut
1499 2539 1632 2570 maculam
1649 2549 1774 2579 suscepe-

1036 2588 1110 2611 runt.
