1890 2826
638 175 795 200 SYNOPSIS
822 177 1007 202 SCRIPTURAE
1033 180 1156 204 SACRAE.

1611 175 1681 222 425

944 246 973 268 ut
986 241 1117 280 seriptum
1129 250 1180 271 est:
1198 245 1409 285 Nausea-erunt
1423 247 1465 275 ad
1477 248 1554 276 hunc
1565 248 1682 278 modum
1693 268 1715 283 2,
1735 263 1801 284 ΕΜΓ,
1811 263 1833 285 3,

944 296 964 313 ει
975 287 1077 316 diebus
1091 289 1161 317 Jesu
1173 290 1231 327 filii
1243 292 1337 320 Nave.
1352 292 1452 321 Esdras
1460 304 1523 323 vcro
1531 304 1593 323 cum
1601 296 1683 325 vidis·
1695 299 1731 325 ¹7·

124 239 172 277 τὴν
194 239 314 276 νηστείαν
329 240 373 269 καὶ
393 240 441 276 τὴν
456 240 645 279 σκηνοπηγίαν,
665 242 700 273 ὡς
722 239 887 279 γέγραπται-

123 287 200 324 αΌτι,
215 287 304 327 φησὶν,
325 288 372 316 οὐκ
393 287 520 323 ἐποίησαν
540 286 622 320 οὕτως
642 286 695 316 ἀπὸ
712 288 764 314 τῶν
783 288 890 325 ἡμερῶν

122 335 210 368 Ἰησοῦ
232 336 278 362 τοῦ
300 335 393 368 Ναυῆ.ν
403 332 519 373 Ἔσδρας
537 333 563 362 δὲ
583 333 706 372 ἑωρακὼς
726 332 891 371 ἐπιμιγείσας

121 384 246 418 γυναῖκας
267 379 403 413 Ἀζωτίους
424 383 478 413 τοῖς
499 378 634 419 Ἑὸραίοις
647 402 654 415 ,
679 379 767 408 ἔπεισε
791 378 891 410 πάντας

122 426 327 464 ἐπαγγείλασθαι
346 426 485 466 φυλάττειν
503 426 547 455 τὸν
569 425 648 464 νόμον
668 428 714 454 τοῦ
736 426 817 454 Θεοῦ.
838 424 891 453 Καὶ

122 471 229 505 ἐξέὸαλε
241 472 289 505 τὰς
301 477 434 512 γυναῖκας,
452 474 488 506 ὡς
498 472 651 512 παράνομον
663 472 759 511 γάμον,
770 471 815 500 καὶ
825 470 893 509 ὤμοιψ

943 338 982 359 set
1008 333 1112 363 Azotias
1131 335 1256 365 mulieres
1278 338 1397 367 Hebraeis
1417 339 1542 378 conjugio
1565 340 1683 379 junctas,

943 379 1068 407 omnihus
1086 382 1218 419 persuasit
1238 390 1268 411 ut
1288 384 1472 422 promitterent
1494 395 1522 414 se
1536 385 1621 425 legem
1634 388 1683 417 Dei

943 432 1105 455 servaturos.
1119 428 1154 456 Et
1163 428 1309 467 ejecitillas
1324 430 1460 467 mulieres,
1472 438 1606 470 tamquam
1625 433 1684 463 ille-

944 470 1059 509 gitimas,
1071 480 1096 501 et
1103 473 1229 512 jurarunt
1242 475 1360 504 universi
1379 488 1406 506 se
1416 477 1501 517 legem
1519 486 1682 508 servaturos‘

123 529 172 546 σαν
185 517 298 558 φυλάξαι
319 518 362 548 τὸν
376 518 463 558 νόμον.
486 519 539 548 Καὶ
559 518 641 551 οὕτως
661 517 826 557 ἁγιασθέντες
847 516 935 555 >toti-363
944 518 1031 555 Atque
1046 518 1081 547 ita
1103 521 1259 550 sanctificati
1278 529 1303 550 et
1317 523 1450 559 mundati,
1475 524 1555 553 laetati
1575 533 1648 562 sunt,
1659 533 1684 555 et

123 564 323 602 καθαρισθέντες
341 564 534 604 εὖφράνθησαν,
554 565 598 594 καὶ
613 565 714 600 ἀπῆλθε
729 564 837 596 ἕκαστος
856 564 892 595 εἷς
908 565 927 586 A
942 563 1066 593 abierunt
1076 566 1176 604 singuli
1187 567 1213 595 in
1223 567 1333 596 domum
1346 579 1434 598 suain.
1451 571 1583 600 Narratur
1596 579 1684 601 autem

122 610 166 638 τὸν
188 605 258 640 οἶκον
276 612 364 640 αὐτοῦ.
386 611 541 651 Ἱστορεῖται
560 612 587 641 δὲ
609 612 654 641 καὶ
669 614 747 640 τοῦτο
765 611 826 650 περὶ
846 613 891 639 τοῦ

123 655 242 695 Ἔσδρα,
255 656 295 685 ὅτι
316 657 503 695 ἀπολλυμένων
522 660 575 686 τῶν
597 657 705 697 βιὸλίων
722 656 750 690 ἐξ
769 655 893 695 ἀμελείας

121 705 168 730 τοῦ
187 703 251 730 λαοῦ
275 702 319 731 διὰ
337 702 385 738 τὴν
406 703 578 743 πολυχρόνιον
600 702 794 743 αἰχμαλωσίαν,
815 702 892 734 αὐτὸς

125 747 242 787 Ἔσδρας
250 771 258 784 ,
271 748 410 788 φιλόκαλος
421 749 457 778 ὢν
471 750 516 778 καὶ
529 749 625 789 εὐφυὴς
634 770 642 784 ,
655 750 700 779 καὶ
715 748 892 787 ἀναγνώστης,

125 793 235 833 ἐφύλαξε
247 794 333 823 πάντα
341 817 348 831 ,
364 794 409 824 καὶ
421 795 512 824 λοιπὸν
523 795 669 835 προήνεγκε
677 816 685 830 ,
697 795 741 824 καὶ
752 794 833 824 πάλιν
847 796 890 824 ἐκ·

124 838 221 869 δέδωκε
233 851 239 858 ·
255 840 304 869 καὶ
311 840 382 869 οὕτω
393 841 548 874 διασώζεται
559 841 593 870 τὰ
608 840 710 880 βιὸλία.

384 945 395 957 ²
406 945 497 965 mour
514 946 571 965 ΒΙΒΛ
575 946 619 966 {ON
624 957 629 964 .

165 1025 265 1065 Ἔσθὴρ
276 1027 395 1055 καλεῖται
409 1027 439 1056 τὸ
451 1027 561 1066 βιὸλίον,
576 1028 667 1064 ἐπειδὴ
679 1028 721 1057 διὰ
733 1029 779 1063 τ’ἠς
792 1028 893 1067 Ἐσθὴρ

123 1073 137 1099 ὅ
149 1071 216 1104 Θεὸς
230 1071 373 1110 μέλλοντας
385 1072 528 1102 ἀπολέσθαι
540 1076 659 1113 παγγενῆ
673 1074 732 1107 τοὺς
745 1075 894 1113 Ἰουδαίους,

941 617 967 638 et
980 610 1030 640 hoc
1052 611 1086 640 de
1111 612 1209 649 Esdra,
1232 614 1305 652 quod
1321 625 1383 643 eum
1406 615 1470 644 libri
1487 627 1536 656 per
1553 617 1684 647 incuriam

941 656 1036 695 populi
1051 664 1078 686 et
1094 657 1251 687 diuturnam
1266 660 1446 699 ciptivitatem
1462 662 1612 701 periissent,
1627 664 1685 703 ipse

941 702 1013 739 illos,
1033 714 1094 732 cum
1108 704 1152 733 vir
1167 711 1234 733 esset
1255 705 1358 735 honesti
1373 707 1520 742 studiosus,
1536 709 1685 738 industrius

941 755 967 777 et
978 748 1071 784 lector,
1083 749 1156 789 apud
1169 761 1197 779 se
1209 751 1299 780 omnia
1309 752 1475 789 custodierit,
1486 763 1516 783 ac
1531 755 1682 794 protulerit,

941 805 972 823 ac
987 805 1097 824 rursum
1109 795 1234 834 ediderit,
1250 804 1329 836 atque
1341 798 1379 827 sic
1390 798 1475 828 libros
1487 801 1643 831 servaverit.

1161 947 1163 949 '
1210 947 1291 966 LIBER
1307 948 1423 967 ESTfll-:n-

975 1027 1027 1056 Hic
1041 1027 1207 1057 liberEsther
1219 1030 1406 1069 vocatur,quia
1416 1041 1463 1070 per
1471 1031 1686 1062 EstheramDeus

944 1083 1007 1102 mox
1021 1073 1141 1103 funditus
1165 1076 1298 1115 perituros
1320 1077 1337 1106 J
1340 1077 1428 1105 udaeos
1449 1078 1577 1115 servavit,
1600 1080 1685 1108 Aman

123 1117 215 1149 αὐτοὺς
231 1117 278 1156 μὲν
293 1118 418 1155 διέσωσε,
439 1119 482 1147 τὸν
505 1119 532 1148 δὲ
547 1119 628 1158 Ἀμὰν
643 1121 828 1150 ἐπιδουλεῦσαι
849 1123 893 1149 θε-
910 1121 927 1143 Β
943 1129 1018 1156 veru,
1031 1120 1079 1158 qui
1094 1120 1204 1150 insidias
1218 1122 1432 1159 machinabatur,
1447 1123 1590 1162 percussit.
1607 1125 1685 1154 Arta-

124 1162 242 1197 λήσαντα
262 1163 397 1198 ἐπάταξεν.
419 1165 588 1205 Ἀρταξέρξης
607 1166 658 1206 γὰρ
672 1169 686 1195 ὁ
701 1166 823 1206 βασιλεὺς
845 1167 893 1203 τὴν

124 1208 191 1237 ἰδίαν
203 1209 323 1238 ἐκὸαλὼν
336 1215 447 1249 γυναῖκα
460 1234 468 1248 ,
482 1212 607 1247 ἐζήτησεν
621 1214 648 1241 ἐν
661 1215 694 1252 τῇ
708 1212 829 1252 βασιλείᾳ
844 1215 893 1242 αὔ-

121 1257 166 1283 τοῧ
189 1254 236 1290 τὴν
256 1255 361 1284 πάντων
391 1256 536 1293 καλλίστην
557 1253 636 1287 οῧσαν
661 1258 706 1287 καὶ
722 1258 892 1298 ὥραιοτέραν,

122 1300 212 1329 λαίῗεῖν
225 1303 311 1341 ἑαυτῷ
333 1307 444 1340 γυναῖκα
456 1315 462 1321 ·
477 1304 522 1332 καὶ
537 1304 628 1343 εὑρέθη
643 1304 743 1344 Ἐσθὴρ
765 1305 795 1334 τὸ
819 1306 892 1344 γένος

122 1347 236 1376 Ἰουδαία
254 1348 430 1387 τυγχάνουσα.
444 1344 498 1378 ’Ἦν
513 1349 540 1378 δὲ
554 1350 599 1379 καὶ
613 1352 782 1391 Μαρδοχαῖος
797 1363 891 1391 συγγε·

121 1392 166 1428 νὴς
187 1394 268 1429 αὐτῆς
283 1394 336 1423 ἀπὸ
349 1397 396 1430 τῆς
418 1395 603 1435 αἰχμαλωσίας
623 1399 670 1432 τῆς
691 1397 832 1436 γενομένης
846 1399 890 1427 ἐπὶ

122 1439 245 1468 Σεδεκίου
267 1441 295 1468 ἐν
310 1441 376 1479 αὐτῇ
397 1443 431 1480 τῇ
445 1441 530 1482 χώρᾳ.
544 1442 579 1472 ‘O
593 1438 638 1472 οἶν
661 1443 784 1482 βασιλεὺς
807 1444 890 1483 μέγαν

121 1486 232 1521 ποιήσας
245 1486 290 1515 τὸν
303 1487 442 1526 λεγόμενον
457 1488 549 1527 ’Ay-Bw,
563 1489 684 1519 ἐκέλευσε
698 1490 799 1523 πάντας
812 1491 890 1519 αὐτὸν

121 1536 285 1571 προσκυνεῖν.
298 1533 376 1561 Ἀλλὰ
389 1537 434 1562 τοῦ
450 1535 621 1574 Μαρδοχαίου
634 1538 667 1575 τῇ
681 1536 745 1576 πρὸς
758 1537 827 1566 Θεὸν
839 1538 890 1566 λα·

122 1577 196 1617 τρείᾳ
217 1577 254 1616 μὴ
279 1582 485 1618 προσκυνοῦντος
504 1580 548 1610 τὸν
572 1581 719 1621 ἄνθρωπον,
744 1583 861 1622 ὠργίσθη
876 1585 890 1611 ὁ

123 1623 214 1662 Ἀμὰν,
227 1624 272 1652 καὶ
286 1624 375 1662 μαθὼν
389 1625 430 1654 ὅτι
444 1626 568 1659 Ἰουδαῖός
579 1628 635 1656 ἐστι
644 1650 651 1664 ,
672 1628 757 1657 πείθει
774 1628 819 1657 τὸν
840 1631 891 1668 βα-
907 1633 925 1656 C

122 1669 198 1698 σιλὲα
219 1670 402 1710 Ἀρταξέρξην,
415 1671 460 1700 καὶ
480 1671 574 1712 γράφει
593 1672 662 1701 ὥστε
675 1674 777 1706 πάντας
789 1673 848 1706 τοὺς
863 1675 892 1702 ἐν

121 1718 154 1755 τῇ
171 1716 292 1756 βασιλείᾳ
303 1718 381 1756 αὐτοῦ
397 1718 536 1751 Ἰουδαίους
548 1719 695 1759 ὁλορῥίζους
709 1719 852 1749 ἀπολέσθαι
864 1722 891 1749 ἐν

123 1768 172 1803 μιᾷ
185 1763 272 1803 ἡμέρᾳ
283 1766 321 1803 τῷ
336 1764 474 1804 δωδεκάτῳ
489 1764 560 1803 μηνί.
576 1766 663 1794 Τοῦτο
673 1765 759 1795 τοίνυν
773 1766 863 1805 μαθὼν
877 1769 891 1796 ὁ

124 1810 305 1849 Μαρδοχαῖος,
322 1810 423 1839 ἐπένθει
432 1833 439 1847 ,
457 1810 502 1839 καὶ
515 1811 657 1847 νηστεύων,
672 1812 828 1852 προύπεμψε
842 1813 890 1849 τὴν

124 1856 224 1896 Ἐσθὴρ
237 1855 315 1890 ἀξιῶν
328 1856 402 1896 παρὰ
416 1859 498 1892 αὐτῆς
512 1858 633 1896 βοήθειαν
647 1858 775 1897 γενέσθαι.
788 1859 823 1888 ‘H
837 1859 890 1888 τοί-

123 1915 167 1932 νυν
181 1903 282 1942 Ἐσθὴρ
297 1903 463 1938 νηστεύσασα
474 1926 481 1940 ,
495 1904 539 1933 καὶ
553 1904 682 1943 εὐξαμένη
694 1908 732 1945 τῷ
745 1908 822 1946 Θεῷ,
836 1907 891 1936 ἐκό-

123 1962 225 1988 σμησεν
239 1949 334 1985 ἑαυτὴν
354 1951 392 1989 τῷ
414 1950 554 1990 γυναικείῳ
577 1951 686 1991 κόσμῳ,
710 1952 754 1981 καὶ
770 1952 806 1991 μὴ
823 1954 890 1988 κλη-

123 1999 196 2025 θεῖσα
207 1997 266 2035 (οὐκ
279 1992 310 2032 ἦν
325 1995 375 2035 γὰρ
390 1996 443 2030 ἐξὸν
459 1996 496 2035 μὴ
508 1998 649 2033 κληθεῖσαν
663 1999 808 2035 εἰσελθεῖν),
820 1999 891 2037 ὅμως

122 2044 226 2078 εἰσῆλθε
242 2042 314 2081 παρὰ
331 2043 376 2072 τὸν
390 2043 480 2081 καιρὸν
495 2043 559 2082 πρὸς
572 2043 617 2072 τὸν
633 2044 743 2083 βασιλέα
752 2066 760 2079 ,
775 2045 832 2073 ἀντὶ
845 2048 890 2073 τοῦ

123 2091 216 2128 καιροῦ
230 2091 264 2128 τῇ
278 2090 343 2128 εὐχῇ
359 2090 498 2128 θαῤῥοῧσα.
514 2085 583 2118 Εἶτα
591 2092 636 2118 τοῦ
653 2089 782 2128 βασιλέως
793 2091 892 2129 θαυμά-
909 2104 927 2125 1,

123 2137 209 2167 ζοντος
223 2134 254 2163 τὸ
267 2134 346 2170 ξένον,
365 2134 457 2164 ἔπεσεν
471 2134 556 2170 ἐκείνη
578 2135 630 2164 ἀπὸ
645 2138 691 2164 τοῦ
712 2135 802 2175 φόὸου.
815 2136 849 2165 Ὁ
865 2136 891 2165 δὲ

122 2179 191 2213 Θεὸς
213 2181 342 2218 μετέὸαλε
356 2181 400 2209 τὸν
413 2181 493 2220 θυμὸν
514 2183 560 2210 τοῦ
580 2181 708 2220 βασιλέως
721 2183 758 2215 εἷς
776 2182 891 2211 διάθεσιν

123 2226 169 2255 καὶ
186 2226 324 2264 πραότητα
334 2239 340 2244 ·
357 2227 401 2255 καὶ
416 2226 530 2260 ἀναστὰς
549 2227 680 2257 ἐδάστασε
700 2227 748 2263 τὴν
761 2232 871 2266 γυναῖκα
883 2249 891 2263 ,

123 2272 167 2301 καὶ
178 2272 322 2316 παρεκάλει
333 2273 415 2308 αὐτὴν
428 2272 465 2312 μὴ
481 2273 630 2313 φοὸεῖσθαι,
644 2273 713 2303 ἀλλὰ
724 2274 769 2303 καὶ
782 2273 892 2309 ἠξίωσεν

123 2317 205 2353 αὐτὴν
219 2319 360 2354 αἰτεῖσθαι,
381 2318 406 2347 εἴ
423 2330 450 2347 τι
468 2319 595 2358 βούλοιτο.
618 2318 653 2348 ἹΙ
674 2319 701 2348 δὲ
723 2319 766 2348 ἐπὶ
789 2320 902 2352 δεῖπνον,

122 2363 230 2399 ἠξίωσεν
252 2365 335 2393 ἐλθεῖν
350 2364 428 2393 αὐτόν
448 2377 477 2393 τε
498 2364 542 2394 τὸν
558 2364 669 2403 βασιλέα
682 2364 727 2393 καὶ
741 2365 785 2393 τὸν
798 2365 892 2404 Ἀμὰν,

123 2411 172 2449 οὐχ
185 2409 269 2445 ἅπαξ,
283 2410 352 2439 ἀλλὰ
365 2410 410 2439 καὶ
426 2410 553 2449 δεύτερον.
569 2410 603 2439 ‘O
618 2410 664 2449 μὲν
678 2406 722 2439 οῧν
738 2410 819 2449 ’Ap-duo
835 2411 890 2440 δια-

123 2455 210 2493 χυθεὶς
222 2455 267 2484 καὶ
285 2456 408 2495 γανωθεὶς
419 2480 427 2493 ,
439 2458 474 2489 ὡς
486 2456 538 2485 ὑπὸ
556 2457 604 2491 τῆς
625 2455 758 2495 βασιλίδος
781 2456 898 2491 ἀξιωθεὶς

124 2501 267 2539 κληθῆναι,
282 2502 320 2531 ἔτι
335 2503 435 2540 μᾶλλον
450 2502 563 2541 ἐπήρετο
581 2501 649 2530 κατὰ
661 2505 705 2531 τοῦ
717 2502 899 2543 Μαρδοχαίου,

156 2596 170 2607 ι
186 2586 298 2620 ldipsum
309 2587 414 2612 liabetur
427 2589 452 2615 in
465 2586 541 2612 altera
555 2587 671 2621 Synopsi.

943 1175 1038 1194 xerxes
1049 1166 1120 1195 enim
1135 1178 1183 1196 rex
1203 1169 1355 1205 Persarum,
1371 1169 1509 1208 repudiata
1524 1179 1608 1199 uxore
1621 1181 1668 1199 sua
1677 1194 1684 1208 ‚

943 1211 1029 1240 aliamv
1043 1211 1070 1240 in
1091 1223 1177 1251 regno,
1188 1223 1248 1248 suo,
1269 1224 1329 1251 quae
1342 1214 1464 1243 omnium
1475 1222 1543 1244 esset
1557 1216 1684 1255 pulcher-

943 1256 1010 1285 rima
1030 1264 1056 1286 et
1077 1258 1278 1295 formosissima,
1301 1259 1353 1288 sihi
1367 1260 1491 1298 quaesivit
1509 1271 1638 1292 uxorem;
1661 1269 1686 1291 et

944 1302 1052 1332 inventa
1065 1310 1104 1332 est
1126 1304 1235 1339 Esther,
1256 1305 1364 1334 natione
1376 1305 1480 1334 Judaea.
1498 1306 1540 1334 llli
1560 1314 1687 1346 cognatus

941 1356 997 1378 erat
1013 1349 1119 1378 nomine
1136 1350 1323 1379 Mardochaeus
1337 1361 1370 1379 ex
1389 1351 1542 1390 captivitate
1555 1363 1614 1390 quae
1636 1353 1688 1382 sub

941 1395 1050 1425 sedecia
1063 1396 1131 1424 facta
1147 1396 1233 1425 fuerat
1243 1397 1272 1425 in
1285 1396 1378 1425 eadem
1392 1397 1509 1436 regione.
1526 1398 1586 1427 Rex
1599 1399 1688 1437 itaque

941 1451 1003 1469 cum
1023 1440 1162 1470 extulisset
1182 1452 1293 1470 suornm
1314 1442 1458 1481 quemdam
1481 1444 1614 1473 Amanum
1639 1455 1687 1474 no-

942 1487 1024 1524 mine,
1033 1487 1150 1526 jusserat
1161 1488 1239 1517 illum
1249 1489 1284 1517 ab
1294 1489 1420 1518 omnibus
1429 1489 1547 1518 adorari.
1560 1490 1614 1520 Sed
1626 1502 1687 1520 cum

943 1533 1130 1563 Mardochaeus
1148 1535 1277 1574 religione
1294 1546 1355 1574 erga
1376 1537 1464 1564 Deum
1480 1543 1579 1573 motus,
1599 1537 1687 1567 homi·

943 1590 1003 1608 nem
1012 1590 1064 1609 non
1074 1580 1213 1617 adoraret,
1224 1591 1279 1610 rem
1293 1581 1403 1620 indigne
1418 1582 1481 1611 tulit
1492 1584 1577 1611 Aman
1586 1606 1593 1619 ‚
1609 1594 1685 1613 cum-

942 1637 994 1664 que
1003 1626 1141 1655 didicisset
1151 1627 1239 1666 ipsum
1253 1638 1309 1656 esse
1318 1627 1445 1657 Judaeum
1454 1639 1462 1665 3
1472 1630 1527 1667 regi
1539 1629 1684 1658 Artaxerxi

941 1671 1084 1711 persuadet
1098 1679 1127 1700 ut
1137 1672 1238 1711 scripto
1246 1673 1340 1712 jubeat
1352 1673 1491 1702 universos
1504 1673 1531 1702 in
1543 1685 1624 1713 regno
1636 1685 1684 1703 suo

943 1718 1051 1748 Judaeos
1068 1729 1121 1747 uno
1131 1718 1176 1747 die
1189 1719 1287 1748 mensis
1300 1718 1453 1748 duodecimi
1468 1720 1574 1759 penitus
1586 1728 1611 1750 et
1623 1722 1687 1750 fun-

942 1763 1016 1793 ditus
1034 1763 1128 1793 deleri.
1153 1765 1193 1793 Re
1208 1771 1342 1804 comperta
1356 1764 1560 1802 Mardochzms,
1576 1766 1647 1795 luxit
1661 1773 1687 1795 et

939 1810 1082 1849 jejunavit,
1095 1816 1174 1848 atque
1185 1810 1304 1839 Estlierae
1314 1809 1387 1839 misit
1400 1821 1496 1850 rogans
1507 1821 1585 1850 opem
1594 1811 1684 1841 ferret.

943 1857 1040 1886 Esther
1053 1857 1143 1895 itaque
1163 1856 1308 1896 praemissis
1325 1856 1430 1896 jejunio
1446 1864 1471 1885 et
1487 1857 1686 1896 precationibus

942 1901 976 1930 ad
989 1903 1088 1939 Deum,
1103 1901 1229 1931 muliebri
1241 1912 1269 1931 se
1280 1901 1381 1930 mundo
1396 1902 1518 1932 ornavit:
1534 1913 1581 1932 nec
1594 1911 1687 1934 vocata

942 1955 1039 1987 (neque
1050 1948 1120 1977 enim
1132 1955 1187 1977 erat
1196 1948 1300 1977 licitum
1315 1958 1367 1977 non
1378 1949 1478 1978 vocatis
1491 1948 1566 1978 adire
1577 1954 1687 1989 regem),

942 2002 1056 2024 attamen
1070 1994 1179 2024 intravit
1190 1994 1224 2023 ad
1239 2005 1339 2034 regem,
1355 2005 1407 2023 non
1420 2001 1571 2034 exspectata
1585 2002 1687 2036 tempo-

943 2042 979 2070 ris
996 2040 1205 2080 opportunitate,
1226 2050 1335 2079 sperans
1355 2040 1533 2080 precationem
1553 2049 1684 2081 opportu-

945 2087 1035 2116 nitatis
1052 2087 1110 2116 loco
1124 2087 1251 2115 futuram.
1272 2088 1342 2116 Cum
1354 2088 1505 2116 autem'rex
1519 2087 1686 2117 insolentiam

945 2133 1007 2162 facti
1026 2133 1180 2169 miraretur,
1197 2132 1245 2161 illa
1264 2132 1291 2160 in
1305 2139 1404 2161 terram
1417 2143 1472 2172 prm
1485 2139 1558 2161 metu
1569 2133 1686 2172 collapsa

944 2186 992 2208 est.
1008 2180 1043 2208 At
1054 2178 1124 2217 regis
1133 2177 1299 2207 iracundiam
1317 2179 1389 2207 Deus
1402 2178 1429 2207 in
1443 2189 1551 2207 suavem
1563 2181 1687 2208 affectum

947 2232 974 2255 et
983 2224 1214 2254 mansuetudinem
1226 2225 1351 2261 mutavit,
1364 2225 1399 2253 ita
1412 2231 1442 2253 ut
1450 2235 1561 2263 surgens
1572 2233 1688 2264 prostra-

944 2278 997 2300 tam
1012 2271 1089 2300 illam
1103 2270 1227 2310 erigeret,
1250 2277 1276 2299 et
1295 2277 1395 2299 metum
1415 2281 1512 2309 ponere
1526 2271 1686 2303 hortaretur,

943 2317 997 2346 imo
1011 2317 1146 2357 optionem
1157 2316 1232 2345 daret
1248 2315 1354 2355 petendi
1372 2315 1506 2353 quidquid
1520 2315 1613 2344 vellet.
1637 2315 1686 2343 Illa

944 2371 974 2393 ut
984 2374 1033 2393 rex
1043 2374 1106 2393 cum
1121 2365 1223 2391 Amano
1237 2361 1271 2390 ad
1283 2361 1438 2390 convivium
1453 2371 1532 2389 suum
1545 2361 1637 2389 venire
1647 2360 1686 2388 di-

943 2417 1080 2450 gnaretur,
1103 2420 1154 2438 non
1170 2409 1268 2443 semel,
1282 2407 1329 2436 sed
1350 2407 1465 2435 secundo
1478 2417 1585 2444 quoque
1598 2407 1682 2445 petiit.

943 2460 1027 2486 Aman
1039 2467 1094 2496 prae
1106 2455 1203 2495 gaudio
1213 2456 1252 2483 eff
1252 2465 1315 2482 usus
1325 2463 1354 2481 ac
1365 2452 1488 2491 gestiens,
1507 2451 1580 2489 quod
1588 2451 1693 2490 dignus·

945 2503 1085 2533 haberetur
1099 2513 1113 2530 a
1128 2501 1218 2540 regina
1238 2499 1336 2535 vocari,
1350 2498 1438 2527 adhuc
1451 2497 1570 2536 amplius
1590 2497 1686 2527 adver-
