1890 2826
91 290 157 310 fidem
166 288 235 309 adde-

93 326 126 341 ret
150 321 217 342 DeuS.

85 1305 170 1327 nauh.
183 1306 207 1329 8.

88 1344 93 1358 Ι
103 1344 122 1358 1.

90 2314 111 2336 3,
125 2315 181 2344 neg.
194 2313 228 2336 13.

240 190 291 226 86
582 200 610 223 S.
639 199 780 222 JOANNIS
806 198 987 222 CHRYSOST·
1020 198 1174 223 Ancmm’.
1202 201 1475 225 CONSTANTlNOP.

244 264 363 293 maxime
385 262 420 292 ad
441 262 492 291 Dei
511 262 688 301 cognitionem
710 260 775 290 utile
795 266 862 290 erat.
883 261 989 290 Verum

245 310 383 349 quoniam,
402 317 432 339 ut
442 316 502 338 ante
514 309 590 342 dixi,
606 307 746 348 prophetia
761 317 814 336 non
825 306 917 336 eodem
930 306 988 346 ipso

243 364 363 397 tempore
376 367 455 385 suum
469 357 571 386 exitum
585 355 714 384 habebam
727 353 773 383 sed
784 354 866 383 verba
878 352 987 392 quidem

242 410 306 433 tunc
318 403 534 443 proferebantur,
545 411 587 430 res
601 407 690 430 autem
703 406 765 440 post
777 398 906 428 diuturna
924 398 987 427 inde

241 457 362 489 tempora
373 449 475 477 exitum
485 448 617 477 habiturae
631 452 782 482 erant,cum
790 445 847 485 jam
860 444 986 474 nonnulli

241 507 276 525 ex
303 496 336 525 iis
361 495 409 534 qui
436 494 592 530 audierant,
617 503 686 534 saepe
707 499 820 522 mortem
844 491 983 527 obiissent,

241 552 289 571 nec
302 542 451 582 potuissent
469 541 503 570 de
517 540 651 570 dictorum
665 545 762 570 eventu
772 538 907 579 judicare,
921 538 984 568 vide

240 587 307 626 quid
328 588 405 617 faciat
431 594 455 616 et
477 587 605 616 moliatur
627 587 710 615 Deus.
725 585 895 625 Prophetiam
919 595 982 624 pro-

240 633 339 673 phetiis
367 633 515 671 connectit;
528 632 561 661 iis
587 643 645 671 quae
667 639 728 673 post
750 632 861 671 longum
879 638 984 671 tempus

239 686 369 708 eventura
383 686 479 716 essent,
494 690 552 708 eam
565 678 644 718 cujus
657 679 746 708 exitus
757 689 840 718 prope
853 685 920 715 erat,
935 688 984 717 per

239 736 297 754 eam
311 735 371 764 quae
384 724 432 754 illa
444 725 470 754 in
485 725 654 764 generatione
664 725 768 754 exitum
777 723 903 753 habitura
914 731 981 762 erat,
999 721 1017 744 Β

239 771 273 800 iis
286 781 403 810 quorum
419 778 528 801 eventus
542 778 602 812 post
615 771 776 801 diuturnum
787 777 892 811 tempus
906 771 981 799 futu-

237 828 286 846 rus
304 824 370 853 crat,
385 818 531 847 maximam
552 817 635 847 fidem
652 817 762 847 faciens.
779 817 812 846 In
836 817 983 856 evangeliis

238 870 327 892 autem
340 863 391 892 hoc
405 863 529 894 utilitatis
549 874 633 903 genus
651 864 704 893 alio
718 863 798 893 modo
811 870 916 900 tractat,
931 863 983 892 mi-

238 909 329 938 racula
340 910 491 950 prophetiis
502 910 642 951 copulans,
653 909 731 939 aliud
744 909 797 939 alio
809 909 979 939 confirmans.

237 957 366 997 Exempli
384 968 464 986 causa
476 970 483 986 z
496 957 605 986 accessit
615 956 761 996 aliquando
772 956 810 986 ad
821 967 884 985 eum
894 955 982 995 lepro-

236 1014 293 1040 sus,
304 1011 330 1033 et
348 1004 494 1034 mundatus
516 1011 565 1041 est,
579 1015 609 1034 ac
623 1011 683 1044 post
706 1004 785 1033 illum
799 1014 893 1033 rursus
914 1014 983 1044 puer

236 1050 400 1079 centurionis
417 1062 431 1079 a
450 1050 527 1089 gravi
546 1050 594 1079 illo
616 1050 710 1080 morbo
730 1049 859 1079 liberatus
879 1057 929 1086 est,
942 1049 979 1079 si-

235 1106 340 1135 gnaque
358 1095 414 1126 haec
433 1107 528 1136 magna
542 1103 617 1126 erant
628 1109 634 1126 :
645 1103 670 1125 et
682 1103 769 1125 tamen
790 1106 842 1126 non
856 1097 883 1125 in
898 1096 981 1136 signis

235 1143 318 1178 stetit,
330 1142 377 1172 sed
394 1150 421 1172 et
435 1143 603 1183 prophetiam
621 1143 728 1184 adjecit.
745 1144 817 1181 Quia
831 1143 902 1173 enirn
916 1153 979 1173 cen—

232 1188 307 1217 turio
320 1188 506 1218 admirandam
519 1189 596 1218 illam
608 1196 633 1219 et
646 1199 770 1229 magnam
785 1190 944 1219 exhibuerat
951 1190 981 1219 fi-

1039 259 1126 301 ψῆφου
1139 263 1224 291 ταῦτα
1239 262 1352 303 ἑκάτερα
1365 262 1496 303 γίγνεται·
1511 263 1577 304 ὅπερ
1588 263 1681 298 αὐτοὺς
1703 264 1739 294 τὰ
1762 265 1815 304 μί-

1038 317 1116 344 γιστα
1130 309 1167 341 εἰς
1181 308 1337 348 θεογνωσίαν
1359 309 1465 349 ὠφέλει.
1480 309 1550 339 Ἀλλ’
1570 310 1676 347 ἐπειδὴ,
1694 311 1814 351 καθάπερ

1037 352 1083 382 καὶ
1096 353 1241 395 ἔμπροσθεν
1267 355 1347 396 ἔφθην
1373 356 1470 392 εἰπὼν,
1496 359 1514 392 ἡ
1539 357 1688 397 προφητεία
1714 359 1762 387 οὐκ
1786 359 1813 387 ἐν

1038 400 1110 440 αὐτῷ
1123 402 1162 441 τῷ
1175 404 1260 442 καιρῷ
1288 401 1337 438 ἰ-ὴν
1363 402 1495 436 ἀπόδειξιν
1509 398 1581 442 εἶχεν
1592 425 1601 439 ,
1624 403 1693 433 ἀλλὰ
1706 403 1741 433 τὰ
1765 404 1812 444 μὲν

1039 445 1147 484 ῥήματα
1158 446 1218 476 τότε
1233 446 1353 487 ἐλέγετο,
1367 447 1401 477 τὰ
1413 448 1442 478 δὲ
1455 449 1602 488 πράγματα
1612 454 1722 489 μακροῖς
1733 449 1813 480 ὕστε-

1038 501 1081 531 ρον
1095 491 1204 531 ἔμελλον
1213 493 1373 530 ἐκὸἤσεσθαι
1386 494 1499 534 χρόνοις,
1511 494 1587 524 ἐνίων
1598 497 1650 525 τῶν
1664 495 1812 526 ἀκουόντων

1035 537 1162 572 πολλάκις
1175 539 1220 568 καὶ
1235 540 1493 581 προαπερχομένων,
1510 542 1556 571 καὶ
1569 543 1599 571 οὔ
1613 542 1764 581 δυναμένων
1773 543 1812 572 δι-

1035 583 1117 614 κάσαι
1127 587 1162 624 τῇ
1173 587 1225 615 τῶν
1237 586 1386 626 λεγομένων
1401 587 1559 627 ἇκουλουθίᾳ
1567 609 1575 623 ,
1587 588 1636 628 ὅρα
1644 587 1671 617 τί
1681 592 1752 618 ποιεῖ
1765 588 1811 618 καὶ

1034 630 1247 670 πραγματεύεται
1255 634 1270 661 ὁ
1283 632 1360 666 Θεός.
1377 633 1546 673 Προφητείαν
1561 634 1735 674 προφητείαις
1747 647 1810 664 συν-

1035 675 1131 714 άπτει,
1159 677 1333 718 μακροτέραις
1351 676 1511 719 ἐγγυτέραν,
1533 679 1582 716 τὴν
1597 680 1642 710 ἐπὶ
1657 682 1704 716 τῆς
1717 686 1810 721 γενεᾶς

1035 723 1121 751 αὐτῶν
1134 722 1290 762 γειναμένην
1313 726 1366 753 τῶν
1389 728 1401 741 “
1416 725 1516 766 μακρὸν
1542 725 1650 766 ὕστερον
1675 726 1809 766 ἐσομένων

1035 768 1163 807 μεγίστην
1175 769 1306 804 ἀπόδειξιν
1325 771 1514 811 παρεχόμενος.
1536 772 1602 802 Ἐπὶ
1616 773 1644 802 δὲ
1655 775 1708 802 τῶν
1727 775 1808 813 εὐαγ-

1033 813 1127 849 γελίων
1146 814 1191 845 καὶ
1214 815 1309 856 ἑτέρως
1324 817 1459 855 μεθοδεύει
1474 817 1546 847 τουτὶ
1560 821 1608 854 τῆς
1625 819 1754 858 ὠφελείας
1776 819 1808 849 τὸ

1033 855 1117 895 εἶδος,
1131 859 1251 900 θαύματα
1261 862 1434 902 προφητείαις
1455 863 1612 900 συνάπτων,
1631 865 1677 894 καὶ
1697 865 1807 906 θάτερον

1033 906 1134 946 θατέρῳ
1160 907 1368 943 κατασκευάζων.
1397 905 1462 938 Οἷόν
1488 922 1514 939 τι
1547 910 1617 950 λέγω
1626 923 1633 929 ·
1657 912 1807 950 προσῆλθεν

1033 953 1106 991 αὐτῷ
1115 954 1129 981 ὁ
1141 951 1236 993 λεπρός
1249 964 1314 983 ποτε
1325 977 1333 990 ,
1353 954 1399 984 καὶ
1413 956 1562 995 ε’καθάρθης
1575 956 1620 985 καὶ
1636 959 1693 996 μετ’
1707 959 1805 988 ἐκεῖνον

1032 997 1112 1028 πάλιν
1125 1001 1140 1028 ὁ
1151 1001 1197 1028 τοῦ
1210 999 1402 1040 ἑκατοντάρχου
1418 1005 1480 1034 παῖς
1496 1002 1639 1042 ἀπηλλάγη
1653 1005 1702 1038 τῆς
1720 1005 1806 1044 χαλε-

1031 1047 1085 1080 πῆς
1099 1043 1246 1085 α’ρῤωστίας
1252 1045 1364 1082 ἐκείνης,
1377 1046 1423 1076 καὶ
1435 1051 1534 1086 σημεῖα
1545 1051 1628 1077 ταῦτα
1643 1049 1747 1088 μεγάλα
1757 1045 1804 1085 ἦν·

1031 1091 1090 1119 ἀλλ’
1115 1090 1186 1129 ὅμως
1199 1092 1248 1120 οὐκ
1266 1090 1329 1128 ἔστη
1354 1091 1434 1132 μέχρι
1448 1094 1500 1122 τῶν
1514 1093 1632 1132 σημείων
1643 1117 1651 1132 ,
1675 1095 1744 1125 ἀλλὰ
1757 1096 1803 1125 καὶ

1030 1137 1191 1178 προφητείαν
1203 1137 1395 1178 προστέθεικεν.
1422 1139 1534 1175 Ἐπειδὴ
1555 1139 1607 1180 γὰρ
1619 1143 1633 1170 ὃ
1648 1142 1803 1182 ἑκατόνταρ-

1030 1195 1076 1223 χος
1096 1183 1146 1220 τὴν
1165 1183 1317 1223 θαυμαστὴν
1339 1184 1442 1221 ἐκείνην
1455 1185 1500 1215 καὶ
1515 1186 1634 1225 μεγάλην
1652 1187 1802 1222 ἐπεδείξατο

235 1235 308 1272 dem,
325 1247 377 1275 qua
392 1247 506 1276 puerum
518 1237 552 1266 ab
565 1236 726 1276 aegritudine
734 1236 844 1276 eripuit,
853 1238 909 1266 haec
919 1237 979 1266 sub·
996 1234 1014 1257 C
1030 1229 1120 1259 πίστῑν
1131 1251 1139 1265 1
1162 1230 1195 1259 ὃ(
1209 1225 1242 1265 ἧς
1252 1229 1296 1259 τὸν
1318 1231 1400 1260 παῖδα
1414 1230 1551 1267 ἀπήλλαξε
1565 1234 1612 1268 τῆς
1634 1233 1800 1275 affuerim„

234 1282 305 1311 didit
329 1283 453 1312 Christus
466 1296 471 1312 :
484 1284 576 1313 Multi
594 1285 631 1312 ab
657 1285 768 1312 oriente
782 1290 810 1312 et
832 1284 981 1313 occidente

235 1330 367 1365 venient,
379 1335 407 1358 et
422 1331 588 1358 recumbent
601 1339 666 1358 cum
680 1329 938 1365 Abraham,lsaac
952 1337 980 1359 et

233 1376 338 1410 Jacob,
339 1376 403 1416 filii
424 1382 523 1405 autem
537 1379 619 1416 regni
638 1377 792 1416 ejicientur·
811 1382 905 1406 extra.
917 1378 980 1407 Haec

233 1432 315 1461 porro
326 1421 443 1459 dicebat,
456 1429 481 1451 et
495 1423 614 1461 gentium
629 1422 777 1452 Ecclesiam
787 1429 813 1452 et
822 1422 980 1453 Judaeorum

234 1469 447 1508 reprobationem
481 1470 680 1509 praeniintians;
704 1469 778 1508 quod
801 1469 880 1500 etiam
909 1481 981 1500 nunc

233 1525 313 1554 opere
337 1515 500 1554 completum
527 1522 577 1552 est,
599 1522 624 1544 et
650 1515 707 1545 sole
730 1515 830 1545 clarius
855 1517 980 1546 omnibus

233 1560 395 1590 exhibetur:
408 1560 455 1590 sed
473 1568 537 1590 tunc
559 1561 705 1590 obscurum
725 1568 792 1597 erat,
808 1569 834 1591 et
845 1563 880 1591 ab
894 1563 981 1593 inere-

233 1605 307 1635 dulis
326 1616 378 1635 non
400 1607 479 1636 facile
510 1606 713 1636 admittebatur.
733 1607 852 1646 Ideoque
873 1608 980 1648 signum

233 1658 298 1681 tunc
319 1652 471 1682 exhibitum
495 1653 643 1693 praecessit,
658 1653 732 1692 quod
758 1654 871 1683 multam
898 1655 980 1685 fidem

234 1705 294 1727 ante
319 1698 433 1728 faciebat
457 1700 495 1728 rei
523 1706 614 1739 postea
635 1706 769 1729 eventurae
785 1701 979 1739 :quemadmo—

234 1747 301 1776 dum
321 1754 346 1776 ct
361 1747 418 1787 ipsa
440 1747 592 1788 prophetia,
607 1758 666 1786 quae
683 1758 754 1777 nunc
768 1759 849 1789 opere
861 1750 980 1790 comple-

1029 1275 1161 1315 ἐπήγαγεν
1180 1277 1195 1304 ὁ
1216 1275 1328 1315 Χριστὸς
1350 1275 1449 1316 λέγων·
1475 1277 1575 1306 Πολλοὶ
1590 1278 1643 1307 ἀπὸ
1666 1280 1802 1309 ἀνατολῶν

1029 1321 1074 1350 καὶ
1089 1322 1194 1360 δυσμῶν
1205 1321 1304 1358 ἥξουσι,
1315 1322 1360 1352 καὶ
1371 1322 1590 1358 ἀνακλιθήσονται
1601 1324 1669 1362 μετὰ
1680 1325 1802 1365 Ἀὅραὰμ

1028 1366 1074 1397 καὶ
1093 1366 1186 1397 Ἰσαὰκ
1210 1367 1255 1397 καὶ
1270 1366 1368 1398 ’Ῑακὼὸ
1382 1390 1390 1403 ,
1415 1370 1439 1398 οἱ
1462 1369 1489 1398 δὲ
1517 1370 1567 1398 υἱοὶ
1589 1373 1637 1406 τῆς
1666 1372 1802 1410 βασιλείας

1029 1413 1238 1449 ἐκὸληθήσονται
1255 1413 1312 1448 ἔξω.
1327 1415 1421 1444 Ταῦτα
1444 1414 1471 1444 δὲ
1497 1414 1590 1455 ἔλεγε,
1611 1417 1656 1446 καὶ
1675 1417 1725 1454 τὴν
1747 1420 1800 1447 τῶν

1030 1460 1111 1489 ἐθνῶν
1124 1459 1286 1496 Ἐκκλησίαν
1307 1460 1352 1490 καὶ
1373 1460 1421 1496 τὴν
1443 1463 1495 1490 τῶν
1517 1462 1650 1492 Ἰουδαίων
1665 1464 1801 1500 ἀποὸολὴν

1029 1508 1225 1545 προαναφωνῶν
1234 1517 1241 1524 ·
1254 1505 1268 1535 ὃ
1280 1505 1311 1542 δὴ
1325 1509 1370 1535 νῦν
1383 1507 1427 1536 ἐπὶ
1438 1509 1490 1536 τῶν
1506 1508 1588 1547 ἔργων
1600 1508 1685 1545 ἐξέὸη,
1697 1510 1743 1539 καὶ
1754 1514 1800 1540 τοῦ

1031 1551 1107 1587 ἦλίου
1119 1551 1298 1593 φανερώτερον
1318 1553 1401 1583 ἅπασι
1421 1554 1566 1583 δείκνυται·
1581 1555 1649 1584 ἀλλὰ
1663 1556 1723 1586 τότε
1735 1557 1801 1591 τέως

1030 1598 1126 1634 ἄδηλον
1140 1594 1173 1635 ἦν
1182 1621 1190 1634 ,
1204 1598 1314 1633 καὶτοῖς
1328 1599 1447 1633 ἀπίστοις
1459 1602 1507 1630 οὐκ
1521 1602 1725 1641 εὐπαράδεκτον.
1748 1603 1800 1633 Διὰ

1030 1643 1062 1680 δὴ
1077 1647 1154 1673 τοῦτο
1165 1649 1273 1684 σημεῖον
1286 1645 1416 1685 προέλαὸε
1427 1645 1457 1675 τὸ
1476 1646 1534 1675 τότε
1551 1647 1646 1683 ἓκὸὰν,
1669 1651 1708 1689 τῷ
1732 1650 1800 1688 μετὰ

1028 1693 1112 1719 ταῦτα
1127 1690 1320 1731 συμὸησομένῳ
1344 1691 1445 1727 πολλὴν
1467 1691 1727 1733 ι’προαποτιθέμενον
1751 1695 1800 1732 τὴν

1028 1735 1118 1766 πίστιν
1127 1748 1133 1755 ·
1155 1737 1244 1777 ὥσπερ
1257 1732 1300 1766 οῧν
1314 1737 1361 1766 καὶ
1373 1737 1440 1773 αὐτὴ
1468 1741 1483 1773 ἡ
1509 1740 1669 1779 προφητεία,
1690 1741 1734 1770 ἐπὶ
1747 1744 1800 1771 τῶν

235 1801 295 1830 tur,
311 1794 388 1834 signo
406 1802 469 1824 tunc
486 1795 555 1824 facto
573 1805 696 1834 magnam
716 1796 817 1835 praebet
836 1796 979 1826 confirma-
995 1788 1013 1811 υ
1030 1781 1113 1821 ἔργων
1127 1782 1269 1822 φαινομένη
1292 1785 1350 1818 '3⁹'
1372 1785 1410 1823 τῷ
1425 1784 1528 1824 σημείῳ
1542 1787 1580 1825 τῷ
1593 1786 1652 1815 τότε
1667 1787 1800 1828 γενομένῳ

235 1840 344 1870 tionem.
359 1840 434 1877 Quid
451 1840 550 1870 dixerit
571 1841 748 1870 incredulus?
762 1852 794 1870 an
819 1843 980 1872 mundatum

236 1897 289 1916 non
303 1887 384 1916 fuisse
404 1887 538 1927 leprosum
547 1887 561 1915 3'
581 1887 718 1927 Respiciat
731 1887 758 1916 in
772 1889 918 1928 prophetiae
933 1900 980 1920 ve-

236 1933 353 1969 ritatem,
366 1940 395 1962 ut
405 1932 452 1961 illa
462 1939 598 1972 perspecta
608 1933 683 1971 signo
697 1933 778 1962 fidem
789 1933 896 1964 habeat.
905 1936 980 1972 Quid

238 1987 318 2017 porro
341 1977 458 2007 dixerint
482 1977 524 2006 illi
545 1985 609 2007 tunc
631 1978 739 2008 Judaei?
753 1989 786 2008 an
802 1990 832 2008 ea
854 1991 913 2019 quae
933 1982 981 2012 ille

236 2023 398 2063 praedicebat
415 2034 468 2053 non
487 2034 543 2053 esse
564 2024 648 2053 vera?
666 2025 822 2065 Respiciant
842 2026 980 2066 leprosum

236 2069 407 2107 mundatum,
420 2077 446 2099 et
457 2081 491 2099 ex
503 2070 632 2100 beneficio
650 2070 691 2099 illi
709 2071 804 2101 collato
818 2073 916 2103 futuris
926 2085 980 2104 non

237 2123 333 2155 negent
343 2115 502 2153 fidem‚cum
512 2116 660 2145 maximum
672 2116 713 2144 illi
723 2117 871 2157 prophetiae
881 2120 980 2159 pignus

237 2163 398 2203 acceperint,
417 2173 513 2202 nempe
532 2162 684 2202 signum‚ut
704 2163 829 2192 hodierni
852 2165 922 2204 signi
935 2166 979 2206 pi-

237 2218 306 2248 gnus
321 2208 489 2248 prophetiam
519 2208 628 2237 hahent.
645 2208 890 2248 Viden’quomodo
912 2212 979 2241 alte-

238 2265 300 2284 rum
319 2255 402 2283 altero
426 2255 618 2284 confirmetur?
641 2254 719 2284 Illud
739 2256 818 2285 etiam
838 2257 865 2286 in
887 2259 980 2287 Veteri

239 2301 409 2330 Testamento
425 2300 518 2330 videre
538 2301 662 2337 est.Quia
676 2301 748 2330 enim
763 2302 906 2332 Jeroboam
920 2314 981 2343 gra·
998 2306 1014 2328 ¹⁴¹·

240 2347 350 2378 vissima
370 2346 418 2375 illa
434 2346 537 2376 insania
559 2346 706 2385 laboravit,
726 2354 752 2377 et
771 2348 870 2378 vitulas
889 2360 981 2380 aureas

276 2446 287 2458 n
304 2437 393 2464 Morel.
407 2442 433 2462 et.
444 2438 505 2471 Reg.
518 2442 607 2473 μακρὸν
626 2440 726 2472 ὕστερον.
740 2439 818 2466 Savil.
828 2448 924 2476 μακρῶν
936 2444 1000 2468 ὔστε-

242 2489 290 2514 ρον,
301 2483 326 2502 et
336 2478 361 2502 in
369 2477 480 2510 margine
487 2475 619 2509 legendum
629 2483 701 2502 notat
710 2484 802 2514 μακρὰν
811 2483 912 2515 ὕστερον,
924 2490 999 2514 quarn

242 2518 375 2543 lectionem
384 2516 533 2549 praeferrem,
550 2517 569 2540 si
582 2516 685 2549 alicujus
693 2518 841 2550 exemplaris
850 2522 999 2545 auctoritate

241 2556 382 2582 fulciretur.
401 2555 477 2580 Paulo
490 2560 547 2588 post
559 2559 595 2582 ἐπὶ
606 2558 630 2581 δὲ
648 2562 692 2581 τῶν
711 2560 844 2589 εὐαγγελὲων
863 2563 900 2584 καὶ
918 2562 999 2594 ἑτέρως

240 2598 354 2628 μεθοδεύῃ
367 2599 428 2622 τουτὶ
443 2601 483 2625 τῆ,-
494 2598 601 2630 ὠρελείας
617 2599 643 2622 τὸ
656 2597 719 2625 εἶδος.
734 2595 809 2621 Circa
825 2606 912 2623 vocem
928 2604 999 2632 peoo-

1029 1827 1131 1864 πολλὴν
1144 1828 1255 1868 παρέχει
1273 1828 1321 1864 τὴν
1345 1828 1493 1867 βεὸαίωσιν.
1516 1830 1552 1859 Τί
1572 1831 1623 1871 γὰρ
1642 1832 1673 1861 ἂν
1693 1833 1762 1862 εἴποι
1783 1835 1800 1862 ὁ

1030 1873 1151 1909 ἄπιστος
1171 1874 1211 1904 ὅτι
1225 1876 1272 1904 οὐκ
1283 1874 1413 1914 ἐκαθάρθη
1436 1877 1449 1903 ὁ
1468 1877 1577 1916 λεπρός;
1604 1878 1730 1907 Βλεπέτω
1752 1882 1800 1915 τῆς

1030 1919 1190 1959 προφητείας
1210 1919 1259 1955 τὴν
1272 1920 1411 1956 ἀλήθειαν,
1429 1921 1473 1950 καὶ
1489 1922 1540 1951 ἀπὸ
1554 1923 1652 1960 ταύτης
1673 1923 1737 1953 οκαὶ
1759 1927 1798 1965 τῷ

1029 1965 1131 2005 σημείῳ
1141 1965 1294 1995 πιστευέτω.
1312 1965 1348 1995 Τί
1362 1966 1390 1995 δὲ
1402 1966 1433 1995 ἂν
1445 1967 1542 1997 εἴποιεν
1556 1971 1580 1998 οἱ
1590 1969 1649 1998 τότε
1662 1969 1798 2006 Ἰουδαῖοι;

1029 2011 1069 2041 ὅτι
1083 2011 1100 2040 ἃ
1114 2011 1237 2051 προλέγει
1251 2012 1299 2041 οὐκ
1314 2012 1383 2041 ἔστιν
1407 2014 1493 2048 ἀληθῆ
1501 2025 1509 2049 ;
1524 2014 1682 2055 Ὁράτωσαν
1695 2017 1740 2046 τὸν
1751 2018 1799 2046 λε-

1029 2057 1094 2097 πρὸν
1106 2057 1307 2097 καθαιρόμενον,
1327 2058 1371 2087 καὶ
1386 2059 1438 2088 ἀπὸ
1451 2061 1504 2089 τῶν
1518 2062 1560 2090 ἐπ’
1577 2061 1677 2091 ἐκείνου
1690 2063 1799 2102 γενομέ-

1029 2114 1079 2132 νων
1090 2102 1135 2133 καὶ
1148 2103 1209 2142 περὶ
1219 2105 1271 2132 τῶν
1286 2104 1434 2142 μελλόντων
1456 2105 1493 2144 μὴ
1514 2107 1708 2137 ἀπιστείτωσαν
1718 2130 1726 2144 ,
1749 2108 1799 2147 με’-

1028 2163 1116 2191 γιστον
1127 2151 1305 2191 λαμὸείνοντες
1318 2153 1440 2193 ἐνέχυρον
1452 2156 1546 2184 ἐκεῖνοι
1559 2155 1606 2194 μὲν
1620 2158 1668 2192 τῆς
1692 2168 1799 2196 προφη-

1030 2201 1269 2240 τείαςτὸσημεῖον,
1293 2205 1317 2231 οἱ
1332 2203 1359 2232 δὲ
1374 2207 1417 2232 νῦν
1433 2208 1478 2234 τοῦ
1493 2205 1604 2244 σημείου
1626 2205 1674 2242 τὴν
1694 2218 1797 2246 προφη-

1031 2253 1112 2282 τείαν.
1126 2248 1202 2286 Εἶδες
1217 2254 1274 2286 πῶς
1294 2253 1402 2294 θάτερον
1421 2255 1464 2284 διὰ
1475 2255 1585 2296 θατέρου
1605 2257 1800 2291 κατασκευάζε-

1031 2314 1088 2339 ται;
1113 2302 1256 2332 Τοῦτον-αὶ
1269 2302 1312 2332 ἐπὶ
1323 2306 1370 2339 τῆς
1389 2306 1511 2339 Παλαιᾶς
1528 2305 1664 2345 γινόμενον
1689 2307 1740 2337 ἴδοι
1761 2318 1800 2340 τις

1033 2351 1074 2382 ἄν.
1103 2352 1180 2382 Ἐπεὶ
1193 2352 1244 2393 γὰρ
1255 2353 1300 2382 καὶ
1322 2355 1335 2382 ὁ
1350 2353 1490 2394 Ἱεροὸοὰμ.
1504 2355 1552 2392 τὴν
1563 2356 1684 2396 χαλεπὴν
1698 2357 1799 2393 ἐκείνην

1049 2445 1117 2470 δεύειν
1126 2442 1184 2469 vide
1193 2452 1247 2477 qum
1256 2452 1330 2476 supra
1339 2444 1447 2470 diximus
1465 2445 1490 2471 in
1507 2453 1567 2471 nota
1582 2447 1692 2480 quadam
1703 2448 1737 2473 nd
1747 2449 1802 2473 110-

1049 2482 1143 2507 miliam
1153 2484 1178 2508 in
1184 2483 1299 2508 Genesim
1309 2485 1350 2514 4⁴,
1361 2485 1435 2509 Tom.
1449 2486 1473 2516 3,
1487 2495 1512 2518 p.
1526 2488 1584 2511 412.

1081 2523 1095 2541 Ι·
1112 2521 1187 2547 Savil.
1200 2526 1413 2557 προαποτιθὲμενος.
1431 2525 1491 2562 Reg.
1507 2530 1697 2561 npoznon'Onpw.
1711 2527 1798 2553 Mor-et.

1049 2566 1074 2586 et
1086 2561 1218 2585 unvai-icus
1226 2566 1441 2596 προαποτιθέμενον,
1454 2572 1509 2595 quae
1520 2573 1576 2590 vera
1586 2570 1624 2590 est.
1634 2564 1717 2590 lectio.

1081 2607 1091 2620 ²
1109 2601 1168 2633 Reg.
1179 2604 1216 2626 καὶ
1227 2608 1271 2626 τῶν
1282 2606 1378 2633 σημείων
1388 2607 1517 2629 πιστευέτω.
