1890 2826
659 201 704 224 DE
731 198 904 223 PERFECTA
931 200 1097 224 CARITATE
1104 216 1110 223 .

110 265 142 294 τὰ
153 264 291 304 λεγόμενα.
302 264 348 293 Ἐν
357 263 459 303 οὖρανῷ
467 262 528 302 γὰρ,
538 263 574 296 ὥς
580 260 654 302 ἔφην,
663 265 740 292 τοῦτο
750 261 875 302 πεφύτευ-

109 323 153 340 ται
165 311 195 340 τὸ
208 310 297 351 φυτόν.
309 309 379 339 Ἀλλ’
393 308 439 338 ἐὰν
453 308 581 347 θέλωμεν,
594 307 640 337 καὶ
654 309 718 348 παρ’
733 310 799 346 ἡμῖν
813 307 877 337 αὖτὸ

109 359 265 396 φυτευθῆναι
281 355 399 385 δυνατόν.
413 354 465 384 Διὰ
484 356 561 383 τοῦτο
578 354 630 395 γὰρ
643 354 819 394 ἐδιδάχθημεν
833 353 877 383 λέ-

1601 192 1669 236 543

931 261 1025 301 ligant.
1041 264 1072 292 In
1086 263 1150 292 caelo
1169 274 1299 303 namque,
1315 271 1345 294 ut
1355 263 1414 293 dixi
1426 286 1433 300 ‚
1449 264 1505 293 haec
1519 265 1609 304 planta
1623 264 1672 293 ha-

931 309 1020 338 betur.
1031 308 1114 339 Sedsi
1124 309 1301 348 voluerimus,
1313 310 1341 340 in
1353 310 1431 340 nobis
1442 311 1522 340 etiarn
1532 310 1578 339 illa
1592 311 1672 340 inseri

931 362 1026 395 potest.
1041 354 1105 384 Ideo
1116 356 1186 385 enim
1199 355 1314 386 instituti
1325 367 1417 386 sumus
1431 364 1460 386 ut
1472 357 1593 386 dicamus
1601 357 1674 386 Patri

108 414 163 441 γειν
177 402 242 443 πρὸς
261 402 305 432 τὸν
325 403 352 431 ἐν
370 403 488 442 οὐρανοῖς
505 399 626 441 Πατέρα’
642 399 783 436 Γενηθήτω
796 399 827 428 τὸ
837 398 878 428 θέ-

108 449 183 488 λημά
197 461 244 478 σου
257 449 284 478 ἐν
298 449 401 488 οὐρανῷ
412 446 457 477 καὶ
471 446 515 476 ἐπὶ
527 448 575 482 τῆς
581 448 641 486 γῆς.

149 494 196 530 Μὴ
210 493 296 524 τοίνυν
316 492 443 523 ἃδῦνατον
455 486 522 522 εἶναι
542 491 692 532 νομίσωμεν
706 490 737 520 τὸ
758 493 876 520 τοιοῦτον

110 540 205 580 ἀγαθὸν
217 540 375 576 κτήσασθαι.
388 539 505 569 Δυνατὸν
519 538 580 579 γὰρ,
590 539 671 571 ὄντως
680 536 797 573 δυνατὸν,
809 537 835 566 εἴ
845 548 876 575 γε

110 585 258 625 βουλόμεθα
276 585 367 626 νήφειν
375 598 382 604 ·
395 587 429 617 οὗ,
439 588 517 615 τοῦτο
532 584 559 614 δὲ
572 583 650 624 μόνον
660 606 668 620 ,
680 582 749 612 ἀλλὰ
763 582 810 612 καὶ
821 587 875 611 πᾶ-

109 643 159 661 σαν
171 633 336 671 κατορθῶσαι
356 631 402 668 τὴν
417 631 523 671 ἀρετήν.
538 628 705 669 Αὖτεξουσίῳ
715 628 767 668 γὰρ
780 639 875 668 προαι-

931 403 974 432 illi
988 403 1035 442 qui
1049 403 1126 432 estin
1139 404 1210 433 caelis
1227 416 1233 432 :
1250 406 1320 434 Fiat
1335 405 1475 434 voluntas
1493 411 1544 433 tua
1558 405 1590 432 in
1602 404 1673 433 coelo
1685 417 1768 439 Mam„
1781 416 1804 439 6.

931 457 959 479 et
972 452 1003 479 in
1013 457 1100 480 terra.
1686 454 1723 470 ¹⁰·

971 498 1000 526 5.
1023 497 1064 525 Ne
1077 507 1140 536 ergo
1154 504 1278 537 putemus
1295 508 1347 527 non
1370 508 1448 538 posse
1460 508 1508 527 nos
1517 497 1675 537 hujusmodi
1699 505 1780 529 Libero
1791 514 1826 529 21·-

930 543 1032 572 bouum
1046 543 1192 582 possidere.
1201 545 1348 573 Possumus
1357 545 1441 580 enim,
1450 554 1512 573 vere
1521 552 1672 583 possumus,
1684 539 1763 591 ¹s⁷¹¹¹fiffi
1783 545 1827 585 ⁰⁰}

931 589 954 619 si
963 589 1076 619 velimus
1085 589 1234 630 advigilare
1242 602 1250 628 ς
1262 601 1348 629 neque
1355 591 1407 620 hoc
1416 597 1530 626 tantum,
1540 589 1588 619 sed
1595 588 1674 619 etiam
1685 578 1728 623 1:12·
1735 578 1828 629 ”giiii-⁵1¹-

931 646 1038 665 omnem
1057 646 1179 665 exercere
1198 636 1337 666 virtutem.
1353 636 1452 666 Libero
1473 636 1545 666 enim
1565 635 1675 665 arbitrio
1686 639 1773 654 ‘'mu‘-

110 676 181 717 ρέσει
199 677 402 718 κυὸερνώμεθα,
426 677 472 706 καὶ
495 678 546 717 οὐχ
569 674 730 716 εἱμαρμένης
756 674 858 714 ἀνάγκῃ
869 695 877 708 ,

109 724 178 754 κατὰ
189 723 274 762 τινὰς,
287 724 448 763 ὓποκείμεθα
459 746 467 761 ,
483 724 509 752 ἐν
521 724 560 763 τῷ
579 723 663 752 θέλειν
676 721 720 751 καὶ
735 720 773 760 μὴ
793 720 877 750 θέλειν

109 769 252 809 ὁριζόμενοι
271 770 317 800 καὶ
337 770 372 799 τὰ
395 769 465 799 καλὰ
486 771 589 799 κεῖσθαι
606 768 652 798 καὶ
665 767 699 797 τὰ
721 766 800 796 κακά.
825 765 878 795 Διὰ

109 818 185 846 τοῦτο
197 815 249 856 γὰρ
263 818 277 846 ὁ
290 816 359 850 Θεὸς
372 815 417 846 καὶ
432 814 566 855 βασιλείαν
578 813 723 854 ὑπέσχετο,
735 813 781 842 καὶ
793 824 877 851 τιμω-

109 862 167 901 ρίαν
179 862 332 899 ἠπείλησεν.
344 863 404 892 Οὔκ
424 862 456 891 ἃν
476 861 503 891 δὲ
524 865 578 894 τοῖς
605 860 706 900 ἀνάγκῃ
731 858 878 897 δεδεμένοις

109 908 191 942 οὕτως
203 908 325 945 ἐποίησε·
338 911 392 938 τῶν
411 907 462 948 γὰρ
476 907 529 937 ἀπὸ
550 906 658 946 γνώμης
670 906 813 945 γινομένων
828 907 875 934 ἀν-

109 954 206 988 τίδοσίς
219 956 288 985 ἔστιν
303 953 445 994 ἑκατέρων.
467 955 526 983 Οὐκ
547 953 578 982 ἂν
595 952 690 991 νόμους
711 951 813 986 ἔθηκεν,
830 951 877 979 οὔκ

110 1000 140 1029 ἂν
153 1000 321 1040 παραινέσεις
333 999 438 1035 ἔδωκεν,
453 1001 476 1028 εἷ
489 1000 593 1038 δεσμοῖς
605 996 767 1036 εἱμαρμένης
781 1007 875 1035 κεκρα-

109 1046 218 1086 τημένοι
231 1042 308 1086 ἦμεν.
322 1047 392 1076 Ἀλλ’
408 1045 499 1081 ἐπειδὴ
523 1043 653 1083 ἐλεύθεροί
667 1045 756 1080 ἐσμεν,
771 1041 816 1070 καὶ
830 1043 877 1076 τῆς

110 1092 176 1125 ἰδίας
191 1091 369 1132 προαιρέσεως
387 1091 489 1130 κύριοι,
503 1090 548 1120 καὶ
562 1090 615 1118 ἀπὸ
629 1088 676 1127 μὲν
695 1086 823 1127 ῥᾳθυμίας
834 1099 871 1126 γι-

110 1136 207 1175 νόμεθα
221 1137 331 1176 φαῦλοι,
347 1135 399 1164 ἀπὸ
423 1134 449 1163 δὲ
465 1134 581 1169 σπουδῆς
599 1132 730 1173 χρηστοὶ,
743 1131 787 1160 διὰ
800 1134 877 1159 τοῦτο

110 1184 194 1210 ταῦτα
212 1179 388 1211 κατεσκεύασε
400 1179 434 1208 τὰ
448 1178 590 1219 φάρμακα,
600 1179 638 1217 τῷ
653 1176 726 1216 φόΕῳ
737 1178 784 1211 τ’ἧς
795 1175 877 1204 κολά-

109 1238 176 1260 σεως
195 1226 242 1256 καὶ
262 1228 296 1266 τῇ
310 1224 456 1266 προσδοκίᾳ
467 1226 515 1259 τῆς
541 1222 676 1263 βασιλείας
698 1221 877 1261 διορθούμενος

110 1275 198 1311 ἡμᾶς,
210 1272 256 1302 καὶ
278 1273 426 1312 φιλοσοφεῖν
441 1269 582 1299 παιδεύων.
606 1270 666 1298 Οὐκ
687 1268 717 1296 ἐκ
736 1266 834 1296 τούτων
849 1266 876 1295 δὲ

112 1318 199 1357 μόνον,
209 1317 277 1347 ἀλλὰ
286 1318 331 1347 καὶ
339 1317 365 1352 ἐξ
375 1313 411 1347 ὧν
424 1319 500 1356 ἡμεῖς
508 1314 583 1345 αὐτοὶ
590 1316 727 1352 ποιοῦμεν,
736 1312 877 1348 δῆλον,“ὅτι

109 1363 168 1393 οὔτε
184 1363 346 1404 εἱμαρμένη,
360 1362 420 1392 οὔτε
433 1362 502 1402 τύχη
512 1384 520 1399 ,
532 1360 592 1390 οὔτε
614 1359 724 1399 γένεσις,
738 1357 797 1386 οὔτε
819 1356 876 1396 δρό-

110 1422 158 1448 μος
172 1409 288 1450 ἀστέρων
306 1409 340 1438 τὰ
364 1409 422 1438 καθ’
440 1410 512 1446 ἡμᾶς
531 1407 633 1436 διοικεῖ.
648 1406 683 1434 Εἰ
704 1403 756 1444 γὰρ
779 1405 876 1432 ἐκεῖθεν

109 1457 224 1496 ἤρτηται
235 1455 270 1485 τὰ
282 1454 407 1495 γινόμενα
418 1453 520 1490 πάντα,
529 1452 574 1482 καὶ
586 1452 615 1481 οὔ
630 1453 678 1486 τῆς
698 1449 877 1490 προαιρέσεως

108 1505 161 1532 τῶν
174 1502 329 1542 ἀνθρώπων,
349 1501 418 1534 τίνος
435 1500 522 1530 ἕνεκεν
541 1502 679 1538 μαστιγοῖς
699 1497 744 1526 τὸν
771 1494 876 1530 οἰκέτην

109 1549 272 1589 κεκλοφότας
287 1547 365 1581 τίνοςι
381 1546 467 1576 ἕνεκεν
478 1547 673 1585 ’μοιχευθεῖσαν
691 1541 740 1578 τὴν
765 1545 877 1580 γυναῖκα

111 1597 147 1628 εἷς
167 1593 334 1634 δικαστήριον
357 1593 460 1627 ἕλκεις
474 1591 542 1624 τίνος
560 1590 645 1619 ἕνεκεν
662 1587 775 1627 αἰσχύνῃ
790 1586 877 1627 πράτ-

110 1652 162 1669 των
176 1639 210 1669 τὰ
221 1639 322 1675 ἄτοπα;
337 1637 405 1671 τίνος
423 1637 510 1667 ἕνεκεν
531 1635 590 1665 οὐδὲ
611 1634 646 1663 τὰ
668 1633 774 1673 ῥήματα
792 1632 878 1672 φέρεις

111 1685 311 1724 ὀνειδιζόμενος,
334 1685 392 1713 ἄλλ’
416 1682 460 1712 ἐάν
485 1681 525 1714 τίς
550 1691 579 1710 σε
604 1679 704 1718 καλέσῃ
733 1678 835 1718 μοιχὸν,
859 1676 876 1711 ἢ
906 1693 910 1700 ·

111 1732 219 1772 πόρνον,
231 1730 249 1766 ἢ
264 1730 390 1769 μέθυσον,
405 1728 423 1764 ἤ
444 1740 471 1756 τι
484 1729 609 1762 τοιοῦτον,
622 1725 698 1764 ὅὸριν
722 1724 752 1752 τὸ
766 1729 877 1763 πρᾶγμα

111 1778 214 1812 καλεῖς
225 1776 260 1805 Εἰ
273 1774 324 1814 γὰρ
339 1773 376 1813 μὴ
390 1775 437 1808 τῆς
457 1773 505 1807 σῆς
522 1769 632 1809 γνώμης
656 1768 686 1797 τὸ
708 1767 878 1807 ἁμαρτάνειν,

110 1823 169 1854 οὔτε
179 1823 302 1861 ἔγκλημα
316 1819 346 1849 τὸ
364 1818 508 1859 γινόμενον,
519 1817 578 1846 οὔτε
589 1815 663 1855 ῧὸρις
677 1815 707 1844 τὸ
729 1813 877 1853 λεγόμενον.

110 1871 166 1900 Νῦν
183 1867 269 1898 δὲκαὶ
291 1867 324 1895 δι’
351 1861 387 1895 ὧν
402 1867 456 1897 τοῖς
476 1861 669 1902 ἁμαρτάνουσιν
695 1861 724 1889 οὗ
747 1858 878 1898 συγγινώ-

110 1927 197 1950 σκεις,
211 1913 256 1944 καὶ
274 1914 307 1943 δι’
323 1907 359 1941 ὧν
374 1910 450 1943 αὖτὸς
464 1907 577 1948 αἰσχύνῃ
591 1906 625 1936 τὰ
650 1905 720 1935 κακὰ
743 1905 877 1944 πράττων,

109 1963 154 1991 καὶ
165 1959 302 1990 λανθάνειν
316 1956 484 1990 σπουδάζεις,
498 1953 543 1983 καὶ
558 1954 590 1982 δι’
613 1947 650 1981 ὧν
663 1951 723 1984 τοὺς
737 1950 822 1979 ταῦτά
835 1961 877 1978 σοι

109 2005 286 2047 προφέροντας
304 2001 430 2042 ὗὸριστὰς
450 1999 578 2039 νομίζεις,
590 1997 634 2027 διὰ
655 1996 761 2027 πάντων
780 1996 878 2034 ὁμολο-

111 2057 177 2091 γεῖς,
188 2052 229 2082 8τι
243 2052 291 2080 οὐκ
305 2049 406 2088 ἀνάγκῃ
419 2045 522 2076 δέδεται
533 2044 568 2074 τὰ
582 2043 714 2083 ἡμέτερα,
729 2042 798 2072 ἀλλὰ
813 2053 877 2081 προ-

112 2097 234 2137 αιρέσεως
242 2095 375 2136 ἕλευθερίᾳ
386 2093 536 2133 τετίμηται.
547 2093 610 2124 Τοῖς
617 2092 680 2130 γοῦν
688 2089 789 2128 ἀνάγκῃ
799 2100 879 2118 κατε-

110 2143 231 2184 χομένοις
246 2140 433 2181 συγγινώσκειν
440 2139 559 2177 οἴδαμεν.
569 2136 626 2166 Κᾶν
640 2135 692 2165 ὑπὸ
706 2134 826 2173 δαίμονός
839 2146 879 2168 τις
905 2167 907 2169 ¹

932 681 1130 720 gubernamur,
1154 692 1239 721 neque
1259 682 1307 711 fati
1327 681 1492 716 necessitati,
1515 687 1545 710 ut
1565 680 1677 719 quidam

932 733 1042 766 putant,
1058 726 1218 767 subjicimur
1230 750 1238 764 ,
1260 738 1323 757 cum
1343 727 1483 756 definitum
1505 727 1539 755 sit
1558 733 1588 755 ut
1608 726 1678 755 intra

932 772 1003 802 velle
1016 779 1042 802 et
1054 773 1127 802 nolle
1138 772 1209 802 bona
1229 773 1334 803 malave
1346 772 1396 801 sita
1410 772 1472 802 sint.
1486 772 1550 801 Ideo
1564 782 1679 810 namque

932 819 1006 847 Deus
1016 824 1042 847 et
1055 828 1168 858 reguum
1188 818 1322 858 promisit,
1338 825 1364 847 et
1377 817 1541 857 supplicium
1562 817 1678 845 minatus

931 870 979 893 est.
1004 864 1086 903 Atqui
1107 863 1137 893 id
1156 874 1304 902 numquam
1327 864 1423 904 egisset
1443 874 1504 901 erga
1526 862 1679 892 necessitate

932 909 1054 940 vinctos:
1066 920 1127 939 nam
1140 920 1233 939 eorum
1244 920 1303 948 quae
1313 921 1347 939 ex
1360 909 1497 939 voluntate
1506 909 1583 945 fiunt,
1597 908 1676 937 alter-

932 962 991 984 utra
1013 966 1070 984 sors
1091 955 1181 984 datur.
1197 957 1353 993 Numquam
1374 955 1446 994 leges
1467 954 1614 994 posuisset,
1630 964 1678 983 nec

931 1002 1032 1031 monita
1046 1001 1180 1037 dedisset,
1195 1002 1218 1030 si
1231 1011 1279 1031 nos
1295 1001 1342 1030 fati
1355 1001 1472 1031 vinculis
1485 1000 1675 1029 detineremur.

931 1046 986 1076 Sed
1000 1048 1063 1086 quia
1078 1047 1157 1076 liberi
1168 1054 1275 1083 sumus,
1289 1047 1427 1086 nostrique
1436 1046 1541 1075 arbitrii
1554 1045 1675 1081 domini,

931 1100 1011 1131 atquc
1031 1103 1066 1122 ex
1086 1093 1192 1131 ignavia
1212 1092 1303 1132 pravi,
1326 1103 1414 1131 exque
1434 1091 1524 1121 studio
1538 1098 1565 1120 et
1580 1098 1677 1121 conatu

930 1139 993 1168 boni
1017 1139 1152 1168 efficimur
1161 1162 1169 1174 ‚
1192 1139 1292 1169 idcirco
1325 1139 1382 1167 haec
1408 1138 1526 1167 remedia
1552 1138 1675 1178 paravit,

931 1195 1025 1224 nempe
1045 1192 1118 1214 metu
1140 1185 1268 1225 supplicii
1282 1195 1312 1214 ac
1326 1195 1372 1224 spe
1386 1184 1462 1224 regni
1474 1195 1522 1213 nos
1536 1183 1658 1213 emendat
1667 1206 1674 1219 ‚

931 1238 956 1259 et
969 1230 1004 1260 ad
1018 1229 1269 1270 philosophandum
1289 1230 1415 1259 instituit.
1431 1231 1526 1268 Neque
1539 1229 1602 1258 hinc
1615 1236 1677 1258 tan-

929 1283 988 1306 tum
998 1299 1006 1313 ,
1019 1276 1066 1306 sed
1086 1276 1166 1305 etiam
1180 1286 1214 1305 ex
1228 1276 1279 1312 iis,
1293 1286 1352 1315 quae
1367 1285 1415 1304 nos
1430 1275 1482 1315 ipsi
1497 1276 1602 1315 agimus
1614 1299 1622 1313 ‚
1639 1276 1675 1305 li-

930 1328 1007 1361 quet,
1021 1332 1107 1360 neque
1120 1322 1216 1357 satum,
1231 1331 1318 1360 neque
1329 1322 1465 1350 fortunam
1477 1344 1484 1358 ,
1499 1332 1586 1360 neque
1599 1332 1676 1361 genc-

930 1368 993 1404 sim,
1006 1377 1092 1406 neque
1103 1377 1212 1396 cursum
1233 1373 1366 1395 astrorum
1386 1373 1475 1395 nostra
1493 1377 1593 1406 regere.
1607 1368 1677 1396 Nam

930 1414 953 1443 si
965 1413 1028 1442 hinc
1038 1413 1153 1453 pendent
1166 1412 1257 1441 omnia
1266 1422 1326 1451 quae
1339 1418 1481 1452 geruntur,
1496 1422 1549 1441 non
1561 1420 1651 1442 autem
1662 1424 1677 1441 a

931 1460 1017 1489 libero
1037 1459 1178 1488 homiuum
1198 1458 1328 1494 arbitrio,
1351 1469 1401 1488 cur
1422 1458 1541 1497 flagellas
1567 1469 1675 1488 servum

930 1507 1049 1535 furatum
1057 1505 1071 1534 Ξ)
1082 1516 1131 1534 cur
1140 1504 1290 1534 adulteram
1302 1514 1415 1533 uxorem
1428 1504 1461 1533 ad
1476 1505 1564 1534 forum
1573 1505 1676 1534 trahis?

932 1562 980 1580 cur
999 1557 1026 1580 te
1045 1550 1145 1590 pudet,
1166 1559 1228 1578 cum
1253 1549 1369 1579 absurda
1393 1550 1550 1589 perpetras?
1570 1560 1623 1588 qua
1644 1549 1677 1578 dc

932 1607 1013 1626 causa
1025 1605 1062 1626 ne
1078 1596 1160 1625 verba
1180 1595 1290 1634 quidem
1310 1595 1521 1635 vituperantium
1541 1595 1656 1625 sustines
1667 1618 1674 1632 ‚

932 1643 979 1672 sed
998 1643 1021 1671 si
1042 1642 1103 1680 quis
1122 1648 1148 1671 te
1168 1641 1321 1678 moechum,
1343 1647 1390 1670 aut
1409 1641 1612 1677 fornicatorem,
1630 1649 1676 1671 aut

933 1688 1078 1722 ebriosum,
1094 1687 1139 1716 vel
1152 1686 1220 1725 quid
1234 1686 1323 1715 simile
1342 1693 1429 1723 vocet,
1446 1685 1475 1714 id
1488 1687 1676 1716 contumeliam

932 1731 1073 1773 appellas?
1083 1733 1152 1761 Nam
1166 1731 1188 1760 si
1200 1741 1253 1760 non
1266 1741 1300 1760 ex
1314 1737 1362 1760 tuo
1375 1731 1487 1760 arbitrio
1498 1742 1591 1770 peccas
1603 1755 1610 1768 ,
1625 1743 1674 1761 nec

932 1780 1032 1808 crimen
1056 1777 1107 1807 erit
1127 1776 1201 1816 quod
1221 1776 1332 1813 feceris,
1355 1786 1403 1806 nec
1422 1777 1582 1806 contumelia
1602 1778 1674 1816 quod

932 1823 1047 1853 dicatur.
1073 1824 1153 1853 Nunc
1177 1829 1265 1851 autem
1286 1829 1312 1852 et
1331 1822 1405 1861 quod
1429 1822 1602 1862 peccantibus
1622 1834 1675 1853 non

932 1881 1028 1911 parcas
1038 1893 1046 1908 ‚
1059 1876 1085 1899 et
1097 1868 1170 1908 quod
1186 1878 1298 1909 peccans
1318 1869 1474 1906 erubescas,
1491 1875 1517 1898 et
1528 1869 1610 1898 latere
1622 1880 1674 1899 cu—

934 1926 989 1952 res,
1001 1922 1027 1945 et
1036 1914 1110 1954 quod
1118 1914 1324 1944 contumeliosos
1335 1921 1412 1953 putes
1425 1924 1481 1949 eos,
1494 1915 1541 1953 qui
1556 1914 1612 1944 haec
1624 1915 1675 1944 tibi

932 1961 1096 2001 exprobrant
1109 1972 1116 1989 ε
1133 1960 1175 1989 his
1188 1967 1258 1989 certe
1271 1959 1397 1988 omnibus
1418 1959 1552 1989 confiteris
1562 1983 1569 1996 ,
1584 1967 1675 1990 nostra

933 2018 986 2036 non
999 2006 1150 2036 necessitate
1169 2006 1258 2036 vincta
1278 2016 1350 2037 esse,
1363 2005 1410 2035 sed
1427 2006 1532 2035 arbitrii
1553 2006 1676 2037 libertate

932 2053 1031 2082 ornari.
1043 2052 1083 2082 Iis
1096 2058 1166 2082 certe
1175 2051 1223 2090 qui
1236 2051 1388 2080 necessitate
1401 2050 1557 2080 detinentur
1565 2062 1673 2091 parcere

931 2100 1059 2128 solemus.
1072 2099 1100 2129 Si
1114 2097 1174 2136 quis
1187 2108 1203 2126 a
1215 2097 1335 2126 daemone
1348 2097 1463 2136 agitatus
1474 2119 1482 2134 ‚
1495 2104 1542 2126 aut
1556 2098 1673 2127 tunicam

933 2152 1049 2175 nostram
1069 2144 1214 2183 discerpat,
1228 2150 1274 2173 aut
1294 2142 1387 2183 plagas
1407 2143 1514 2180 inferat,
1530 2153 1582 2173 non
1595 2144 1675 2173 modo

111 2186 310 2229 ἂχλούμῑνοςνῆ
324 2186 368 2215 τὸν
381 2186 483 2226 χιτῶνα
500 2182 626 2224 &aptatu
641 2181 687 2211 τὸν
705 2180 843 2221 ἡμέτερον,
859 2179 876 2215 ἢ
933 2201 986 2220 non
997 2190 1153 2220 ulciscimur
1172 2200 1245 2227 eum,
1259 2188 1305 2219 sed
1319 2188 1399 2218 etiam
1419 2188 1579 2219 miseramur
1598 2190 1675 2228 eique

111 2234 215 2272 πληγὰς
227 2232 365 2271 ἐπενέγκῃ,
380 2233 409 2260 ὠ
423 2230 500 2270 μόνον
511 2231 540 2259 0¹⁹³
555 2229 699 2265 κολάζομεν
713 2226 802 2263 αὐτὸν,
810 2226 879 2255 ἀλλὰ
890 2249 924 2268 tm
933 2236 1079 2276 parcimus.
1090 2237 1179 2274 Quare
1187 2235 1201 2264 Ρ
1215 2235 1286 2272 Quia
1297 2244 1350 2263 non
1361 2234 1466 2263 arbitrii
1488 2235 1613 2271 libertas,
1629 2235 1674 2264 sed

110 2280 156 2310 καὶ
177 2280 300 2317 ἐλεοῦμεν
322 2276 367 2306 καὶ
382 2275 603 2315 συγῖῑνώσκῦμεν·
624 2273 661 2303 Τί
684 2273 796 2309 δήποτεὶ
813 2271 878 2301 Ὅτι
898 2277 915 2299 ¹⁴⁸
934 2283 1062 2313 daemonis
1082 2281 1209 2312 violentia
1222 2282 1280 2310 haec
1293 2287 1400 2321 operata
1421 2287 1470 2309 est.
1484 2282 1578 2319 Itaque
1589 2282 1611 2310 si
1622 2281 1675 2310 alia

111 2328 161 2366 οὐχ
172 2327 189 2361 ἢ
204 2327 251 2360 τῆς
265 2321 442 2363 πρθωρέσεως
463 2319 608 2360 ἐλευθερίαν
621 2320 679 2348 ἀλλ’
692 2321 708 2354 ἦ
725 2321 771 2348 τοῦ
785 2317 878 2356 δαίμο·
933 2330 1012 2360 etiam
1022 2330 1128 2370 peccata
1149 2338 1183 2358 ex
1202 2327 1249 2356 fati
1270 2326 1424 2356 necessitate
1443 2333 1673 2366 perpetrarentur,

111 2388 154 2410 νος
163 2376 210 2414 βία
220 2377 303 2404 ταῦτα
317 2372 467 2412 Εῗργάσατο·
479 2370 566 2401 “9⁶³2
576 2371 601 2399 ῑῖ
615 2370 660 2399 καὶ
669 2370 702 2398 τὰ
717 2369 786 2398 ἄλλα
795 2369 879 2408 ἆμαρ·
935 2376 1132 2416 ignosceremus
1142 2373 1235 2412 utique
1245 2384 1253 2409 ;
1263 2373 1326 2411 quia
1339 2382 1400 2400 vero
1412 2372 1510 2400 scimus
1523 2371 1569 2400 illa
1581 2381 1632 2400 non
1642 2381 1676 2399 ex

114 2425 220 2466 νήματα
235 2424 287 2454 ἀπὸ
303 2425 350 2458 τῆς
365 2422 482 2461 ἀνάγκης
495 2422 542 2456 τῆς
555 2419 624 2450 κατὰ
646 2419 695 2455 τὴν
723 2417 884 2458 εἱμαρμένην
936 2420 1089 2450 necessitate
1108 2418 1260 2460 proficisci,
1275 2417 1334 2446 ideo
1349 2427 1396 2445 nec
1406 2416 1465 2445 heri
1485 2416 1593 2444 famulis
1612 2426 1677 2455 par-

113 2477 226 2516 ἐγίνετο,
238 2474 401 2513 συνέγνωμεν
427 2471 473 2500 ἄν·
496 2470 606 2505 ’ἐπειδὴ
622 2469 649 2498 δὲ
663 2468 750 2507 ἴσμεν,
773 2467 815 2498 ὅτι
837 2469 885 2498 οὐκ
938 2474 1017 2505 cunt,
1032 2477 1080 2496 nec
1094 2466 1147 2497 viri
1159 2464 1306 2501 uxoribus,
1322 2472 1370 2491 nec
1384 2471 1480 2491 uxores
1492 2461 1576 2498 viris,
1592 2471 1677 2500 neque

149 2573 160 2586 ⁸
180 2565 250 2596 nme,
263 2566 338 2594 ἱπιιδὴ
351 2566 375 2590 ἃ
388 2566 459 2596 rofam,
470 2560 560 2586 desunt
572 2560 597 2585 in
606 2557 680 2584 Colb.

1471 2597 1518 2626 23.
