1890 2826
86 2319 186 2350 Gen.49.
199 2316 221 2340 5.

233 210 274 231 22

228 268 305 298 ordio
327 274 482 308 praesentem
504 277 652 297 sermonem
673 266 779 307 incipit.
794 267 887 306 Neque
910 266 972 296 ideo

228 321 347 351 tantum,
362 313 408 343 sed
422 315 486 354 quia
499 321 686 353 argumentum
697 335 705 351 ,
719 313 754 343 de
771 323 825 353 quo
847 312 972 352 loquutu-

228 371 275 390 rus
287 367 345 397 est,
360 361 440 400 longo
458 359 543 400 spatio
567 359 648 388 distat
659 370 674 388 a
688 358 912 399 praecedentibus,
924 369 970 388 su-

228 406 392 446 blimiusque
405 413 452 435 est.
468 405 532 445 Agit
544 405 616 434 enim
639 404 674 434 de
687 405 807 445 gentium
821 405 970 441 vocatione,

228 451 262 482 de
284 452 481 493 praedicationis
501 451 629 487 adventu,
645 450 679 480 de
698 450 846 491 cognitione
865 461 915 491 per
933 457 974 479 to-

229 505 288 528 tum
299 499 392 528 orbem
404 505 521 534 extensa,
533 497 604 527 etde
616 507 680 537 paee
691 497 784 527 orbem
797 503 971 538 occupatura.

230 544 310 581 Quod
318 544 341 573 si
349 544 383 573 de
390 544 490 573 talibus
496 550 657 573 tractaturus
664 542 972 584 dogmafibusJudaeam

230 598 255 620 et
271 591 419 621 Jerusalem
439 597 585 628 memorat,
599 589 670 620 nihil
683 589 795 620 mirum.
810 589 893 628 Quod
903 590 975 620 enim

230 637 370 666 dicebatur
380 636 520 677 prophetia
533 642 600 673 erat,
614 636 657 665 his
666 635 806 666 nominum
817 636 974 677 appellatio-

231 684 310 713 nibus
321 683 490 713 adumbrata.
501 682 728 722 Quandoquidem
736 682 828 713 David
839 682 975 713 Psalmum

230 730 458 770 septuagesimum
471 730 591 769 primum
609 729 815 770 compositurus,
831 727 911 758 illum
925 729 976 758 Sa-
992 732 1009 755 E

232 777 331 806 lomoni
354 777 506 816 inscripsit,
530 783 556 806 et
580 786 739 816 progressus
763 775 843 815 longe
873 775 975 815 majora

231 822 382 852 Salomonis
392 821 532 862 dignitate,
543 823 598 851 imo
609 822 700 862 potius
710 827 766 851 tota
778 821 920 851 hominum
929 832 975 850 na-

192 893 198 899 .
232 875 291 898 tura
314 868 393 899 vidit.
409 868 485 898 Illud
505 868 588 906 enim,
607 868 690 898 Ante
710 868 806 898 solum
826 874 977 908 permanet

234 927 337 947 nomen
349 917 423 956 ejus,
439 922 476 949 et,
493 916 578 945 Ante
592 916 694 945 lunam
708 916 830 946 thronus
842 917 904 956 ejus
916 938 923 951 ,
939 916 978 944 si—

234 964 373 1002 miliaque,
389 973 467 992 nemo
479 963 560 992 etiam
580 972 615 992 ex
627 962 859 1003 insipientioribus
879 962 979 992 dixerit

187 1031 192 1037 .
234 1010 268 1039 de
281 1010 399 1039 humana
412 1016 507 1039 natura
520 1008 691 1049 pronuntiata
705 1008 797 1038 fuisse.
812 1008 896 1039 Jacob
910 1018 978 1047 quo-

221 1067 297 1096 ·que,
313 1066 375 1086 cum
387 1055 454 1091 haec,
470 1065 529 1094 quae
543 1064 616 1084 nunc
627 1053 752 1084 dicturus
765 1060 804 1083 est
816 1054 910 1091 isaias,
925 1054 980 1083 imo

233 1103 275 1132 his
286 1103 366 1143 plura
377 1101 592 1142 praenuntiabat;
607 1110 669 1130 nam
687 1110 750 1130 cum
762 1100 883 1140 gentium
898 1110 979 1130 voea-

232 1149 306 1179 tione
320 1154 434 1177 mortem
445 1147 527 1176 etiam
543 1154 569 1176 et
582 1146 803 1176 resurrectionem
815 1145 896 1184 dixit,
910 1151 979 1175 tem-

233 1204 338 1235 pusque
349 1203 403 1232 quo
417 1193 427 1232 [
439 1193 565 1223 Christus
577 1193 588 1232 ]
599 1192 764 1222 adventurus
778 1198 834 1221 erat
841 1203 850 1230 ;
866 1202 920 1221 non
934 1199 979 1221 ta-

234 1251 294 1270 men
314 1240 362 1270 ille
378 1238 436 1269 haec
446 1238 519 1268 nude
529 1238 653 1279 protulit,
664 1237 712 1267 sed
724 1247 835 1278 persona
850 1244 876 1267 et
888 1238 978 1267 nomi-

233 1297 266 1317 ne
286 1285 352 1316 Filii
366 1285 408 1315 sui
426 1285 473 1314 illa
491 1285 617 1324 obtegens
636 1294 696 1323 quae
717 1283 841 1314 dicturus
853 1290 927 1320 erat,
941 1284 979 1312 sic

233 1331 441 1374 praenuntiavit,
457 1341 523 1371 quas
541 1341 573 1360 ea
591 1340 651 1369 quae
665 1329 744 1361 Judae
757 1337 885 1360 eventura
904 1337 980 1360 erant

234 1389 400 1418 memorans;
416 1385 445 1408 ut
469 1384 558 1407 autem
571 1387 663 1407 rerum
684 1383 795 1407 eventus
809 1377 976 1414 testificatur,

233 1436 294 1465 quae
316 1425 442 1455 Christus
464 1423 571 1464 egregie
591 1423 711 1453 facturus
731 1429 788 1452 erat
807 1422 978 1463 praedicebat.

234 1473 329 1510 Neque
339 1471 411 1501 enim
422 1471 440 1501 J
441 1469 508 1500 udas
520 1469 573 1499 fuit
580 1469 742 1509 exspectatio
753 1469 883 1509 gentium,
894 1479 980 1508 neque

234 1525 299 1548 tunc
318 1517 405 1548 tribus
425 1515 609 1556 resplenduit,
628 1526 691 1545 cum
712 1525 805 1544 eorum
828 1515 979 1554 respublica

233 1564 347 1602 defecit5
360 1562 407 1592 sed
416 1562 473 1592 haec
484 1562 574 1591 omnia
585 1568 650 1591 tunc
659 1567 731 1600 gesta
742 1567 815 1597 sunt,
826 1571 889 1590 cum
899 1561 979 1591 Chri-

233 1617 291 1639 stus
313 1609 432 1640 advenit.
448 1607 531 1646 Quod
552 1607 576 1637 si
597 1606 768 1647 impudenter
785 1613 865 1646 agant
879 1606 979 1645 Judaei,

234 1657 303 1685 hane
322 1654 471 1696 prophetiae
493 1655 579 1694 legem
598 1663 738 1693 perperam
757 1652 931 1692 explicantes,
947 1664 981 1682 ex

234 1702 268 1732 iis
282 1701 399 1731 maxime
421 1711 480 1740 quae
493 1700 565 1730 dicta
587 1705 650 1729 sunt
663 1698 742 1728 facile
755 1698 944 1735 confutaverit,
957 1699 981 1728 si

233 1748 295 1787 quis
305 1753 425 1777 accurate
435 1746 591 1787 prophetias
602 1744 751 1784 explicans,
762 1751 789 1773 et
799 1744 889 1773 omnia
899 1744 979 1775 verba
997 1735 1014 1758 B

234 1805 296 1824 cum
309 1794 399 1823 debita
414 1793 557 1823 attentione
571 1791 727 1821 examinans
736 1814 744 1828 ,
760 1790 831 1820 dicta
846 1791 920 1821 factis
935 1802 979 1820 ac-

234 1841 393 1872 commodet.
412 1841 457 1871 Ex
471 1839 619 1870 abundanti
632 1839 723 1878 itaque
735 1839 856 1879 ipsorum
868 1848 915 1867 ora
929 1838 979 1868 ob-

233 1895 337 1926 turans,
349 1898 403 1917 non
416 1898 451 1916 ex
469 1886 503 1916 iis
516 1896 576 1925 quae
589 1884 624 1915 de
637 1885 745 1915 Christo
757 1884 829 1914 dicta
845 1891 918 1922 sunt,
933 1883 981 1914 sed

233 1935 314 1964 exiis
331 1945 391 1973 quae
406 1940 469 1963 sunt
481 1932 516 1962 de
534 1931 695 1972 patriarchis
713 1931 835 1971 ipsorum
852 1941 978 1971 praenun-

233 1980 308 2018 tiata,
317 1979 370 2009 hoc
382 1979 470 2019 ipsum
480 1978 552 2008 clare
562 1977 744 2007 demonstrare
754 1977 882 2014 conabor,
895 1983 980 2006 osten-

232 2026 300 2055 dens
319 2036 353 2054 ex
373 2023 523 2065 prophetiis
545 2023 645 2053 multas
666 2022 752 2052 dictas
765 2022 848 2052 fuisse
870 2022 904 2052 de
929 2023 979 2052 tri-

232 2072 320 2102 buum
347 2069 580 2111 progenitoribus,
603 2069 631 2098 in
658 2078 806 2107 eorumque
835 2069 979 2109 nepotibus

233 2118 358 2158 impletas
384 2127 451 2146 esse.
478 2116 514 2146 Et
538 2114 656 2155 exempli
679 2125 759 2144 causa
785 2126 838 2144 una
861 2116 978 2146 alterave

233 2164 313 2193 allata
327 2162 451 2200 historia,
464 2173 521 2192 rem
535 2162 701 2202 propositam
713 2162 852 2202 attingam.
869 2163 978 2193 Etenim

233 2221 295 2240 cum
310 2211 470 2251 Symeonem
484 2215 510 2238 et
526 2208 594 2239 Levi
608 2214 726 2239 vocasset
740 2208 836 2246 Jacob,
849 2218 976 2249 praenun-

232 2257 301 2287 tians
313 2267 360 2295 ea,
375 2266 435 2295 quae
457 2255 523 2295 ipsis
542 2262 671 2285 eventura
690 2261 764 2284 erant
774 2277 782 2292 ‚
795 2254 834 2284 sic
847 2254 953 2285 dicebat
967 2267 974 2284 ε

232 2303 363 2342 Symeon
372 2308 400 2331 el
413 2302 484 2331 Levi
487 2301 615 2342 fratres,
628 2307 654 2329 ct
667 2300 786 2330 incusata
796 2300 908 2331 illorum
920 2301 974 2331 ini-
993 2310 1012 2334 c

266 2389 276 2401 e
295 2386 410 2415 Παρὸντος
421 2378 491 2404 dm:
506 2378 533 2403 in
544 2378 607 2411 Reg.
622 2383 648 2402 et
664 2377 741 2403 Savil.
756 2377 807 2403 Sed
822 2384 860 2404 est.
876 2378 902 2404 in
913 2380 1002 2406 Bava-v

234 2423 296 2446 rico.

266 2461 277 2475 ‘¹
294 2461 355 2493 Reg.
374 2464 414 2488 τῆς
433 2464 477 2485 τῶν
496 2460 613 2490 ὀνομάτων
624 2460 783 2491 προσηγορίας.
797 2456 897 2482 Alienus
909 2457 992 2492 legen-

234 2501 295 2526 dum
308 2504 382 2531 putat
389 2503 437 2527 ταῖς
445 2499 530 2524 τούτων
542 2503 587 2523 τῶν
595 2499 712 2527 ὀνομάτων
723 2501 889 2531 προσηγορίαις.

266 2546 276 2558 e
293 2537 379 2563 Morel,
387 2539 440 2563 ηρ,
449 2534 525 2562 Savil.
537 2536 594 2561 εἴδει
605 2533 647 2558 hic
655 2539 739 2558 autem
748 2535 773 2559 in
786 2536 898 2568 margine
909 2542 990 2569 notat,

236 2579 300 2604 forte
313 2576 446 2611 legendum
457 2583 510 2601 esse
526 2577 582 2603 εἶπε.
598 2572 698 2598 Alienus
709 2572 841 2606 legendum
853 2581 927 2608 putat
936 2579 975 2610 ᾖδε
983 2597 990 2610 ‚

233 2618 331 2647 cecinit,
346 2616 378 2641 ab
392 2618 466 2643 ἀείδω.

564 207 592 229 S.
621 205 761 229 JOANMS
787 205 970 230 CHRYSOST·
1003 205 1155 230 anctum).
1186 208 1454 234 CONSTANTINOP.

1024 272 1131 307 καιροῖς.
1153 268 1234 299 ΙΌθεν
1262 270 1307 299 καὶ
1333 272 1379 300 ἀπ’
1400 274 1486 313 ἀρχῆς
1512 273 1603 315 ἑτέρας
1628 275 1738 317 ἄρχεται
1751 280 1798 307 τοῦ

1024 313 1168 352 θπαρόντος
1191 315 1277 354 λόγου.
1300 317 1353 346 Καὶ
1365 319 1394 347 οὗ
1407 318 1450 347 διὰ
1463 321 1540 349 τοῦτο
1555 320 1648 359 μόνον,
1664 323 1732 353 ἀλλὰ
1754 324 1799 353 καὶ

1024 356 1067 386 διὰ
1080 357 1110 386 τὸ
1124 358 1172 394 τὴν
1196 360 1337 396 ὑπόθεσιν,
1359 362 1421 402 περὶ
1444 357 1476 399 ἧς
1501 363 1593 402 μέλλει
1615 366 1798 406 διαλέγεσθαι,

1025 404 1125 444 σφόδρα
1147 407 1317 446 ἀπηρτῆσθαι
1335 410 1388 438 τῶν
1400 410 1613 451 προειρημένων,
1635 412 1680 442 καὶ
1697 415 1801 454 ὑψηλο-

1027 449 1104 490 τέραν
1118 446 1193 480 εἶναι.
1207 452 1275 492 Περὶ
1296 453 1347 494 γὰρ
1361 457 1408 490 τῆς
1421 457 1474 485 τῶν
1499 458 1578 486 ἐθνῶν
1600 457 1735 496 κλήσεως,
1757 459 1802 489 καὶ

1025 497 1073 551 τῇς
1086 499 1132 525 τοῦ
1142 497 1310 537 κηρύγματος
1333 501 1516 541 περιφανείας,
1541 502 1586 532 καὶ
1605 505 1653 540 τῆς
1665 507 1802 545 πανταχοῦ

1026 553 1073 576 της
1086 542 1240 581 οἰκουμένης
1262 546 1415 582 ἐκταθείσης
1428 547 1566 586 γνώσεως,
1586 549 1632 579 καὶ
1646 552 1694 586 τῆς
1715 562 1803 580 κατα-

1026 588 1178 628 ληψομένης
1191 591 1238 626 τὴν
1253 593 1302 630 γῆν
1323 592 1428 632 εἰρήνης
1445 595 1510 633 ἡμῖν
1537 595 1697 635 διαλέγεται.
1724 597 1759 626 Εἰ
1775 595 1804 626 δὲ

1029 633 1132 673 μέλλων
1145 635 1269 665 τοιούτων
1291 637 1418 667 ἅπτεσθαι
1433 639 1571 679 δογμάτων
1580 664 1587 677 ,
1611 642 1741 676 Ἰουδαίας
1754 642 1804 682 μέ-

1030 691 1128 718 μνηται
1138 681 1183 710 καὶ
1197 681 1387 722 Ἰερουσαλὴμ,
1402 684 1471 718 ξένον
1483 687 1568 716 οὐδέν»
1583 686 1741 728 Προφητεία
1751 689 1804 729 γὰρ

1029 721 1061 762 ἦν
1075 726 1105 755 τὸ
1117 726 1256 766 λεγόμενον
1265 750 1273 764 ,
1288 731 1496 770 συνεσκιασμένη
1511 732 1576 766 τέως
1590 732 1603 750 ‘¹
1611 737 1669 768 ταῖς
1682 736 1736 763 τῶν
1747 736 1803 764 ὀνο-

1030 771 1120 810 μάτων
1137 774 1331 814 προσηγορίαις.
1349 776 1426 805 Έπεὶ
1437 776 1482 807 καὶ
1496 778 1540 807 τὸν
1549 777 1656 818 ’ψαλμὸν
1667 780 1712 809 τὸν
1726 780 1806 810 §680-

1031 818 1163 856 μηκοστὸν
1176 821 1281 859 πρῶτον
1293 823 1306 849 ὁ
1319 822 1403 850 Δαυὶδ
1411 823 1558 853 συντιθέναι
1571 824 1684 863 μέλλων,
1693 825 1808 866 ἐπέγρα-

1030 865 1076 903 ψεν
1090 864 1168 893 αὐτὸν
1181 867 1219 904 τῷ
1231 866 1385 905 Σολομῶντι
1394 890 1401 903 ,
1416 869 1460 898 καὶ
1478 870 1577 910 προῖὼν
1594 872 1686 911 πολλῷ
1700 871 1807 910 μείζονα

1030 911 1077 944 τῆς
1090 910 1261 949 Σολομῶντος
1285 912 1357 946 ἀξίας
1368 936 1375 949 ,
1403 916 1503 952 μᾶλλον
1519 916 1546 945 δὲ
1562 916 1607 946 καὶ
1620 918 1669 953 τῆς
1683 917 1806 947 ἁπάντων

1032 955 1174 996 ἀνθρώπων
1188 956 1288 996 φύσεως
1297 958 1379 998 εἴδεν.
1395 960 1435 989 Τὸ
1446 961 1497 1001 γὰρ
1506 983 1514 997 ,
1531 962 1589 1002 Πρὸ
1603 965 1649 991 τοῦ
1660 962 1735 998 ἡλίου
1750 964 1807 993 δια-

1031 1001 1102 1040 μένει
1115 1002 1145 1031 τὸ
1154 1003 1235 1042 ὄνομα
1250 1005 1344 1040 αὐτοῦ,
1360 1005 1420 1041 καὶ,
1435 1007 1494 1047 Πρὸ
1506 1009 1553 1043 τῆς
1567 1008 1680 1044 σελήνης
1692 1010 1706 1038 ὀ
1717 1009 1806 1049 θρόνος

1033 1049 1130 1085 αὐτοῦ,
1151 1049 1196 1078 καὶ
1208 1048 1259 1079 ὅσα
1273 1055 1394 1088 τοιαῦτα,
1414 1053 1497 1086 οὐδεὶς
1515 1053 1546 1082 ἂν
1567 1054 1626 1083 οὐδὲ
1640 1056 1693 1083 τῶν
1707 1054 1808 1096 σφόδρα

1033 1094 1152 1130 ἀνοήτων
1173 1095 1235 1136 περὶ
1264 1097 1428 1136 ἀνθρωπίνης
1455 1099 1524 1128 εἴποι
1550 1099 1674 1139 λέγεσθαι
1698 1101 1808 1141 φύσεως.

1032 1138 1101 1169 ’Καὶ
1128 1142 1142 1169 ὁ
1167 1141 1265 1171 Ἰακὼὸ
1285 1142 1328 1178 δὲ,
1351 1143 1430 1178 ἡνίκα
1444 1147 1542 1181 ταῦτα,
1571 1145 1588 1174 ἃ
1612 1145 1704 1185 μέλλει
1726 1150 1771 1176 νῦν
1794 1148 1809 1176 ὁ

1032 1185 1144 1220 Ἡσαΐας
1161 1187 1246 1227 λέγειν
1256 1210 1264 1224 ,
1288 1189 1332 1218 καὶ
1356 1190 1464 1220 πλείονα
1490 1191 1589 1221 τούτων
1613 1192 1793 1233 προανεφώνει
1802 1205 1809 1212 ·

1032 1232 1100 1280 μετὰ
1112 1232 1162 1273 γὰρ
1183 1235 1230 1269 τῆς
1247 1237 1299 1264 τῶν
1314 1236 1394 1265 ἐθνῶν
1421 1236 1540 1272 κλήσεως
1563 1238 1609 1267 καὶ
1633 1238 1678 1268 τὸν
1697 1238 1808 1268 θάνατον

1031 1280 1088 1307 εἰπε
1102 1278 1148 1308 καὶ
1155 1277 1204 1314 τὴν
1217 1279 1360 1315 ἀνάστησιν
1368 1303 1375 1316 ,
1388 1282 1433 1310 καὶ
1444 1282 1489 1311 τὸν
1500 1283 1592 1323 καιρὸν
1604 1285 1662 1313 καθ’
1674 1284 1703 1314 ὃν
1714 1285 1808 1323 ἔμελλε

1031 1324 1205 1364 παρέσεσθαι·
1221 1325 1278 1355 οὐδὲ
1288 1327 1384 1361 ἐκεῖνος
1400 1329 1594 1367 ἀπογυμνώσας
1604 1330 1671 1360 αὐτὰ
1683 1330 1808 1366 τέθεικεν,

1031 1369 1099 1399 ἀλλὰ
1129 1373 1140 1386 “
1149 1372 1188 1410 τῷ
1212 1373 1370 1413 προσωπείῳ
1393 1376 1440 1409 τῆς
1463 1375 1642 1415 προσηγορίας
1668 1379 1714 1406 τοῦ
1742 1378 1808 1406 rto&

1030 1415 1131 1456 κρύψας
1145 1416 1162 1445 ἃ
1176 1416 1284 1455 ἔμελλεν
1296 1420 1362 1458 ἐρεῖν
1373 1441 1380 1454 ,
1397 1419 1479 1454 οὕτως
1495 1421 1562 1450 αὐτὰ
1583 1421 1789 1463 προανεφώνησε
1800 1446 1807 1458 ,

1031 1463 1068 1501 τῷ
1087 1461 1134 1501 μὲν
1157 1463 1239 1492 δοκεῖν
1266 1463 1300 1493 τὰ
1323 1465 1514 1504 συμὲησόμενα
1538 1469 1577 1507 τῷ
1599 1467 1686 1508 Ἰούδᾳ
1704 1468 1789 1508 λέγων
1801 1481 1807 1487 ·

1032 1506 1118 1540 καθὼς
1141 1507 1168 1537 δὲ
1186 1508 1217 1538 τὸ
1229 1511 1280 1538 τῶν
1295 1510 1459 1550 πραγμάτων
1477 1517 1604 1552 μαρτυρεῖ
1626 1513 1716 1551 τέλος,
1740 1514 1809 1555 ἅπερ

1033 1553 1127 1591 ἔμελλε
1146 1558 1287 1598 κατορθοῦν
1298 1558 1312 1585 ὁ
1323 1557 1436 1596 Χριστὸς
1449 1562 1655 1598 προαναφωνῶν.
1671 1559 1744 1589 Οὔτε
1756 1560 1808 1601 γὰρ

1036 1599 1181 1639 προσδοκία
1194 1601 1273 1630 ἐθνῶν
1296 1601 1395 1636 Ἰούδας
1406 1602 1523 1642 γέγονεν,
1538 1604 1597 1633 οὔτε
1613 1605 1672 1634 τότε
1690 1605 1808 1646 ἔλαμψεν

1033 1647 1050 1680 ἡ
1064 1645 1149 1684 φυλὴ,
1172 1645 1214 1675 ὅτε
1229 1647 1345 1681 ἐξέλιπεν
1354 1650 1440 1678 αὐτῶν
1453 1652 1470 1685 ἡ
1482 1651 1603 1679 πολιτεία
1616 1662 1622 1668 ·
1645 1651 1713 1681 ἀλλὰ
1724 1656 1808 1682 ταῦτα

1035 1690 1136 1728 πάντα,
1162 1691 1205 1721 ὅτε
1222 1694 1236 1721 ὁ
1255 1693 1369 1733 Χριστὸς
1387 1695 1559 1734 παρεγένετο,
1581 1696 1698 1736 γέγονεν.
1721 1698 1754 1726 Εἰ
1780 1698 1807 1727 δὲ

1033 1739 1228 1778 ἀναισχυντοῑεν
1249 1740 1370 1770 Ἰουδαῖοι
1391 1744 1481 1770 τοῦτον
1506 1743 1732 1782 παρακρουόμενοι
1757 1746 1806 1780 τῆς

1031 1783 1191 1823 προφητείας
1200 1784 1245 1814 τὸν
1259 1785 1351 1824 νόμον,
1364 1786 1482 1825 μάλιστα
1497 1787 1544 1825 μὲν
1558 1783 1602 1816 οὖν
1613 1789 1658 1817 καὶ
1672 1789 1700 1823 ἐξ
1714 1790 1804 1819 αὐτῶν

1031 1830 1084 1858 τῶν
1097 1830 1241 1870 εἰρημένων
1252 1831 1346 1872 ῥᾳδίως
1357 1832 1538 1873 διελεγχθείεν,
1552 1834 1576 1863 εἴ
1588 1846 1627 1868 τις
1642 1835 1709 1873 μετὰ
1724 1837 1804 1875 ἀκρι-

1033 1874 1104 1909 ὅείας
1122 1875 1135 1892 “
1147 1875 1194 1910 τὰς
1207 1877 1366 1917 προφητείας
1386 1878 1553 1915 ἐξαπλώσας,
1569 1880 1613 1911 καὶ
1625 1885 1714 1910 πᾶσαν
1727 1883 1803 1921 ῥῆσιν

1033 1920 1100 1959 μετὰ
1110 1923 1157 1958 τῆς
1172 1923 1356 1962 προσηκούσης
1369 1923 1495 1958 ἐξετάζων
1515 1928 1665 1965 προσοχῆς,
1692 1926 1804 1966 ἁρμόζοι

1030 1967 1064 1996 τὰ
1075 1968 1202 2007 εἰρημένα
1214 1972 1268 2002 τοῖς
1278 1969 1469 2008 γεγενημένοις.
1483 1970 1568 2001 ’Ὥστε
1584 1972 1611 2001 δὲ
1626 1971 1671 2000 καὶ
1685 1973 1715 2001 ἐκ
1725 1984 1803 2012 περι-

1031 2012 1119 2047 ουσίας
1130 2014 1214 2044 αὐτῶν
1229 2014 1382 2055 ἀποῤῥᾶψαι
1395 2015 1428 2044 τὰ
1443 2016 1578 2055 στόματα,
1603 2018 1651 2047 οὐκ
1676 2018 1729 2047 ἀπὸ
1748 2020 1802 2048 τῶν

1033 2060 1069 2092 εἰς
1088 2058 1132 2088 τὸν
1155 2060 1268 2099 Χριστὸν
1283 2061 1440 2100 εἰρημένων,
1467 2063 1526 2091 ἀλλ’
1541 2062 1593 2091 ἀπὸ
1610 2065 1662 2093 τῶν
1684 2065 1720 2097 εἷς
1743 2064 1804 2098 τοὺς

1033 2106 1117 2135 αὐτῶν
1129 2106 1294 2146 πατριάρχας
1302 2107 1544 2147 προφητευθέντων,
1555 2112 1632 2139 τοῦτο
1641 2110 1801 2150 πειράσομαι

1033 2153 1141 2187 ποιῆσαι
1159 2151 1284 2191 φανερὸν,
1309 2153 1409 2186 δεικνὺς
1422 2154 1463 2183 ὅτι
1475 2156 1502 2184 αἱ
1515 2155 1611 2184 πολλαὶ
1623 2157 1677 2184 τῶν
1696 2167 1802 2196 προφη-

1033 2204 1108 2232 τειῶν
1122 2202 1238 2243 εἴρηνται
1252 2202 1299 2242 μὲν
1319 2205 1355 2237 εἷς
1369 2203 1427 2237 τοὺς
1442 2206 1605 2246 φυλάρχους,
1628 2205 1755 2242 ἐξέὸησαν
1773 2207 1801 2236 δὲ

1032 2255 1068 2286 εἰς
1081 2253 1141 2287 τοὺς
1154 2252 1181 2287 ἐξ
1194 2252 1308 2283 ἐκείνων.
1318 2255 1371 2284 Καὶ
1381 2255 1595 2295 παραδείγματος
1607 2257 1693 2286 ἕνεκεν
1708 2257 1772 2296 μίαν
1782 2257 1800 2293 ἢ

1031 2302 1076 2332 καὶ
1096 2301 1216 2342 δευτέραν
1230 2301 1311 2332 εἰπὼν
1324 2303 1453 2344 ἱστορίαν,
1470 2304 1571 2344 ἅψομαι
1591 2306 1644 2334 τῶν
1657 2305 1800 2345 προκειμέ-

1075 2382 1087 2401 s
1104 2381 1166 2414 Reg.
1176 2385 1201 2405 et
1209 2379 1287 2406 savil-
1303 2384 1340 2407 καὶ
1352 2384 1364 2407 ὸ
1375 2381 1449 2408 ludu&
1456 2384 1489 2412 δὲ,
1503 2386 1566 2412 ἡνίκα
1578 2387 1606 2409 ἀν
1615 2386 1628 2410 ὁ
1641 2381 1729 2412 ἡσαῖας
1738 2387 1798 2416 μίλ-

1043 2422 1055 2444 λ
1062 2430 1079 2445 ει
1092 2424 1128 2446 νῦν
1139 2423 1214 2448 ταῦτα
1223 2422 1300 2452 λέγειν.
1310 2420 1406 2445 Boisius
1418 2420 1472 2446 vult
1483 2421 1532 2446 alio
1542 2421 1621 2447 medo
1628 2422 1734 2447 restitui.
1747 2422 1798 2447 Sed

1042 2457 1117 2485 lectio
1128 2458 1277 2484 Moreffiauae
1290 2458 1415 2485 Editionis
1426 2460 1487 2486 bene
1499 2460 1591 2487 habere
1601 2460 1711 2494 videtur,
1724 2468 1750 2486 et
1768 2463 1795 2487 in

1041 2498 1162 2524 Bavarico
1174 2497 1289 2525 habetur.

1076 2544 1086 2556 ³
1104 2539 1164 2571 Reg.
1178 2543 1204 2563 et
1214 2537 1290 2563 Savil.
1304 2543 1330 2565 τὸ
1342 2545 1488 2572 προσωπεῖον,
1502 2540 1585 2565 miuus
1593 2546 1668 2566 recte.

1074 2579 1087 2597 b
1105 2576 1182 2602 Savil.
1196 2582 1221 2602 et
1232 2577 1291 2610 Reg-
1314 2582 1355 2607 τὰς
1374 2584 1513 2614 προφητείας
1530 2583 1699 2616 ἀναπληρώσας,
1717 2581 1791 2607 male.

1039 2617 1175 2642 Bavaricus
1186 2622 1214 2641 ut
1225 2617 1250 2641 in
1259 2621 1341 2641 textu.
