1890 2826
211 176 283 221 664

209 255 278 278 tores
284 247 372 287 pueri.
381 246 443 275 Haec
453 244 570 274 dicentes
576 244 666 274 statim
676 243 860 280 accurrissent,
872 251 950 283 atque

209 287 297 327 primo
308 285 430 325 gladium
441 295 456 313 a
475 284 596 321 dextera,
611 285 734 313 Isaacum
744 294 759 313 a
778 283 863 313 morte
880 283 951 312 abri-

209 326 344 366 puissent;
363 324 461 354 deinde
472 324 640 353 sermonibus
654 324 695 352 usi
705 323 891 360 fuissent‚tum
903 322 951 361 qui

210 367 300 405 ipsum
313 365 348 394 ad
359 363 568 403 resipiscentiam
582 362 748 398 reducerent,
761 369 820 391 tum
830 362 878 401 qui
894 361 952 391 heri

210 406 341 445 impetum
352 405 380 433 in
394 403 495 443 seipsos
511 402 601 443 potius
614 403 795 439 transferrent,
809 401 926 431 dicentes
942 413 949 430 ς

210 445 250 474 Te
260 444 295 473 ad
306 450 419 473 mentem
430 453 535 478 revoca,
544 442 624 480 here;
636 442 725 471 filium
734 449 809 471 tenes
814 441 950 477 manibus,

209 484 349 519 dilectum,
361 482 460 512 sterilis
472 489 589 522 partum,
596 481 703 511 tardum
713 482 764 511 Dei
774 480 889 518 donum,
901 481 954 509 ho-

211 523 364 563 spitalitatis
387 523 515 558 fructum,
527 521 646 551 vitulum
670 531 719 561 pro
743 520 829 550 vitulo
846 520 951 557 datum,
969 532 987 556 c

211 570 321 603 propter
336 572 416 601 quem
437 562 525 591 solum
544 562 631 591 natale
646 561 744 590 festum
762 559 913 596 celebrasti,
928 566 954 588 et

211 603 340 632 salutares
357 601 496 631 Altissimo
502 593 604 630 hostias
617 600 750 637 obtulisti,
764 610 844 639 quem
858 599 886 628 in
904 609 951 638 spe

211 642 301 671 aluisti
317 648 346 670 ut
358 641 487 670 baculum
511 640 664 676 senectutis,
677 647 786 679 propter
799 649 878 677 quem
891 649 953 667 sua-

211 683 281 712 viter
293 680 417 716 videbas,
426 681 504 720 cujus
514 680 613 709 obnixe
625 679 778 720 precabaris
795 688 847 707 non
861 677 954 707 videre

211 728 334 758 mortem,
350 719 397 749 sed
409 719 488 749 illum
503 720 655 759 relinquere
666 719 776 758 optabas
787 717 914 747 heredem
927 724 954 746 et

212 761 307 790 herum
328 767 450 789 nostrum
470 759 566 789 :bunc
582 769 664 788 manu
682 765 764 787 tenes.
788 756 860 786 Vide
876 757 955 796 pueri

210 801 335 836 formam,
346 799 502 836 here,tuam
511 809 623 839 agnosce
634 798 787 837 imaginem.
797 796 873 832 Talis
882 796 955 825 enim

211 847 242 869 tu
263 849 370 878 quoque
388 849 457 876 eras,
477 849 539 868 cum
559 838 668 879 juvenis
700 838 780 866 esses.
801 837 875 865 Isaac
890 858 898 872 ‚
926 842 955 864 tu

213 889 319 918 quoquc
342 878 479 917 alloquere
491 884 606 918 patrem,
627 884 658 906 ut
674 887 722 917 per
734 886 828 906 vocem
850 875 956 915 prolem

214 929 290 948 suam
301 925 436 958 agnoscat.
449 917 501 948 Hic
515 923 565 954 est,
575 917 649 954 here,
666 926 720 946 non
732 915 830 950 hostia,
840 914 886 944 sed
907 925 956 954 pro

213 969 267 997 quo
272 958 396 997 plurimae
402 956 506 993 hostiae,
513 956 640 997 plurimae
647 953 851 996 precationesad
857 955 956 989 Deum,

214 1004 244 1026 ut
258 997 292 1026 ad
311 997 365 1027 viri
379 1003 482 1026 aetatem
495 996 644 1036 perveniat,
659 1002 685 1025 et
699 995 778 1024 talem
793 993 874 1022 ducat
893 993 956 1023 vitae

214 1044 374 1073 consortem,
390 1036 478 1075 qualis
496 1035 644 1065 secundum
664 1035 793 1064 virtutem
813 1039 853 1061 est
874 1032 956 1072 hujus

214 1083 309 1113 mater,
327 1083 422 1116 praeter
439 1075 604 1104 sterilitatem
623 1081 722 1104 tamen.
738 1072 858 1113 optabas
883 1073 956 1101 enim

214 1117 274 1155 ejus
286 1122 404 1144 maturos
423 1114 514 1145 videre
528 1115 641 1149 fructus,
656 1121 681 1142 et
694 1113 729 1142 de
742 1113 776 1141 iis
789 1111 873 1141 laetari
891 1123 954 1141 rur-

215 1165 286 1190 sum,
299 1161 329 1183 ut
345 1154 379 1183 de
391 1154 503 1183 lactente
512 1155 603 1182 Isaaco
613 1152 799 1182 delectabaris.
815 1151 868 1180 Sed
878 1162 894 1180 o
909 1151 955 1180 in·
971 1166 990 1189 ῃ

216 1201 305 1232 gentes
324 1193 496 1228 calamitates,
508 1193 535 1221 in
548 1203 616 1231 quos
630 1192 719 1231 ipsum
730 1192 788 1220 dies
797 1189 935 1220 deduxisti
946 1189 953 1219 l

215 1244 266 1272 pro
279 1233 383 1262 coronis
397 1232 517 1268 vincula,
530 1242 580 1270 pro
594 1242 680 1260 uxore
699 1230 817 1270 gladius.
839 1232 957 1270 Apparet

216 1272 297 1311 ignis,
312 1281 365 1300 non
377 1281 431 1310 quo
447 1271 508 1309 quis
523 1280 635 1299 uxorem
647 1270 738 1305 ducat,
754 1268 802 1299 sed
815 1279 869 1307 quo
882 1280 956 1308 sepe-

215 1311 308 1341 liatur.
331 1310 414 1340 Adest
423 1309 543 1349 juvenis,
556 1320 610 1338 non
623 1309 790 1349 nuptialibus
804 1315 956 1344 coronatus,

215 1350 264 1379 sed
276 1350 310 1379 ad
326 1360 400 1379 aram
413 1349 531 1385 vinctus,
555 1355 711 1387 gestansque
726 1358 779 1377 non
790 1354 891 1378 vestem
902 1357 956 1376 nu—

216 1390 338 1429 ptialem,
352 1388 400 1418 sed
419 1388 543 1417 habitum
554 1388 705 1417 funebrem.
721 1388 781 1416 Non
796 1386 870 1416 adest
894 1396 958 1426 pro-

216 1430 314 1464 nubus,
322 1429 370 1467 qui
381 1428 526 1467 conjungat
534 1437 578 1456 eos
588 1427 635 1465 qui
642 1437 736 1466 genere
746 1426 874 1465 disjuncti
883 1432 956 1461 sunt,

215 1470 264 1500 sed
279 1468 353 1497 adest
371 1474 456 1507 pater,
468 1467 516 1505 qui
531 1477 581 1505 per
594 1476 685 1495 necem
698 1466 747 1494 illa
764 1473 879 1505 separat,
899 1475 959 1504 quae

216 1516 311 1538 natura
324 1509 507 1547 conjunxerat.
524 1506 582 1535 Hoc
595 1505 665 1535 circa
678 1505 749 1534 filios
761 1515 795 1534 ne
814 1504 958 1534 Chananaei

216 1548 326 1586 quidem
340 1553 429 1586 patres
442 1544 627 1583 cogitaverint.
642 1544 756 1573 Talesne
769 1544 897 1573 hactenus
911 1543 958 1572 Al-

217 1588 320 1616 tissimo
331 1585 461 1615 offerebas
475 1584 596 1614 hostias?
607 1584 708 1614 talesne
718 1583 867 1622 gratiarum
879 1582 960 1612 actio-

216 1637 262 1655 nes
277 1636 326 1666 pro
339 1626 396 1665 ejus
405 1623 609 1653 incolumitate?
624 1625 719 1652 Annon
727 1622 822 1652 arietes
836 1629 864 1651 et
871 1622 960 1651 hircos

217 1666 365 1700 mactabas,
385 1665 465 1694 bruta
489 1663 645 1702 animantia,
661 1673 724 1691 cum
747 1661 920 1692 rationalium
934 1668 960 1690 et

215 1704 412 1735 irrationalium
427 1703 573 1732 Dominum
586 1702 725 1742 placares?
741 1712 811 1731 nunc
831 1712 895 1730 vero
917 1700 959 1730 vi·
974 1709 994 1733 Ε.

218 1745 298 1773 etima
324 1742 432 1783 qualis?
454 1743 478 1771 Ο
503 1741 670 1770 intoleranda
682 1740 769 1770 mala!
797 1740 900 1771 Similis
921 1747 961 1769 est

219 1784 349 1813 sacerdoti
362 1781 480 1816 victima,
496 1787 639 1820 cognatum
650 1787 688 1809 est
695 1780 731 1816 ei,
744 1781 792 1818 qui
803 1782 891 1809 Deum
905 1780 960 1820 pla-

219 1830 271 1858 cat,
287 1823 316 1852 id
335 1821 409 1860 quod
430 1820 465 1849 ad
487 1819 651 1860 placandum
675 1819 818 1848 adhibetur
829 1831 837 1856 ;
852 1830 905 1849 non
927 1830 961 1848 ex

219 1862 297 1899 ovili,
313 1862 360 1891 sed
386 1872 421 1890 ex
433 1861 492 1899 ipsa
510 1858 654 1888 sacerdotis
667 1866 761 1888 natura
785 1859 873 1888 hostia·
895 1869 960 1899 pro-

220 1901 359 1930 ficiscitur.
376 1900 455 1934 Tales
463 1908 516 1927 non
524 1897 621 1942 accipit
634 1899 706 1927 Deus
719 1898 820 1928 hostias
830 1909 837 1928 t
847 1898 963 1935 clemens

220 1941 292 1970 onim
305 1951 367 1969 cum
381 1939 416 1968 sit
427 1948 489 1977 erga
512 1937 644 1973 hommes,
660 1936 688 1965 in
706 1938 820 1967 hostiam
832 1948 885 1967 non
899 1948 961 1966 sus-

221 1980 288 2018 cipit
312 1979 459 2008 hominem.
480 1978 541 2013 Quo
569 1983 594 2005 te
612 1976 718 2006 nomine
740 1987 811 2007 nunc
837 1977 962 2017 appella-

221 2019 322 2054 bimus,
337 2018 400 2046 here
409 2017 423 2046 p,
445 2026 478 2045 an
495 2015 658 2044 sacerdotem
671 2016 705 2044 oh
724 2016 850 2053 hostiam,
864 2027 897 2045 an
910 2016 962 2046 filii

222 2057 417 2087 interfectorem
437 2056 473 2085 oh
485 2055 594 2084 filium?
608 2055 656 2084 Stu
678 2055 762 2084 endus
776 2067 838 2085 vere
856 2063 895 2085 est
918 2066 963 2084 sa-

222 2097 318 2126 crificii
344 2095 451 2132 modus,
475 2094 523 2132 qui
537 2105 585 2123 nec
610 2066 692 2123 ver-lio
712 2095 841 2134 explicari
867 2096 961 2135 possit.

222 2136 321 2168 Omnia
334 2135 436 2174 quippe
450 2133 591 2170 sacrificia,
604 2143 653 2172 pro
667 2134 753 2163 salute
761 2135 962 2178 persolvuntur,

222 2175 297 2207 filius
309 2185 374 2205 vero
389 2181 451 2203 tuus
470 2184 518 2213 per
541 2172 700 2202 sacrificium
715 2180 794 2212 perit.
810 2174 885 2211 Quid
899 2185 963 2204 vero

222 2214 343 2247 dicemus
359 2214 388 2243 id
399 2212 474 2252 quod
484 2214 541 2252 jam
552 2212 664 2250 agitur?
683 2212 793 2247 caedem,
808 2224 842 2242 an
861 2214 964 2243 sacrifi-

222 2254 317 2283 cium?
327 2252 545 2288 exsecrationem,
558 2261 591 2281 an
601 2250 785 2281 oblationem?
799 2253 963 2290 incendium,
971 2273 1007 2292 557
1019 2257 1094 2294 olom
1108 2257 1182 2296 ἀρὰν,
1196 2257 1213 2293 ἢ
1228 2256 1393 2297 προσ-φοροίη
1407 2256 1575 2296 ἐμπρησμὸν,

923 182 1056 207 spuma.

1003 243 1050 273 καὶ
1070 244 1106 276 ὡς
1116 242 1253 282 εὐεργέτας
1267 241 1408 281 ἀμείψεται
1416 263 1425 278 ,
1436 241 1471 275 ὡς
1484 240 1605 281 σωῆρας
1614 242 1660 272 τοῦ
1671 240 1773 272 τέκνου.

1004 285 1098 312 Ταῦτα
1110 282 1229 321 λέγοντες
1244 281 1427 321 προσέδραμον
1445 280 1475 309 ἂν
1499 280 1590 318 εὐθὺς,
1606 281 1651 310 καὶ
1668 283 1773 322 πρῶτον

1006 322 1052 361 μὲν
1066 324 1114 357 τ’ἥς
1126 321 1210 355 δεξιᾶς
1223 321 1310 361 χειρὸς
1323 320 1452 355 ἐξείλοντο
1463 321 1494 350 τὸ
1507 320 1577 360 ξίφος
1586 344 1594 358 ,
1607 320 1653 350 καὶ
1666 324 1711 351 τοῦ
1725 324 1774 350 θα-

1004 362 1083 391 νάτου
1097 361 1141 391 τὸν
1156 361 1258 390 Ἰσαάκ·
1266 361 1358 389 ἔπειτα
1372 360 1418 390 καὶ
1445 360 1532 400 λόγοις
1554 359 1585 389 ἂν
1609 361 1755 400 ἐχρήσαντο
1765 383 1773 397 ,

1005 405 1059 434 τοῖς
1076 402 1123 439 μὲν
1137 401 1202 440 πρὸς
1220 401 1296 440 νῆψιν
1324 400 1432 439 ἄγουσι,
1445 404 1499 433 τοῖς
1523 399 1551 429 δὲ
1573 400 1639 440 πρὸς
1666 399 1773 433 ἑαυτοὺς

1007 442 1107 480 μᾶλλον
1134 441 1182 476 τὴν
1212 439 1297 480 ὁρμὴν
1319 442 1366 468 τοῦ
1391 439 1517 469 δεσπότου
1543 439 1703 479 μετάγουσι,
1728 439 1776 468 λέ-

1006 492 1109 520 γοντες·
1134 479 1286 516 ἐπίστησον,
1307 478 1436 514 δέσποτα,
1465 481 1498 515 τῆ
1522 478 1636 508 διανοία·
1655 478 1699 508 τὸν
1720 479 1776 508 υἱὸν

1007 522 1034 549 ἐν
1058 519 1149 560 χερσὶν
1174 518 1260 559 ἔχεις,
1282 519 1328 548 τὸν
1348 511 1502 557 ἀγαπητὸν,
1528 518 1573 547 τὸν
1599 509 1647 554 ἧς
1672 518 1778 558 στείρας

1007 560 1098 596 τόκον,
1118 559 1148 588 τὸ
1169 558 1242 598 παρὰ
1266 559 1337 588 Θεοῦ
1362 558 1456 598 ὄψιμον
1478 559 1570 597 δῶρον,
1595 557 1639 588 τὸν
1662 558 1710 592 τ’ἧς
1732 569 1778 598 φι-

1007 598 1122 633 λοξενίας
1146 598 1258 638 καρπὸν,
1284 598 1328 627 τ’σν
1357 597 1415 626 ἀντὶ
1438 597 1472 636 μό
1510 609 1539 626 ου
1560 597 1675 638 μόσχον,
1691 597 1726 626 δι’
1748 597 1776 626 ὃν

1008 639 1085 677 μόνον
1112 637 1257 677 γενεθλίους
1278 637 1400 670 ἐτέλεσας
1425 609 1532 676 ἑορξές,
1561 637 1605 665 καὶ
1632 636 1779 687 σωτηρίους

1006 680 1045 718 τῷ
1059 678 1178 718 Ὑψίστῳ
1193 677 1282 710 θυσίας
1296 676 1493 717 προσήνεγκας,
1507 676 1535 706 ὃν
1549 676 1652 706 ἐλπίσιν
1670 677 1778 716 ἀνέθρε-

1007 718 1059 757 ψας
1073 719 1108 751 ὡς
1121 716 1267 757 βακτηρίαν
1286 719 1331 745 τοῦ
1345 715 1450 756 γήρως,
1462 717 1495 744 δι’
1516 715 1544 745 ὃν
1557 715 1617 751 ἔζης
1636 715 1733 752 ἡδέως,
1747 711 1778 745 οὗ

1008 759 1159 797 ὓπερηύχου
1175 756 1212 795 μὴ
1227 757 1290 785 ἰδεῖν
1305 755 1425 791 θάνατον,
1435 755 1504 785 ἀλλὰ
1510 754 1674 795 κληρονόμον
1683 756 1778 785 ἀπολι-

1008 802 1068 826 πεῖν
1079 797 1124 826 καὶ
1139 795 1271 831 δεσπότην
1286 795 1431 834 ἡμέτερον·
1441 797 1533 824 τοῦτον
1552 796 1580 824 ἐν
1615 794 1686 835 ερσὶν
1699 794 1780 835 ἔχεις.

1009 836 1059 866 Ἰδὲ
1073 839 1118 866 τοῦ
1132 835 1225 868 παιδὸς
1239 835 1288 871 τὴν
1302 834 1415 875 μορφὴν,
1431 834 1559 871 δέσποτα,
1573 807 1622 871 τῆν
1644 833 1693 870 σὴν
1708 833 1777 873 γνώ-

1010 887 1082 916 ρισον
1103 875 1199 905 εἰκόνα.
1214 876 1339 908 Τοιοῦτος
1349 874 1400 914 γὰρ
1421 869 1452 909 ἧς
1475 874 1520 903 καὶ
1541 874 1574 903 σύ
1587 885 1670 911 ποτε,
1691 873 1734 903 ὅτε
1748 869 1783 910 ἧς

1008 915 1075 949 νέος.
1091 914 1197 951 Ἰσαὰκ,
1212 914 1319 954 φθέγξαι
1332 926 1359 943 τι
1380 914 1426 943 καὶ
1452 913 1484 942 σὺ
1506 913 1573 953 πρὸς
1593 914 1638 943 τὸν
1660 913 1779 953 πατέρα,

1009 954 1079 988 ὅπως
1099 954 1141 983 διὰ
1164 956 1212 989 τ’ῆς
1239 956 1325 994 φωνῆς
1350 965 1404 993 γνω
1422 953 1466 992 ίσῃ
1490 952 1521 981 τὸ
1546 952 1677 993 γέννημα.
1694 949 1780 987 Οὗτός

1009 995 1084 1031 ἐστι,
1101 994 1231 1028 δέσποτα,
1251 994 1302 1033 οὐχ
1317 996 1334 1028 ἡ
1355 965 1447 1028 θυσία,
1461 993 1521 1022 ἀλλ’
1537 993 1604 1032 ὑπὲρ
1626 989 1656 1022 οὗ
1679 992 1777 1022 πολλαὶ

1010 1033 1116 1070 θυσίαι,
1129 1032 1196 1072 ὑπὲρ
1217 1029 1246 1062 οὗ
1267 1033 1364 1062 πολλαὶ
1376 1033 1482 1068 δεήσεις
1503 1032 1569 1073 πρὸς
1581 1032 1626 1062 τὸν
1651 1033 1730 1068 Θεὸν,
1744 1033 1783 1066 εἰς

1010 1074 1057 1102 ἀνδ
1075 1076 1111 1103 ῶν
1124 1072 1229 1108 ἡλικίαν
1244 1074 1337 1109 ἐλθεῖν,
1350 1072 1395 1101 καὶ
1409 1071 1532 1107 τοιαύτην
1555 1071 1700 1111 ἀγαγέσθαι
1719 1083 1779 1101 κοι-

1009 1124 1089 1142 νωνσν
1105 1116 1150 1142 τοῦ
1172 1112 1230 1152 βίου
1240 1135 1248 1149 ,
1262 1111 1305 1141 οἵα
1319 1111 1388 1140 κατὰ
1406 1111 1502 1151 ἀρετὴν
1517 1114 1535 1148 ἡ
1547 1112 1640 1141 τούτου
1654 1111 1782 1151 τυγχάνει

1010 1152 1115 1193 μήτηρ,
1133 1152 1196 1191 δίχα
1220 1151 1310 1191 μέντοι
1331 1153 1379 1186 τῆς
1393 1150 1566 1191 στειρώσεως.
1589 1151 1711 1184 Ἐπόθεις
1729 1150 1785 1190 γὰρ

1009 1194 1088 1221 αὐτοῦ
1117 1191 1162 1221 καὶ
1183 1191 1319 1231 πρωΐμους
1346 1190 1445 1220 ἰδέσθαι
1466 1190 1597 1231 καρποὺς,
1615 1190 1660 1220 καὶ
1681 1190 1783 1224 τούτοις

1009 1231 1151 1271 τέρπεσθαι
1164 1231 1254 1266 πάλιν,
1268 1233 1304 1264 ὡς
1318 1230 1362 1260 ἐπὶ
1382 1230 1520 1266 θηλάζοντι
1540 1233 1578 1271 τῷ
1592 1229 1696 1259 Ἰσαάκ.
1710 1229 1780 1260 Ἀλλ’

1009 1270 1033 1299 ὢ
1045 1274 1096 1300 τῶν
1111 1270 1278 1300 ἀπευκταίων
1302 1271 1454 1310 συμφορῶν,
1469 1273 1507 1303 εἷς
1521 1270 1576 1303 οἵας
1590 1270 1668 1299 αὐτὸν
1683 1269 1782 1309 ἤγαγες

1009 1309 1121 1350 ἡμέρας.
1138 1309 1207 1339 Ἀντὶ
1229 1309 1363 1349 στεφάνων
1387 1309 1485 1348 δεσμὰ,
1504 1310 1562 1339 ἀντὶ
1586 1309 1709 1348 γυναικὸς
1726 1308 1779 1348 μᾶ-

1009 1361 1100 1389 χαιρα.
1115 1348 1226 1382 Φαίνεις
1239 1350 1266 1378 δὲ
1280 1349 1325 1378 καὶ
1338 1351 1408 1387 πῦρ,
1422 1349 1472 1389 οὐχ
1485 1346 1507 1389 ᾧ
1519 1348 1595 1388 γήμῃ
1609 1360 1664 1385 τις,
1683 1350 1741 1377 ἀλλ’
1758 1343 1781 1388 ᾧ

1011 1388 1147 1418 θάπτεται.
1164 1388 1333 1428 Παρίσταται
1357 1388 1384 1416 δὲ
1408 1387 1454 1416 καὶ
1477 1391 1495 1417 ὁ
1519 1388 1587 1424 νέος,
1615 1390 1648 1416 οὖ
1670 1391 1785 1421 παστοῖς

1010 1427 1239 1468 ἐστεφανωμένος,
1261 1427 1330 1456 ἀλλὰ
1353 1429 1436 1466 βωμῷ
1461 1426 1611 1466 δεδεμένος,
1626 1427 1671 1456 καὶ
1693 1429 1784 1467 φορῶν

1011 1469 1059 1497 οὐκ
1082 1469 1182 1502 ἐσθῆτα
1204 1466 1344 1506 γαμήλιον,
1358 1466 1426 1496 ἀλλὰ
1451 1469 1545 1507 σχῆμα
1568 1469 1720 1506 θανάσιμον.
1739 1468 1780 1496 Οὐ

1010 1507 1131 1546 παρέστη
1150 1507 1177 1536 δὲ
1200 1505 1330 1542 κηδεστὴς
1341 1506 1445 1546 γάμου,
1467 1506 1606 1536 συνάπτων
1631 1506 1665 1536 τὰ
1689 1507 1781 1546 διωρι-

1011 1547 1096 1585 σμένα
1109 1548 1146 1585 τῷ
1161 1545 1245 1583 γένει,
1259 1546 1329 1575 ἀλλὰ
1341 1545 1461 1585 παρέστη
1473 1545 1578 1585 πατὴρ,
1592 1547 1680 1596 σφαγῇ
1695 1546 1782 1585 χωρί-

1011 1587 1062 1619 ζων
1077 1585 1111 1614 τὰ
1129 1586 1253 1624 ἡνωμένα
1266 1588 1299 1624 τῇ
1315 1585 1401 1625 φύσει.
1416 1585 1496 1615 Οὕτω
1515 1585 1576 1624 περὶ
1593 1596 1692 1614 τεκνων
1715 1584 1783 1623 μηδὲ

1012 1624 1167 1654 Χαναναίων
1183 1624 1295 1664 πατέρες
1306 1625 1501 1664 βουλεύσαιντο.
1513 1625 1632 1654 Τοιαῦτα
1644 1623 1726 1664 μέχρι
1736 1627 1782 1653 νῦν

1011 1666 1049 1704 τῷ
1064 1664 1186 1705 Ὑψίστῳ
1208 1663 1368 1704 προσέφερες
1390 1664 1494 1702 θύματα
1501 1676 1510 1700 3
1523 1666 1632 1698 τοιαῦτα
1651 1666 1783 1704 προσῆγες

1012 1703 1078 1744 ὑπὲρ
1105 1707 1152 1740 τῆς
1179 1703 1310 1743 σωτηρίας
1338 1706 1384 1732 τοῦ
1410 1704 1502 1733 τέκνου
1525 1703 1785 1744 χαριστηριαςθῦχὶ

1012 1744 1100 1783 κριοὺς
1121 1744 1167 1773 καὶ
1179 1744 1291 1783 τράγους
1305 1742 1482 1783 ἐδιχοτόμεις,
1498 1743 1580 1782 ἄλογα
1594 1745 1663 1778 ζῶα,
1674 1742 1718 1772 τὸν
1731 1745 1787 1772 τῶν

1011 1785 1124 1822 λογικῶν
1143 1783 1188 1812 καὶ
1202 1783 1304 1822 ἀλόγων
1332 1783 1471 1818 Δεσπότην
1494 1782 1664 1821 ἱλασκόμενος
1671 1794 1680 1821 5
1702 1783 1732 1812 τὸ
1756 1782 1788 1812 δὲ

1012 1827 1057 1852 νῦν
1082 1823 1191 1863 σφάγιον
1219 1826 1306 1852 ὁποῖον
1315 1834 1323 1858 3
1350 1822 1388 1851 Ὦ
1415 1825 1467 1852 τῶν
1497 1822 1660 1852 ἀνυποίστων
1686 1824 1784 1852 κακῶν.

1012 1862 1125 1900 ιὈμοιον
1139 1864 1178 1902 τῷ
1189 1864 1255 1902 ἱερεῖ
1268 1863 1298 1891 τὸ
1311 1863 1413 1901 ἱερεῖον,
1430 1862 1552 1901 συγγενὲς
1565 1864 1603 1901 τῷ
1617 1861 1784 1901 ἱλασκομένῳ

1012 1902 1043 1931 τὸ
1060 1901 1123 1931 ἵλασ
1171 1914 1178 1920 ·
1189 1904 1237 1931 οὐκ
1251 1904 1281 1931 ἐκ
1300 1901 1414 1940 ποίμνης
1425 1923 1432 1937 ,
1447 1903 1504 1930 ἀλλ’
1527 1902 1558 1930 ἐκ
1578 1900 1681 1940 φύσεως
1705 1902 1787 1935 αὐτῆς

1013 1944 1059 1970 τοῦ
1074 1943 1164 1981 ἱερέως
1183 1941 1213 1970 τὸ
1227 1945 1307 1980 θῦμα.
1326 1940 1457 1974 Τοιαύτας
1479 1942 1494 1969 ὁ
1514 1940 1582 1973 Θεὸς
1605 1941 1634 1969 οὖ
1654 1939 1785 1978 λαμὸἄνει

1014 1980 1118 2014 θυσίας·
1132 1981 1316 2021 φιλάνθρωπος
1326 1980 1379 2020 γὰρ
1393 1980 1439 2015 ὧν,
1455 1980 1590 2018 ἄνθρωπον
1602 1981 1638 2013 εἷς
1650 1979 1741 2009 θυσίαν
1755 1981 1787 2008 οὖ

1015 2020 1131 2060 δέχεται.
1150 2019 1191 2054 Τί,
1200 2032 1230 2049 σε
1248 2021 1394 2058 καλέσομεν
1407 2019 1459 2048 ἀπὸ
1472 2022 1519 2048 τοῦ
1540 2022 1594 2054 νῦν,
1609 2014 1632 2048 ὦ
1654 2018 1786 2056 δέσποτα,

1015 2060 1087 2099 ἱερέα
1100 2060 1144 2089 διὰ
1157 2059 1215 2101 τὴν,
1220 2060 1319 2095 θυσίαν,
1333 2058 1351 2094 ἢ
1370 2058 1537 2088 τεκνοκτόνον
1560 2058 1605 2087 διὰ
1627 2059 1658 2088 τὸ
1679 2058 1787 2095 τέκνον;

1017 2099 1099 2132 Ξένος
1122 2112 1162 2133 τις
1185 2102 1259 2132 οὗτος
1280 2100 1384 2135 ἀληθῶς
1406 2100 1420 2127 ὁ
1442 2101 1488 2134 τῆς
1509 2097 1599 2132 θυσίας
1618 2098 1727 2138 τρόπος,
1741 2098 1787 2127 καὶ

1017 2139 1075 2168 οὐδὲ
1088 2139 1159 2179 λόγῳ
1175 2139 1260 2179 ῥητός.
1274 2140 1364 2168 Πᾶσαι
1385 2137 1437 2178 γὰρ
1458 2139 1485 2166 αἱ
1508 2136 1596 2167 θυσίαι
1610 2137 1676 2178 ὑπὲρ
1699 2148 1787 2172 σωτη-

1019 2178 1075 2218 ρίας
1088 2180 1237 2213 τελοῦνται,
1251 2180 1265 2207 ὃ
1280 2177 1307 2207 δὲ
1330 2178 1374 2211 σὸς
1387 2178 1442 2210 υἱὸς
1455 2177 1498 2206 διὰ
1512 2176 1603 2211 θυσίας
1627 2177 1785 2208 ἀπόλλυται.

1019 2218 1055 2247 Τί
1069 2218 1096 2248 δὲ
1110 2217 1318 2256 καὶΙκαλέσομεν
1332 2217 1363 2246 τὸ
1381 2217 1577 2257 πραττόμενον;
1619 2217 1678 2253 ’νον,
1700 2216 1717 2252 ἢ
1743 2220 1788 2246 θυ-

1630 2256 1787 2296 ὁλοκᾶρπω-
1813 2276 1815 2282 ι

223 2304 257 2322 an
272 2292 477 2322 holocaustum?
491 2292 531 2321 Ita
551 2290 623 2319 enim
647 2298 738 2320 contra
750 2292 794 2330 jus
811 2292 913 2330 fasque,
927 2300 964 2322 ita
980 2301 999 2323 Α
1019 2309 1075 2333 σιν;
1090 2297 1171 2327 Οὕτω
1184 2297 1234 2337 γὰρ
1257 2297 1398 2336 ἔκθεσμον,
1410 2295 1492 2330 οὕτως
1512 2295 1622 2335 ἔκνομόν
1643 2297 1723 2330 ἐστιν,
1745 2295 1786 2324 ὅτι

223 2339 315 2362 contra
328 2333 415 2371 legem
434 2337 473 2363 est
498 2330 527 2359 id
541 2328 614 2368 quod
638 2330 737 2369 agitur,
752 2338 782 2359 ut
810 2341 843 2359 ne
869 2342 963 2361 nomen

224 2371 334 2410 quidem
347 2371 492 2401 oblationis
506 2370 613 2398 habeat.
629 2370 653 2399 O
675 2369 765 2408 qualia
785 2380 834 2399 nos
858 2371 964 2400 visuros

224 2412 408 2450 sperabamus,
422 2417 448 2440 et
455 2409 545 2448 qualia
551 2418 622 2438 nunc
630 2408 770 2439 videmus!
786 2410 964 2448 Sperabamus

225 2457 295 2480 certe
309 2461 357 2480 nos
369 2451 459 2490 ipsum
476 2450 581 2480 visuros
605 2448 656 2477 tihi
669 2448 914 2478 subministrantem
929 2449 964 2479 ad

224 2490 366 2526 sacrificia,
380 2499 488 2529 operam
507 2487 614 2517 dantem
633 2487 668 2517 ad
688 2487 829 2517 sacerdotii
846 2489 937 2517 munia
954 2502 960 2517 ε

224 2539 295 2559 nunc
304 2537 402 2565 autem,
415 2539 431 2558 o
445 2527 611 2558 intoleranda
622 2526 709 2556 mala!
726 2537 778 2557 non
789 2527 863 2557 adest
876 2539 963 2557 sacer-

224 2574 280 2604 doti
295 2574 430 2604 victimam
449 2580 550 2611 tenens,
578 2571 625 2602 sed
646 2572 704 2612 ipse
720 2572 791 2612 jacet
809 2572 914 2604 vinctus
927 2573 962 2602 ad

1018 2337 1076 2378 ορδὲ
1090 2337 1267 2377 προσηγορίαν
1289 2337 1346 2376 ἔχει
1366 2341 1516 2376 προσφορᾶς
1528 2335 1558 2364 τὸ
1577 2335 1722 2374 γινόμενον.
1737 2334 1786 2371 Ὦ,

1017 2379 1060 2406 οἱα
1083 2378 1146 2406 ἰδεῖν
1159 2376 1326 2415 ἠλπίσαμεν,
1340 2376 1385 2405 καὶ
1403 2372 1446 2405 οἷα
1470 2378 1515 2404 νῦν
1537 2374 1671 2413 θεώμεθας
1691 2374 1789 2404 Ἠλπί-

1018 2428 1102 2454 σαμεν
1132 2417 1210 2446 αὐτὸν
1239 2415 1421 2455 ὖπουργοῦντά
1446 2427 1488 2444 σοι
1516 2414 1581 2454 πρὸς
1610 2413 1657 2447 τὰς
1682 2414 1786 2451 θυσίας,

1017 2456 1103 2485 λειτου
1122 2459 1218 2495 γοῦντα
1235 2455 1301 2495 πρὸς
1329 2455 1376 2488 τὰς
1390 2453 1536 2494 ἱερουργίας
1547 2465 1553 2472 ·
1567 2457 1613 2483 νῦν
1633 2453 1676 2490 δὲ,
1698 2454 1721 2482 ὧ
1733 2455 1786 2483 τῶν

1018 2496 1181 2524 ἀνυποιστων
1204 2497 1311 2530 κακῶν,
1336 2496 1365 2523 οὖ
1389 2506 1428 2523 πα
1446 2493 1539 2528 έστηκε
1561 2494 1600 2532 τῷ
1626 2495 1690 2532 ῑερεῑ
1716 2495 1787 2531 θῦμα

1017 2536 1129 2572 κρατῶν,
1145 2534 1205 2564 ἀλλ’
1219 2534 1295 2567 αὐτὸς
1318 2538 1402 2563 κεῖται
1425 2505 1559 2572 δεδεμένος
1572 2532 1630 2561 ἀντὶ
1650 2533 1766 2571 θύματος
1778 2544 1785 2551 ·

1017 2573 1075 2602 οὐδὲ
1090 2574 1179 2613 φωνὴν
1198 2574 1315 2613 ἀφίησιν,
1327 2575 1362 2606 ὡς
1387 2573 1481 2612 ἀμνὸς,
1495 2574 1554 2602 ἀλλ’
1579 2572 1679 2612 ἄφωνος
1702 2576 1785 2601 κεῖται
