<?xml version="1.0" encoding="UTF-8"?>
<!DOCTYPE html PUBLIC "-//W3C//DTD XHTML 1.0 Transitional//EN"
    "http://www.w3.org/TR/xhtml1/DTD/xhtml1-transitional.dtd">
<html xmlns="http://www.w3.org/1999/xhtml" xml:lang="en" lang="en">
 <head>
  <title>
</title>
<meta http-equiv="Content-Type" content="text/html;charset=utf-8" />
  <meta name='ocr-system' content='tesseract 3.04.00' />
  <meta name='ocr-capabilities' content='ocr_page ocr_carea ocr_par ocr_line ocrx_word'/>
</head>
<body>
  <div class='ocr_page' id='page_1' title='image "./operaomniaquaeex06johnuoft_0198.png"; bbox 0 0 1890 2826; ppageno 0'>
   <div class='ocr_carea' id='block_1_1' title="bbox 53 343 192 403">
    <p class='ocr_par' dir='ltr' id='par_1_1' title="bbox 53 343 192 403">
     <span class='ocr_line' id='line_1_1' title="bbox 55 343 192 368; baseline 0 -5"><span class='ocrx_word' id='word_1_1' title='bbox 55 344 126 364; x_wconf 78' lang='lat' dir='ltr'>Tamo</span> <span class='ocrx_word' id='word_1_2' title='bbox 144 343 192 368; x_wconf 76' lang='lat' dir='ltr'>Ill,</span> 
     </span>
     <span class='ocr_line' id='line_1_2' title="bbox 53 374 190 403; baseline -0.015 -8"><span class='ocrx_word' id='word_1_3' title='bbox 53 383 75 402; x_wconf 72' lang='lat'>1¹·</span> <span class='ocrx_word' id='word_1_4' title='bbox 88 374 130 395; x_wconf 68' lang='lat'>3152</span> <span class='ocrx_word' id='word_1_5' title='bbox 144 383 190 403; x_wconf 34' lang='grc' dir='ltr'>ειμι,</span> 
     </span>
    </p>
   </div>
   <div class='ocr_carea' id='block_1_2' title="bbox 47 726 190 937">
    <p class='ocr_par' dir='ltr' id='par_1_2' title="bbox 47 726 190 937">
     <span class='ocr_line' id='line_1_3' title="bbox 91 726 189 755; baseline 0 -8"><span class='ocrx_word' id='word_1_6' title='bbox 91 726 189 755; x_wconf 69' lang='lat' dir='ltr'>Panegy-</span> 
     </span>
     <span class='ocr_line' id='line_1_4' title="bbox 48 757 179 778; baseline 0 -1"><span class='ocrx_word' id='word_1_7' title='bbox 48 757 88 777; x_wconf 65' lang='lat' dir='ltr'>nici</span> <span class='ocrx_word' id='word_1_8' title='bbox 111 758 140 778; x_wconf 81' lang='lat' dir='ltr'>de</span> <span class='ocrx_word' id='word_1_9' title='bbox 166 758 179 777; x_wconf 77' lang='lat' dir='ltr'><strong>S</strong></span> 
     </span>
     <span class='ocr_line' id='line_1_5' title="bbox 48 788 189 812; baseline 0.007 -5"><span class='ocrx_word' id='word_1_10' title='bbox 48 788 166 808; x_wconf 71' lang='lat' dir='ltr'>Eustanhio</span> <span class='ocrx_word' id='word_1_11' title='bbox 183 803 189 812; x_wconf 79' lang='grc'>,</span> 
     </span>
     <span class='ocr_line' id='line_1_6' title="bbox 47 818 190 840; baseline 0 -1"><span class='ocrx_word' id='word_1_12' title='bbox 47 823 69 839; x_wconf 68' lang='lat' dir='ltr'>rt</span> <span class='ocrx_word' id='word_1_13' title='bbox 80 819 105 839; x_wconf 78' lang='grc' dir='ltr'>.1ι·</span> <span class='ocrx_word' id='word_1_14' title='bbox 113 820 134 840; x_wconf 90' lang='lat' dir='ltr'>S.</span> <span class='ocrx_word' id='word_1_15' title='bbox 146 818 190 839; x_wconf 82' lang='lat' dir='ltr'>Ro-</span> 
     </span>
     <span class='ocr_line' id='line_1_7' title="bbox 51 857 190 870; baseline 0.007 -1"><span class='ocrx_word' id='word_1_16' title='bbox 51 857 114 870; x_wconf 78' lang='lat' dir='ltr'>mano</span> <span class='ocrx_word' id='word_1_17' title='bbox 144 857 190 870; x_wconf 74' lang='lat' dir='ltr'>ser-</span> 
     </span>
     <span class='ocr_line' id='line_1_8' title="bbox 47 881 190 905; baseline 0.014 -5"><span class='ocrx_word' id='word_1_18' title='bbox 47 888 132 905; x_wconf 81' lang='lat' dir='ltr'>mones,</span> <span class='ocrx_word' id='word_1_19' title='bbox 145 881 190 902; x_wconf 88' lang='lat' dir='ltr'>To-</span> 
     </span>
     <span class='ocr_line' id='line_1_9' title="bbox 48 911 187 937; baseline 0.014 -6"><span class='ocrx_word' id='word_1_20' title='bbox 48 919 83 932; x_wconf 80' lang='lat' dir='ltr'>mu</span> <span class='ocrx_word' id='word_1_21' title='bbox 93 911 187 937; x_wconf 79' lang='lat' dir='ltr'>lI,rid¹:.</span> 
     </span>
    </p>
   </div>
   <div class='ocr_carea' id='block_1_3' title="bbox 58 2148 194 2171">
    <p class='ocr_par' dir='ltr' id='par_1_3' title="bbox 58 2148 194 2171">
     <span class='ocr_line' id='line_1_10' title="bbox 58 2148 194 2171; baseline 0.007 -1"><span class='ocrx_word' id='word_1_22' title='bbox 58 2149 111 2170; x_wconf 79' lang='lat' dir='ltr'>Gal.</span> <span class='ocrx_word' id='word_1_23' title='bbox 123 2148 144 2170; x_wconf 77' lang='grc'>5.</span> <span class='ocrx_word' id='word_1_24' title='bbox 158 2155 194 2171; x_wconf 81' lang='grc'>22,</span> 
     </span>
    </p>
   </div>
   <div class='ocr_carea' id='block_1_4' title="bbox 208 175 271 208">
    <p class='ocr_par' dir='ltr' id='par_1_4' title="bbox 208 175 271 208">
     <span class='ocr_line' id='line_1_11' title="bbox 208 175 271 208; baseline -0.016 0"><span class='ocrx_word' id='word_1_25' title='bbox 208 175 271 208; x_wconf 65' lang='grc'>18)</span> 
     </span>
    </p>
   </div>
   <div class='ocr_carea' id='block_1_5' title="bbox 198 239 945 750">
    <p class='ocr_par' dir='ltr' id='par_1_5' title="bbox 198 239 945 750">
     <span class='ocr_line' id='line_1_12' title="bbox 201 239 944 282; baseline -0.007 -8"><span class='ocrx_word' id='word_1_26' title='bbox 201 253 288 275; x_wconf 79' lang='lat' dir='ltr'>autem</span> <span class='ocrx_word' id='word_1_27' title='bbox 304 244 375 274; x_wconf 85' lang='lat' dir='ltr'>illud</span> <span class='ocrx_word' id='word_1_28' title='bbox 388 251 509 280; x_wconf 60' lang='lat' dir='ltr'>tractae,</span> <span class='ocrx_word' id='word_1_29' title='bbox 525 251 554 273; x_wconf 89' lang='lat' dir='ltr'>ut</span> <span class='ocrx_word' id='word_1_30' title='bbox 567 254 652 282; x_wconf 88' lang='lat' dir='ltr'>neque</span> <span class='ocrx_word' id='word_1_31' title='bbox 662 252 736 272; x_wconf 88' lang='lat' dir='ltr'>mens</span> <span class='ocrx_word' id='word_1_32' title='bbox 750 242 819 271; x_wconf 89' lang='lat' dir='ltr'>ultra</span> <span class='ocrx_word' id='word_1_33' title='bbox 833 239 944 270; x_wconf 86' lang='lat' dir='ltr'>modum</span> 
     </span>
     <span class='ocr_line' id='line_1_13' title="bbox 203 287 945 329; baseline -0.007 -9"><span class='ocrx_word' id='word_1_34' title='bbox 203 292 348 328; x_wconf 83' lang='lat' dir='ltr'>relaxetur,</span> <span class='ocrx_word' id='word_1_35' title='bbox 362 301 447 329; x_wconf 90' lang='lat' dir='ltr'>neque</span> <span class='ocrx_word' id='word_1_36' title='bbox 457 300 551 319; x_wconf 87' lang='lat' dir='ltr'>rursus</span> <span class='ocrx_word' id='word_1_37' title='bbox 563 289 626 329; x_wconf 88' lang='lat' dir='ltr'>plus</span> <span class='ocrx_word' id='word_1_38' title='bbox 636 299 718 328; x_wconf 88' lang='lat' dir='ltr'>quam</span> <span class='ocrx_word' id='word_1_39' title='bbox 731 299 778 328; x_wconf 89' lang='lat' dir='ltr'>par</span> <span class='ocrx_word' id='word_1_40' title='bbox 789 294 828 317; x_wconf 87' lang='lat' dir='ltr'>est</span> <span class='ocrx_word' id='word_1_41' title='bbox 842 287 945 316; x_wconf 84' lang='lat' dir='ltr'>intenta</span> 
     </span>
     <span class='ocr_line' id='line_1_14' title="bbox 203 333 945 377; baseline -0.005 -11"><span class='ocrx_word' id='word_1_42' title='bbox 203 338 349 377; x_wconf 71' lang='lat' dir='ltr'>frangatur,</span> <span class='ocrx_word' id='word_1_43' title='bbox 359 343 384 366; x_wconf 87' lang='lat' dir='ltr'>et</span> <span class='ocrx_word' id='word_1_44' title='bbox 396 336 534 366; x_wconf 76' lang='lat' dir='ltr'>laboribus</span> <span class='ocrx_word' id='word_1_45' title='bbox 545 335 686 375; x_wconf 75' lang='lat' dir='ltr'>defatigata</span> <span class='ocrx_word' id='word_1_46' title='bbox 697 333 812 364; x_wconf 81' lang='lat' dir='ltr'>deficiat.</span> <span class='ocrx_word' id='word_1_47' title='bbox 822 335 945 373; x_wconf 85' lang='lat' dir='ltr'>Propter-</span> 
     </span>
     <span class='ocr_line' id='line_1_15' title="bbox 200 379 943 424; baseline -0.008 -11"><span class='ocrx_word' id='word_1_48' title='bbox 200 395 230 413; x_wconf 89' lang='lat' dir='ltr'>ea</span> <span class='ocrx_word' id='word_1_49' title='bbox 245 394 331 424; x_wconf 81' lang='lat' dir='ltr'><strong>nuper</strong></span> <span class='ocrx_word' id='word_1_50' title='bbox 344 394 405 413; x_wconf 90' lang='lat' dir='ltr'>cum</span> <span class='ocrx_word' id='word_1_51' title='bbox 418 382 452 412; x_wconf 91' lang='lat' dir='ltr'>de</span> <span class='ocrx_word' id='word_1_52' title='bbox 466 384 544 412; x_wconf 85' lang='lat' dir='ltr'>Petro</span> <span class='ocrx_word' id='word_1_53' title='bbox 559 389 585 411; x_wconf 88' lang='lat' dir='ltr'>et</span> <span class='ocrx_word' id='word_1_54' title='bbox 602 381 687 411; x_wconf 83' lang='lat' dir='ltr'>Paulo</span> <span class='ocrx_word' id='word_1_55' title='bbox 706 379 924 410; x_wconf 83' lang='lat' dir='ltr'>disseruissemus</span> <span class='ocrx_word' id='word_1_56' title='bbox 934 400 943 415; x_wconf 88' lang='lat'>,</span> 
     </span>
     <span class='ocr_line' id='line_1_16' title="bbox 200 426 942 469; baseline -0.008 -9"><span class='ocrx_word' id='word_1_57' title='bbox 200 438 226 460; x_wconf 89' lang='lat' dir='ltr'>ct</span> <span class='ocrx_word' id='word_1_58' title='bbox 244 431 278 460; x_wconf 88' lang='lat' dir='ltr'>dc</span> <span class='ocrx_word' id='word_1_59' title='bbox 291 437 383 460; x_wconf 87' lang='lat' dir='ltr'>exorta</span> <span class='ocrx_word' id='word_1_60' title='bbox 403 432 472 459; x_wconf 75' lang='lat' dir='ltr'>inter</span> <span class='ocrx_word' id='word_1_61' title='bbox 491 430 563 469; x_wconf 91' lang='lat' dir='ltr'>ipsos</span> <span class='ocrx_word' id='word_1_62' title='bbox 581 427 730 458; x_wconf 71' lang='lat' dir='ltr'>Antiochiae</span> <span class='ocrx_word' id='word_1_63' title='bbox 743 426 942 462; x_wconf 82' lang='lat' dir='ltr'>controversia,</span> 
     </span>
     <span class='ocr_line' id='line_1_17' title="bbox 200 473 942 518; baseline -0.009 -10"><span class='ocrx_word' id='word_1_64' title='bbox 200 489 373 518; x_wconf 78' lang='lat' dir='ltr'>pugnamque</span> <span class='ocrx_word' id='word_1_65' title='bbox 386 477 475 513; x_wconf 86' lang='lat' dir='ltr'>illam,</span> <span class='ocrx_word' id='word_1_66' title='bbox 489 487 548 515; x_wconf 77' lang='lat' dir='ltr'>qua:</span> <span class='ocrx_word' id='word_1_67' title='bbox 560 476 629 505; x_wconf 82' lang='lat' dir='ltr'>i&#39;nter</span> <span class='ocrx_word' id='word_1_68' title='bbox 647 485 693 505; x_wconf 82' lang='lat' dir='ltr'>eos</span> <span class='ocrx_word' id='word_1_69' title='bbox 711 485 769 506; x_wconf 82' lang='lat' dir='ltr'>esse</span> <span class='ocrx_word' id='word_1_70' title='bbox 781 473 942 509; x_wconf 83' lang='lat' dir='ltr'>videbatur,</span> 
     </span>
     <span class='ocr_line' id='line_1_18' title="bbox 199 521 944 564; baseline -0.008 -10"><span class='ocrx_word' id='word_1_71' title='bbox 199 536 264 564; x_wconf 82' lang='lat' dir='ltr'>pace</span> <span class='ocrx_word' id='word_1_72' title='bbox 275 524 371 564; x_wconf 87' lang='lat' dir='ltr'>quavis</span> <span class='ocrx_word' id='word_1_73' title='bbox 391 524 526 553; x_wconf 80' lang='lat' dir='ltr'><strong>utiliorem</strong></span> <span class='ocrx_word' id='word_1_74' title='bbox 538 522 615 553; x_wconf 87' lang='lat' dir='ltr'>vobis</span> <span class='ocrx_word' id='word_1_75' title='bbox 634 521 851 555; x_wconf 74' lang='lat' dir='ltr'>ostendissemus,</span> <span class='ocrx_word' id='word_1_76' title='bbox 869 530 944 549; x_wconf 90' lang='lat' dir='ltr'>cum-</span> 
     </span>
     <span class='ocr_line' id='line_1_19' title="bbox 199 565 943 611; baseline -0.008 -11"><span class='ocrx_word' id='word_1_77' title='bbox 199 583 251 610; x_wconf 91' lang='lat' dir='ltr'>que</span> <span class='ocrx_word' id='word_1_78' title='bbox 262 571 295 600; x_wconf 91' lang='lat' dir='ltr'>ad</span> <span class='ocrx_word' id='word_1_79' title='bbox 307 578 469 611; x_wconf 84' lang='lat' dir='ltr'>praeruptam</span> <span class='ocrx_word' id='word_1_80' title='bbox 481 577 505 599; x_wconf 85' lang='lat' dir='ltr'>ct</span> <span class='ocrx_word' id='word_1_81' title='bbox 517 580 638 609; x_wconf 78' lang='lat' dir='ltr'>asperam</span> <span class='ocrx_word' id='word_1_82' title='bbox 655 580 703 599; x_wconf 86' lang='lat' dir='ltr'>vos</span> <span class='ocrx_word' id='word_1_83' title='bbox 724 568 800 597; x_wconf 89' lang='lat' dir='ltr'>illam</span> <span class='ocrx_word' id='word_1_84' title='bbox 814 566 886 596; x_wconf 89' lang='lat' dir='ltr'>viam</span> <span class='ocrx_word' id='word_1_85' title='bbox 897 565 943 595; x_wconf 85' lang='lat' dir='ltr'>dc-</span> 
     </span>
     <span class='ocr_line' id='line_1_20' title="bbox 198 616 945 657; baseline -0.009 -9"><span class='ocrx_word' id='word_1_86' title='bbox 198 619 384 648; x_wconf 79' lang='lat' dir='ltr'>duxissemus:</span> <span class='ocrx_word' id='word_1_87' title='bbox 397 618 523 657; x_wconf 89' lang='lat' dir='ltr'>quoniam</span> <span class='ocrx_word' id='word_1_88' title='bbox 528 616 685 655; x_wconf 76' lang='lat' dir='ltr'>defatigatos</span> <span class='ocrx_word' id='word_1_89' title='bbox 694 616 826 651; x_wconf 86' lang='lat' dir='ltr'>vidimus,</span> <span class='ocrx_word' id='word_1_90' title='bbox 835 623 945 652; x_wconf 85' lang='lat' dir='ltr'>sequen-</span> 
     </span>
     <span class='ocr_line' id='line_1_21' title="bbox 199 659 944 703; baseline -0.009 -8"><span class='ocrx_word' id='word_1_91' title='bbox 199 666 218 695; x_wconf 87' lang='lat' dir='ltr'>ti</span> <span class='ocrx_word' id='word_1_92' title='bbox 229 665 274 694; x_wconf 89' lang='lat' dir='ltr'>die</span> <span class='ocrx_word' id='word_1_93' title='bbox 286 664 320 694; x_wconf 88' lang='lat' dir='ltr'>ad</span> <span class='ocrx_word' id='word_1_94' title='bbox 331 664 408 694; x_wconf 79' lang='lat' dir='ltr'>aliud</span> <span class='ocrx_word' id='word_1_95' title='bbox 422 671 608 703; x_wconf 80' lang='lat' dir='ltr'>argumentum</span> <span class='ocrx_word' id='word_1_96' title='bbox 624 673 671 692; x_wconf 89' lang='lat' dir='ltr'>vos</span> <span class='ocrx_word' id='word_1_97' title='bbox 684 661 866 697; x_wconf 83' lang='lat' dir='ltr'>traduximus,</span> <span class='ocrx_word' id='word_1_98' title='bbox 877 659 944 689; x_wconf 84' lang='lat' dir='ltr'>dum</span> 
     </span>
     <span class='ocr_line' id='line_1_22' title="bbox 198 706 944 750; baseline -0.009 -8"><span class='ocrx_word' id='word_1_99' title='bbox 198 712 269 741; x_wconf 83' lang='lat' dir='ltr'>beati</span> <span class='ocrx_word' id='word_1_100' title='bbox 282 711 418 742; x_wconf 82' lang='lat' dir='ltr'>Eustathii</span> <span class='ocrx_word' id='word_1_101' title='bbox 429 710 561 750; x_wconf 80' lang='lat' dir='ltr'>praeconia</span> <span class='ocrx_word' id='word_1_102' title='bbox 572 709 752 745; x_wconf 86' lang='lat' dir='ltr'>narravimus,</span> <span class='ocrx_word' id='word_1_103' title='bbox 762 713 855 747; x_wconf 81' lang='lat' dir='ltr'>etpost</span> <span class='ocrx_word' id='word_1_104' title='bbox 864 706 944 736; x_wconf 75' lang='lat' dir='ltr'>Illum</span> 
     </span>
    </p>
   </div>
   <div class='ocr_carea' id='block_1_6' title="bbox 184 753 942 798">
    <p class='ocr_par' dir='ltr' id='par_1_6' title="bbox 184 753 942 798">
     <span class='ocr_line' id='line_1_23' title="bbox 184 753 942 798; baseline -0.009 -10"><span class='ocrx_word' id='word_1_105' title='bbox 184 758 320 798; x_wconf 57' lang='lat' dir='ltr'>generosi</span> <span class='ocrx_word' id='word_1_106' title='bbox 342 757 469 796; x_wconf 82' lang='lat' dir='ltr'>martyris</span> <span class='ocrx_word' id='word_1_107' title='bbox 490 755 603 785; x_wconf 85' lang='lat' dir='ltr'>Romani</span> <span class='ocrx_word' id='word_1_108' title='bbox 623 754 717 784; x_wconf 88' lang='lat' dir='ltr'>laudes</span> <span class='ocrx_word' id='word_1_109' title='bbox 740 753 942 793; x_wconf 85' lang='lat' dir='ltr'>percurrimus,</span> 
     </span>
    </p>
   </div>
   <div class='ocr_carea' id='block_1_7' title="bbox 195 798 979 1764">
    <p class='ocr_par' dir='ltr' id='par_1_7' title="bbox 198 798 944 839">
     <span class='ocr_line' id='line_1_24' title="bbox 198 798 944 839; baseline -0.008 -5"><span class='ocrx_word' id='word_1_110' title='bbox 198 816 260 834; x_wconf 89' lang='lat' dir='ltr'>cum</span> <span class='ocrx_word' id='word_1_111' title='bbox 273 803 407 833; x_wconf 85' lang='lat' dir='ltr'>illustrius</span> <span class='ocrx_word' id='word_1_112' title='bbox 421 801 497 831; x_wconf 87' lang='lat' dir='ltr'>nobis</span> <span class='ocrx_word' id='word_1_113' title='bbox 508 802 607 830; x_wconf 86' lang='lat' dir='ltr'>sactum</span> <span class='ocrx_word' id='word_1_114' title='bbox 621 807 659 830; x_wconf 83' lang='lat' dir='ltr'>est</span> <span class='ocrx_word' id='word_1_115' title='bbox 671 800 814 836; x_wconf 83' lang='lat' dir='ltr'>theatrum,</span> <span class='ocrx_word' id='word_1_116' title='bbox 828 798 944 839; x_wconf 81' lang='lat' dir='ltr'>amplior</span> 
     </span>
    </p>

    <p class='ocr_par' dir='ltr' id='par_1_8' title="bbox 198 845 943 891">
     <span class='ocr_line' id='line_1_25' title="bbox 198 845 943 891; baseline -0.007 -12"><span class='ocrx_word' id='word_1_117' title='bbox 198 851 355 891; x_wconf 74' lang='lat' dir='ltr'>applausus,</span> <span class='ocrx_word' id='word_1_118' title='bbox 377 860 407 878; x_wconf 88' lang='lat' dir='ltr'>ac</span> <span class='ocrx_word' id='word_1_119' title='bbox 426 849 511 888; x_wconf 61' lang='lat' dir='ltr'>major</span> <span class='ocrx_word' id='word_1_120' title='bbox 524 847 652 887; x_wconf 86' lang='lat' dir='ltr'>strepitus</span> <span class='ocrx_word' id='word_1_121' title='bbox 672 845 888 876; x_wconf 79' lang='lat' dir='ltr'>acclamantium.</span> <span class='ocrx_word' id='word_1_122' title='bbox 903 846 943 875; x_wconf 88' lang='lat' dir='ltr'>Ut</span> 
     </span>
    </p>

    <p class='ocr_par' dir='ltr' id='par_1_9' title="bbox 195 891 979 1764">
     <span class='ocr_line' id='line_1_26' title="bbox 196 891 979 934; baseline -0.006 -9"><span class='ocrx_word' id='word_1_123' title='bbox 196 892 304 925; x_wconf 71' lang='lat' dir='ltr'>enim&#39;si</span> <span class='ocrx_word' id='word_1_124' title='bbox 317 895 379 934; x_wconf 88' lang='lat' dir='ltr'>quis</span> <span class='ocrx_word' id='word_1_125' title='bbox 389 894 435 923; x_wconf 87' lang='lat' dir='ltr'>ubi</span> <span class='ocrx_word' id='word_1_126' title='bbox 446 893 564 923; x_wconf 82' lang='lat' dir='ltr'>defessus</span> <span class='ocrx_word' id='word_1_127' title='bbox 577 893 669 930; x_wconf 86' lang='lat' dir='ltr'>suerit,</span> <span class='ocrx_word' id='word_1_128' title='bbox 682 891 780 922; x_wconf 84' lang='lat' dir='ltr'>deinde</span> <span class='ocrx_word' id='word_1_129' title='bbox 793 891 820 920; x_wconf 85' lang='lat' dir='ltr'>in</span> <span class='ocrx_word' id='word_1_130' title='bbox 834 898 943 931; x_wconf 91' lang='lat' dir='ltr'>pratum</span> <span class='ocrx_word' id='word_1_131' title='bbox 960 891 979 914; x_wconf 84' lang='lat' dir='ltr'>D</span> 
     </span>
     <span class='ocr_line' id='line_1_27' title="bbox 195 936 943 982; baseline -0.007 -11"><span class='ocrx_word' id='word_1_132' title='bbox 195 941 378 982; x_wconf 85' lang='lat' dir='ltr'>ingrediatur,</span> <span class='ocrx_word' id='word_1_133' title='bbox 402 939 516 980; x_wconf 82' lang='lat' dir='ltr'>gaudet,</span> <span class='ocrx_word' id='word_1_134' title='bbox 544 950 574 969; x_wconf 91' lang='lat' dir='ltr'>ac</span> <span class='ocrx_word' id='word_1_135' title='bbox 597 939 745 968; x_wconf 84' lang='lat' dir='ltr'>delectatur</span> <span class='ocrx_word' id='word_1_136' title='bbox 754 960 762 975; x_wconf 89' lang='lat'>,</span> <span class='ocrx_word' id='word_1_137' title='bbox 782 937 849 967; x_wconf 91' lang='lat' dir='ltr'>dum</span> <span class='ocrx_word' id='word_1_138' title='bbox 871 936 943 966; x_wconf 81' lang='lat' dir='ltr'>nihil</span> 
     </span>
     <span class='ocr_line' id='line_1_28' title="bbox 195 984 941 1028; baseline -0.005 -11"><span class='ocrx_word' id='word_1_139' title='bbox 195 999 333 1028; x_wconf 78' lang='lat' dir='ltr'>asperum,</span> <span class='ocrx_word' id='word_1_140' title='bbox 349 986 418 1016; x_wconf 85' lang='lat' dir='ltr'>nihil</span> <span class='ocrx_word' id='word_1_141' title='bbox 432 986 575 1015; x_wconf 87' lang='lat' dir='ltr'>molestum</span> <span class='ocrx_word' id='word_1_142' title='bbox 590 985 718 1019; x_wconf 86' lang='lat' dir='ltr'>intuetur,</span> <span class='ocrx_word' id='word_1_143' title='bbox 740 984 787 1014; x_wconf 83' lang='lat' dir='ltr'>sed</span> <span class='ocrx_word' id='word_1_144' title='bbox 801 984 941 1014; x_wconf 87' lang='lat' dir='ltr'>recreatio-</span> 
     </span>
     <span class='ocr_line' id='line_1_29' title="bbox 195 1029 942 1073; baseline -0.007 -10"><span class='ocrx_word' id='word_1_145' title='bbox 195 1045 256 1063; x_wconf 85' lang='lat' dir='ltr'>nem</span> <span class='ocrx_word' id='word_1_146' title='bbox 267 1056 274 1070; x_wconf 91' lang='lat'>,</span> <span class='ocrx_word' id='word_1_147' title='bbox 289 1034 454 1073; x_wconf 86' lang='lat' dir='ltr'>voluptatem</span> <span class='ocrx_word' id='word_1_148' title='bbox 464 1055 471 1068; x_wconf 93' lang='lat'>,</span> <span class='ocrx_word' id='word_1_149' title='bbox 487 1042 517 1060; x_wconf 85' lang='lat' dir='ltr'>ac</span> <span class='ocrx_word' id='word_1_150' title='bbox 536 1031 647 1061; x_wconf 79' lang='lat' dir='ltr'>delicias</span> <span class='ocrx_word' id='word_1_151' title='bbox 661 1030 759 1060; x_wconf 87' lang='lat' dir='ltr'>multas</span> <span class='ocrx_word' id='word_1_152' title='bbox 775 1042 783 1059; x_wconf 85' lang='lat'>:</span> <span class='ocrx_word' id='word_1_153' title='bbox 800 1029 838 1059; x_wconf 89' lang='lat' dir='ltr'>sic</span> <span class='ocrx_word' id='word_1_154' title='bbox 854 1036 880 1058; x_wconf 82' lang='lat' dir='ltr'>et</span> <span class='ocrx_word' id='word_1_155' title='bbox 894 1040 942 1059; x_wconf 86' lang='lat' dir='ltr'>vos</span> 
     </span>
     <span class='ocr_line' id='line_1_30' title="bbox 195 1075 943 1119; baseline -0.007 -10"><span class='ocrx_word' id='word_1_156' title='bbox 195 1087 252 1109; x_wconf 87' lang='lat' dir='ltr'>tum</span> <span class='ocrx_word' id='word_1_157' title='bbox 267 1080 394 1119; x_wconf 85' lang='lat' dir='ltr'>temporis</span> <span class='ocrx_word' id='word_1_158' title='bbox 408 1078 496 1108; x_wconf 74' lang='lat' dir='ltr'>affecti</span> <span class='ocrx_word' id='word_1_159' title='bbox 507 1079 598 1114; x_wconf 84' lang='lat' dir='ltr'>eratis,</span> <span class='ocrx_word' id='word_1_160' title='bbox 611 1076 677 1106; x_wconf 85' lang='lat' dir='ltr'>dum</span> <span class='ocrx_word' id='word_1_161' title='bbox 689 1083 751 1116; x_wconf 82' lang='lat' dir='ltr'>post</span> <span class='ocrx_word' id='word_1_162' title='bbox 764 1076 870 1105; x_wconf 86' lang='lat' dir='ltr'>labores</span> <span class='ocrx_word' id='word_1_163' title='bbox 880 1075 943 1105; x_wconf 86' lang='lat' dir='ltr'>illos</span> 
     </span>
     <span class='ocr_line' id='line_1_31' title="bbox 196 1122 942 1162; baseline -0.007 -7"><span class='ocrx_word' id='word_1_164' title='bbox 196 1137 226 1155; x_wconf 92' lang='lat' dir='ltr'>ac</span> <span class='ocrx_word' id='word_1_165' title='bbox 246 1126 420 1155; x_wconf 83' lang='lat' dir='ltr'>difficultates</span> <span class='ocrx_word' id='word_1_166' title='bbox 433 1124 570 1154; x_wconf 79' lang='lat' dir='ltr'>conolonis</span> <span class='ocrx_word' id='word_1_167' title='bbox 588 1123 674 1159; x_wconf 85' lang='lat' dir='ltr'>illius,</span> <span class='ocrx_word' id='word_1_168' title='bbox 689 1130 826 1162; x_wconf 86' lang='lat' dir='ltr'>tamquam</span> <span class='ocrx_word' id='word_1_169' title='bbox 839 1122 867 1151; x_wconf 91' lang='lat' dir='ltr'>iu</span> <span class='ocrx_word' id='word_1_170' title='bbox 880 1133 942 1162; x_wconf 85' lang='lat' dir='ltr'>pra-</span> 
     </span>
     <span class='ocr_line' id='line_1_32' title="bbox 196 1168 943 1210; baseline -0.007 -9"><span class='ocrx_word' id='word_1_171' title='bbox 196 1180 254 1201; x_wconf 85' lang='lat' dir='ltr'>tum</span> <span class='ocrx_word' id='word_1_172' title='bbox 266 1171 403 1210; x_wconf 86' lang='lat' dir='ltr'>quoddam</span> <span class='ocrx_word' id='word_1_173' title='bbox 417 1171 444 1199; x_wconf 85' lang='lat' dir='ltr'>in</span> <span class='ocrx_word' id='word_1_174' title='bbox 456 1177 605 1210; x_wconf 87' lang='lat' dir='ltr'>martyrum</span> <span class='ocrx_word' id='word_1_175' title='bbox 614 1168 707 1198; x_wconf 84' lang='lat' dir='ltr'>laudes</span> <span class='ocrx_word' id='word_1_176' title='bbox 719 1168 843 1207; x_wconf 83' lang='lat' dir='ltr'>ingressi,</span> <span class='ocrx_word' id='word_1_177' title='bbox 857 1168 943 1197; x_wconf 86' lang='lat' dir='ltr'>multa</span> 
     </span>
     <span class='ocr_line' id='line_1_33' title="bbox 196 1213 940 1255; baseline -0.005 -9"><span class='ocrx_word' id='word_1_178' title='bbox 196 1229 259 1246; x_wconf 89' lang='lat' dir='ltr'>cum</span> <span class='ocrx_word' id='word_1_179' title='bbox 279 1216 475 1255; x_wconf 79' lang='lat' dir='ltr'>tranquillitate</span> <span class='ocrx_word' id='word_1_180' title='bbox 496 1215 552 1244; x_wconf 89' lang='lat' dir='ltr'>illis</span> <span class='ocrx_word' id='word_1_181' title='bbox 574 1226 622 1250; x_wconf 80' lang='lat' dir='ltr'>vos</span> <span class='ocrx_word' id='word_1_182' title='bbox 644 1213 750 1243; x_wconf 84' lang='lat' dir='ltr'>deliciis</span> <span class='ocrx_word' id='word_1_183' title='bbox 773 1213 940 1254; x_wconf 84' lang='lat' dir='ltr'>explevistis.</span> 
     </span>
     <span class='ocr_line' id='line_1_34' title="bbox 197 1259 941 1302; baseline -0.005 -9"><span class='ocrx_word' id='word_1_184' title='bbox 197 1265 256 1293; x_wconf 91' lang='lat' dir='ltr'>Non</span> <span class='ocrx_word' id='word_1_185' title='bbox 268 1263 339 1292; x_wconf 85' lang='lat' dir='ltr'>enim</span> <span class='ocrx_word' id='word_1_186' title='bbox 351 1270 408 1292; x_wconf 85' lang='lat' dir='ltr'>tum</span> <span class='ocrx_word' id='word_1_187' title='bbox 419 1268 494 1291; x_wconf 82' lang='lat' dir='ltr'>erant</span> <span class='ocrx_word' id='word_1_188' title='bbox 509 1261 698 1302; x_wconf 85' lang='lat' dir='ltr'>prehensiones</span> <span class='ocrx_word' id='word_1_189' title='bbox 706 1270 736 1289; x_wconf 88' lang='lat' dir='ltr'>ac</span> <span class='ocrx_word' id='word_1_190' title='bbox 747 1259 834 1289; x_wconf 88' lang='lat' dir='ltr'>mutui</span> <span class='ocrx_word' id='word_1_191' title='bbox 844 1270 941 1297; x_wconf 80' lang='lat' dir='ltr'>nexus,</span> 
     </span>
     <span class='ocr_line' id='line_1_35' title="bbox 197 1305 942 1348; baseline -0.004 -10"><span class='ocrx_word' id='word_1_192' title='bbox 197 1320 283 1348; x_wconf 89' lang='lat' dir='ltr'>neque</span> <span class='ocrx_word' id='word_1_193' title='bbox 298 1309 375 1338; x_wconf 82' lang='lat' dir='ltr'>luctae</span> <span class='ocrx_word' id='word_1_194' title='bbox 388 1319 419 1337; x_wconf 87' lang='lat' dir='ltr'>ac</span> <span class='ocrx_word' id='word_1_195' title='bbox 436 1307 641 1343; x_wconf 82' lang='lat' dir='ltr'>declinationes,</span> <span class='ocrx_word' id='word_1_196' title='bbox 657 1306 718 1342; x_wconf 87' lang='lat' dir='ltr'>sed,</span> <span class='ocrx_word' id='word_1_197' title='bbox 734 1305 839 1335; x_wconf 86' lang='lat' dir='ltr'>nemine</span> <span class='ocrx_word' id='word_1_198' title='bbox 861 1306 942 1336; x_wconf 91' lang='lat' dir='ltr'>oblu—</span> 
     </span>
     <span class='ocr_line' id='line_1_36' title="bbox 198 1351 944 1394; baseline -0.004 -10"><span class='ocrx_word' id='word_1_199' title='bbox 198 1362 295 1392; x_wconf 81' lang='lat' dir='ltr'>ctante,</span> <span class='ocrx_word' id='word_1_200' title='bbox 309 1356 365 1384; x_wconf 86' lang='lat' dir='ltr'>sola</span> <span class='ocrx_word' id='word_1_201' title='bbox 378 1353 515 1394; x_wconf 84' lang='lat' dir='ltr'>expedita,</span> <span class='ocrx_word' id='word_1_202' title='bbox 526 1353 612 1382; x_wconf 86' lang='lat' dir='ltr'>soluta</span> <span class='ocrx_word' id='word_1_203' title='bbox 623 1360 649 1382; x_wconf 88' lang='lat' dir='ltr'>et</span> <span class='ocrx_word' id='word_1_204' title='bbox 660 1353 745 1382; x_wconf 86' lang='lat' dir='ltr'>libera</span> <span class='ocrx_word' id='word_1_205' title='bbox 756 1352 843 1382; x_wconf 87' lang='lat' dir='ltr'>oratio</span> <span class='ocrx_word' id='word_1_206' title='bbox 853 1351 944 1382; x_wconf 85' lang='lat' dir='ltr'>decer-</span> 
     </span>
     <span class='ocr_line' id='line_1_37' title="bbox 197 1399 945 1437; baseline -0.003 -7"><span class='ocrx_word' id='word_1_207' title='bbox 197 1402 281 1430; x_wconf 85' lang='lat' dir='ltr'>tabat.</span> <span class='ocrx_word' id='word_1_208' title='bbox 305 1401 411 1431; x_wconf 90' lang='lat' dir='ltr'>Idcirco</span> <span class='ocrx_word' id='word_1_209' title='bbox 428 1408 517 1430; x_wconf 88' lang='lat' dir='ltr'>autem</span> <span class='ocrx_word' id='word_1_210' title='bbox 537 1407 563 1429; x_wconf 81' lang='lat' dir='ltr'>et</span> <span class='ocrx_word' id='word_1_211' title='bbox 585 1399 718 1429; x_wconf 86' lang='lat' dir='ltr'>illustrior</span> <span class='ocrx_word' id='word_1_212' title='bbox 731 1406 804 1437; x_wconf 86' lang='lat' dir='ltr'>erat,</span> <span class='ocrx_word' id='word_1_213' title='bbox 819 1406 845 1428; x_wconf 91' lang='lat' dir='ltr'>et</span> <span class='ocrx_word' id='word_1_214' title='bbox 863 1400 945 1429; x_wconf 87' lang='lat' dir='ltr'>sacris</span> 
     </span>
     <span class='ocr_line' id='line_1_38' title="bbox 199 1445 946 1487; baseline -0.001 -11"><span class='ocrx_word' id='word_1_215' title='bbox 199 1448 374 1477; x_wconf 84' lang='lat' dir='ltr'>conventibus</span> <span class='ocrx_word' id='word_1_216' title='bbox 394 1446 492 1487; x_wconf 82' lang='lat' dir='ltr'>aptior,</span> <span class='ocrx_word' id='word_1_217' title='bbox 508 1446 688 1486; x_wconf 86' lang='lat' dir='ltr'>majoremque</span> <span class='ocrx_word' id='word_1_218' title='bbox 702 1445 811 1475; x_wconf 82' lang='lat' dir='ltr'>laudem</span> <span class='ocrx_word' id='word_1_219' title='bbox 824 1453 946 1486; x_wconf 85' lang='lat' dir='ltr'>reporta-</span> 
     </span>
     <span class='ocr_line' id='line_1_39' title="bbox 199 1491 946 1531; baseline 0 -9"><span class='ocrx_word' id='word_1_220' title='bbox 199 1495 257 1523; x_wconf 86' lang='lat' dir='ltr'>bat.</span> <span class='ocrx_word' id='word_1_221' title='bbox 273 1495 343 1523; x_wconf 91' lang='lat' dir='ltr'>Cum</span> <span class='ocrx_word' id='word_1_222' title='bbox 363 1493 435 1523; x_wconf 86' lang='lat' dir='ltr'>enim</span> <span class='ocrx_word' id='word_1_223' title='bbox 455 1503 497 1530; x_wconf 88' lang='lat' dir='ltr'>ea,</span> <span class='ocrx_word' id='word_1_224' title='bbox 518 1503 578 1531; x_wconf 83' lang='lat' dir='ltr'>quae</span> <span class='ocrx_word' id='word_1_225' title='bbox 590 1491 731 1528; x_wconf 88' lang='lat' dir='ltr'>dicuntur,</span> <span class='ocrx_word' id='word_1_226' title='bbox 745 1503 808 1521; x_wconf 93' lang='lat' dir='ltr'>cum</span> <span class='ocrx_word' id='word_1_227' title='bbox 819 1491 946 1522; x_wconf 81' lang='lat' dir='ltr'>facilitate</span> 
     </span>
     <span class='ocr_line' id='line_1_40' title="bbox 200 1538 947 1578; baseline 0 -10"><span class='ocrx_word' id='word_1_228' title='bbox 200 1550 276 1569; x_wconf 78' lang='lat' dir='ltr'>mens</span> <span class='ocrx_word' id='word_1_229' title='bbox 287 1539 443 1568; x_wconf 85' lang='lat' dir='ltr'>auditorum</span> <span class='ocrx_word' id='word_1_230' title='bbox 456 1538 619 1577; x_wconf 83' lang='lat' dir='ltr'>assequitur,</span> <span class='ocrx_word' id='word_1_231' title='bbox 632 1538 718 1567; x_wconf 89' lang='lat' dir='ltr'>multa</span> <span class='ocrx_word' id='word_1_232' title='bbox 733 1538 872 1578; x_wconf 79' lang='lat' dir='ltr'>voluptate</span> <span class='ocrx_word' id='word_1_233' title='bbox 883 1549 947 1578; x_wconf 87' lang='lat' dir='ltr'>per-</span> 
     </span>
     <span class='ocr_line' id='line_1_41' title="bbox 200 1583 946 1621; baseline -0.001 -7"><span class='ocrx_word' id='word_1_234' title='bbox 200 1587 270 1621; x_wconf 86' lang='lat' dir='ltr'>susa,</span> <span class='ocrx_word' id='word_1_235' title='bbox 282 1585 315 1614; x_wconf 87' lang='lat' dir='ltr'>ad</span> <span class='ocrx_word' id='word_1_236' title='bbox 326 1585 542 1615; x_wconf 87' lang='lat' dir='ltr'>acclamationem</span> <span class='ocrx_word' id='word_1_237' title='bbox 553 1591 579 1613; x_wconf 88' lang='lat' dir='ltr'>et</span> <span class='ocrx_word' id='word_1_238' title='bbox 591 1583 698 1613; x_wconf 84' lang='lat' dir='ltr'>laudem</span> <span class='ocrx_word' id='word_1_239' title='bbox 714 1585 827 1613; x_wconf 87' lang='lat' dir='ltr'>oratoris</span> <span class='ocrx_word' id='word_1_240' title='bbox 850 1585 946 1614; x_wconf 82' lang='lat' dir='ltr'>excita-</span> 
     </span>
     <span class='ocr_line' id='line_1_42' title="bbox 199 1629 946 1671; baseline 0 -11"><span class='ocrx_word' id='word_1_241' title='bbox 199 1639 255 1661; x_wconf 87' lang='lat' dir='ltr'>tur.</span> <span class='ocrx_word' id='word_1_242' title='bbox 271 1630 388 1668; x_wconf 86' lang='lat' dir='ltr'>Quando</span> <span class='ocrx_word' id='word_1_243' title='bbox 398 1630 482 1671; x_wconf 85' lang='lat' dir='ltr'>igitur</span> <span class='ocrx_word' id='word_1_244' title='bbox 493 1629 601 1660; x_wconf 86' lang='lat' dir='ltr'>abunde</span> <span class='ocrx_word' id='word_1_245' title='bbox 614 1640 664 1660; x_wconf 86' lang='lat' dir='ltr'>vos</span> <span class='ocrx_word' id='word_1_246' title='bbox 677 1629 722 1659; x_wconf 87' lang='lat' dir='ltr'>his</span> <span class='ocrx_word' id='word_1_247' title='bbox 735 1629 832 1660; x_wconf 88' lang='lat' dir='ltr'>diebus</span> <span class='ocrx_word' id='word_1_248' title='bbox 844 1641 946 1660; x_wconf 78' lang='lat' dir='ltr'>recrea-</span> 
     </span>
     <span class='ocr_line' id='line_1_43' title="bbox 200 1677 948 1716; baseline -0.003 -7"><span class='ocrx_word' id='word_1_249' title='bbox 200 1679 290 1709; x_wconf 87' lang='lat' dir='ltr'>vimus</span> <span class='ocrx_word' id='word_1_250' title='bbox 299 1701 307 1714; x_wconf 92' lang='lat'>‚</span> <span class='ocrx_word' id='word_1_251' title='bbox 338 1688 424 1716; x_wconf 85' lang='lat' dir='ltr'>neque</span> <span class='ocrx_word' id='word_1_252' title='bbox 454 1677 595 1706; x_wconf 85' lang='lat' dir='ltr'>molestum</span> <span class='ocrx_word' id='word_1_253' title='bbox 618 1683 665 1706; x_wconf 89' lang='lat' dir='ltr'>aut</span> <span class='ocrx_word' id='word_1_254' title='bbox 693 1687 775 1716; x_wconf 84' lang='lat' dir='ltr'>grave</span> <span class='ocrx_word' id='word_1_255' title='bbox 798 1677 948 1716; x_wconf 87' lang='lat' dir='ltr'>quidquam</span> 
     </span>
     <span class='ocr_line' id='line_1_44' title="bbox 201 1722 948 1764; baseline -0.001 -10"><span class='ocrx_word' id='word_1_256' title='bbox 201 1732 296 1755; x_wconf 82' lang='lat' dir='ltr'>vestrae</span> <span class='ocrx_word' id='word_1_257' title='bbox 306 1724 455 1764; x_wconf 76' lang='lat' dir='ltr'>objecimus</span> <span class='ocrx_word' id='word_1_258' title='bbox 467 1723 583 1760; x_wconf 84' lang='lat' dir='ltr'>caritati,</span> <span class='ocrx_word' id='word_1_259' title='bbox 598 1734 646 1763; x_wconf 80' lang='lat' dir='ltr'>age</span> <span class='ocrx_word' id='word_1_260' title='bbox 657 1733 750 1752; x_wconf 86' lang='lat' dir='ltr'>rursus</span> <span class='ocrx_word' id='word_1_261' title='bbox 759 1722 841 1753; x_wconf 88' lang='lat' dir='ltr'>hodie</span> <span class='ocrx_word' id='word_1_262' title='bbox 853 1734 900 1754; x_wconf 86' lang='lat' dir='ltr'>vos</span> <span class='ocrx_word' id='word_1_263' title='bbox 912 1723 948 1753; x_wconf 83' lang='lat' dir='ltr'>ad</span> 
     </span>
    </p>
   </div>
   <div class='ocr_carea' id='block_1_8' title="bbox 963 332 982 357">
    <p class='ocr_par' dir='ltr' id='par_1_10' title="bbox 963 332 982 357">
     <span class='ocr_line' id='line_1_45' title="bbox 963 332 982 357; baseline 0 0"><span class='ocrx_word' id='word_1_264' title='bbox 963 332 982 357; x_wconf 89' lang='lat' dir='ltr'>C</span> 
     </span>
    </p>
   </div>
   <div class='ocr_carea' id='block_1_9' title="bbox 532 177 1430 206">
    <p class='ocr_par' dir='ltr' id='par_1_11' title="bbox 532 177 1430 206">
     <span class='ocr_line' id='line_1_46' title="bbox 532 177 1430 206; baseline -0.002 0"><span class='ocrx_word' id='word_1_265' title='bbox 532 183 562 206; x_wconf 89' lang='lat' dir='ltr'>S.</span> <span class='ocrx_word' id='word_1_266' title='bbox 590 181 730 206; x_wconf 72' lang='lat' dir='ltr'>soANNJs</span> <span class='ocrx_word' id='word_1_267' title='bbox 760 179 942 204; x_wconf 79' lang='lat' dir='ltr'>CHRYSOST.</span> <span class='ocrx_word' id='word_1_268' title='bbox 977 177 1129 202; x_wconf 70' lang='lat' dir='ltr'><strong>ARCHOEP.</strong></span> <span class='ocrx_word' id='word_1_269' title='bbox 1159 179 1430 204; x_wconf 72' lang='lat' dir='ltr'><strong>CONSTANTINOP.</strong></span> 
     </span>
    </p>
   </div>
   <div class='ocr_carea' id='block_1_10' title="bbox 997 240 1790 974">
    <p class='ocr_par' dir='ltr' id='par_1_12' title="bbox 997 240 1790 974">
     <span class='ocr_line' id='line_1_47' title="bbox 1001 240 1768 283; baseline 0.003 -15"><span class='ocrx_word' id='word_1_270' title='bbox 1001 240 1196 279; x_wconf 78' lang='grc' dir='ltr'>διατεινομένην</span> <span class='ocrx_word' id='word_1_271' title='bbox 1222 241 1289 281; x_wconf 84' lang='grc' dir='ltr'>ὑπὲρ</span> <span class='ocrx_word' id='word_1_272' title='bbox 1319 241 1350 270; x_wconf 80' lang='grc' dir='ltr'>τὸ</span> <span class='ocrx_word' id='word_1_273' title='bbox 1376 241 1434 271; x_wconf 80' lang='grc' dir='ltr'>δέον</span> <span class='ocrx_word' id='word_1_274' title='bbox 1458 241 1661 283; x_wconf 70' lang='grc' dir='ltr'>διαῤῥῇγνυσθαι</span> <span class='ocrx_word' id='word_1_275' title='bbox 1688 240 1768 271; x_wconf 79' lang='grc' dir='ltr'>πᾶλιν</span> 
     </span>
     <span class='ocr_line' id='line_1_48' title="bbox 1000 285 1769 328; baseline 0.001 -13"><span class='ocrx_word' id='word_1_276' title='bbox 1000 285 1065 326; x_wconf 82' lang='grc' dir='ltr'>πρὸς</span> <span class='ocrx_word' id='word_1_277' title='bbox 1087 285 1131 316; x_wconf 86' lang='grc' dir='ltr'>τὸν</span> <span class='ocrx_word' id='word_1_278' title='bbox 1157 286 1236 317; x_wconf 85' lang='grc' dir='ltr'>πόνον</span> <span class='ocrx_word' id='word_1_279' title='bbox 1262 287 1488 327; x_wconf 79' lang='grc' dir='ltr'>ἀπαγορεύουσαν.</span> <span class='ocrx_word' id='word_1_280' title='bbox 1514 287 1567 318; x_wconf 75' lang='grc' dir='ltr'>Διὰ</span> <span class='ocrx_word' id='word_1_281' title='bbox 1586 290 1663 317; x_wconf 79' lang='grc' dir='ltr'>τοῦτο</span> <span class='ocrx_word' id='word_1_282' title='bbox 1676 287 1769 328; x_wconf 81' lang='grc' dir='ltr'>πρῴην</span> 
     </span>
     <span class='ocr_line' id='line_1_49' title="bbox 1000 332 1770 374; baseline 0.005 -14"><span class='ocrx_word' id='word_1_283' title='bbox 1000 334 1061 371; x_wconf 79' lang='grc' dir='ltr'>ὑμῖν</span> <span class='ocrx_word' id='word_1_284' title='bbox 1075 332 1136 372; x_wconf 85' lang='grc' dir='ltr'>περὶ</span> <span class='ocrx_word' id='word_1_285' title='bbox 1150 333 1259 363; x_wconf 82' lang='grc' dir='ltr'>Παύλου</span> <span class='ocrx_word' id='word_1_286' title='bbox 1273 333 1318 363; x_wconf 86' lang='grc' dir='ltr'>καὶ</span> <span class='ocrx_word' id='word_1_287' title='bbox 1331 333 1435 374; x_wconf 86' lang='grc' dir='ltr'>Πέτρου</span> <span class='ocrx_word' id='word_1_288' title='bbox 1449 333 1646 374; x_wconf 73' lang='grc' dir='ltr'>διαλεχθέντες,</span> <span class='ocrx_word' id='word_1_289' title='bbox 1663 333 1708 364; x_wconf 81' lang='grc' dir='ltr'>καὶ</span> <span class='ocrx_word' id='word_1_290' title='bbox 1722 335 1770 369; x_wconf 85' lang='grc' dir='ltr'>τ’ῆς</span> 
     </span>
     <span class='ocr_line' id='line_1_50' title="bbox 999 377 1770 420; baseline 0.001 -13"><span class='ocrx_word' id='word_1_291' title='bbox 999 378 1027 407; x_wconf 81' lang='grc' dir='ltr'>ἐν</span> <span class='ocrx_word' id='word_1_292' title='bbox 1041 377 1185 419; x_wconf 74' lang='grc' dir='ltr'>Ἀντιοχείᾳ</span> <span class='ocrx_word' id='word_1_293' title='bbox 1209 379 1351 419; x_wconf 81' lang='grc' dir='ltr'>γενομένης</span> <span class='ocrx_word' id='word_1_294' title='bbox 1373 381 1461 413; x_wconf 78' lang='grc' dir='ltr'>αὐτοῖς</span> <span class='ocrx_word' id='word_1_295' title='bbox 1476 380 1542 420; x_wconf 83' lang='grc' dir='ltr'>πρὸς</span> <span class='ocrx_word' id='word_1_296' title='bbox 1563 379 1693 415; x_wconf 76' lang='grc' dir='ltr'>ἀλλήλους</span> <span class='ocrx_word' id='word_1_297' title='bbox 1714 382 1770 419; x_wconf 85' lang='grc' dir='ltr'>ἀμ-</span> 
     </span>
     <span class='ocr_line' id='line_1_51' title="bbox 999 421 1770 465; baseline 0.003 -12"><span class='ocrx_word' id='word_1_298' title='bbox 999 423 1196 463; x_wconf 72' lang='grc' dir='ltr'>φισὸητήσεως,</span> <span class='ocrx_word' id='word_1_299' title='bbox 1215 425 1260 455; x_wconf 80' lang='grc' dir='ltr'>καὶ</span> <span class='ocrx_word' id='word_1_300' title='bbox 1277 426 1325 462; x_wconf 77' lang='grc' dir='ltr'>τὴν</span> <span class='ocrx_word' id='word_1_301' title='bbox 1339 427 1466 456; x_wconf 78' lang='grc' dir='ltr'>δοκοῦσαν</span> <span class='ocrx_word' id='word_1_302' title='bbox 1479 426 1585 456; x_wconf 75' lang='grc' dir='ltr'>ἐκείνων</span> <span class='ocrx_word' id='word_1_303' title='bbox 1598 421 1666 456; x_wconf 74' lang='grc' dir='ltr'>εἶναι</span> <span class='ocrx_word' id='word_1_304' title='bbox 1680 425 1770 465; x_wconf 76' lang='grc' dir='ltr'>μάχην</span> 
     </span>
     <span class='ocr_line' id='line_1_52' title="bbox 998 470 1771 513; baseline 0.001 -14"><span class='ocrx_word' id='word_1_305' title='bbox 998 470 1087 506; x_wconf 81' lang='grc' dir='ltr'>πάσης</span> <span class='ocrx_word' id='word_1_306' title='bbox 1100 471 1205 511; x_wconf 86' lang='grc' dir='ltr'>εἰρήνης</span> <span class='ocrx_word' id='word_1_307' title='bbox 1225 472 1429 513; x_wconf 79' lang='grc' dir='ltr'>χρησιμωτέραν</span> <span class='ocrx_word' id='word_1_308' title='bbox 1443 474 1505 512; x_wconf 79' lang='grc' dir='ltr'>ὑμῖν</span> <span class='ocrx_word' id='word_1_309' title='bbox 1517 471 1713 506; x_wconf 80' lang='grc' dir='ltr'>ἀποδείξαντες,</span> <span class='ocrx_word' id='word_1_310' title='bbox 1725 471 1771 501; x_wconf 83' lang='grc' dir='ltr'>καὶ</span> 
     </span>
     <span class='ocr_line' id='line_1_53' title="bbox 999 516 1770 558; baseline 0.001 -14"><span class='ocrx_word' id='word_1_311' title='bbox 999 516 1044 545; x_wconf 81' lang='grc' dir='ltr'>ἐπὶ</span> <span class='ocrx_word' id='word_1_312' title='bbox 1057 516 1104 552; x_wconf 83' lang='grc' dir='ltr'>τὴν</span> <span class='ocrx_word' id='word_1_313' title='bbox 1119 517 1214 546; x_wconf 80' lang='grc' dir='ltr'>ὑπτίαν</span> <span class='ocrx_word' id='word_1_314' title='bbox 1228 518 1330 554; x_wconf 84' lang='grc' dir='ltr'>ἐκείνην</span> <span class='ocrx_word' id='word_1_315' title='bbox 1345 518 1391 547; x_wconf 81' lang='grc' dir='ltr'>καὶ</span> <span class='ocrx_word' id='word_1_316' title='bbox 1403 522 1530 558; x_wconf 84' lang='grc' dir='ltr'>τραχεῖαν</span> <span class='ocrx_word' id='word_1_317' title='bbox 1545 517 1687 557; x_wconf 79' lang='grc' dir='ltr'>ἀγαγόντες</span> <span class='ocrx_word' id='word_1_318' title='bbox 1701 516 1770 553; x_wconf 82' lang='grc' dir='ltr'>ὁδὸν,</span> 
     </span>
     <span class='ocr_line' id='line_1_54' title="bbox 999 556 1785 604; baseline 0.003 -14"><span class='ocrx_word' id='word_1_319' title='bbox 999 562 1090 598; x_wconf 83' lang='grc' dir='ltr'>ἐπειδὴ</span> <span class='ocrx_word' id='word_1_320' title='bbox 1111 563 1293 599; x_wconf 76' lang='grc' dir='ltr'>πεπονηκότας</span> <span class='ocrx_word' id='word_1_321' title='bbox 1307 563 1422 603; x_wconf 78' lang='grc' dir='ltr'>εἴδομεν,</span> <span class='ocrx_word' id='word_1_322' title='bbox 1438 566 1471 604; x_wconf 85' lang='grc' dir='ltr'>τῇ</span> <span class='ocrx_word' id='word_1_323' title='bbox 1488 565 1545 603; x_wconf 82' lang='grc' dir='ltr'>μετ’</span> <span class='ocrx_word' id='word_1_324' title='bbox 1566 563 1668 600; x_wconf 85' lang='grc' dir='ltr'>ἐκείνην</span> <span class='ocrx_word' id='word_1_325' title='bbox 1682 556 1785 603; x_wconf 42' lang='grc' dir='ltr'>ἡμέροᾙ</span> 
     </span>
     <span class='ocr_line' id='line_1_55' title="bbox 997 607 1790 651; baseline 0.006 -15"><span class='ocrx_word' id='word_1_326' title='bbox 997 607 1062 647; x_wconf 87' lang='grc' dir='ltr'>πρὸς</span> <span class='ocrx_word' id='word_1_327' title='bbox 1085 608 1176 648; x_wconf 83' lang='grc' dir='ltr'>ἑτέραν</span> <span class='ocrx_word' id='word_1_328' title='bbox 1200 610 1378 650; x_wconf 73' lang='grc' dir='ltr'>εὖκολωτὲραν</span> <span class='ocrx_word' id='word_1_329' title='bbox 1393 611 1620 651; x_wconf 78' lang='grc' dir='ltr'>ἐχειραγωγοῦμεν</span> <span class='ocrx_word' id='word_1_330' title='bbox 1632 609 1770 645; x_wconf 78' lang='grc' dir='ltr'>ὑπόθεσιν,</span> <span class='ocrx_word' id='word_1_331' title='bbox 1781 609 1790 641; x_wconf 72' lang='lat' dir='ltr'>l</span> 
     </span>
     <span class='ocr_line' id='line_1_56' title="bbox 997 655 1769 697; baseline 0.005 -14"><span class='ocrx_word' id='word_1_332' title='bbox 997 656 1043 683; x_wconf 81' lang='grc' dir='ltr'>τοῦ</span> <span class='ocrx_word' id='word_1_333' title='bbox 1058 655 1188 695; x_wconf 80' lang='grc' dir='ltr'>μακαρίου</span> <span class='ocrx_word' id='word_1_334' title='bbox 1211 656 1358 687; x_wconf 83' lang='grc' dir='ltr'>Εὖσταθίου</span> <span class='ocrx_word' id='word_1_335' title='bbox 1383 657 1417 686; x_wconf 79' lang='grc' dir='ltr'>τὰ</span> <span class='ocrx_word' id='word_1_336' title='bbox 1438 657 1558 697; x_wconf 78' lang='grc' dir='ltr'>ἐγκώμια</span> <span class='ocrx_word' id='word_1_337' title='bbox 1581 656 1769 696; x_wconf 81' lang='grc' dir='ltr'>διηγούμενοι,</span> 
     </span>
     <span class='ocr_line' id='line_1_57' title="bbox 997 700 1769 743; baseline 0.003 -14"><span class='ocrx_word' id='word_1_338' title='bbox 997 700 1043 730; x_wconf 79' lang='grc' dir='ltr'>καὶ</span> <span class='ocrx_word' id='word_1_339' title='bbox 1065 702 1123 740; x_wconf 88' lang='grc' dir='ltr'>μετ’</span> <span class='ocrx_word' id='word_1_340' title='bbox 1146 703 1243 732; x_wconf 82' lang='grc' dir='ltr'>ἐκεῖνον</span> <span class='ocrx_word' id='word_1_341' title='bbox 1269 705 1315 732; x_wconf 78' lang='grc' dir='ltr'>τοῦ</span> <span class='ocrx_word' id='word_1_342' title='bbox 1340 702 1459 742; x_wconf 85' lang='grc' dir='ltr'>γενναίου</span> <span class='ocrx_word' id='word_1_343' title='bbox 1484 702 1615 743; x_wconf 68' lang='grc' dir='ltr'>μάρτυρος</span> <span class='ocrx_word' id='word_1_344' title='bbox 1629 702 1769 742; x_wconf 82' lang='grc' dir='ltr'>Ῥωμανοῦ</span> 
     </span>
     <span class='ocr_line' id='line_1_58' title="bbox 998 745 1770 789; baseline 0.003 -14"><span class='ocrx_word' id='word_1_345' title='bbox 998 745 1057 780; x_wconf 76' lang='grc' dir='ltr'>τοὺς</span> <span class='ocrx_word' id='word_1_346' title='bbox 1083 746 1205 781; x_wconf 83' lang='grc' dir='ltr'>ἐπαίνους</span> <span class='ocrx_word' id='word_1_347' title='bbox 1229 747 1444 786; x_wconf 36' lang='grc' dir='ltr'>διεξιόντεςπὸτι</span> <span class='ocrx_word' id='word_1_348' title='bbox 1465 748 1496 785; x_wconf 84' lang='grc' dir='ltr'>δὴ</span> <span class='ocrx_word' id='word_1_349' title='bbox 1519 749 1564 779; x_wconf 78' lang='grc' dir='ltr'>καὶ</span> <span class='ocrx_word' id='word_1_350' title='bbox 1586 748 1770 789; x_wconf 85' lang='grc' dir='ltr'>λαμπρότερον</span> 
     </span>
     <span class='ocr_line' id='line_1_59' title="bbox 997 793 1769 834; baseline 0 -12"><span class='ocrx_word' id='word_1_351' title='bbox 997 795 1062 832; x_wconf 82' lang='grc' dir='ltr'>ἡμῖν</span> <span class='ocrx_word' id='word_1_352' title='bbox 1076 793 1107 822; x_wconf 91' lang='grc' dir='ltr'>τὸ</span> <span class='ocrx_word' id='word_1_353' title='bbox 1121 793 1228 834; x_wconf 81' lang='grc' dir='ltr'>θέατρον</span> <span class='ocrx_word' id='word_1_354' title='bbox 1242 794 1342 834; x_wconf 83' lang='grc' dir='ltr'>γέγονε,</span> <span class='ocrx_word' id='word_1_355' title='bbox 1355 794 1399 824; x_wconf 80' lang='grc' dir='ltr'>καὶ</span> <span class='ocrx_word' id='word_1_356' title='bbox 1413 794 1511 824; x_wconf 86' lang='grc' dir='ltr'>πλείων</span> <span class='ocrx_word' id='word_1_357' title='bbox 1521 796 1535 824; x_wconf 84' lang='grc' dir='ltr'><strong>ὁ</strong></span> <span class='ocrx_word' id='word_1_358' title='bbox 1545 794 1646 834; x_wconf 82' lang='grc' dir='ltr'>κρότος,</span> <span class='ocrx_word' id='word_1_359' title='bbox 1656 794 1701 824; x_wconf 81' lang='grc' dir='ltr'>καὶ</span> <span class='ocrx_word' id='word_1_360' title='bbox 1712 793 1769 834; x_wconf 88' lang='grc' dir='ltr'>μεί-</span> 
     </span>
     <span class='ocr_line' id='line_1_60' title="bbox 998 835 1772 883; baseline 0 -15"><span class='ocrx_word' id='word_1_361' title='bbox 998 840 1048 873; x_wconf 87' lang='grc' dir='ltr'>ζων</span> <span class='ocrx_word' id='word_1_362' title='bbox 1059 841 1073 868; x_wconf 82' lang='grc' dir='ltr'>δ</span> <span class='ocrx_word' id='word_1_363' title='bbox 1085 838 1204 879; x_wconf 76' lang='grc' dir='ltr'>θόρυὸος.</span> <span class='ocrx_word' id='word_1_364' title='bbox 1220 840 1348 881; x_wconf 77' lang='grc' dir='ltr'>Καθάπερ</span> <span class='ocrx_word' id='word_1_365' title='bbox 1361 841 1413 881; x_wconf 82' lang='grc' dir='ltr'>γάρ</span> <span class='ocrx_word' id='word_1_366' title='bbox 1427 853 1466 875; x_wconf 82' lang='grc' dir='ltr'>τις</span> <span class='ocrx_word' id='word_1_367' title='bbox 1481 840 1589 880; x_wconf 86' lang='grc' dir='ltr'>καμὼν,</span> <span class='ocrx_word' id='word_1_368' title='bbox 1602 835 1658 870; x_wconf 75' lang='grc' dir='ltr'>εἶτα</span> <span class='ocrx_word' id='word_1_369' title='bbox 1671 841 1709 883; x_wconf 60' lang='grc' dir='ltr'>εἷς</span> <span class='ocrx_word' id='word_1_370' title='bbox 1719 840 1772 869; x_wconf 88' lang='grc' dir='ltr'>λει-</span> 
     </span>
     <span class='ocr_line' id='line_1_61' title="bbox 997 885 1771 927; baseline 0.001 -13"><span class='ocrx_word' id='word_1_371' title='bbox 997 887 1073 924; x_wconf 72' lang='grc' dir='ltr'>μὶἷινα</span> <span class='ocrx_word' id='word_1_372' title='bbox 1087 885 1220 922; x_wconf 76' lang='grc' dir='ltr'>εἰσελθὼν,</span> <span class='ocrx_word' id='word_1_373' title='bbox 1237 885 1363 926; x_wconf 80' lang='grc' dir='ltr'>γάννυται</span> <span class='ocrx_word' id='word_1_374' title='bbox 1385 887 1430 916; x_wconf 79' lang='grc' dir='ltr'>καὶ</span> <span class='ocrx_word' id='word_1_375' title='bbox 1446 888 1594 927; x_wconf 77' lang='grc' dir='ltr'>διαχεῖται,</span> <span class='ocrx_word' id='word_1_376' title='bbox 1614 886 1700 927; x_wconf 74' lang='grc' dir='ltr'>τραχὺ</span> <span class='ocrx_word' id='word_1_377' title='bbox 1721 886 1771 926; x_wconf 78' lang='grc' dir='ltr'>μὲν</span> 
     </span>
     <span class='ocr_line' id='line_1_62' title="bbox 997 931 1770 974; baseline 0.003 -14"><span class='ocrx_word' id='word_1_378' title='bbox 997 933 1064 971; x_wconf 79' lang='grc' dir='ltr'>δρῶν</span> <span class='ocrx_word' id='word_1_379' title='bbox 1082 932 1155 961; x_wconf 82' lang='grc' dir='ltr'>οὐδὲν</span> <span class='ocrx_word' id='word_1_380' title='bbox 1176 931 1234 962; x_wconf 77' lang='grc' dir='ltr'>οὐδὲ</span> <span class='ocrx_word' id='word_1_381' title='bbox 1255 932 1391 969; x_wconf 79' lang='grc' dir='ltr'>ἐπίπονον,</span> <span class='ocrx_word' id='word_1_382' title='bbox 1407 933 1492 963; x_wconf 84' lang='grc' dir='ltr'>ἄνεσιν</span> <span class='ocrx_word' id='word_1_383' title='bbox 1508 933 1536 964; x_wconf 83' lang='grc' dir='ltr'>δὲ</span> <span class='ocrx_word' id='word_1_384' title='bbox 1550 933 1595 963; x_wconf 85' lang='grc' dir='ltr'>καὶ</span> <span class='ocrx_word' id='word_1_385' title='bbox 1607 933 1698 974; x_wconf 74' lang='grc' dir='ltr'>τέρψιν</span> <span class='ocrx_word' id='word_1_386' title='bbox 1725 933 1770 963; x_wconf 80' lang='grc' dir='ltr'>καὶ</span> 
     </span>
    </p>
   </div>
   <div class='ocr_carea' id='block_1_11' title="bbox 970 976 1770 1020">
    <p class='ocr_par' dir='ltr' id='par_1_13' title="bbox 970 976 1770 1020">
     <span class='ocr_line' id='line_1_63' title="bbox 970 976 1770 1020; baseline 0.004 -15"><span class='ocrx_word' id='word_1_387' title='bbox 970 991 972 993; x_wconf 94' lang='grc'><em>·</em></span> <span class='ocrx_word' id='word_1_388' title='bbox 997 976 1169 1017; x_wconf 83' lang='grc' dir='ltr'>ψυχαγωγίαν</span> <span class='ocrx_word' id='word_1_389' title='bbox 1191 978 1292 1015; x_wconf 82' lang='grc' dir='ltr'>πολλήν</span> <span class='ocrx_word' id='word_1_390' title='bbox 1308 991 1314 997; x_wconf 92' lang='grc'><em>·</em></span> <span class='ocrx_word' id='word_1_391' title='bbox 1329 979 1398 1009; x_wconf 74' lang='grc' dir='ltr'>οὕτω</span> <span class='ocrx_word' id='word_1_392' title='bbox 1411 979 1456 1009; x_wconf 82' lang='grc' dir='ltr'>καὶ</span> <span class='ocrx_word' id='word_1_393' title='bbox 1471 980 1545 1019; x_wconf 80' lang='grc' dir='ltr'>ὑμεῖς</span> <span class='ocrx_word' id='word_1_394' title='bbox 1558 983 1624 1020; x_wconf 58' lang='grc' dir='ltr'>’μοι</span> <span class='ocrx_word' id='word_1_395' title='bbox 1643 978 1770 1009; x_wconf 71' lang='grc' dir='ltr'>διέκεισθε</span> 
     </span>
    </p>
   </div>
   <div class='ocr_carea' id='block_1_12' title="bbox 997 1023 1771 1388">
    <p class='ocr_par' dir='ltr' id='par_1_14' title="bbox 997 1023 1771 1388">
     <span class='ocr_line' id='line_1_64' title="bbox 997 1023 1770 1064; baseline 0.003 -12"><span class='ocrx_word' id='word_1_396' title='bbox 997 1023 1056 1053; x_wconf 88' lang='grc' dir='ltr'>τότε</span> <span class='ocrx_word' id='word_1_397' title='bbox 1068 1035 1074 1041; x_wconf 92' lang='grc'>·</span> <span class='ocrx_word' id='word_1_398' title='bbox 1097 1024 1149 1053; x_wconf 89' lang='grc' dir='ltr'>ἀπὸ</span> <span class='ocrx_word' id='word_1_399' title='bbox 1167 1023 1218 1064; x_wconf 81' lang='grc' dir='ltr'>γὰρ</span> <span class='ocrx_word' id='word_1_400' title='bbox 1242 1027 1295 1054; x_wconf 80' lang='grc' dir='ltr'>τῶν</span> <span class='ocrx_word' id='word_1_401' title='bbox 1312 1025 1399 1055; x_wconf 84' lang='grc' dir='ltr'>πόνων</span> <span class='ocrx_word' id='word_1_402' title='bbox 1420 1026 1465 1055; x_wconf 80' lang='grc' dir='ltr'>καὶ</span> <span class='ocrx_word' id='word_1_403' title='bbox 1486 1028 1538 1056; x_wconf 81' lang='grc' dir='ltr'>τῶν</span> <span class='ocrx_word' id='word_1_404' title='bbox 1558 1027 1702 1056; x_wconf 79' lang='grc' dir='ltr'>δυσκολιῶν</span> <span class='ocrx_word' id='word_1_405' title='bbox 1722 1027 1770 1062; x_wconf 79' lang='grc' dir='ltr'>τῆς</span> 
     </span>
     <span class='ocr_line' id='line_1_65' title="bbox 998 1069 1770 1112; baseline 0.004 -13"><span class='ocrx_word' id='word_1_406' title='bbox 998 1069 1150 1110; x_wconf 81' lang='grc' dir='ltr'>ἀκροάσεως</span> <span class='ocrx_word' id='word_1_407' title='bbox 1171 1069 1288 1108; x_wconf 79' lang='grc' dir='ltr'>ἐκείνης,</span> <span class='ocrx_word' id='word_1_408' title='bbox 1303 1071 1394 1111; x_wconf 79' lang='grc' dir='ltr'>ὥσπερ</span> <span class='ocrx_word' id='word_1_409' title='bbox 1414 1073 1452 1105; x_wconf 86' lang='grc' dir='ltr'>εἷς</span> <span class='ocrx_word' id='word_1_410' title='bbox 1471 1073 1590 1112; x_wconf 78' lang='grc' dir='ltr'>λειμῶνα</span> <span class='ocrx_word' id='word_1_411' title='bbox 1610 1071 1770 1105; x_wconf 75' lang='grc' dir='ltr'>εἰσελθόντες</span> 
     </span>
     <span class='ocr_line' id='line_1_66' title="bbox 997 1116 1770 1157; baseline 0.005 -13"><span class='ocrx_word' id='word_1_412' title='bbox 997 1118 1049 1145; x_wconf 82' lang='grc' dir='ltr'>τῶν</span> <span class='ocrx_word' id='word_1_413' title='bbox 1065 1116 1206 1156; x_wconf 83' lang='grc' dir='ltr'>μαρτύρων</span> <span class='ocrx_word' id='word_1_414' title='bbox 1219 1116 1253 1147; x_wconf 82' lang='grc' dir='ltr'>τὰ</span> <span class='ocrx_word' id='word_1_415' title='bbox 1271 1117 1404 1157; x_wconf 81' lang='grc' dir='ltr'>ἐγκώμια,</span> <span class='ocrx_word' id='word_1_416' title='bbox 1419 1117 1487 1157; x_wconf 77' lang='grc' dir='ltr'>μετὰ</span> <span class='ocrx_word' id='word_1_417' title='bbox 1507 1119 1608 1154; x_wconf 84' lang='grc' dir='ltr'>πολλ’ῆς</span> <span class='ocrx_word' id='word_1_418' title='bbox 1620 1120 1668 1154; x_wconf 75' lang='grc' dir='ltr'>τῆς</span> <span class='ocrx_word' id='word_1_419' title='bbox 1681 1117 1770 1151; x_wconf 81' lang='grc' dir='ltr'>ἀδείας</span> 
     </span>
     <span class='ocr_line' id='line_1_67' title="bbox 997 1161 1771 1204; baseline 0.005 -14"><span class='ocrx_word' id='word_1_420' title='bbox 997 1163 1045 1197; x_wconf 78' lang='grc' dir='ltr'>τῆς</span> <span class='ocrx_word' id='word_1_421' title='bbox 1055 1161 1171 1202; x_wconf 83' lang='grc' dir='ltr'>τέρψεως</span> <span class='ocrx_word' id='word_1_422' title='bbox 1185 1163 1348 1203; x_wconf 79' lang='grc' dir='ltr'>ἐνεφορεῖσθε</span> <span class='ocrx_word' id='word_1_423' title='bbox 1362 1163 1471 1200; x_wconf 79' lang='grc' dir='ltr'>ἐκείνης.</span> <span class='ocrx_word' id='word_1_424' title='bbox 1484 1163 1554 1194; x_wconf 81' lang='grc' dir='ltr'>Οὐδὲ</span> <span class='ocrx_word' id='word_1_425' title='bbox 1567 1164 1619 1204; x_wconf 79' lang='grc' dir='ltr'>γὰρ</span> <span class='ocrx_word' id='word_1_426' title='bbox 1630 1164 1711 1194; x_wconf 77' lang='grc' dir='ltr'>λαὸαὶ</span> <span class='ocrx_word' id='word_1_427' title='bbox 1725 1163 1771 1194; x_wconf 77' lang='grc' dir='ltr'>καὶ</span> 
     </span>
     <span class='ocr_line' id='line_1_68' title="bbox 998 1204 1770 1249; baseline 0.005 -13"><span class='ocrx_word' id='word_1_428' title='bbox 998 1208 1137 1237; x_wconf 67' lang='grc' dir='ltr'>ἀντιλαῧαὶ</span> <span class='ocrx_word' id='word_1_429' title='bbox 1151 1204 1219 1245; x_wconf 67' lang='grc' dir='ltr'>ἦσαν</span> <span class='ocrx_word' id='word_1_430' title='bbox 1233 1209 1293 1239; x_wconf 84' lang='grc' dir='ltr'>τότε</span> <span class='ocrx_word' id='word_1_431' title='bbox 1302 1231 1310 1245; x_wconf 93' lang='grc'>,</span> <span class='ocrx_word' id='word_1_432' title='bbox 1326 1209 1384 1240; x_wconf 81' lang='grc' dir='ltr'>οὐδὲ</span> <span class='ocrx_word' id='word_1_433' title='bbox 1405 1210 1581 1249; x_wconf 85' lang='grc' dir='ltr'>παλαίσματα</span> <span class='ocrx_word' id='word_1_434' title='bbox 1601 1210 1646 1240; x_wconf 85' lang='grc' dir='ltr'>καὶ</span> <span class='ocrx_word' id='word_1_435' title='bbox 1658 1210 1671 1228; x_wconf 79' lang='lat'>‘¹</span> <span class='ocrx_word' id='word_1_436' title='bbox 1682 1210 1770 1241; x_wconf 82' lang='grc' dir='ltr'>διαδύ-</span> 
     </span>
     <span class='ocr_line' id='line_1_69' title="bbox 998 1255 1770 1298; baseline 0.005 -15"><span class='ocrx_word' id='word_1_437' title='bbox 998 1266 1065 1290; x_wconf 86' lang='grc' dir='ltr'>σεις,</span> <span class='ocrx_word' id='word_1_438' title='bbox 1086 1255 1158 1292; x_wconf 80' lang='grc' dir='ltr'>ἀλλ’,</span> <span class='ocrx_word' id='word_1_439' title='bbox 1171 1255 1273 1289; x_wconf 83' lang='grc' dir='ltr'>οὐδενὸς</span> <span class='ocrx_word' id='word_1_440' title='bbox 1292 1255 1488 1296; x_wconf 83' lang='grc' dir='ltr'>ἀντικρούοντος</span> <span class='ocrx_word' id='word_1_441' title='bbox 1500 1279 1508 1294; x_wconf 83' lang='grc'>,</span> <span class='ocrx_word' id='word_1_442' title='bbox 1530 1257 1623 1298; x_wconf 75' lang='grc' dir='ltr'>ἄφετος</span> <span class='ocrx_word' id='word_1_443' title='bbox 1636 1259 1694 1287; x_wconf 81' lang='grc' dir='ltr'>καθ’</span> <span class='ocrx_word' id='word_1_444' title='bbox 1709 1259 1770 1286; x_wconf 83' lang='grc' dir='ltr'>ἑαυ-</span> 
     </span>
     <span class='ocr_line' id='line_1_70' title="bbox 998 1299 1770 1343; baseline 0.006 -15"><span class='ocrx_word' id='word_1_445' title='bbox 998 1299 1041 1330; x_wconf 76' lang='grc' dir='ltr'>τὸν</span> <span class='ocrx_word' id='word_1_446' title='bbox 1059 1301 1073 1328; x_wconf 85' lang='grc' dir='ltr'><strong>ὁ</strong></span> <span class='ocrx_word' id='word_1_447' title='bbox 1092 1299 1168 1339; x_wconf 82' lang='grc' dir='ltr'>λόγος</span> <span class='ocrx_word' id='word_1_448' title='bbox 1181 1300 1337 1340; x_wconf 84' lang='grc' dir='ltr'>ἠγωνίζετο,</span> <span class='ocrx_word' id='word_1_449' title='bbox 1360 1302 1554 1342; x_wconf 80' lang='grc' dir='ltr'>ἀπολελυμένος</span> <span class='ocrx_word' id='word_1_450' title='bbox 1578 1303 1623 1332; x_wconf 81' lang='grc' dir='ltr'>καὶ</span> <span class='ocrx_word' id='word_1_451' title='bbox 1637 1302 1770 1343; x_wconf 78' lang='grc' dir='ltr'>ἐλεύθερος</span> 
     </span>
     <span class='ocr_line' id='line_1_71' title="bbox 999 1345 1770 1388; baseline 0.006 -14"><span class='ocrx_word' id='word_1_452' title='bbox 999 1345 1046 1374; x_wconf 89' lang='grc' dir='ltr'>ὤν.</span> <span class='ocrx_word' id='word_1_453' title='bbox 1071 1345 1123 1375; x_wconf 85' lang='grc' dir='ltr'>Διὰ</span> <span class='ocrx_word' id='word_1_454' title='bbox 1137 1348 1214 1376; x_wconf 78' lang='grc' dir='ltr'>τοῦτο</span> <span class='ocrx_word' id='word_1_455' title='bbox 1228 1346 1256 1376; x_wconf 84' lang='grc' dir='ltr'>δὲ</span> <span class='ocrx_word' id='word_1_456' title='bbox 1269 1346 1315 1376; x_wconf 86' lang='grc' dir='ltr'>καὶ</span> <span class='ocrx_word' id='word_1_457' title='bbox 1335 1347 1518 1388; x_wconf 86' lang='grc' dir='ltr'>λαμπρότερος</span> <span class='ocrx_word' id='word_1_458' title='bbox 1535 1345 1568 1385; x_wconf 75' lang='grc' dir='ltr'>ἦν</span> <span class='ocrx_word' id='word_1_459' title='bbox 1588 1348 1633 1378; x_wconf 76' lang='grc' dir='ltr'>καὶ</span> <span class='ocrx_word' id='word_1_460' title='bbox 1650 1360 1770 1388; x_wconf 87' lang='grc' dir='ltr'>πανηγυ-</span> 
     </span>
    </p>
   </div>
   <div class='ocr_carea' id='block_1_13' title="bbox 963 1390 1770 1431">
    <p class='ocr_par' dir='ltr' id='par_1_15' title="bbox 963 1390 1770 1431">
     <span class='ocr_line' id='line_1_72' title="bbox 963 1390 1770 1431; baseline 0.007 -12"><span class='ocrx_word' id='word_1_461' title='bbox 963 1396 983 1419; x_wconf 71' lang='lat' dir='ltr'>E</span> <span class='ocrx_word' id='word_1_462' title='bbox 1001 1390 1140 1431; x_wconf 83' lang='grc' dir='ltr'>ρικώτερος</span> <span class='ocrx_word' id='word_1_463' title='bbox 1156 1414 1164 1429; x_wconf 90' lang='grc'>,</span> <span class='ocrx_word' id='word_1_464' title='bbox 1191 1392 1236 1421; x_wconf 85' lang='grc' dir='ltr'>καὶ</span> <span class='ocrx_word' id='word_1_465' title='bbox 1267 1393 1393 1422; x_wconf 86' lang='grc' dir='ltr'>πλειόνων</span> <span class='ocrx_word' id='word_1_466' title='bbox 1425 1394 1556 1424; x_wconf 80' lang='grc' dir='ltr'>ἀπέλαυεν</span> <span class='ocrx_word' id='word_1_467' title='bbox 1584 1394 1706 1424; x_wconf 79' lang='grc' dir='ltr'>ἐπαίνων.</span> <span class='ocrx_word' id='word_1_468' title='bbox 1734 1394 1770 1424; x_wconf 83' lang='grc' dir='ltr'><em>Ἡ</em></span> 
     </span>
    </p>
   </div>
   <div class='ocr_carea' id='block_1_14' title="bbox 1000 1436 1772 1757">
    <p class='ocr_par' dir='ltr' id='par_1_16' title="bbox 1000 1436 1772 1757">
     <span class='ocr_line' id='line_1_73' title="bbox 1000 1436 1771 1479; baseline 0.006 -14"><span class='ocrx_word' id='word_1_469' title='bbox 1000 1436 1051 1477; x_wconf 85' lang='grc' dir='ltr'>γὰρ</span> <span class='ocrx_word' id='word_1_470' title='bbox 1073 1437 1174 1467; x_wconf 81' lang='grc' dir='ltr'>διάνοια</span> <span class='ocrx_word' id='word_1_471' title='bbox 1187 1438 1239 1466; x_wconf 78' lang='grc' dir='ltr'>τῶν</span> <span class='ocrx_word' id='word_1_472' title='bbox 1254 1439 1400 1478; x_wconf 78' lang='grc' dir='ltr'>ἀκροατῶν,</span> <span class='ocrx_word' id='word_1_473' title='bbox 1420 1439 1482 1469; x_wconf 79' lang='grc' dir='ltr'>ὅταν</span> <span class='ocrx_word' id='word_1_474' title='bbox 1505 1441 1562 1479; x_wconf 87' lang='grc' dir='ltr'>μετ’</span> <span class='ocrx_word' id='word_1_475' title='bbox 1577 1440 1696 1474; x_wconf 80' lang='grc' dir='ltr'>εὐκολίας</span> <span class='ocrx_word' id='word_1_476' title='bbox 1716 1445 1771 1474; x_wconf 79' lang='grc' dir='ltr'>τοῖς</span> 
     </span>
     <span class='ocr_line' id='line_1_74' title="bbox 1000 1482 1770 1524; baseline 0.006 -13"><span class='ocrx_word' id='word_1_477' title='bbox 1000 1482 1149 1522; x_wconf 85' lang='grc' dir='ltr'>λεγομένοις</span> <span class='ocrx_word' id='word_1_478' title='bbox 1171 1485 1377 1524; x_wconf 84' lang='grc' dir='ltr'>παρακολουθῇ,</span> <span class='ocrx_word' id='word_1_479' title='bbox 1399 1486 1499 1521; x_wconf 79' lang='grc' dir='ltr'>πολλῆς</span> <span class='ocrx_word' id='word_1_480' title='bbox 1517 1485 1639 1520; x_wconf 83' lang='grc' dir='ltr'>ἀνέσεως,</span> <span class='ocrx_word' id='word_1_481' title='bbox 1650 1486 1770 1516; x_wconf 83' lang='grc' dir='ltr'>ἀπολαύ-</span> 
     </span>
     <span class='ocr_line' id='line_1_75' title="bbox 1001 1529 1771 1572; baseline 0.006 -15"><span class='ocrx_word' id='word_1_482' title='bbox 1001 1540 1082 1565; x_wconf 87' lang='grc' dir='ltr'>ουσα,</span> <span class='ocrx_word' id='word_1_483' title='bbox 1097 1529 1291 1570; x_wconf 82' lang='grc' dir='ltr'>προθυμότερον</span> <span class='ocrx_word' id='word_1_484' title='bbox 1311 1531 1377 1570; x_wconf 81' lang='grc' dir='ltr'>πρὸς</span> <span class='ocrx_word' id='word_1_485' title='bbox 1398 1530 1442 1560; x_wconf 80' lang='grc' dir='ltr'>τὸν</span> <span class='ocrx_word' id='word_1_486' title='bbox 1465 1532 1572 1562; x_wconf 79' lang='grc' dir='ltr'>ἔπαινον</span> <span class='ocrx_word' id='word_1_487' title='bbox 1584 1535 1630 1562; x_wconf 77' lang='grc' dir='ltr'>τοῦ</span> <span class='ocrx_word' id='word_1_488' title='bbox 1650 1531 1771 1572; x_wconf 72' lang='grc' dir='ltr'>λέγοντος</span> 
     </span>
     <span class='ocr_line' id='line_1_76' title="bbox 1002 1573 1770 1618; baseline 0.008 -15"><span class='ocrx_word' id='word_1_489' title='bbox 1002 1573 1166 1615; x_wconf 87' lang='grc' dir='ltr'>διεγείρεται.</span> <span class='ocrx_word' id='word_1_490' title='bbox 1183 1575 1262 1606; x_wconf 80' lang='grc' dir='ltr'>Ἐπεὶ</span> <span class='ocrx_word' id='word_1_491' title='bbox 1285 1573 1328 1606; x_wconf 65' lang='grc' dir='ltr'>οὖν</span> <span class='ocrx_word' id='word_1_492' title='bbox 1351 1578 1447 1611; x_wconf 76' lang='grc' dir='ltr'>ἱκανῶς</span> <span class='ocrx_word' id='word_1_493' title='bbox 1472 1580 1540 1616; x_wconf 70' lang='grc' dir='ltr'>ὑμᾶς</span> <span class='ocrx_word' id='word_1_494' title='bbox 1566 1578 1770 1618; x_wconf 78' lang='grc' dir='ltr'>ἀνεκτησᾶμεθα</span> 
     </span>
     <span class='ocr_line' id='line_1_77' title="bbox 1002 1622 1771 1666; baseline 0.007 -16"><span class='ocrx_word' id='word_1_495' title='bbox 1002 1623 1028 1650; x_wconf 82' lang='grc' dir='ltr'>ἐν</span> <span class='ocrx_word' id='word_1_496' title='bbox 1050 1625 1108 1655; x_wconf 86' lang='grc' dir='ltr'>ταῖς</span> <span class='ocrx_word' id='word_1_497' title='bbox 1121 1622 1233 1663; x_wconf 78' lang='grc' dir='ltr'>ἡμέραις</span> <span class='ocrx_word' id='word_1_498' title='bbox 1253 1623 1360 1658; x_wconf 78' lang='grc' dir='ltr'>ταύταις</span> <span class='ocrx_word' id='word_1_499' title='bbox 1371 1647 1380 1662; x_wconf 87' lang='grc'>,</span> <span class='ocrx_word' id='word_1_500' title='bbox 1401 1624 1474 1654; x_wconf 78' lang='grc' dir='ltr'>οὐδὲν</span> <span class='ocrx_word' id='word_1_501' title='bbox 1492 1624 1615 1655; x_wconf 81' lang='grc' dir='ltr'>ἐπίπονον</span> <span class='ocrx_word' id='word_1_502' title='bbox 1628 1625 1673 1655; x_wconf 76' lang='grc' dir='ltr'>καὶ</span> <span class='ocrx_word' id='word_1_503' title='bbox 1686 1625 1771 1666; x_wconf 72' lang='grc' dir='ltr'>τραχὺ</span> 
     </span>
     <span class='ocr_line' id='line_1_78' title="bbox 1001 1667 1771 1712; baseline 0.008 -16"><span class='ocrx_word' id='word_1_504' title='bbox 1001 1667 1066 1706; x_wconf 86' lang='grc' dir='ltr'>πρὸς</span> <span class='ocrx_word' id='word_1_505' title='bbox 1089 1667 1137 1703; x_wconf 81' lang='grc' dir='ltr'>τὴν</span> <span class='ocrx_word' id='word_1_506' title='bbox 1160 1668 1289 1710; x_wconf 78' lang='grc' dir='ltr'>ὑμετέραν</span> <span class='ocrx_word' id='word_1_507' title='bbox 1303 1670 1456 1706; x_wconf 80' lang='grc' dir='ltr'>κινήσαντες</span> <span class='ocrx_word' id='word_1_508' title='bbox 1468 1670 1585 1710; x_wconf 80' lang='grc' dir='ltr'>ἀγάπην,</span> <span class='ocrx_word' id='word_1_509' title='bbox 1597 1671 1659 1712; x_wconf 80' lang='grc' dir='ltr'>φέρε</span> <span class='ocrx_word' id='word_1_510' title='bbox 1677 1671 1710 1708; x_wconf 79' lang='grc' dir='ltr'>δὴ</span> <span class='ocrx_word' id='word_1_511' title='bbox 1722 1670 1771 1707; x_wconf 73' lang='grc' dir='ltr'>τό·</span> 
     </span>
     <span class='ocr_line' id='line_1_79' title="bbox 1003 1715 1772 1757; baseline 0.007 -15"><span class='ocrx_word' id='word_1_512' title='bbox 1003 1725 1081 1754; x_wconf 88' lang='grc' dir='ltr'>μερον</span> <span class='ocrx_word' id='word_1_513' title='bbox 1102 1715 1170 1754; x_wconf 76' lang='grc' dir='ltr'>ὑμᾶς</span> <span class='ocrx_word' id='word_1_514' title='bbox 1193 1715 1275 1745; x_wconf 77' lang='grc' dir='ltr'>πάλιν</span> <span class='ocrx_word' id='word_1_515' title='bbox 1295 1715 1338 1745; x_wconf 81' lang='grc' dir='ltr'>ἐπὶ</span> <span class='ocrx_word' id='word_1_516' title='bbox 1361 1715 1409 1753; x_wconf 84' lang='grc' dir='ltr'>τὴν</span> <span class='ocrx_word' id='word_1_517' title='bbox 1423 1716 1554 1757; x_wconf 83' lang='grc' dir='ltr'>προτέραν</span> <span class='ocrx_word' id='word_1_518' title='bbox 1567 1716 1709 1757; x_wconf 80' lang='grc' dir='ltr'>ἀγάγωμεν</span> <span class='ocrx_word' id='word_1_519' title='bbox 1721 1728 1772 1757; x_wconf 87' lang='grc' dir='ltr'>γυ·-</span> 
     </span>
    </p>
   </div>
   <div class='ocr_carea' id='block_1_15' title="bbox 200 1760 1772 1859">
    <p class='ocr_par' dir='ltr' id='par_1_17' title="bbox 200 1760 1772 1859">
     <span class='ocr_line' id='line_1_80' title="bbox 200 1760 1771 1812; baseline -0.001 -12"><span class='ocrx_word' id='word_1_520' title='bbox 200 1772 317 1812; x_wconf 83' lang='lat' dir='ltr'>priorem</span> <span class='ocrx_word' id='word_1_521' title='bbox 341 1770 560 1800; x_wconf 80' lang='lat' dir='ltr'>exercitationem</span> <span class='ocrx_word' id='word_1_522' title='bbox 584 1769 771 1804; x_wconf 69' lang='lat' dir='ltr'>traduc-amus,</span> <span class='ocrx_word' id='word_1_523' title='bbox 790 1776 816 1799; x_wconf 90' lang='lat' dir='ltr'>et</span> <span class='ocrx_word' id='word_1_524' title='bbox 836 1769 871 1799; x_wconf 91' lang='lat' dir='ltr'>ad</span> <span class='ocrx_word' id='word_1_525' title='bbox 898 1770 947 1800; x_wconf 87' lang='lat' dir='ltr'>illa</span> <span class='ocrx_word' id='word_1_526' title='bbox 958 1780 995 1800; x_wconf 74' lang='lat'>¹5⁹</span> <span class='ocrx_word' id='word_1_527' title='bbox 1004 1760 1127 1799; x_wconf 63' lang='grc' dir='ltr'>μνασίαν»</span> <span class='ocrx_word' id='word_1_528' title='bbox 1139 1760 1205 1801; x_wconf 66' lang='grc' dir='ltr'>πρὸς</span> <span class='ocrx_word' id='word_1_529' title='bbox 1219 1761 1252 1791; x_wconf 61' lang='grc' dir='ltr'>τὰ</span> <span class='ocrx_word' id='word_1_530' title='bbox 1266 1761 1448 1803; x_wconf 61' lang='grc' dir='ltr'>ἒπῑπθνᾶπερα</span> <span class='ocrx_word' id='word_1_531' title='bbox 1461 1764 1514 1792; x_wconf 59' lang='grc' dir='ltr'>τῶν</span> <span class='ocrx_word' id='word_1_532' title='bbox 1527 1763 1641 1803; x_wconf 66' lang='grc' dir='ltr'>Γραφῶν</span> <span class='ocrx_word' id='word_1_533' title='bbox 1651 1763 1698 1793; x_wconf 66' lang='grc' dir='ltr'>καὶ</span> <span class='ocrx_word' id='word_1_534' title='bbox 1710 1764 1771 1793; x_wconf 63' lang='grc' dir='ltr'>Ἰωλ-</span> 
     </span>
     <span class='ocr_line' id='line_1_81' title="bbox 200 1807 1772 1859; baseline 0.001 -11"><span class='ocrx_word' id='word_1_535' title='bbox 200 1819 346 1859; x_wconf 69' lang='lat' dir='ltr'>scripmrae</span> <span class='ocrx_word' id='word_1_536' title='bbox 357 1817 482 1847; x_wconf 69' lang='lat' dir='ltr'>difficilia</span> <span class='ocrx_word' id='word_1_537' title='bbox 495 1818 564 1853; x_wconf 73' lang='lat'><strong>100³,</strong></span> <span class='ocrx_word' id='word_1_538' title='bbox 576 1827 635 1855; x_wconf 71' lang='lat' dir='ltr'>qum</span> <span class='ocrx_word' id='word_1_539' title='bbox 649 1816 734 1845; x_wconf 74' lang='lat' dir='ltr'>muita</span> <span class='ocrx_word' id='word_1_540' title='bbox 754 1816 874 1856; x_wconf 73' lang='lat' dir='ltr'>indigent</span> <span class='ocrx_word' id='word_1_541' title='bbox 886 1818 948 1847; x_wconf 73' lang='lat' dir='ltr'>ani-</span> <span class='ocrx_word' id='word_1_542' title='bbox 965 1808 987 1832; x_wconf 67' lang='grc' dir='ltr'><strong>Α</strong></span> <span class='ocrx_word' id='word_1_543' title='bbox 1002 1807 1051 1842; x_wconf 73' lang='grc' dir='ltr'>λῆς</span> <span class='ocrx_word' id='word_1_544' title='bbox 1064 1807 1174 1845; x_wconf 72' lang='grc' dir='ltr'>δεόμενα</span> <span class='ocrx_word' id='word_1_545' title='bbox 1187 1807 1314 1842; x_wconf 68' lang='grc' dir='ltr'>συνέσεως</span> <span class='ocrx_word' id='word_1_546' title='bbox 1327 1812 1550 1849; x_wconf 66' lang='grc' dir='ltr'>χειραγωγοῦντες</span> <span class='ocrx_word' id='word_1_547' title='bbox 1563 1811 1648 1848; x_wconf 65' lang='grc' dir='ltr'>ὑμᾶς,</span> <span class='ocrx_word' id='word_1_548' title='bbox 1661 1811 1712 1850; x_wconf 74' lang='grc' dir='ltr'>οὐκ</span> <span class='ocrx_word' id='word_1_549' title='bbox 1729 1808 1772 1839; x_wconf 68' lang='grc' dir='ltr'>ἵνα</span> 
     </span>
    </p>
   </div>
   <div class='ocr_carea' id='block_1_16' title="bbox 201 1864 949 2319">
    <p class='ocr_par' dir='ltr' id='par_1_18' title="bbox 201 1864 949 2319">
     <span class='ocr_line' id='line_1_82' title="bbox 201 1864 948 1900; baseline 0 -6"><span class='ocrx_word' id='word_1_550' title='bbox 201 1865 402 1900; x_wconf 71' lang='lat' dir='ltr'>inadversione,</span> <span class='ocrx_word' id='word_1_551' title='bbox 428 1864 636 1900; x_wconf 81' lang='lat' dir='ltr'>transferamus,</span> <span class='ocrx_word' id='word_1_552' title='bbox 658 1873 711 1892; x_wconf 90' lang='lat' dir='ltr'>nou</span> <span class='ocrx_word' id='word_1_553' title='bbox 733 1870 762 1892; x_wconf 91' lang='lat' dir='ltr'>ut</span> <span class='ocrx_word' id='word_1_554' title='bbox 784 1864 877 1893; x_wconf 85' lang='lat' dir='ltr'>labore</span> <span class='ocrx_word' id='word_1_555' title='bbox 899 1875 948 1894; x_wconf 84' lang='lat' dir='ltr'>vos</span> 
     </span>
     <span class='ocr_line' id='line_1_83' title="bbox 203 1909 949 1951; baseline -0.001 -11"><span class='ocrx_word' id='word_1_556' title='bbox 203 1912 366 1951; x_wconf 79' lang='lat' dir='ltr'>affligamus,</span> <span class='ocrx_word' id='word_1_557' title='bbox 381 1910 428 1939; x_wconf 87' lang='lat' dir='ltr'>sed</span> <span class='ocrx_word' id='word_1_558' title='bbox 450 1917 480 1939; x_wconf 90' lang='lat' dir='ltr'>ut</span> <span class='ocrx_word' id='word_1_559' title='bbox 494 1919 678 1946; x_wconf 78' lang='lat' dir='ltr'>exerceamus,</span> <span class='ocrx_word' id='word_1_560' title='bbox 698 1919 752 1947; x_wconf 90' lang='lat' dir='ltr'>quo</span> <span class='ocrx_word' id='word_1_561' title='bbox 772 1909 879 1948; x_wconf 85' lang='lat' dir='ltr'>possitis</span> <span class='ocrx_word' id='word_1_562' title='bbox 892 1909 949 1940; x_wconf 72' lang='lat' dir='ltr'>haec</span> 
     </span>
     <span class='ocr_line' id='line_1_84' title="bbox 204 1956 947 1995; baseline -0.001 -8"><span class='ocrx_word' id='word_1_563' title='bbox 204 1958 283 1988; x_wconf 84' lang='lat' dir='ltr'>ctiam</span> <span class='ocrx_word' id='word_1_564' title='bbox 294 1958 351 1987; x_wconf 84' lang='lat' dir='ltr'>loca</span> <span class='ocrx_word' id='word_1_565' title='bbox 366 1968 428 1986; x_wconf 91' lang='lat' dir='ltr'>cum</span> <span class='ocrx_word' id='word_1_566' title='bbox 439 1956 579 1986; x_wconf 85' lang='lat' dir='ltr'>securitate</span> <span class='ocrx_word' id='word_1_567' title='bbox 591 1966 756 1995; x_wconf 85' lang='lat' dir='ltr'>percurrere.</span> <span class='ocrx_word' id='word_1_568' title='bbox 765 1957 804 1986; x_wconf 87' lang='lat' dir='ltr'>Ut</span> <span class='ocrx_word' id='word_1_569' title='bbox 812 1966 875 1995; x_wconf 81' lang='lat' dir='ltr'>ergo</span> <span class='ocrx_word' id='word_1_570' title='bbox 888 1963 947 1986; x_wconf 88' lang='lat' dir='ltr'>tum</span> 
     </span>
     <span class='ocr_line' id='line_1_85' title="bbox 203 2000 948 2043; baseline 0 -10"><span class='ocrx_word' id='word_1_571' title='bbox 203 2004 331 2043; x_wconf 80' lang='lat' dir='ltr'>temporis</span> <span class='ocrx_word' id='word_1_572' title='bbox 352 2002 428 2031; x_wconf 86' lang='lat' dir='ltr'>initio</span> <span class='ocrx_word' id='word_1_573' title='bbox 447 2001 558 2040; x_wconf 87' lang='lat' dir='ltr'>quidem</span> <span class='ocrx_word' id='word_1_574' title='bbox 579 2011 668 2041; x_wconf 82' lang='lat' dir='ltr'>pugna</span> <span class='ocrx_word' id='word_1_575' title='bbox 692 2000 816 2039; x_wconf 86' lang='lat' dir='ltr'>quaedam</span> <span class='ocrx_word' id='word_1_576' title='bbox 840 2013 897 2032; x_wconf 88' lang='lat' dir='ltr'>esse</span> <span class='ocrx_word' id='word_1_577' title='bbox 916 2014 948 2033; x_wconf 83' lang='lat' dir='ltr'>ac</span> 
     </span>
     <span class='ocr_line' id='line_1_86' title="bbox 203 2047 947 2087; baseline -0.001 -7"><span class='ocrx_word' id='word_1_578' title='bbox 203 2049 336 2080; x_wconf 84' lang='lat' dir='ltr'>contentio</span> <span class='ocrx_word' id='word_1_579' title='bbox 346 2048 489 2079; x_wconf 84' lang='lat' dir='ltr'>videbatur</span> <span class='ocrx_word' id='word_1_580' title='bbox 502 2047 696 2087; x_wconf 86' lang='lat' dir='ltr'>apostolorum,</span> <span class='ocrx_word' id='word_1_581' title='bbox 711 2054 851 2086; x_wconf 83' lang='lat' dir='ltr'>postquam</span> <span class='ocrx_word' id='word_1_582' title='bbox 858 2056 947 2079; x_wconf 87' lang='lat' dir='ltr'>autem</span> 
     </span>
     <span class='ocr_line' id='line_1_87' title="bbox 204 2093 948 2136; baseline -0.007 -11"><span class='ocrx_word' id='word_1_583' title='bbox 204 2096 330 2136; x_wconf 83' lang='lat' dir='ltr'>scopulos</span> <span class='ocrx_word' id='word_1_584' title='bbox 344 2095 406 2123; x_wconf 87' lang='lat' dir='ltr'>illos</span> <span class='ocrx_word' id='word_1_585' title='bbox 423 2093 636 2128; x_wconf 86' lang='lat' dir='ltr'>conscendimus,</span> <span class='ocrx_word' id='word_1_586' title='bbox 656 2102 763 2122; x_wconf 88' lang='lat' dir='ltr'>sursum</span> <span class='ocrx_word' id='word_1_587' title='bbox 775 2093 873 2122; x_wconf 85' lang='lat' dir='ltr'>deinde</span> <span class='ocrx_word' id='word_1_588' title='bbox 885 2094 948 2134; x_wconf 86' lang='lat' dir='ltr'>Spi-</span> 
     </span>
     <span class='ocr_line' id='line_1_88' title="bbox 205 2138 947 2179; baseline -0.003 -8"><span class='ocrx_word' id='word_1_589' title='bbox 205 2142 272 2171; x_wconf 90' lang='lat' dir='ltr'>ritus</span> <span class='ocrx_word' id='word_1_590' title='bbox 293 2142 410 2170; x_wconf 85' lang='lat' dir='ltr'>fructum</span> <span class='ocrx_word' id='word_1_591' title='bbox 426 2138 598 2179; x_wconf 83' lang='lat' dir='ltr'>aspeximus,</span> <span class='ocrx_word' id='word_1_592' title='bbox 621 2138 773 2175; x_wconf 84' lang='lat' dir='ltr'>caritatem,</span> <span class='ocrx_word' id='word_1_593' title='bbox 797 2139 926 2178; x_wconf 82' lang='lat' dir='ltr'>gaudium</span> <span class='ocrx_word' id='word_1_594' title='bbox 937 2164 947 2177; x_wconf 88' lang='lat'>,</span> 
     </span>
     <span class='ocr_line' id='line_1_89' title="bbox 205 2185 948 2229; baseline -0.003 -11"><span class='ocrx_word' id='word_1_595' title='bbox 205 2199 296 2229; x_wconf 89' lang='lat' dir='ltr'>pacem</span> <span class='ocrx_word' id='word_1_596' title='bbox 307 2211 314 2224; x_wconf 90' lang='lat'><strong><em>‚</em></strong></span> <span class='ocrx_word' id='word_1_597' title='bbox 327 2195 353 2217; x_wconf 85' lang='lat' dir='ltr'>ct</span> <span class='ocrx_word' id='word_1_598' title='bbox 367 2197 453 2225; x_wconf 86' lang='lat' dir='ltr'>neque</span> <span class='ocrx_word' id='word_1_599' title='bbox 469 2185 565 2222; x_wconf 83' lang='lat' dir='ltr'>inanis,</span> <span class='ocrx_word' id='word_1_600' title='bbox 576 2195 662 2223; x_wconf 85' lang='lat' dir='ltr'>neque</span> <span class='ocrx_word' id='word_1_601' title='bbox 673 2195 886 2224; x_wconf 78' lang='lat' dir='ltr'>supervacaneus</span> <span class='ocrx_word' id='word_1_602' title='bbox 897 2187 948 2216; x_wconf 82' lang='lat' dir='ltr'>suit</span> 
     </span>
     <span class='ocr_line' id='line_1_90' title="bbox 203 2230 946 2269; baseline -0.004 -5"><span class='ocrx_word' id='word_1_603' title='bbox 203 2235 279 2264; x_wconf 87' lang='lat' dir='ltr'>labor</span> <span class='ocrx_word' id='word_1_604' title='bbox 297 2240 397 2269; x_wconf 85' lang='lat' dir='ltr'>noster,</span> <span class='ocrx_word' id='word_1_605' title='bbox 413 2231 460 2261; x_wconf 87' lang='lat' dir='ltr'>sed</span> <span class='ocrx_word' id='word_1_606' title='bbox 474 2232 502 2260; x_wconf 91' lang='lat' dir='ltr'>in</span> <span class='ocrx_word' id='word_1_607' title='bbox 525 2230 644 2259; x_wconf 81' lang='lat' dir='ltr'>laetitiam</span> <span class='ocrx_word' id='word_1_608' title='bbox 658 2230 737 2259; x_wconf 87' lang='lat' dir='ltr'>desiit</span> <span class='ocrx_word' id='word_1_609' title='bbox 752 2243 758 2259; x_wconf 89' lang='lat'>:</span> <span class='ocrx_word' id='word_1_610' title='bbox 774 2231 813 2260; x_wconf 89' lang='lat' dir='ltr'>sic</span> <span class='ocrx_word' id='word_1_611' title='bbox 830 2237 856 2259; x_wconf 84' lang='lat' dir='ltr'>et</span> <span class='ocrx_word' id='word_1_612' title='bbox 865 2231 946 2261; x_wconf 85' lang='lat' dir='ltr'>hodie</span> 
     </span>
     <span class='ocr_line' id='line_1_91' title="bbox 203 2277 947 2319; baseline -0.007 -8"><span class='ocrx_word' id='word_1_613' title='bbox 203 2289 352 2311; x_wconf 87' lang='lat' dir='ltr'>vestrarum</span> <span class='ocrx_word' id='word_1_614' title='bbox 373 2289 483 2319; x_wconf 89' lang='lat' dir='ltr'>precum</span> <span class='ocrx_word' id='word_1_615' title='bbox 497 2277 619 2307; x_wconf 81' lang='lat' dir='ltr'>subsidio</span> <span class='ocrx_word' id='word_1_616' title='bbox 633 2277 716 2306; x_wconf 79' lang='lat' dir='ltr'>fretus</span> <span class='ocrx_word' id='word_1_617' title='bbox 729 2277 851 2306; x_wconf 79' lang='lat' dir='ltr'>futurum</span> <span class='ocrx_word' id='word_1_618' title='bbox 862 2278 947 2306; x_wconf 80' lang='lat' dir='ltr'>confl-</span> 
     </span>
    </p>
   </div>
   <div class='ocr_carea' id='block_1_17' title="bbox 1001 1853 1775 2310">
    <p class='ocr_par' dir='ltr' id='par_1_19' title="bbox 1001 1853 1775 2310">
     <span class='ocr_line' id='line_1_92' title="bbox 1003 1853 1773 1894; baseline 0.004 -13"><span class='ocrx_word' id='word_1_619' title='bbox 1003 1853 1185 1894; x_wconf 85' lang='grc' dir='ltr'>συντρίψωμεν</span> <span class='ocrx_word' id='word_1_620' title='bbox 1202 1855 1240 1894; x_wconf 81' lang='grc' dir='ltr'>τῷ</span> <span class='ocrx_word' id='word_1_621' title='bbox 1260 1855 1383 1894; x_wconf 77' lang='grc' dir='ltr'>καμάτῳ,</span> <span class='ocrx_word' id='word_1_622' title='bbox 1404 1855 1463 1884; x_wconf 81' lang='grc' dir='ltr'>ἀλλ’</span> <span class='ocrx_word' id='word_1_623' title='bbox 1483 1853 1527 1883; x_wconf 79' lang='grc' dir='ltr'>ἵνα</span> <span class='ocrx_word' id='word_1_624' title='bbox 1545 1854 1722 1894; x_wconf 69' lang='grc' dir='ltr'>γυμνάσωμεν</span> <span class='ocrx_word' id='word_1_625' title='bbox 1735 1857 1773 1888; x_wconf 86' lang='grc' dir='ltr'>εἷς</span> 
     </span>
     <span class='ocr_line' id='line_1_93' title="bbox 1002 1899 1770 1940; baseline 0.003 -12"><span class='ocrx_word' id='word_1_626' title='bbox 1002 1899 1033 1928; x_wconf 85' lang='grc' dir='ltr'>τὸ</span> <span class='ocrx_word' id='word_1_627' title='bbox 1045 1899 1170 1932; x_wconf 79' lang='grc' dir='ltr'>δύνασθαι</span> <span class='ocrx_word' id='word_1_628' title='bbox 1185 1900 1231 1929; x_wconf 84' lang='grc' dir='ltr'>καὶ</span> <span class='ocrx_word' id='word_1_629' title='bbox 1243 1903 1328 1930; x_wconf 77' lang='grc' dir='ltr'>ταῦτα</span> <span class='ocrx_word' id='word_1_630' title='bbox 1341 1900 1408 1939; x_wconf 78' lang='grc' dir='ltr'>μετὰ</span> <span class='ocrx_word' id='word_1_631' title='bbox 1422 1899 1566 1940; x_wconf 80' lang='grc' dir='ltr'>ἀσφαλείας</span> <span class='ocrx_word' id='word_1_632' title='bbox 1580 1901 1722 1930; x_wconf 75' lang='grc' dir='ltr'>διαὸαίνειν</span> <span class='ocrx_word' id='word_1_633' title='bbox 1737 1901 1770 1930; x_wconf 76' lang='grc' dir='ltr'>τὰ</span> 
     </span>
     <span class='ocr_line' id='line_1_94' title="bbox 1001 1941 1772 1988; baseline 0.003 -14"><span class='ocrx_word' id='word_1_634' title='bbox 1001 1945 1099 1987; x_wconf 87' lang='grc' dir='ltr'>χωρία.</span> <span class='ocrx_word' id='word_1_635' title='bbox 1111 1945 1217 1987; x_wconf 87' lang='grc' dir='ltr'>Ὥσπερ</span> <span class='ocrx_word' id='word_1_636' title='bbox 1234 1941 1278 1976; x_wconf 71' lang='grc' dir='ltr'>οὖν</span> <span class='ocrx_word' id='word_1_637' title='bbox 1293 1946 1352 1976; x_wconf 86' lang='grc' dir='ltr'>τότε</span> <span class='ocrx_word' id='word_1_638' title='bbox 1371 1946 1445 1986; x_wconf 79' lang='grc' dir='ltr'>παρὰ</span> <span class='ocrx_word' id='word_1_639' title='bbox 1461 1946 1509 1985; x_wconf 77' lang='grc' dir='ltr'>μὲν</span> <span class='ocrx_word' id='word_1_640' title='bbox 1522 1946 1570 1983; x_wconf 82' lang='grc' dir='ltr'>τὴν</span> <span class='ocrx_word' id='word_1_641' title='bbox 1589 1947 1676 1988; x_wconf 84' lang='grc' dir='ltr'>ἀρχὴν</span> <span class='ocrx_word' id='word_1_642' title='bbox 1686 1947 1772 1978; x_wconf 79' lang='grc' dir='ltr'>ἐδόκει</span> 
     </span>
     <span class='ocr_line' id='line_1_95' title="bbox 1002 1986 1771 2034; baseline 0.005 -14"><span class='ocrx_word' id='word_1_643' title='bbox 1002 1992 1077 2032; x_wconf 82' lang='grc' dir='ltr'>μάχη</span> <span class='ocrx_word' id='word_1_644' title='bbox 1092 2004 1131 2026; x_wconf 89' lang='grc' dir='ltr'>τις</span> <span class='ocrx_word' id='word_1_645' title='bbox 1149 1986 1214 2021; x_wconf 75' lang='grc' dir='ltr'>εἶναι</span> <span class='ocrx_word' id='word_1_646' title='bbox 1229 1993 1273 2022; x_wconf 84' lang='grc' dir='ltr'>καὶ</span> <span class='ocrx_word' id='word_1_647' title='bbox 1290 1992 1434 2034; x_wconf 83' lang='grc' dir='ltr'>φιλονεικία</span> <span class='ocrx_word' id='word_1_648' title='bbox 1455 1994 1507 2022; x_wconf 78' lang='grc' dir='ltr'>τῶν</span> <span class='ocrx_word' id='word_1_649' title='bbox 1521 1993 1684 2030; x_wconf 82' lang='grc' dir='ltr'>ἀποστόλων,</span> <span class='ocrx_word' id='word_1_650' title='bbox 1698 1995 1771 2024; x_wconf 80' lang='grc' dir='ltr'>ἐπει-</span> 
     </span>
     <span class='ocr_line' id='line_1_96' title="bbox 1002 2038 1771 2079; baseline 0.004 -12"><span class='ocrx_word' id='word_1_651' title='bbox 1002 2038 1034 2076; x_wconf 77' lang='grc' dir='ltr'>δὴ</span> <span class='ocrx_word' id='word_1_652' title='bbox 1059 2038 1087 2068; x_wconf 82' lang='grc' dir='ltr'>δὲ</span> <span class='ocrx_word' id='word_1_653' title='bbox 1107 2038 1239 2078; x_wconf 75' lang='grc' dir='ltr'>ἀνέὸημεν</span> <span class='ocrx_word' id='word_1_654' title='bbox 1264 2039 1325 2072; x_wconf 76' lang='grc' dir='ltr'>τοὺς</span> <span class='ocrx_word' id='word_1_655' title='bbox 1346 2038 1490 2073; x_wconf 81' lang='grc' dir='ltr'>σκοπέλους</span> <span class='ocrx_word' id='word_1_656' title='bbox 1511 2039 1645 2076; x_wconf 78' lang='grc' dir='ltr'>ἐκείνους,</span> <span class='ocrx_word' id='word_1_657' title='bbox 1668 2040 1771 2079; x_wconf 73' lang='grc' dir='ltr'>εἴδομεν</span> 
     </span>
     <span class='ocr_line' id='line_1_97' title="bbox 1002 2084 1771 2125; baseline 0.001 -11"><span class='ocrx_word' id='word_1_658' title='bbox 1002 2085 1057 2115; x_wconf 85' lang='grc' dir='ltr'>ἄνω</span> <span class='ocrx_word' id='word_1_659' title='bbox 1080 2084 1172 2114; x_wconf 81' lang='grc' dir='ltr'>λοιπὸν</span> <span class='ocrx_word' id='word_1_660' title='bbox 1193 2084 1238 2114; x_wconf 80' lang='grc' dir='ltr'>τὸν</span> <span class='ocrx_word' id='word_1_661' title='bbox 1258 2084 1359 2125; x_wconf 85' lang='grc' dir='ltr'>καρπὸν</span> <span class='ocrx_word' id='word_1_662' title='bbox 1383 2087 1429 2114; x_wconf 74' lang='grc' dir='ltr'>τοῦ</span> <span class='ocrx_word' id='word_1_663' title='bbox 1451 2085 1624 2124; x_wconf 83' lang='grc' dir='ltr'>Πνεύματος,</span> <span class='ocrx_word' id='word_1_664' title='bbox 1645 2085 1771 2124; x_wconf 76' lang='grc' dir='ltr'>ἀγάπην,</span> 
     </span>
     <span class='ocr_line' id='line_1_98' title="bbox 1002 2129 1772 2172; baseline -0.001 -12"><span class='ocrx_word' id='word_1_665' title='bbox 1002 2131 1102 2172; x_wconf 81' lang='grc' dir='ltr'>χαρὰν,</span> <span class='ocrx_word' id='word_1_666' title='bbox 1115 2131 1234 2171; x_wconf 81' lang='grc' dir='ltr'>εἰρήνην,</span> <span class='ocrx_word' id='word_1_667' title='bbox 1249 2130 1294 2160; x_wconf 66' lang='grc' dir='ltr'>καὶ</span> <span class='ocrx_word' id='word_1_668' title='bbox 1307 2132 1336 2160; x_wconf 84' lang='grc' dir='ltr'>οὗ</span> <span class='ocrx_word' id='word_1_669' title='bbox 1351 2130 1460 2170; x_wconf 74' lang='grc' dir='ltr'>μάταιος</span> <span class='ocrx_word' id='word_1_670' title='bbox 1473 2133 1538 2171; x_wconf 85' lang='grc' dir='ltr'>ἡμῖν</span> <span class='ocrx_word' id='word_1_671' title='bbox 1552 2131 1611 2161; x_wconf 72' lang='grc' dir='ltr'>οὐδὲ</span> <span class='ocrx_word' id='word_1_672' title='bbox 1625 2129 1745 2170; x_wconf 80' lang='grc' dir='ltr'>περιττὸς</span> <span class='ocrx_word' id='word_1_673' title='bbox 1757 2132 1772 2159; x_wconf 84' lang='grc' dir='ltr'>ὁ</span> 
     </span>
     <span class='ocr_line' id='line_1_99' title="bbox 1003 2175 1771 2217; baseline -0.001 -11"><span class='ocrx_word' id='word_1_674' title='bbox 1003 2177 1080 2211; x_wconf 85' lang='grc' dir='ltr'>πόνος</span> <span class='ocrx_word' id='word_1_675' title='bbox 1102 2177 1213 2216; x_wconf 82' lang='grc' dir='ltr'>ἐγένετο,</span> <span class='ocrx_word' id='word_1_676' title='bbox 1231 2178 1289 2206; x_wconf 87' lang='grc' dir='ltr'>ἀλλ’</span> <span class='ocrx_word' id='word_1_677' title='bbox 1305 2178 1341 2210; x_wconf 88' lang='grc' dir='ltr'>εἷς</span> <span class='ocrx_word' id='word_1_678' title='bbox 1357 2176 1516 2217; x_wconf 82' lang='grc' dir='ltr'>εὐφροσύνην</span> <span class='ocrx_word' id='word_1_679' title='bbox 1529 2177 1687 2213; x_wconf 78' lang='grc' dir='ltr'>κατέληξεν·</span> <span class='ocrx_word' id='word_1_680' title='bbox 1702 2175 1771 2205; x_wconf 76' lang='grc' dir='ltr'>οὕτω</span> 
     </span>
     <span class='ocr_line' id='line_1_100' title="bbox 1003 2222 1770 2264; baseline -0.001 -11"><span class='ocrx_word' id='word_1_681' title='bbox 1003 2224 1048 2253; x_wconf 78' lang='grc' dir='ltr'>καὶ</span> <span class='ocrx_word' id='word_1_682' title='bbox 1066 2224 1181 2264; x_wconf 85' lang='grc' dir='ltr'>σήμερον</span> <span class='ocrx_word' id='word_1_683' title='bbox 1194 2224 1333 2263; x_wconf 88' lang='grc' dir='ltr'>προσδοκῶ</span> <span class='ocrx_word' id='word_1_684' title='bbox 1353 2226 1411 2256; x_wconf 85' lang='grc' dir='ltr'>ταῖς</span> <span class='ocrx_word' id='word_1_685' title='bbox 1434 2223 1525 2262; x_wconf 80' lang='grc' dir='ltr'>εὐχαῖς</span> <span class='ocrx_word' id='word_1_686' title='bbox 1538 2227 1595 2256; x_wconf 86' lang='grc' dir='ltr'>ταῖς</span> <span class='ocrx_word' id='word_1_687' title='bbox 1615 2222 1770 2263; x_wconf 80' lang='grc' dir='ltr'>ὑμετέραις,</span> 
     </span>
     <span class='ocr_line' id='line_1_101' title="bbox 1002 2262 1775 2310; baseline -0.001 -11"><span class='ocrx_word' id='word_1_688' title='bbox 1002 2270 1032 2299; x_wconf 80' lang='grc' dir='ltr'>ἂν</span> <span class='ocrx_word' id='word_1_689' title='bbox 1046 2270 1114 2309; x_wconf 79' lang='grc' dir='ltr'>μετὰ</span> <span class='ocrx_word' id='word_1_690' title='bbox 1127 2270 1264 2310; x_wconf 80' lang='grc' dir='ltr'>καρτερίας</span> <span class='ocrx_word' id='word_1_691' title='bbox 1276 2269 1321 2299; x_wconf 80' lang='grc' dir='ltr'>καὶ</span> <span class='ocrx_word' id='word_1_692' title='bbox 1331 2270 1430 2304; x_wconf 81' lang='grc' dir='ltr'>πολλῆς</span> <span class='ocrx_word' id='word_1_693' title='bbox 1443 2270 1491 2304; x_wconf 81' lang='grc' dir='ltr'>τῆς</span> <span class='ocrx_word' id='word_1_694' title='bbox 1500 2271 1634 2308; x_wconf 76' lang='grc' dir='ltr'>ὑπομονῆς</span> <span class='ocrx_word' id='word_1_695' title='bbox 1646 2269 1694 2305; x_wconf 81' lang='grc' dir='ltr'>τὴν</span> <span class='ocrx_word' id='word_1_696' title='bbox 1706 2262 1775 2309; x_wconf 54' lang='grc' dir='ltr'>προ)</span> 
     </span>
    </p>
   </div>
   <div class='ocr_carea' id='block_1_18' title="bbox 201 2315 1771 2365">
    <p class='ocr_par' dir='ltr' id='par_1_20' title="bbox 201 2315 1771 2365">
     <span class='ocr_line' id='line_1_102' title="bbox 201 2315 1771 2365; baseline -0.002 -10"><span class='ocrx_word' id='word_1_697' title='bbox 201 2328 248 2364; x_wconf 85' lang='lat' dir='ltr'>do,</span> <span class='ocrx_word' id='word_1_698' title='bbox 260 2333 300 2362; x_wconf 88' lang='lat' dir='ltr'>ut,</span> <span class='ocrx_word' id='word_1_699' title='bbox 314 2325 335 2355; x_wconf 92' lang='lat' dir='ltr'>si</span> <span class='ocrx_word' id='word_1_700' title='bbox 348 2325 478 2365; x_wconf 85' lang='lat' dir='ltr'>patienter</span> <span class='ocrx_word' id='word_1_701' title='bbox 489 2331 514 2352; x_wconf 91' lang='lat' dir='ltr'>ct</span> <span class='ocrx_word' id='word_1_702' title='bbox 525 2324 609 2352; x_wconf 83' lang='lat' dir='ltr'>multa</span> <span class='ocrx_word' id='word_1_703' title='bbox 620 2334 682 2352; x_wconf 92' lang='lat' dir='ltr'>cum</span> <span class='ocrx_word' id='word_1_704' title='bbox 694 2323 834 2352; x_wconf 86' lang='lat' dir='ltr'>tolerantia</span> <span class='ocrx_word' id='word_1_705' title='bbox 844 2334 945 2363; x_wconf 91' lang='lat' dir='ltr'>propo-</span> <span class='ocrx_word' id='word_1_706' title='bbox 964 2322 981 2344; x_wconf 77' lang='grc' dir='ltr'><strong>Β</strong></span> <span class='ocrx_word' id='word_1_707' title='bbox 1002 2317 1125 2355; x_wconf 65' lang='grc' dir='ltr'>κειμένην</span> <span class='ocrx_word' id='word_1_708' title='bbox 1143 2319 1207 2355; x_wconf 70' lang='grc' dir='ltr'>ἡμῖν</span> <span class='ocrx_word' id='word_1_709' title='bbox 1235 2315 1398 2353; x_wconf 53' lang='lat' dir='ltr'>&amp;avocatum</span> <span class='ocrx_word' id='word_1_710' title='bbox 1418 2315 1487 2349; x_wconf 63' lang='grc' dir='ltr'>ὁδὸν,</span> <span class='ocrx_word' id='word_1_711' title='bbox 1505 2315 1551 2344; x_wconf 66' lang='grc' dir='ltr'>καὶ</span> <span class='ocrx_word' id='word_1_712' title='bbox 1565 2316 1610 2344; x_wconf 67' lang='grc' dir='ltr'>ἐπὶ</span> <span class='ocrx_word' id='word_1_713' title='bbox 1629 2315 1678 2352; x_wconf 63' lang='grc' dir='ltr'>τὴν</span> <span class='ocrx_word' id='word_1_714' title='bbox 1693 2327 1771 2355; x_wconf 64' lang='lat'>“⁰5²⁰-</span> 
     </span>
    </p>
   </div>
   <div class='ocr_carea' id='block_1_19' title="bbox 201 2369 943 2455">
    <p class='ocr_par' dir='ltr' id='par_1_21' title="bbox 201 2369 943 2455">
     <span class='ocr_line' id='line_1_103' title="bbox 201 2369 943 2408; baseline -0.008 -5"><span class='ocrx_word' id='word_1_715' title='bbox 201 2374 282 2403; x_wconf 87' lang='lat' dir='ltr'>situm</span> <span class='ocrx_word' id='word_1_716' title='bbox 294 2371 372 2401; x_wconf 85' lang='lat' dir='ltr'>nohis</span> <span class='ocrx_word' id='word_1_717' title='bbox 381 2371 430 2400; x_wconf 86' lang='lat' dir='ltr'>iter</span> <span class='ocrx_word' id='word_1_718' title='bbox 440 2369 624 2405; x_wconf 84' lang='lat' dir='ltr'>conficiamus,</span> <span class='ocrx_word' id='word_1_719' title='bbox 644 2375 722 2407; x_wconf 85' lang='lat' dir='ltr'>atquc</span> <span class='ocrx_word' id='word_1_720' title='bbox 740 2369 775 2398; x_wconf 89' lang='lat' dir='ltr'>ad</span> <span class='ocrx_word' id='word_1_721' title='bbox 793 2369 882 2408; x_wconf 88' lang='lat' dir='ltr'>ipsum</span> <span class='ocrx_word' id='word_1_722' title='bbox 900 2380 943 2398; x_wconf 91' lang='lat' dir='ltr'>ea-</span> 
     </span>
     <span class='ocr_line' id='line_1_104' title="bbox 201 2414 940 2455; baseline -0.007 -7"><span class='ocrx_word' id='word_1_723' title='bbox 201 2428 295 2448; x_wconf 89' lang='lat' dir='ltr'>cumcn</span> <span class='ocrx_word' id='word_1_724' title='bbox 316 2416 458 2446; x_wconf 86' lang='lat' dir='ltr'>ascendere</span> <span class='ocrx_word' id='word_1_725' title='bbox 479 2415 612 2455; x_wconf 88' lang='lat' dir='ltr'>possimus</span> <span class='ocrx_word' id='word_1_726' title='bbox 623 2435 632 2449; x_wconf 93' lang='lat'>,</span> <span class='ocrx_word' id='word_1_727' title='bbox 655 2414 713 2443; x_wconf 88' lang='lat' dir='ltr'>illic</span> <span class='ocrx_word' id='word_1_728' title='bbox 731 2415 821 2444; x_wconf 89' lang='lat' dir='ltr'>omnia</span> <span class='ocrx_word' id='word_1_729' title='bbox 839 2414 920 2455; x_wconf 83' lang='lat' dir='ltr'>plana</span> <span class='ocrx_word' id='word_1_730' title='bbox 931 2437 940 2453; x_wconf 91' lang='lat'>,</span> 
     </span>
    </p>
   </div>
   <div class='ocr_carea' id='block_1_20' title="bbox 198 2505 959 2618">
    <p class='ocr_par' dir='ltr' id='par_1_22' title="bbox 198 2505 959 2618">
     <span class='ocr_line' id='line_1_105' title="bbox 231 2505 959 2541; baseline -0.004 -8"><span class='ocrx_word' id='word_1_731' title='bbox 231 2518 240 2529; x_wconf 72' lang='lat' dir='ltr'>c</span> <span class='ocrx_word' id='word_1_732' title='bbox 259 2510 329 2533; x_wconf 86' lang='lat' dir='ltr'>Unus</span> <span class='ocrx_word' id='word_1_733' title='bbox 341 2519 380 2541; x_wconf 78' lang='grc' dir='ltr'>μοι</span> <span class='ocrx_word' id='word_1_734' title='bbox 399 2510 506 2533; x_wconf 56' lang='lat' dir='ltr'>eteuuaz</span> <span class='ocrx_word' id='word_1_735' title='bbox 518 2508 638 2532; x_wconf 70' lang='grc' dir='ltr'>διακεῖσθαι</span> <span class='ocrx_word' id='word_1_736' title='bbox 655 2511 720 2537; x_wconf 80' lang='grc' dir='ltr'>τότε,</span> <span class='ocrx_word' id='word_1_737' title='bbox 739 2514 790 2531; x_wconf 85' lang='lat' dir='ltr'>non</span> <span class='ocrx_word' id='word_1_738' title='bbox 802 2505 883 2539; x_wconf 76' lang='lat' dir='ltr'>male3</span> <span class='ocrx_word' id='word_1_739' title='bbox 895 2505 959 2531; x_wconf 83' lang='lat' dir='ltr'>alter</span> 
     </span>
     <span class='ocr_line' id='line_1_106' title="bbox 198 2551 435 2583; baseline -0.021 -7"><span class='ocrx_word' id='word_1_740' title='bbox 198 2562 237 2583; x_wconf 78' lang='grc' dir='ltr'>μοι</span> <span class='ocrx_word' id='word_1_741' title='bbox 254 2551 362 2575; x_wconf 73' lang='grc' dir='ltr'>ἑδοιεῖσθε</span> <span class='ocrx_word' id='word_1_742' title='bbox 376 2554 435 2574; x_wconf 75' lang='grc' dir='ltr'>τότε.</span> 
     </span>
     <span class='ocr_line' id='line_1_107' title="bbox 228 2584 953 2618; baseline 0.001 -9"><span class='ocrx_word' id='word_1_743' title='bbox 228 2591 241 2609; x_wconf 79' lang='lat' dir='ltr'>d</span> <span class='ocrx_word' id='word_1_744' title='bbox 260 2588 279 2611; x_wconf 89' lang='lat' dir='ltr'>U</span> <span class='ocrx_word' id='word_1_745' title='bbox 286 2597 332 2612; x_wconf 80' lang='lat' dir='ltr'>uus</span> <span class='ocrx_word' id='word_1_746' title='bbox 346 2589 451 2615; x_wconf 51' lang='grc' dir='ltr'>ῑιχλὺσεις</span> <span class='ocrx_word' id='word_1_747' title='bbox 460 2607 465 2615; x_wconf 75' lang='grc'>,</span> <span class='ocrx_word' id='word_1_748' title='bbox 479 2594 532 2618; x_wconf 76' lang='lat' dir='ltr'>quar</span> <span class='ocrx_word' id='word_1_749' title='bbox 542 2584 645 2610; x_wconf 84' lang='lat' dir='ltr'>sortasse</span> <span class='ocrx_word' id='word_1_750' title='bbox 660 2584 734 2610; x_wconf 83' lang='lat' dir='ltr'>lectio</span> <span class='ocrx_word' id='word_1_751' title='bbox 746 2593 797 2610; x_wconf 84' lang='lat' dir='ltr'>non</span> <span class='ocrx_word' id='word_1_752' title='bbox 807 2584 953 2617; x_wconf 77' lang='lat' dir='ltr'>spernenda.</span> 
     </span>
    </p>
   </div>
   <div class='ocr_carea' id='block_1_21' title="bbox 999 2360 1771 2452">
    <p class='ocr_par' dir='ltr' id='par_1_23' title="bbox 999 2360 1771 2452">
     <span class='ocr_line' id='line_1_108' title="bbox 1000 2360 1771 2403; baseline -0.003 -11"><span class='ocrx_word' id='word_1_753' title='bbox 1000 2363 1050 2403; x_wconf 79' lang='grc' dir='ltr'>φὴν</span> <span class='ocrx_word' id='word_1_754' title='bbox 1065 2362 1148 2399; x_wconf 76' lang='grc' dir='ltr'>αὐτὴν</span> <span class='ocrx_word' id='word_1_755' title='bbox 1163 2361 1292 2397; x_wconf 76' lang='grc' dir='ltr'>ἀναὸἥναι</span> <span class='ocrx_word' id='word_1_756' title='bbox 1304 2362 1464 2400; x_wconf 83' lang='grc' dir='ltr'>δυνηθῶμεν,</span> <span class='ocrx_word' id='word_1_757' title='bbox 1473 2360 1582 2390; x_wconf 83' lang='grc' dir='ltr'>ἷσόπεδα</span> <span class='ocrx_word' id='word_1_758' title='bbox 1596 2362 1641 2391; x_wconf 81' lang='grc' dir='ltr'>καὶ</span> <span class='ocrx_word' id='word_1_759' title='bbox 1654 2362 1712 2390; x_wconf 85' lang='grc' dir='ltr'>λεῖα</span> <span class='ocrx_word' id='word_1_760' title='bbox 1725 2361 1771 2390; x_wconf 85' lang='grc' dir='ltr'>καὶ</span> 
     </span>
     <span class='ocr_line' id='line_1_109' title="bbox 999 2407 1769 2452; baseline -0.003 -9"><span class='ocrx_word' id='word_1_761' title='bbox 999 2415 1079 2444; x_wconf 76' lang='grc' dir='ltr'>ὕπτια</span> <span class='ocrx_word' id='word_1_762' title='bbox 1100 2413 1186 2443; x_wconf 85' lang='grc' dir='ltr'>πάντα</span> <span class='ocrx_word' id='word_1_763' title='bbox 1197 2412 1316 2452; x_wconf 80' lang='grc' dir='ltr'>εὑρήσειν</span> <span class='ocrx_word' id='word_1_764' title='bbox 1330 2412 1393 2441; x_wconf 79' lang='grc' dir='ltr'>ἐκεῖ.</span> <span class='ocrx_word' id='word_1_765' title='bbox 1406 2410 1442 2441; x_wconf 90' lang='grc' dir='ltr'>Τί</span> <span class='ocrx_word' id='word_1_766' title='bbox 1455 2412 1515 2440; x_wconf 90' lang='grc' dir='ltr'>ποτ’</span> <span class='ocrx_word' id='word_1_767' title='bbox 1530 2407 1575 2440; x_wconf 64' lang='grc' dir='ltr'>οὖν</span> <span class='ocrx_word' id='word_1_768' title='bbox 1588 2413 1645 2441; x_wconf 83' lang='grc' dir='ltr'>ἐστι</span> <span class='ocrx_word' id='word_1_769' title='bbox 1658 2411 1688 2440; x_wconf 72' lang='grc' dir='ltr'>τὸ</span> <span class='ocrx_word' id='word_1_770' title='bbox 1702 2423 1769 2451; x_wconf 84' lang='grc' dir='ltr'>προ-</span> 
     </span>
    </p>
   </div>
   <div class='ocr_carea' id='block_1_22' title="bbox 1006 2503 1765 2579">
    <p class='ocr_par' dir='ltr' id='par_1_24' title="bbox 1006 2503 1765 2579">
     <span class='ocr_line' id='line_1_110' title="bbox 1007 2503 1765 2539; baseline -0.001 -8"><span class='ocrx_word' id='word_1_771' title='bbox 1007 2506 1102 2531; x_wconf 80' lang='grc' dir='ltr'>ΑΙΙιιιΙίι</span> <span class='ocrx_word' id='word_1_772' title='bbox 1123 2512 1208 2530; x_wconf 83' lang='lat' dir='ltr'>autem</span> <span class='ocrx_word' id='word_1_773' title='bbox 1222 2505 1263 2531; x_wconf 81' lang='lat' dir='ltr'>hic</span> <span class='ocrx_word' id='word_1_774' title='bbox 1277 2504 1475 2539; x_wconf 77' lang='lat' dir='ltr'>chrysostomus</span> <span class='ocrx_word' id='word_1_775' title='bbox 1495 2503 1529 2529; x_wconf 81' lang='lat' dir='ltr'>ad</span> <span class='ocrx_word' id='word_1_776' title='bbox 1545 2503 1618 2529; x_wconf 78' lang='lat' dir='ltr'>ludos</span> <span class='ocrx_word' id='word_1_777' title='bbox 1634 2503 1747 2537; x_wconf 73' lang='lat' dir='ltr'>publicos</span> <span class='ocrx_word' id='word_1_778' title='bbox 1759 2524 1765 2536; x_wconf 88' lang='lat'><em>‚</em></span> 
     </span>
     <span class='ocr_line' id='line_1_111' title="bbox 1006 2542 1608 2579; baseline -0.005 -8"><span class='ocrx_word' id='word_1_779' title='bbox 1006 2545 1097 2579; x_wconf 86' lang='lat' dir='ltr'>quibus</span> <span class='ocrx_word' id='word_1_780' title='bbox 1110 2544 1247 2571; x_wconf 80' lang='lat' dir='ltr'>admodum</span> <span class='ocrx_word' id='word_1_781' title='bbox 1261 2544 1358 2570; x_wconf 84' lang='lat' dir='ltr'>addicti</span> <span class='ocrx_word' id='word_1_782' title='bbox 1369 2550 1440 2569; x_wconf 80' lang='lat' dir='ltr'>crant</span> <span class='ocrx_word' id='word_1_783' title='bbox 1451 2542 1608 2570; x_wconf 79' lang='lat' dir='ltr'>Antiocheui.</span> 
     </span>
    </p>
   </div>
  </div>
 </body>
</html>
