<?xml version="1.0" encoding="UTF-8"?>
<!DOCTYPE html PUBLIC "-//W3C//DTD XHTML 1.0 Transitional//EN"
    "http://www.w3.org/TR/xhtml1/DTD/xhtml1-transitional.dtd">
<html xmlns="http://www.w3.org/1999/xhtml" xml:lang="en" lang="en">
 <head>
  <title>
</title>
<meta http-equiv="Content-Type" content="text/html;charset=utf-8" />
  <meta name='ocr-system' content='tesseract 3.04.00' />
  <meta name='ocr-capabilities' content='ocr_page ocr_carea ocr_par ocr_line ocrx_word'/>
</head>
<body>
  <div class='ocr_page' id='page_1' title='image "./operaomniaquaeex06johnuoft_0228.png"; bbox 0 0 1890 2826; ppageno 0'>
   <div class='ocr_carea' id='block_1_1' title="bbox 276 186 343 208">
    <p class='ocr_par' dir='ltr' id='par_1_1' title="bbox 276 186 343 208">
     <span class='ocr_line' id='line_1_1' title="bbox 276 186 343 208; baseline -0.03 0"><span class='ocrx_word' id='word_1_1' title='bbox 276 186 343 208; x_wconf 82' lang='lat'>212</span> 
     </span>
    </p>
   </div>
   <div class='ocr_carea' id='block_1_2' title="bbox 271 248 1016 527">
    <p class='ocr_par' dir='ltr' id='par_1_2' title="bbox 271 248 1016 527">
     <span class='ocr_line' id='line_1_2' title="bbox 273 248 1016 295; baseline 0.007 -15"><span class='ocrx_word' id='word_1_2' title='bbox 273 251 411 281; x_wconf 85' lang='lat' dir='ltr'>tinucrunt</span> <span class='ocrx_word' id='word_1_3' title='bbox 427 253 496 292; x_wconf 69' lang='lat' dir='ltr'>&#39;tego</span> <span class='ocrx_word' id='word_1_4' title='bbox 517 263 581 282; x_wconf 78' lang='lat' dir='ltr'>vero</span> <span class='ocrx_word' id='word_1_5' title='bbox 599 248 724 294; x_wconf 74' lang='lat' dir='ltr'>prinecps</span> <span class='ocrx_word' id='word_1_6' title='bbox 737 254 848 285; x_wconf 86' lang='lat' dir='ltr'>illorum</span> <span class='ocrx_word' id='word_1_7' title='bbox 869 248 1016 295; x_wconf 80' lang='lat' dir='ltr'>ignominia</span> 
     </span>
     <span class='ocr_line' id='line_1_3' title="bbox 273 298 1015 341; baseline 0.007 -14"><span class='ocrx_word' id='word_1_8' title='bbox 273 309 333 328; x_wconf 90' lang='lat' dir='ltr'>sum</span> <span class='ocrx_word' id='word_1_9' title='bbox 349 298 474 328; x_wconf 74' lang='lat' dir='ltr'>notatus?</span> <span class='ocrx_word' id='word_1_10' title='bbox 487 299 542 330; x_wconf 88' lang='lat' dir='ltr'>illis</span> <span class='ocrx_word' id='word_1_11' title='bbox 558 300 672 330; x_wconf 80' lang='lat' dir='ltr'>honores</span> <span class='ocrx_word' id='word_1_12' title='bbox 686 301 771 341; x_wconf 80' lang='lat' dir='ltr'>erepti</span> <span class='ocrx_word' id='word_1_13' title='bbox 793 304 840 331; x_wconf 83' lang='lat' dir='ltr'>aut</span> <span class='ocrx_word' id='word_1_14' title='bbox 852 303 948 332; x_wconf 84' lang='lat' dir='ltr'>mutati</span> <span class='ocrx_word' id='word_1_15' title='bbox 962 313 1015 333; x_wconf 91' lang='lat' dir='ltr'>non</span> 
     </span>
     <span class='ocr_line' id='line_1_4' title="bbox 274 345 1015 388; baseline 0.007 -15"><span class='ocrx_word' id='word_1_16' title='bbox 274 351 347 382; x_wconf 87' lang='lat' dir='ltr'>sunt,</span> <span class='ocrx_word' id='word_1_17' title='bbox 362 355 412 384; x_wconf 80' lang='lat' dir='ltr'>ego</span> <span class='ocrx_word' id='word_1_18' title='bbox 430 355 493 374; x_wconf 84' lang='lat' dir='ltr'>vero</span> <span class='ocrx_word' id='word_1_19' title='bbox 504 356 564 375; x_wconf 89' lang='lat' dir='ltr'>sum</span> <span class='ocrx_word' id='word_1_20' title='bbox 575 345 676 376; x_wconf 87' lang='lat' dir='ltr'>divinis</span> <span class='ocrx_word' id='word_1_21' title='bbox 689 346 846 377; x_wconf 82' lang='lat' dir='ltr'>muneribus</span> <span class='ocrx_word' id='word_1_22' title='bbox 862 348 992 388; x_wconf 84' lang='lat' dir='ltr'>spoliatus</span> <span class='ocrx_word' id='word_1_23' title='bbox 1001 349 1015 378; x_wconf 64' lang='grc' dir='ltr'>Ξ)</span> 
     </span>
     <span class='ocr_line' id='line_1_5' title="bbox 273 390 1016 428; baseline 0.007 -9"><span class='ocrx_word' id='word_1_24' title='bbox 273 390 355 428; x_wconf 86' lang='lat' dir='ltr'>Quod</span> <span class='ocrx_word' id='word_1_25' title='bbox 366 397 469 420; x_wconf 83' lang='lat' dir='ltr'>tantum</span> <span class='ocrx_word' id='word_1_26' title='bbox 486 391 538 420; x_wconf 79' lang='lat' dir='ltr'>suit</span> <span class='ocrx_word' id='word_1_27' title='bbox 550 392 579 420; x_wconf 88' lang='lat' dir='ltr'>in</span> <span class='ocrx_word' id='word_1_28' title='bbox 601 402 645 421; x_wconf 84' lang='lat' dir='ltr'>me</span> <span class='ocrx_word' id='word_1_29' title='bbox 657 392 763 422; x_wconf 80' lang='lat' dir='ltr'>scelus?</span> <span class='ocrx_word' id='word_1_30' title='bbox 782 402 835 424; x_wconf 88' lang='lat' dir='ltr'>non</span> <span class='ocrx_word' id='word_1_31' title='bbox 847 394 1016 425; x_wconf 79' lang='lat' dir='ltr'>sufficiebant</span> 
     </span>
     <span class='ocr_line' id='line_1_6' title="bbox 272 436 1015 477; baseline 0.007 -12"><span class='ocrx_word' id='word_1_32' title='bbox 272 436 375 476; x_wconf 79' lang='lat' dir='ltr'><strong>priores</strong></span> <span class='ocrx_word' id='word_1_33' title='bbox 383 436 438 466; x_wconf 82' lang='lat' dir='ltr'>illae</span> <span class='ocrx_word' id='word_1_34' title='bbox 447 446 531 477; x_wconf 83' lang='lat' dir='ltr'>poenae</span> <span class='ocrx_word' id='word_1_35' title='bbox 538 437 552 466; x_wconf 66' lang='grc' dir='ltr'>Ξ)</span> <span class='ocrx_word' id='word_1_36' title='bbox 567 437 726 467; x_wconf 81' lang='lat' dir='ltr'>Paradisum</span> <span class='ocrx_word' id='word_1_37' title='bbox 733 438 800 468; x_wconf 86' lang='lat' dir='ltr'>mihi</span> <span class='ocrx_word' id='word_1_38' title='bbox 806 447 981 477; x_wconf 66' lang='lat' dir='ltr'>concesserat,</span> <span class='ocrx_word' id='word_1_39' title='bbox 989 448 1015 470; x_wconf 88' lang='lat' dir='ltr'>et</span> 
     </span>
     <span class='ocr_line' id='line_1_7' title="bbox 271 480 1014 527; baseline 0.008 -16"><span class='ocrx_word' id='word_1_40' title='bbox 271 493 307 511; x_wconf 86' lang='lat' dir='ltr'>ex</span> <span class='ocrx_word' id='word_1_41' title='bbox 320 483 445 523; x_wconf 81' lang='lat' dir='ltr'>paradiso</span> <span class='ocrx_word' id='word_1_42' title='bbox 465 494 509 512; x_wconf 86' lang='lat' dir='ltr'>mc</span> <span class='ocrx_word' id='word_1_43' title='bbox 533 480 634 523; x_wconf 82' lang='lat' dir='ltr'>ejecit:</span> <span class='ocrx_word' id='word_1_44' title='bbox 649 484 734 515; x_wconf 87' lang='lat' dir='ltr'>vitam</span> <span class='ocrx_word' id='word_1_45' title='bbox 756 483 859 515; x_wconf 77' lang='lat' dir='ltr'>doloris</span> <span class='ocrx_word' id='word_1_46' title='bbox 877 493 1014 527; x_wconf 86' lang='lat' dir='ltr'>expertem</span> 
     </span>
    </p>
   </div>
   <div class='ocr_carea' id='block_1_3' title="bbox 631 183 1517 218">
    <p class='ocr_par' dir='ltr' id='par_1_3' title="bbox 631 183 1517 218">
     <span class='ocr_line' id='line_1_8' title="bbox 631 183 1517 218; baseline 0.01 -9"><span class='ocrx_word' id='word_1_47' title='bbox 631 186 661 209; x_wconf 87' lang='lat' dir='ltr'>S.</span> <span class='ocrx_word' id='word_1_48' title='bbox 688 183 825 211; x_wconf 72' lang='lat' dir='ltr'>JoANMS</span> <span class='ocrx_word' id='word_1_49' title='bbox 849 186 1034 212; x_wconf 74' lang='lat' dir='ltr'>CRRYSOST·</span> <span class='ocrx_word' id='word_1_50' title='bbox 1063 189 1218 215; x_wconf 74' lang='lat' dir='ltr'>Aucnuss‘.</span> <span class='ocrx_word' id='word_1_51' title='bbox 1245 191 1517 218; x_wconf 74' lang='lat' dir='ltr'>CONSTAN&#39;HNOP.</span> 
     </span>
    </p>
   </div>
   <div class='ocr_carea' id='block_1_4' title="bbox 1071 250 1843 482">
    <p class='ocr_par' dir='ltr' id='par_1_4' title="bbox 1071 250 1843 482">
     <span class='ocr_line' id='line_1_9' title="bbox 1073 250 1843 297; baseline 0.01 -17"><span class='ocrx_word' id='word_1_52' title='bbox 1073 250 1184 281; x_wconf 78' lang='grc' dir='ltr'>ἕκαστον</span> <span class='ocrx_word' id='word_1_53' title='bbox 1196 252 1291 292; x_wconf 77' lang='grc' dir='ltr'>ἔχοντα</span> <span class='ocrx_word' id='word_1_54' title='bbox 1307 254 1356 291; x_wconf 81' lang='grc' dir='ltr'>τὴν</span> <span class='ocrx_word' id='word_1_55' title='bbox 1369 254 1396 289; x_wconf 78' lang='grc' dir='ltr'>ἐξ</span> <span class='ocrx_word' id='word_1_56' title='bbox 1409 256 1494 295; x_wconf 82' lang='grc' dir='ltr'>ἀρχῆς</span> <span class='ocrx_word' id='word_1_57' title='bbox 1512 257 1742 297; x_wconf 79' lang='grc' dir='ltr'>συγκληρωθεῖσαν</span> <span class='ocrx_word' id='word_1_58' title='bbox 1756 258 1843 291; x_wconf 72' lang='grc' dir='ltr'>αὐτοῖς</span> 
     </span>
     <span class='ocr_line' id='line_1_10' title="bbox 1073 297 1843 342; baseline 0.009 -15"><span class='ocrx_word' id='word_1_59' title='bbox 1073 297 1162 336; x_wconf 79' lang='grc' dir='ltr'>φωνήν</span> <span class='ocrx_word' id='word_1_60' title='bbox 1172 310 1179 317; x_wconf 93' lang='grc'><em>·</em></span> <span class='ocrx_word' id='word_1_61' title='bbox 1193 299 1247 339; x_wconf 83' lang='grc' dir='ltr'>ἐγὼ</span> <span class='ocrx_word' id='word_1_62' title='bbox 1266 299 1293 329; x_wconf 84' lang='grc' dir='ltr'>δὲ</span> <span class='ocrx_word' id='word_1_63' title='bbox 1304 302 1318 330; x_wconf 86' lang='grc' dir='ltr'><strong>ὁ</strong></span> <span class='ocrx_word' id='word_1_64' title='bbox 1331 301 1422 341; x_wconf 88' lang='grc' dir='ltr'>ἄρχων</span> <span class='ocrx_word' id='word_1_65' title='bbox 1434 303 1522 331; x_wconf 85' lang='grc' dir='ltr'>αὐτῶν</span> <span class='ocrx_word' id='word_1_66' title='bbox 1540 301 1694 342; x_wconf 84' lang='grc' dir='ltr'>ἠτίμωμαι;</span> <span class='ocrx_word' id='word_1_67' title='bbox 1713 304 1843 337; x_wconf 80' lang='grc' dir='ltr'>κάκείνοις</span> 
     </span>
     <span class='ocr_line' id='line_1_11' title="bbox 1073 341 1843 390; baseline 0.008 -18"><span class='ocrx_word' id='word_1_68' title='bbox 1073 341 1086 359; x_wconf 60' lang='lat' dir='ltr'>b</span> <span class='ocrx_word' id='word_1_69' title='bbox 1097 343 1145 382; x_wconf 83' lang='grc' dir='ltr'>μὲν</span> <span class='ocrx_word' id='word_1_70' title='bbox 1159 344 1279 382; x_wconf 82' lang='grc' dir='ltr'>ἀκίνητοι</span> <span class='ocrx_word' id='word_1_71' title='bbox 1293 348 1320 376; x_wconf 77' lang='grc' dir='ltr'>αἱ</span> <span class='ocrx_word' id='word_1_72' title='bbox 1334 347 1420 386; x_wconf 77' lang='grc' dir='ltr'>τιμαὶ,</span> <span class='ocrx_word' id='word_1_73' title='bbox 1434 347 1486 387; x_wconf 87' lang='grc' dir='ltr'>ἐγὼ</span> <span class='ocrx_word' id='word_1_74' title='bbox 1497 347 1525 377; x_wconf 79' lang='grc' dir='ltr'>δὲ</span> <span class='ocrx_word' id='word_1_75' title='bbox 1535 347 1657 383; x_wconf 68' lang='grc' dir='ltr'>ἐξέπεσον</span> <span class='ocrx_word' id='word_1_76' title='bbox 1667 351 1720 379; x_wconf 86' lang='grc' dir='ltr'>τῶν</span> <span class='ocrx_word' id='word_1_77' title='bbox 1731 349 1843 390; x_wconf 78' lang='grc' dir='ltr'>’δωρεῶν</span> 
     </span>
     <span class='ocr_line' id='line_1_12' title="bbox 1072 391 1843 436; baseline 0.01 -17"><span class='ocrx_word' id='word_1_78' title='bbox 1072 392 1119 419; x_wconf 80' lang='grc' dir='ltr'>τοῦ</span> <span class='ocrx_word' id='word_1_79' title='bbox 1133 391 1218 424; x_wconf 70' lang='grc' dir='ltr'>Θεοῦς</span> <span class='ocrx_word' id='word_1_80' title='bbox 1237 393 1291 422; x_wconf 80' lang='grc' dir='ltr'>Καὶ</span> <span class='ocrx_word' id='word_1_81' title='bbox 1305 393 1332 422; x_wconf 87' lang='grc' dir='ltr'>τί</span> <span class='ocrx_word' id='word_1_82' title='bbox 1346 396 1471 424; x_wconf 79' lang='grc' dir='ltr'>τοσοῦτον</span> <span class='ocrx_word' id='word_1_83' title='bbox 1483 394 1639 435; x_wconf 70' lang='grc' dir='ltr'>ἡμάρτηταί</span> <span class='ocrx_word' id='word_1_84' title='bbox 1659 407 1717 435; x_wconf 86' lang='grc' dir='ltr'>μοι;</span> <span class='ocrx_word' id='word_1_85' title='bbox 1729 397 1778 426; x_wconf 78' lang='grc' dir='ltr'>οὔκ</span> <span class='ocrx_word' id='word_1_86' title='bbox 1790 396 1843 436; x_wconf 84' lang='grc' dir='ltr'>ἤρ-</span> 
     </span>
     <span class='ocr_line' id='line_1_13' title="bbox 1071 438 1843 482; baseline 0.009 -16"><span class='ocrx_word' id='word_1_87' title='bbox 1071 447 1134 467; x_wconf 86' lang='grc' dir='ltr'>κουν</span> <span class='ocrx_word' id='word_1_88' title='bbox 1153 439 1180 467; x_wconf 83' lang='grc' dir='ltr'>αἱ</span> <span class='ocrx_word' id='word_1_89' title='bbox 1199 438 1326 479; x_wconf 84' lang='grc' dir='ltr'>πρότεραι</span> <span class='ocrx_word' id='word_1_90' title='bbox 1343 439 1483 480; x_wconf 85' lang='grc' dir='ltr'>τιμωρίαι;</span> <span class='ocrx_word' id='word_1_91' title='bbox 1500 440 1606 470; x_wconf 75' lang='grc' dir='ltr'>Ἔδωκὲ</span> <span class='ocrx_word' id='word_1_92' title='bbox 1626 452 1672 480; x_wconf 85' lang='grc' dir='ltr'>μοι</span> <span class='ocrx_word' id='word_1_93' title='bbox 1693 441 1738 471; x_wconf 78' lang='grc' dir='ltr'>τὸν</span> <span class='ocrx_word' id='word_1_94' title='bbox 1753 442 1843 482; x_wconf 80' lang='grc' dir='ltr'>παρά-</span> 
     </span>
    </p>
   </div>
   <div class='ocr_carea' id='block_1_5' title="bbox 1026 483 1843 528">
    <p class='ocr_par' dir='ltr' id='par_1_5' title="bbox 1026 483 1843 528">
     <span class='ocr_line' id='line_1_14' title="bbox 1026 483 1843 528; baseline 0.007 -17"><span class='ocrx_word' id='word_1_95' title='bbox 1026 508 1062 527; x_wconf 57' lang='lat'>185</span> <span class='ocrx_word' id='word_1_96' title='bbox 1073 483 1174 520; x_wconf 80' lang='grc' dir='ltr'>δεισον,</span> <span class='ocrx_word' id='word_1_97' title='bbox 1188 484 1233 514; x_wconf 84' lang='grc' dir='ltr'>καὶ</span> <span class='ocrx_word' id='word_1_98' title='bbox 1254 484 1363 519; x_wconf 74' lang='grc' dir='ltr'>ἐξέὸαλὲ</span> <span class='ocrx_word' id='word_1_99' title='bbox 1382 498 1415 525; x_wconf 81' lang='grc' dir='ltr'>με</span> <span class='ocrx_word' id='word_1_100' title='bbox 1438 488 1484 516; x_wconf 87' lang='grc' dir='ltr'>τοῦ</span> <span class='ocrx_word' id='word_1_101' title='bbox 1504 486 1682 527; x_wconf 77' lang='grc' dir='ltr'>παραδείσω·</span> <span class='ocrx_word' id='word_1_102' title='bbox 1705 487 1770 522; x_wconf 78' lang='grc' dir='ltr'>ἔζων</span> <span class='ocrx_word' id='word_1_103' title='bbox 1785 488 1843 528; x_wconf 87' lang='grc' dir='ltr'>βίον</span> 
     </span>
    </p>
   </div>
   <div class='ocr_carea' id='block_1_6' title="bbox 272 529 1843 572">
    <p class='ocr_par' dir='ltr' id='par_1_6' title="bbox 272 529 1843 572">
     <span class='ocr_line' id='line_1_15' title="bbox 272 529 1843 572; baseline 0.005 -17"><span class='ocrx_word' id='word_1_104' title='bbox 272 529 450 568; x_wconf 76' lang='lat' dir='ltr'><strong>laborumque</strong></span> <span class='ocrx_word' id='word_1_105' title='bbox 473 529 655 564; x_wconf 78' lang='lat' dir='ltr'>traducebam,</span> <span class='ocrx_word' id='word_1_106' title='bbox 677 530 775 560; x_wconf 77' lang='lat' dir='ltr'>sudore</span> <span class='ocrx_word' id='word_1_107' title='bbox 799 541 844 561; x_wconf 72' lang='lat' dir='ltr'>me</span> <span class='ocrx_word' id='word_1_108' title='bbox 867 542 899 562; x_wconf 59' lang='grc' dir='ltr'>ἃς</span> <span class='ocrx_word' id='word_1_109' title='bbox 923 533 1015 563; x_wconf 62' lang='lat' dir='ltr'>labore</span> <span class='ocrx_word' id='word_1_110' title='bbox 1034 536 1055 558; x_wconf 80' lang='grc' dir='ltr'><strong>Α</strong></span> <span class='ocrx_word' id='word_1_111' title='bbox 1072 529 1314 570; x_wconf 65' lang='grc' dir='ltr'>ἀταλαίπωρον“καὶ</span> <span class='ocrx_word' id='word_1_112' title='bbox 1323 531 1409 560; x_wconf 81' lang='grc' dir='ltr'>πόνων</span> <span class='ocrx_word' id='word_1_113' title='bbox 1419 532 1634 572; x_wconf 75' lang='grc' dir='ltr'>ἀπηλλαγμένον,</span> <span class='ocrx_word' id='word_1_114' title='bbox 1643 533 1843 572; x_wconf 80' lang='grc' dir='ltr'>κατεδίκασέμε</span> 
     </span>
    </p>
   </div>
   <div class='ocr_carea' id='block_1_7' title="bbox 267 575 1014 986">
    <p class='ocr_par' dir='ltr' id='par_1_7' title="bbox 267 575 1014 986">
     <span class='ocr_line' id='line_1_16' title="bbox 271 575 1014 609; baseline 0.007 -5"><span class='ocrx_word' id='word_1_115' title='bbox 271 575 427 605; x_wconf 83' lang='lat' dir='ltr'>damnavit:</span> <span class='ocrx_word' id='word_1_116' title='bbox 441 575 507 605; x_wconf 87' lang='lat' dir='ltr'>citra</span> <span class='ocrx_word' id='word_1_117' title='bbox 521 583 664 606; x_wconf 80' lang='lat' dir='ltr'>sementem</span> <span class='ocrx_word' id='word_1_118' title='bbox 681 583 708 606; x_wconf 90' lang='lat' dir='ltr'>et</span> <span class='ocrx_word' id='word_1_119' title='bbox 719 577 820 607; x_wconf 81' lang='lat' dir='ltr'>inarata</span> <span class='ocrx_word' id='word_1_120' title='bbox 834 578 914 608; x_wconf 82' lang='lat' dir='ltr'>tellus</span> <span class='ocrx_word' id='word_1_121' title='bbox 925 580 1014 609; x_wconf 86' lang='lat' dir='ltr'>omnia</span> 
     </span>
     <span class='ocr_line' id='line_1_17' title="bbox 272 622 1012 664; baseline 0.008 -14"><span class='ocrx_word' id='word_1_122' title='bbox 272 622 418 661; x_wconf 84' lang='lat' dir='ltr'>praebebat,</span> <span class='ocrx_word' id='word_1_123' title='bbox 425 622 568 662; x_wconf 85' lang='lat' dir='ltr'>imperavit</span> <span class='ocrx_word' id='word_1_124' title='bbox 574 623 616 652; x_wconf 92' lang='lat' dir='ltr'>illi</span> <span class='ocrx_word' id='word_1_125' title='bbox 623 629 651 653; x_wconf 83' lang='lat' dir='ltr'>ut</span> <span class='ocrx_word' id='word_1_126' title='bbox 657 624 748 664; x_wconf 84' lang='lat' dir='ltr'>spinas</span> <span class='ocrx_word' id='word_1_127' title='bbox 753 631 779 654; x_wconf 84' lang='lat' dir='ltr'>et</span> <span class='ocrx_word' id='word_1_128' title='bbox 786 624 903 655; x_wconf 83' lang='lat' dir='ltr'>tribulos</span> <span class='ocrx_word' id='word_1_129' title='bbox 923 626 1012 661; x_wconf 78' lang='lat' dir='ltr'>ferret,</span> 
     </span>
     <span class='ocr_line' id='line_1_18' title="bbox 270 667 1013 708; baseline 0.009 -12"><span class='ocrx_word' id='word_1_130' title='bbox 270 669 334 697; x_wconf 89' lang='lat' dir='ltr'>etin</span> <span class='ocrx_word' id='word_1_131' title='bbox 346 667 431 708; x_wconf 81' lang='lat' dir='ltr'>ipsam</span> <span class='ocrx_word' id='word_1_132' title='bbox 443 679 536 698; x_wconf 87' lang='lat' dir='ltr'>rursus</span> <span class='ocrx_word' id='word_1_133' title='bbox 546 680 588 699; x_wconf 90' lang='lat' dir='ltr'>me</span> <span class='ocrx_word' id='word_1_134' title='bbox 598 670 730 700; x_wconf 83' lang='lat' dir='ltr'>convertit</span> <span class='ocrx_word' id='word_1_135' title='bbox 739 681 746 698; x_wconf 89' lang='lat'><strong>:</strong></span> <span class='ocrx_word' id='word_1_136' title='bbox 755 678 842 700; x_wconf 84' lang='lat' dir='ltr'>morte</span> <span class='ocrx_word' id='word_1_137' title='bbox 848 682 891 701; x_wconf 90' lang='lat' dir='ltr'>me</span> <span class='ocrx_word' id='word_1_138' title='bbox 900 673 1013 703; x_wconf 83' lang='lat' dir='ltr'>mulcta·</span> 
     </span>
     <span class='ocr_line' id='line_1_19' title="bbox 270 714 1013 757; baseline 0.007 -14"><span class='ocrx_word' id='word_1_139' title='bbox 270 714 324 751; x_wconf 89' lang='lat' dir='ltr'>vit;</span> <span class='ocrx_word' id='word_1_140' title='bbox 342 715 487 744; x_wconf 80' lang='lat' dir='ltr'>mulierum</span> <span class='ocrx_word' id='word_1_141' title='bbox 499 714 595 745; x_wconf 62' lang='lat' dir='ltr'>seium</span> <span class='ocrx_word' id='word_1_142' title='bbox 615 716 758 746; x_wconf 80' lang='lat' dir='ltr'>muletavit</span> <span class='ocrx_word' id='word_1_143' title='bbox 770 724 862 757; x_wconf 84' lang='lat' dir='ltr'>partus</span> <span class='ocrx_word' id='word_1_144' title='bbox 871 717 1013 749; x_wconf 89' lang='lat' dir='ltr'>doloribus</span> 
     </span>
     <span class='ocr_line' id='line_1_20' title="bbox 270 759 1013 801; baseline 0.008 -13"><span class='ocrx_word' id='word_1_145' title='bbox 270 759 463 799; x_wconf 83' lang='lat' dir='ltr'>laboribusque</span> <span class='ocrx_word' id='word_1_146' title='bbox 476 760 636 801; x_wconf 85' lang='lat' dir='ltr'>subjectum.</span> <span class='ocrx_word' id='word_1_147' title='bbox 653 762 714 792; x_wconf 86' lang='lat' dir='ltr'>Non</span> <span class='ocrx_word' id='word_1_148' title='bbox 727 762 895 793; x_wconf 86' lang='lat' dir='ltr'>sufficiebant</span> <span class='ocrx_word' id='word_1_149' title='bbox 907 764 964 794; x_wconf 88' lang='lat' dir='ltr'>haec</span> <span class='ocrx_word' id='word_1_150' title='bbox 978 765 1013 794; x_wconf 88' lang='lat' dir='ltr'>ad</span> 
     </span>
     <span class='ocr_line' id='line_1_21' title="bbox 270 805 1013 849; baseline 0.008 -15"><span class='ocrx_word' id='word_1_151' title='bbox 270 815 386 845; x_wconf 86' lang='lat' dir='ltr'>poenam,</span> <span class='ocrx_word' id='word_1_152' title='bbox 398 805 446 835; x_wconf 88' lang='lat' dir='ltr'>sed</span> <span class='ocrx_word' id='word_1_153' title='bbox 451 816 544 836; x_wconf 88' lang='lat' dir='ltr'>vocem</span> <span class='ocrx_word' id='word_1_154' title='bbox 554 817 662 846; x_wconf 89' lang='lat' dir='ltr'>quoque</span> <span class='ocrx_word' id='word_1_155' title='bbox 671 808 740 837; x_wconf 87' lang='lat' dir='ltr'>mihi</span> <span class='ocrx_word' id='word_1_156' title='bbox 747 808 858 849; x_wconf 87' lang='lat' dir='ltr'>eripuit,</span> <span class='ocrx_word' id='word_1_157' title='bbox 872 816 897 840; x_wconf 92' lang='lat' dir='ltr'>et</span> <span class='ocrx_word' id='word_1_158' title='bbox 910 810 960 840; x_wconf 91' lang='lat' dir='ltr'>hoc</span> <span class='ocrx_word' id='word_1_159' title='bbox 971 821 1013 840; x_wconf 89' lang='lat' dir='ltr'>me</span> 
     </span>
     <span class='ocr_line' id='line_1_22' title="bbox 269 852 1011 894; baseline 0.009 -14"><span class='ocrx_word' id='word_1_160' title='bbox 269 852 371 881; x_wconf 87' lang='lat' dir='ltr'>honore</span> <span class='ocrx_word' id='word_1_161' title='bbox 380 852 509 892; x_wconf 70' lang='lat' dir='ltr'>privavit,</span> <span class='ocrx_word' id='word_1_162' title='bbox 521 859 553 882; x_wconf 91' lang='lat' dir='ltr'>ut</span> <span class='ocrx_word' id='word_1_163' title='bbox 564 853 678 883; x_wconf 82' lang='lat' dir='ltr'>tribules</span> <span class='ocrx_word' id='word_1_164' title='bbox 689 864 720 884; x_wconf 88' lang='lat' dir='ltr'>ac</span> <span class='ocrx_word' id='word_1_165' title='bbox 733 855 844 894; x_wconf 70' lang='lat' dir='ltr'>gentiles</span> <span class='ocrx_word' id='word_1_166' title='bbox 857 866 929 886; x_wconf 85' lang='lat' dir='ltr'>meos</span> <span class='ocrx_word' id='word_1_167' title='bbox 942 863 1011 887; x_wconf 88' lang='lat' dir='ltr'>tam-</span> 
     </span>
     <span class='ocr_line' id='line_1_23' title="bbox 268 898 1012 939; baseline 0.009 -13"><span class='ocrx_word' id='word_1_168' title='bbox 268 907 350 936; x_wconf 87' lang='lat' dir='ltr'>quam</span> <span class='ocrx_word' id='word_1_169' title='bbox 358 898 457 927; x_wconf 83' lang='lat' dir='ltr'>ferinos</span> <span class='ocrx_word' id='word_1_170' title='bbox 467 908 585 934; x_wconf 84' lang='lat' dir='ltr'>averser,</span> <span class='ocrx_word' id='word_1_171' title='bbox 597 908 659 928; x_wconf 87' lang='lat' dir='ltr'>cum</span> <span class='ocrx_word' id='word_1_172' title='bbox 666 906 709 929; x_wconf 87' lang='lat' dir='ltr'>me</span> <span class='ocrx_word' id='word_1_173' title='bbox 716 900 814 939; x_wconf 82' lang='lat' dir='ltr'>linguae</span> <span class='ocrx_word' id='word_1_174' title='bbox 820 900 962 932; x_wconf 79' lang='lat' dir='ltr'>diversitas</span> <span class='ocrx_word' id='word_1_175' title='bbox 975 914 1012 933; x_wconf 85' lang='lat' dir='ltr'>se-</span> 
     </span>
     <span class='ocr_line' id='line_1_24' title="bbox 267 941 1010 986; baseline 0.009 -15"><span class='ocrx_word' id='word_1_176' title='bbox 267 949 344 983; x_wconf 83' lang='lat' dir='ltr'>paret</span> <span class='ocrx_word' id='word_1_177' title='bbox 355 943 390 972; x_wconf 86' lang='lat' dir='ltr'>ab</span> <span class='ocrx_word' id='word_1_178' title='bbox 397 943 510 973; x_wconf 88' lang='lat' dir='ltr'>illorum</span> <span class='ocrx_word' id='word_1_179' title='bbox 520 954 674 984; x_wconf 80' lang='lat' dir='ltr'>congressu.</span> <span class='ocrx_word' id='word_1_180' title='bbox 683 941 826 985; x_wconf 78' lang='lat' dir='ltr'>Propterea</span> <span class='ocrx_word' id='word_1_181' title='bbox 835 946 1010 986; x_wconf 81' lang='lat' dir='ltr'>objectionem</span> 
     </span>
    </p>
   </div>
   <div class='ocr_carea' id='block_1_8' title="bbox 1072 575 1844 619">
    <p class='ocr_par' dir='ltr' id='par_1_8' title="bbox 1072 575 1844 619">
     <span class='ocr_line' id='line_1_25' title="bbox 1072 575 1844 619; baseline 0.006 -15"><span class='ocrx_word' id='word_1_182' title='bbox 1072 575 1163 615; x_wconf 78' lang='grc' dir='ltr'>ἱδρῶτι</span> <span class='ocrx_word' id='word_1_183' title='bbox 1180 576 1226 606; x_wconf 77' lang='grc' dir='ltr'>καὶ</span> <span class='ocrx_word' id='word_1_184' title='bbox 1246 576 1352 618; x_wconf 72' lang='grc' dir='ltr'>μόχθῳ,</span> <span class='ocrx_word' id='word_1_185' title='bbox 1367 578 1491 618; x_wconf 83' lang='grc' dir='ltr'>ἄσπαρτα</span> <span class='ocrx_word' id='word_1_186' title='bbox 1509 579 1554 609; x_wconf 78' lang='grc' dir='ltr'>καὶ</span> <span class='ocrx_word' id='word_1_187' title='bbox 1568 579 1684 619; x_wconf 81' lang='grc' dir='ltr'>ἀνήροτα</span> <span class='ocrx_word' id='word_1_188' title='bbox 1696 579 1783 609; x_wconf 83' lang='grc' dir='ltr'>πάντα</span> <span class='ocrx_word' id='word_1_189' title='bbox 1797 591 1844 619; x_wconf 86' lang='grc' dir='ltr'>μοι</span> 
     </span>
    </p>
   </div>
   <div class='ocr_carea' id='block_1_9' title="bbox 1071 623 1890 666">
    <p class='ocr_par' dir='ltr' id='par_1_9' title="bbox 1071 623 1890 666">
     <span class='ocr_line' id='line_1_26' title="bbox 1071 623 1890 666; baseline 0.006 -16"><span class='ocrx_word' id='word_1_190' title='bbox 1071 625 1198 662; x_wconf 80' lang='grc' dir='ltr'>παρεῖχεν</span> <span class='ocrx_word' id='word_1_191' title='bbox 1220 624 1238 658; x_wconf 81' lang='grc' dir='ltr'>ἡ</span> <span class='ocrx_word' id='word_1_192' title='bbox 1260 625 1314 663; x_wconf 79' lang='grc' dir='ltr'>γῆ,</span> <span class='ocrx_word' id='word_1_193' title='bbox 1337 623 1472 654; x_wconf 77' lang='grc' dir='ltr'>ἐκέλευσεν</span> <span class='ocrx_word' id='word_1_194' title='bbox 1495 626 1563 664; x_wconf 80' lang='grc' dir='ltr'>αὐτῇ</span> <span class='ocrx_word' id='word_1_195' title='bbox 1583 625 1697 659; x_wconf 82' lang='grc' dir='ltr'>ἀκάνθας</span> <span class='ocrx_word' id='word_1_196' title='bbox 1718 625 1764 655; x_wconf 77' lang='grc' dir='ltr'>καὶ</span> <span class='ocrx_word' id='word_1_197' title='bbox 1783 636 1890 666; x_wconf 46' lang='grc' dir='ltr'>τρι-β</span> 
     </span>
    </p>
   </div>
   <div class='ocr_carea' id='block_1_10' title="bbox 1067 667 1842 984">
    <p class='ocr_par' dir='ltr' id='par_1_10' title="bbox 1067 667 1842 984">
     <span class='ocr_line' id='line_1_27' title="bbox 1071 667 1841 712; baseline 0.008 -16"><span class='ocrx_word' id='word_1_198' title='bbox 1071 667 1163 701; x_wconf 64' lang='grc' dir='ltr'>δόλους</span> <span class='ocrx_word' id='word_1_199' title='bbox 1177 669 1333 708; x_wconf 81' lang='grc' dir='ltr'>ἀνενεγκεῖν,</span> <span class='ocrx_word' id='word_1_200' title='bbox 1342 670 1388 699; x_wconf 80' lang='grc' dir='ltr'>καὶ</span> <span class='ocrx_word' id='word_1_201' title='bbox 1403 671 1438 704; x_wconf 82' lang='grc' dir='ltr'>εἰς</span> <span class='ocrx_word' id='word_1_202' title='bbox 1449 670 1532 707; x_wconf 73' lang='grc' dir='ltr'>αὐτήν</span> <span class='ocrx_word' id='word_1_203' title='bbox 1545 683 1578 710; x_wconf 86' lang='grc' dir='ltr'>με</span> <span class='ocrx_word' id='word_1_204' title='bbox 1592 672 1672 701; x_wconf 86' lang='grc' dir='ltr'>πάλιν</span> <span class='ocrx_word' id='word_1_205' title='bbox 1683 671 1841 712; x_wconf 79' lang='grc' dir='ltr'>ἀπέστρεψε·</span> 
     </span>
     <span class='ocr_line' id='line_1_28' title="bbox 1071 713 1842 758; baseline 0.006 -16"><span class='ocrx_word' id='word_1_206' title='bbox 1071 713 1175 754; x_wconf 83' lang='grc' dir='ltr'>θανάτῳ</span> <span class='ocrx_word' id='word_1_207' title='bbox 1194 726 1228 752; x_wconf 79' lang='grc' dir='ltr'>με</span> <span class='ocrx_word' id='word_1_208' title='bbox 1241 715 1365 744; x_wconf 79' lang='grc' dir='ltr'>ἐκόλασε·</span> <span class='ocrx_word' id='word_1_209' title='bbox 1375 715 1407 745; x_wconf 78' lang='grc' dir='ltr'>τὸ</span> <span class='ocrx_word' id='word_1_210' title='bbox 1419 718 1472 745; x_wconf 81' lang='grc' dir='ltr'>τῶν</span> <span class='ocrx_word' id='word_1_211' title='bbox 1485 719 1617 755; x_wconf 78' lang='grc' dir='ltr'>γυναικῶν</span> <span class='ocrx_word' id='word_1_212' title='bbox 1630 717 1704 758; x_wconf 69' lang='grc' dir='ltr'>γένος</span> <span class='ocrx_word' id='word_1_213' title='bbox 1716 717 1842 747; x_wconf 78' lang='grc' dir='ltr'>ἐκόλασεν</span> 
     </span>
     <span class='ocr_line' id='line_1_29' title="bbox 1071 758 1839 803; baseline 0.008 -16"><span class='ocrx_word' id='word_1_214' title='bbox 1071 758 1212 788; x_wconf 74' lang='grc' dir='ltr'>ὑποὸαλὼν</span> <span class='ocrx_word' id='word_1_215' title='bbox 1223 760 1299 790; x_wconf 84' lang='grc' dir='ltr'>ὠδῖσι</span> <span class='ocrx_word' id='word_1_216' title='bbox 1313 761 1358 790; x_wconf 81' lang='grc' dir='ltr'>καὶ</span> <span class='ocrx_word' id='word_1_217' title='bbox 1370 762 1467 795; x_wconf 82' lang='grc' dir='ltr'>πόνοις.</span> <span class='ocrx_word' id='word_1_218' title='bbox 1480 764 1540 792; x_wconf 78' lang='grc' dir='ltr'>Οὐκ</span> <span class='ocrx_word' id='word_1_219' title='bbox 1557 762 1634 803; x_wconf 81' lang='grc' dir='ltr'>ἤρκει</span> <span class='ocrx_word' id='word_1_220' title='bbox 1649 765 1734 792; x_wconf 84' lang='grc' dir='ltr'>ταῦτα</span> <span class='ocrx_word' id='word_1_221' title='bbox 1749 765 1786 797; x_wconf 80' lang='grc' dir='ltr'>εἰς</span> <span class='ocrx_word' id='word_1_222' title='bbox 1799 775 1839 793; x_wconf 87' lang='grc' dir='ltr'>τι-</span> 
     </span>
     <span class='ocr_line' id='line_1_30' title="bbox 1071 805 1841 847; baseline 0.005 -12"><span class='ocrx_word' id='word_1_223' title='bbox 1071 805 1187 846; x_wconf 80' lang='grc' dir='ltr'>μωρίαν,</span> <span class='ocrx_word' id='word_1_224' title='bbox 1205 806 1274 836; x_wconf 80' lang='grc' dir='ltr'>ἀλλὰ</span> <span class='ocrx_word' id='word_1_225' title='bbox 1288 806 1333 836; x_wconf 81' lang='grc' dir='ltr'>καὶ</span> <span class='ocrx_word' id='word_1_226' title='bbox 1346 809 1394 843; x_wconf 82' lang='grc' dir='ltr'>τῆς</span> <span class='ocrx_word' id='word_1_227' title='bbox 1405 809 1493 847; x_wconf 74' lang='grc' dir='ltr'>φωνῆς</span> <span class='ocrx_word' id='word_1_228' title='bbox 1508 820 1541 847; x_wconf 79' lang='grc' dir='ltr'>με</span> <span class='ocrx_word' id='word_1_229' title='bbox 1551 808 1673 845; x_wconf 75' lang='grc' dir='ltr'>ἐξέὸαλε,</span> <span class='ocrx_word' id='word_1_230' title='bbox 1686 809 1732 838; x_wconf 79' lang='grc' dir='ltr'>καὶ</span> <span class='ocrx_word' id='word_1_231' title='bbox 1743 808 1841 845; x_wconf 68' lang='grc' dir='ltr'>ταύτης</span> 
     </span>
     <span class='ocr_line' id='line_1_31' title="bbox 1069 852 1840 895; baseline 0.008 -15"><span class='ocrx_word' id='word_1_232' title='bbox 1069 852 1234 892; x_wconf 80' lang='grc' dir='ltr'>ἀπεστέρησε</span> <span class='ocrx_word' id='word_1_233' title='bbox 1246 854 1295 888; x_wconf 75' lang='grc' dir='ltr'>τῆς</span> <span class='ocrx_word' id='word_1_234' title='bbox 1311 854 1408 892; x_wconf 82' lang='grc' dir='ltr'>τιμῆς,</span> <span class='ocrx_word' id='word_1_235' title='bbox 1422 853 1466 882; x_wconf 76' lang='grc' dir='ltr'>ἵνα</span> <span class='ocrx_word' id='word_1_236' title='bbox 1478 853 1539 888; x_wconf 78' lang='grc' dir='ltr'>τοὺς</span> <span class='ocrx_word' id='word_1_237' title='bbox 1552 855 1700 895; x_wconf 83' lang='grc' dir='ltr'>ὁμοφύλους</span> <span class='ocrx_word' id='word_1_238' title='bbox 1719 855 1764 885; x_wconf 74' lang='grc' dir='ltr'>καὶ</span> <span class='ocrx_word' id='word_1_239' title='bbox 1776 857 1840 894; x_wconf 75' lang='grc' dir='ltr'>ὁμο-</span> 
     </span>
     <span class='ocr_line' id='line_1_32' title="bbox 1067 898 1840 941; baseline 0.008 -15"><span class='ocrx_word' id='word_1_240' title='bbox 1067 902 1150 937; x_wconf 86' lang='grc' dir='ltr'>γενεῖς</span> <span class='ocrx_word' id='word_1_241' title='bbox 1162 898 1282 938; x_wconf 79' lang='grc' dir='ltr'>καθάπερ</span> <span class='ocrx_word' id='word_1_242' title='bbox 1301 898 1437 938; x_wconf 78' lang='grc' dir='ltr'>θηριώδεις</span> <span class='ocrx_word' id='word_1_243' title='bbox 1457 900 1679 940; x_wconf 83' lang='grc' dir='ltr'>ἀποστρέφωμαι,</span> <span class='ocrx_word' id='word_1_244' title='bbox 1693 902 1741 937; x_wconf 77' lang='grc' dir='ltr'>τῆς</span> <span class='ocrx_word' id='word_1_245' title='bbox 1751 903 1840 941; x_wconf 72' lang='grc' dir='ltr'>φωνῆς</span> 
     </span>
     <span class='ocr_line' id='line_1_33' title="bbox 1068 943 1840 984; baseline 0.008 -12"><span class='ocrx_word' id='word_1_246' title='bbox 1068 943 1277 983; x_wconf 81' lang='grc' dir='ltr'>διατειχιζούσης</span> <span class='ocrx_word' id='word_1_247' title='bbox 1291 955 1336 983; x_wconf 87' lang='grc' dir='ltr'>μοι</span> <span class='ocrx_word' id='word_1_248' title='bbox 1349 945 1398 981; x_wconf 78' lang='grc' dir='ltr'>τὴν</span> <span class='ocrx_word' id='word_1_249' title='bbox 1411 945 1560 975; x_wconf 83' lang='grc' dir='ltr'>συνουσίαν.</span> <span class='ocrx_word' id='word_1_250' title='bbox 1575 946 1627 976; x_wconf 83' lang='grc' dir='ltr'>Διὰ</span> <span class='ocrx_word' id='word_1_251' title='bbox 1640 950 1718 977; x_wconf 79' lang='grc' dir='ltr'>τοῦτο</span> <span class='ocrx_word' id='word_1_252' title='bbox 1736 947 1840 984; x_wconf 74' lang='grc' dir='ltr'>ηὔξησα</span> 
     </span>
    </p>
   </div>
   <div class='ocr_carea' id='block_1_11' title="bbox 267 987 1839 1033">
    <p class='ocr_par' dir='ltr' id='par_1_11' title="bbox 267 987 1839 1033">
     <span class='ocr_line' id='line_1_34' title="bbox 267 987 1839 1033; baseline 0.007 -15"><span class='ocrx_word' id='word_1_253' title='bbox 267 989 446 1030; x_wconf 85' lang='lat' dir='ltr'>amplificavi,</span> <span class='ocrx_word' id='word_1_254' title='bbox 452 996 482 1019; x_wconf 85' lang='lat' dir='ltr'>ut</span> <span class='ocrx_word' id='word_1_255' title='bbox 494 1000 557 1020; x_wconf 88' lang='lat' dir='ltr'>cum</span> <span class='ocrx_word' id='word_1_256' title='bbox 568 990 868 1031; x_wconf 79' lang='lat' dir='ltr'>solutionemadjeoero‚</span> <span class='ocrx_word' id='word_1_257' title='bbox 878 992 1011 1024; x_wconf 76' lang='lat' dir='ltr'>illustrior</span> <span class='ocrx_word' id='word_1_258' title='bbox 1031 997 1049 1020; x_wconf 90' lang='lat' dir='ltr'>B</span> <span class='ocrx_word' id='word_1_259' title='bbox 1067 987 1116 1025; x_wconf 59' lang='grc' dir='ltr'>Τὴν</span> <span class='ocrx_word' id='word_1_260' title='bbox 1130 990 1260 1018; x_wconf 61' lang='grc' dir='ltr'>ἅντωῐσῑν</span> <span class='ocrx_word' id='word_1_261' title='bbox 1269 1011 1277 1025; x_wconf 71' lang='lat'><em>2</em></span> <span class='ocrx_word' id='word_1_262' title='bbox 1289 989 1323 1018; x_wconf 70' lang='grc' dir='ltr'>ἶν’</span> <span class='ocrx_word' id='word_1_263' title='bbox 1337 989 1400 1019; x_wconf 65' lang='grc' dir='ltr'>ῧῐαν</span> <span class='ocrx_word' id='word_1_264' title='bbox 1414 990 1540 1030; x_wconf 62' lang='grc' dir='ltr'>ἐπαγάγω</span> <span class='ocrx_word' id='word_1_265' title='bbox 1552 991 1600 1028; x_wconf 47' lang='lat' dir='ltr'>&#39;Vll‘</span> <span class='ocrx_word' id='word_1_266' title='bbox 1615 992 1705 1030; x_wconf 68' lang='grc' dir='ltr'>λῦσῑν,</span> <span class='ocrx_word' id='word_1_267' title='bbox 1715 994 1839 1033; x_wconf 71' lang='grc' dir='ltr'>λαμπρο-</span> 
     </span>
    </p>
   </div>
   <div class='ocr_carea' id='block_1_12' title="bbox 258 1036 1010 2001">
    <p class='ocr_par' dir='ltr' id='par_1_12' title="bbox 258 1036 1010 2001">
     <span class='ocr_line' id='line_1_35' title="bbox 266 1036 1010 1078; baseline 0.007 -12"><span class='ocrx_word' id='word_1_268' title='bbox 266 1037 313 1066; x_wconf 79' lang='lat' dir='ltr'>fiat</span> <span class='ocrx_word' id='word_1_269' title='bbox 326 1036 448 1066; x_wconf 88' lang='lat' dir='ltr'>victoria.</span> <span class='ocrx_word' id='word_1_270' title='bbox 461 1036 492 1066; x_wconf 88' lang='lat' dir='ltr'>Si</span> <span class='ocrx_word' id='word_1_271' title='bbox 505 1036 548 1066; x_wconf 90' lang='lat' dir='ltr'>his</span> <span class='ocrx_word' id='word_1_272' title='bbox 559 1037 695 1075; x_wconf 68' lang='lat' dir='ltr'>omnibus,</span> <span class='ocrx_word' id='word_1_273' title='bbox 708 1037 807 1076; x_wconf 87' lang='lat' dir='ltr'>inquit,</span> <span class='ocrx_word' id='word_1_274' title='bbox 821 1039 959 1078; x_wconf 77' lang='lat' dir='ltr'>privatum</span> <span class='ocrx_word' id='word_1_275' title='bbox 968 1051 1010 1071; x_wconf 89' lang='lat' dir='ltr'>me</span> 
     </span>
     <span class='ocr_line' id='line_1_36' title="bbox 264 1081 1010 1127; baseline 0.007 -16"><span class='ocrx_word' id='word_1_276' title='bbox 264 1082 383 1119; x_wconf 86' lang='lat' dir='ltr'>volebat,</span> <span class='ocrx_word' id='word_1_277' title='bbox 397 1093 450 1122; x_wconf 87' lang='lat' dir='ltr'>qua</span> <span class='ocrx_word' id='word_1_278' title='bbox 462 1081 496 1112; x_wconf 82' lang='lat' dir='ltr'>de</span> <span class='ocrx_word' id='word_1_279' title='bbox 519 1092 598 1112; x_wconf 84' lang='lat' dir='ltr'>causa</span> <span class='ocrx_word' id='word_1_280' title='bbox 615 1082 664 1112; x_wconf 85' lang='lat' dir='ltr'>illa</span> <span class='ocrx_word' id='word_1_281' title='bbox 686 1082 754 1113; x_wconf 88' lang='lat' dir='ltr'>mihi</span> <span class='ocrx_word' id='word_1_282' title='bbox 764 1084 821 1123; x_wconf 88' lang='lat' dir='ltr'>jam</span> <span class='ocrx_word' id='word_1_283' title='bbox 835 1095 851 1113; x_wconf 87' lang='lat' dir='ltr'>a</span> <span class='ocrx_word' id='word_1_284' title='bbox 874 1085 1010 1127; x_wconf 82' lang='lat' dir='ltr'>principio</span> 
     </span>
     <span class='ocr_line' id='line_1_37' title="bbox 265 1129 1010 1173; baseline 0.005 -15"><span class='ocrx_word' id='word_1_285' title='bbox 265 1129 423 1158; x_wconf 77' lang='lat' dir='ltr'>concedebat</span> <span class='ocrx_word' id='word_1_286' title='bbox 438 1129 452 1159; x_wconf 72' lang='grc' dir='ltr'>Ρ</span> <span class='ocrx_word' id='word_1_287' title='bbox 474 1129 568 1159; x_wconf 86' lang='lat' dir='ltr'>Vultis</span> <span class='ocrx_word' id='word_1_288' title='bbox 580 1139 615 1159; x_wconf 86' lang='lat' dir='ltr'>ex</span> <span class='ocrx_word' id='word_1_289' title='bbox 625 1129 677 1159; x_wconf 91' lang='lat' dir='ltr'>hoc</span> <span class='ocrx_word' id='word_1_290' title='bbox 698 1140 752 1160; x_wconf 90' lang='lat' dir='ltr'>uno</span> <span class='ocrx_word' id='word_1_291' title='bbox 765 1130 926 1161; x_wconf 87' lang='lat' dir='ltr'>solutionem</span> <span class='ocrx_word' id='word_1_292' title='bbox 938 1132 1010 1173; x_wconf 85' lang='lat' dir='ltr'>adji—</span> 
     </span>
     <span class='ocr_line' id='line_1_38' title="bbox 265 1176 1009 1218; baseline 0.009 -14"><span class='ocrx_word' id='word_1_293' title='bbox 265 1176 346 1213; x_wconf 83' lang='lat' dir='ltr'>ciam,</span> <span class='ocrx_word' id='word_1_294' title='bbox 361 1176 396 1205; x_wconf 89' lang='lat' dir='ltr'>ab</span> <span class='ocrx_word' id='word_1_295' title='bbox 421 1176 471 1206; x_wconf 75' lang='lat' dir='ltr'>hac</span> <span class='ocrx_word' id='word_1_296' title='bbox 496 1177 555 1217; x_wconf 87' lang='lat' dir='ltr'>ipsa</span> <span class='ocrx_word' id='word_1_297' title='bbox 579 1177 699 1217; x_wconf 83' lang='lat' dir='ltr'>simplici</span> <span class='ocrx_word' id='word_1_298' title='bbox 726 1178 898 1218; x_wconf 77' lang='lat' dir='ltr'>objectione?</span> <span class='ocrx_word' id='word_1_299' title='bbox 923 1181 1009 1211; x_wconf 85' lang='lat' dir='ltr'>Tanta</span> 
     </span>
     <span class='ocr_line' id='line_1_39' title="bbox 264 1222 1008 1268; baseline 0.008 -17"><span class='ocrx_word' id='word_1_300' title='bbox 264 1222 367 1264; x_wconf 79' lang='lat' dir='ltr'>quippe</span> <span class='ocrx_word' id='word_1_301' title='bbox 379 1230 442 1252; x_wconf 87' lang='lat' dir='ltr'>sunt</span> <span class='ocrx_word' id='word_1_302' title='bbox 452 1234 538 1252; x_wconf 83' lang='lat' dir='ltr'>cansae</span> <span class='ocrx_word' id='word_1_303' title='bbox 551 1223 652 1253; x_wconf 72' lang='lat' dir='ltr'>divinae</span> <span class='ocrx_word' id='word_1_304' title='bbox 662 1223 839 1262; x_wconf 81' lang='lat' dir='ltr'>firmamenta,</span> <span class='ocrx_word' id='word_1_305' title='bbox 853 1233 883 1255; x_wconf 92' lang='lat' dir='ltr'>ut</span> <span class='ocrx_word' id='word_1_306' title='bbox 895 1228 938 1256; x_wconf 89' lang='lat' dir='ltr'>vel</span> <span class='ocrx_word' id='word_1_307' title='bbox 951 1228 1008 1268; x_wconf 89' lang='lat' dir='ltr'>ipsa</span> 
     </span>
     <span class='ocr_line' id='line_1_40' title="bbox 264 1269 1007 1309; baseline 0.007 -10"><span class='ocrx_word' id='word_1_308' title='bbox 264 1269 470 1300; x_wconf 71' lang='lat' dir='ltr'>contradicentis</span> <span class='ocrx_word' id='word_1_309' title='bbox 487 1269 603 1309; x_wconf 78' lang='lat' dir='ltr'>objectio</span> <span class='ocrx_word' id='word_1_310' title='bbox 625 1270 701 1299; x_wconf 85' lang='lat' dir='ltr'>nullo</span> <span class='ocrx_word' id='word_1_311' title='bbox 724 1278 815 1300; x_wconf 89' lang='lat' dir='ltr'>nostro</span> <span class='ocrx_word' id='word_1_312' title='bbox 837 1273 1007 1304; x_wconf 88' lang='lat' dir='ltr'>corroborata</span> 
     </span>
     <span class='ocr_line' id='line_1_41' title="bbox 264 1314 1008 1349; baseline 0.007 -5"><span class='ocrx_word' id='word_1_313' title='bbox 264 1315 386 1345; x_wconf 83' lang='lat' dir='ltr'>subsidio</span> <span class='ocrx_word' id='word_1_314' title='bbox 398 1314 433 1344; x_wconf 86' lang='lat' dir='ltr'>ad</span> <span class='ocrx_word' id='word_1_315' title='bbox 446 1314 557 1344; x_wconf 88' lang='lat' dir='ltr'>crimina</span> <span class='ocrx_word' id='word_1_316' title='bbox 570 1315 686 1345; x_wconf 85' lang='lat' dir='ltr'>sufficiat</span> <span class='ocrx_word' id='word_1_317' title='bbox 694 1316 851 1347; x_wconf 79' lang='lat' dir='ltr'>refellenda.</span> <span class='ocrx_word' id='word_1_318' title='bbox 865 1318 894 1348; x_wconf 86' lang='lat' dir='ltr'>Si</span> <span class='ocrx_word' id='word_1_319' title='bbox 908 1329 951 1348; x_wconf 90' lang='lat' dir='ltr'>me</span> <span class='ocrx_word' id='word_1_320' title='bbox 964 1320 1008 1349; x_wconf 85' lang='lat' dir='ltr'>his</span> 
     </span>
     <span class='ocr_line' id='line_1_42' title="bbox 263 1360 1006 1403; baseline 0.008 -14"><span class='ocrx_word' id='word_1_321' title='bbox 263 1360 390 1390; x_wconf 87' lang='lat' dir='ltr'>omnibus</span> <span class='ocrx_word' id='word_1_322' title='bbox 403 1361 511 1401; x_wconf 83' lang='lat' dir='ltr'>privare</span> <span class='ocrx_word' id='word_1_323' title='bbox 532 1361 647 1398; x_wconf 86' lang='lat' dir='ltr'>volebat,</span> <span class='ocrx_word' id='word_1_324' title='bbox 659 1372 710 1391; x_wconf 87' lang='lat' dir='ltr'>cur</span> <span class='ocrx_word' id='word_1_325' title='bbox 724 1372 754 1391; x_wconf 88' lang='lat' dir='ltr'>ea</span> <span class='ocrx_word' id='word_1_326' title='bbox 774 1362 843 1392; x_wconf 88' lang='lat' dir='ltr'>mihi</span> <span class='ocrx_word' id='word_1_327' title='bbox 850 1364 908 1403; x_wconf 83' lang='lat' dir='ltr'>jam</span> <span class='ocrx_word' id='word_1_328' title='bbox 918 1364 981 1395; x_wconf 89' lang='lat' dir='ltr'>inde</span> <span class='ocrx_word' id='word_1_329' title='bbox 991 1376 1006 1395; x_wconf 86' lang='lat' dir='ltr'>a</span> 
     </span>
     <span class='ocr_line' id='line_1_43' title="bbox 263 1407 1005 1451; baseline 0.007 -15"><span class='ocrx_word' id='word_1_330' title='bbox 263 1407 398 1448; x_wconf 79' lang='lat' dir='ltr'>principio</span> <span class='ocrx_word' id='word_1_331' title='bbox 412 1407 573 1437; x_wconf 86' lang='lat' dir='ltr'>concedebat</span> <span class='ocrx_word' id='word_1_332' title='bbox 583 1407 598 1436; x_wconf 70' lang='grc' dir='ltr'>ἐ’</span> <span class='ocrx_word' id='word_1_333' title='bbox 620 1409 690 1438; x_wconf 84' lang='lat' dir='ltr'>Nam</span> <span class='ocrx_word' id='word_1_334' title='bbox 715 1414 741 1438; x_wconf 88' lang='lat' dir='ltr'>et</span> <span class='ocrx_word' id='word_1_335' title='bbox 754 1418 803 1448; x_wconf 83' lang='lat' dir='ltr'>ego</span> <span class='ocrx_word' id='word_1_336' title='bbox 826 1409 901 1439; x_wconf 88' lang='lat' dir='ltr'>istud</span> <span class='ocrx_word' id='word_1_337' title='bbox 915 1411 1005 1451; x_wconf 86' lang='lat' dir='ltr'>ipsum</span> 
     </span>
     <span class='ocr_line' id='line_1_44' title="bbox 262 1453 1005 1498; baseline 0.008 -15"><span class='ocrx_word' id='word_1_338' title='bbox 262 1453 351 1484; x_wconf 89' lang='lat' dir='ltr'>dicam</span> <span class='ocrx_word' id='word_1_339' title='bbox 365 1466 372 1483; x_wconf 90' lang='lat'>:</span> <span class='ocrx_word' id='word_1_340' title='bbox 388 1455 418 1485; x_wconf 92' lang='lat' dir='ltr'>Si</span> <span class='ocrx_word' id='word_1_341' title='bbox 430 1462 456 1484; x_wconf 87' lang='lat' dir='ltr'>te</span> <span class='ocrx_word' id='word_1_342' title='bbox 467 1455 511 1484; x_wconf 87' lang='lat' dir='ltr'>his</span> <span class='ocrx_word' id='word_1_343' title='bbox 523 1455 649 1484; x_wconf 83' lang='lat' dir='ltr'>omnibus</span> <span class='ocrx_word' id='word_1_344' title='bbox 661 1455 769 1495; x_wconf 82' lang='lat' dir='ltr'>privare</span> <span class='ocrx_word' id='word_1_345' title='bbox 790 1456 908 1495; x_wconf 82' lang='lat' dir='ltr'>volebat,</span> <span class='ocrx_word' id='word_1_346' title='bbox 923 1469 1005 1498; x_wconf 88' lang='lat' dir='ltr'>quam</span> 
     </span>
     <span class='ocr_line' id='line_1_45' title="bbox 262 1500 1003 1545; baseline 0.007 -15"><span class='ocrx_word' id='word_1_347' title='bbox 262 1500 298 1530; x_wconf 88' lang='lat' dir='ltr'>ob</span> <span class='ocrx_word' id='word_1_348' title='bbox 325 1510 433 1530; x_wconf 85' lang='lat' dir='ltr'>causam</span> <span class='ocrx_word' id='word_1_349' title='bbox 456 1500 638 1531; x_wconf 79' lang='lat' dir='ltr'>concedebat?</span> <span class='ocrx_word' id='word_1_350' title='bbox 652 1501 747 1540; x_wconf 87' lang='lat' dir='ltr'>Itaque</span> <span class='ocrx_word' id='word_1_351' title='bbox 761 1503 888 1541; x_wconf 88' lang='lat' dir='ltr'>quoniam</span> <span class='ocrx_word' id='word_1_352' title='bbox 906 1510 931 1534; x_wconf 89' lang='lat' dir='ltr'>te</span> <span class='ocrx_word' id='word_1_353' title='bbox 944 1505 1003 1545; x_wconf 88' lang='lat' dir='ltr'>pri-</span> 
     </span>
     <span class='ocr_line' id='line_1_46' title="bbox 261 1547 1003 1591; baseline 0.007 -15"><span class='ocrx_word' id='word_1_354' title='bbox 261 1557 325 1577; x_wconf 86' lang='lat' dir='ltr'>vare</span> <span class='ocrx_word' id='word_1_355' title='bbox 335 1547 452 1585; x_wconf 82' lang='lat' dir='ltr'>nolebat,</span> <span class='ocrx_word' id='word_1_356' title='bbox 464 1554 604 1588; x_wconf 78' lang='lat' dir='ltr'>propterea</span> <span class='ocrx_word' id='word_1_357' title='bbox 627 1547 677 1576; x_wconf 86' lang='lat' dir='ltr'>tibi</span> <span class='ocrx_word' id='word_1_358' title='bbox 687 1549 744 1588; x_wconf 88' lang='lat' dir='ltr'>jam</span> <span class='ocrx_word' id='word_1_359' title='bbox 762 1548 850 1578; x_wconf 86' lang='lat' dir='ltr'>indea</span> <span class='ocrx_word' id='word_1_360' title='bbox 869 1550 1003 1591; x_wconf 79' lang='lat' dir='ltr'>principio</span> 
     </span>
     <span class='ocr_line' id='line_1_47' title="bbox 259 1592 1003 1632; baseline 0.007 -10"><span class='ocrx_word' id='word_1_361' title='bbox 259 1594 310 1622; x_wconf 82' lang='lat' dir='ltr'>ista</span> <span class='ocrx_word' id='word_1_362' title='bbox 321 1593 460 1623; x_wconf 86' lang='lat' dir='ltr'>concessit.</span> <span class='ocrx_word' id='word_1_363' title='bbox 470 1592 544 1630; x_wconf 89' lang='lat' dir='ltr'>Quid</span> <span class='ocrx_word' id='word_1_364' title='bbox 557 1603 620 1632; x_wconf 89' lang='lat' dir='ltr'>ergo</span> <span class='ocrx_word' id='word_1_365' title='bbox 631 1593 748 1622; x_wconf 79' lang='lat' dir='ltr'>accidit?</span> <span class='ocrx_word' id='word_1_366' title='bbox 761 1593 825 1624; x_wconf 88' lang='lat' dir='ltr'>Non</span> <span class='ocrx_word' id='word_1_367' title='bbox 837 1601 862 1624; x_wconf 82' lang='lat' dir='ltr'>te</span> <span class='ocrx_word' id='word_1_368' title='bbox 873 1597 946 1626; x_wconf 88' lang='lat' dir='ltr'>Deus</span> <span class='ocrx_word' id='word_1_369' title='bbox 959 1597 1003 1627; x_wconf 83' lang='lat' dir='ltr'>his</span> 
     </span>
     <span class='ocr_line' id='line_1_48' title="bbox 259 1638 1001 1680; baseline 0.003 -10"><span class='ocrx_word' id='word_1_370' title='bbox 259 1640 339 1670; x_wconf 87' lang='lat' dir='ltr'>bonis</span> <span class='ocrx_word' id='word_1_371' title='bbox 348 1640 436 1680; x_wconf 87' lang='lat' dir='ltr'>ejecit,</span> <span class='ocrx_word' id='word_1_372' title='bbox 447 1639 494 1668; x_wconf 89' lang='lat' dir='ltr'>sed</span> <span class='ocrx_word' id='word_1_373' title='bbox 506 1646 536 1668; x_wconf 88' lang='lat' dir='ltr'>tu</span> <span class='ocrx_word' id='word_1_374' title='bbox 547 1649 605 1678; x_wconf 78' lang='lat' dir='ltr'>quae</span> <span class='ocrx_word' id='word_1_375' title='bbox 618 1638 679 1668; x_wconf 82' lang='lat' dir='ltr'>data</span> <span class='ocrx_word' id='word_1_376' title='bbox 698 1640 805 1670; x_wconf 81' lang='lat' dir='ltr'>fuerant</span> <span class='ocrx_word' id='word_1_377' title='bbox 818 1641 940 1672; x_wconf 86' lang='lat' dir='ltr'>amisisti.</span> <span class='ocrx_word' id='word_1_378' title='bbox 957 1644 1001 1673; x_wconf 89' lang='lat' dir='ltr'>Tu</span> 
     </span>
     <span class='ocr_line' id='line_1_49' title="bbox 260 1685 1002 1729; baseline 0.004 -14"><span class='ocrx_word' id='word_1_379' title='bbox 260 1686 342 1715; x_wconf 90' lang='lat' dir='ltr'>illum</span> <span class='ocrx_word' id='word_1_380' title='bbox 357 1691 466 1726; x_wconf 89' lang='lat' dir='ltr'>propter</span> <span class='ocrx_word' id='word_1_381' title='bbox 483 1685 677 1725; x_wconf 77' lang='lat' dir='ltr'>benignitatem</span> <span class='ocrx_word' id='word_1_382' title='bbox 690 1685 781 1723; x_wconf 80' lang='lat' dir='ltr'>lauda,</span> <span class='ocrx_word' id='word_1_383' title='bbox 792 1687 866 1726; x_wconf 86' lang='lat' dir='ltr'>quod</span> <span class='ocrx_word' id='word_1_384' title='bbox 888 1688 1002 1729; x_wconf 79' lang='lat' dir='ltr'>largitus</span> 
     </span>
     <span class='ocr_line' id='line_1_50' title="bbox 260 1731 1002 1773; baseline 0.008 -13"><span class='ocrx_word' id='word_1_385' title='bbox 260 1731 296 1761; x_wconf 89' lang='lat' dir='ltr'>sit</span> <span class='ocrx_word' id='word_1_386' title='bbox 311 1744 318 1760; x_wconf 68' lang='grc' dir='ltr'>ε</span> <span class='ocrx_word' id='word_1_387' title='bbox 333 1731 449 1771; x_wconf 87' lang='lat' dir='ltr'>teipsum</span> <span class='ocrx_word' id='word_1_388' title='bbox 462 1738 573 1772; x_wconf 84' lang='lat' dir='ltr'>propter</span> <span class='ocrx_word' id='word_1_389' title='bbox 585 1731 718 1771; x_wconf 75' lang='lat' dir='ltr'>ignaviam</span> <span class='ocrx_word' id='word_1_390' title='bbox 726 1742 830 1771; x_wconf 81' lang='lat' dir='ltr'>accusa,</span> <span class='ocrx_word' id='word_1_391' title='bbox 844 1734 891 1773; x_wconf 86' lang='lat' dir='ltr'>qui</span> <span class='ocrx_word' id='word_1_392' title='bbox 900 1735 1002 1766; x_wconf 90' lang='lat' dir='ltr'>donum</span> 
     </span>
     <span class='ocr_line' id='line_1_51' title="bbox 260 1777 1002 1822; baseline 0.008 -16"><span class='ocrx_word' id='word_1_393' title='bbox 260 1777 372 1807; x_wconf 86' lang='lat' dir='ltr'>minime</span> <span class='ocrx_word' id='word_1_394' title='bbox 385 1777 594 1807; x_wconf 84' lang='lat' dir='ltr'>conservaveris.</span> <span class='ocrx_word' id='word_1_395' title='bbox 611 1778 711 1817; x_wconf 83' lang='lat' dir='ltr'>Liquet</span> <span class='ocrx_word' id='word_1_396' title='bbox 720 1778 805 1819; x_wconf 86' lang='lat' dir='ltr'>igitur</span> <span class='ocrx_word' id='word_1_397' title='bbox 811 1790 867 1819; x_wconf 13' lang='lat' dir='ltr'>non?</span> <span class='ocrx_word' id='word_1_398' title='bbox 878 1791 941 1810; x_wconf 88' lang='lat' dir='ltr'>eum</span> <span class='ocrx_word' id='word_1_399' title='bbox 952 1782 1002 1822; x_wconf 88' lang='lat' dir='ltr'>qui</span> 
     </span>
     <span class='ocr_line' id='line_1_52' title="bbox 260 1824 1002 1868; baseline 0.008 -15"><span class='ocrx_word' id='word_1_400' title='bbox 260 1824 384 1865; x_wconf 86' lang='lat' dir='ltr'>deposuit</span> <span class='ocrx_word' id='word_1_401' title='bbox 409 1834 485 1853; x_wconf 86' lang='lat' dir='ltr'>reum</span> <span class='ocrx_word' id='word_1_402' title='bbox 508 1834 576 1861; x_wconf 90' lang='lat' dir='ltr'>esse,</span> <span class='ocrx_word' id='word_1_403' title='bbox 589 1835 683 1854; x_wconf 87' lang='lat' dir='ltr'>verum</span> <span class='ocrx_word' id='word_1_404' title='bbox 706 1836 770 1855; x_wconf 90' lang='lat' dir='ltr'>eum</span> <span class='ocrx_word' id='word_1_405' title='bbox 784 1826 831 1865; x_wconf 90' lang='lat' dir='ltr'>qui</span> <span class='ocrx_word' id='word_1_406' title='bbox 849 1827 1002 1868; x_wconf 86' lang='lat' dir='ltr'>depositum</span> 
     </span>
     <span class='ocr_line' id='line_1_53' title="bbox 259 1869 1002 1915; baseline 0.005 -15"><span class='ocrx_word' id='word_1_407' title='bbox 259 1870 379 1911; x_wconf 85' lang='lat' dir='ltr'>perdidit</span> <span class='ocrx_word' id='word_1_408' title='bbox 392 1869 498 1899; x_wconf 85' lang='lat' dir='ltr'>crimini</span> <span class='ocrx_word' id='word_1_409' title='bbox 511 1870 660 1899; x_wconf 82' lang='lat' dir='ltr'>obnoxium</span> <span class='ocrx_word' id='word_1_410' title='bbox 675 1881 741 1901; x_wconf 89' lang='lat' dir='ltr'>esse.</span> <span class='ocrx_word' id='word_1_411' title='bbox 754 1872 823 1903; x_wconf 80' lang='lat' dir='ltr'>Nam</span> <span class='ocrx_word' id='word_1_412' title='bbox 836 1883 864 1902; x_wconf 88' lang='lat' dir='ltr'>se</span> <span class='ocrx_word' id='word_1_413' title='bbox 887 1873 1002 1915; x_wconf 82' lang='lat' dir='ltr'>diligere</span> 
     </span>
     <span class='ocr_line' id='line_1_54' title="bbox 259 1916 999 1958; baseline 0.007 -12"><span class='ocrx_word' id='word_1_414' title='bbox 259 1927 290 1946; x_wconf 89' lang='lat' dir='ltr'>ac</span> <span class='ocrx_word' id='word_1_415' title='bbox 304 1916 451 1956; x_wconf 84' lang='lat' dir='ltr'>benignum</span> <span class='ocrx_word' id='word_1_416' title='bbox 464 1926 530 1953; x_wconf 88' lang='lat' dir='ltr'>esse,</span> <span class='ocrx_word' id='word_1_417' title='bbox 544 1922 571 1945; x_wconf 90' lang='lat' dir='ltr'>et</span> <span class='ocrx_word' id='word_1_418' title='bbox 593 1916 687 1956; x_wconf 85' lang='lat' dir='ltr'>largiri</span> <span class='ocrx_word' id='word_1_419' title='bbox 705 1917 823 1948; x_wconf 85' lang='lat' dir='ltr'>voluisse</span> <span class='ocrx_word' id='word_1_420' title='bbox 842 1918 999 1958; x_wconf 79' lang='lat' dir='ltr'>declaravit,</span> 
     </span>
     <span class='ocr_line' id='line_1_55' title="bbox 258 1963 1000 2001; baseline 0.009 -10"><span class='ocrx_word' id='word_1_421' title='bbox 258 1973 322 1992; x_wconf 86' lang='lat' dir='ltr'>cum</span> <span class='ocrx_word' id='word_1_422' title='bbox 332 1973 410 1991; x_wconf 89' lang='lat' dir='ltr'>nemo</span> <span class='ocrx_word' id='word_1_423' title='bbox 420 1969 525 2001; x_wconf 82' lang='lat' dir='ltr'>cogeret</span> <span class='ocrx_word' id='word_1_424' title='bbox 537 1969 584 1992; x_wconf 87' lang='lat' dir='ltr'>aut</span> <span class='ocrx_word' id='word_1_425' title='bbox 597 1963 653 1992; x_wconf 88' lang='lat' dir='ltr'>vim</span> <span class='ocrx_word' id='word_1_426' title='bbox 673 1964 790 2000; x_wconf 77' lang='lat' dir='ltr'>afferret,</span> <span class='ocrx_word' id='word_1_427' title='bbox 802 1976 864 1994; x_wconf 88' lang='lat' dir='ltr'>cum</span> <span class='ocrx_word' id='word_1_428' title='bbox 884 1967 960 1997; x_wconf 84' lang='lat' dir='ltr'>nulla</span> <span class='ocrx_word' id='word_1_429' title='bbox 973 1968 1000 1998; x_wconf 89' lang='lat' dir='ltr'>in</span> 
     </span>
    </p>
   </div>
   <div class='ocr_carea' id='block_1_13' title="bbox 1063 1033 1855 1445">
    <p class='ocr_par' dir='ltr' id='par_1_13' title="bbox 1063 1033 1855 1445">
     <span class='ocr_line' id='line_1_56' title="bbox 1067 1033 1839 1078; baseline 0.006 -15"><span class='ocrx_word' id='word_1_430' title='bbox 1067 1034 1132 1073; x_wconf 82' lang='grc' dir='ltr'>τέρα</span> <span class='ocrx_word' id='word_1_431' title='bbox 1144 1033 1254 1073; x_wconf 84' lang='grc' dir='ltr'>γένηται</span> <span class='ocrx_word' id='word_1_432' title='bbox 1272 1036 1290 1070; x_wconf 82' lang='grc' dir='ltr'>ἡ</span> <span class='ocrx_word' id='word_1_433' title='bbox 1311 1034 1383 1070; x_wconf 84' lang='grc' dir='ltr'>νίκη.</span> <span class='ocrx_word' id='word_1_434' title='bbox 1399 1036 1434 1065; x_wconf 80' lang='grc' dir='ltr'>Εἰ</span> <span class='ocrx_word' id='word_1_435' title='bbox 1451 1036 1575 1066; x_wconf 78' lang='grc' dir='ltr'>ἐόούλετό</span> <span class='ocrx_word' id='word_1_436' title='bbox 1589 1049 1636 1077; x_wconf 77' lang='grc' dir='ltr'>με,</span> <span class='ocrx_word' id='word_1_437' title='bbox 1650 1038 1741 1078; x_wconf 81' lang='grc' dir='ltr'>φησὶν,</span> <span class='ocrx_word' id='word_1_438' title='bbox 1756 1039 1839 1068; x_wconf 60' lang='lat' dir='ltr'>tx&amp;-</span> 
     </span>
     <span class='ocr_line' id='line_1_57' title="bbox 1067 1079 1839 1124; baseline 0.006 -15"><span class='ocrx_word' id='word_1_439' title='bbox 1067 1081 1123 1109; x_wconf 81' lang='grc' dir='ltr'>λεῑν</span> <span class='ocrx_word' id='word_1_440' title='bbox 1136 1079 1236 1110; x_wconf 84' lang='grc' dir='ltr'>τούτων</span> <span class='ocrx_word' id='word_1_441' title='bbox 1246 1080 1379 1116; x_wconf 78' lang='grc' dir='ltr'>ἁπάντων,</span> <span class='ocrx_word' id='word_1_442' title='bbox 1392 1080 1461 1115; x_wconf 82' lang='grc' dir='ltr'>τίνος</span> <span class='ocrx_word' id='word_1_443' title='bbox 1470 1081 1557 1112; x_wconf 74' lang='grc' dir='ltr'>ἕνεκέν</span> <span class='ocrx_word' id='word_1_444' title='bbox 1566 1094 1615 1122; x_wconf 85' lang='grc' dir='ltr'>μοι</span> <span class='ocrx_word' id='word_1_445' title='bbox 1627 1083 1694 1113; x_wconf 81' lang='grc' dir='ltr'>αὐτὰ</span> <span class='ocrx_word' id='word_1_446' title='bbox 1706 1083 1781 1124; x_wconf 77' lang='grc' dir='ltr'>παρὰ</span> <span class='ocrx_word' id='word_1_447' title='bbox 1789 1083 1839 1120; x_wconf 74' lang='grc' dir='ltr'>τὴν</span> 
     </span>
     <span class='ocr_line' id='line_1_58' title="bbox 1068 1125 1838 1170; baseline 0.006 -15"><span class='ocrx_word' id='word_1_448' title='bbox 1068 1125 1153 1166; x_wconf 77' lang='grc' dir='ltr'>ἀρχὴν</span> <span class='ocrx_word' id='word_1_449' title='bbox 1168 1126 1269 1167; x_wconf 81' lang='grc' dir='ltr'>ἐδίδου;</span> <span class='ocrx_word' id='word_1_450' title='bbox 1284 1125 1415 1157; x_wconf 68' lang='grc' dir='ltr'>Βούλεσθε</span> <span class='ocrx_word' id='word_1_451' title='bbox 1434 1128 1480 1157; x_wconf 78' lang='grc' dir='ltr'>ἀπ’</span> <span class='ocrx_word' id='word_1_452' title='bbox 1502 1129 1582 1158; x_wconf 76' lang='grc' dir='ltr'>αὐτοῦ</span> <span class='ocrx_word' id='word_1_453' title='bbox 1602 1129 1695 1159; x_wconf 86' lang='grc' dir='ltr'>τούτου</span> <span class='ocrx_word' id='word_1_454' title='bbox 1711 1130 1838 1170; x_wconf 78' lang='grc' dir='ltr'>ἐπαγάγω</span> 
     </span>
     <span class='ocr_line' id='line_1_59' title="bbox 1067 1172 1838 1216; baseline 0.005 -14"><span class='ocrx_word' id='word_1_455' title='bbox 1067 1173 1116 1209; x_wconf 83' lang='grc' dir='ltr'>τὴν</span> <span class='ocrx_word' id='word_1_456' title='bbox 1130 1172 1221 1210; x_wconf 78' lang='grc' dir='ltr'>λύσιν,</span> <span class='ocrx_word' id='word_1_457' title='bbox 1235 1174 1282 1203; x_wconf 76' lang='grc' dir='ltr'>ἀπ’</span> <span class='ocrx_word' id='word_1_458' title='bbox 1305 1173 1387 1209; x_wconf 75' lang='grc' dir='ltr'>αὐτῆς</span> <span class='ocrx_word' id='word_1_459' title='bbox 1407 1175 1456 1210; x_wconf 77' lang='grc' dir='ltr'>τῆς</span> <span class='ocrx_word' id='word_1_460' title='bbox 1477 1173 1655 1215; x_wconf 80' lang='grc' dir='ltr'>ἀντιῤῥήσεως</span> <span class='ocrx_word' id='word_1_461' title='bbox 1673 1177 1721 1212; x_wconf 77' lang='grc' dir='ltr'>τῆς</span> <span class='ocrx_word' id='word_1_462' title='bbox 1743 1177 1838 1216; x_wconf 66' lang='grc' dir='ltr'>ψιλῆςς</span> 
     </span>
     <span class='ocr_line' id='line_1_60' title="bbox 1067 1218 1836 1261; baseline 0.003 -12"><span class='ocrx_word' id='word_1_463' title='bbox 1067 1219 1192 1255; x_wconf 77' lang='grc' dir='ltr'>Τοσαύτη</span> <span class='ocrx_word' id='word_1_464' title='bbox 1215 1218 1267 1259; x_wconf 80' lang='grc' dir='ltr'>γὰρ</span> <span class='ocrx_word' id='word_1_465' title='bbox 1290 1220 1343 1248; x_wconf 83' lang='grc' dir='ltr'>τῶν</span> <span class='ocrx_word' id='word_1_466' title='bbox 1369 1218 1436 1259; x_wconf 72' lang='grc' dir='ltr'>ὑπὲρ</span> <span class='ocrx_word' id='word_1_467' title='bbox 1457 1222 1504 1249; x_wconf 86' lang='grc' dir='ltr'>τοῦ</span> <span class='ocrx_word' id='word_1_468' title='bbox 1525 1222 1595 1251; x_wconf 80' lang='grc' dir='ltr'>Θεοῦ</span> <span class='ocrx_word' id='word_1_469' title='bbox 1620 1220 1806 1261; x_wconf 69' lang='grc' dir='ltr'>δικαιωμάτων</span> <span class='ocrx_word' id='word_1_470' title='bbox 1819 1224 1836 1258; x_wconf 86' lang='grc' dir='ltr'>ἡ</span> 
     </span>
     <span class='ocr_line' id='line_1_61' title="bbox 1065 1261 1837 1308; baseline 0.003 -13"><span class='ocrx_word' id='word_1_471' title='bbox 1065 1265 1213 1306; x_wconf 82' lang='grc' dir='ltr'>περιουσία,</span> <span class='ocrx_word' id='word_1_472' title='bbox 1227 1267 1263 1298; x_wconf 81' lang='grc' dir='ltr'>ὡς</span> <span class='ocrx_word' id='word_1_473' title='bbox 1285 1265 1367 1302; x_wconf 76' lang='grc' dir='ltr'>αὐτὴν</span> <span class='ocrx_word' id='word_1_474' title='bbox 1385 1267 1432 1295; x_wconf 76' lang='grc' dir='ltr'>τοῦ</span> <span class='ocrx_word' id='word_1_475' title='bbox 1455 1266 1635 1307; x_wconf 77' lang='grc' dir='ltr'>ἀντιλέγοντος</span> <span class='ocrx_word' id='word_1_476' title='bbox 1647 1267 1696 1304; x_wconf 80' lang='grc' dir='ltr'>τὴν</span> <span class='ocrx_word' id='word_1_477' title='bbox 1709 1261 1837 1308; x_wconf 56' lang='grc' dir='ltr'>ἀντίῤῥηζ</span> 
     </span>
     <span class='ocr_line' id='line_1_62' title="bbox 1066 1311 1837 1354; baseline 0.004 -13"><span class='ocrx_word' id='word_1_478' title='bbox 1066 1323 1125 1349; x_wconf 87' lang='grc' dir='ltr'>σιν,</span> <span class='ocrx_word' id='word_1_479' title='bbox 1148 1311 1230 1350; x_wconf 74' lang='grc' dir='ltr'>μηδὲν</span> <span class='ocrx_word' id='word_1_480' title='bbox 1251 1313 1315 1351; x_wconf 83' lang='grc' dir='ltr'>παρ’</span> <span class='ocrx_word' id='word_1_481' title='bbox 1338 1312 1416 1350; x_wconf 71' lang='grc' dir='ltr'>ἡμῶν</span> <span class='ocrx_word' id='word_1_482' title='bbox 1429 1312 1702 1352; x_wconf 76' lang='grc' dir='ltr'>προσλαμὸάνουσαν,</span> <span class='ocrx_word' id='word_1_483' title='bbox 1726 1313 1837 1354; x_wconf 77' lang='grc' dir='ltr'>ἀρκέσαι</span> 
     </span>
     <span class='ocr_line' id='line_1_63' title="bbox 1063 1357 1837 1399; baseline 0.004 -12"><span class='ocrx_word' id='word_1_484' title='bbox 1063 1358 1129 1398; x_wconf 87' lang='grc' dir='ltr'>πρὸς</span> <span class='ocrx_word' id='word_1_485' title='bbox 1148 1357 1197 1394; x_wconf 84' lang='grc' dir='ltr'>τὴν</span> <span class='ocrx_word' id='word_1_486' title='bbox 1220 1359 1274 1387; x_wconf 84' lang='grc' dir='ltr'>τῶν</span> <span class='ocrx_word' id='word_1_487' title='bbox 1296 1357 1471 1397; x_wconf 72' lang='grc' dir='ltr'>ἐγκλημάτων</span> <span class='ocrx_word' id='word_1_488' title='bbox 1495 1357 1580 1388; x_wconf 82' lang='grc' dir='ltr'>λύσιν.</span> <span class='ocrx_word' id='word_1_489' title='bbox 1604 1359 1639 1388; x_wconf 82' lang='grc' dir='ltr'>Εἰ</span> <span class='ocrx_word' id='word_1_490' title='bbox 1661 1359 1785 1389; x_wconf 68' lang='grc' dir='ltr'>ἐδούλετό</span> <span class='ocrx_word' id='word_1_491' title='bbox 1803 1363 1837 1399; x_wconf 78' lang='grc' dir='ltr'>με’</span> 
     </span>
     <span class='ocr_line' id='line_1_64' title="bbox 1063 1402 1855 1445; baseline 0.003 -12"><span class='ocrx_word' id='word_1_492' title='bbox 1063 1403 1184 1433; x_wconf 75' lang='grc' dir='ltr'>ἐκὸαλεῖν</span> <span class='ocrx_word' id='word_1_493' title='bbox 1199 1403 1306 1433; x_wconf 81' lang='grc' dir='ltr'>πάντων</span> <span class='ocrx_word' id='word_1_494' title='bbox 1321 1403 1431 1440; x_wconf 74' lang='grc' dir='ltr'>τούτων,</span> <span class='ocrx_word' id='word_1_495' title='bbox 1443 1402 1512 1437; x_wconf 84' lang='grc' dir='ltr'>τίνος</span> <span class='ocrx_word' id='word_1_496' title='bbox 1523 1403 1610 1434; x_wconf 80' lang='grc' dir='ltr'>ἕνεκεν</span> <span class='ocrx_word' id='word_1_497' title='bbox 1623 1405 1692 1434; x_wconf 80' lang='grc' dir='ltr'>αὐτοί</span> <span class='ocrx_word' id='word_1_498' title='bbox 1705 1417 1751 1444; x_wconf 85' lang='grc' dir='ltr'>μοι</span> <span class='ocrx_word' id='word_1_499' title='bbox 1762 1405 1836 1445; x_wconf 83' lang='grc' dir='ltr'>παρὰ</span> <span class='ocrx_word' id='word_1_500' title='bbox 1847 1402 1855 1408; x_wconf 66' lang='lat'><em>&#39;</em></span> 
     </span>
    </p>
   </div>
   <div class='ocr_carea' id='block_1_14' title="bbox 1062 1449 1835 1491">
    <p class='ocr_par' dir='ltr' id='par_1_14' title="bbox 1062 1449 1835 1491">
     <span class='ocr_line' id='line_1_65' title="bbox 1062 1449 1835 1491; baseline 0.005 -13"><span class='ocrx_word' id='word_1_501' title='bbox 1062 1449 1111 1486; x_wconf 78' lang='grc' dir='ltr'>τὴν</span> <span class='ocrx_word' id='word_1_502' title='bbox 1125 1449 1210 1490; x_wconf 84' lang='grc' dir='ltr'>ἀρχὴν</span> <span class='ocrx_word' id='word_1_503' title='bbox 1226 1449 1326 1486; x_wconf 71' lang='grc' dir='ltr'>ἐδίδους</span> <span class='ocrx_word' id='word_1_504' title='bbox 1341 1449 1396 1479; x_wconf 81' lang='grc' dir='ltr'>Καὶ</span> <span class='ocrx_word' id='word_1_505' title='bbox 1409 1449 1460 1490; x_wconf 78' lang='grc' dir='ltr'>γὰρ</span> <span class='ocrx_word' id='word_1_506' title='bbox 1480 1450 1556 1490; x_wconf 84' lang='grc' dir='ltr'>κάγὼ</span> <span class='ocrx_word' id='word_1_507' title='bbox 1575 1450 1607 1480; x_wconf 79' lang='grc' dir='ltr'>τὸ</span> <span class='ocrx_word' id='word_1_508' title='bbox 1628 1451 1693 1481; x_wconf 80' lang='grc' dir='ltr'>αὐτὸ</span> <span class='ocrx_word' id='word_1_509' title='bbox 1709 1451 1780 1491; x_wconf 79' lang='grc' dir='ltr'>λέγω</span> <span class='ocrx_word' id='word_1_510' title='bbox 1790 1463 1797 1470; x_wconf 92' lang='grc'>·</span> <span class='ocrx_word' id='word_1_511' title='bbox 1812 1455 1835 1483; x_wconf 78' lang='grc' dir='ltr'>εἰ</span> 
     </span>
    </p>
   </div>
   <div class='ocr_carea' id='block_1_15' title="bbox 1023 1495 1834 1535">
    <p class='ocr_par' dir='ltr' id='par_1_15' title="bbox 1023 1495 1834 1535">
     <span class='ocr_line' id='line_1_66' title="bbox 1023 1495 1834 1535; baseline 0.001 -9"><span class='ocrx_word' id='word_1_512' title='bbox 1023 1510 1042 1535; x_wconf 76' lang='lat' dir='ltr'>c</span> <span class='ocrx_word' id='word_1_513' title='bbox 1061 1495 1184 1526; x_wconf 73' lang='grc' dir='ltr'>ἐὸούλετό</span> <span class='ocrx_word' id='word_1_514' title='bbox 1205 1508 1235 1525; x_wconf 84' lang='grc' dir='ltr'>σε</span> <span class='ocrx_word' id='word_1_515' title='bbox 1257 1496 1380 1525; x_wconf 77' lang='grc' dir='ltr'>ἐκὸαλεῖν</span> <span class='ocrx_word' id='word_1_516' title='bbox 1401 1495 1509 1526; x_wconf 85' lang='grc' dir='ltr'>πάντων</span> <span class='ocrx_word' id='word_1_517' title='bbox 1529 1496 1644 1534; x_wconf 79' lang='grc' dir='ltr'>τούτων,</span> <span class='ocrx_word' id='word_1_518' title='bbox 1663 1497 1733 1531; x_wconf 86' lang='grc' dir='ltr'>τίνος</span> <span class='ocrx_word' id='word_1_519' title='bbox 1746 1497 1834 1527; x_wconf 75' lang='grc' dir='ltr'>ἕνεκεν</span> 
     </span>
    </p>
   </div>
   <div class='ocr_carea' id='block_1_16' title="bbox 1057 1541 1833 2000">
    <p class='ocr_par' dir='ltr' id='par_1_16' title="bbox 1057 1541 1833 2000">
     <span class='ocr_line' id='line_1_67' title="bbox 1060 1541 1833 1582; baseline 0.004 -11"><span class='ocrx_word' id='word_1_520' title='bbox 1060 1541 1160 1578; x_wconf 82' lang='grc' dir='ltr'>ἐδίδου;</span> <span class='ocrx_word' id='word_1_521' title='bbox 1174 1541 1258 1571; x_wconf 80' lang='grc' dir='ltr'>Ὥστε</span> <span class='ocrx_word' id='word_1_522' title='bbox 1271 1542 1362 1577; x_wconf 77' lang='grc' dir='ltr'>ἐπειδὴ</span> <span class='ocrx_word' id='word_1_523' title='bbox 1378 1543 1427 1571; x_wconf 82' lang='grc' dir='ltr'>οὐκ</span> <span class='ocrx_word' id='word_1_524' title='bbox 1443 1542 1568 1572; x_wconf 73' lang='grc' dir='ltr'>ἐδούλετό</span> <span class='ocrx_word' id='word_1_525' title='bbox 1586 1555 1616 1573; x_wconf 87' lang='grc' dir='ltr'>σε</span> <span class='ocrx_word' id='word_1_526' title='bbox 1633 1542 1774 1582; x_wconf 73' lang='grc' dir='ltr'>ἐκὸαλεῖν,</span> <span class='ocrx_word' id='word_1_527' title='bbox 1790 1545 1833 1574; x_wconf 82' lang='grc' dir='ltr'>διὰ</span> 
     </span>
     <span class='ocr_line' id='line_1_68' title="bbox 1059 1586 1832 1631; baseline 0.006 -15"><span class='ocrx_word' id='word_1_528' title='bbox 1059 1591 1136 1617; x_wconf 80' lang='grc' dir='ltr'>τοῦτο</span> <span class='ocrx_word' id='word_1_529' title='bbox 1149 1587 1285 1617; x_wconf 79' lang='grc' dir='ltr'>ἔδωκέσοι</span> <span class='ocrx_word' id='word_1_530' title='bbox 1298 1589 1383 1616; x_wconf 76' lang='grc' dir='ltr'>ταῦτα</span> <span class='ocrx_word' id='word_1_531' title='bbox 1397 1587 1471 1627; x_wconf 78' lang='grc' dir='ltr'>παρὰ</span> <span class='ocrx_word' id='word_1_532' title='bbox 1484 1587 1534 1624; x_wconf 82' lang='grc' dir='ltr'>τὴν</span> <span class='ocrx_word' id='word_1_533' title='bbox 1550 1589 1646 1629; x_wconf 74' lang='grc' dir='ltr'>ἀρχήν.</span> <span class='ocrx_word' id='word_1_534' title='bbox 1665 1590 1701 1620; x_wconf 87' lang='grc' dir='ltr'>Τί</span> <span class='ocrx_word' id='word_1_535' title='bbox 1712 1586 1757 1620; x_wconf 68' lang='grc' dir='ltr'>οὖν</span> <span class='ocrx_word' id='word_1_536' title='bbox 1772 1591 1832 1631; x_wconf 86' lang='grc' dir='ltr'>ἐγέ-</span> 
     </span>
     <span class='ocr_line' id='line_1_69' title="bbox 1057 1632 1831 1673; baseline 0.005 -10"><span class='ocrx_word' id='word_1_537' title='bbox 1057 1645 1131 1670; x_wconf 71' lang='grc' dir='ltr'>νετος</span> <span class='ocrx_word' id='word_1_538' title='bbox 1146 1634 1209 1673; x_wconf 77' lang='grc' dir='ltr'>Οὐχ</span> <span class='ocrx_word' id='word_1_539' title='bbox 1219 1636 1234 1663; x_wconf 80' lang='grc' dir='ltr'><strong>ὃ</strong></span> <span class='ocrx_word' id='word_1_540' title='bbox 1244 1632 1313 1666; x_wconf 86' lang='grc' dir='ltr'>Θεός</span> <span class='ocrx_word' id='word_1_541' title='bbox 1326 1645 1356 1662; x_wconf 82' lang='grc' dir='ltr'>σε</span> <span class='ocrx_word' id='word_1_542' title='bbox 1369 1632 1501 1671; x_wconf 74' lang='grc' dir='ltr'>ἐξέὸαλεν,</span> <span class='ocrx_word' id='word_1_543' title='bbox 1515 1635 1584 1663; x_wconf 83' lang='grc' dir='ltr'>ἀλλὰ</span> <span class='ocrx_word' id='word_1_544' title='bbox 1600 1634 1632 1664; x_wconf 83' lang='grc' dir='ltr'>σὺ</span> <span class='ocrx_word' id='word_1_545' title='bbox 1646 1635 1787 1670; x_wconf 84' lang='grc' dir='ltr'>ἀπώλεσας</span> <span class='ocrx_word' id='word_1_546' title='bbox 1797 1636 1831 1666; x_wconf 81' lang='grc' dir='ltr'>τὰ</span> 
     </span>
     <span class='ocr_line' id='line_1_70' title="bbox 1058 1678 1830 1722; baseline 0.005 -13"><span class='ocrx_word' id='word_1_547' title='bbox 1058 1679 1176 1709; x_wconf 80' lang='grc' dir='ltr'>δοθέντα.</span> <span class='ocrx_word' id='word_1_548' title='bbox 1200 1679 1318 1710; x_wconf 81' lang='grc' dir='ltr'>Ἐκεῖνον</span> <span class='ocrx_word' id='word_1_549' title='bbox 1342 1678 1459 1718; x_wconf 82' lang='grc' dir='ltr'>θαύμαζε</span> <span class='ocrx_word' id='word_1_550' title='bbox 1482 1682 1530 1715; x_wconf 74' lang='grc' dir='ltr'>τῆς</span> <span class='ocrx_word' id='word_1_551' title='bbox 1554 1681 1764 1722; x_wconf 78' lang='grc' dir='ltr'>φιλανθρωπίας,</span> <span class='ocrx_word' id='word_1_552' title='bbox 1789 1683 1830 1713; x_wconf 76' lang='grc' dir='ltr'>ὅτι</span> 
     </span>
     <span class='ocr_line' id='line_1_71' title="bbox 1058 1725 1828 1766; baseline 0.006 -11"><span class='ocrx_word' id='word_1_553' title='bbox 1058 1725 1202 1766; x_wconf 78' lang='grc' dir='ltr'>ἐχαρίσατο</span> <span class='ocrx_word' id='word_1_554' title='bbox 1212 1737 1220 1744; x_wconf 92' lang='grc'><em>·</em></span> <span class='ocrx_word' id='word_1_555' title='bbox 1233 1727 1323 1765; x_wconf 80' lang='grc' dir='ltr'>σαυτῷ</span> <span class='ocrx_word' id='word_1_556' title='bbox 1343 1725 1448 1766; x_wconf 79' lang='grc' dir='ltr'>μέμφου</span> <span class='ocrx_word' id='word_1_557' title='bbox 1461 1727 1511 1761; x_wconf 76' lang='grc' dir='ltr'>τῆς</span> <span class='ocrx_word' id='word_1_558' title='bbox 1524 1727 1662 1766; x_wconf 76' lang='grc' dir='ltr'>ῥᾳθυμίας,</span> <span class='ocrx_word' id='word_1_559' title='bbox 1677 1728 1719 1758; x_wconf 79' lang='grc' dir='ltr'>ὅτι</span> <span class='ocrx_word' id='word_1_560' title='bbox 1731 1729 1763 1759; x_wconf 82' lang='grc' dir='ltr'>τὸ</span> <span class='ocrx_word' id='word_1_561' title='bbox 1775 1731 1828 1760; x_wconf 76' lang='grc' dir='ltr'>δῶ-</span> 
     </span>
     <span class='ocr_line' id='line_1_72' title="bbox 1061 1771 1828 1815; baseline 0.007 -14"><span class='ocrx_word' id='word_1_562' title='bbox 1061 1783 1104 1812; x_wconf 91' lang='grc' dir='ltr'>ρον</span> <span class='ocrx_word' id='word_1_563' title='bbox 1118 1773 1165 1802; x_wconf 80' lang='grc' dir='ltr'>οὐκ</span> <span class='ocrx_word' id='word_1_564' title='bbox 1179 1771 1317 1812; x_wconf 76' lang='grc' dir='ltr'>ἐφύλαξας.</span> <span class='ocrx_word' id='word_1_565' title='bbox 1328 1771 1413 1801; x_wconf 64' lang='grc' dir='ltr'>εὨο·ϊε</span> <span class='ocrx_word' id='word_1_566' title='bbox 1428 1772 1516 1808; x_wconf 75' lang='grc' dir='ltr'>δῆλον,</span> <span class='ocrx_word' id='word_1_567' title='bbox 1527 1772 1568 1802; x_wconf 78' lang='grc' dir='ltr'>ὅτι</span> <span class='ocrx_word' id='word_1_568' title='bbox 1580 1774 1631 1814; x_wconf 82' lang='grc' dir='ltr'>οὐχ</span> <span class='ocrx_word' id='word_1_569' title='bbox 1643 1776 1658 1804; x_wconf 82' lang='grc' dir='ltr'><strong>ὃ</strong></span> <span class='ocrx_word' id='word_1_570' title='bbox 1671 1786 1828 1815; x_wconf 80' lang='grc' dir='ltr'>παρακατα-</span> 
     </span>
     <span class='ocr_line' id='line_1_73' title="bbox 1059 1817 1830 1862; baseline 0.006 -15"><span class='ocrx_word' id='word_1_571' title='bbox 1059 1818 1164 1857; x_wconf 78' lang='grc' dir='ltr'>θέμενος</span> <span class='ocrx_word' id='word_1_572' title='bbox 1177 1817 1275 1853; x_wconf 81' lang='grc' dir='ltr'>αἶτιος,</span> <span class='ocrx_word' id='word_1_573' title='bbox 1295 1818 1354 1847; x_wconf 80' lang='grc' dir='ltr'>ἄλλ’</span> <span class='ocrx_word' id='word_1_574' title='bbox 1371 1820 1386 1847; x_wconf 81' lang='grc' dir='ltr'><strong>ὁ</strong></span> <span class='ocrx_word' id='word_1_575' title='bbox 1399 1817 1448 1853; x_wconf 83' lang='grc' dir='ltr'>τὴν</span> <span class='ocrx_word' id='word_1_576' title='bbox 1469 1820 1697 1859; x_wconf 79' lang='grc' dir='ltr'>παρακαταθήκην</span> <span class='ocrx_word' id='word_1_577' title='bbox 1718 1822 1830 1862; x_wconf 73' lang='grc' dir='ltr'>προδοὺς</span> 
     </span>
     <span class='ocr_line' id='line_1_74' title="bbox 1058 1863 1827 1907; baseline 0.007 -15"><span class='ocrx_word' id='word_1_578' title='bbox 1058 1863 1232 1903; x_wconf 76' lang='grc' dir='ltr'>ἐγκλημάτων</span> <span class='ocrx_word' id='word_1_579' title='bbox 1246 1863 1399 1897; x_wconf 75' lang='grc' dir='ltr'>ὖπεύθυνος.</span> <span class='ocrx_word' id='word_1_580' title='bbox 1413 1864 1481 1894; x_wconf 87' lang='grc' dir='ltr'>Ὅτι</span> <span class='ocrx_word' id='word_1_581' title='bbox 1494 1864 1545 1904; x_wconf 83' lang='grc' dir='ltr'>γὰρ</span> <span class='ocrx_word' id='word_1_582' title='bbox 1564 1865 1659 1905; x_wconf 79' lang='grc' dir='ltr'>ἐφίλει,</span> <span class='ocrx_word' id='word_1_583' title='bbox 1673 1867 1720 1896; x_wconf 78' lang='grc' dir='ltr'>καὶ</span> <span class='ocrx_word' id='word_1_584' title='bbox 1734 1868 1827 1907; x_wconf 78' lang='grc' dir='ltr'>φιλάν-</span> 
     </span>
     <span class='ocr_line' id='line_1_75' title="bbox 1058 1905 1829 1950; baseline 0.008 -13"><span class='ocrx_word' id='word_1_585' title='bbox 1058 1913 1160 1950; x_wconf 86' lang='grc' dir='ltr'>θρωπος</span> <span class='ocrx_word' id='word_1_586' title='bbox 1170 1905 1213 1945; x_wconf 73' lang='grc' dir='ltr'>ἦν,</span> <span class='ocrx_word' id='word_1_587' title='bbox 1227 1909 1272 1939; x_wconf 83' lang='grc' dir='ltr'>καὶ</span> <span class='ocrx_word' id='word_1_588' title='bbox 1284 1909 1407 1939; x_wconf 56' lang='lat' dir='ltr'>&amp;omem</span> <span class='ocrx_word' id='word_1_589' title='bbox 1421 1910 1592 1950; x_wconf 85' lang='grc' dir='ltr'>χαρίσασθαι,</span> <span class='ocrx_word' id='word_1_590' title='bbox 1603 1910 1714 1949; x_wconf 83' lang='grc' dir='ltr'>ἔδειξεν,</span> <span class='ocrx_word' id='word_1_591' title='bbox 1726 1914 1829 1947; x_wconf 82' lang='grc' dir='ltr'>οὐδενὸς</span> 
     </span>
     <span class='ocr_line' id='line_1_76' title="bbox 1058 1955 1826 2000; baseline 0.005 -15"><span class='ocrx_word' id='word_1_592' title='bbox 1058 1955 1086 1985; x_wconf 86' lang='grc' dir='ltr'>δὲ</span> <span class='ocrx_word' id='word_1_593' title='bbox 1097 1955 1286 1995; x_wconf 78' lang='grc' dir='ltr'>ἀναγκάζοντος</span> <span class='ocrx_word' id='word_1_594' title='bbox 1294 1979 1302 1993; x_wconf 89' lang='grc'>,</span> <span class='ocrx_word' id='word_1_595' title='bbox 1317 1956 1375 1985; x_wconf 78' lang='grc' dir='ltr'>οὐδὲ</span> <span class='ocrx_word' id='word_1_596' title='bbox 1390 1955 1449 1996; x_wconf 83' lang='grc' dir='ltr'>βίαν</span> <span class='ocrx_word' id='word_1_597' title='bbox 1463 1956 1632 1993; x_wconf 75' lang='grc' dir='ltr'>ἐπιτιθέντος,</span> <span class='ocrx_word' id='word_1_598' title='bbox 1645 1960 1675 1987; x_wconf 85' lang='grc' dir='ltr'>οὐ</span> <span class='ocrx_word' id='word_1_599' title='bbox 1685 1958 1720 1988; x_wconf 81' lang='grc' dir='ltr'>τὰ</span> <span class='ocrx_word' id='word_1_600' title='bbox 1729 1971 1826 2000; x_wconf 85' lang='grc' dir='ltr'>κατορ-</span> 
     </span>
    </p>
   </div>
   <div class='ocr_carea' id='block_1_17' title="bbox 259 2001 1827 2048">
    <p class='ocr_par' dir='ltr' id='par_1_17' title="bbox 259 2001 1827 2048">
     <span class='ocr_line' id='line_1_77' title="bbox 259 2001 1827 2048; baseline 0.005 -11"><span class='ocrx_word' id='word_1_601' title='bbox 259 2015 285 2038; x_wconf 89' lang='lat' dir='ltr'>te</span> <span class='ocrx_word' id='word_1_602' title='bbox 295 2015 364 2037; x_wconf 82' lang='lat' dir='ltr'>recte</span> <span class='ocrx_word' id='word_1_603' title='bbox 382 2008 449 2037; x_wconf 77' lang='lat' dir='ltr'>facta</span> <span class='ocrx_word' id='word_1_604' title='bbox 463 2007 576 2038; x_wconf 84' lang='lat' dir='ltr'>miratus</span> <span class='ocrx_word' id='word_1_605' title='bbox 587 2015 665 2045; x_wconf 82' lang='lat' dir='ltr'>esset,</span> <span class='ocrx_word' id='word_1_606' title='bbox 681 2019 765 2048; x_wconf 86' lang='lat' dir='ltr'>neque</span> <span class='ocrx_word' id='word_1_607' title='bbox 783 2011 907 2042; x_wconf 82' lang='lat' dir='ltr'>laborum</span> <span class='ocrx_word' id='word_1_608' title='bbox 919 2013 999 2043; x_wconf 86' lang='lat' dir='ltr'>retri-</span> <span class='ocrx_word' id='word_1_609' title='bbox 1016 2008 1039 2032; x_wconf 69' lang='lat'>¹³</span> <span class='ocrx_word' id='word_1_610' title='bbox 1057 2001 1168 2040; x_wconf 66' lang='grc' dir='ltr'>θώματα</span> <span class='ocrx_word' id='word_1_611' title='bbox 1179 2013 1225 2031; x_wconf 72' lang='lat'>⁶⁰⁰</span> <span class='ocrx_word' id='word_1_612' title='bbox 1239 2001 1389 2040; x_wconf 64' lang='grc' dir='ltr'>θαυμάσας,</span> <span class='ocrx_word' id='word_1_613' title='bbox 1403 2003 1451 2031; x_wconf 68' lang='grc' dir='ltr'>οὐκ</span> <span class='ocrx_word' id='word_1_614' title='bbox 1464 2001 1534 2041; x_wconf 59' lang='grc' dir='ltr'><strong>ἔχων</strong></span> <span class='ocrx_word' id='word_1_615' title='bbox 1547 2013 1589 2031; x_wconf 72' lang='lat'>⁰¹⁰²</span> <span class='ocrx_word' id='word_1_616' title='bbox 1604 2003 1692 2033; x_wconf 59' lang='grc' dir='ltr'>πόνων</span> <span class='ocrx_word' id='word_1_617' title='bbox 1711 2005 1827 2044; x_wconf 66' lang='grc' dir='ltr'>αμθῑὸἢν</span> 
     </span>
    </p>
   </div>
   <div class='ocr_carea' id='block_1_18' title="bbox 257 2054 999 2459">
    <p class='ocr_par' dir='ltr' id='par_1_18' title="bbox 257 2054 999 2459">
     <span class='ocr_line' id='line_1_78' title="bbox 258 2054 999 2091; baseline 0.011 -8"><span class='ocrx_word' id='word_1_618' title='bbox 258 2055 342 2084; x_wconf 86' lang='lat' dir='ltr'>huere</span> <span class='ocrx_word' id='word_1_619' title='bbox 355 2054 503 2084; x_wconf 86' lang='lat' dir='ltr'>mercedem</span> <span class='ocrx_word' id='word_1_620' title='bbox 514 2054 623 2084; x_wconf 87' lang='lat' dir='ltr'>deberet</span> <span class='ocrx_word' id='word_1_621' title='bbox 637 2067 644 2084; x_wconf 89' lang='lat'>:</span> <span class='ocrx_word' id='word_1_622' title='bbox 663 2056 710 2085; x_wconf 89' lang='lat' dir='ltr'>scd</span> <span class='ocrx_word' id='word_1_623' title='bbox 724 2058 860 2088; x_wconf 87' lang='lat' dir='ltr'>confestim</span> <span class='ocrx_word' id='word_1_624' title='bbox 876 2060 923 2089; x_wconf 88' lang='lat' dir='ltr'>ubi</span> <span class='ocrx_word' id='word_1_625' title='bbox 944 2062 999 2091; x_wconf 85' lang='lat' dir='ltr'>for-</span> 
     </span>
     <span class='ocr_line' id='line_1_79' title="bbox 259 2100 999 2144; baseline 0.011 -14"><span class='ocrx_word' id='word_1_626' title='bbox 259 2100 352 2136; x_wconf 84' lang='lat' dir='ltr'>mavit,</span> <span class='ocrx_word' id='word_1_627' title='bbox 370 2100 508 2130; x_wconf 78' lang='lat' dir='ltr'>confestim</span> <span class='ocrx_word' id='word_1_628' title='bbox 521 2100 557 2130; x_wconf 86' lang='lat' dir='ltr'>ad</span> <span class='ocrx_word' id='word_1_629' title='bbox 567 2101 641 2131; x_wconf 88' lang='lat' dir='ltr'>hunc</span> <span class='ocrx_word' id='word_1_630' title='bbox 654 2102 835 2143; x_wconf 82' lang='lat' dir='ltr'>principatum</span> <span class='ocrx_word' id='word_1_631' title='bbox 853 2106 953 2144; x_wconf 86' lang='lat' dir='ltr'>evexit,</span> <span class='ocrx_word' id='word_1_632' title='bbox 969 2115 999 2138; x_wconf 92' lang='lat' dir='ltr'>ut</span> 
     </span>
     <span class='ocr_line' id='line_1_80' title="bbox 258 2146 998 2188; baseline 0.011 -13"><span class='ocrx_word' id='word_1_633' title='bbox 258 2148 310 2176; x_wconf 86' lang='lat' dir='ltr'>hoc</span> <span class='ocrx_word' id='word_1_634' title='bbox 323 2146 424 2176; x_wconf 90' lang='lat' dir='ltr'>donum</span> <span class='ocrx_word' id='word_1_635' title='bbox 443 2157 496 2176; x_wconf 89' lang='lat' dir='ltr'>non</span> <span class='ocrx_word' id='word_1_636' title='bbox 510 2147 713 2177; x_wconf 81' lang='lat' dir='ltr'>rctrIbutionem</span> <span class='ocrx_word' id='word_1_637' title='bbox 725 2150 865 2188; x_wconf 84' lang='lat' dir='ltr'>mercedis,</span> <span class='ocrx_word' id='word_1_638' title='bbox 881 2152 928 2182; x_wconf 88' lang='lat' dir='ltr'>sed</span> <span class='ocrx_word' id='word_1_639' title='bbox 941 2164 998 2183; x_wconf 88' lang='lat' dir='ltr'>me-</span> 
     </span>
     <span class='ocr_line' id='line_1_81' title="bbox 259 2193 999 2237; baseline 0.011 -15"><span class='ocrx_word' id='word_1_640' title='bbox 259 2205 317 2223; x_wconf 89' lang='lat' dir='ltr'>ram</span> <span class='ocrx_word' id='word_1_641' title='bbox 336 2193 448 2234; x_wconf 80' lang='lat' dir='ltr'>gratiam</span> <span class='ocrx_word' id='word_1_642' title='bbox 461 2194 543 2223; x_wconf 83' lang='lat' dir='ltr'>fuisse</span> <span class='ocrx_word' id='word_1_643' title='bbox 554 2194 712 2224; x_wconf 83' lang='lat' dir='ltr'>ostenderet.</span> <span class='ocrx_word' id='word_1_644' title='bbox 729 2196 809 2232; x_wconf 90' lang='lat' dir='ltr'>Quod</span> <span class='ocrx_word' id='word_1_645' title='bbox 827 2198 849 2226; x_wconf 90' lang='lat' dir='ltr'>si</span> <span class='ocrx_word' id='word_1_646' title='bbox 866 2209 924 2237; x_wconf 82' lang='lat' dir='ltr'>quae</span> <span class='ocrx_word' id='word_1_647' title='bbox 938 2199 999 2230; x_wconf 80' lang='lat' dir='ltr'>data</span> 
     </span>
     <span class='ocr_line' id='line_1_82' title="bbox 259 2241 997 2281; baseline 0.009 -11"><span class='ocrx_word' id='word_1_648' title='bbox 259 2242 365 2271; x_wconf 80' lang='lat' dir='ltr'>fuerant</span> <span class='ocrx_word' id='word_1_649' title='bbox 373 2250 426 2269; x_wconf 89' lang='lat' dir='ltr'>non</span> <span class='ocrx_word' id='word_1_650' title='bbox 440 2241 612 2277; x_wconf 87' lang='lat' dir='ltr'>conservasti,</span> <span class='ocrx_word' id='word_1_651' title='bbox 628 2241 743 2281; x_wconf 86' lang='lat' dir='ltr'>teipsum</span> <span class='ocrx_word' id='word_1_652' title='bbox 757 2253 861 2281; x_wconf 83' lang='lat' dir='ltr'>accusa,</span> <span class='ocrx_word' id='word_1_653' title='bbox 873 2255 926 2275; x_wconf 90' lang='lat' dir='ltr'>non</span> <span class='ocrx_word' id='word_1_654' title='bbox 937 2257 997 2276; x_wconf 88' lang='lat' dir='ltr'>eum</span> 
     </span>
     <span class='ocr_line' id='line_1_83' title="bbox 260 2283 998 2333; baseline 0.009 -17"><span class='ocrx_word' id='word_1_655' title='bbox 260 2287 308 2326; x_wconf 88' lang='lat' dir='ltr'>qui</span> <span class='ocrx_word' id='word_1_656' title='bbox 318 2286 420 2316; x_wconf 89' lang='lat' dir='ltr'>donum</span> <span class='ocrx_word' id='word_1_657' title='bbox 434 2283 558 2316; x_wconf 80' lang='lat' dir='ltr'>contulit.</span> <span class='ocrx_word' id='word_1_658' title='bbox 575 2287 648 2316; x_wconf 86' lang='lat' dir='ltr'>Num</span> <span class='ocrx_word' id='word_1_659' title='bbox 662 2287 745 2326; x_wconf 82' lang='lat' dir='ltr'>igitur</span> <span class='ocrx_word' id='word_1_660' title='bbox 767 2288 820 2318; x_wconf 88' lang='lat' dir='ltr'>hoc</span> <span class='ocrx_word' id='word_1_661' title='bbox 845 2301 927 2321; x_wconf 90' lang='lat' dir='ltr'>unum</span> <span class='ocrx_word' id='word_1_662' title='bbox 949 2304 998 2333; x_wconf 90' lang='lat' dir='ltr'>pro</span> 
     </span>
     <span class='ocr_line' id='line_1_84' title="bbox 258 2330 998 2372; baseline 0.008 -11"><span class='ocrx_word' id='word_1_663' title='bbox 258 2330 473 2361; x_wconf 83' lang='lat' dir='ltr'>Dominodicere</span> <span class='ocrx_word' id='word_1_664' title='bbox 486 2331 649 2370; x_wconf 73' lang='lat' dir='ltr'>possumus?</span> <span class='ocrx_word' id='word_1_665' title='bbox 661 2332 882 2372; x_wconf 84' lang='lat' dir='ltr'>Sufficitquidem</span> <span class='ocrx_word' id='word_1_666' title='bbox 891 2336 947 2366; x_wconf 82' lang='lat' dir='ltr'>haec</span> <span class='ocrx_word' id='word_1_667' title='bbox 954 2338 998 2367; x_wconf 79' lang='lat' dir='ltr'>de-</span> 
     </span>
     <span class='ocr_line' id='line_1_85' title="bbox 257 2373 997 2420; baseline 0.009 -16"><span class='ocrx_word' id='word_1_668' title='bbox 257 2375 361 2405; x_wconf 82' lang='lat' dir='ltr'>fensio:</span> <span class='ocrx_word' id='word_1_669' title='bbox 380 2373 428 2404; x_wconf 82' lang='lat' dir='ltr'>sed</span> <span class='ocrx_word' id='word_1_670' title='bbox 440 2374 569 2404; x_wconf 88' lang='lat' dir='ltr'>immensa</span> <span class='ocrx_word' id='word_1_671' title='bbox 591 2375 696 2405; x_wconf 85' lang='lat' dir='ltr'>bonitas</span> <span class='ocrx_word' id='word_1_672' title='bbox 709 2376 778 2416; x_wconf 89' lang='lat' dir='ltr'>ejus,</span> <span class='ocrx_word' id='word_1_673' title='bbox 802 2385 827 2407; x_wconf 87' lang='lat' dir='ltr'>ct</span> <span class='ocrx_word' id='word_1_674' title='bbox 849 2379 997 2420; x_wconf 82' lang='lat' dir='ltr'>benignitas</span> 
     </span>
     <span class='ocr_line' id='line_1_86' title="bbox 258 2418 994 2459; baseline 0.011 -12"><span class='ocrx_word' id='word_1_675' title='bbox 258 2419 403 2448; x_wconf 82' lang='lat' dir='ltr'>ineffabilis</span> <span class='ocrx_word' id='word_1_676' title='bbox 415 2419 469 2448; x_wconf 84' lang='lat' dir='ltr'>alia</span> <span class='ocrx_word' id='word_1_677' title='bbox 482 2419 558 2448; x_wconf 91' lang='lat' dir='ltr'>nobis</span> <span class='ocrx_word' id='word_1_678' title='bbox 569 2418 603 2448; x_wconf 87' lang='lat' dir='ltr'>ad</span> <span class='ocrx_word' id='word_1_679' title='bbox 616 2420 674 2459; x_wconf 87' lang='lat' dir='ltr'>ejus</span> <span class='ocrx_word' id='word_1_680' title='bbox 687 2431 793 2450; x_wconf 83' lang='lat' dir='ltr'>causam</span> <span class='ocrx_word' id='word_1_681' title='bbox 810 2423 936 2454; x_wconf 87' lang='lat' dir='ltr'>tuendam</span> <span class='ocrx_word' id='word_1_682' title='bbox 950 2426 994 2455; x_wconf 83' lang='lat' dir='ltr'>fir-</span> 
     </span>
    </p>
   </div>
   <div class='ocr_carea' id='block_1_19' title="bbox 1057 2046 1890 2091">
    <p class='ocr_par' dir='ltr' id='par_1_19' title="bbox 1057 2046 1890 2091">
     <span class='ocr_line' id='line_1_87' title="bbox 1057 2046 1890 2091; baseline 0.005 -15"><span class='ocrx_word' id='word_1_683' title='bbox 1057 2048 1215 2076; x_wconf 80' lang='grc' dir='ltr'>ἀποδοῢναι·</span> <span class='ocrx_word' id='word_1_684' title='bbox 1234 2048 1293 2076; x_wconf 78' lang='grc' dir='ltr'>ἀλλ’</span> <span class='ocrx_word' id='word_1_685' title='bbox 1314 2046 1408 2080; x_wconf 83' lang='grc' dir='ltr'>εὐθέως</span> <span class='ocrx_word' id='word_1_686' title='bbox 1419 2047 1537 2084; x_wconf 83' lang='grc' dir='ltr'>πλάσας,</span> <span class='ocrx_word' id='word_1_687' title='bbox 1551 2048 1646 2082; x_wconf 75' lang='grc' dir='ltr'>εὐθέως</span> <span class='ocrx_word' id='word_1_688' title='bbox 1662 2051 1700 2083; x_wconf 87' lang='grc' dir='ltr'>εἷς</span> <span class='ocrx_word' id='word_1_689' title='bbox 1713 2050 1762 2086; x_wconf 72' lang='grc' dir='ltr'>τὴν</span> <span class='ocrx_word' id='word_1_690' title='bbox 1777 2053 1827 2091; x_wconf 85' lang='grc' dir='ltr'>ἀρ-</span> <span class='ocrx_word' id='word_1_691' title='bbox 1883 2052 1890 2062; x_wconf 83' lang='lat'><em>⁴</em></span> 
     </span>
    </p>
   </div>
   <div class='ocr_carea' id='block_1_20' title="bbox 1054 2092 1827 2456">
    <p class='ocr_par' dir='ltr' id='par_1_20' title="bbox 1054 2092 1827 2456">
     <span class='ocr_line' id='line_1_88' title="bbox 1056 2092 1827 2134; baseline 0.008 -13"><span class='ocrx_word' id='word_1_692' title='bbox 1056 2093 1108 2134; x_wconf 83' lang='grc' dir='ltr'>χὴν</span> <span class='ocrx_word' id='word_1_693' title='bbox 1130 2094 1264 2132; x_wconf 76' lang='grc' dir='ltr'>μετήγαγε</span> <span class='ocrx_word' id='word_1_694' title='bbox 1277 2092 1375 2129; x_wconf 85' lang='grc' dir='ltr'>ταύτην</span> <span class='ocrx_word' id='word_1_695' title='bbox 1384 2115 1392 2128; x_wconf 93' lang='grc'>,</span> <span class='ocrx_word' id='word_1_696' title='bbox 1413 2092 1456 2122; x_wconf 78' lang='grc' dir='ltr'>ἵνα</span> <span class='ocrx_word' id='word_1_697' title='bbox 1473 2093 1544 2133; x_wconf 87' lang='grc' dir='ltr'>δείξῃ</span> <span class='ocrx_word' id='word_1_698' title='bbox 1553 2116 1561 2131; x_wconf 85' lang='grc'>,</span> <span class='ocrx_word' id='word_1_699' title='bbox 1576 2094 1617 2124; x_wconf 81' lang='grc' dir='ltr'>ὅτι</span> <span class='ocrx_word' id='word_1_700' title='bbox 1635 2096 1683 2125; x_wconf 83' lang='grc' dir='ltr'>οὔκ</span> <span class='ocrx_word' id='word_1_701' title='bbox 1698 2097 1827 2131; x_wconf 79' lang='grc' dir='ltr'>ἀντίδοσις</span> 
     </span>
     <span class='ocr_line' id='line_1_89' title="bbox 1057 2136 1826 2184; baseline 0.008 -17"><span class='ocrx_word' id='word_1_702' title='bbox 1057 2138 1170 2177; x_wconf 76' lang='grc' dir='ltr'>α’μοιὸἥς</span> <span class='ocrx_word' id='word_1_703' title='bbox 1183 2141 1200 2173; x_wconf 85' lang='grc' dir='ltr'>ἡ</span> <span class='ocrx_word' id='word_1_704' title='bbox 1215 2138 1312 2178; x_wconf 80' lang='grc' dir='ltr'>δωρεὰ,</span> <span class='ocrx_word' id='word_1_705' title='bbox 1328 2138 1397 2167; x_wconf 85' lang='grc' dir='ltr'>ἀλλὰ</span> <span class='ocrx_word' id='word_1_706' title='bbox 1410 2138 1497 2178; x_wconf 80' lang='grc' dir='ltr'>γυμνὴ</span> <span class='ocrx_word' id='word_1_707' title='bbox 1511 2142 1528 2175; x_wconf 85' lang='grc' dir='ltr'>ἡ</span> <span class='ocrx_word' id='word_1_708' title='bbox 1541 2139 1618 2180; x_wconf 74' lang='grc' dir='ltr'>χάρις</span> <span class='ocrx_word' id='word_1_709' title='bbox 1631 2136 1674 2176; x_wconf 72' lang='grc' dir='ltr'>ἦν.</span> <span class='ocrx_word' id='word_1_710' title='bbox 1689 2143 1722 2171; x_wconf 82' lang='grc' dir='ltr'>Εἰ</span> <span class='ocrx_word' id='word_1_711' title='bbox 1739 2142 1769 2184; x_wconf 69' lang='grc' dir='ltr'>δὲ</span> <span class='ocrx_word' id='word_1_712' title='bbox 1778 2145 1826 2173; x_wconf 78' lang='grc' dir='ltr'>οὐκ</span> 
     </span>
     <span class='ocr_line' id='line_1_90' title="bbox 1057 2184 1825 2226; baseline 0.005 -12"><span class='ocrx_word' id='word_1_713' title='bbox 1057 2184 1184 2224; x_wconf 80' lang='grc' dir='ltr'>ἐφύλαξας</span> <span class='ocrx_word' id='word_1_714' title='bbox 1195 2184 1229 2213; x_wconf 74' lang='grc' dir='ltr'>τὰ</span> <span class='ocrx_word' id='word_1_715' title='bbox 1242 2184 1359 2219; x_wconf 85' lang='grc' dir='ltr'>δοθέντα,</span> <span class='ocrx_word' id='word_1_716' title='bbox 1373 2185 1469 2214; x_wconf 85' lang='grc' dir='ltr'>σαυτὸν</span> <span class='ocrx_word' id='word_1_717' title='bbox 1483 2187 1573 2223; x_wconf 81' lang='grc' dir='ltr'>αἰτιῶ,</span> <span class='ocrx_word' id='word_1_718' title='bbox 1588 2187 1625 2226; x_wconf 82' lang='grc' dir='ltr'>μὴ</span> <span class='ocrx_word' id='word_1_719' title='bbox 1638 2187 1682 2217; x_wconf 83' lang='grc' dir='ltr'>τὸν</span> <span class='ocrx_word' id='word_1_720' title='bbox 1693 2189 1825 2220; x_wconf 80' lang='grc' dir='ltr'>δεδωκότα</span> 
     </span>
     <span class='ocr_line' id='line_1_91' title="bbox 1056 2224 1826 2275; baseline 0.009 -18"><span class='ocrx_word' id='word_1_721' title='bbox 1056 2233 1067 2246; x_wconf 82' lang='lat'>⁸</span> <span class='ocrx_word' id='word_1_722' title='bbox 1076 2229 1124 2266; x_wconf 81' lang='grc' dir='ltr'>τὴν</span> <span class='ocrx_word' id='word_1_723' title='bbox 1134 2229 1244 2269; x_wconf 86' lang='grc' dir='ltr'>δωρεάν.</span> <span class='ocrx_word' id='word_1_724' title='bbox 1257 2224 1314 2269; x_wconf 65' lang='grc' dir='ltr'>’Ἆρ’</span> <span class='ocrx_word' id='word_1_725' title='bbox 1326 2225 1370 2259; x_wconf 69' lang='grc' dir='ltr'>οὖν</span> <span class='ocrx_word' id='word_1_726' title='bbox 1384 2233 1461 2260; x_wconf 77' lang='grc' dir='ltr'>τοῦτο</span> <span class='ocrx_word' id='word_1_727' title='bbox 1470 2231 1547 2270; x_wconf 86' lang='grc' dir='ltr'>μόνον</span> <span class='ocrx_word' id='word_1_728' title='bbox 1560 2232 1656 2272; x_wconf 83' lang='grc' dir='ltr'>ἔχομεν</span> <span class='ocrx_word' id='word_1_729' title='bbox 1667 2235 1750 2263; x_wconf 81' lang='grc' dir='ltr'>εἰπεῖν</span> <span class='ocrx_word' id='word_1_730' title='bbox 1759 2235 1826 2275; x_wconf 75' lang='grc' dir='ltr'>ὑπὲρ</span> 
     </span>
     <span class='ocr_line' id='line_1_92' title="bbox 1055 2273 1824 2320; baseline 0.008 -15"><span class='ocrx_word' id='word_1_731' title='bbox 1055 2278 1102 2305; x_wconf 76' lang='grc' dir='ltr'>τοῦ</span> <span class='ocrx_word' id='word_1_732' title='bbox 1115 2275 1266 2312; x_wconf 82' lang='grc' dir='ltr'>Δεσπότου;</span> <span class='ocrx_word' id='word_1_733' title='bbox 1280 2275 1371 2312; x_wconf 85' lang='grc' dir='ltr'>Ἱκανὴ</span> <span class='ocrx_word' id='word_1_734' title='bbox 1388 2277 1435 2315; x_wconf 82' lang='grc' dir='ltr'>μὲν</span> <span class='ocrx_word' id='word_1_735' title='bbox 1447 2273 1490 2306; x_wconf 66' lang='grc' dir='ltr'>οὖν</span> <span class='ocrx_word' id='word_1_736' title='bbox 1508 2278 1554 2307; x_wconf 75' lang='grc' dir='ltr'>καὶ</span> <span class='ocrx_word' id='word_1_737' title='bbox 1568 2278 1635 2315; x_wconf 80' lang='grc' dir='ltr'>αὕτη</span> <span class='ocrx_word' id='word_1_738' title='bbox 1650 2281 1667 2315; x_wconf 85' lang='grc' dir='ltr'>ἡ</span> <span class='ocrx_word' id='word_1_739' title='bbox 1681 2281 1824 2320; x_wconf 79' lang='grc' dir='ltr'>ἀπολογία·</span> 
     </span>
     <span class='ocr_line' id='line_1_93' title="bbox 1056 2321 1824 2367; baseline 0.008 -17"><span class='ocrx_word' id='word_1_740' title='bbox 1056 2322 1115 2351; x_wconf 81' lang='grc' dir='ltr'>ἀλλ’</span> <span class='ocrx_word' id='word_1_741' title='bbox 1129 2324 1146 2357; x_wconf 89' lang='grc' dir='ltr'>ἡ</span> <span class='ocrx_word' id='word_1_742' title='bbox 1161 2321 1268 2361; x_wconf 79' lang='grc' dir='ltr'>ἄπειρος</span> <span class='ocrx_word' id='word_1_743' title='bbox 1281 2323 1360 2351; x_wconf 81' lang='grc' dir='ltr'>αὐτοῦ</span> <span class='ocrx_word' id='word_1_744' title='bbox 1375 2322 1505 2362; x_wconf 72' lang='grc' dir='ltr'>ἀγαθόι-ης</span> <span class='ocrx_word' id='word_1_745' title='bbox 1517 2324 1562 2354; x_wconf 82' lang='grc' dir='ltr'>καὶ</span> <span class='ocrx_word' id='word_1_746' title='bbox 1575 2327 1592 2360; x_wconf 84' lang='grc' dir='ltr'>ἡ</span> <span class='ocrx_word' id='word_1_747' title='bbox 1607 2325 1718 2365; x_wconf 81' lang='grc' dir='ltr'>ἄῤῥητος</span> <span class='ocrx_word' id='word_1_748' title='bbox 1730 2328 1824 2367; x_wconf 84' lang='grc' dir='ltr'>φιλαν-</span> 
     </span>
     <span class='ocr_line' id='line_1_94' title="bbox 1055 2367 1823 2411; baseline 0.005 -13"><span class='ocrx_word' id='word_1_749' title='bbox 1055 2368 1158 2408; x_wconf 84' lang='grc' dir='ltr'>θρωπία</span> <span class='ocrx_word' id='word_1_750' title='bbox 1180 2367 1226 2397; x_wconf 80' lang='grc' dir='ltr'>καὶ</span> <span class='ocrx_word' id='word_1_751' title='bbox 1250 2367 1341 2408; x_wconf 78' lang='grc' dir='ltr'>ἑτέραν</span> <span class='ocrx_word' id='word_1_752' title='bbox 1365 2371 1430 2408; x_wconf 86' lang='grc' dir='ltr'>ἡμῖν</span> <span class='ocrx_word' id='word_1_753' title='bbox 1461 2370 1613 2410; x_wconf 77' lang='grc' dir='ltr'>περιουσίαν</span> <span class='ocrx_word' id='word_1_754' title='bbox 1639 2372 1823 2411; x_wconf 85' lang='grc' dir='ltr'>δικαιωμάτων</span> 
     </span>
     <span class='ocr_line' id='line_1_95' title="bbox 1054 2414 1823 2456; baseline 0.009 -12"><span class='ocrx_word' id='word_1_755' title='bbox 1054 2416 1179 2456; x_wconf 70' lang='grc' dir='ltr'>παρέχει.</span> <span class='ocrx_word' id='word_1_756' title='bbox 1192 2414 1262 2445; x_wconf 82' lang='grc' dir='ltr'>Οὐδὲ</span> <span class='ocrx_word' id='word_1_757' title='bbox 1273 2415 1325 2455; x_wconf 81' lang='grc' dir='ltr'>γὰρ</span> <span class='ocrx_word' id='word_1_758' title='bbox 1341 2419 1420 2445; x_wconf 81' lang='grc' dir='ltr'>τοῦτο</span> <span class='ocrx_word' id='word_1_759' title='bbox 1434 2417 1512 2456; x_wconf 87' lang='grc' dir='ltr'>μόνον</span> <span class='ocrx_word' id='word_1_760' title='bbox 1528 2418 1598 2447; x_wconf 80' lang='grc' dir='ltr'>ἐστὶν</span> <span class='ocrx_word' id='word_1_761' title='bbox 1612 2420 1704 2455; x_wconf 76' lang='grc' dir='ltr'>εἰπεῖν,</span> <span class='ocrx_word' id='word_1_762' title='bbox 1719 2420 1823 2451; x_wconf 59' lang='lat' dir='ltr'>&amp;cao-</span> 
     </span>
    </p>
   </div>
   <div class='ocr_carea' id='block_1_21' title="bbox 258 2463 1822 2509">
    <p class='ocr_par' dir='ltr' id='par_1_21' title="bbox 258 2463 1822 2509">
     <span class='ocr_line' id='line_1_96' title="bbox 258 2463 1822 2509; baseline 0.006 -17"><span class='ocrx_word' id='word_1_763' title='bbox 258 2470 389 2492; x_wconf 81' lang='lat' dir='ltr'>mamenta</span> <span class='ocrx_word' id='word_1_764' title='bbox 399 2463 506 2503; x_wconf 88' lang='lat' dir='ltr'>copiose</span> <span class='ocrx_word' id='word_1_765' title='bbox 518 2463 681 2504; x_wconf 82' lang='lat' dir='ltr'>suppeditat.</span> <span class='ocrx_word' id='word_1_766' title='bbox 698 2466 791 2504; x_wconf 88' lang='lat' dir='ltr'>Neque</span> <span class='ocrx_word' id='word_1_767' title='bbox 804 2467 874 2496; x_wconf 89' lang='lat' dir='ltr'>enim</span> <span class='ocrx_word' id='word_1_768' title='bbox 888 2469 939 2499; x_wconf 92' lang='lat' dir='ltr'>hoc</span> <span class='ocrx_word' id='word_1_769' title='bbox 953 2481 996 2499; x_wconf 92' lang='lat' dir='ltr'>so-</span> <span class='ocrx_word' id='word_1_770' title='bbox 1016 2474 1034 2496; x_wconf 85' lang='grc' dir='ltr'>Ε</span> <span class='ocrx_word' id='word_1_771' title='bbox 1054 2466 1097 2499; x_wconf 76' lang='grc' dir='ltr'>τὸς</span> <span class='ocrx_word' id='word_1_772' title='bbox 1111 2465 1159 2505; x_wconf 71' lang='grc' dir='ltr'>μὲν</span> <span class='ocrx_word' id='word_1_773' title='bbox 1171 2465 1263 2502; x_wconf 67' lang='grc' dir='ltr'>ἔδωκε,</span> <span class='ocrx_word' id='word_1_774' title='bbox 1277 2464 1309 2494; x_wconf 71' lang='grc' dir='ltr'>σὺ</span> <span class='ocrx_word' id='word_1_775' title='bbox 1323 2464 1351 2494; x_wconf 66' lang='grc' dir='ltr'>δὲ</span> <span class='ocrx_word' id='word_1_776' title='bbox 1364 2465 1518 2500; x_wconf 68' lang='grc' dir='ltr'>ἀπώλεσας·</span> <span class='ocrx_word' id='word_1_777' title='bbox 1530 2467 1700 2503; x_wconf 71' lang='grc' dir='ltr'>ἀπήλλακται</span> <span class='ocrx_word' id='word_1_778' title='bbox 1712 2468 1759 2508; x_wconf 77' lang='grc' dir='ltr'>μὲν</span> <span class='ocrx_word' id='word_1_779' title='bbox 1771 2469 1822 2509; x_wconf 76' lang='grc' dir='ltr'>γὰρ</span> 
     </span>
    </p>
   </div>
   <div class='ocr_carea' id='block_1_22' title="bbox 258 2507 998 2549">
    <p class='ocr_par' dir='ltr' id='par_1_22' title="bbox 258 2507 998 2549">
     <span class='ocr_line' id='line_1_97' title="bbox 258 2507 998 2549; baseline 0.011 -13"><span class='ocrx_word' id='word_1_780' title='bbox 258 2507 315 2536; x_wconf 90' lang='lat' dir='ltr'>lum</span> <span class='ocrx_word' id='word_1_781' title='bbox 341 2507 430 2537; x_wconf 90' lang='lat' dir='ltr'>dicere</span> <span class='ocrx_word' id='word_1_782' title='bbox 443 2508 515 2544; x_wconf 87' lang='lat' dir='ltr'>licet,</span> <span class='ocrx_word' id='word_1_783' title='bbox 536 2508 625 2548; x_wconf 86' lang='lat' dir='ltr'>ipsum</span> <span class='ocrx_word' id='word_1_784' title='bbox 643 2509 752 2547; x_wconf 88' lang='lat' dir='ltr'>quidem</span> <span class='ocrx_word' id='word_1_785' title='bbox 765 2510 881 2549; x_wconf 85' lang='lat' dir='ltr'>dedisse,</span> <span class='ocrx_word' id='word_1_786' title='bbox 895 2520 921 2542; x_wconf 85' lang='lat' dir='ltr'>te</span> <span class='ocrx_word' id='word_1_787' title='bbox 935 2525 998 2544; x_wconf 81' lang='lat' dir='ltr'>vcro</span> 
     </span>
    </p>
   </div>
   <div class='ocr_carea' id='block_1_23' title="bbox 1054 2515 1823 2558">
    <p class='ocr_par' dir='ltr' id='par_1_23' title="bbox 1054 2515 1823 2558">
     <span class='ocr_line' id='line_1_98' title="bbox 1054 2515 1823 2558; baseline 0.007 -14"><span class='ocrx_word' id='word_1_788' title='bbox 1054 2516 1099 2545; x_wconf 82' lang='grc' dir='ltr'>καὶ</span> <span class='ocrx_word' id='word_1_789' title='bbox 1112 2515 1181 2545; x_wconf 79' lang='grc' dir='ltr'>οὕτω</span> <span class='ocrx_word' id='word_1_790' title='bbox 1192 2517 1244 2545; x_wconf 83' lang='grc' dir='ltr'>τῶν</span> <span class='ocrx_word' id='word_1_791' title='bbox 1259 2515 1433 2555; x_wconf 83' lang='grc' dir='ltr'>ἐγκλημάτων</span> <span class='ocrx_word' id='word_1_792' title='bbox 1447 2518 1461 2545; x_wconf 84' lang='grc' dir='ltr'>ὁ</span> <span class='ocrx_word' id='word_1_793' title='bbox 1476 2516 1542 2553; x_wconf 75' lang='grc' dir='ltr'>δοὺς,</span> <span class='ocrx_word' id='word_1_794' title='bbox 1557 2519 1656 2556; x_wconf 79' lang='grc' dir='ltr'>μᾶλλον</span> <span class='ocrx_word' id='word_1_795' title='bbox 1671 2518 1698 2548; x_wconf 84' lang='grc' dir='ltr'>δὲ</span> <span class='ocrx_word' id='word_1_796' title='bbox 1714 2519 1758 2548; x_wconf 86' lang='grc' dir='ltr'>καὶ</span> <span class='ocrx_word' id='word_1_797' title='bbox 1773 2531 1823 2558; x_wconf 87' lang='grc' dir='ltr'>με-</span> 
     </span>
    </p>
   </div>
   <div class='ocr_carea' id='block_1_24' title="bbox 290 2584 1456 2630">
    <p class='ocr_par' dir='ltr' id='par_1_24' title="bbox 290 2584 1456 2630">
     <span class='ocr_line' id='line_1_99' title="bbox 290 2584 1456 2630; baseline 0.007 -18"><span class='ocrx_word' id='word_1_798' title='bbox 290 2585 302 2604; x_wconf 69' lang='lat' dir='ltr'>b</span> <span class='ocrx_word' id='word_1_799' title='bbox 320 2590 366 2612; x_wconf 72' lang='grc' dir='ltr'>Μέν</span> <span class='ocrx_word' id='word_1_800' title='bbox 379 2584 465 2610; x_wconf 79' lang='lat' dir='ltr'>deerat</span> <span class='ocrx_word' id='word_1_801' title='bbox 482 2586 507 2610; x_wconf 89' lang='lat' dir='ltr'>in</span> <span class='ocrx_word' id='word_1_802' title='bbox 524 2586 610 2611; x_wconf 83' lang='lat' dir='ltr'>Morel.</span> <span class='ocrx_word' id='word_1_803' title='bbox 623 2586 673 2612; x_wconf 85' lang='lat' dir='ltr'>Sed</span> <span class='ocrx_word' id='word_1_804' title='bbox 688 2588 714 2613; x_wconf 86' lang='lat' dir='ltr'>iu</span> <span class='ocrx_word' id='word_1_805' title='bbox 730 2587 784 2613; x_wconf 86' lang='lat' dir='ltr'>aliis</span> <span class='ocrx_word' id='word_1_806' title='bbox 801 2587 915 2622; x_wconf 75' lang='lat' dir='ltr'>liabetur,</span> <span class='ocrx_word' id='word_1_807' title='bbox 928 2591 1005 2617; x_wconf 75' lang='lat' dir='ltr'>ethic</span> <span class='ocrx_word' id='word_1_808' title='bbox 1021 2593 1164 2626; x_wconf 79' lang='lat' dir='ltr'>requiritur.</span> <span class='ocrx_word' id='word_1_809' title='bbox 1174 2607 1206 2613; x_wconf 94' lang='lat'><em>-</em></span> <span class='ocrx_word' id='word_1_810' title='bbox 1215 2601 1226 2613; x_wconf 60' lang='grc' dir='ltr'><strong>ο</strong></span> <span class='ocrx_word' id='word_1_811' title='bbox 1242 2592 1315 2619; x_wconf 86' lang='lat' dir='ltr'>colb.</span> <span class='ocrx_word' id='word_1_812' title='bbox 1329 2597 1371 2624; x_wconf 79' lang='grc' dir='ltr'>τὴν</span> <span class='ocrx_word' id='word_1_813' title='bbox 1381 2597 1456 2630; x_wconf 82' lang='grc' dir='ltr'>χάριν.</span> 
     </span>
    </p>
   </div>
  </div>
 </body>
</html>
