1890 2826
209 166 279 203 526

198 240 403 272 convolvetur,
417 245 449 268 ut
478 240 552 269 liber
555 250 569 276 ;
588 238 682 279 nempe
706 237 859 269 adustum':
875 239 949 277 quod

206 286 278 314 enim
293 285 417 314 aduritur
426 285 615 316 convolvitur:
632 291 661 314 et
674 285 767 315 stellae
780 286 888 315 cadent
898 289 949 315 sic-

206 338 239 361 ut
249 332 335 373 solia
352 333 435 360 vitis.
454 331 583 368 Attende‚
597 341 702 370 quaeso,
715 338 740 361 et
758 330 944 361 alium'usum.

207 380 291 416 Aquae
302 377 372 413 illae,
385 388 444 417 quae
461 388 544 417 super
554 377 632 407 caelos
647 382 725 415 sunt,
737 387 791 406 non
803 377 884 406 modo
897 387 947 407 οε-

206 423 264 452 lum
277 431 449 461 conservant,
463 423 510 453 sed
528 423 606 453 etiam
624 423 761 453 flammam
774 423 840 453 solis
858 430 885 452 et
906 423 948 452 lu-

206 481 246 500 nae
265 470 399 500 emittunt.
419 471 448 501 Si
469 470 541 499 enim
559 469 731 510 pellucidum
748 477 816 500 esset
833 470 929 500 ca'e'lum
937 493 948 507 ‚

206 518 294 547 omnis
304 517 361 556 ejus
371 516 498 556 splendor
508 526 615 547 sursum
625 523 753 554 curreret,
763 516 834 557 ignis
849 517 950 557 quippe

205 574 267 593 cum
290 573 398 592 sursum
422 562 641 599 tendat‚terram
662 562 797 593 desertam
816 563 951 602 relinque-

899 177 1080 205 SEVERIAM

1003 250 1056 268 ται·
1064 238 1151 269 καὶτὰ
1158 238 1243 279 ἄστρα
1247 243 1367 268 πεσεῖται
1374 240 1410 272 ὡς
1419 238 1504 279 φύλλα
1514 237 1642 277 ἀμπέλου.
1651 237 1773 278 Πρόσεχι

1003 284 1040 320 δὲ,
1053 285 1217 324 παρακαλῶ,
1234 284 1279 314 καὶ
1295 284 1386 324 ἑτέραν
1409 284 1511 325 χρείαν.
1526 284 1570 313 Τὰ
1586 283 1669 322 ὕδατα
1686 284 1776 313 ἐπάνω

1001 332 1054 359 τῶν
1065 332 1191 371 οὐρανῶν,
1203 331 1232 359 οὔ
1245 330 1323 370 μόνον
1338 335 1461 370 συν-τηρεῖ
1468 329 1512 359 τὸν
1522 329 1630 370 οὐρανὸν
1636 353 1644 366 ,
1653 329 1722 359 ἀλλὰ
1731 330 1776 359 καὶ

1000 375 1049 412 τὴν
1063 377 1148 416 φλόγα
1158 379 1204 406 τοῦ
1216 376 1291 412 ἡλίου
1303 376 1405 412 καὶτῆς
1415 376 1526 412 σελήνης
1536 374 1732 414 ιζιι’.οιταϊ.·ιὲμ·κει.
1742 376 1777 404 Εἴ

1001 422 1052 461 γὰρ
1068 418 1101 458 ἦν
1125 422 1252 462 διαφανὴς
1265 424 1279 451 ὁ
1293 422 1400 462 οὖρανὸς
1409 444 1417 458 ,
1431 421 1481 458 ὅλη
1495 424 1513 458 ἡ
1523 422 1591 461 αὐγὴ
1607 422 1661 451 ἄνω
1675 421 1776 462 ἔτρεχε·

1000 465 1031 496 τὸ
1044 465 1095 506 γὰρ
1106 468 1160 506 πῦρ
1173 466 1303 508 ἀνωφερὲς
1316 466 1358 502 ὂν,
1371 466 1469 506 ἔρημον
1480 465 1529 502 τὴν
1543 468 1593 505 γῆν
1606 465 1777 504 κατελίμπα-

1001 523 1036 541 νε.
1061 511 1114 540 Διὰ
1124 514 1202 541 τοῦτο
1212 515 1274 551 γοῦν
1289 511 1398 548 ἐπίλησε
1413 512 1458 541 τὸν
1469 511 1578 552 οὐρανὸν
1590 511 1690 540 ἄνωθεν
1700 510 1776 548 dm(—
1797 507 1801 510 ⁷

1004 569 1056 597 ροις
1070 556 1161 587 ὕδασιν
1170 580 1177 594 ,
1190 557 1234 586 ἵνα
1244 560 1261 593 ἡ
1277 557 1345 597 αὐγὴ
1365 557 1523 597 στενουμένη
1538 557 1612 587 κάτω
1624 556 1774 596 πέμπηται.

206 617 254 640 ret.
269 609 372 639 Idciroo
382 609 465 649 igitur
475 616 564 639 totum
574 610 669 639 caelum
681 610 806 650 superius
814 610 950 643 immensis
957 632 993 652 4⁵⁰
1003 603 1075 643 Ὅρα
1087 606 1133 632 τοῦ
1143 602 1262 643 τεχνίτου
1270 603 1319 639 τὴν
1327 603 1430 643 σοφίαι
1445 602 1540 643 Ἔχεις
1553 602 1581 632 δὲ
1594 602 1680 632 καὶέν
1690 603 1777 641 ἐαθτῖἶ)

206 655 282 694 aquis
301 654 477 691 addensavit,
490 661 520 684 ut
539 655 666 695 splendor
685 663 791 687 coactus
810 656 879 686 infra
899 656 949 686 de·
965 661 986 683 Α
1002 651 1047 678 ²¹03
1067 648 1186 689 τΐχνίτῠυ
1198 650 1246 684 τῆς
1257 648 1349 689 “wlff
1361 648 1409 685 τὴν
1423 648 1511 678 ῑῖκόνα
1521 660 1528 667 ”
1545 647 1668 683 ἐποίησεν
1680 649 1695 677 ὅ
1708 647 1776 680 Θεὸς
1797 672 1800 675 v

206 701 351 731 scenderet.
366 700 440 731 Vide
457 701 576 732 Artificis
598 703 766 742 sapientiam.
786 704 876 734 Habes
890 709 950 732 'au-

206 755 258 777 tem
271 748 298 777 in
318 747 403 788 teipso
419 747 555 787 sapientiae
574 749 692 778 Artificis
711 749 870 789 imaginem;
888 750 952 779 fecit

207 795 306 835 quippe
318 796 392 824 Deus
403 794 482 824 etiam
496 795 523 824 in
535 801 561 824 te
573 795 886 834 quatuorelementorum
893 796 952 825 effi-

207 841 286 881 giem.
302 841 504 878 Animadverte,
513 851 617 880 quaeso:
627 842 714 882 cogita
726 842 796 871 mihi
807 849 889 882 caput
901 842 953 872 hoc

208 899 264 917 esse
283 888 379 917 caelum
395 887 537 927 superium
558 898 618 927 quae
640 899 723 928 supra
741 888 861 928 linguam
878 895 952 926 sunt,

162 943 165 944 ⁷
208 934 303 966 caelum
330 934 460 970 alterum,
488 933 518 963 id
538 941 578 964 est
602 934 801 964 firmamentum
817 934 954 973 :indeque

209 989 248 1012 ost
264 981 337 1020 quod
355 981 523 1021 οὐρανίσκος,
542 981 600 1011 sive
618 991 734 1021 parvum
756 981 851 1011 caelum
873 993 955 1012 voce-

209 1035 264 1056 tur.
285 1027 415 1067 Superius
434 1028 461 1056 in
485 1027 552 1057 locis
582 1027 682 1057 abditis
703 1027 843 1057 cerebrum*
854 1051 861 1064 ,
880 1028 955 1067 quod

211 1083 264 1103 non
279 1073 402 1110 videtur,
415 1074 526 1103 inferius
546 1074 662 1114 lingua,
677 1084 737 1113 quae
750 1074 801 1103 sub
818 1082 954 1115 aspectum

215 1119 299 1149 cadit.
321 1119 557 1156 Quemadmodum
576 1120 659 1160 igitur
674 1120 772 1150 caelum
790 1120 915 1160 superius
927 1121 955 1150 in

216 1166 401 1197 invisibilibus
411 1173 466 1202 est,
480 1166 598 1196 mundus
611 1178 675 1198 vero
687 1168 716 1196 in
727 1168 793 1197 locis
808 1167 842 1196 de
856 1168 956 1206 quihus

217 1213 372 1252 loquimur:
383 1225 413 1244 ac
425 1213 653 1253 quemadmodum
666 1214 693 1243 in
708 1214 845 1244 elementis
860 1220 958 1245 terram

218 1261 351 1300 comperis
363 1271 419 1290 esse
431 1270 551 1300 gravem,
564 1271 661 1299 aquam
669 1271 733 1290 vero
740 1268 811 1290 terra
820 1261 959 1298 leviorem,

219 1307 280 1346 igne
288 1307 455 1346 graviorem;
463 1317 625 1345 rursumque
633 1317 719 1336 aerem
730 1307 807 1346 aquis
818 1307 959 1346 leviorem,

220 1354 282 1393 igne
301 1353 519 1394 graviorem:sic
538 1360 564 1383 et
583 1353 611 1382 in
631 1353 709 1382 nobis
729 1363 836 1390 sensus,
848 1361 959 1394 gustus,

220 1399 359 1436 odoratus,
371 1399 492 1437 auditus,
504 1399 592 1436 visus,
606 1409 655 1428 uec
671 1409 761 1429 omnes
773 1399 873 1430 similes
888 1409 960 1431 sunt.

222 1446 291 1474 Rem
304 1445 468 1484 comproba:
479 1445 501 1474 si
514 1444 583 1476 velis
595 1445 700 1484 aliquid
711 1451 829 1485 gustare,
841 1447 894 1476 nisi
906 1448 964 1477 lin-

222 1502 281 1531 guae
291 1490 444 1528 admoveas,
458 1491 536 1521 nullo
548 1498 641 1532 gustus
652 1501 730 1520 sensu
744 1491 869 1523 afficeris.
885 1494 965 1523 Cras-

177 1546 181 1549 ’
222 1537 276 1566 sior
288 1538 391 1577 quippe
402 1547 494 1567 sensus
507 1543 556 1573 est,
572 1547 620 1566 nec
637 1543 724 1577 potest
734 1539 831 1577 procul
845 1539 964 1580 petripe-

221 1594 260 1612 ιο.
274 1583 397 1613 Olfactus
411 1593 476 1614 vero
488 1583 583 1622 procul
597 1583 730 1623 percipit;
744 1584 860 1624 exempli
872 1595 963 1623 causa,

222 1641 273 1669 per
282 1629 393 1658 domum
411 1629 518 1665 transis,
533 1628 623 1658 odoris
643 1630 813 1669 fragrantiam
835 1631 962 1671 percipis,

222 1686 303 1714 quam
315 1685 368 1704 non
378 1674 463 1706 vides.
471 1675 577 1704 Rursus
589 1674 663 1705 visus
674 1676 776 1707 olfactu
787 1677 899 1708 celerior
907 1685 962 1708 est:

221 1721 298 1751 videt
311 1721 382 1751 enim
395 1732 430 1750 ex
450 1728 539 1751 monte
556 1721 638 1751 latam
652 1722 802 1762 planitiem.
818 1724 889 1756 Visu
904 1736 966 1755 rur—

223 1778 356 1808 sus‘mens
366 1767 485 1797 acutior:
495 1767 592 1797 caelum
603 1769 715 1808 cogitat,¹
725 1775 835 1808 terram,
847 1782 932 1808 mare,
940 1778 967 1802 et

87 1822 149 1844 Mens
160 1829 216 1850 quo·
224 1815 324 1853 ubique
338 1814 485 1845 invenitur.
498 1814 563 1844 Ideo
576 1815 664 1855 imago
676 1815 815 1846 Dei-mens
825 1825 873 1847 est.
889 1820 967 1848 Mens

76 1853 142 1874 modo

76 1886 147 1911 imago
163 1857 331 1904 D{{fcogitat,
344 1870 461 1899 moxque
475 1860 503 1889 in
516 1871 545 1890 se
558 1861 614 1891 fora
633 1868 715 1899 creat,
730 1863 838 1893 turbam
852 1865 903 1894 sibi
917 1865 967 1895 de-

225 1906 322 1947 pingit,
337 1913 363 1935 et
381 1906 526 1945 populum.
546 1907 715 1936 Erubescant
737 1908 866 1939 haeretici.
889 1913 968 1941 Mens

225 1954 289 1982 talia
314 1959 456 1992 operatur,
470 1959 496 1982 et
519 1953 615 1982 mentis
638 1953 755 1991 Artifex,
769 1957 842 1985 omni
868 1958 967 1990 olfactu

226 1999 363 2033 subtilior,
377 2009 430 2027 non
447 1998 602 2028 celeriorem
614 1999 694 2029 habet
708 2002 899 2041 operationem,
915 2013 968 2035 non

225 2050 359 2083 promtam
381 2043 490 2074 creandi
509 2044 581 2082 vim,
596 2054 649 2073 non
668 2045 969 2087 incomprehensibilem

226 2090 370 2119 naturam?
380 2089 453 2121 Volo
472 2096 572 2127 autem,
587 2090 692 2128 fratres,
708 2102 765 2121 rem
779 2094 857 2124 vobis
878 2095 970 2127 dicere

227 2135 386 2165 insolentem
401 2135 511 2174 quidem
531 2142 660 2174 quantum
682 2136 717 2165 ad
739 2137 910 2179 impietatem,
923 2142 970 2172 sed
985 2159 1006 2182 D

228 2181 291 2211 fidei
306 2192 459 2219 consonam,
474 2187 605 2220 quantum
619 2182 661 2221 {ad
674 2186 801 2224 examen3
814 2191 844 2213 ut
861 2186 970 2219 discatis

229 2235 329 2269 quanta
339 2235 364 2257 et
375 2239 456 2267 quam
468 2238 539 2258 nova
550 2235 654 2258 moveat
667 2229 804 2268 diabolus,
818 2241 916 2271 quanta
928 2245 970 2264 re-

230 2274 332 2315 periat,
346 2281 443 2313 quanta
460 2280 585 2315 suggerat
602 2274 749 2314 haereticis,
767 2277 811 2306 vel
830 2278 859 2307 hi
881 2281 971 2319 potius

112 2331 223 2365 'Historia
232 2321 351 2351 diabolo.
367 2320 455 2351 Hodie
473 2321 608 2361 quispiam
626 2320 783 2361 haereticus,
798 2327 972 2364 praesentibus

82 2362 225 2420 Τι’.)ἰῑῖΐῗζῃζ
234 2368 331 2398 sanctis
343 2368 411 2398 viris
422 2374 448 2398 et
461 2367 598 2408 patribus,
614 2378 662 2399 nos
674 2370 833 2400 conveniens
850 2371 970 2403 dicebat:

83 2423 213 2444 cnficafioue
233 2420 289 2450 haec
302 2419 363 2450 dico
375 2427 476 2458 autem,
485 2430 518 2450 ne
531 2430 573 2450 res
586 2419 663 2448 aliter
675 2420 778 2459 audita,
788 2421 866 2451 aliter
877 2422 955 2452 feriat
967 2435 973 2452 z

265 2529 273 2538 ·“
292 2521 395 2546 Cosmas
409 2526 469 2548 κάτω
481 2526 574 2555 πέμπει.
588 2521 658 2547 Infra
670 2520 736 2546 idem
749 2524 785 2548 διὰ
800 2526 867 2549 τοῦτο
879 2524 915 2549 οὖν
928 2536 988 2550 συνε-

220 2562 309 2589 πέλ-ηπ.

1002 694 1047 724 καὶ
1060 695 1087 723 ἐν
1101 694 1142 724 σοὶ
1155 696 1207 723 τῶν
1221 694 1356 734 τεσσάρων
1382 692 1519 734 στοιχείων
1541 693 1590 729 τὴν
1603 693 1699 723 εἰκόνα.
1723 692 1777 722 Καὶ

1005 739 1121 780 πρόσεχε
1131 763 1140 776 ,
1154 741 1303 780 παρακαλῶ
1314 751 1321 758 ·
1343 739 1436 776 νόησόν
1453 751 1498 778 μοι
1510 738 1560 775 τὴν
1573 738 1691 779 κεφαλὴν
1713 737 1778 767 ταύ-

1003 797 1053 821 την
1066 785 1111 815 τὸν
1123 785 1230 826 οὐρανὸν
1243 785 1287 815 τὸν
1299 785 1369 822 ἄνω,
1381 785 1415 815 τὰ
1429 785 1518 815 ἐπάνω
1531 787 1579 820 τῆς
1592 784 1725 824 γλώσσης,
1736 783 1781 813 τὸν

1005 831 1085 861 ἄλλον
1098 831 1217 871 οὐρανὸν,
1231 831 1352 861 τουτέστι
1365 831 1396 861 τὸ
1409 831 1563 871 στερέωμα·
1576 831 1634 861 ὅθεν
1645 830 1691 860 καὶ
1704 831 1783 870 οὐρα-

1005 877 1094 910 νίσκος
1107 878 1238 907 καλεῖται.
1251 877 1327 907 Ἀνω
1338 878 1365 906 ἐν
1378 881 1433 910 τοῖς
1450 876 1572 916 ἀοράτοις
1585 875 1729 916 ἐγκέφαλος
1742 875 1781 914 μὴ

1006 921 1178 962 φαινόμενος,
1201 922 1227 950 ἐν
1239 922 1277 961 τῷ
1293 920 1367 950 κάτω
1385 922 1495 960 γλῶσσα
1509 919 1663 960 φαινομένη.
1676 919 1784 959 ““Ώσπερ

1007 962 1051 996 οὖν
1066 968 1080 995 ὁ
1093 965 1200 1005 οὐρανὸς
1215 968 1230 995 ὃ
1243 965 1297 995 ἄνω
1308 967 1335 995 ἐν
1348 970 1402 1000 τοῖς
1416 964 1556 1006 ἆορᾶτοις»,
1579 967 1593 994 δ
1608 961 1635 995 δὲ
1647 964 1745 1003 κόσμος
1756 965 1784 993 ἐν

1006 1015 1061 1044 τοῖς
1073 1010 1243 1050 λαλουμένοις
1252 1021 1258 1028 ·
1283 1010 1328 1039 καὶ
1342 1009 1432 1050 ὥσπερ
1446 1011 1474 1039 ἐν
1487 1014 1542 1043 τοῖς
1555 1009 1695 1050 στοιχείοις
1712 1009 1784 1049 εὑρί-

1007 1069 1079 1090 σκεις
1090 1056 1139 1093 τὴν
1152 1055 1200 1095 μὲν
1213 1058 1262 1095 γ’ἥν
1281 1057 1405 1096 βαρεῖαν,
1417 1055 1448 1085 τὸ
1462 1055 1490 1085 δὲ
1510 1055 1580 1095 ὕδωρ
1600 1057 1648 1091 τῆς
1670 1055 1718 1094 μὲν
1737 1055 1785 1093 γῆς

1008 1102 1180 1143 κουφότερον,
1189 1104 1235 1131 τοῦ
1251 1101 1279 1132 δὲ
1292 1101 1374 1141 πυρὸς
1388 1100 1534 1142 βαρύτερον
1545 1113 1552 1120 ·
1565 1100 1705 1135 7³01*th
1719 1099 1786 1139 ἀέρα

972 1154 990 1178 Β
1009 1150 1061 1178 τῶν
1075 1147 1177 1177 ὑδάτων
1186 1145 1354 1186 κουφότερον,
1365 1148 1411 1175 τοῦ
1423 1145 1451 1175 δὲ
1461 1145 1543 1186 πυρὸς
1558 1144 1709 1185 βαρύτερον·
1717 1140 1787 1173 οὕτω

1010 1194 1055 1223 καὶ
1067 1194 1093 1222 ἐν
1104 1195 1169 1232 ἡμῖν
1181 1193 1208 1221 αἱ
1217 1192 1360 1228 αἰσθήσεις,
1372 1194 1473 1232 γεῦσις,
1482 1191 1620 1231 ὄσφρησις,
1634 1189 1709 1227 ἀκοὴ,
1719 1189 1786 1229 ὄψις,

1010 1239 1056 1268 καὶ
1077 1239 1106 1268 οὐ
1127 1242 1213 1268 πᾶσαι
1235 1237 1301 1267 ἴσαι.
1320 1237 1396 1268 Aeaee
1409 1237 1458 1273 τὴν
1473 1236 1622 1271 ἀπόδειξιν·
1645 1236 1689 1266 ἐὰν
1709 1235 1788 1275 θέλῃς

1011 1284 1080 1318 τινὸς
1091 1283 1254 1324 γεύσασθαι,
1269 1283 1312 1313 ἐὰν
1327 1283 1365 1322 μὴ
1380 1283 1530 1323 πλησιάζῃς
1547 1285 1581 1322 τῇ
1595 1282 1703 1322 γλώσσῃ
1712 1304 1720 1318 ,
1742 1284 1787 1311 τοῦ

1012 1330 1154 1369 γευομένου
1174 1330 1204 1358 οὗ
1226 1328 1371 1367 λαμὸάνεις
1383 1328 1516 1364 αἴσθησιν.
1529 1330 1638 1368 Παχεῖα
1651 1328 1702 1368 γάρ
1716 1328 1787 1362 ἐστι,
1799 1349 1803 1352 -

1013 1375 1058 1405 καὶ
1072 1377 1101 1404 οὗ
1117 1375 1226 1405 δύναται
1244 1374 1378 1414 πόῤῥωθεν
1392 1370 1459 1403 οῧσα
1478 1374 1731 1412 ἀντιλαμὸάνεσθαι.
1753 1373 1789 1402 ‘H

1013 1422 1140 1462 ὄσφρησις
1154 1420 1182 1450 δὲ
1203 1420 1333 1460 μακρόθεν
1349 1419 1573 1459 ἄντιλαμὸάνεται
1583 1432 1590 1438 ·
1604 1416 1671 1455 οἷον,
1686 1419 1789 1458 παρέρ-

1013 1465 1050 1505 ’χῃ
1061 1465 1093 1494 δι’
1105 1464 1201 1501 οἰκίας,
1222 1461 1349 1504 ὀσφραίνῄ
1367 1460 1545 1503 θυμιάματος,
1557 1463 1571 1492 ὃ
1581 1463 1618 1503 μὴ
1633 1466 1703 1503 ὁρᾷς.
1726 1463 1790 1493 Πά-

1013 1512 1055 1540 λιν
1068 1513 1085 1546 ἡ
1097 1511 1155 1551 ὄψις
1169 1512 1216 1546 τῆς
1229 1510 1383 1550 ὀσφρήσεως
1400 1509 1550 1550 ταχυτέρα·
1568 1509 1661 1549 βλέπει
1672 1510 1724 1549 γὰρ
1738 1510 1795 1539 ἀπὸ

1014 1556 1089 1596 ὄρους
1109 1556 1199 1591 πλάτη
1224 1556 1336 1595 μεγάλα.
1361 1557 1418 1591 Τῆς
1442 1555 1527 1595 ὄψεως
1545 1555 1624 1585 πάλιν
1645 1555 1764 1595 ὀξύτερος
1777 1558 1792 1585 ὁ

1015 1605 1073 1634 νοῦς
1082 1613 1088 1620 ·
1103 1602 1184 1631 ἐννοεῖ
1199 1601 1308 1642 οὐρανὸν
1318 1624 1325 1638 ,
1339 1603 1404 1641 γῆν,
1419 1601 1556 1630 θάλασσαν
1565 1624 1574 1638 ,
1586 1601 1631 1631 καὶ
1645 1601 1731 1637 πάντη
1746 1603 1792 1630 εὖ-

1016 1647 1146 1688 ρίσκεται.
1158 1647 1210 1677 Διὰ
1222 1649 1300 1677 τοῦτο
1314 1647 1359 1676 καὶ
1374 1646 1451 1677 εἰκὼν
1472 1648 1542 1676 Θεοῦ
1556 1647 1651 1686 ὀζνοῢς.
1661 1647 1762 1676 Ἐννοεῖ
1779 1649 1795 1676 ὁ

980 1709 998 1733 c
1016 1696 1088 1729 νοῦς,
1112 1693 1157 1723 καὶ
1178 1692 1273 1726 εὖθέως
1287 1692 1370 1727 κτίζει
1382 1693 1445 1732 παρ’
1466 1693 1552 1733 ἑαυτῷ
1566 1691 1676 1731 ἀγόρας,
1690 1692 1793 1725 ἀναζω-

1016 1743 1111 1780 γραφεῖ
1129 1739 1207 1779 ὄχλον
1218 1761 1226 1776 ,
1255 1740 1349 1778 δῆμον.
1372 1739 1535 1768 Αῖδεσθῶσιν
1562 1737 1699 1778 αἱρετικοί.
1724 1739 1796 1771 Νοῦς

1017 1788 1125 1815 τοιαῦτα
1136 1785 1290 1825 ἐργάζεται,
1305 1784 1350 1814 καὶ
1362 1786 1376 1814 ὁ
1389 1787 1434 1813 τοῦ
1445 1786 1489 1814 νοῦ
1503 1783 1625 1824 τεχνίτης
1636 1804 1644 1819 ,
1670 1785 1685 1813 ὁ
1707 1782 1798 1818 πάσης

1018 1831 1171 1871 ὀσφρήσεως
1195 1830 1332 1871 ὀξύτερος,
1356 1831 1386 1859 οὐ
1406 1829 1554 1870 ταχυτέραν
1578 1828 1634 1869 ἔχει
1657 1829 1706 1865 τὴν
1726 1828 1796 1868 ἐνέρ-
1850 1840 1852 1843 ⁴

1018 1889 1106 1916 γειαν,
1125 1878 1154 1907 οὐ
1176 1875 1304 1915 σύντομον
1318 1876 1366 1912 τὴν
1381 1875 1555 1915 δημιουργίαν
1566 1898 1574 1912 ,
1597 1877 1645 1905 οὐκ
1657 1874 1795 1910 ἀκατάλη-

1020 1934 1085 1952 πτον
1096 1922 1146 1959 τὴν
1155 1922 1248 1963 φύσιν,
1260 1921 1394 1961 Βούλομαι
1402 1922 1439 1957 δὲ,
1451 1921 1569 1961 ἀδελφοὶ,
1584 1922 1667 1951 εἰπεῖν
1680 1922 1716 1954 εἰς
1727 1922 1797 1959 ὑμᾶς

1020 1968 1051 1997 τὸ
1062 1967 1132 2003 ξένον
1145 1967 1207 2007 μὲν,
1219 1967 1279 1998 ὅσον
1293 1970 1329 2001 εἰς
1344 1967 1481 2003 ἀσέὸειαν,
1497 1966 1640 2007 σύντροφον
1654 1966 1681 1996 δὲ
1694 1967 1743 2002 τῆς
1753 1966 1797 1995 πί-

1022 2025 1119 2050 στεως,
1132 2013 1192 2043 ὅσον
1208 2015 1244 2047 εἷς
1257 2013 1389 2050 ἐξέτασιν,
1409 2012 1453 2042 ἶνα
1466 2012 1568 2051 μάθητε
1587 2012 1658 2042 πόσα
1675 2023 1798 2042 καινοτο-

1022 2064 1066 2098 μεῖ
1079 2061 1093 2088 ὁ
1107 2059 1227 2093 διάὸολος
1236 2081 1243 2095 ,
1264 2059 1336 2088 πόσα
1349 2058 1466 2099 εὑρίσκει
1475 2079 1483 2094 ,
1503 2058 1575 2088 πόσα
1588 2057 1733 2088 ὓποὸάλλει
1744 2062 1799 2091 τοῖς

1023 2106 1179 2145 αἰρετικοῑς·
1193 2105 1294 2144 μᾶλλον
1315 2104 1343 2134 δὲ
1361 2104 1452 2144 ἐκείνῳ
1466 2106 1490 2134 οἱ
1510 2104 1648 2144 αἱρετικοί.
1676 2104 1799 2144 Σήμερόν

1021 2163 1063 2187 ν’τις
1080 2151 1124 2181 ἐπὶ
1141 2151 1222 2191 ἁγίων
1247 2152 1347 2191 ἀνδρῶν
1360 2150 1406 2180 καὶ
1416 2150 1537 2190 πατέρων
1557 2150 1638 2179 ἐλθὼν
1651 2150 1716 2191 πρὸς
1729 2153 1801 2189 ἡμᾶς
1820 2152 1822 2154 ’

1025 2196 1155 2236 αἱρετικὸς
1174 2197 1264 2236 ἔλεγε·
1283 2195 1353 2235 λέγω
1368 2195 1395 2225 δὲ
1408 2195 1452 2225 ἵνα
1471 2195 1576 2235 μήποτε
1589 2195 1690 2236 ὁλόγος
1712 2195 1801 2228 ἄλλως

1025 2241 1176 2278 ἅκαυσθεὶς,
1201 2242 1287 2275 ἄλλως
1310 2241 1399 2281 πλήξῃ
1412 2253 1418 2260 ·
1439 2241 1536 2281 Πατὴρ
1561 2241 1613 2282 γὰρ
1625 2264 1633 2277 ,
1655 2241 1735 2282 φησὶ,
1755 2242 1801 2271 καὶ

1026 2288 1089 2322 Υἱὸς
1099 2288 1145 2318 καὶ
1158 2288 1231 2327 ἅγιον
1246 2289 1368 2327 Πνεῦμα
1373 2287 1422 2327 μία
1436 2282 1542 2324 θεότης,
1557 2287 1605 2327 μία
1614 2279 1736 2326 δύναμις,
1752 2287 1802 2326 μία

1028 2333 1157 2373 βασιλεία.
1171 2335 1219 2363 Δεῖ
1233 2333 1275 2370 δὲ,
1285 2334 1378 2374 φησὶν,
1393 2333 1556 2374 ἐξαιρεθῆναι
1569 2332 1642 2373 'fria-b
1655 2335 1702 2368 ἰ-ῆς
1715 2329 1803 2372 ψυχῆς

1028 2381 1106 2409 αὐτοῦ
1117 2403 1125 2417 ,
1142 2381 1172 2410 οὐ
1186 2379 1237 2420 γὰρ
1248 2380 1318 2419 λέγω
1331 2380 1384 2410 ἀπὸ
1397 2382 1443 2409 τοῦ
1457 2378 1642 2419 Θυσιαστηρίου
1651 2400 1659 2414 ,
1673 2378 1703 2408 τὸ
1716 2378 1802 2418 λέγειν

1029 2427 1055 2454 ἐν
1070 2426 1210 2466 ἇγιασμῷ’
1224 2425 1326 2465 Ἄγιος,
1351 2425 1441 2466 ἅγιος,
1463 2425 1535 2464 ἅγιος
1555 2424 1652 2464 Κύριος
1674 2423 1801 2454 Σαὸαώθ.

1072 2532 1082 2543 ⁸
1099 2523 1318 2557 Savi1.legendum
1328 2529 1400 2556 putat
1409 2527 1455 2550 ἀπὸ
1465 2529 1505 2553 τῆς
1518 2526 1582 2556 εὐχῆς
1589 2526 1665 2551 αὑτοῦ.
1674 2521 1724 2548 Sed
1738 2527 1807 2548 stare

1040 2569 1125 2595 potest.
1139 2563 1213 2588 lectio
1222 2563 1346 2588 Codicum
1358 2563 1480 2591 omnium.
