1890 2826
66 423 105 438 21.

67 487 94 507 pe
105 479 206 500 emendat

66 517 110 535 eos.
152 517 207 538 quos

219 228 240 262 8
560 240 589 264 s,
617 239 757 264 somnis
781 239 962 263 cnmsosT.
990 239 1145 263 Ancnnzr.

219 300 305 339 phetis
318 300 345 329 in
367 310 440 330 more
462 301 524 339 fuit,
539 308 570 331 ut
579 312 623 332 eos
638 302 769 341 lugerent,
785 301 832 340 qui
856 301 963 330 incura-

218 345 268 374 bili
284 346 378 376 morbo
392 346 552 378 laborarent.
569 349 614 378 Sic
629 354 654 376 et
675 346 806 377 Jercmias
819 346 913 376 multis
935 346 962 375 in

68 386 153 407 mmm·
171 392 205 407 ¹¹·
218 392 284 422 locis
299 404 308 431 ;
323 392 363 422 sic
377 399 404 422 et
417 393 540 423 Christus
560 405 622 424 cum
640 393 707 422 dicit
723 404 729 420 ε
747 394 798 422 Vae
815 395 867 423 tibi
885 393 963 422 Cho-

75 447 158 469 Luctus
167 455 204 468 sae-
218 440 291 475 razi,
300 450 348 469 να·
361 441 414 469 tibi
427 441 600 471 Bethsaida.
615 442 685 470 Nam
700 440 752 469 hoc
764 440 844 470 etiam
857 439 961 469 doctri-

217 495 257 515 na:
270 486 371 526 species
383 493 432 516 est.
454 487 542 524 Quem
554 487 624 516 enim
643 496 730 516 sermo
751 496 804 515 non
818 486 904 526 potuit
917 497 962 515 re-
977 487 996 511 Ε

64 547 137 561 sermo
162 548 206 562 non
217 531 438 568 fomare‚luctus
447 543 566 573 persaepe
573 531 737 562 emendavit.
749 532 863 571 Populo
872 532 962 571 pleno

63 575 135 599 potest

65 603 191 624 emendare.

64 748 165 771 mamni}
171 756 201 777 .7.

62 840 113 862 thid
130 849 152 862 v.
161 841 183 865 8.

54 1302 155 1323 Bar-uela.
170 1302 183 1331 4

54 1342 65 1363 7
72 1349 75 1354 -

90 1332 125 1356 8?

214 579 352 616 peccatis.
367 578 428 607 Alia
439 578 615 608 accusationis
630 578 754 614 accessio,
768 576 842 616 quod
858 587 960 614 omnes,

215 623 289 663 quod
306 624 453 653 admodum
476 627 649 664 [peccatores
673 624 760 662 sint].
776 623 887 652 Semini
910 634 961 652 ne-

214 680 314 709 quam.
331 671 391 700 Non
406 670 535 709 originem
549 681 641 700 eorum
654 670 799 709 vituperat,
816 669 864 698 sed
877 676 960 698 osten-

1174 240 1442 264 CONSTANTINOP-

1014 301 1161 341 προφήταις
1176 302 1246 338 ἔθος,
1261 302 1321 336 τοὺς
1342 303 1375 333 τὰ
1398 302 1491 332 ἀνίατα
1513 305 1652 336 νοσοῦντας
1673 305 1786 343 θρηνεῖν,

1014 346 1095 376 Οὕτω
1115 347 1160 376 καὶ
1182 347 1311 388 Ἱερεμίας
1335 349 1471 388 πολλαχοῦ
1483 360 1489 367 ·
1514 348 1583 378 οὕτω
1605 348 1649 378 καὶ
1673 348 1786 388 Χριστὸς

1013 391 1112 431 λε’γων·
1124 393 1195 422 Οὐαί
1207 405 1249 423 σοι
1260 397 1271 410 ⁰
1282 394 1406 434 Χωραζὶ,
1421 394 1479 424 οὐαί
1493 405 1534 424 σοι
1548 394 1693 431 Βηθσαῑδά.
1706 394 1786 424 Ἐπεὶ

1013 438 1057 467 καὶ
1070 441 1147 468 τοῦτο
1161 439 1332 473 διδασκαλίας
1344 435 1419 473 εἶδος.
1432 440 1485 470 “Ον
1496 440 1547 480 γὰρ
1558 441 1606 470 οὐκ
1620 437 1785 476 ἀνεκτήσατο

1012 484 1088 524 λόγος
1096 508 1103 521 ,
1121 488 1212 515 τοῦτον
1226 486 1354 520 πολλάκις
1368 486 1501 526 διώρθωσε
1514 487 1616 526 θρῆνος.
1627 486 1696 519 Λαὸς
1709 486 1783 522 πλή-

1014 541 1061 569 ρης
1082 530 1230 570 ἇμαρτιῶν.
1249 530 1331 567 Ἄλλη
1354 531 1492 571 προσθήκη
1511 531 1680 571 κατηγορίας,
1693 531 1724 560 τὸ
1737 532 1784 561 καὶ

1011 575 1128 609 πάντας,
1150 576 1195 605 καὶ
1210 578 1268 615 μετ’
1290 576 1444 610 ἐπιτάσεως.
1459 576 1574 616 Σπέρμα
1591 576 1715 616 πονηρόν.
1740 577 1782 606 Οὐ

1011 621 1059 657 τὴν
1085 621 1187 660 γένεσιν
1214 623 1300 651 αὐτῶν
1325 622 1479 659 διαὸάλλει,
1505 621 1573 652 ἀλλὰ
1597 621 1728 651 δείκνυσιν
1751 623 1782 651 ἐκ

1010 666 1117 706 πρώτης
1134 667 1239 703 ἡλικίας
1253 668 1328 702 ὄντας
1350 667 1457 702 κακούς.
1470 667 1577 707 Ὥσπερ
1595 667 1647 707 γὰρ
1658 669 1672 697 ὁ
1686 667 1781 697 Ἰωάν-

212 715 255 745 dit
267 726 312 745 eos
325 727 338 745 a
350 717 436 756 prima
450 723 525 745 astate
534 716 671 756 improbos
686 715 777 744 fuisse.
796 715 872 744 Sicut
888 715 958 744 enirn
978 733 990 750 7
1011 724 1056 748 νης
1069 713 1163 752 λέγων,
1176 713 1284 754 ’Όφεις,
1299 714 1450 754 γεννήματα
1463 714 1583 754 ἐχιδνῶν,
1597 715 1627 743 οὐ
1641 713 1689 750 τὴν
1703 713 1782 754 φύσιν

212 762 328 791 Joannes
347 773 410 791 cum
429 762 512 798 dicit,
526 763 682 800 Serpentes
693 784 701 796 ‚
715 762 864 800 genimina
879 762 959 800 vipe-
975 760 995 783 Λ
1011 759 1150 797 ἀτιμάζει·
1173 760 1202 788 οὐ
1223 759 1274 800 γὰρ
1296 759 1327 789 ἂν
1350 754 1426 795 εἶπε,
1445 759 1581 795 Ποιήσατε

211 817 322 840 rarum,
348 818 400 837 non
418 814 539 837 naturam
553 807 689 847 vituperat
703 819 709 835 :
722 817 775 836 non
789 806 860 836 enim
873 806 959 836 dixis-

211 859 261 889 set,
278 855 381 884 Facile
407 857 498 891 igitur
508 854 630 894 fructus
645 854 750 893 dignos
768 855 956 892 poenitentioe‚

210 898 233 927 si
247 909 282 928 ex
304 906 400 928 natura
414 906 442 928 et
457 898 492 928 ab
506 906 566 928 ortu
582 899 649 928 tales
667 899 798 928 fuissent:
813 898 886 928 sicet
906 899 957 929 hoc

210 943 269 973 loco
288 955 349 973 cum
375 944 464 974 dicit:
488 945 598 974 Semini
616 956 762 985 nequam,
790 956 842 974 non
868 952 956 975 ortum

210 989 310 1029 probro
318 990 366 1020 dat
376 990 440 1020 illis.
452 991 540 1019 Filiis
548 991 707 1030 exlegibus.
717 992 778 1020 Non
787 991 869 1028 dixit,
883 991 957 1021 Prae-

208 1036 415 1075 varicatoribus,
437 1036 496 1074 sed,
510 1037 686 1076 Exlegibus,
701 1037 749 1076 qui
772 1047 825 1066 non
847 1037 955 1067 meliori

207 1089 293 1112 essent
304 1083 413 1119 affectu,
436 1093 517 1121 quam
531 1082 554 1111 si
575 1082 662 1122 legem
675 1092 823 1121 numquam
836 1083 956 1122 excepis-

206 1137 271 1160 sent.
284 1130 337 1160 Sed
355 1129 487 1170 propositi
500 1128 681 1158 differentiam
700 1128 843 1168 significat.
860 1129 955 1158 Dere-

207 1176 333 1215 liquistis
353 1176 525 1211 Dominum,
550 1175 626 1203 etad
641 1175 827 1204 iracundiam
849 1184 954 1213 provo-

206 1224 305 1251 castis.
322 1223 374 1251 Per
395 1221 534 1261 emphasin
548 1220 600 1250 hoc
614 1220 695 1250 dixit.
713 1221 871 1250 Sufficiebat
882 1221 954 1250 enim

206 1278 302 1297 nomeu
315 1267 368 1297 Dei
384 1266 419 1296 ad
434 1267 629 1296 accusationem
645 1278 652 1294 :
669 1277 722 1305 qua
734 1266 768 1295 de
782 1277 810 1295 re
825 1266 954 1296 Jcremias
969 1269 987 1292 B

188 1317 194 1323 “
205 1313 356 1353 expostulat
369 1313 461 1342 dicens
474 1324 481 1342 ε
501 1313 578 1351 Quia
592 1314 630 1342 ab
653 1313 707 1342 illo
722 1313 904 1354 defecerunt,
925 1319 953 1342 et

205 1361 385 1390 daemonibus
401 1360 597 1389 adhaeserunt.
612 1359 753 1389 Sanctum
773 1359 878 1388 Israiil.
890 1360 954 1389 Haec

205 1416 313 1445 qnoque
327 1405 523 1435 criminationis
537 1405 651 1435 accessio
661 1412 711 1442 est,
726 1405 788 1444 quia
805 1416 867 1434 cum
881 1415 952 1435 com-

205 1452 296 1482 munis
315 1452 437 1482 omnium
455 1453 591 1482 Dominus
605 1451 650 1489 sit,
666 1451 733 1492 ipsis
746 1458 810 1481 tunc
823 1452 954 1492 (proprie)

204 1506 284 1529 notus
299 1506 368 1529 erat.
377 1499 555 1529 Abalienati
567 1506 637 1529 sunt
649 1505 815 1529 retrorsum.
830 1499 860 1528 5.
874 1500 954 1538 Quid

206 1546 288 1575 ultra
297 1548 500 1586 percutiemini
511 1547 651 1576 addentes
665 1546 924 1585 praevaricationes
938 1549 952 1574 P

206 1591 327 1621 Maxima
340 1591 487 1628 damnatio,
508 1603 571 1622 cum
582 1602 616 1621 ne
629 1602 664 1621 ex
677 1591 819 1631 suppliciis
842 1591 954 1631 quidem

206 1637 331 1667 meliores
350 1638 429 1668 fiunt.
454 1638 583 1677 Illudque
607 1638 708 1678 species
729 1637 852 1667 beneficii
875 1644 951 1676 erat,

206 1683 279 1723 quod
315 1684 486 1723 punirentur.
514 1685 607 1723 Neque
637 1684 710 1713 enim
735 1683 824 1713 dicere
846 1690 954 1724 possent

206 1731 296 1760 Deum
320 1730 465 1771 honorasse
488 1737 592 1760 tantum
617 1737 643 1760 et
665 1730 803 1760 beneficiis
822 1730 951 1767 affecisse,

206 1784 344 1816 peccantes
360 1784 450 1807 autem
463 1777 617 1816 dimisisse;
633 1776 682 1806 sed
692 1777 740 1807 ille
752 1777 900 1807 honoribus
913 1784 953 1806 at-
968 1774 986 1797 G

208 1823 349 1860 trahebat,
371 1829 397 1852 et
418 1823 616 1864 suppliciorum
636 1823 732 1853 timore
755 1822 791 1852 ad
813 1823 953 1853 meliorem

207 1868 314 1908 frugem
334 1869 487 1907 revocabat,
505 1877 531 1899 et
542 1869 611 1899 inter
625 1876 737 1908 utraque
748 1869 791 1898 illi
808 1869 953 1899 incurabili

208 1915 301 1944 morbo
318 1915 419 1944 detenti
437 1916 590 1945 manebant.
610 1917 698 1945 Omne
710 1926 794 1955 genus
812 1915 952 1945 medicina:

206 1961 342 1996 exhibuit,
357 1971 459 1995 secans,
474 1959 553 1990 urens
570 1973 576 1989 :
590 1961 701 1990 morbus
724 1967 813 1990 tamen
827 1971 879 1989 non
893 1971 952 1990 ces-

207 2007 253 2044 sit,
267 2006 341 2046 quod
352 2006 473 2036 maxime
487 2007 595 2046 signum
606 2013 646 2036 est
663 2007 823 2035 incurabilis
841 2007 951 2046 aegritu-

204 2054 288 2090 dinis,
310 2064 373 2083 cum
391 2064 444 2083 non
459 2060 545 2093 potest
566 2054 627 2092 quis
647 2053 797 2082 remedium
818 2053 948 2093 accipere.

207 2101 300 2129 Omne
311 2100 446 2139 caputad
462 2099 603 2135 laborem,
622 2105 650 2128 et
673 2109 760 2128 omne
769 2109 820 2128 cor
845 2100 887 2127 ad
898 2102 949 2128 tri-

204 2148 325 2177 stitiam..
342 2147 371 2176 6.
388 2146 420 2175 A
433 2147 556 2186 pedibus
569 2156 662 2185 usque
681 2146 722 2174 ad
736 2152 823 2185 caput
837 2156 897 2173 non
906 2152 949 2175 est

203 2195 235 2222 in
248 2203 282 2222 eo
295 2193 459 2232 integritas,
483 2202 575 2231 neque
594 2191 717 2227 vulnus,
742 2201 836 2231 neque
844 2193 945 2227 vibex,

203 2249 298 2279 neque
309 2238 400 2278 plaga
418 2245 541 2268 tumens.
558 2236 663 2267 Deinde
676 2244 765 2266 narrat
777 2237 910 2266 eruciatus
921 2245 946 2267 et

202 2286 336 2327 supplicia
351 2299 357 2315 :
377 2296 463 2324 neque
478 2285 550 2314 enim
564 2285 652 2314 minor
664 2284 722 2314 haec
735 2290 774 2313 est
786 2284 887 2324 species
897 2284 945 2313 be-
963 2292 982 2314 Ι)

201 2333 292 2363 neticii
303 2340 330 2362 ct
351 2332 461 2362 honoris
482 2331 549 2372 ipsis
567 2330 668 2361 collati.
686 2331 785 2360 Omnes
803 2330 886 2368 enim,
899 2331 941 2360 in-

233 2446 244 2458 e
261 2436 348 2463 Morel.
362 2436 428 2462 male
439 2440 533 2472 Χωριζί.
546 2436 607 2469 neg.
621 2441 646 2461 et
658 2434 735 2461 Savil.
748 2441 776 2460 ut
787 2435 812 2460 in
823 2440 901 2460 textu.
915 2436 959 2460 In-

201 2477 239 2502 fra
251 2485 311 2503 vero
322 2475 430 2502 Savilius
437 2474 571 2509 legendum
580 2475 700 2507 opinatur
718 2477 742 2500 οὐ
754 2478 795 2505 τὴν
807 2479 904 2507 γέννησιν
919 2477 959 2500 αὐ-

200 2524 252 2548 τῶν,
270 2525 321 2541 non
333 2520 423 2549 γένεσιν.
440 2513 490 2540 Sed
510 2514 547 2539 hae
560 2521 634 2539 voces
652 2522 716 2546 saepe
738 2512 803 2538 inter
820 2521 847 2538 se
858 2518 959 2538 mutun-

200 2561 254 2587 tffl'}
268 2560 349 2587 γένεσιν
360 2560 428 2579 stare
439 2561 511 2586 posse
519 2557 591 2585 pul-0.

231 2601 242 2611 ἢ
260 2593 325 2619 Ᾱὶλὰ
333 2599 371 2622 τῆς
376 2597 526 2628 προαιρέσεως
536 2595 576 2621 τὴν
588 2593 696 2625 διαφορὰν
705 2592 776 2619 δηλοῖ.
784 2589 833 2615 Hic
843 2589 957 2615 Tilman-

198 2641 243 2657 nus
259 2632 349 2658 vertit:
362 2632 467 2655 Iudicat
485 2635 606 2663 pra-terea
624 2629 708 2654 liberoe
719 2629 859 2654 voluntatis
871 2629 956 2653 excel—

1601 754 1647 789 οῧν
1664 758 1781 799 καρποὺς

1009 805 1095 838 ἀξίους
1117 807 1164 841 τῆς
1184 806 1341 844 μετανοίας,
1363 807 1386 835 εἷ
1407 805 1484 846 φύσει
1501 805 1548 835 καὶ
1569 805 1623 834 ἀπὸ
1635 805 1781 845 γεννήσεως

1007 845 1075 886 ἦσαν
1087 854 1216 881 τοιοῦτοι·
1229 851 1298 881 οὕτω
1314 851 1360 881 καὶ
1371 852 1483 880 ἐνταῦθα
1495 850 1589 891 λέγων,
1604 851 1720 891 Σπέρμα
1732 863 1781 881 πο-

1006 896 1094 936 νηρὸν,
1105 898 1134 926 οὐ
1144 897 1193 933 τὴν
1207 898 1327 937 γέννησιν
1342 899 1429 927 αὐτῶν
1439 897 1584 927 διαὸάλλει.
1598 898 1659 927 Υἱοὶ
1673 898 1778 938 ἄνομοι.

1006 943 1066 971 Οὐκ
1082 939 1155 980 εἶπε,
1174 943 1337 983 παράνομοι,
1352 944 1422 980 ἀλλ’,
1444 943 1551 983 Ἄνομοι
1561 965 1570 979 ,
1583 946 1637 973 τῶν
1659 944 1781 983 οὐδαμῶς

1006 988 1150 1029 εἰληφότων
1170 988 1248 1028 νόμον
1269 989 1343 1019 οὐδὲν
1363 989 1469 1028 ἄμεινον
1488 990 1659 1028 διακείμενοι.
1679 990 1780 1020 ’Ἀλλὰ

1005 1035 1053 1069 τῆς
1074 1034 1252 1074 προαιρέσεως
1263 1034 1312 1068 τὴν
1328 1034 1455 1076 διαφορὰν
1474 1035 1559 1071 δηλοῖ.
1572 1035 1779 1075 Ἐγκατελίπετε

1005 1080 1050 1110 τὸν
1072 1080 1182 1120 Κύριον,
1203 1082 1249 1111 καὶ
1271 1082 1470 1122 παρωργίσατε.
1493 1082 1681 1123 Ἐμφαντικῶς
1701 1085 1780 1112 τοῦτο

1005 1125 1104 1165 εἴρηκε.
1120 1126 1174 1156 Καὶ
1188 1127 1239 1167 γὰρ
1254 1127 1330 1167 ἤρκει
1343 1127 1374 1157 τὸ
1388 1128 1471 1167 ὄνομα
1484 1131 1531 1158 τοῦ
1544 1130 1615 1158 Θεοῦ
1638 1129 1675 1162 εἷς
1695 1140 1778 1165 κατ-η-

1004 1171 1109 1212 γορίαν·
1121 1172 1185 1213 ὅπερ
1195 1172 1325 1213 Ἱερεμίας
1338 1174 1445 1213 ἐγκαλεῖ
1457 1172 1552 1213 λέγων,
1563 1173 1631 1204 ”Οτι
1641 1174 1686 1204 καὶ
1698 1176 1779 1204 αὐτοῦ

1005 1217 1158 1254 ἀπέστησαν
1169 1241 1178 1254 ,
1192 1218 1237 1248 καὶ
1260 1219 1367 1258 δαίμοσι
1390 1219 1612 1260 προσηλώθησαν.
1631 1220 1687 1250 Τὸν
1704 1220 1779 1260 ἅγιον

1003 1266 1049 1292 τοῦ
1074 1263 1192 1304 Ἰσραήλ.
1221 1264 1274 1294 Καὶ
1301 1268 1378 1294 τοῦτο
1399 1265 1560 1305 κατηγορίας
1580 1266 1717 1301 ἐπίτασις,
1737 1266 1778 1296 ὅτι

1003 1309 1087 1342 κοινὸς
1097 1309 1134 1338 ὧν
1144 1309 1267 1340 ἁπάντων
1282 1310 1428 1346 Δεσπότης,
1441 1314 1528 1345 αὐτοῖς
1537 1312 1691 1352 ἐγνωρίζετο
1705 1312 1774 1342 τότε.

1004 1354 1270 1395 Ἀπηλλοτριώθησαν
1295 1358 1332 1389 εἷς
1355 1356 1389 1386 τὰ
1408 1357 1505 1386 ὀπίσω.
1528 1357 1564 1387 Τί
1590 1357 1630 1388 ἔτι
1654 1359 1775 1398 πληγῆτε

1002 1402 1185 1441 προστιθέντες
1207 1402 1333 1441 ἀνομίας;
1359 1402 1481 1442 Μεγίστη
1506 1403 1671 1443 κατάγνωσις
1683 1426 1692 1440 ,
1714 1404 1776 1434 ὅταν

1003 1446 1070 1485 μηδὲ
1092 1451 1150 1481 ταῖς
1171 1448 1310 1487 τιμωρίαις
1331 1447 1455 1488 γίνωνται
1476 1449 1602 1488 βελτίους.
1625 1450 1679 1479 Καὶ
1698 1452 1776 1480 τοῦτο

1003 1491 1030 1521 δὲ
1045 1487 1111 1526 εἶδος
1124 1493 1286 1533 εὐεργεσίας,
1301 1494 1331 1524 τὸ
1351 1494 1481 1529 κολάζειν.
1498 1495 1569 1525 Οὐδὲ
1581 1495 1632 1537 γὰρ
1647 1496 1678 1525 ἂν
1690 1495 1782 1536 ἔχοιθ’

1003 1540 1095 1574 εἰπεῖν,
1106 1539 1147 1568 ὅτι
1158 1540 1268 1579 ἐτίμησε
1281 1541 1326 1570 καὶ
1339 1542 1499 1581 εὐηργέτησε
1515 1541 1603 1581 μόνον,
1614 1542 1775 1582 ἁμαρτάνον-

1002 1596 1049 1618 τας
1063 1585 1090 1614 δὲ
1103 1585 1192 1625 ἠφίει·
1207 1586 1275 1615 ἀλλὰ
1295 1587 1341 1615 καὶ
1359 1591 1449 1626 τιμαῖς
1471 1587 1615 1627 ἐφείλκετο,
1637 1587 1683 1617 καὶ
1701 1587 1775 1629 φόὸῳ

1001 1632 1054 1660 τῶν
1071 1631 1205 1661 κολάσεων
1218 1631 1377 1672 ἐσωφρόνισε
1387 1656 1396 1669 ,
1415 1633 1460 1662 καὶ
1479 1635 1506 1662 ἐν
1521 1633 1656 1673 ἑκατέροις
1669 1634 1774 1672 ἔμειναν

1003 1676 1097 1706 ἀνίατα
1118 1680 1261 1711 νοσοῦντες.
1282 1679 1342 1707 Πᾶν
1369 1674 1435 1712 εἶδος
1461 1678 1576 1719 ἰατρείας
1603 1679 1754 1714 ἐπεδείξατο
1765 1703 1774 1717 ,

1002 1722 1114 1762 τέμνων,
1135 1723 1217 1753 καίων
1228 1735 1235 1741 ·
1249 1723 1283 1753 τὰ
1302 1724 1329 1753 δὲ
1352 1725 1400 1759 τῆς
1419 1724 1495 1754 νόσου
1510 1725 1570 1754 οὐδὲ
1583 1725 1665 1759 οὕτως
1678 1721 1729 1760 εἶξε
1738 1747 1746 1761 ,
1760 1727 1776 1756 ὃ

1004 1768 1120 1807 μάλιστα
1133 1771 1179 1798 τοῦ
1190 1773 1274 1799 νοσεῖν
1288 1769 1382 1799 ἀνίατα
1394 1771 1503 1809 σημεῖόν
1517 1772 1574 1800 ἐστι
1583 1793 1594 1806 ,
1608 1771 1639 1800 τὸ
1653 1771 1721 1810 μηδὲ
1732 1772 1775 1802 δύ-

1003 1817 1095 1845 νασθαι
1110 1814 1231 1850 δέξασθαι
1245 1815 1395 1856 θεραπείαν.
1416 1818 1496 1846 Πᾶσα
1518 1817 1620 1858 κεφαλὴ
1635 1819 1672 1851 εἷς
1685 1818 1774 1855 πόνον,

1002 1861 1048 1891 καὶ
1059 1866 1133 1891 πᾶσα
1146 1861 1242 1901 καρδία
1255 1864 1293 1895 εἷς
1303 1861 1402 1898 λύπην.
1417 1862 1482 1892 ’Λπὸ
1495 1864 1583 1892 ποδῶν
1597 1863 1645 1898 ἕως
1658 1866 1775 1905 κεφαλῆς

1003 1908 1050 1937 οὐκ
1070 1907 1141 1937 ἔστιν
1162 1908 1189 1936 ἐν
1214 1908 1286 1948 αὐτῷ
1306 1908 1467 1948 ὁλοκληρία,
1489 1908 1549 1938 οὔτε
1572 1913 1695 1949 τραῦμα,
1713 1910 1773 1940 οὔτε

1003 1953 1113 1993 μώλωψ,
1121 1953 1181 1983 οὔτε
1191 1953 1281 1993 πληγὴ
1292 1954 1497 1993 φλεγμαίνουσα.
1509 1950 1577 1984 Εἶτα
1585 1955 1658 1995 λέγει
1668 1955 1716 1989 τὰς
1728 1969 1774 1986 κο-

1000 1999 1089 2033 λάσεις
1102 1999 1147 2029 καὶ
1160 1999 1207 2033 τὰς
1216 2000 1344 2040 τιμωρίας
1353 2012 1359 2018 ·
1373 2003 1420 2030 οὐκ
1434 2001 1543 2031 ἔλαττον
1552 2002 1603 2041 γὰρ
1617 2005 1694 2032 τοῦτο
1705 1998 1772 2037 εἶδος

1001 2045 1149 2086 εὐεργεσίας
1167 2046 1224 2075 ἐστὶ
1245 2045 1290 2075 καὶ
1311 2049 1358 2082 τῆς
1380 2048 1460 2087 τιμῆς
1471 2050 1518 2083 τῆς
1533 2050 1569 2081 εἷς
1583 2047 1677 2082 αὐτοὺς
1692 2061 1771 2089 γεγε-

1000 2092 1121 2131 νημένης.
1136 2091 1243 2125 Πάντας
1252 2091 1314 2132 γὰρ,
1327 2092 1416 2132 φησὶν,
1428 2092 1566 2130 ἔκάκωσα,
1576 2094 1622 2123 καὶ
1636 2096 1672 2127 εἰς
1683 2095 1771 2132 λύπην

999 2137 1093 2171 αὐτοὺς
1105 2138 1237 2167 ἐνέὸαλον.
1252 2139 1286 2167 Εἰ
1299 2142 1374 2167 πᾶσα
1387 2139 1489 2178 κεφαλὴ
1503 2141 1541 2172 εἷς
1551 2139 1640 2178 πόνον,
1653 2142 1710 2174 πῶς
1721 2142 1770 2170 οὐκ

998 2184 1069 2214 ἔστιν
1092 2184 1152 2213 οὔτε
1172 2186 1292 2223 τραῦμα,
1308 2184 1367 2213 οὔτε
1387 2184 1506 2224 μώλωψ;
1522 2186 1562 2215 Τὸ
1581 2189 1688 2226 τραῦμα
1700 2208 1709 2222 ,
1723 2190 1769 2216 τοῦ

998 2232 1090 2260 λοιποῦ
1109 2229 1232 2268 σώματος
1250 2229 1428 2269 ὑγιαίνοντος,
1444 2231 1503 2260 τότε
1525 2231 1645 2271 φαίνεται
1663 2235 1769 2273 τραῦμα

998 2281 1026 2310 ὅν
1036 2293 1043 2299 ·
1059 2283 1083 2310 εἰ
1097 2281 1124 2310 δὲ
1135 2280 1196 2310 ὅλον
1206 2279 1360 2318 ἡλκωμένον
1375 2279 1450 2320 τύχοι
1459 2302 1466 2315 ,
1480 2281 1568 2311 οὐκέτι
1585 2278 1618 2311 ἓν
1630 2282 1723 2322 φανείη
1738 2283 1769 2312 τὸ

997 2331 1080 2364 ἕλκος.
1095 2331 1183 2361 Τοῦτο
1202 2325 1246 2359 οὐν
1266 2330 1427 2365 ἐνδείξασθαι
1447 2331 1585 2370 βούλεται,
1607 2332 1648 2362 ὅτι
1666 2333 1725 2363 ὅλον
1738 2334 1769 2363 τὸ

1010 2434 1122 2461 lentiam.
1136 2439 1251 2470 Διαφέρειν
1271 2433 1409 2467 aliquando
1418 2436 1562 2469 praecelleoe
1579 2442 1605 2462 et
1626 2437 1765 2469 cancellare,-

1007 2473 1082 2505 vulgo
1094 2479 1178 2498 autem
1198 2473 1310 2506 differre.
1322 2474 1370 2498 Hic
1382 2482 1449 2501 vero,
1461 2480 1490 2498 ut
1499 2474 1585 2508 liquet,
1608 2478 1720 2512 διαφορά,
1735 2478 1767 2501 si-

1006 2512 1109 2546 gnificat
1120 2513 1290 2546 diffemntiam
1303 2514 1369 2536 inter
1379 2517 1462 2546 ἄνομον
1482 2519 1508 2538 et.
1519 2519 1659 2550 παράνομον.
1674 2516 1763 2550 [Fon.

1005 2553 1053 2585 leg.
1067 2554 1209 2585 διακείμενοι·
1223 2554 1284 2578 ἀλλὰ
1302 2563 1325 2577 τ.
1343 2563 1384 2587 πρ.
1398 2564 1420 2578 τ.
1434 2555 1555 2588 διαφθορὰν
1567 2555 1651 2587 δηλοῖ]
1663 2553 1764 2580 Ibidem

1005 2591 1067 2623 Reg-
1081 2594 1266 2623 ἐγκατελείπατε.
1279 2589 1349 2614 Infra
1369 2591 1429 2624 Reg.
1443 2597 1468 2616 et
1479 2591 1555 2617 Savil.
1577 2597 1633 2628 ὅπερ
1651 2592 1763 2629 ἰερεμίας,

1006 2628 1093 2654 melius
1101 2637 1177 2662 quam
1188 2627 1276 2654 Morel.
1293 2629 1335 2661 qui
1346 2628 1422 2654 hahet
1433 2633 1508 2665 ὥσπερ
1518 2630 1629 2667 ἰερεμῐας,
