1890 2826
637 210 795 234 SYNOPSIS
825 211 1015 235 SCRIPTURAE
1044 213 1167 236 SACRAE.

121 274 202 303 αὐτοῦ
211 285 217 291 ·
235 270 290 302 ἰδοὺ
300 271 352 312 γὰρ
364 274 376 288 ³
387 271 453 308 ἀκοὴ
468 271 566 311 ἀγαθὸν
579 271 645 312 ὑπὲρ
659 271 762 302 Θυσίαν.
776 272 890 302 Ἀπειλεῖ

122 319 167 349 καὶ
187 318 247 348 τότε
270 319 341 358 αὐτῷ
360 316 410 353 τὴν
431 317 559 358 ἐξαίρεσιν
581 319 630 353 τῆς
649 317 793 357 βασιλείας.
813 317 848 347 ‘O
862 317 891 347 δὲ

121 364 211 396 Σαοὺλ
229 363 404 404 παρεθιάζετο
422 363 500 393 αὗτὸν
522 364 692 393 συναπελθεῖν
710 364 792 404 αὐτῷ.
809 362 844 392 Ὁ
863 363 891 392 δὲ

120 412 169 441 οὗκ
192 410 325 446 ἔθέλησεν.
352 409 481 450 ’Ὕστερον
508 408 536 439 δὲ
559 409 676 449 βιασθεὶς
701 410 809 445 ἀν’-ἤλθε-
837 408 891 438 Καὶ

122 457 190 496 μετὰ
201 460 285 486 ταῦτα
299 456 376 489 αὐτὸς
389 457 404 485 ὁ
417 455 548 495 Σαμουὴλ
569 454 696 489 κελεύσας
708 456 891 495 προσενεχθῆ-

121 515 164 533 ναι
178 505 249 544 αὐτῷ
261 503 305 533 τὸν
318 502 409 542 Ἀγὰγ,
425 494 526 532 ἀνεῖλεν
541 501 618 531 αὐτὸν
632 506 690 535 ταῖς
701 503 795 531 ἑαυτοῦ
803 500 890 541 χερσί.

121 550 175 580 Καὶ
189 550 278 580 ἔκτοτε
298 552 346 580 οῦκ
361 545 413 579 εἶδε
431 549 475 578 τὸν
488 549 579 579 Σαοὺλ
600 548 649 582 ἕως
669 550 717 584 τῆς
730 547 831 588 ἡμέρας
844 549 890 576 τοῦ

1618 205 1690 251 405

945 273 1067 304 Minatur
1083 275 1163 304 etiam
1184 283 1249 305 tunc
1270 275 1446 306 auferendum
1468 276 1502 305 ab
1521 276 1569 306 illo
1582 287 1638 307 esse
1650 288 1689 307 re-

945 328 1037 357 gnum.
1049 320 1116 350 Saiil
1126 328 1215 350 autem
1226 321 1283 352 vim
1298 322 1427 351 inserebat
1436 321 1488 362 ipsi
1496 329 1527 351 ut
1540 332 1630 352 secum
1643 334 1690 353 ve—

945 364 1024 394 niret.
1039 366 1090 395 Ille
1107 377 1171 396 vero
1191 367 1289 397 noluit.
1303 369 1421 397 Demum
1434 367 1462 397 vi
1476 374 1583 397 coactus
1594 379 1688 398 ascen-

944 411 994 440 dit.
1006 413 1152 452 Posteaque
1169 414 1226 454 ipse
1239 414 1359 451 Samuel,
1375 425 1437 444 cum
1446 414 1570 454 jussisset
1590 415 1688 444 adduci

945 456 1082 496 adipsum
1100 461 1188 498 Agag,
1201 459 1257 488 suis
1274 460 1400 489 manibus
1418 460 1509 499 ipsum
1520 459 1630 489 occidit.
1645 461 1690 490 Ex

944 504 994 533 illo
1015 511 1103 534 autem
1122 512 1240 546 tempore
1254 516 1308 536 non
1325 506 1396 536 vidit
1417 506 1527 536 Saulem
1546 517 1633 545 usque
1654 507 1688 536 ad

944 550 1017 580 diem
1030 551 1124 580 mortis
1137 553 1206 592 ejus,
1220 552 1268 582 sed
1279 553 1388 593 lugebat
1398 552 1499 592 ipsum.
1511 552 1615 582 Deinde
1626 553 1684 582 mit·

122 597 233 626 θανάτου
249 597 344 633 αὐτοῦ,
357 596 416 625 ἀλλ’
431 595 533 625 ἐπένθει
544 595 632 624 αὐτόν.
646 590 715 624 Εἶτα
726 593 890 623 ἀποστέλλε-
906 591 926 616 Ε
944 596 1011 626 titur
1030 598 1141 627 Samuel
1162 609 1178 627 a
1197 599 1272 636 Deo,
1285 606 1316 628 ut
1338 599 1477 638 inungeret
1496 598 1642 636 Davidem,
1663 607 1689 629 et

120 655 165 673 ται
183 643 312 683 Σαμουὴλ
331 642 382 672 ὑπὸ
403 646 450 672 τοῦ
469 643 539 672 Θεοῦ
561 646 654 682 χρῖσαι
672 641 718 671 τὸν
735 640 832 676 Δαυὶδ,
846 640 891 670 καὶ

121 689 202 719 ἐλθὼν
225 689 324 730 ἔχρισε.
355 688 424 718 Τότε
448 687 559 728 συνέσχε
582 690 688 726 πνεῦμα
709 686 821 726 πονηρὸν
846 686 890 715 τὸν

121 735 220 772 Σαοὺλ,
231 736 276 765 καὶ
290 734 438 775 εἰσάγουσιν
450 736 521 774 αὐτῷ
531 733 576 762 τὸν
586 733 679 769 Δαυὶδ,
688 732 760 762 ὥστε
771 732 890 773 ψάλλειν,

121 781 167 811 καὶ
179 781 343 811 καταπαύειν
361 781 391 810 τὸ
410 782 516 819 πνεῦμα
533 779 563 809 τὸ
575 778 701 819 πονηρόν.
717 778 764 811 Ὡς
783 777 810 807 δὲ
827 779 889 807 ἐπε-

120 827 278 868 στράτευσεν
292 829 306 857 ὁ
319 826 425 861 Γολιὰθ,
441 826 486 856 καὶ
499 825 596 859 πάντες
614 824 767 860 ἔξέστησαν,
781 823 890 863 πέμπε-

120 887 165 904 ται
177 875 261 904 Δαυὶδ
278 873 483 914 ἐπισκεψόμενος
502 871 564 905 τοὺς
585 870 712 911 ἀδελφοὺς
730 872 821 900 αὐτοῦ.
838 870 892 900 Καὶ

120 921 211 957 ἐπειδὴ
224 917 301 957 ἦλθεν
319 921 356 953 εἷς
368 919 399 949 τὸ
411 918 604 959 στρατόπεδον,
625 918 712 957 ἐρωτᾷ
725 916 751 946 τί
764 917 839 946 ἔσται
853 918 891 956 τῷ

119 966 300 996 ἀποκτείναντι
319 965 364 995 τὸν
383 964 531 1005 ἀλλόφυλον
550 967 654 993 τοῦτον.
677 964 713 992 Οἱ
726 962 756 991 δὲ
770 958 859 998 εἷπον,
874 965 891 998 ἣ

944 653 1007 672 cum
1016 643 1143 680 venisset,
1151 644 1270 673 inunxit.
1278 645 1356 674 Tunc
1368 644 1500 684 corripuit
1513 645 1622 674 Saiiiem
1631 645 1688 685 spi-

943 689 1013 718 ritus
1029 688 1128 726 malus,
1140 696 1167 719 et
1178 689 1317 719 adducunt
1329 690 1355 719 ei
1368 689 1512 726 Davidem,
1527 690 1574 728 qui
1586 690 1689 730 psalle—

943 741 993 772 ret,
1006 741 1032 764 et
1045 734 1151 765 sedaret
1163 735 1290 776 spiritum
1304 735 1416 764 malum.
1432 736 1471 765 Ut
1485 741 1574 765 autem
1585 736 1688 765 bellum

942 781 1035 811 intulit
1055 782 1176 818 Goliaib,
1189 793 1253 811 cum
1272 792 1363 812 omnes
1377 788 1449 811 metu
1460 782 1579 822 perculsi
1588 790 1687 819 essent,

943 827 1061 857 mittitur
1076 827 1169 858 David
1178 828 1318 858 visitatum
1335 828 1430 856 fratres
1441 838 1503 857 suos
1519 839 1526 856 τ
1542 835 1625 866 utque
1637 839 1689 858 ve-

942 874 983 903 nit
993 874 1028 904 ad
1041 882 1137 911 castra,
1150 881 1341 914 percontantur
1353 874 1420 913 quid
1434 874 1552 904 muneris
1565 875 1687 905 futurum

943 920 978 948 sit
999 920 1023 949 ci
1045 920 1092 959 qui
1111 920 1252 953 occidisset
1270 920 1343 949 hunc
1361 919 1546 959 alienigenam.
1559 921 1605 950 Illi
1625 932 1690 951 vero

943 964 1078 1002 dicebant,
1090 966 1162 995 Filia
1182 966 1253 1006 regis
1272 965 1383 994 dabitur
1392 965 1418 994 ei
1429 965 1458 994 in
1476 976 1599 995 uxorem.
1614 967 1690 997 Adiit

118 1012 236 1052 θυγατὴρ
249 1014 296 1042 τοῦ
309 1011 436 1052 βασιλέως
454 1010 594 1046 δοθήσεται
605 1010 677 1049 αὐτῷ
687 1008 763 1048 γυνή·
775 1009 890 1043 Εἷσῆλθε
897 1027 934 1048 343
943 1011 990 1040 ille
1003 1011 1122 1048 Saulem,
1138 1022 1166 1040 se
1179 1012 1380 1040 interfecturum
1392 1011 1472 1040 illum
1490 1011 1628 1051 pollicitus
1637 1020 1686 1042 est.

118 1059 183 1099 πρὸς
199 1057 245 1087 τὸν
259 1057 364 1093 Σαοὺλ,
378 1056 509 1096 ὓπέσχετο
527 1054 688 1095 ἀναιρήσειν.
703 1053 737 1083 Ὁ
755 1053 783 1083 δὲ
798 1054 889 1089 διηπί-
906 1057 926 1078 A
942 1057 993 1086 Ille
1010 1067 1074 1086 vero
1099 1067 1152 1086 non
1177 1056 1313 1087 credebat.
1339 1058 1456 1086 Demum
1480 1056 1585 1087 dimisit
1607 1059 1689 1088 armis

118 1115 184 1133 στει.
197 1105 223 1133 T
225 1103 281 1136 ε’λος
300 1102 430 1143 ἐξέπεμψε
443 1101 541 1141 γυμνὸν
560 1100 648 1129 ὅπλων
658 1122 666 1136 ,
681 1098 725 1128 διὰ
746 1099 775 1128 τὸ
790 1099 827 1138 μὴ
842 1098 889 1127 δύ-

116 1152 212 1179 νασθαι
235 1149 375 1188 βαστάζειν
394 1147 428 1177 τὰ
450 1147 530 1176 ὅπλα.
552 1145 587 1176 Ὁ
607 1145 634 1175 δὲ
654 1144 726 1174 λίθον
752 1144 891 1177 ἀκοντίσας

118 1195 188 1225 κατὰ
200 1199 246 1225 τοῦ
260 1194 396 1235 μετώπου,
407 1192 567 1232 κατήνεγκεν
582 1190 669 1227 αὐτὸν,
685 1191 730 1221 καὶ
749 1190 797 1227 τὴν
808 1202 890 1231 κεφα-

118 1241 168 1278 λὴν
187 1243 266 1271 αὐτοῦ
286 1239 426 1279 ἀποτεμὼν
439 1242 473 1280 τῇ
495 1238 595 1268 ἐκείνου
620 1236 745 1278 ῥομφαίᾳ,
758 1237 889 1271 ἐπανῆλθε

117 1288 248 1328 λαμπρῶς
268 1286 321 1316 ἀπὸ
336 1288 382 1315 τοῦ
400 1285 530 1325 πολέμου.
546 1283 620 1314 Ἰδὼν
641 1282 668 1312 δὲ
682 1282 761 1312 αὐτὸν
772 1283 786 1311 ὁ
800 1281 890 1311 Ἰωνά-

118 1337 180 1371 θαν,
194 1334 317 1370 συνεδέθη
331 1335 364 1373 τῇ
386 1334 459 1374 ψυχῇ
474 1334 569 1369 αὐτοῦ,
584 1330 629 1360 καὶ
645 1330 705 1360 λίαν
727 1328 805 1358 αὐτὸν
819 1328 889 1367 ἠγά-

117 1393 188 1417 πησε
200 1404 209 1418 ,
230 1380 275 1411 καὶ
295 1382 368 1421 δῶρα
388 1380 496 1410 ἔδωκεν.
518 1377 552 1408 ‘0
575 1377 602 1407 δὲ
623 1375 714 1407 Σαοὺλ
731 1375 889 1415 διεφθονεῖτο

118 1428 200 1468 αὐτῷ,
214 1426 305 1463 ἐπειδὴ
324 1428 351 1456 αἱ
365 1425 521 1466 χορεύουσαι
540 1419 627 1453 εἷπον·
646 1420 781 1455 Ἐπάταξε
799 1419 888 1450 Σαοὺλ

117 1475 146 1503 ἐν
156 1473 275 1514 χιλιάσι,
294 1473 339 1502 καὶ
352 1472 436 1502 Δαυὶδ
449 1473 476 1501 ἐν
490 1471 622 1511 μυριάσιν.
635 1472 646 1486 ““
656 1469 759 1508 Ἐπῆρε
783 1466 814 1496 τὸ
827 1466 888 1506 δόρυ

119 1520 209 1551 Σαοὺλ
230 1520 298 1550 κατὰ
316 1523 363 1550 τοῦ
377 1519 476 1554 Δαυὶὸ,
491 1518 560 1548 ὥστε
583 1517 683 1545 ἀνελεῖν
708 1513 799 1544 αὐτόν·
822 1515 836 1542 ὃ
860 1512 888 1542 δὲ

119 1567 251 1608 ἐξέφυγεν.
275 1566 322 1600 Ὡς
345 1566 372 1595 δὲ
395 1564 532 1603 ηὐδοκίμει
556 1562 629 1602 παρὰ
654 1566 735 1591 πᾶσιν
757 1562 771 1589 ὁ
788 1559 888 1596 Δαυὶδ,

120 1615 220 1653 μᾶλλον
245 1613 368 1642 ἐδάκνετο
392 1613 406 1640 ὃ
433 1610 534 1640 Σαούλ·
563 1609 608 1638 καὶ
634 1607 790 1648 βουλόμενος
810 1605 888 1635 αὐτὸν

70 1662 76 1667 ’
120 1660 266 1696 ἀπολέσαι,
292 1661 443 1698 ὑπισχνεῖτο
466 1656 514 1692 τὴν
541 1654 671 1694 θυγατέρα
689 1654 768 1682 αὐτοῦ
796 1652 889 1681 δώσειν

121 1707 208 1746 αὐτῷ,
223 1707 246 1735 εἷ
266 1704 354 1734 ἀνέλοι
373 1703 468 1743 ἄνδρας
489 1700 581 1731 ἑκατὸν
602 1701 655 1729 τῶν
675 1700 776 1739 ἐχθρῶν
787 1709 793 1716 ·
811 1699 847 1730 ὡς
861 1697 888 1726 δὲ

120 1754 215 1788 ἀνεῖλε,
229 1751 330 1791 γίνεται
342 1748 461 1788 γαμῧρὸς
474 1750 519 1776 τοῦ
532 1745 669 1787 βασιλέως.
679 1743 693 1761 ¹²
705 1743 756 1773 Καὶ
770 1742 887 1782 πολέμου

120 1798 263 1831 συστάντος
287 1797 392 1837 ἑτέρου,
419 1794 497 1825 πάλιν
526 1793 674 1831 εὐδοκιμεῖ·
700 1792 714 1819 ὁ
736 1789 764 1818 δὲ
789 1790 888 1828 μᾶλλον

120 1844 270 1885 ἠγριαίνετο
293 1843 351 1872 κατ’
374 1843 468 1877 αὐτοῦ,
491 1839 536 1869 καὶ
556 1839 662 1868 ἐκλαλεῖ
679 1838 717 1876 τῷ
740 1837 788 1875 υἱῷ
809 1837 888 1865 αὐτοῦ

121 1891 259 1926 Ἰωνάθαν,
280 1889 321 1918 ὅτι
340 1889 440 1917 ἀνελεῖν
463 1886 541 1916 αὐτὸν
564 1884 692 1924 βούλοιτο.
708 1883 742 1912 Ὁ
756 1882 784 1911 δὲ
799 1881 887 1921 ἀπήγ-

118 1938 190 1978 γειλε
204 1938 242 1977 τῷ
255 1935 349 1971 Δαυὶδ,
363 1933 407 1963 καὶ
419 1932 520 1963 κελεύει
533 1931 702 1971 κρύπτεσθαι.
712 1928 759 1962 Ὡς
773 1928 801 1957 δὲ
814 1927 889 1964 ἐξηυ-

121 1983 246 2023 μενίσατο
256 1982 300 2011 τὸν
314 1980 415 2020 πατέρα
426 2001 433 2015 ‚
453 1978 552 2018 εἰσάγει
567 1977 610 2007 τὸν
625 1976 709 2006 Δαυὶδ
724 1975 789 2015 πρὸς
801 1973 888 2003 αὐτόν.

119 2029 244 2068 Πολέμου
267 2040 297 2057 τε
315 2027 394 2057 πάλιν
414 2024 585 2060 ἐπιστάντος,
611 2022 743 2063 ἀριστεύει
760 2024 774 2051 ὁ
788 2020 887 2057 Δαυὶδ,

120 2075 166 2106 καὶ
176 2075 256 2104 πάλιν
276 2073 395 2113 ἐκφεύγει
408 2071 452 2101 τὸν
467 2070 557 2100 Σαοὺλ
571 2068 727 2109 βουλόμενον
742 2067 820 2097 αὐτὸν
832 2078 889 2096 πα-

119 2122 196 2156 τάξαι
209 2123 247 2160 τῷ
261 2120 360 2160 δόρατι.
379 2116 619 2157 Συμὸουλευσάσης
641 2115 712 2154 αὐτῷ
732 2115 780 2149 τῆς
798 2124 889 2153 γυναι-

121 2168 175 2203 κὸς,
186 2167 289 2206 ἀπέδρα
303 2167 409 2195 ἐκεῖθεν.
419 2163 526 2203 Πέμπει
539 2165 553 2192 ὁ
566 2161 656 2192 Σαοὺλ
669 2160 759 2190 λαὸεῖν
775 2159 887 2194 αὖτὸν,ἡ

121 2214 149 2244 δὲ
165 2213 215 2254 ἔφη
238 2211 315 2242 αὐτὸν
337 2212 490 2251 ἆῤῥωστεῖν.
512 2208 560 2242 Ὡς
578 2208 606 2237 δὲ
627 2207 694 2247 ἔγνω
711 2208 725 2236 ὁ
746 2205 835 2236 Σαοὺλ
848 2207 888 2235 ὅτι

121 2259 222 2300 ἔφυγεν,
237 2257 380 2298 ἐγκαλέσας
390 2259 423 2296 τῇ
437 2255 564 2295 θυγατρὶ,
579 2253 624 2283 καὶ
639 2253 727 2292 μαθὼν
745 2252 808 2282 ὅπου
828 2247 859 2287 ἦν
874 2253 889 2280 ὁ

120 2310 219 2345 Δαυὶδ,
234 2307 390 2339 ἀποστέλλει
407 2305 555 2346 ληψόμενος
574 2303 651 2334 αὐτὸν
672 2304 780 2333 ἐκεῖθεν.
800 2301 847 2334 Ὡς
862 2300 889 2330 δὲ

154 2422 165 2435 ⁶
181 2413 266 2447 Ᾰγαθὸν
278 2415 333 2447 ὑπὲρ
358 2414 441 2442 θυσίαν,
453 2410 543 2434 bonum
556 2408 615 2441 plus
626 2415 703 2441 quam
717 2405 880 2440 saci-fficium,

121 2454 226 2480 fortasse
234 2451 330 2483 metius,
339 2458 415 2483 quam
426 2450 451 2473 in
461 2447 529 2473 Edit.
543 2447 666 2477 Romana,
678 2443 721 2469 uhi
732 2444 820 2477 legitur
830 2445 880 2470 ἰδοὺ

121 2498 178 2523 ἀκοὴ
189 2495 245 2526 ὑπὲρ
258 2495 332 2518 θυσίαν
342 2492 436 2522 ἀγαθήν,
447 2487 514 2512 Ecce
524 2485 670 2510 obedientia
682 2492 758 2518 supra
770 2482 877 2508 hostiam

122 2532 221 2561 bonam,
232 2535 276 2555 aut
286 2537 362 2562 supra
373 2525 526 2560 sacrificium
539 2524 638 2549 bonum.

155 2578 165 2590 ¹
183 2571 242 2595 naec
258 2568 290 2594 de
308 2567 380 2592 hasta
397 2567 424 2591 in
439 2563 560 2590 Davidem
579 2571 593 2587 a
609 2561 682 2588 Saule
699 2561 808 2586 immissa
828 2568 880 2585 non

127 2610 250 2635 habentur
258 2607 307 2633 hoc
315 2606 371 2631 loco
379 2606 406 2630 in
414 2603 531 2630 Editione
540 2609 584 2630 τῶν
591 2602 626 2628 0'.
638 2601 737 2635 vulgata
745 2610 750 2615 ·
758 2599 802 2625 sed
813 2599 881 2624 haud

285 2651 358 2669 Tou.
383 2649 413 2668 vl
421 2661 426 2666 .

941 1101 1084 1138 nudatum,
1094 1113 1125 1132 co
1144 1102 1218 1142 quod
1235 1113 1288 1132 non
1304 1109 1394 1143 posset
1409 1113 1484 1132 arma
1499 1110 1612 1141 gestare.
1633 1106 1689 1134 Da-

940 1147 989 1178 vid
1012 1148 1108 1178 emisso
1135 1148 1226 1189 lapide
1244 1148 1274 1178 in
1302 1149 1416 1178 frontem
1440 1149 1517 1188 εἰπε,
1542 1151 1690 1188 prostravit

941 1194 1076 1234 ipsum,et
1083 1194 1169 1235 ipsius
1178 1194 1269 1234 gladio
1280 1201 1361 1234 caput
1371 1194 1430 1234 ejus
1439 1201 1591 1235 amputans,
1599 1196 1690 1236 splen-

940 1239 1021 1270 didus
1042 1251 1078 1271 ex
1095 1241 1187 1282 praelio
1206 1240 1297 1270 rediit.
1323 1240 1377 1270 Illo
1397 1248 1539 1281 conspecto
1555 1242 1689 1272 Jonathan

940 1287 1029 1317 animo
1043 1287 1093 1328 ipsi
1108 1287 1250 1327 colligatus
1263 1293 1303 1316 est
1314 1299 1323 1316 =
1338 1286 1538 1327 admodumque
1550 1287 1630 1318 illum
1643 1289 1689 1318 di-

940 1333 1051 1373 ligebat,
1065 1333 1189 1372 donaque
1202 1332 1256 1373 ipsi
1277 1332 1387 1362 obtulit.
1412 1333 1479 1363 Saiil
1496 1344 1561 1363 vero
1579 1334 1689 1364 invide-

939 1379 986 1409 bat
994 1379 1070 1417 ei‚eo
1081 1379 1154 1418 quod
1164 1379 1274 1409 choreas
1285 1378 1415 1418 agitantes
1426 1379 1524 1418 puellae
1537 1379 1685 1410 dixissent:

939 1425 1169 1455 Percussitsaizl
1183 1426 1214 1454 in
1226 1425 1369 1462 millibus,
1386 1432 1413 1454 et
1431 1426 1532 1455 David
1543 1427 1576 1454 in
1589 1426 1687 1455 decem
1701 1446 1720 1461 1,
1731 1439 1787 1468 ſtre,
1802 1440 1836 1463 13,

941 1471 1080 1501 millibus.
1103 1471 1212 1501 Extulit
1231 1471 1297 1501 Saiil
1315 1470 1419 1500 hastam
1442 1478 1533 1501 contra
1554 1471 1686 1502 Davidem
1698 1477 1719 1499 7-

941 1523 972 1546 ut
992 1517 1124 1546 occideret
1143 1527 1206 1546 eum
1222 1529 1227 1545 :
1245 1516 1293 1546 ille
1306 1526 1370 1547 vero
1388 1516 1501 1556 aufugit.
1515 1518 1585 1546 Cum
1598 1524 1687 1547 autem

905 1558 921 1581 B
941 1562 1032 1591 David
1047 1563 1138 1592 clarus
1157 1562 1337 1600 omnibusque
1358 1562 1488 1601 probatus
1507 1569 1586 1599 esset,
1601 1563 1687 1602 magis

940 1609 1114 1639 mordebatur
1131 1609 1218 1645 Saii13
1232 1619 1348 1647 cumque
1365 1608 1454 1648 ipsum
1467 1608 1583 1648 perdere
1593 1610 1685 1645 vellet,

940 1655 1078 1694 pollicitus
1092 1662 1132 1684 est
1144 1654 1169 1684 ei
1182 1654 1267 1683 filiam
1289 1664 1377 1690 suam,
1391 1654 1414 1683 si
1427 1664 1463 1683 ex
1482 1654 1606 1684 hostibus
1625 1666 1687 1685 cen-

940 1705 997 1729 tum
1012 1700 1143 1729 occideret
1160 1711 1166 1728 :
1182 1710 1244 1729 eum
1258 1706 1347 1728 autem
1359 1699 1510 1737 occidisset,
1522 1709 1603 1738 gener
1617 1702 1687 1740 regis

939 1746 1067 1775 efficitur.
1082 1745 1200 1784 Alioque
1215 1745 1330 1774 instante
1351 1745 1425 1774 hello
1438 1756 1548 1774 rursum
1561 1747 1688 1786 praeclare

939 1802 968 1821 se
984 1792 1066 1832 gessit
1080 1803 1087 1819 :
1102 1792 1169 1822 Saiil
1192 1801 1257 1821 vero
1278 1791 1364 1820 multo
1378 1792 1464 1830 magis
1478 1793 1687 1832 exasperabatur

940 1837 967 1867 in
981 1838 1072 1875 illum,
1086 1837 1204 1876 dicitque
1215 1837 1275 1866 filio
1289 1847 1339 1866 suo
1351 1837 1497 1874 Jonaffian,
1512 1847 1541 1867 se
1552 1838 1631 1867 illum
1642 1838 1685 1867 iu-

940 1885 1060 1914 terflcere
1073 1884 1153 1915 velle.
1171 1884 1222 1914 Ille
1232 1894 1297 1914 vero
1310 1883 1411 1913 Davidi
1424 1894 1481 1913 rem
1493 1885 1607 1924 aperuit,
1618 1896 1686 1924 pras·

939 1931 1062 1971 cepitque
1079 1937 1109 1960 ut
1122 1930 1225 1960 lateret.
1239 1929 1297 1960 Ubi
1314 1940 1378 1959 vero
1397 1936 1499 1971 patrem
1519 1930 1683 1970 placaverat,

938 1977 1071 2007 Davidem
1083 1976 1119 2006 ad
1139 1976 1229 2017 ipsum
1245 1975 1366 2006 adducit.
1383 1976 1460 2005 Bello
1482 1982 1571 2005 autem
1592 1987 1686 2007 rursus

902 2020 921 2044 C
940 2024 1066 2059 instante,
1079 2029 1188 2052 strenue
1206 2032 1234 2051 se
1258 2021 1339 2060 gessit
1357 2020 1464 2056 David,
1486 2032 1648 2060 rursumque
1670 2034 1686 2051 a

939 2069 1020 2098 Saiile
1032 2068 1137 2107 aufugit
1146 2068 1253 2097 volente
1265 2078 1326 2096 eum
1337 2066 1428 2095 lancea
1439 2066 1590 2096 confodere.
1605 2068 1684 2098 Uxo-

940 2115 979 2144 ris
999 2114 1112 2144 consilio
1131 2113 1209 2143 illinc
1228 2113 1344 2152 aufugit.
1357 2112 1443 2142 Mittit
1464 2113 1530 2143 Saiil
1546 2113 1592 2151 qui
1606 2113 1686 2143 illum

941 2159 1216 2200 comprehenderent;
1231 2158 1375 2199 xespondet
1396 2158 1445 2187 illa
1466 2165 1594 2197 aegrotum
1616 2170 1683 2189 esse.

940 2207 1006 2238 Saiil
1026 2206 1106 2235 illum
1127 2205 1267 2245 aufugisse
1291 2215 1402 2244 gnarus,
1417 2204 1503 2233 filiam
1522 2204 1661 2245 redarguit
1677 2218 1683 2233 :

940 2261 1019 2293 atque
1035 2263 1098 2282 cum
1120 2251 1293 2292 comperisset
1305 2251 1417 2280 ubinam
1430 2258 1499 2280 esset
1512 2251 1613 2286 David,
1626 2251 1686 2280 mit·

940 2300 975 2330 tit
985 2298 1034 2339 qui
1056 2298 1136 2328 illum
1157 2304 1265 2338 captum
1285 2295 1457 2326 adducerent.
1475 2297 1545 2326 Cum
1563 2303 1653 2325 autem
1666 2297 1686 2325 ii

931 2402 1045 2429 dublein
1059 2401 1193 2434 exemplari
1211 2399 1387 2434 chrysostomi
1404 2406 1435 2423 ex
1446 2396 1563 2422 Editioue
1581 2404 1627 2424 τῶν
1649 2400 1683 2424 0¹,

929 2441 1057 2474 bexaplari
1066 2440 1185 2474 adjuncta
1196 2439 1304 2470 fuerant,
1317 2444 1345 2462 ut
1356 2437 1404 2462 alia
1416 2436 1504 2461 multa.

959 2483 974 2502 b
991 2483 1050 2507 Haec
1064 2479 1186 2509 similiter,
1199 2482 1236 2504 καὶ
1255 2481 1356 2510 πολέμου
1375 2479 1493 2504 συστάντος
1510 2476 1598 2509 ἐτέρου,
1621 2480 1688 2503 παλιν

928 2524 1050 2554 εὐδοκιμεῖ,
1063 2518 1154 2544 omissa
1168 2522 1225 2542 suut
1235 2518 1261 2541 in
1277 2515 1394 2540 Editione
1409 2520 1454 2540 τῶν
1470 2513 1505 2539 ο’.
1519 2512 1627 2547 vulguri3
1643 2515 1685 2541 sed

930 2562 956 2586 in
969 2558 1099 2592 hexaplari
1111 2555 1264 2590 legebantur.

1492 2633 1528 2660 27
