1890 2826
511 188 545 212 IN
562 187 687 220 utun,
709 187 790 212 vmt
812 185 983 218 DOMINUM,
1008 185 1127 210 nomn.
1159 186 1208 210 1v.

1577 171 1642 218 145

81 250 150 281 ἀλλὰ
162 250 211 286 τὴν
224 249 369 280 ἀκόλαστον
387 248 505 288 γνώμην.
519 249 574 278 Καὶ
587 249 620 278 σὺ
628 271 636 285 ,
645 248 689 278 ἵνα
702 248 788 288 λᾶὅῃς
802 250 857 283 θη--
903 246 1004 286 cogitas
1017 246 1248 286 sudorem,cogita
1258 245 1339 276 simul
1353 253 1379 276 et
1390 246 1538 276 mercedem
1549 253 1574 276 et
1581 257 1645 287 prae·

81 297 176 337 σαυρὸν
189 297 317 331 ἀνελλιπῆ
330 318 339 332 ,
358 294 403 324 καὶ
417 294 547 334 φυτεύσῃς
562 295 680 334 ἄμπελον
693 296 720 324 ἐν
734 295 768 333 τῇ
777 295 852 334 ψυχῇ

81 354 127 372 σου
138 364 147 380 ,
162 343 210 372 οὐκ
224 340 305 381 ἀνέχῃ
320 340 471 380 καύματος,
488 340 547 370 οὐδὲ
567 341 690 380 ἱδρῶτος,
717 341 779 380 Οὐχ
791 341 853 379 ὁρᾷς

904 293 1001 323 mium.
1018 294 1127 323 Etenim
1141 294 1262 323 urinator
1272 293 1376 323 nullam
1393 293 1474 322 aliam
1491 293 1525 322 ab
1539 303 1646 323 causam

905 339 987 368 audet
999 340 1118 379 seipsum
1130 340 1157 369 in
1171 339 1337 380 profundum
1348 349 1479 378 aquarum
1495 338 1645 377 demittere,

79 387 139 421 τοὺς
150 388 178 416 ἐν
192 386 292 427 θεάτρῳ
311 385 488 425 καθημένους,
511 387 567 419 πῶς
579 387 687 425 ἱδρῶσι,
707 385 753 415 καὶ
765 387 852 424 γυμνῇ
869 390 888 414 Ε
906 395 986 424 quam
995 385 1647 426 proptermargaritas,bellorumeausam.Quam-

78 434 112 472 τῇ
127 433 230 472 κεφαλῇ
244 432 293 468 τὴν
307 433 402 461 ἀκτῖνα
413 431 552 471 δέχονται,
573 431 616 461 ἵνα
630 430 758 470 γένωνται
778 430 855 460 θανά-

78 489 124 507 του
148 477 330 518 αἰχμάλωτοι,
354 477 397 506 ἴνα
408 476 509 517 πόρνης
523 478 629 514 δοῦλοι;
658 478 706 510 Εἷς
720 476 854 506 ἀπώλειαν

906 442 986 470 quam
997 441 1049 460 non
1059 432 1195 461 materiam
1205 431 1428 472 reprehendo‚sed
1438 438 1552 460 mentem
1559 431 1649 460 intem-

907 484 1054 517 perantem.
1071 478 1108 507 Et
1126 485 1168 514 tu,
1183 485 1213 507 ut
1231 477 1345 518 accipias
1362 477 1519 507 thesaurum
1536 477 1649 506 deficere

79 525 173 554 ἐκεῖνοι
182 523 322 563 κάμνουσι,
333 523 378 553 καὶ
389 522 420 552 σὺ
433 525 470 556 εἷς
480 523 613 563 σωτηρίαν
623 522 719 562 ἐκλύῃ;
739 524 754 539 *
763 523 854 559 Ἀθλη-
862 538 898 558 nu
908 522 1037 559 nescium,
1051 523 1207 563 plautesque
1218 523 1300 553 vitem
1310 523 1338 552 in
1351 522 1439 552 anima
1452 529 1510 559 tua,
1524 532 1578 552 uon
1590 533 1649 552 sus-

79 571 128 606 τὴς
140 565 180 605 εἷ,
193 569 239 598 καὶ
250 568 424 608 στρατιώτης.
443 567 492 602 Τίς
504 565 548 598 οὖν
563 570 633 598 ἐστιν
647 571 662 598 ὁ
684 568 775 602 Ὀζίας
784 570 855 597 ἐκεῑ-
871 567 892 590 Α
907 568 975 597 tinffi
984 576 1078 598 aestum
1089 579 1175 608 neque
1194 568 1410 600 sudoremfflon
1431 568 1507 599 vides
1527 567 1591 598 istos
1602 568 1650 607 qui

80 627 138 652 νος,
157 615 202 644 καὶ
217 614 260 644 διὰ
279 614 306 644 τί
325 614 374 650 τὴν
398 614 522 650 τελευτὴν
550 615 630 644 αὐτοῦ
647 614 748 649 ταύτην
762 609 855 650 εἶπεν,

80 657 166 694 Οἶτος
179 663 194 690 ὁ
207 660 297 695 Ὀζίας
311 659 435 700 βασιλεὺς
454 656 501 696 ἦν,
521 660 566 689 καὶ
591 659 658 700 ἀνὴρ
672 660 783 696 δίκαιος,
811 659 856 689 καὶ

80 708 187 740 πολλοῖς
198 708 287 746 κομῶν
302 711 355 740 τοῖς
369 706 584 746 κατορθώμασιν·
599 707 658 735 ἀλλ’
674 705 782 746 ὕστερόν
791 717 856 735 ποτε

81 754 118 787 εἷς
133 752 257 782 ἀπόνοιαν
277 748 355 788 ἦλθεν
365 775 374 788 ,
398 753 435 785 εἰς
449 752 573 781 ἀπόνοιαν
583 773 591 787 ,
616 751 665 787 τὴν
681 751 784 791 μητέρα
803 753 856 781 τῶν

83 802 186 835 κακῶν,
197 801 234 833 εἰς
253 799 422 833 ’ἀλαζονείαν
432 821 439 834 ,
455 798 503 835 τὴν
519 798 636 838 θορύὸων
650 798 782 838 γέμουσαν
791 820 800 834 ,
821 800 857 831 εἷς

85 845 264 885 ὑπερηφανίαν
275 867 283 882 ,
297 844 346 880 τὴν
355 844 489 874 ἀπώλειαν
506 847 552 873 τοῦ
563 844 696 874 διαὸόλου.
709 843 793 874 Οὐδὲν
806 843 857 884 γὰρ

83 891 207 925 ἀπονοίας
219 896 308 931 χεῖρον
317 902 323 909 ·
339 890 382 920 διὰ
397 893 475 920 τοῦτο
488 890 534 920 καὶ
550 890 594 919 τὸν
612 890 689 930 λόγον
704 890 810 920 ἅπαντα
823 892 859 923 εἷς

83 940 162 966 τοῦτο
171 936 396 975 κατηναλώσαμεν
406 936 481 976 χθὲς,
497 936 545 972 τὴν
560 935 687 968 ἀπόνοιαν
701 939 859 976 καθαιροῦν-

85 994 128 1016 τες
137 1003 147 1018 ,
157 982 202 1012 καὶ
212 982 453 1023 ταπεινοφροσύνην
464 982 638 1015 διδάσκοντες.

130 1266 208 1295 Εἴπω
227 1277 287 1300 σοι,
298 1265 380 1294 πόσον
394 1265 491 1304 ἀγαθὸν
505 1263 738 1304 ταπεινοφροσύνῃ,
751 1263 796 1293 καὶ
810 1263 861 1293 πό-

90 1323 136 1341 σον
148 1311 228 1340 κακὸν
247 1311 374 1347 ἀπόνοια;
389 1311 556 1351 Ἁμαρτωλὸς
579 1310 678 1340 δίκαιον
695 1309 825 1347 ἐνίκησεν,
848 1312 861 1339 ὁ
876 1314 894 1337 Β

89 1357 206 1393 τελώνης
221 1356 266 1386 τὸν
279 1358 427 1397 Φαρισαῖον
436 1379 445 1393 ,
459 1356 504 1386 καὶ
522 1356 629 1396 ῥήματα
644 1356 726 1396 ἔργων
740 1356 860 1396 περιεγέ-

91 1415 173 1433 νοντο.
194 1404 257 1436 Πῶς
280 1403 405 1443 ῥήματα;
429 1402 464 1433 Ὁ
486 1402 599 1438 τελώνης
618 1402 707 1442 λέγει·
733 1402 767 1432 Ὁ
786 1403 859 1440 θεὸς,

89 1450 212 1486 ἱλάσθητί
237 1461 283 1488 μοι
303 1451 342 1490 τῷ
361 1450 522 1489 ἁμαρτωλῷ.
546 1448 580 1479 Ὀ
603 1450 751 1489 Φαρισαῖος
771 1449 860 1488 λέγει·

89 1496 151 1524 Οὔκ,
161 1495 217 1534 εἰμὶ
226 1497 261 1529 ὥς
273 1496 297 1524 οἱ
306 1495 394 1524 λοιποὶ
403 1497 455 1524 τῶν
470 1495 622 1535 ἀνθρώπων,
635 1494 738 1535 ἅρπαξ,
752 1495 860 1530 ἢπλεο-

89 1540 192 1577 νέκτης.
206 1541 286 1571 Ἀλλὰ
310 1541 358 1577 τί;
384 1541 513 1577 Νηστεύω
537 1540 598 1574 Ι’δὶς
619 1543 667 1577 τῆς
694 1541 838 1580 ἑὸδομάδος
850 1563 858 1578 ,

90 1588 245 1617 ἀποδεκατῶ
267 1599 317 1626 μου
335 1587 369 1616 τὰ
388 1587 551 1628 ὑπάρχοντα.
573 1588 608 1617 ‘O
622 1589 770 1627 Φαρισαῖος
796 1587 860 1627 ἔργα

90 1632 170 1666 ἔδειξε
204 1632 387 1668 δικαιοσύνης·
410 1635 425 1662 ὁ
451 1633 567 1670 τελώνης
592 1633 700 1673 ῥήματα
725 1629 783 1662 εἷπε
809 1645 860 1662 τα-

90 1678 309 1718 πεινοφροσύνης,
328 1678 374 1707 καὶ
396 1678 471 1718 λόγοι
491 1678 574 1718 ἔργων
594 1679 791 1719 περιεγένοντο,
814 1680 860 1709 καὶ

89 1725 104 1753 ὁ
124 1726 245 1756 τοσοῦτος
266 1724 394 1763 θησαυρὸς
426 1724 570 1764 ἐξεφυσήθη
590 1748 598 1759 ,
626 1725 672 1754 καὶ
698 1728 716 1760 ἡ
743 1725 859 1761 τοσαύτη

90 1768 168 1798 πενία
188 1770 226 1802 εἷς
250 1770 364 1798 πλοῦτον
390 1769 549 1808 μετεὸλήθη.
582 1765 683 1799 ’Ἦλθον
710 1770 756 1800 δύο
778 1772 859 1800 πλοῖα

90 1815 185 1855 ἔχοντα
208 1815 307 1854 γόμον·
327 1816 448 1851 εἰσῆλθον
463 1815 598 1856 ἀμφότερα
623 1818 659 1849 εἷς
681 1816 726 1846 τὸν
747 1817 860 1856 λιμένα’

908 613 1000 644 sedent
1013 614 1040 643 iu
1054 614 1169 652 theatro,
1182 615 1317 654 quomodo
1337 615 1442 651 sudent,
1456 613 1583 653 nudoque
1602 626 1651 644 ca-

907 660 963 700 pite
982 661 1048 690 solis
1069 660 1177 690 radium
1201 661 1349 701 excipiant,
1369 671 1423 699 quo
1451 661 1517 690 fiant
1550 661 1650 701 captivi

908 707 1012 742 mortis,
1020 717 1074 745 quo
1087 706 1168 736 scorti
1179 707 1334 747 mancipia?
1346 707 1389 736 Ad
1399 706 1512 737 exitium
1523 708 1565 737 illi
1579 708 1651 737 labo-

907 760 978 790 rant,
992 759 1018 782 et
1043 760 1071 782 tu
1094 753 1129 782 ad
1150 753 1262 782 salutem
1285 753 1374 793 segnis
1398 764 1429 783 ac
1452 754 1579 784 remissus
1604 754 1650 783 es?

907 799 1015 828 Athleta
1028 809 1067 836 es,
1082 799 1159 828 miles
1171 810 1210 828 es.
1224 799 1293 836 Quis
1311 799 1396 839 igitur
1408 807 1447 829 est
1461 800 1508 830 illc
1523 801 1612 837 Ozias,
1626 807 1652 830 et

908 856 990 884 quam
1009 845 1044 874 ob
1065 856 1172 874 causam
1194 853 1307 875 mortem
1329 846 1398 875 hanc
1420 847 1496 876 illius
1522 848 1652 887 expressit

914 892 1065 932 propheta?
1077 892 1129 922 Hic
1141 892 1220 922 Ozias
1234 903 1283 922 rex
1294 900 1359 926 erat,
1375 904 1406 923 ac
1419 893 1462 923 vir
1469 895 1569 933 justus,
1582 894 1652 923 mul-

908 937 942 967 tis
954 938 1052 967 florens
1064 938 1177 977 egregiis
1190 938 1280 968 sactis:
1294 949 1387 968 verum
1397 946 1486 979 postea
1501 939 1607 969 tandem
1617 940 1652 970 da

911 983 1064 1023 superbiam
1078 984 1204 1021 venit,ad
1217 984 1381 1024 superbiam,
1390 985 1511 1024 inquam,
1518 987 1651 1017 malornm
1696 1009 1803 1038 Superbia

910 1036 1034 1066 matrem,
1048 1029 1083 1058 ad
1100 1030 1279 1068 arrogantiam
1297 1031 1460 1061 tumultibus
1481 1032 1597 1072 plenam,
1617 1033 1652 1063 da
1696 1045 1803 1069 quantum

910 1076 1118 1114 elationem,qua
1128 1075 1254 1105 diabolus
1262 1076 1289 1104 in
1302 1076 1416 1106 exitium
1427 1079 1653 1109 ruit.Nihilenim
1662 1072 1754 1094 malum.

911 1121 1061 1161 arrogantia
1069 1122 1147 1162 pejus
1158 1134 1164 1150 :
1175 1121 1235 1151 ideo
1245 1128 1332 1151 totum
1338 1133 1487 1153 sermonem
1498 1124 1526 1153 in
1535 1124 1587 1155 hoc
1594 1125 1654 1155 heri

912 1167 1118 1204 consumsimuS,
1133 1164 1284 1208 superbiam
1293 1168 1470 1208 eliminantes,
1486 1177 1510 1200 et
1518 1166 1654 1202 humilita-

912 1221 966 1244 tem
976 1214 1111 1244 docentes.

951 1261 982 1289 4.
1005 1260 1057 1291 Vis
1070 1260 1120 1290 tibi
1133 1259 1221 1290 dicam
1232 1268 1363 1300 quantum
1377 1262 1479 1292 bonum
1493 1263 1528 1293 sit
1541 1264 1655 1294 humili-

911 1312 962 1343 tas,
975 1312 1001 1335 et
1018 1313 1148 1345 quantum
1163 1307 1265 1336 malum
1287 1309 1437 1348 arrogantia
1449 1308 1462 1337 ἶ)
1473 1310 1597 1339 Peccator
1606 1322 1617 1350 J
1623 1321 1657 1339 u-

911 1359 983 1382 stum
1003 1352 1152 1392 superavit,
1167 1353 1330 1393 publicanus
1343 1354 1518 1392 pharisaeum,
1534 1363 1560 1385 et
1573 1356 1656 1386 verba

910 1398 987 1428 factis
1000 1399 1074 1428 fuere
1096 1399 1246 1438 superiora.
1258 1400 1401 1436 Quomodo
1414 1402 1517 1432 verba?
1527 1403 1656 1432 Publica-

911 1455 962 1474 nus
975 1444 1041 1474 dicit
1055 1457 1063 1473 :
1079 1445 1170 1482 Deus,
1182 1447 1324 1485 propitius
1335 1453 1395 1476 esto
1409 1450 1482 1480 mihi
1494 1451 1653 1488 peccatori.
1665 1465 1720 1486 Luc.
1744 1463 1780 1486 13,

910 1491 1061 1520 Pharis-‘eus
1080 1490 1168 1520 dicit:
1183 1492 1253 1521 Non
1271 1503 1336 1523 sum
1356 1495 1431 1524 sicut
1444 1497 1540 1525 coeten'
1559 1498 1654 1526 homi·
1669 1496 1704 1518 ’3-
1721 1502 1756 1517 ¹¹·
1771 1502 1807 1519 ¹2·

911 1548 973 1575 nes,
998 1544 1100 1578 raptor,
1122 1545 1168 1567 aut
1189 1549 1296 1568 avarus.
1311 1538 1364 1570 Sed
1386 1541 1474 1580 quid?
1488 1543 1598 1582 Jejuno
1612 1546 1656 1573 bis

910 1586 942 1612 in
955 1586 1089 1620 sabbato,
1104 1585 1232 1615 decimas
1253 1586 1291 1615 do
1306 1587 1343 1615 de
1346 1588 1550 1628 facultatibus
1572 1593 1655 1621 meis.

910 1630 1060 1661 Pharisaeus
1083 1642 1163 1671 opera
1180 1632 1292 1672 justitiae
1315 1634 1457 1672 praestabat
1472 1646 1480 1664 ε
1495 1635 1655 1675 publicanus

909 1677 991 1706 verba
1014 1678 1119 1707 dicebat
1140 1678 1311 1716 humilitatis,
1333 1687 1359 1709 et
1375 1681 1457 1710 verba
1475 1682 1538 1722 plus
1554 1691 1654 1723 potue-

899 1729 973 1753 ⁴runt
987 1734 1067 1761 quam
1085 1724 1164 1760 facta,
1179 1730 1321 1763 tantusque
1341 1726 1483 1757 thesaurus
1497 1729 1655 1760 exsufflatus

910 1775 960 1804 est,
975 1775 1000 1798 et
1014 1776 1085 1799 tanta
1096 1770 1186 1809 inopia
1200 1771 1228 1799 in
1252 1770 1361 1801 divitias
1375 1780 1546 1803 commutata.
1563 1777 1653 1806 Vene-

910 1822 973 1844 runt
985 1814 1046 1844 duae
1060 1826 1141 1845 naves
1147 1815 1274 1845 habentes
1286 1827 1353 1846 onus
1365 1830 1372 1854 ;
1387 1819 1472 1848 ambae
1486 1827 1594 1859 portum
1606 1822 1652 1852 in-

92 1861 150 1890 ἀλλ’
164 1863 179 1890 ὁ
192 1860 308 1896 τελώνης
320 1863 408 1894 καλῶς
422 1863 460 1901 τῷ
473 1861 562 1900 λιμένι
583 1862 789 1902 προσωρμίσθη,
803 1866 817 1893 ὁ
832 1863 859 1893 δὲ
874 1862 893 1886 C
911 1871 1006 1901 gressae
1025 1868 1088 1891 sunt
1093 1873 1102 1899 ;
1115 1861 1163 1891 sed
1180 1862 1342 1902 publicanus
1357 1864 1470 1904 pulchre
1495 1866 1524 1895 in
1541 1874 1651 1907 portum
1692 1886 1718 1907 1n
1736 1891 1803 1914 pom,

90 1908 237 1947 Φαρισαῖος
248 1906 371 1946 ναυάγιον
378 1906 516 1946 ὑπέμεινεν
525 1929 533 1942 ,
554 1907 597 1937 ἵνα
613 1908 699 1948 μάθῃς
713 1909 793 1939 πόσον
813 1921 860 1939 κα-

90 1952 135 1982 κὸν
147 1955 166 1989 ἡ
179 1953 299 1983 ἀπόνοια.
314 1952 421 1987 Δίκαιος
438 1948 475 1992 εἷς
491 1953 538 1989 Μὴ
551 1953 717 1994 ταπεινώσῃς
725 1954 770 1984 τὸν
780 1956 860 1984 ἀδελ-

90 1998 138 2039 φόν
149 2010 207 2028 σου.
220 2000 312 2039 Κομᾷς
321 1998 508 2039 κατορθώμασι
513 2011 521 2035 ;
535 1999 582 2036 Μὴ
595 2000 724 2040 ὀνειδίσῃς
734 2003 771 2041 τῷ
785 2002 858 2037 πλη-

90 2044 159 2080 σίον,
169 2045 214 2074 καὶ
225 2044 360 2084 ὓποτέμῃς
372 2056 418 2075 σου
428 2045 458 2074 τὸ
475 2045 613 2085 ἐγκώμιον.
627 2046 713 2076 Ὅσον
728 2046 809 2086 μέγας
819 2043 857 2084 εἴ,

90 2093 212 2120 τοσοῦτον
229 2091 353 2120 ταπείνου
373 2091 477 2121 σαυτόν.
497 2091 549 2121 Καὶ
565 2092 680 2132 πρόσεχε
699 2094 757 2131 μετ’
783 2095 859 2133 ἀκρι-

91 2135 163 2169 ὅείας
181 2138 220 2176 τῷ
236 2136 306 2176 λόγῳ
316 2159 324 2172 ,
349 2137 477 2176 ἀγαπητέ.
496 2138 605 2167 Μᾶλλον
621 2140 635 2167 ὁ
651 2138 749 2172 δίκαιος
760 2139 858 2179 ὀφείλει

91 2181 283 2220 φοὸεῑσθαιτὴν
301 2182 443 2219 ἀπόνοιαν,
463 2182 481 2218 ἢ
495 2185 509 2212 ὁ
521 2184 692 2223 ἁμαρτωλός·
715 2187 792 2214 τοῦτο
814 2185 859 2214 καὶ

92 2225 153 2265 χθὲς
161 2221 232 2256 εἷπον
241 2248 249 2262 ,
272 2228 317 2257 καὶ
331 2227 446 2267 τήμερον
459 2229 528 2268 λέγω
539 2229 582 2259 διὰ
595 2229 656 2263 τοὺς
673 2230 735 2270 χθὲς
753 2232 858 2260 ἀπολει-

93 2272 201 2312 φθέντας
209 2284 216 2291 ·
230 2272 296 2303 διότι
308 2275 323 2302 ὁ
331 2274 486 2314 ἁμαρωλὸς
497 2275 552 2315 ἔχει
561 2274 591 2304 τὸ
606 2276 722 2310 συνειδὸς
735 2279 746 2292 ⁶
755 2276 856 2317 ἀνάγκῃ

125 2350 139 2363 ¹*
155 2346 261 2381 Ᾰθλητὴς
277 2353 298 2377 εἶ
314 2354 352 2378 καὶ
370 2358 517 2388 στρατιώτης,
539 2353 640 2378 Ahleta
661 2363 699 2385 es,
718 2354 789 2379 miles
808 2364 842 2380 es.

44 2413 56 2417 ,
92 2389 152 2415 Post
162 2389 215 2414 baec
227 2389 304 2416 verba
316 2390 368 2415 boec
379 2390 466 2424 adjicit
473 2392 591 2418 Erasmus
602 2394 628 2418 in
640 2393 846 2426 interpretatione

910 1908 1025 1948 appulit,
1041 1908 1191 1938 Pharisaeus
1210 1915 1300 1939 autem
1318 1911 1489 1950 naufragium
1509 1923 1651 1954 perpessus
1675 1949 1679 1953 ,

911 1961 959 1991 est,
969 1961 1000 1983 ut
1018 1954 1145 1991 discerem
1162 1963 1292 1994 quantum
1314 1956 1379 1985 mali
1401 1957 1436 1987 sit
1454 1958 1536 1988 animi
1549 1967 1649 1990 tumor.
1660 1955 1729 1977 ἕψω·

909 2001 927 2030 J
930 2007 1004 2030 ustus
1016 2001 1063 2030 es?
1075 2001 1114 2030 Ne
1125 2000 1261 2041 deprimas
1273 2002 1382 2032 fratrem
1396 2010 1485 2034 tuum.
1501 2005 1595 2035 Flores
1607 2017 1652 2036 re-

910 2053 951 2076 cte
968 2046 1064 2077 sactis?
1077 2048 1118 2077 Ne
1135 2047 1234 2087 probra
1253 2047 1336 2087 jacias
1354 2048 1380 2078 in
1396 2050 1563 2090 proximum,
1576 2059 1652 2083 tuas-

910 2103 962 2132 que
984 2092 1077 2123 laudes
1103 2093 1258 2133 comprime.
1277 2095 1385 2131 Quanto
1411 2097 1496 2137 major
1519 2109 1558 2134 es,
1579 2106 1652 2130 tanto

910 2140 995 2179 magis
1005 2139 1126 2179 deprime
1134 2140 1258 2180 teipsum.
1269 2141 1383 2171 Attende
1396 2143 1471 2181 quod
1484 2143 1594 2179 dicitur,
1605 2156 1651 2175 ca-

910 2185 1022 2215 rissime.
1036 2185 1125 2225 Magis
1134 2186 1224 2225 justus
1239 2194 1355 2216 metuere
1366 2187 1445 2217 debet
1457 2191 1650 2228 arrrogantiam

910 2241 991 2269 quam
1003 2237 1123 2271 peccator
1141 2242 1147 2259 ε
1163 2231 1214 2261 hoc
1225 2232 1283 2261 heri
1303 2232 1435 2270 dicebam,
1453 2241 1479 2264 et
1491 2235 1572 2265 hodie
1589 2236 1652 2266 dico

910 2283 1019 2318 propter
1026 2287 1071 2307 eos
1086 2276 1134 2314 qui
1147 2277 1206 2306 heri
1214 2277 1333 2316 aberant,
1343 2290 1374 2309 eo
1385 2280 1459 2318 quod
1468 2289 1590 2320 peccator
1603 2283 1651 2312 ha-

1714 1917 1804 1939 naufra-

894 2363 954 2381 sona
959 2374 965 2379 .

925 2403 936 2415 ⁸
954 2395 1010 2420 Duo
1028 2397 1160 2426 ἀλαζονείαν
1175 2401 1220 2421 τῶν
1239 2398 1324 2431 θορύςῳ
1342 2399 1469 2423 νοσούντων.
1488 2397 1557 2422 Unus
1576 2398 1652 2424 habet

91 2428 192 2458 Latina,
204 2437 258 2461 quae
274 2429 299 2453 in
313 2428 382 2454 nullo
393 2429 529 2463 exemplari
543 2431 640 2461 Graeco,
650 2437 704 2456 tum
715 2432 783 2457 edito
794 2438 846 2458 tum
896 2438 935 2460 τὸν
945 2437 1036 2469 θόρυὸον
1045 2436 1172 2460 νοσούντων-

93 2466 264 2500 manuscripto
277 2466 407 2500 habentur,
421 2477 453 2493 ne
466 2470 544 2503 igitur
553 2469 679 2494 laboribus
690 2470 845 2505 defatigeris,

93 2506 139 2530 sed
155 2505 218 2530 bono
236 2507 321 2530 animo
338 2508 476 2531 certamina
488 2507 576 2534 colera.
590 2509 680 2534 Nescio
693 2514 775 2534 utrum
793 2510 846 2535 haec

91 2543 133 2570 isse
147 2545 172 2569 in
183 2545 316 2578 exemplari
328 2554 372 2571 suo
381 2546 470 2572 Graeco
481 2546 583 2580 legerit,
593 2556 626 2572 an
638 2556 698 2574 vero
709 2549 760 2581 ipse
777 2548 845 2583 adje-

90 2584 156 2608 cerit
167 2585 362 2618 interpretando.
374 2585 409 2610 Ut
421 2591 448 2610 ut
460 2594 499 2611 res
511 2592 561 2619 est,
571 2586 623 2612 haec
634 2587 703 2613 seriei
714 2594 773 2614 nunt
784 2597 845 2614 con-

895 2553 988 2580 συνιιὸὁς
999 2556 1136 2584 κατηγόρουν
1148 2553 1223 2582 αὐτοῦ,
1234 2554 1270 2576 καὶ
1282 2555 1365 2582 ἀνάγκη
1380 2556 1583 2586 ταπεινοφροσύνης.

928 2474 942 2493 b
960 2473 1030 2498 Unus
1042 2475 1072 2501 δὶς
1082 2477 1121 2499 τοῦ
1133 2476 1252 2499 faetida-au.

928 2519 938 2531 ο
956 2512 1017 2536 Tres
1027 2512 1176 2546 Mssa-20:713
1186 2512 1539 2546 ranmoppoobvmflnus,teste
1548 2515 1591 2540 Sat
1599 2515 1651 2549 ilio,
