1904 2840
119 352 157 382 24.

271 198 342 246 928
853 205 936 228 opus
964 204 1200 228 memmerunt

268 271 382 300 surdum
392 293 399 307 ,
421 269 511 301 Judaei
526 276 651 309 perversa
664 267 853 298 adinventione
866 266 990 297 dicebant
1000 289 1008 303 ,
1028 269 1049 293 Α
1065 267 1145 297 minis
1158 273 1256 297 terrent
1269 278 1277 296 ε
1289 277 1342 297 non
1355 272 1466 338 propter
1478 268 1591 309 gloriam
1604 269 1667 307 nei,
1677 279 1764 309 neque
1773 269 1808 299 de

118 319 205 342 Manli.
222 312 328 341 12.H1‘c
348 320 407 339 non
427 310 506 349 ejicit
522 306 690 344 daemonia,
715 309 772 337 nisi
793 308 824 336 in
845 307 1009 336 Beelzebub
1393 319 1409 338 0

266 351 397 390 prlncipe
410 350 629 385 daemoniorum,
644 354 675 377 ut
688 354 837 377 averterent
849 347 982 391 populum
995 357 1011 375 a

268 389 339 419 fidei
360 389 425 418 sius.
439 390 494 418 Aut
504 395 573 418 certe
586 387 747 417 claudebant
755 387 864 427 januam
878 387 1009 422 veritatis,

268 400 376 468 quando
390 435 537 468 posuerunt
549 427 690 457 —decoetum
702 450 710 464 ,
735 433 764 456 ut
783 427 807 456 si
830 427 892 466 quis
912 426 1012 455 diceret

267 480 330 498 eum
344 469 447 498 Filium
466 469 518 498 Dei
530 492 537 505 ‚
556 467 630 497 fleret
651 473 726 496 extra
740 477 912 506 synagogam.
929 466 975 496 Sic
987 472 1014 511 et

268 508 350 538 modo
364 508 482 537 haeretici
503 507 653 538 sacerdotes
671 506 802 536 claudunt
815 508 928 551 januam
941 516 1012 550 veri-

268 549 341 577 tatis.
357 548 452 578 Sciunt
465 548 537 577 enim
558 547 685 586 quoniam
704 546 727 576 si
749 547 915 575 manifestata
931 546 1014 575 fuerit

269 588 379 624 veritas,
394 598 487 617 eorum
499 587 619 617 Ecclesia
631 594 670 616 est
679 585 864 625 relinquenda,
875 592 901 615 et
914 585 966 626 ipsi
979 584 1014 614 de

269 627 427 657 sacerdotali
450 627 581 667 dignitate
600 626 635 656 ad
649 626 828 656 bumilitatem
841 626 950 655 venient
962 635 1013 665 po·

270 667 403 707 pularem.
422 667 488 697 Ideo
499 666 607 706 quando
626 666 719 706 legunt
733 666 760 695 in
774 666 876 706 populo
897 676 947 695 suo
959 665 1014 694 ali-

269 703 411 746 quid'taIe‚
428 708 484 746 Qui
496 717 542 736 me
553 708 643 743 missit,
655 707 750 746 major
761 716 806 734 me
819 712 878 735 est:
889 715 1014 745 perversa

270 747 485 787 interpretatione
495 746 626 776 claudunt
632 746 743 785 januam
755 746 886 782 veritatis,
898 744 1015 775 dicentes

270 787 375 816 Filium
388 787 519 816 minorem
532 788 623 823 Patre,
639 796 701 815 cum
714 786 863 815 secundum
876 785 1015 825 dispensa-

270 826 369 856 tionem
389 827 476 856 carnis
495 825 601 855 dicatur
614 826 711 855 minor.
729 826 763 855 Et
783 836 831 854 nec
844 825 896 865 ipsi
917 826 1016 854 intrant

271 867 299 895 in
312 866 451 896 veritatem
465 866 611 905 Scripturae
619 887 627 901 ‚
642 872 750 906 propter
760 865 901 895 avaritiam
911 888 920 901 ‚
931 875 1016 904 neque

270 907 338 935 alios
360 905 459 935 intrare
485 905 660 945 permittunt,
687 911 796 945 propter
825 905 1013 943 ignorantiam.

271 945 346 983 Quid
368 945 455 984 ergo?
475 945 599 985 ignorans
622 945 739 985 populus
763 945 927 974 excusabilis
946 945 1016 974 erit?

271 986 360 1015 Absit.
379 985 408 1015 Si
421 985 494 1014 enim
508 986 664 1014 vestimenta
677 991 798 1014 emturus
807 1007 815 1021 ,
838 995 917 1030 gyras
931 995 1017 1014 unum

270 1026 462 1065 negotiatorem
474 1031 500 1054 et
518 1025 649 1061 alterum,
672 1031 698 1054 et
712 1025 760 1053 ubi
782 1025 906 1054 meliores
929 1031 1016 1054 vestes

271 1065 424 1102 inveneris,
447 1071 473 1093 et
493 1065 579 1104 pretio
593 1065 703 1099 viliori,
726 1064 761 1093 ab
784 1064 832 1093 illo
853 1074 1012 1105 comparas:

271 1104 406 1143 quomodo
425 1115 479 1133 non
505 1111 609 1144 oportet
631 1104 765 1144 populum
788 1104 902 1133 circuire
924 1114 1016 1134 omnes

271 1144 392 1174 doctores
403 1167 412 1181 ,
427 1151 454 1173 et
470 1144 606 1183 inquirere
625 1144 673 1173 ubi
688 1144 792 1173 sincera
812 1144 910 1174 veritas
934 1143 1015 1174 Chri-

272 1184 307 1213 sti
332 1183 529 1220 venumdatur,
550 1190 576 1212 et
601 1183 650 1212 ubi
674 1190 815 1223 corrupta,
844 1190 871 1212 et
894 1184 1015 1213 omnium

272 1224 449 1253 confessiones
481 1233 639 1263 cognoscere
655 1245 662 1259 ‚
691 1230 717 1252 et
750 1223 882 1253 veriorem
917 1224 1015 1262 eligere

125 1277 145 1292 1.
156 1270 264 1293 Thessfi.
272 1263 335 1302 plus
345 1274 426 1301 quam
440 1263 649 1292 vestimentum?
660 1262 733 1292 Dicit
746 1263 891 1303 apostolus,
909 1264 1016 1292 Omnia

122 1308 163 1324 21·

146 1341 263 1358 GhXXXVH

272 1304 393 1341 probate
404 1326 411 1338 ‚
439 1310 466 1331 et
486 1302 566 1342 quod
590 1304 698 1331 bonum
720 1309 762 1331 est
783 1309 887 1332 tenete.
914 1305 970 1332 Aut
992 1303 1016 1332 si

273 1353 322 1382 pro
344 1349 383 1371 ter
396 1341 537 1370 utilitatem
551 1341 680 1380 aliquam,
693 1342 735 1370 vel
746 1342 926 1371 necessitatem
934 1352 1015 1371 mun-

273 1382 317 1411 dia
330 1392 383 1419 em,
399 1381 533 1420 proficisci
546 1381 665 1412 volueris
676 1380 710 1410 ad
721 1381 839 1419 aliquem
853 1382 954 1417 locum,
967 1393 1015 1411 cu-

270 1422 317 1462 jus
338 1421 412 1452 viam
431 1420 550 1460 ignoras,
569 1420 702 1459 numquid
715 1427 824 1460 propter
838 1421 1015 1460 ignorantiam

267 1462 325 1491 ‘viae
344 1459 460 1490 discedis
480 1471 495 1489 a
515 1460 677 1505 profectione
695 1461 854 1500 proposita?
878 1462 949 1498 Non,
969 1461 1017 1491 sed

273 1501 405 1541 experiris
427 1510 498 1529 nunc
519 1506 598 1528 istam
607 1500 690 1536 viam,
706 1510 777 1528 nunc
794 1500 870 1529 illam
884 1513 890 1529 :
911 1507 936 1530 et
950 1512 1018 1540 quos

273 1541 435 1580 interroges,
450 1539 549 1578 quaeris
564 1551 571 1568 ι
588 1545 614 1568 et
634 1550 696 1569 cum
714 1541 865 1575 inveneris,
884 1550 977 1579 rogas,
993 1548 1019 1570 et

274 1581 394 1622 postulas
408 1586 438 1608 ut
459 1579 579 1608 semitam
592 1578 689 1608 discas.
706 1580 741 1609 Et
761 1579 783 1608 si
797 1579 880 1608 velles
893 1580 1018 1620 Scriptu-

274 1631 367 1650 rarum
375 1619 480 1659 ingredi
489 1619 637 1654 veritatem,
651 1629 723 1648 nunc
732 1626 832 1658 peteres
841 1619 1017 1657 orationibus,

275 1671 348 1690 nunc
359 1669 491 1698 quaereres
509 1660 538 1687 in
550 1659 709 1698 Scripturis,
722 1669 793 1688 nunc
807 1659 928 1698 pulsares
940 1660 1018 1690 bonis

275 1700 411 1740 operibus,
422 1709 494 1728 nunc
502 1698 679 1737 interrogares
686 1698 844 1736 sacerdotes,
859 1709 928 1728 nunc
940 1700 1016 1737 istos,

275 1751 347 1769 nunc
361 1740 434 1768 illos.
455 1739 515 1767 Non
536 1738 679 1776 investigas
693 1738 741 1777 qui
757 1739 814 1767 veri
831 1739 886 1768 sint
900 1739 1018 1769 clavicu-

275 1780 337 1810 larii
350 1779 552 1819 Scripturarum
561 1800 568 1814 ,
582 1778 629 1816 qui
643 1778 715 1807 falsi.
731 1777 785 1808 Sed
799 1778 848 1807 ista
860 1789 913 1808 non
928 1779 996 1809 fiunt
1008 1802 1015 1817 ,

275 1820 338 1859 quia
352 1819 466 1849 verbum
477 1818 527 1847 Dei
542 1827 594 1846 non
607 1817 727 1847 creditur
740 1829 747 1845 :
764 1818 827 1857 quia
840 1829 888 1848 nec
900 1819 1018 1859 promis-

274 1861 315 1890 sio
335 1857 510 1889 beatitudinis
531 1857 589 1897 ejus
606 1856 786 1892 desideratur,
812 1868 860 1887 nec
881 1858 1018 1898 judicium

275 1899 490 1931 comminationis
500 1898 558 1937 ejus
566 1897 686 1926 timetur.
697 1897 746 1926 15.
756 1898 787 1926 V
782 1909 806 1926 oe
813 1900 908 1934 vobis,
917 1901 1017 1928 scribae

276 1947 305 1970 et
318 1940 462 1969 Pharisaei
485 1938 661 1977 hypocritae,
677 1938 727 1976 qui
745 1939 873 1967 circuitis
893 1949 974 1968 mare
989 1945 1018 1968 et

276 1981 401 2016 aridam,
415 1986 445 2007 ιιι
451 1979 579 2018 faciatis
591 1987 680 2005 unum
692 1978 875 2015 proselytum
887 1990 894 2006 .·
909 1984 937 2006 et
952 1989 1017 2007 cum

277 2021 368 2058 fuerit
379 2020 497 2060 sactus,
511 2017 615 2056 facitis
629 2027 693 2045 eum
697 2017 799 2056 filium
833 2019 954 2047 ehennoe
964 2019 1018 2047 du-

266 2055 327 2098 'plo
339 2069 428 2098 quam
441 2067 495 2086 vos
509 2058 587 2085 estis.
603 2056 692 2085 Judaei
703 2057 785 2093 enim,
799 2068 817 2086 u
838 2057 962 2096 icumque
974 2057 1019 2088 vi-

275 2099 377 2128 debant
394 2097 516 2137 gentiles,
539 2095 675 2136 proposita
695 2097 838 2134 quaestione
855 2097 889 2126 de
909 2097 1020 2126 veritate

278 2139 360 2168 unius
381 2137 442 2174 Dei,
457 2143 483 2166 et
502 2136 535 2165 de
549 2136 664 2165 vanitate
683 2135 819 2166 idolorum
833 2137 911 2166 facile
924 2136 1019 2176 dispu-

279 2185 373 2214 tantes,
385 2177 540 2207 vincebant.
551 2176 612 2204 Non
623 2175 694 2203 enim
708 2175 784 2205 labor
793 2184 831 2206 est
841 2183 932 2206 contra
942 2176 1020 2206 vani-

279 2225 360 2248 tatem
375 2217 510 2246 idolorum
523 2214 701 2251 manifestam,
717 2216 796 2244 unius
809 2217 859 2245 Dei
872 2216 961 2245 dicere
973 2227 1020 2246 ve·

281 2258 398 2294 ritatem,
413 2267 475 2285 cum
487 2255 534 2284 ille
548 2254 598 2293 qui
607 2254 674 2283 dicit
687 2255 770 2294 magis
781 2255 925 2295 adjuvetur
934 2256 966 2284 ab
978 2266 1018 2291 ea,

281 2308 362 2336 quam
375 2296 485 2337 adjuvet
497 2306 555 2324 eam
571 2306 576 2323 :
590 2301 677 2323 tamen
690 2295 857 2334 corrigebant
867 2306 929 2324 cum
941 2296 1019 2332 forte,

282 2336 329 2366 sed
338 2347 390 2365 non
401 2342 512 2376 propter
523 2334 637 2374 gloriam
647 2333 709 2371 Dei,
722 2340 751 2362 ut
764 2334 864 2363 additis
873 2335 1022 2364 cultoribus

282 2377 429 2406 honoretur
449 2377 522 2404 Deus
537 2386 543 2403 ε
557 2384 605 2403 nec
623 2380 732 2413 propter
752 2374 961 2403 misericordiam
975 2385 1023 2405 vo-

282 2417 366 2446 lentes
376 2426 438 2445 eum
445 2415 548 2444 salvare
558 2424 638 2452 quem
651 2412 790 2450 docebant,
804 2413 850 2442 sed
858 2421 904 2442 aut
915 2421 1024 2454 propter

282 2456 434 2492 avaritiam,
460 2461 490 2483 ut
511 2453 609 2483 additis
623 2453 651 2481 in
665 2463 799 2493 synagoga
813 2454 830 2483 J
833 2453 926 2490 udaeis,
942 2454 1023 2483 sacri-

281 2496 404 2525 ficiorum
427 2493 570 2524 adderetur
591 2492 690 2522 oblatio
709 2499 777 2522 :aut
796 2499 906 2532 propter
927 2503 1022 2522 vanam

282 2536 407 2575 gloriam,
418 2541 529 2574 propter
538 2533 590 2562 hoc
599 2532 688 2572 ipsum
702 2539 731 2561 ut
742 2532 885 2562 videantur
898 2533 1022 2572 gentilem

282 2575 415 2613 corrigere
428 2573 546 2614 potuisse
561 2585 567 2602 2
583 2573 652 2601 sicut
671 2579 696 2602 et
709 2582 781 2601 nunc
793 2572 894 2601 faciunt
908 2573 1024 2602 haeretici

282 2614 440 2652 sacerdotes,
466 2621 511 2643 aut
532 2612 753 2652 promissionibus
768 2619 954 2652 corrumpunt,
980 2619 1025 2641 aut

1064 307 1213 346 ignorantia
1221 307 1362 337 hominum
1373 307 1393 337 d
1421 316 1503 347 entes,
1514 308 1562 338 sed
1572 315 1618 338 aut
1626 316 1737 350 propter
1743 319 1808 340 ava-

1064 346 1165 383 ritiam,
1181 354 1228 376 aut
1242 348 1355 386 gloriam
1371 358 1477 385 vanam,
1500 356 1530 378 ut
1549 348 1692 379 videantur
1702 349 1808 388 aliquos

1064 387 1182 425 potuisse
1196 387 1340 426 corrigere.
1350 388 1404 418 Sed
1413 388 1461 427 qui
1472 395 1582 428 propter
1593 391 1679 418 Deum
1690 389 1809 428 aliquem

1065 425 1125 455 vult
1138 425 1281 465 corrigere,
1295 433 1342 456 aut
1351 427 1397 466 qui
1410 435 1520 473 propter
1530 430 1685 465 vanitatem,
1699 439 1733 458 ex
1742 429 1809 469 ipsis

1065 465 1169 495 actibus
1185 465 1304 502 docentis
1317 467 1477 498 ostendltur.
1490 468 1607 505 Quando
1619 469 1691 498 enim
1709 469 1768 508 ipse
1780 469 1810 498 in

1066 505 1203 534 sanctitate
1209 513 1390 543 conversatur,
1404 517 1533 547 cognosce
1539 508 1667 546 quoniam
1678 515 1811 538 errantem

1066 551 1176 584 propter
1199 546 1287 575 Deum
1306 547 1440 587 corrigere
1460 546 1520 577 vult
1537 558 1544 576 ε
1559 548 1583 577 si
1605 554 1694 577 autem
1711 548 1768 587 ipse
1782 548 1811 577 in

1066 585 1146 614 malis
1166 592 1299 623 versatur,
1316 587 1451 625 quomodo
1472 587 1586 617 alterum
1600 594 1710 628 propter
1722 589 1812 617 Deum

1066 625 1201 664 corrigere
1213 625 1285 655 valet
1297 626 1332 655 ad
1345 626 1447 656 bonum
1455 627 1470 656 Ρ
1481 627 1623 666 Numquid
1634 628 1719 667 magis
1734 627 1812 657 mise-

1066 664 1150 693 ricors
1164 672 1249 704 potest
1271 676 1327 695 esse
1344 666 1444 705 aliquis
1464 667 1560 704 alteri,
1573 677 1656 706 quam
1673 667 1749 697 sibi?
1765 673 1813 697 aut

1067 704 1115 742 qui
1129 705 1249 744 seipsum
1262 706 1357 746 mergit
1370 706 1397 735 in
1408 707 1540 746 gurgitem
1551 714 1731 748 peccatorum,
1746 717 1814 745 quo-

1068 743 1148 773 modo
1166 744 1280 774 alterum
1298 744 1333 774 de
1345 747 1460 786 peccatis
1476 746 1548 777 valet
1559 747 1663 787 eripere
1672 747 1686 776 Ξ)
1699 748 1813 776 Facitis

1068 789 1165 813 autem
1178 795 1244 813 eum
1253 785 1356 825 filium
1379 788 1519 826 gehennoe
1542 789 1583 816 du
1603 788 1632 816 lo
1645 796 1734 825 quam
1755 796 1812 816 vos

1067 826 1145 853 estis.
1157 824 1227 853 Nam
1240 826 1288 863 qui
1299 825 1368 855 forte
1378 827 1430 855 suh
1442 827 1549 856 cultura
1561 827 1571 856 i
1591 827 1699 856 olorum
1711 826 1811 856 consti-

1035 876 1052 899 Β
1067 869 1151 899 tutus,
1163 864 1209 892 vel
1222 871 1332 904 propter
1349 866 1416 895 alios
1437 866 1559 896 homines
1570 866 1703 907 justitiam
1714 876 1818 896 δεῖνα-ω

1067 903 1124 939 bat,
1139 903 1224 933 sactus
1238 905 1290 934 sub
1304 906 1361 934 Deo
1375 917 1383 935 τ
1397 906 1530 935 malorum
1545 907 1735 946 magistrorum
1749 916 1813 951 pro-

1068 949 1178 972 vocatus
1184 944 1320 984 exemplo,
1328 945 1359 974 fit
1366 947 1442 985 pejor
1452 946 1597 985 magistris,
1607 953 1633 976 et
1643 947 1683 975 sic
1690 946 1727 975 im
1748 953 1816 976 ictas

1068 981 1136 1011 disci
1160 982 1267 1012 ulorum
1278 984 1426 1024 imputatur
1433 986 1580 1025 magistris.
1590 988 1645 1015 Aut
1655 986 1706 1015 sic.
1744 985 1814 1015 mnis

1069 993 1176 1061 gentilis
1188 1022 1215 1051 in
1229 1023 1328 1063 simplo
1341 1031 1381 1054 est
1399 1024 1474 1054 filius
1493 1025 1630 1070 gehennae,
1644 1025 1707 1064 quia
1722 1025 1812 1054 idolo·

1068 1072 1130 1091 rum
1141 1069 1180 1091 est
1193 1062 1291 1093 cultor.
1306 1065 1373 1093 Item
1391 1064 1481 1094 Judaei
1499 1075 1528 1094 m
1547 1066 1598 1094 sim
1619 1066 1646 1094 lo
1668 1071 1744 1094 erant
1760 1065 1813 1094 filii

1069 1102 1207 1141 gehennae,
1222 1103 1286 1141 quia
1300 1113 1353 1133 non
1368 1103 1513 1133 credebant
1534 1105 1562 1134 in
1575 1076 1724 1135 Christum.
1743 1105 1814 1141 Qui-

1068 1151 1184 1181 cumque
1204 1153 1268 1182 ergo
1290 1153 1325 1172 ex
1346 1143 1471 1184 gentibus
1489 1144 1686 1184 adjungebatur
1697 1144 1811 1182 Judaeis,

1067 1191 1121 1210 non
1140 1181 1229 1211 solum
1251 1193 1303 1212 non
1320 1183 1521 1223 justificabatur
1539 1196 1546 1214 ι
1566 1195 1614 1214 nec
1633 1185 1705 1214 enim
1729 1184 1814 1224 justi-

1068 1221 1199 1250 ficabatur
1217 1222 1327 1262 aliquis,
1345 1223 1397 1252 nisi
1416 1234 1465 1263 per
1475 1224 1556 1253 fidem
1573 1225 1684 1261 Christi,
1697 1225 1814 1254 maxime

1067 1268 1128 1300 post
1154 1261 1300 1291 adventum
1322 1263 1407 1303 ipsius
1427 1276 1434 1292 ε
1450 1263 1498 1293 sed
1517 1263 1607 1294 adhuc
1632 1265 1814 1295 instruebatur

1067 1301 1192 1340 exemplo
1215 1302 1365 1332 scribarum
1388 1310 1414 1332 et
1436 1303 1645 1341 Pharisaeorum,
1661 1304 1815 1335 discredere

1068 1340 1187 1377 Christo,
1209 1349 1236 1371 et
1251 1342 1438 1382 blasphemare
1452 1353 1526 1380 eum,
1544 1345 1773 1382 quemadmodum
1787 1351 1814 1374 et

1067 1379 1110 1407 illi
1131 1391 1138 1408 ε
1158 1386 1184 1408 et
1197 1381 1236 1410 sic
1249 1381 1330 1410 fiebat
1347 1381 1432 1421 duplo
1454 1383 1529 1412 filius
1543 1384 1679 1422 gehennae.
1693 1386 1815 1415 Primum

1067 1418 1188 1457 quidem,
1197 1421 1261 1458 quia
1275 1421 1411 1450 idolorum
1423 1422 1507 1451 fuerat
1516 1423 1614 1452 cultor.
1627 1425 1741 1459 Deinde,
1750 1424 1813 1463 quia

1035 1470 1053 1494 ς,
1068 1459 1154 1487 factus
1167 1459 1253 1489 fuerat
1268 1460 1468 1500 blasphemator
1480 1461 1593 1499 Christi,
1609 1471 1635 1492 et
1649 1463 1810 1493 interfector.

1069 1498 1146 1527 Sicut
1168 1506 1194 1528 et
1207 1509 1289 1535 nunc,
1313 1501 1360 1538 qui
1380 1501 1474 1530 transit
1491 1501 1526 1530 ad
1544 1502 1668 1540 haereses,
1683 1503 1769 1544 duplo
1783 1504 1815 1533 fit

1070 1537 1146 1567 filius
1159 1539 1296 1577 gehennae.
1312 1540 1436 1569 Primum
1450 1541 1571 1579 quidem,
1583 1543 1649 1581 quia
1660 1546 1812 1581 veritatem,

1070 1588 1151 1616 quam
1165 1579 1280 1615 tenebat,
1297 1579 1416 1618 reliquit.
1431 1581 1535 1610 Deinde
1545 1582 1608 1620 quia
1618 1582 1704 1612 factus
1714 1590 1754 1613 est
1766 1583 1815 1613 ad-

1070 1618 1205 1647 versarius
1217 1619 1347 1648 veritatis.
1371 1620 1427 1656 Qui
1443 1620 1516 1649 enim
1536 1621 1564 1650 in
1577 1623 1715 1652 erroribus
1736 1630 1816 1654 natus

1071 1664 1121 1694 est,
1137 1664 1163 1686 et
1177 1658 1204 1686 in
1218 1659 1357 1688 erroribus
1366 1667 1515 1699 permanet,
1531 1662 1559 1690 in
1574 1661 1672 1702 simplo
1685 1669 1725 1692 est
1739 1663 1817 1693 filius

1069 1697 1195 1736 gehennae
1206 1710 1212 1727 :
1224 1698 1271 1737 qui
1286 1706 1374 1728 autem
1386 1706 1464 1728 natus
1477 1700 1505 1729 in
1515 1701 1637 1736 veritate,
1647 1709 1759 1742 propter
1766 1703 1815 1733 ali—

1089 1748 1152 1766 uam
1171 1748 1277 1767 causam
1296 1738 1462 1768 mundialem
1486 1740 1521 1770 ad
1542 1741 1685 1780 perfidiam
1703 1743 1812 1782 migrat,

1070 1747 1156 1816 duplo
1176 1777 1207 1806 fit
1221 1778 1295 1807 filius
1309 1779 1445 1818 gehennae.
1469 1781 1517 1810 16.
1543 1781 1593 1810 Vre
1611 1783 1706 1818 vobis,
1726 1783 1815 1814 duces

1070 1818 1150 1854 caeci,
1178 1820 1230 1857 qui
1248 1819 1345 1848 dicitis
1361 1832 1370 1848 .·
1392 1819 1573 1860 Quicumque
1595 1822 1740 1860 juraverit
1761 1833 1816 1863 per

1071 1858 1222 1895 templum,
1244 1858 1320 1887 nihil
1339 1865 1402 1888 est:
1419 1861 1472 1898 qui
1486 1867 1584 1889 autem
1600 1862 1748 1900 juraverit
1761 1873 1815 1902 per

1071 1906 1175 1925 aurum
1188 1899 1303 1937 templi,
1315 1899 1409 1928 debet.
1421 1900 1568 1939 Templum
1581 1901 1653 1930 enim
1665 1903 1709 1931 vel
1729 1902 1814 1933 altare

1071 1936 1106 1964 ad
1118 1936 1232 1976 gloriam
1243 1939 1293 1967 Dei
1306 1938 1432 1979 pertinet,
1448 1946 1474 1968 et
1486 1939 1521 1969 ad
1532 1939 1672 1970 hominum
1684 1942 1815 1982 spiritua-

1070 1975 1139 2005 lium
1151 1977 1263 2006 salutem
1274 1989 1281 2007 :
1297 1989 1395 2007 aurum
1408 1986 1508 2015 autem,
1523 1979 1597 2018 quod
1607 1989 1646 2010 est
1660 1983 1689 2010 in
1700 1982 1813 2022 templo,

1070 2016 1115 2044 vel
1125 2016 1238 2053 donum,
1250 2018 1325 2056 quod
1337 2024 1379 2047 est
1389 2029 1471 2058 super
1483 2019 1576 2055 altare,
1586 2019 1621 2049 ad
1630 2021 1743 2060 gloriam
1755 2022 1817 2060 qui-

1037 2059 1056 2082 Ι)
1072 2055 1135 2084 dem
1159 2057 1210 2085 Dei
1236 2058 1353 2102 pertinet
1373 2070 1380 2086 :
1399 2065 1425 2087 et
1446 2058 1535 2098 ipsum
1555 2066 1642 2088 tamen
1661 2070 1758 2090 aurum
1770 2062 1816 2091 vel

1072 2095 1175 2124 donum
1194 2107 1279 2136 magis
1302 2097 1337 2126 ad
1349 2097 1550 2127 delectationem
1566 2099 1717 2136 hominum,
1731 2107 1757 2129 et
1781 2101 1816 2130 ad

1074 2135 1216 2165 utilitatem
1229 2136 1397 2166 sacerdotum
1407 2137 1519 2167 offertur
1527 2148 1609 2178 super
1621 2138 1715 2169 altare.
1727 2139 1818 2170 Judaei

1073 2184 1137 2214 ergo
1149 2186 1256 2213 aurum,
1269 2187 1323 2215 quo
1331 2176 1383 2216 ipsi
1396 2176 1608 2215 delectabantur,
1623 2185 1650 2207 et
1661 2178 1743 2217 dona,
1756 2181 1819 2219 qui-

1072 2217 1125 2246 bus
1149 2215 1203 2256 ipsi
1227 2217 1415 2256 pascebantur,
1443 2217 1574 2247 sanctiora
1598 2218 1723 2248 dicebant
1745 2229 1818 2258 esse,

1075 2266 1156 2295 quam
1170 2256 1259 2294 ipsum
1271 2256 1402 2295 templum
1412 2263 1438 2286 et
1447 2257 1546 2287 altare:
1558 2265 1588 2287 ut
1595 2258 1717 2288 homines
1730 2270 1819 2299 prom-

1075 2297 1158 2325 tiores
1171 2295 1265 2324 fierent
1279 2296 1314 2325 ad
1327 2296 1463 2325 offerenda
1486 2296 1557 2326 dona
1576 2309 1657 2337 quam
1676 2298 1711 2328 ad
1728 2310 1820 2339 preces

1075 2334 1225 2365 fundendas
1235 2335 1262 2364 in
1271 2336 1383 2375 templo,
1395 2343 1441 2365 aut
1447 2336 1566 2376 justitias
1575 2338 1719 2368 faciendas.
1731 2339 1820 2369 Multa

1076 2375 1146 2404 enim
1162 2382 1187 2404 et
1201 2374 1282 2404 modo
1294 2375 1441 2405 Christiani
1455 2376 1614 2416 simpliciter
1626 2385 1652 2407 et
1666 2378 1821 2417 insipienter

1076 2415 1114 2444 sic
1126 2415 1290 2454 intelligunt.
1309 2416 1378 2444 Ecce
1389 2416 1460 2445 enim
1482 2417 1505 2445 si
1524 2417 1615 2455 aliqua
1633 2418 1715 2447 fuerit
1728 2428 1819 2456 causa,

1077 2454 1214 2484 modicum
1229 2455 1336 2484 videtur
1348 2455 1444 2491 facere,
1456 2456 1504 2494 qui
1512 2456 1587 2495 jurat
1596 2467 1643 2496 per
1653 2458 1739 2486 Deum
1752 2470 1760 2487 ς
1772 2458 1821 2496 qui

1077 2501 1165 2523 autem
1176 2495 1251 2534 jurat
1261 2505 1310 2534 per
1322 2495 1502 2534 evangelium,
1517 2496 1601 2535 magis
1611 2496 1717 2535 aliquid
1730 2498 1822 2528 fecisse

1077 2534 1185 2563 videtur
1200 2546 1206 2563 :
1222 2535 1322 2572 quibus
1344 2535 1468 2564 similiter
1487 2534 1631 2565 dicendum
1653 2544 1692 2566 est
1706 2549 1713 2566 :
1727 2538 1821 2574 Stulti,

1077 2574 1222 2613 Scripturae
1242 2581 1337 2603 sanctae
1356 2581 1466 2614 propter
1482 2576 1571 2604 Deum
1591 2583 1665 2613 sunt,
1681 2587 1734 2605 non
1748 2578 1822 2607 Deus

1080 2620 1188 2652 propter
1214 2614 1376 2652 Scripturas.
1395 2615 1483 2655 Major
1507 2622 1546 2644 cst
1571 2616 1643 2645 enim
1668 2617 1751 2654 Deus,
1774 2617 1821 2656 qui
