1890 2826
253 206 298 240 82

247 278 404 308 serentibus.
422 280 520 309 Praeter
533 279 590 309 haee
602 287 692 310 autem
712 281 851 322 Scriptura
861 291 993 320 nusquam

250 324 334 363 dicit,
357 325 448 365 ipsum
465 333 621 366 praesentem
640 326 733 364 fuisse,
749 333 777 356 et
789 334 945 368 praesentem
955 328 992 357 si-

250 370 344 407 luisse,
357 371 466 410 quando
485 371 564 401 Ozias
584 371 632 401 illa
643 372 800 403 attentavit:
816 372 864 403 sed
875 373 924 412 qui
937 373 994 402 haec

251 417 390 457 proferunt
403 428 437 447 ex
455 415 548 457 seipsis
568 417 634 447 talia
655 418 811 458 conjiciunt.
836 418 914 456 Quid
931 430 994 459 ergo
1010 427 1029 451 D

250 462 396 493 dicendum
408 471 446 493 est
456 464 470 493 ἒ)
485 465 545 494 Non
567 474 623 493 esse
643 474 735 504 parem
756 465 860 505 Moysis
873 472 898 494 et
911 465 994 504 hujus

250 509 390 538 rationem.
403 509 454 538 Ille
478 510 551 539 enim
565 509 592 538 in
612 509 726 539 alienam
739 516 764 541 et
777 511 920 540 barbaram
933 517 994 540 ter-

249 566 307 584 ram
330 556 496 593 mittebatur,
515 556 590 586 etad
616 563 760 596 tyrannum
782 557 925 594 furentem,
947 557 993 586 in-

248 601 447 640 sanientemque
463 612 495 632 ac
508 601 653 640 rabidum;
673 602 719 632 hie
731 613 795 633 vero
807 603 843 632 ad
856 614 929 639 suos,
945 603 993 642 qui

249 658 276 676 se
299 658 370 687 saepe
390 647 549 685 audierant,
573 649 713 688 multoque
734 656 854 690 tempore
876 649 992 678 instituti

247 693 354 723 snm-ant
368 704 375 721 :
390 704 475 733 neque
493 695 566 734 paris
580 702 637 724 emt
656 695 809 725 constantiae
825 695 853 724 in
863 695 912 725 illo
925 703 952 725 et
964 696 992 724 in

247 738 299 768 hoc
327 748 391 769 casu
412 740 536 779 obsequi.
563 740 682 778 Quidam
702 751 784 780 porro
806 741 900 770 dicunt
916 741 993 770 aliud

246 783 388 824 quidpiam
408 791 508 815 tantam
520 786 563 815 illi
575 786 707 816 indidisse
729 786 904 816 alacritatem.
919 786 991 823 Quia

247 830 320 859 enim
330 841 380 870 pro
394 841 422 860 se
438 837 464 860 et
474 832 575 872 populo
589 832 724 862 confessus
734 839 800 870 erat,
815 839 840 862 et
851 832 992 872 Seraphim

246 875 282 904 ad
300 886 329 905 se
346 876 419 906 mitti
432 876 548 914 viderat,
567 888 627 916 quae
645 878 716 908 labia
730 888 779 907 sua
800 884 991 918 expurgarent,

247 931 309 950 cum
331 929 451 962 speraret
467 922 559 953 eadem
579 924 639 963 ipsa
653 924 755 964 populo
774 931 902 954 eventura
914 934 971 953 esse
983 946 991 960 ,

245 977 327 1006 seque
354 967 390 996 ad
403 967 460 997 haec
478 969 661 999 annuntianda
683 969 822 999 abiturum
845 980 919 1005 esse,
933 969 992 998 ala-

246 1013 328 1043 criter
347 1013 451 1043 dietum
465 1014 536 1044 illud
547 1016 678 1055 rapuisse.
691 1017 784 1046 Sancti
805 1016 878 1046 enim
890 1023 919 1046 ut
942 1017 994 1046 Dei

246 1066 365 1089 amantes
382 1067 468 1097 erant,
484 1061 520 1091 ita
533 1061 596 1102 plus
609 1073 690 1101 quam
707 1063 756 1092 alii
766 1073 859 1092 omnes
871 1063 994 1093 homines

245 1106 380 1146 populum
400 1107 535 1138 amabant.
550 1109 623 1138 Cum
639 1116 758 1150 speraret
769 1108 853 1149 igitur
863 1119 892 1139 se
908 1110 994 1140 malo-

246 1162 307 1181 rum
327 1152 473 1191 quamdam
505 1154 665 1184 solutionem
686 1155 907 1185 annuntiaturum
926 1166 992 1192 esse,
1007 1180 1030 1199 7,

246 1194 300 1225 cito
324 1196 441 1227 insilivit
459 1204 485 1227 et
497 1198 535 1228 ait
550 1210 558 1227 ε
582 1199 662 1228 Ecce
673 1209 726 1239 ego
740 1209 816 1236 sum,
829 1201 911 1228 mitte
935 1210 991 1229 me.
1001 1200 1030 1232 Ἀ

247 1242 324 1272 Alias
347 1253 411 1273 vero
424 1243 542 1273 animam
553 1244 590 1275 ad
607 1245 729 1285 pericula
752 1244 890 1275 subeunda
912 1245 994 1275 valde

245 1299 408 1328 propensam
422 1289 553 1319 habebat:
569 1290 712 1330 ipsumque
730 1291 767 1320 ita
778 1291 903 1320 affectum
911 1292 994 1321 fuisse

245 1344 293 1373 per
305 1341 388 1364 totam
405 1335 465 1374 ejus
477 1335 647 1375 prophetiam
665 1336 828 1367 declaratur.
848 1338 992 1377 Postquam

245 1391 310 1420 ergo
323 1381 482 1420 promiserat
505 1382 682 1413 seahiturum
697 1405 706 1420 ‚
728 1394 791 1413 eum
810 1394 863 1413 non
884 1383 995 1414 auderet

245 1426 317 1456 ultra
343 1427 479 1463 abnuere,
502 1434 567 1458 tunc
592 1429 680 1459 tristia
708 1429 824 1460 audivit.
854 1429 994 1468 Siquidem

245 1473 318 1502 Deus
329 1473 458 1512 sagaciter
470 1484 532 1503 cum
545 1474 595 1504 illo
606 1485 664 1504 rem
673 1475 806 1506 tractavit.
817 1476 912 1514 Neque
922 1476 994 1506 enim

244 1528 259 1547 a
275 1518 410 1559 principio
421 1519 494 1549 dixit
507 1530 513 1547 :
534 1520 624 1557 Vade,
644 1527 670 1550 et
682 1520 728 1550 dic
743 1532 749 1553 ;
769 1520 816 1551 sed
827 1522 904 1562 prius
917 1532 994 1551 man-

244 1558 339 1593 datum
350 1564 379 1593 in
406 1565 518 1595 sublimi
539 1573 640 1602 tenens,
664 1566 799 1598 missionis
822 1567 933 1597 modum
946 1578 992 1598 oe-

244 1610 350 1641 cultum
363 1610 470 1641 habuit.
492 1613 563 1642 Cum
585 1619 676 1642 autem
695 1612 743 1642 ille
756 1613 834 1643 facile
848 1613 991 1653 paruisset,

243 1662 308 1686 tunc
317 1657 387 1686 mala
399 1668 460 1696 quae
477 1659 495 1688 J
497 1658 587 1689 udaeos
595 1659 722 1688 invasura
733 1665 808 1689 erant
821 1660 902 1689 dixit.
911 1661 991 1698 Quae-

243 1711 306 1731 nam
319 1713 401 1742 porro
414 1703 472 1733 haec
492 1711 568 1734 erant
580 1704 594 1733 Ρ
615 1705 646 1734 9.
673 1704 767 1742 Vade,
781 1706 882 1745 inquit,
897 1712 926 1735 et
944 1708 992 1736 dic

242 1748 351 1788 populo
365 1749 433 1778 huic
448 1762 456 1778 .-
471 1751 589 1781 Audita
609 1751 747 1788 audietis,
762 1759 792 1782 et
809 1763 869 1782 non
881 1753 992 1783 intelli-

243 1796 326 1833 gatis,
348 1802 377 1824 et
394 1796 527 1825 videntes
550 1797 708 1834 videbitis,
725 1804 752 1827 et
771 1809 832 1828 non
842 1801 992 1839 perspicie-

245 1842 292 1870 tis.
318 1841 367 1871 10.
379 1844 581 1873 Incrassamm
602 1845 681 1872 enim
690 1851 733 1874 est
747 1855 798 1874 cor·
814 1845 916 1885 populi
932 1846 991 1876 ku-

238 1888 302 1926 jus,
324 1894 353 1916 et
374 1890 494 1918 auribus
518 1890 579 1919 suis
605 1892 736 1929 graviter
760 1891 936 1929 audierunt,
963 1899 992 1922 et

244 1934 344 1964 oculos
355 1945 424 1965 suos
432 1936 602 1966 clauserunt
611 1937 735 1978 neforte
748 1938 872 1967 videant
883 1940 988 1976 oculis,

1009 887 1028 911 E

1009 1708 1028 1732 B

244 1986 273 2008 et
293 1982 415 2010 auribus
435 1982 571 2018 audiant,
591 1988 621 2012 et
643 1984 730 2012 corde
753 1984 941 2024 intelligant,
961 1993 991 2015 et

244 2033 465 2064 convertantur,
483 2035 510 2057 et
533 2038 634 2058 sanem
661 2039 718 2059 σος.
746 2030 809 2061 Haec
829 2030 990 2072 interpreta—

242 2072 315 2101 tione
324 2082 377 2102 non
390 2083 459 2113 opus
472 2073 571 2104 habere
583 2082 660 2114 puto,
670 2086 732 2106 cum
745 2075 766 2104 ii
777 2076 824 2114 qui
836 2077 893 2107 haec
903 2078 989 2117 probe

243 2118 373 2154 sciebant,
382 2120 439 2159 jam
458 2119 524 2149 olim
543 2131 574 2150 ea
590 2128 712 2151 accurate
735 2121 900 2162 interpretati
914 2123 968 2152 sint
980 2135 989 2162 ς

244 2162 360 2192 Joannes
373 2163 500 2193 videlicet
514 2164 627 2194 tonitrui
648 2165 734 2202 filius,
743 2173 769 2195 et
781 2167 891 2203 Paulus,
904 2168 951 2206 qui
965 2175 991 2197 et

243 2213 333 2236 vetera
345 2214 371 2237 et
388 2218 459 2238 nova
469 2209 593 2249 apprime
607 2216 727 2240 noverat.
741 2210 793 2241 Hic
811 2211 883 2241 enim
898 2212 990 2241 Romae
1009 2218 1028 2241 c

277 2318 288 2330 ¹·
306 2314 476 2341 χαλεπωτάτην
485 2315 569 2342 ὑπέστη
579 2318 699 2349 τιμωρίαν.
709 2315 827 2340 Veterum
835 2315 940 2340 Pau-um
949 2316 1004 2348 opi-

243 2349 286 2374 nio
298 2351 471 2383 sententiaque
481 2350 530 2376 fuit
541 2353 634 2377 Isaiam
646 2353 766 2379 Manassis
779 2359 895 2386 tempore
907 2359 1004 2379 sectum

243 2388 326 2414 fuisse.
340 2388 372 2414 Id
384 2390 420 2415 ait
431 2389 580 2415 Athanasius
591 2391 636 2417 lib.
647 2391 680 2417 de
690 2393 879 2426 humatione,
891 2394 966 2420 Tom.
979 2395 1003 2425 4,

243 2437 269 2460 p.
294 2429 335 2460 68,
358 2429 390 2452 B:
411 2431 460 2455 οὐδὲ
479 2433 508 2458 ὡς
524 2427 609 2459 Ιῖῐσαῖας
628 2435 735 2467 ἐπρίσθη,
749 2441 829 2467 neque
841 2434 906 2458 5ῖοΒί
917 2433 1005 2459 [saia-5

242 2474 324 2492 seclus
334 2473 391 2500 θείς
403 2474 429 2493 et
439 2477 465 2501 p.
478 2470 520 2501 78,
537 2470 556 2494 C
567 2482 572 2496 ι
585 2467 671 2500 ficata:
683 2475 777 2507 ἐπρίσθη
788 2475 839 2506 μὲν,
853 2475 906 2499 ἀλλ’
919 2476 957 2502 οὐκ
969 2477 1006 2501 ἐπὶ

243 2510 309 2537 ξύλου
320 2512 481 2542 κεκρέμασται,
494 2508 582 2533 Isaias
593 2515 674 2534 seclus
686 2511 788 2543 quidem
802 2517 846 2541 est,
860 2518 887 2536 αι
897 2513 923 2537 in
933 2512 1003 2546 ligno

243 2545 356 2579 nonfuit
365 2555 508 2580 suspensus.
524 2547 694 2583 Hieronymus
706 2558 766 2575 vero
777 2551 802 2575 in
815 2551 1003 2582 Quaestionibus

244 2586 373 2611 Hebraicis
385 2585 418 2611 ad
430 2586 487 2612 libr.
498 2587 610 2620 Paralip.
633 2597 656 2614 c.
680 2590 712 2614 88
723 2601 727 2615 :
746 2590 861 2615 Tradunt
880 2591 985 2617 Hebroei
993 2614 1000 2625 ‚

244 2624 338 2649 idcirco
350 2627 459 2650 occisum
469 2626 578 2659 Isaiam,
591 2636 619 2651 eo
627 2627 696 2660 quod
707 2637 747 2653 eos
757 2629 925 2662 appellaverit
929 2633 1001 2664 prin-

585 218 614 241 S.
643 218 785 242 JOANMS
811 218 994 242 CHRYSOST.
1024 219 1180 243 aucium».
1209 222 1480 246 CONSTANTINOP-

1045 281 1123 312 αὐτὸν
1143 283 1231 312 καλῶν
1258 284 1303 313 καὶ
1325 284 1410 323 λέγων
1423 297 1430 304 ·
1451 284 1562 320 Ἡσαΐας
1576 286 1603 316 δὲ
1617 287 1758 328 ἀποτολμᾷ
1770 287 1817 317 καὶ

1044 325 1124 366 λέγει.
1149 328 1202 358 Διὰ
1214 331 1277 368 γοῦν
1291 333 1367 359 τοῦτο
1381 330 1441 360 οὐδὲ
1451 332 1490 371 τῷ
1502 333 1595 373 κοινῷ,
1609 331 1644 366 ὥς
1655 344 1734 373 φασι,
1744 333 1817 373 νόμῳ

1043 371 1091 408 τὴν
1107 373 1176 410 ζωὴν
1201 375 1342 405 κατέλυσεν
1354 398 1362 412 ,
1389 375 1458 406 ἀλλὰ
1480 377 1695 417 “χαλεπωτάτην
1715 378 1817 415 ὑπέστη

1043 419 1188 459 τιμωρίαν,
1213 422 1266 450 τῶν
1281 421 1415 451 Ἰοὐδαίων
1429 423 1478 452 οὐκ
1491 423 1648 463 ἐνεγκόντων
1667 425 1747 454 αὐτοῦ
1767 424 1816 460 ἰ-ὴν

1043 465 1202 506 παρῤησίαν.
1222 465 1331 507 1’Χωρὶς
1349 468 1376 497 δὲ
1391 467 1490 498 τούτων
1508 468 1567 498 οὐδέ
1587 481 1666 510 φησιν
1679 472 1697 506 ἡ
1721 471 1816 511 Γραφή

1042 521 1093 540 που
1108 532 1116 546 ,
1137 511 1177 541 ὅτι
1190 514 1292 552 παρῆν,
1315 513 1394 549 ἡνίκα
1408 513 1442 543 τὰ
1456 513 1525 544 κατὰ
1535 514 1580 544 τὸν
1594 515 1687 550 Ὀζίαν
1701 516 1815 556 ἐγένετο,

1043 555 1088 584 καὶ
1098 557 1189 597 παρὼν
1204 558 1292 597 ἐσίγα,
1307 560 1366 588 ἀλλ’
1381 559 1482 590 οἴκοθεν
1491 560 1536 590 καὶ
1545 563 1608 601 παρ’
1623 563 1724 591 ἑαυτῶν
1732 564 1817 591 ταῦτα

1042 601 1067 630 οἱ
1086 601 1399 644 λέγοντεςστοχάζονται.
1427 605 1464 635 Τί
1484 600 1529 635 οὗν
1543 607 1614 636 ἔστιν
1635 608 1732 644 :imin
1750 606 1816 637 Ὅτι

1043 647 1091 677 οὐκ
1102 643 1136 684 ἦν
1154 648 1211 679 ἴσον
1220 649 1252 679 τὸ
1263 650 1400 684 Μωϋσέως
1409 672 1417 686 ,
1435 651 1481 681 καὶ
1494 654 1580 682 τοῦτο.
1607 651 1642 683 Ὁ
1655 652 1704 692 μὲν
1714 652 1767 693 γὰρ
1779 655 1817 686 εἰς

1043 693 1180 734 ἀλλοτρίαν
1191 695 1326 734 ἐπέμπετο
1334 696 1379 726 καὶ
1390 698 1427 731 εἷς
1440 697 1573 738 βάρὸαρον
1586 697 1686 738 χώραν,
1697 697 1816 738 καὶπρὸς

1043 738 1186 779 τύραννον,
1209 741 1255 771 καὶ
1269 742 1440 781 μαινόμενον,
1464 743 1509 773 καὶ
1524 745 1675 775 λυττῶντα·
1689 739 1764 778 οὗτος
1788 744 1816 774 δὲ

1042 784 1106 823 πρὸς
1118 785 1177 819 τοὺς
1189 787 1299 821 οἰκείους
1307 810 1315 824 ,
1341 789 1386 817 καὶ
1397 789 1526 823 πολλάκις
1539 789 1702 826 ἀκηκοότας,
1725 789 1770 820 καὶ
1788 791 1815 819 ἐν

1042 831 1133 871 πολλῷ
1151 833 1337 867 παιδευθέντας
1356 833 1443 875 χρόνῳ
1461 847 1467 854 ·
1496 836 1542 865 καὶ
1566 837 1595 866 οὖ
1610 837 1658 872 τῆς
1672 837 1752 871 αὐτῆς
1765 837 1814 865 ἆν-

1043 875 1129 915 speia<
1139 872 1171 914 ἦν
1185 878 1215 908 τὸ
1226 879 1375 909 ὑπακοῦσαι
1390 881 1444 910 ἐκεῖ
1455 892 1484 910 τε
1504 881 1549 911 καὶ
1563 883 1685 911 ἐνταῦθα.
1699 882 1778 915 Τινὲς
1787 881 1816 910 δέ

1042 933 1130 962 φασιν,
1143 923 1184 954 ὅτι
1197 924 1242 954 καὶ
1252 924 1342 965 ἔτερόν
1355 937 1382 955 τι
1396 928 1468 967 αὐτῷ
1481 927 1530 964 τὴν
1544 928 1692 968 προθυμίαν
1705 927 1815 963 ἐποίησε

1041 967 1149 1005 ταύτην.
1168 970 1280 1008 Ἐπιιδὴ
1301 971 1352 1011 γὰρ
1377 971 1443 1011 ὑπέρ
1460 984 1488 1002 τε
1504 975 1597 1003 ἑαυτοῦ
1611 973 1657 1004 καὶ
1676 976 1722 1003 τοῦ
1749 974 1814 1003 λαοῦ

1043 1013 1276 1055 ἐξωμολογήσατο,
1289 1016 1378 1047 καὶτὰ
1389 1018 1514 1059 Σεραφὶμ
1536 1014 1603 1048 εἶδεν
1617 1018 1800 1049 ἀποσταλέντα
1808 1043 1816 1055 ,

1043 1059 1089 1089 καὶ
1102 1060 1284 1101 ἐκκαθάραντα
1295 1063 1374 1092 αὐτοῦ
1387 1063 1422 1092 τὰ
1439 1063 1517 1103 χείλη
1526 1086 1534 1100 ,
1558 1065 1742 1105 προσδοκήσας
1752 1087 1760 1102 ,
1775 1065 1817 1094 ὅτι

1044 1105 1090 1135 καὶ
1102 1107 1141 1146 τῷ
1152 1107 1210 1147 λαῷ
1221 1109 1304 1138 ταῦτα
1318 1107 1498 1147 συρὂσεται,
1517 1110 1562 1139 καὶ
1575 1114 1660 1140 ταῦτα
1674 1110 1816 1140 ἀπελεύσε-

1040 1163 1089 1181 ,ται
1101 1151 1431 1194 ἀπαγγέλλων,προθύμως
1443 1155 1549 1195 ἥρπασε
1558 1156 1589 1185 τὸ
1599 1156 1700 1197 λεχθέν.
1709 1156 1816 1197 Ὥσπερ

1044 1195 1095 1237 γὰρ
1120 1192 1188 1233 ἦσαν
1215 1196 1345 1238 φιλόθεοι,
1369 1199 1438 1231 οὕτω
1451 1200 1497 1230 καὶ
1519 1202 1686 1242 φιλόστοργοι
1701 1202 1817 1241 μάλιστα

1045 1242 1151 1272 πάντων
1166 1242 1311 1283 ἀνθρώπων
1324 1245 1349 1273 οἱ
1362 1244 1440 1284 ἅγιοι.
1461 1247 1590 1281 Ἐλπίσας
1612 1243 1656 1277 οὖν
1669 1247 1745 1278 λύσιν
1757 1248 1816 1277 τινὰ

1043 1290 1096 1317 τῶν
1113 1290 1202 1318 κακῶν
1218 1290 1391 1329 ἀπαγγελεῖν,
1402 1291 1553 1328 ἔπεπήδησε
1566 1292 1683 1332 ταχέως,
1701 1293 1746 1322 καί
1761 1305 1812 1333 φη-

1045 1346 1099 1363 σιν·
1113 1334 1181 1364 Ἰδοὺ
1193 1334 1246 1374 ἐγώ
1259 1336 1332 1374 ιίμι,
1352 1335 1507 1367 ἄπόστειλόν
1529 1350 1572 1377 με.
1593 1338 1694 1372 Ἄλλως
1720 1339 1747 1369 δὲ
1771 1341 1816 1369 καὶ

1043 1379 1132 1421 ψυχὴν
1141 1380 1243 1421 σφόδρα
1258 1381 1324 1421 πρὸς
1342 1381 1476 1417 swam<
1490 1385 1728 1424 παρατεταγμένην
1743 1381 1799 1426 εἶχε
1809 1398 1815 1405 ·

1044 1426 1090 1454 καὶ
1108 1426 1185 1462 δῆλον
1200 1427 1280 1456 αὐτοῦ
1293 1429 1370 1456 τοῦτο
1382 1426 1413 1458 τὸ
1425 1423 1486 1464 ἦθος
1497 1429 1540 1459 διὰ
1551 1430 1640 1465 πάσης
1652 1432 1698 1466 τῆς
1711 1443 1815 1472 προφη-

1044 1470 1116 1504 τείας
1128 1471 1211 1500 ἐστίν.
1237 1471 1316 1501 Ἐπεὶ
1333 1467 1376 1503 οὖν
1390 1471 1520 1515 ὑπέσχετο
1534 1475 1725 1505 ἀπελεύσεσθαι
1737 1499 1745 1513 ,
1771 1477 1816 1506 καὶ

1045 1518 1093 1546 οὐκ
1104 1517 1204 1556 ἐτόλμα
1216 1517 1308 1548 λοιπὸν
1319 1520 1468 1556 ἀνανεῦσαι,
1477 1519 1537 1551 τότε
1552 1521 1641 1551 ἀκούει
1652 1522 1686 1551 τὰ
1698 1523 1815 1563 λυπηρά.

1044 1562 1098 1592 Καὶ
1112 1563 1163 1603 γὰρ
1181 1563 1228 1593 καὶ
1248 1565 1263 1593 ὁ
1277 1564 1347 1598 Θεὸς
1368 1565 1446 1595 αὐτὸν
1469 1568 1554 1607 σοφῶς
1569 1568 1758 1608 μετεχείρισεν.
1775 1571 1816 1598 Οὐ

1043 1608 1095 1648 γὰρ
1109 1608 1136 1643 ἐξ
1146 1610 1229 1649 ἀρχῆς
1242 1604 1312 1646 εἶπε,
1323 1609 1478 1650 πορεύθητι,
1493 1613 1537 1642 καὶ
1548 1613 1606 1642 εἶπέ
1615 1625 1621 1632 ·
1636 1615 1705 1643 ἀλλὰ
1717 1614 1816 1654 πρότε-

1046 1666 1088 1695 ρον
1110 1655 1241 1696 μετέωρον
1250 1656 1361 1692 ποιήσας
1374 1656 1404 1686 τὸ
1419 1658 1554 1698 ἐπίταγμα
1563 1681 1571 1694 ,
1598 1659 1643 1688 καὶ
1660 1661 1757 1697 ἄδηλον
1771 1663 1818 1697 ἰ-ῆς

1045 1701 1194 1737 ἀποστολῆς
1205 1702 1251 1731 τὸν
1266 1701 1370 1742 τρόπον.
1393 1703 1524 1740 ’Ἐπειδὴ
1546 1705 1641 1745 ῥᾳδίως
1663 1706 1815 1743 ὑπήκουσε,

1043 1746 1116 1786 λέγει
1128 1747 1162 1778 τὰ
1173 1748 1378 1789 καταληψόμενα
1390 1748 1450 1783 τοὺς
1473 1749 1615 1785 Ἰουδαίους
1641 1752 1720 1781 κακά.
1747 1753 1816 1783 Τίνα

1045 1793 1073 1824 δὲ
1085 1796 1170 1824 ταῦτα
1183 1790 1232 1831 ἧν;
1257 1794 1405 1836 Πορεύθητι
1415 1816 1424 1830 ,
1449 1796 1514 1835 φησὶ
1526 1818 1534 1832 ,
1549 1797 1594 1826 καὶ
1616 1798 1674 1827 εἰπὲ
1697 1801 1734 1839 τῷ
1757 1800 1815 1839 λαῷ

1044 1839 1142 1880 τούτῳ·
1158 1841 1224 1883 exorat·
1239 1840 1363 1872 ἀκούσετε
1372 1861 1381 1877 ‚
1407 1841 1452 1871 καὶ
1463 1843 1492 1871 οὔ
1507 1842 1544 1881 μὴ
1558 1845 1667 1881 συνῆτε,
1689 1845 1736 1874 καὶ
1751 1845 1815 1884 βλέ-

1043 1898 1136 1921 ποντες
1149 1886 1275 1928 βλέψετε,
1298 1886 1344 1916 καὶ
1362 1887 1391 1916 οὗ
1406 1887 1443 1926 μὴ
1464 1887 1548 1924 ἴδητε.
1563 1890 1717 1931 Ἐπαχόνθη
1731 1891 1783 1932 γὰρ
1797 1893 1815 1927 ἠ

1042 1932 1136 1973 καρδία
1150 1935 1196 1962 τοῦ
1208 1934 1273 1963 λαοῦ
1287 1932 1378 1963 τούτου
1389 1954 1397 1969 ,
1410 1934 1455 1964 καὶ
1471 1939 1525 1968 τοῖς
1539 1937 1603 1965 ὠσὶν
1615 1938 1702 1967 αὐτῶν
1714 1937 1816 1979 βαρέως

1042 1978 1157 2015 ἤκουσαν
1166 1999 1175 2014 ,
1186 1979 1231 2008 καὶ
1240 1978 1299 2012 τοὺς
1312 1980 1460 2019 ὀφθαλμοὺς
1470 1982 1555 2011 αὐτῶν
1571 1983 1728 2022 ἐκάμμυσαν
1736 2006 1744 2020 ,
1760 1983 1816 2023 μή·

1041 2036 1105 2055 ποτε
1118 2025 1194 2054 ἴδωσι
1206 2029 1259 2059 τοῖς
1271 2027 1416 2066 ὀφθαλμοῖς
1425 2048 1432 2062 ,
1459 2027 1504 2057 καὶ
1518 2033 1571 2062 τοῖς
1588 2029 1651 2059 ὠσὶν
1671 2030 1814 2066 ἀκούσωσι,

1042 2071 1087 2101 καὶ
1098 2074 1131 2112 effi
1145 2071 1239 2112 καρδίᾳ
1253 2074 1359 2108 συνῶσι,
1373 2072 1418 2102 καὶ
1431 2074 1626 2114 ἐπιστρέψωσι,
1640 2077 1686 2105 καὶ
1698 2077 1816 2115 ἶάσωμαι

1043 2118 1144 2152 αὔτούς.
1170 2119 1264 2148 Ταῦτα
1284 2118 1343 2148 οὐδὲ
1367 2119 1506 2159 ἑρμηνείας
1519 2116 1595 2159 οἶμαι
1617 2122 1717 2151 δεῖσθαι
1731 2145 1740 2159 ,
1763 2124 1816 2151 τῶν

1044 2164 1158 2205 ἀιφιὸῶς
1169 2167 1252 2195 ταῦτα
1262 2164 1454 2203 ἐπισταμένων,
1469 2166 1656 2206 προλαὸόντων
1671 2167 1716 2197 καὶ
1723 2166 1817 2207 ἐξηγη-

1045 2210 1167 2251 σαμένων
1178 2210 1261 2247 αὗτὰ,
1279 2209 1401 2241 Ἰωάννου
1414 2223 1443 2240 τε
1456 2214 1501 2241 τοῦ
1513 2213 1569 2241 υἱοῦ
1583 2214 1631 2249 τῆς
1643 2214 1762 2253 βροντῆς,
1772 2214 1816 2243 καὶ

1054 2317 1122 2349 cipes
1133 2314 1291 2340 Sodomorum
1302 2320 1327 2340 ez
1343 2315 1499 2341 Gomorrha.
1514 2317 1560 2342 His
1571 2316 1632 2342 addi
1648 2324 1750 2350 possent
1767 2319 1817 2343 Au-

1053 2356 1178 2388 gustinus,
1190 2354 1383 2388 Theodoreius,
1404 2362 1430 2382 et
1447 2359 1543 2383 Auctor
1560 2358 1617 2384 libri
1637 2358 1670 2385 de
1685 2359 1816 2392 Prophetis

1053 2394 1122 2427 apud
1133 2394 1299 2428 Epiphaniam
1310 2407 1315 2422 :
1330 2394 1433 2428 aliique;
1445 2396 1490 2421 sed
1501 2396 1554 2422 haec
1569 2399 1630 2423 satis
1638 2404 1722 2424 sunto.

1092 2435 1106 2454 b
1123 2439 1197 2470 Κυρὶς
1213 2437 1238 2461 δ’.
1257 2437 1354 2463 τούτων.
1374 2436 1434 2461 Hoec
1452 2437 1488 2461 sic
1508 2439 1634 2463 convertit
1649 2438 1814 2463 Tilmnnnus:

1053 2475 1179 2508 Exceptis
1188 2473 1256 2499 hisce
1265 2474 1416 2509 nugacibus.
1427 2475 1560 2508 Pei-peram
1573 2478 1694 2502 omnino:
1708 2485 1776 2508 nam,
1788 2483 1815 2502 ut

1053 2522 1084 2539 ex
1096 2514 1158 2539 serie
1170 2513 1257 2547 liquet,
1269 2512 1429 2546 vertendum,
1450 2514 1554 2542 Proeter
1563 2515 1618 2541 hoec
1629 2522 1711 2541 autem
1718 2526 1728 2548 ‚·
1741 2516 1816 2541 nimi-

1053 2562 1109 2578 rum
1119 2552 1187 2578 aliud
1199 2558 1373 2586 argumentum
1385 2553 1587 2585 praecedentibus
1600 2554 1696 2588 adjicit.

1084 2600 1095 2612 n
1112 2591 1160 2618 Hic
1179 2592 1244 2617 forte
1263 2591 1394 2626 legendum
1414 2596 1488 2623 ἐπειδὴ
1509 2596 1542 2621 δέ.
1566 2594 1634 2630 [Imo
1655 2600 1713 2628 post
1732 2601 1815 2631 τρόπον

1050 2641 1150 2658 comma
1162 2630 1329 2665 limandum]
