1890 2826
309 186 341 209 tN
370 183 483 217 tumn,
511 183 577 207 Hoc
605 182 746 206 sct'rOTE
773 181 864 212 QUOD
891 180 924 203 IN
952 178 1141 204 Novisstlms
1168 179 1298 211 numus,
1326 179 1403 202 E'rc.
1595 166 1637 214 ⁵57

79 250 223 290 ἀνθρώπων
230 247 355 278 ἐπίνοιαν·
366 246 415 283 τὴν
428 244 557 276 ἀπουσίαν
567 243 786 284 παρετηρήσαντο
799 246 846 272 τοῦ

79 295 237 326 διδασκάλω
247 316 256 330 ,
267 294 312 323 καὶ
329 293 389 323 τότε
407 292 530 322 ἐπέθεντο
543 293 582 331 τῷ
593 289 717 330 ποιμνίῳ.
732 290 758 319 T
760 289 768 317 ί
786 285 845 323 οῧνς

901 248 1023 282 ruptores
1037 242 1223 272 imminebunt.
1244 243 1282 271 Ac
1305 240 1438 282 perpende
1456 240 1573 269 serarum
1590 250 1641 270 va·-

900 288 1017 325 fritiem,
1040 295 1066 317 et
1089 289 1274 328 improborum
1297 287 1438 317 hominum
1464 286 1609 315 versutiam
1633 297 1639 314 ε

79 339 304 382 ἀπροστατεύτους
314 342 385 378 ἡμᾶς
399 339 454 378 ἐᾷς,
466 337 512 367 καὶ
525 336 661 377 προλέγεις
671 335 706 364 τὰ
717 334 788 364 δεινὰ
801 333 891 379 μό·2ιίιὶ
901 335 1047 364 absentiam
1068 334 1185 364 doctoris
1205 335 1392 370 observarunt,
1406 339 1433 362 et
1445 339 1508 362 tunc
1535 342 1640 371 gregem

78 399 130 422 νον,
137 386 260 425 οὐδεμίαν
272 385 299 415 δὲ
310 386 420 417 ἐπινοεῖς
433 383 618 423 παραμυθίαν;
630 381 709 412 Ἀλλὰ
724 381 754 410 ἂν
769 383 847 409 τοῦτο
866 388 883 411 Α
901 382 1065 412 invaserunt.
1074 381 1148 418 Quid
1159 381 1264 421 igitur?
1275 391 1323 410 nos
1336 380 1393 409 sine
1404 378 1473 409 duee
1485 385 1511 408 et
1523 378 1641 418 patroci-

78 435 155 472 ποιῇς
163 455 171 470 ,
181 433 280 472 μῶλον
293 431 377 465 αὔξεις
390 430 438 466 τὴν
452 429 560 465 δειλίαν,
569 428 614 458 καὶ
627 427 803 459 καταθάλλεις
813 426 848 456 τὰ

78 478 246 518 φρονήματα,
257 477 303 507 καὶ
311 476 411 509 ἐκλύεις
422 475 457 505 τὰ
468 478 546 515 νεῦρα
554 498 562 510 ,
572 474 717 514 παραλύεις
727 473 774 506 τὰς
789 477 848 513 χεῖ-

80 536 125 563 ρας
139 526 191 554 τῶν
205 523 361 554 ἀκουόντων.
382 522 434 552 Διά
453 534 494 552 τοι
515 523 592 551 τοῦτο
615 519 742 560 πρότερον
756 518 849 552 αὐτοὺς

78 573 124 599 τοῦ
136 570 291 608 Πνεύματος
303 568 448 607 ἀνέμνησεν
458 580 465 586 ·
477 569 524 597 Ἐν
540 562 562 606 ᾧ
574 569 642 605 ὑμᾶς
652 566 683 595 τὸ
692 567 804 603 Πνεῦμα
819 564 850 594 τὸ

80 616 153 655 ἅγιον
173 616 245 645 ἔθετο
270 614 397 654 ποιμένας
421 614 467 644 καὶ
485 612 654 646 ἐπισκόπους.
680 611 738 641 Κᾶν
770 612 848 640 Παῦ-

79 662 123 694 λος
136 660 212 699 ἀπίη,
226 660 315 700 φησὶν,
329 661 387 689 ἀλλ’
403 662 417 689 ὁ
426 659 603 699 Παράκλητος
620 658 761 698 πάρεστιν.
772 652 850 690 Εἶδες

79 708 136 740 πῶς
146 706 292 747 ἐπτέρωσεν
306 707 392 735 αὐτῶν
403 705 454 741 τὴν·
461 705 560 745 ψυχὴν,
575 703 728 743 ἀναμνήσας
739 705 786 732 τοῦ
808 704 850 732 δι-

80 751 211 781 δασκάλου
222 754 267 782 τοῦ
282 750 364 788 θείου,
379 751 412 780 δι’
428 751 456 780 ὃν
478 750 523 780 καὶ
544 750 620 783 αὐτὸς
642 749 735 789 παρὼν
757 748 849 788 ἴσχυε;

81 797 160 831 Τίνος
168 794 213 827 οὖν
226 798 312 827 ἕνεκεν
326 799 362 831 εἷς
375 797 455 837 φόὸον
465 796 588 826 ἐνέὸαλεν
595 809 604 832 ;
617 795 676 825 Ἵνα
688 795 788 835 ἐκὸάλῃ
799 795 849 824 πά·-

80 845 122 873 λιν
135 845 183 880 τὴν
196 844 335 884 ῥαθυμίαν.
350 844 483 884 Ἑκάτερα
500 843 552 883 γὰρ
563 844 602 872 δεῖ
621 846 706 872 ποιεῖν
725 842 770 871 τὸν
782 854 850 881 συμ-

902 428 948 457 ῃίο
959 427 1072 464 deseris,
1085 434 1242 465 tantumque
1256 426 1419 456 calamitates
1437 423 1579 464 praedicis,
1594 433 1644 452 ne-

899 484 952 513 que
974 473 1058 503 ullam
1081 473 1216 514 excogitas
1237 471 1467 503 consolationem?
1489 471 1595 500 Verum
1621 469 1644 498 si

900 520 952 549 hoc
962 520 1052 555 facias,
1064 520 1187 549 timorem
1199 530 1291 558 auges,
1306 525 1332 548 et
1343 518 1449 547 animos
1461 515 1567 555 dejicis,
1581 525 1643 544 ner-

900 577 950 596 vos
961 566 1100 603 dissolvis,
1116 573 1194 604 atque
1207 575 1302 594 manus
1313 563 1491 594 audientium.
1506 561 1571 591 Ideo
1591 570 1643 590 non

901 612 978 654 prius
992 613 1048 642 illis
1061 612 1194 652 Spiritum
1208 610 1427 641 commemoravit
1442 621 1449 638 :
1466 611 1504 638 In
1518 618 1577 648 quo
1589 617 1644 636 vos
1653 606 1789 632 A‹·1·20·28·

900 661 1024 700 Spiritus
1043 665 1162 689 sanctus
1182 659 1281 698 posuit
1297 663 1428 697 pastores
1442 662 1470 685 et
1483 657 1642 694 episcopos.

899 706 1014 737 Etiamsi
1027 706 1129 736 Paulus
1139 705 1227 741 abeat,
1241 704 1340 742 inquit,
1349 710 1377 732 at
1388 702 1542 732 Paracletus
1556 700 1643 730 adest.

901 754 1001 784 Viden'
1015 751 1149 792 quomodo
1162 762 1255 781 eorum
1276 749 1360 780 erexit
1373 749 1504 785 animum,
1519 748 1645 778 divinum

900 809 1110 829 commemorans
1133 793 1281 832 doctorem,
1294 797 1372 836 cujus
1394 805 1444 835 ope
1458 801 1484 823 et
1503 795 1560 834 ipse
1579 793 1645 822 dum

899 856 1016 885 praesens
1027 852 1094 874 esset
1106 843 1237 874 valebat?
1252 844 1309 872 Cur
1320 851 1383 880 ergo
1398 841 1519 870 timorem
1534 840 1644 879 iujecit?

80 889 252 925 δουλεύοντα,
268 890 337 929 μήτε
350 889 454 929 ἆφῑέναῑ
467 891 571 929 θαῤῥεῖν
584 888 629 918 τὸν
651 887 795 922 ἀκούοντα,
806 887 849 916 ἵνα
866 894 884 917 Β
900 892 939 921 Ut
950 891 1082 920 desidiam
1096 889 1256 919 eliminaret.
1270 889 1425 926 Utrumque
1436 886 1508 915 enim
1520 892 1646 926 praestare

81 935 119 974 μὴ
135 935 307 975 ῥαθυμότερος
319 935 442 974 γε’νγ-τοῑι·
462 935 530 974 μήτε
550 934 639 975 φοὸεῖν
662 934 742 963 πάλιν
762 933 850 972 μόνον,

80 981 122 1010 ἵνα
137 982 174 1020 μὴ
198 983 235 1015 εἷς
248 981 347 1011 δειλίαν
361 980 474 1020 ἐμπέσῃ.
489 980 653 1020 Ἀναμνήσας
668 981 716 1019 μὲν
734 975 779 1009 οῧν
803 982 849 1009 τοῦ

80 1026 248 1066 Πνεύματος,
267 1026 375 1062 ἐξέὸαλε
387 1026 436 1063 τὴν
458 1026 570 1056 δειλίαν·
585 1026 666 1055 εἰπὼν
684 1026 712 1055 δὲ
732 1025 792 1058 τοὺς
805 1025 850 1054 λύ-

80 1085 158 1110 κους,
173 1073 280 1108 ἐξέὸαλε
291 1073 338 1110 τὴν
354 1073 494 1113 ῥᾳθυμίαν.
515 1072 599 1102 Λύκοι
621 1074 724 1112 βαρεῖς,
740 1072 777 1110 μὴ
791 1083 849 1111 φει-

80 1120 184 1159 δόμενοι
197 1123 242 1150 τοῦ
251 1120 384 1159 ποιμνίου.
400 1119 552 1159 Προσέχετε
566 1121 676 1152 ἑαυτοῖς.
691 1118 775 1148 Οὐδὲν
786 1120 848 1147 ὑπε-

80 1166 236 1204 στειλάμην,
248 1166 313 1206 φησί
324 1178 330 1184 ·
346 1164 523 1204 μνημονεύετέ
544 1176 606 1203 μου.
619 1163 720 1193 Ἱκανὸν
741 1163 792 1203 γὰρ
806 1163 851 1192 ὅν-

81 1224 132 1245 τως
146 1213 183 1245 εἷς
192 1211 222 1241 τὸ
233 1213 337 1252 θαῤῥεῖν
348 1211 378 1241 τὸ
390 1213 540 1250 μεμνῆσθαι
553 1209 673 1239 Παύλου.
687 1210 749 1249 Οὐχ
759 1209 851 1243 ἁπλῶς

82 1258 110 1286 δὲ
125 1257 197 1297 λέγει
210 1258 258 1294 τὴν
273 1258 380 1296 μνήμην
398 1257 445 1293 τὴν
464 1259 574 1290 ἑαυτοῦ,
590 1255 658 1285 ἀλλὰ
674 1254 722 1291 τὴν
742 1254 850 1294 μνήμην

81 1306 133 1332 τῶν
148 1303 369 1343 κατορθωμάτων.
383 1302 448 1332 ιὍτι
467 1302 519 1342 γὰρ
532 1303 582 1342 οὔχ
604 1302 695 1334 ἁπλῶς
716 1301 788 1340 λέγει
802 1301 850 1337 τὴν

80 1350 189 1388 μνήμην
202 1349 252 1385 τὴν
266 1351 361 1386 αὐτοῦ,
377 1349 436 1378 ἀλλ’
450 1348 493 1377 ἵνα
510 1347 672 1387 μεμνημένοι
686 1346 850 1382 ζηλώσωσιν,

81 1396 220 1426 ἀκούσοντι
239 1395 384 1435 ἐπήγαγεν·
400 1392 587 1433 Μνημονεύετέ
601 1405 650 1432 μου
659 1416 667 1429 ,
685 1393 725 1422 ὅτι
736 1392 852 1432 τριετίαν

81 1442 165 1472 νύκτα
176 1442 222 1472 καὶ
234 1441 335 1482 ἡμέραν
343 1442 372 1470 οὗ
386 1439 516 1470 διέλειπον
526 1439 594 1478 μετὰ
607 1439 726 1479 δακρύων
741 1439 787 1468 καὶ
800 1441 853 1468 τῶν

83 1488 204 1528 ὀδυρμῶν
213 1487 317 1517 ἐκείνων
325 1487 588 1523 ἇπάντων,νουθετῶν
598 1485 643 1514 ἕνα
651 1485 760 1514 ἕκαστον
771 1486 854 1524 ὑμῶν.

85 1535 147 1573 Οὐχ
156 1534 247 1567 ἁπλῶς
262 1535 331 1572 ὑμᾶς
341 1533 470 1572 βούλομαι
485 1530 635 1571 μεμνῆσθαί
645 1542 709 1569 μου,
725 1530 793 1560 ἀλλὰ
809 1531 854 1560 καὶ

84 1582 130 1608 τοῦ
139 1579 234 1619 χρόνου
247 1579 293 1608 καὶ
303 1581 350 1614 τῆς
359 1577 501 1614 νουθεσίας,
511 1577 609 1612 καὶτῆς
621 1577 737 1611 σπουδῆς
745 1576 789 1605 καὶ
800 1578 853 1606 τῶν

85 1625 215 1664 δακρύων,
228 1624 274 1654 καὶ
294 1626 347 1653 τῶν
361 1624 483 1662 ὀδυρμῶν
497 1622 603 1652 ἐκείνων
617 1621 749 1651 ἁπάντων.
762 1621 853 1651 Καθά-

84 1682 136 1709 περ
147 1670 198 1709 γὰρ
219 1669 264 1699 ἐπὶ
276 1671 329 1698 τῶν
345 1669 497 1708 καμνόντων
510 1669 534 1697 οἱ
547 1667 737 1708 προσήκοντες,
747 1667 853 1696 ἐπειδὰν

82 1714 198 1748 πολλοὺς
206 1714 252 1744 καὶ
261 1714 377 1754 μακροὺς
386 1713 567 1746 ἀποτείναντες
574 1713 665 1752 λόγους
678 1712 716 1752 μὴ
726 1714 853 1742 πεισθῶσι

84 1761 118 1790 τὰ
129 1763 182 1791 τῶν
197 1760 399 1801 ἀῤῥωστούντων
419 1759 546 1799 προέσθαι
560 1759 632 1788 σιτία
652 1758 697 1788 καὶ
711 1758 852 1798 φάρμακα,

82 1806 250 1847 δακρύουσιν,
258 1806 327 1836 ὥστε
339 1805 432 1839 αὐτοὺς
442 1805 591 1846 ἐπικάμψαι
603 1805 702 1844 μᾶλλον
712 1816 718 1823 ·
729 1804 797 1834 οὕτω
809 1805 853 1834 καὶ

84 1854 190 1886 Παῦλος
202 1853 247 1882 ἐπὶ
260 1855 312 1882 τῶν
327 1853 452 1891 μαθητῶν
466 1851 558 1881 ἐποίει·
570 1850 649 1887 ἡνίκα
659 1850 690 1879 ἂν
698 1845 764 1880 εἶδεν
777 1852 853 1881 ἀσθε-

901 936 980 966 debet
993 936 1016 966 is
1029 936 1077 975 qui
1089 935 1136 965 (lat
1149 934 1292 965 consilium
1302 956 1310 970 ,
1326 943 1374 962 nec
1387 932 1541 972 permittere
1552 937 1581 960 ut
1593 942 1644 960 au-

901 982 973 1011 ditor
986 981 1114 1016 confidat,
1129 991 1162 1010 ne
1189 979 1295 1019 segnior
1322 977 1433 1015 evadat;
1446 986 1531 1016 neque
1543 983 1645 1016 perter-

900 1029 1014 1057 refacere
1034 1034 1136 1056 tantum
1145 1049 1153 1063 ,
1168 1036 1201 1055 ne
1226 1026 1253 1054 in
1275 1024 1390 1053 nimium
1411 1029 1512 1052 metum
1530 1022 1641 1052 incidat.

901 1074 971 1103 Cum
984 1083 1047 1112 ergo
1058 1072 1186 1112 spiritum
1201 1069 1430 1106 commemoravit,
1447 1068 1569 1098 t'tmorem
1587 1067 1645 1108 eje-

900 1119 951 1154 cit;
961 1129 1022 1148 cum
1033 1118 1112 1158 lupos
1123 1116 1209 1154 addit,
1220 1115 1359 1155 segnitiem
1372 1114 1487 1154 depulit.
1497 1115 1571 1154 Lupi
1584 1124 1647 1154 gra-

903 1176 960 1201 ves,
969 1174 1028 1194 non
1033 1170 1186 1205 parcentes
1192 1164 1281 1203 gregi.
1289 1162 1446 1191 Attendite
1457 1162 1553 1190 vobis.
1560 1160 1647 1190 Nihil

901 1213 1052 1249 subtraxi,
1074 1211 1163 1250 inquit
1178 1223 1184 1239 :
1201 1219 1332 1239 memores
1352 1214 1434 1237 estote
1451 1207 1514 1236 mei.
1538 1206 1645 1237 Sufficit
1676 1215 1737 1237 Pauli
1749 1224 1795 1238 me-

1711 1255 1722 1267 a
1745 1248 1793 1268 suf-

900 1259 972 1288 enim
985 1257 1064 1288 Pauli
1079 1256 1206 1286 memoria
1220 1255 1256 1285 ad
1268 1254 1396 1284 fiduciam
1413 1252 1568 1282 indendam.
1582 1254 1644 1282 Non
1654 1248 1708 1268 ''¹⁰'‘

900 1303 1058 1334 memoriam
1070 1303 1113 1333 sui
1126 1302 1212 1342 tangit
1223 1301 1323 1338 solum,
1336 1300 1384 1330 sed
1396 1299 1477 1329 etiam
1489 1302 1645 1328 memoriam
1653 1278 1731 1330 ‘eiiiinssd
1739 1279 1794 1331 iiiii-

1653 1340 1713 1361 dant.

901 1358 1050 1390 gestorum.
1070 1349 1151 1387 Quod
1165 1349 1236 1379 enim
1250 1358 1302 1377 non
1317 1346 1475 1387 simpliciter
1489 1346 1646 1375 memoriam

902 1398 945 1427 sui
958 1398 1075 1438 postulet
1089 1409 1096 1430 ;
1110 1396 1159 1426 sed
1171 1403 1201 1426 ut
1213 1394 1347 1425 recordati
1362 1394 1431 1434 ejus,
1448 1393 1538 1433 ipsum
1551 1392 1647 1422 imita-

904 1452 1014 1482 rentur,
1037 1443 1163 1473 audituro
1179 1442 1267 1472 cuivis
1291 1440 1400 1480 subjicit
1416 1450 1424 1467 z
1440 1439 1647 1469 Recordamini
1654 1440 1790 1464 Ac1.2o.31.

904 1494 970 1527 mei,
987 1490 1126 1531 quoniam
1137 1499 1190 1528 per
1202 1489 1360 1518 triennium
1376 1493 1461 1516 nocte
1474 1493 1502 1516 et
1517 1487 1565 1515 die
1586 1496 1645 1514 non

903 1539 1014 1567 cessavi
1028 1547 1095 1566 cum
1110 1537 1252 1573 lacrymis
1266 1540 1294 1563 et
1310 1534 1461 1574 gemitibus
1481 1533 1542 1561 illis
1553 1534 1644 1562 omni-

904 1586 966 1621 bus,
985 1593 1106 1614 monens
1124 1590 1357 1621 unumquemque
1369 1586 1510 1619 vestrum.
1526 1580 1586 1608 Non
1600 1588 1644 1607 so-

902 1631 961 1660 lum
973 1632 1025 1660 mei
1038 1629 1174 1659 recordari
1182 1638 1231 1658 vos
1239 1627 1336 1667 cupio;
1350 1625 1397 1656 sed
1408 1626 1488 1655 etiam
1502 1624 1644 1664 temporis,

904 1676 1110 1711 admonitionis,
1130 1684 1212 1709 curae,
1241 1673 1421 1712 lacrymarum
1447 1677 1473 1700 et
1497 1670 1646 1710 gemituum

907 1720 1018 1749 illorum
1035 1717 1166 1748 omnium.
1184 1715 1419 1753 Quemadmodum
1436 1714 1507 1743 enim
1531 1720 1646 1753 aegroto-

901 1776 962 1794 rum
973 1764 1091 1804 cognati,
1100 1773 1162 1792 cum
1167 1761 1261 1792 vident
1269 1761 1332 1790 illos
1342 1760 1424 1790 dictis
1434 1759 1490 1789 suis
1501 1759 1647 1798 multisque

901 1810 1010 1840 monitis
1029 1820 1082 1839 non
1106 1807 1200 1839 cedere
1228 1817 1277 1836 nec
1301 1806 1441 1835 admittere
1472 1805 1597 1835 alimenta
1620 1811 1647 1834 et

902 1857 1045 1897 pharmaca
1061 1855 1139 1896 aegris
1150 1853 1335 1894 competentia,
1342 1852 1538 1892 lacrymantur,
1547 1858 1577 1881 ut
1585 1851 1647 1881 illos

84 1900 177 1927 “03⁹³ss
195 1897 239 1927 τὸν
266 1898 343 1936 λόγον
361 1900 408 1933 τῆς
430 1897 617 1933 διδασκαλίας,
635 1896 683 1933 τὴν
708 1896 851 1936 θεραπείαν
868 1906 887 1929 D
902 1903 1010 1933 facilius
1024 1902 1130 1932 flectant
1145 1913 1151 1930 :
1168 1900 1206 1930 sic
1220 1906 1246 1929 et
1259 1899 1360 1929 Paulus
1379 1909 1442 1939 erga
1457 1897 1606 1938 discipulos
1620 1908 1647 1926 se

84 1943 132 1980 τὴν
148 1943 200 1973 ἀπὸ
213 1946 266 1973 τῶν
278 1943 397 1984 δακρύων
410 1943 538 1984 εἰσέφερε.

124 2089 176 2123 Τίς
186 2089 213 2119 δὲ
227 2090 275 2119 οὐκ
288 2089 319 2118 ἂν
333 2089 431 2128 ᾐδέσθη
445 2089 552 2118 Παῦλον
567 2087 713 2127 δακρύοντα
732 2087 777 2117 καὶ
790 2088 851 2117 ὀδυ-

87 2134 195 2174 ρόμενον
215 2137 296 2175 δρῶν,
309 2137 332 2164 εἷ
346 2135 390 2164 καὶ
410 2136 462 2163 τῶν
479 2134 558 2163 λίθων
579 2133 795 2174 ἀναισθητότερος
805 2129 852 2170 {u

86 2176 162 2213 Εἶδες
173 2182 229 2214 πῶς
247 2182 323 2210 κάκεῖ
336 2185 446 2220 προεῖπε
464 2179 498 2208 τὰ
514 2179 658 2218 μέλλοντα;
675 2179 727 2208 Καὶ
741 2180 852 2208 ἐνταῦθα

84 2226 115 2255 τὸ
129 2226 192 2255 αὐτὸ
205 2229 281 2256 τοῦτο
294 2230 363 2255 ποιεῖ
380 2225 464 2265 λέγων
474 2238 480 2244 ·
495 2227 583 2255 Τοῦτο
597 2226 624 2255 δὲ
637 2224 779 2264 γινώσκετε
790 2246 797 2259 ,
812 2225 853 2254 ὅτι

84 2274 112 2302 ἐν
138 2272 264 2312 ἐσχάταις
288 2272 400 2312 ἡμέραις
423 2271 592 2307 ἐνστήσονται
615 2271 701 2310 καιροὶ
729 2271 852 2310 χαλεποί.

85 2318 163 2351 Τίνος
178 2317 205 2347 δὲ
219 2319 306 2347 ἕνεκεν
319 2317 442 2357 Τιμοθέῳ
455 2317 542 2356 λέγει,
554 2317 598 2346 καὶ
614 2317 643 2346 οὗ
657 2316 728 2355 λέγει
737 2328 743 2334 ·
760 2317 851 2345 ἰδέτω-

84 2376 133 2393 σαν
146 2363 173 2393 δὲ
184 2364 208 2392 οἱ
223 2363 289 2402 μετὰ
303 2366 387 2392 ταῦτα
407 2362 545 2401 μέλλοντες
561 2362 695 2401 γίνεσθαι,
707 2362 747 2391 ὅτι
760 2362 853 2398 ἐνστή-

86 2423 176 2441 σονται
188 2410 275 2450 καιροὶ
288 2409 402 2450 χαλεποί
409 2421 417 2444 ;
432 2408 511 2438 Ἀλλὰ
523 2408 635 2448 γίνωσκε
648 2407 679 2437 σὺ
688 2430 695 2444 ,
709 2407 751 2437 ἵνα
767 2410 852 2447 μάθῃς

85 2457 126 2486 ὅτι
139 2456 183 2486 καὶ
196 2458 210 2485 ὁ
223 2454 341 2494 μαθητὴς
355 2454 451 2493 ὁμοίως
467 2456 506 2494 τῷ
530 2453 680 2493 διδασκάλῳ
694 2455 746 2482 τῶν
758 2453 855 2492 ἐσομέ-

901 1950 1009 1989 gerebat
1019 1961 1026 1984 ;
1038 1958 1100 1978 cum
1109 1947 1220 1978 videbat
1232 1946 1362 1976 doctrinae
1374 1955 1521 1975 sermonem
1532 1944 1568 1973 ad
1581 1955 1646 1973 sua-

901 1996 1020 2026 dendum
1048 1994 1186 2024 infirmum
1210 2003 1277 2031 esse,
1301 1992 1483 2032 lacrymarum
1514 1989 1647 2019 medelam

902 2042 1054 2072 inducebat.

942 2090 971 2119 6.
995 2088 1064 2126 Quis
1083 2094 1172 2117 autem
1193 2096 1250 2116 non
1272 2085 1404 2115 reveritus
1423 2092 1491 2114 esset
1504 2107 1512 2122 ,
1533 2084 1648 2113 Paulum

901 2135 1094 2175 lacrymantem
1104 2143 1213 2163 cernens
1227 2143 1257 2161 ac
1279 2138 1436 2171 gementem,
1452 2129 1555 2160 etiamsi
1570 2140 1648 2159 sensu

901 2181 988 2220 magis
1008 2180 1152 2209 destitutus
1168 2179 1272 2215 fuisset,
1288 2188 1369 2217 quam
1381 2176 1504 2217 lapides?
1516 2175 1646 2207 Vidistin'

903 2226 1038 2266 quomodo
1051 2226 1131 2255 etiam
1145 2225 1203 2255 illic
1217 2226 1307 2254 futura
1316 2222 1490 2264 praedixeriti’
1503 2222 1554 2252 Hic
1567 2222 1647 2251 etiam

904 2273 1023 2313 idipsum
1039 2273 1093 2312 agit
1113 2272 1208 2302 dicens
1224 2284 1231 2301 :
1248 2273 1314 2300 Hoc
1334 2277 1433 2300 autem
1445 2271 1556 2304 scitote,
1573 2267 1794 2308 quo-2.Ttm.3.¹.

905 2323 984 2348 niam
995 2321 1026 2348 in
1039 2320 1201 2348 novissimis
1215 2318 1316 2346 diebus
1335 2322 1418 2346 erunt
1433 2322 1559 2354 tempora
1578 2324 1643 2353 gra-

907 2367 965 2395 via.
982 2365 1038 2395 Cur
1049 2371 1138 2394 autem
1152 2363 1180 2392 id
1191 2363 1336 2393 Timotheo
1349 2362 1396 2398 ait,
1405 2371 1453 2390 nec
1465 2361 1531 2389 dicit
1542 2370 1549 2387 ε
1560 2359 1649 2389 Sciant

907 2411 928 2440 ii
943 2410 990 2449 qui
1004 2417 1063 2450 post
1083 2409 1167 2439 futuri
1187 2415 1261 2444 suut,
1277 2409 1334 2437 fore
1346 2414 1465 2446 tempora
1478 2404 1589 2444 gravia?
1604 2403 1650 2432 sed

908 2458 974 2488 scito
992 2464 1034 2495 tu,
1045 2462 1075 2486 ut
1094 2456 1181 2485 discas
1195 2454 1361 2494 discipulum
1377 2451 1487 2492 perinde
1500 2457 1578 2488 atque
1590 2460 1650 2478 ma-

86 2513 136 2531 νων
150 2501 268 2538 κήδεται.
281 2500 351 2531 Οὐδὲ
363 2499 414 2540 γὰρ
433 2501 455 2529 εἷ
473 2498 510 2538 μὴ
525 2499 650 2535 ἐκήδετο,
663 2499 858 2539 παραπλησίως
873 2499 892 2522 E
910 2502 1027 2542 gistrum
1055 2501 1103 2530 illa
1127 2499 1207 2528 etiam
1232 2508 1292 2536 quae
1312 2498 1401 2525 sutura
1421 2501 1483 2523 sunt
1503 2503 1605 2522 curare.
1621 2493 1651 2523 Si

86 2547 178 2588 ἐκείνῳ
193 2547 241 2584 τὴν
263 2546 387 2587 φροντίδα
411 2545 531 2582 ἐνέθηκεν
546 2545 588 2575 ἄν.
602 2544 684 2575 Οὕτω
697 2545 742 2574 καὶ
759 2547 773 2574 ὁ
789 2546 858 2585 Χρι-

87 2593 146 2627 στὸς
159 2597 248 2623 ποιεῖ·
272 2592 362 2629 ἐπειδὴ
384 2591 435 2631 γὰρ
458 2592 605 2631 προσῆλθον
629 2592 653 2620 οἱ
677 2590 809 2629 μαθηταὶ,
823 2591 857 2620 τὰ

910 2546 981 2576 enim
1001 2555 1053 2574 non
1067 2549 1194 2578 curasset,
1209 2552 1261 2570 non
1282 2549 1371 2580 parem
1386 2537 1429 2566 illi
1443 2536 1651 2566 sollicitudinem

911 2589 1089 2630 imposuisset.
1106 2589 1145 2617 lta
1161 2586 1222 2615 fecit
1240 2591 1265 2613 et
1279 2583 1402 2613 Christus
1420 2594 1426 2610 τ
1444 2581 1506 2620 quia
1520 2581 1590 2610 enim
1604 2592 1652 2610 ac-
