1904 2840
72 621 126 644 Aet.
138 621 160 645 6.
173 629 196 652 7.

77 1265 132 1287 Luc.
141 1262 220 1286 16³5.

219 151 290 199 908
816 159 899 183 orus
924 159 1161 184 IMPEuFtse'rUM

219 224 284 254 dent
298 233 364 263 vos;
378 222 424 252 sed
434 222 510 261 quasi
527 221 704 262 depraesenti,
713 222 886 252 Praecedum
892 232 956 253 vos.
977 226 996 250 A
1010 221 1076 252 dum
1090 222 1119 251 in
1142 222 1254 267 longum
1268 222 1482 252 terminumsuae
1495 222 1687 254 dominationis
1705 233 1756 254 ex-

220 263 373 294 Secundum
386 263 441 291 haec
455 262 539 301 igitur
550 262 632 291 verba
648 268 674 291 et
689 261 839 291 sacerdotes
857 262 879 291 si
918 262 961 290 iti-

220 304 349 332 cabantur
360 302 506 341 ingressuri
514 301 545 330 ln
554 311 636 342 regno
653 301 713 337 Dei,
723 301 754 331 id
767 308 819 338 est,
831 272 960 331 crediliuri

220 343 248 371 in
272 342 389 371 Christo.
411 341 464 371 Sed
485 341 549 380 quia
571 341 741 371 credentibus
761 341 914 382 publicanis
935 348 962 370 et

220 382 406 411 meretricibus
417 381 524 416 Joanni,
536 387 562 410 et
575 381 716 421 baptizatis
728 381 762 410 ab
780 392 823 418 eo,
838 380 961 410 sacerdo-

219 428 260 451 tes
271 421 429 450 aestimantes
440 431 468 450 se
482 421 581 461 justos,
597 431 684 460 neque
695 420 802 450 credere
817 421 962 450 voluerunt

221 462 257 497 ei,
272 467 332 500 post
346 460 505 500 publicanos
517 467 543 490 et
554 461 704 490 meretrices
719 460 843 490 intraturi
857 470 962 489 annun-

221 501 332 535 tiantur,
345 501 415 529 sicut
428 507 455 530 et
468 500 567 530 factum
581 507 631 530 est.
643 502 705 531 Post
719 500 898 530 ascensionem
910 510 960 529 au-

221 547 275 569 tem
285 540 393 569 Domini
401 540 481 570 multi
487 550 582 570 eorum
590 551 637 580 per
647 540 781 580 apostolos
789 539 963 569 crediderunt

222 581 249 608 in
261 580 379 614 Christe,
393 580 462 609 sicut
473 586 603 609 testantur
614 582 696 609 Actus
707 579 901 619 apostolorum,
914 578 961 608 di-

222 627 309 649 eentes
326 631 333 648 ε
349 620 390 649 Et
404 620 498 649 multa
513 621 598 649 turba
613 620 796 649 sacerdotum
809 620 963 649 obediebat

210 661 301 700 fidei.
325 660 363 690 Et
380 659 428 698 qui
447 667 510 689 sunt
528 660 667 700 publicani
691 666 717 688 et
738 659 899 696 meretrices,
915 659 962 698 qui

222 707 416 740 praecesserunt
423 710 469 729 eos
481 700 510 728 in
518 699 618 739 regno?
630 699 775 729 Matthaeus
788 699 962 739 publicanus,

223 747 249 769 et
260 740 388 769 Zachaeus
400 739 525 779 princeps
539 739 758 779 publicanorum,
770 745 797 768 et
807 738 895 768 caeteri
911 749 963 778 pu—

222 779 334 816 blicani,
346 779 394 818 qui
403 789 466 808 cum
475 778 542 819 ipsis
553 786 579 808 et
591 785 701 823 propter
709 778 781 819 ipsos
794 777 966 808 crediderunt

223 819 251 847 in
272 819 391 849 Christo.
409 819 446 849 Et
467 829 527 857 quae
549 818 721 848 meretrices?
736 819 811 855 Quas
828 825 966 863 exponunt
982 826 999 849 B

223 859 393 898 evangelistae
405 869 491 898 nuper
498 865 632 895 testantes,
647 857 711 896 quia
722 858 862 898 publicani
872 865 898 887 et
909 868 967 887 me-

224 899 332 928 retrices
349 897 522 927 crediderunt
535 898 642 928 Christo
655 897 745 927 adhuc
758 897 787 926 in
801 896 902 927 mundo
917 897 967 927 hoc

224 937 341 978 degenti.
364 938 520 968 Sacerdotes
540 944 628 967 autem
651 944 711 977 post
732 947 872 966 ascensum
891 937 967 966 illius

224 989 273 1018 per
287 978 420 1018 apostolos
439 976 622 1007 crediderunt.
640 978 714 1017 Ergo
736 983 844 1017 propter
858 976 967 1006 miseri-

225 1017 346 1047 cordiam
356 1017 466 1056 quidem
476 1018 528 1047 Dei
539 1017 651 1055 ingressi
665 1024 728 1046 sunt
737 1024 762 1046 et
773 1017 825 1056 ipsi
836 1016 864 1045 in
875 1027 966 1055 regno,

224 1065 334 1098 propter
347 1057 488 1087 elationem
510 1063 598 1086 autem
612 1056 701 1086 cordis
713 1056 755 1086 sui
768 1063 829 1096 post
845 1056 969 1096 publica-

225 1107 274 1127 nos
291 1105 317 1127 et
333 1098 485 1127 meretrices
497 1096 609 1136 ingressi
628 1103 701 1134 sunt,
724 1103 753 1125 ut
775 1096 850 1126 fieret
862 1096 901 1126 eis
919 1107 967 1137 pro

225 1148 304 1177 poena
317 1138 449 1178 superbiae
482 1136 601 1166 raecessio
618 1136 788 1166 meretricum
801 1143 827 1166 et
841 1137 968 1176 publica-

225 1187 340 1206 norum:
356 1183 386 1206 ut
404 1188 452 1218 per
486 1187 517 1207 oc
537 1187 738 1215 cognoscamus,
755 1177 820 1216 quia
839 1176 910 1206 nihil
930 1177 969 1206 sic

227 1216 340 1257 impedit
358 1217 439 1246 fidem
452 1227 534 1255 quam
545 1216 624 1246 elatio
644 1216 753 1246 cordis:
772 1216 842 1246 unde
863 1216 969 1247 dicebat

228 1256 262 1286 ad
275 1267 329 1292 eos,
346 1258 376 1286 V
373 1267 416 1293 os,
429 1259 479 1296 qui
492 1256 660 1297 justificatis
674 1257 872 1295 vosmetipsos,
888 1257 970 1287 Deus

228 1298 309 1326 novit
319 1297 409 1325 corda
418 1302 518 1325 vestra
530 1306 539 1322 ε
555 1297 626 1334 quia
639 1296 718 1335 quod
731 1294 896 1325 hominibus
909 1296 970 1326 ela-

228 1343 290 1366 tum
307 1343 360 1373 est,
376 1336 555 1365 abominatio
568 1342 611 1364 est
631 1341 700 1363 ante
720 1336 827 1364 Deum.
840 1337 889 1364 55.
906 1337 971 1365 Au-

228 1376 289 1405 dite
300 1381 329 1404 et
347 1376 438 1405 aliam
457 1374 639 1415 parabolam.
658 1376 697 1403 Ac
712 1374 734 1402 si
758 1373 829 1403 dicat
845 1386 852 1402 ε
869 1374 970 1405 Iterum

228 1426 278 1445 vos
286 1415 411 1452 vulnero,
425 1422 454 1444 ut
465 1413 610 1452 aliquando
622 1413 740 1443 sentiatis
752 1413 874 1443 dolorem
892 1426 898 1442 τ
909 1424 970 1444 nam
986 1417 1004 1440 C

228 1465 322 1496 aspera
335 1455 467 1484 medicina
484 1453 564 1483 citius
578 1460 663 1490 sanat,
678 1453 726 1482 uhi
741 1459 827 1482 tamen
842 1454 971 1484 sanabilis

229 1495 339 1524 morbus
353 1501 402 1524 est.
419 1495 536 1523 ’Homo
556 1500 619 1523 erat
636 1492 865 1533 paterfamilias.
883 1494 970 1523 Homo

228 1534 345 1569 nomine,
359 1545 412 1563 non
431 1540 527 1562 natura
543 1545 549 1562 ε
563 1531 752 1567 similitudine,
772 1542 826 1561 non
846 1533 967 1562 veritate.

228 1574 258 1605 Si
271 1574 332 1613 quis
345 1581 434 1604 autem
442 1573 577 1602 existimat
587 1572 726 1603 Christum
735 1572 786 1600 hac
797 1581 876 1601 causa
890 1573 970 1603 etiam

228 1621 332 1643 tantum
349 1615 466 1643 animam
487 1612 614 1642 habuisse
632 1612 789 1648 humanam,
804 1612 867 1650 quia
882 1612 971 1642 dictus

228 1661 268 1683 est
280 1653 372 1691 homo,
395 1653 486 1682 audiat
508 1660 534 1682 et
553 1654 642 1682 Deum
656 1653 760 1681 Patrem
780 1651 916 1682 hominem
929 1652 973 1682 di-

229 1700 312 1723 etum.
328 1693 458 1723 Praescius
468 1693 519 1723 Dei
538 1692 636 1729 Filius,
649 1692 776 1730 quoniam
790 1702 837 1731 per
849 1692 970 1732 appella-

228 1733 354 1763 lationem
374 1732 487 1762 humani
499 1732 616 1762 nominis
628 1731 704 1770 quasi
720 1731 799 1760 homo
814 1742 899 1771 purus
913 1732 972 1761 fue-

228 1780 269 1802 rat
278 1772 518 1813 blasphemandus,
531 1772 613 1801 etiam
623 1772 711 1800 Deum
724 1772 829 1800 Patrem
843 1771 971 1801 invisibi-

227 1811 281 1842 lem
294 1812 467 1842 constitutum
486 1812 623 1841 hominem
642 1821 655 1839 a
677 1810 799 1850 pellavit‚
811 1818 842 1840 ut
859 1810 926 1840 dum
945 1818 971 1840 et

226 1853 305 1881 Pater
318 1852 398 1881 homo
421 1851 531 1887 dicitur,
547 1851 634 1881 Filius
654 1821 689 1879 de
706 1850 892 1880 haereticorum
910 1850 971 1880 bla-

227 1892 356 1931 sphemiis
369 1891 509 1921 liberetur.
526 1890 724 1920 Paterfamilias
745 1896 795 1925 est,
810 1891 855 1920 cui
874 1890 970 1920 caelum

227 1938 253 1960 et
265 1938 334 1960 terra
345 1931 422 1970 quasi
437 1941 489 1960 una
507 1937 570 1960 sunt
589 1929 698 1965 domuS,
713 1929 760 1968 qui
774 1930 931 1970 angelorum
945 1937 971 1959 et

226 1971 367 2000 hominum
377 1977 470 1999 natura
483 1969 609 2000 dominus
622 1976 672 2006 est,
685 1969 870 1999 benevolentia
881 1976 966 2010 pater.

1009 261 1134 299 tendunt,
1147 261 1268 301 affligant
1286 262 1419 302 populum
1435 263 1484 292 Dei
1496 263 1641 293 novitium.
1656 264 1698 293 Et
1709 273 1755 293 se·

1008 311 1075 339 pem
1094 302 1283 331 circumdedit
1297 305 1334 337 ei,
1347 309 1376 331 et
1389 303 1610 343 torcular-fodit
1623 305 1656 332 in
1668 314 1715 340 ea,
1727 310 1757 333 et

1010 341 1165 380 aedificavit
1178 343 1289 370 turrim.
1305 341 1381 378 Quid
1394 349 1435 372 est
1451 343 1534 382 sepis,
1549 342 1603 372 nisi
1623 343 1714 382 angeli
1728 343 1756 372 in

1015 379 1143 416 circuitu,
1155 380 1335 410 custodientes
1342 381 1475 422 populum
1489 382 1550 419 Dei,
1563 392 1596 411 ne
1606 382 1635 411 in
1649 383 1756 412 vineam

1014 419 1116 448 Christi
1137 419 1289 449 invisibiles
1310 420 1426 450 latrones
1447 421 1535 450 irrum
1554 422 1620 450 ant?
1640 422 1759 461 Angelos

1015 458 1086 487 enim
1097 469 1211 499 praeesse
1229 459 1386 490 hominibus
1398 467 1425 490 et
1436 432 1573 501 apostolius
1585 460 1654 491 dicit
1668 472 1676 490 ι
1690 463 1759 491 Mu-
1771 476 1792 493 r.
1802 470 1856 493 Cor.
1870 477 1878 492 ι
1886 467 1904 496 ἰ.

1015 498 1071 527 lier-
1083 499 1220 528 velamen
1230 499 1316 529 debet
1326 500 1434 530 habere
1447 510 1535 540 super
1544 507 1632 540 caput
1642 508 1761 541 propter
1773 509 1808 525 ¹⁰·

1015 538 1146 578 angelos.
1158 539 1225 568 Item
1234 539 1366 569 Dominus
1377 552 1384 569 :
1395 539 1498 569 Amen
1507 540 1574 570 dico
1582 542 1677 577 vobis,
1687 544 1760 581 quia
1769 548 1856 571 nauh.
1872 547 1904 574 ια

1015 578 1115 617 angeli
1135 589 1234 607 eorum
1259 577 1389 619 quotidie
1409 580 1513 610 vident
1541 582 1635 609 aciem
1658 581 1759 610 Patris
1773 585 1810 603 ¹⁰·

1014 619 1082 646 mei.
1098 618 1134 647 Et
1146 619 1174 648 in
1191 619 1302 648 Actibus
1321 619 1506 659 apostolorum
1535 619 1617 650 icitur
1629 619 1666 649 ad
1680 621 1759 660 puel·
1897 644 1904 658 .-

1015 656 1070 686 lam
1089 658 1256 688 nuntiantem
1269 658 1303 688 de
1316 660 1406 695 Petro,
1416 659 1462 688 Ne
1486 666 1548 689 orte
1559 660 1682 699 angelus
1698 661 1760 699 ejus
1770 659 1904 694 Act-¹²³5

1016 699 1065 726 sit.
1082 697 1157 734 Quid
1177 705 1216 728 est
1233 698 1361 735 torcular,
1376 699 1429 728 nisi
1472 699 1586 729 eclesia?
1599 699 1677 729 Sicut
1689 700 1762 729 enim

1017 747 1078 766 area
1096 738 1215 767 Ecclesia
1233 738 1409 778 intelligitur,
1424 738 1487 778 quia
1501 739 1530 768 in
1544 749 1575 768 ea
1587 749 1635 779 per
1649 739 1763 769 multam

1018 777 1216 807 triturationem
1233 784 1258 806 et
1271 778 1471 808 ventilationem
1490 779 1610 808 triticum
1625 785 1763 819 separatur

1019 827 1035 845 a
1068 816 1148 847 aleis:
1158 818 1197 847 sic
1209 817 1406 848 rationabiliter
1416 818 1537 848 Ecclesia
1548 818 1667 848 torcular
1676 825 1716 848 est
1726 820 1764 848 in-

1020 827 1174 896 telligenda,
1196 857 1226 886 in
1240 868 1295 896 qua
1315 867 1407 887 omnes
1428 859 1532 887 fructus
1552 858 1647 896 vineae,
1663 857 1692 888 id
1711 865 1763 895 est,

1019 905 1100 940 opera
1113 906 1254 926 servorum
1266 897 1327 934 Dei,
1340 904 1365 926 et
1379 897 1446 927 fides
1459 898 1581 927 roborata
1593 898 1629 927 ad
1642 899 1693 928 Dei
1703 898 1765 938 glo-

1019 946 1087 965 riam
1104 938 1332 966 transmittuntur.
1345 937 1465 967 Ecclesia
1479 944 1569 967 autem
1583 937 1703 967 torcular
1714 945 1765 976 est,

1020 975 1121 1005 habens
1133 975 1161 1004 in
1175 986 1205 1006 se
1215 977 1329 1007 verbum
1342 977 1406 1014 Dei,
1419 987 1474 1016 quo
1486 987 1540 1006 non
1553 977 1702 1007 delectatur
1714 987 1763 1007 na-

1020 1021 1080 1044 tura
1094 1016 1218 1053 carnalis,
1227 1016 1376 1055 adquiescit
1387 1023 1477 1046 autem
1490 1016 1515 1046 ei
1525 1023 1644 1047 contorta
1655 1024 1766 1057 propter

1019 1055 1145 1084 timorem
1162 1055 1273 1095 judicii,
1300 1056 1346 1085 vel
1371 1066 1490 1086 amorem
1514 1057 1635 1096 praemii,
1658 1063 1688 1086 ut
1710 1066 1764 1087 non

1021 1095 1042 1134 †
1053 1102 1156 1125 tantum
1174 1095 1232 1135 ipsa
1248 1095 1371 1126 Ecclesia
1393 1096 1512 1126 torcular
1534 1095 1670 1134 videatur,
1683 1107 1766 1143 quan·
1789 1108 1803 1135 «Ι»
1814 1107 1844 1130 nl.
1856 1108 1904 1131 ἀρ..

1019 1142 1078 1165 tum
1090 1135 1180 1174 ipsum
1194 1135 1307 1165 verbum
1322 1135 1384 1172 Dei,
1405 1135 1477 1175 quod
1490 1135 1620 1165 traditum
1638 1143 1678 1166 est
1695 1147 1724 1166 in
1734 1147 1765 1166 ea
1774 1147 1827 1162 ¹¹⁰1·-

1019 1176 1133 1204 fossum.
1147 1175 1176 1205 Si
1190 1175 1262 1204 enim
1273 1175 1388 1205 verbum
1409 1176 1481 1206 Novi
1502 1176 1676 1212 Testamenti,
1691 1176 1766 1215 quod

1019 1215 1080 1245 leve
1103 1222 1154 1252 est,
1170 1217 1272 1245 cruciat
1293 1215 1429 1244 hominem
1440 1238 1448 1253 ,
1463 1215 1660 1246 contradicente
1679 1216 1768 1246 carnis

1022 1262 1117 1284 natura
1130 1262 1246 1294 :quanto
1258 1255 1344 1294 magis
1354 1255 1466 1285 verbum
1475 1255 1584 1287 Veteris
1591 1256 1766 1293 Testamenti,

1021 1294 1095 1334 quod
1106 1294 1276 1334 importabile
1289 1295 1365 1324 erat?
1380 1295 1437 1324 Ubi
1448 1305 1511 1334 ergo
1524 1295 1639 1325 verbum
1653 1295 1704 1325 Dei
1717 1306 1768 1336 po-

1022 1334 1104 1363 situm
1124 1341 1182 1363 erat
1199 1334 1227 1362 in
1248 1334 1306 1374 lege
1316 1356 1324 1371 ,
1339 1334 1451 1364 modum
1464 1334 1574 1365 vivendi
1593 1335 1767 1372 constituens,

1022 1373 1139 1402 torcular
1154 1380 1210 1403 erat
1220 1374 1322 1403 fossum
1336 1387 1343 1403 :
1360 1374 1407 1403 ubi
1419 1381 1509 1403 autem
1522 1374 1556 1403 de
1570 1374 1624 1403 fide
1637 1375 1688 1404 Dei
1702 1386 1768 1415 pro·

1022 1413 1192 1453 phetabatur,
1219 1414 1302 1442 turris
1322 1412 1453 1443 aedificata
1476 1420 1543 1443 erat.
1558 1415 1627 1444 Nam
1649 1414 1719 1444 sicut
1738 1414 1766 1444 in

1022 1453 1092 1482 turri
1112 1453 1284 1482 consistentes
1296 1452 1352 1482 duo
1372 1453 1442 1482 hona
1457 1460 1667 1492 consequuntur,
1678 1461 1704 1483 et
1716 1453 1767 1483 ho-

1022 1492 1105 1521 stium
1124 1493 1301 1532 irruptionem
1322 1492 1375 1532 ipsi
1398 1492 1476 1522 facile
1499 1503 1554 1522 non
1575 1493 1725 1533 patiuntur,
1741 1500 1767 1523 et

1021 1532 1111 1561 hostes
1121 1531 1156 1561 de
1176 1532 1244 1561 turri
1258 1532 1336 1561 facile
1347 1539 1510 1562 conterunt:
1526 1534 1564 1562 sic
1574 1539 1601 1562 et
1614 1533 1662 1572 qui
1674 1533 1702 1562 in
1713 1533 1768 1563 fide

1021 1571 1123 1601 Christi
1135 1571 1346 1608 consistunt‚vel
1357 1572 1385 1601 in
1400 1571 1458 1612 lege
1468 1572 1530 1609 Dei,
1539 1579 1566 1602 et
1578 1572 1711 1602 daemones
1721 1584 1769 1603 su-

1022 1622 1071 1651 per
1085 1622 1113 1640 se
1134 1611 1236 1640 irruere
1249 1622 1303 1641 non
1316 1611 1419 1648 sinunt,
1434 1619 1461 1641 et
1474 1611 1662 1658 spiritualibus
1682 1612 1767 1643 bono-

1022 1661 1083 1680 rum
1109 1661 1222 1691 operum
1247 1651 1350 1691 sagittis
1374 1662 1419 1681 eos
1445 1651 1523 1681 facile
1555 1652 1718 1690 vulnerant;
1742 1660 1775 1683 et·

1022 1690 1155 1720 daemones
1166 1701 1196 1720 su
1218 1701 1248 1720 er
1266 1691 1329 1720 illos
1338 1691 1443 1721 irruere
1459 1698 1605 1730 nequeunt,
1620 1698 1645 1721 et
1658 1702 1673 1721 a
1687 1692 1768 1733 spiri-

1022 1730 1144 1760 tualibus
1155 1741 1198 1759 ma
1211 1741 1288 1760 orum
1303 1741 1417 1770 operum
1430 1730 1534 1771 sagittis
1546 1741 1599 1761 non
1617 1731 1696 1761 facile
1708 1732 1769 1762 vul-

1023 1777 1160 1799 nerantur.
1177 1772 1231 1800 Aut
1249 1770 1295 1800 ita.
1313 1771 1392 1811 Sepis
1413 1771 1540 1800 meritum
1553 1777 1631 1801 estet
1644 1771 1767 1802 custodia

1021 1817 1129 1850 patrum
1140 1811 1287 1849 justorum,
1301 1811 1349 1849 qui
1362 1818 1498 1849 tamquam
1514 1821 1609 1840 murus
1626 1810 1714 1841 factus
1727 1818 1768 1841 est

1021 1849 1123 1890 populo
1133 1849 1226 1879 Israel.
1242 1850 1312 1879 Nam
1329 1856 1438 1890 propter
1449 1850 1653 1890 promissionem
1671 1850 1767 1881 factam

1022 1900 1038 1918 a
1048 1890 1116 1926 Deo,
1131 1889 1171 1919 sic
1183 1889 1388 1929 possidebantur
1402 1891 1437 1919 ab
1456 1900 1499 1926 eo,
1512 1890 1592 1919 etiam
1606 1896 1698 1920 contra
1711 1901 1767 1920 me-

1021 1929 1104 1958 ritum
1118 1939 1210 1965 suum,
1225 1929 1292 1969 septi
1312 1930 1414 1959 meritis
1432 1936 1540 1970 patrum
1558 1940 1681 1959 suorum.
1699 1931 1767 1960 Tor·

1022 1968 1108 1998 cular-
1117 1975 1214 1998 autem
1226 1969 1307 2008 fodit
1319 1971 1351 1998 in
1364 1979 1410 1999 ea.
1435 1969 1593 2014 Prophetas,
1611 1980 1647 1999 ex
1665 1970 1767 2008 quibus

226 2010 283 2047 Qui
296 2010 355 2040 ideo
368 2021 396 2039 se
406 2011 512 2039 Patrem
525 2009 647 2038 omnium
660 2009 749 2040 voluit
761 2009 828 2046 dici,
838 2016 867 2038 ut
877 2019 970 2039 omnes
985 2013 1004 2036 D
1021 2008 1097 2047 quasi
1109 2019 1144 2037 ex
1155 2008 1336 2038 torcularibus
1347 2009 1431 2049 gratia
1443 2009 1562 2048 Spiritus
1572 2009 1657 2038 sancti
1669 2009 1766 2039 decur-

225 2049 423 2079 eonsiderantes
440 2049 586 2078 bonitatem
599 2047 668 2088 ejus,
681 2059 734 2078 non
756 2049 808 2078 sub
823 2049 911 2094 specie
931 2049 970 2079 si-

225 2089 326 2118 mulata
340 2089 365 2118 ei
382 2089 509 2125 serviant,
520 2088 597 2127 quasi
615 2089 679 2117 mali
694 2089 765 2117 servi
778 2088 888 2118 dommo
902 2088 969 2125 ;sed

225 2129 254 2158 in
268 2129 390 2164 veritate,
403 2128 479 2167 quasi
490 2127 556 2157 boni
568 2127 620 2157 filii
634 2128 758 2167 genitori.
777 2128 836 2167 Qui
853 2128 968 2167 planta-

227 2170 269 2198 vit
291 2170 421 2197 vineam.
439 2169 528 2204 Quam
550 2167 679 2196 vineam?
689 2169 777 2204 Quam
801 2167 835 2197 de
849 2168 968 2208 AEgypto

224 2208 370 2237 transtulit.
383 2207 526 2245 Quomodo
538 2206 670 2246 plantavit
677 2207 781 2237 vineam
791 2207 887 2236 illam?
895 2209 967 2245 Quo—

223 2247 305 2278 modo
320 2247 422 2277 vinitor
444 2246 592 2282 studiosus,
613 2247 661 2285 qui
681 2246 801 2286 primum
825 2257 917 2276 omnes
936 2247 964 2277 in

222 2287 338 2317 circuitu
350 2287 527 2316 infructuosas
546 2286 636 2326 sylvas
649 2286 759 2322 excidit,
773 2293 798 2316 et
812 2287 850 2316 sic
909 2294 962 2317 stea

221 2326 335 2370 plantat,
347 2337 380 2356 ne
393 2327 461 2356 forte
473 2326 581 2355 arbores
595 2326 774 2362 lascivientes,
785 2325 851 2355 dum
890 2337 923 2356 uc
936 2334 963 2357 et

220 2366 287 2395 illuc
301 2378 349 2406 per
372 2367 451 2406 longa
472 2366 557 2406 spatia
578 2376 666 2395 ramos
686 2376 749 2395 suos
770 2366 956 2406 exporrigunt,

219 2405 308 2435 adbuc
319 2413 438 2435 tenerum
449 2406 561 2435 effocent
573 2405 740 2435 malleolum.
755 2405 801 2436 Sic
811 2407 884 2435 Deus
895 2415 958 2445 gen-

219 2451 262 2475 tes
276 2446 332 2474 sine
348 2446 437 2474 fructu
449 2445 559 2484 “ustitiae
572 2446 728 2474 constitutas
752 2445 861 2479 occidit,
881 2452 907 2474 et
919 2445 957 2475 sic

218 2484 360 2515 collocavit
377 2457 469 2523 Israel,
489 2495 522 2514 ne
542 2485 610 2514 forte
630 2492 719 2524 gentes
740 2485 956 2525 indisciplinam,

1020 2048 1096 2077 rebat
1107 2055 1137 2077 ut
1147 2055 1277 2077 mustum.
1292 2049 1336 2077 Ex
1354 2049 1454 2087 quihus
1467 2058 1668 2087 nonnumquam
1701 2049 1766 2078 otati

1019 2087 1072 2117 filii
1085 2088 1180 2122 Israeli,
1193 2087 1275 2116 musti
1286 2087 1488 2117 admirabantur
1501 2087 1639 2117 virtutem.
1700 2088 1731 2117 di
1741 2099 1766 2117 1-

1020 2129 1098 2157 cavit
1109 2131 1221 2157 tun-im.
1237 2128 1295 2157 Hoc
1307 2134 1357 2164 est,
1371 2127 1436 2167 legis
1450 2126 1578 2156 fiduciam
1594 2134 1621 2156 et
1640 2127 1719 2156 altitu
1740 2127 1765 2156 i-

1019 2177 1090 2203 nem,
1098 2177 1132 2196 ex
1140 2178 1194 2206 qua
1203 2166 1351 2196 sacerdotes
1359 2167 1434 2196 velut
1440 2178 1453 2196 s
1473 2166 1766 2197 eculatoresChristum

1019 2206 1221 2246 specularentur
1228 2213 1384 2236 venturum.
1395 2208 1435 2236 Et
1459 2208 1556 2235 ocavit
1565 2216 1631 2235 eam
1640 2207 1764 2236 colonis.

1018 2247 1074 2284 Qui
1086 2253 1148 2276 sunt
1162 2246 1262 2283 coloni,
1272 2246 1372 2285 quibus
1381 2247 1483 2275 locatus
1492 2253 1532 2275 est
1543 2246 1674 2286 populus,
1686 2246 1716 2276 id
1725 2253 1765 2276 est

1016 2287 1105 2322 vinea,
1121 2286 1172 2315 nisi
1189 2285 1360 2315 sacerdotes?
1371 2286 1510 2316 Plantatus
1523 2293 1562 2315 est
1574 2292 1663 2315 autem
1675 2296 1764 2326 popu-

1015 2325 1058 2355 lus
1073 2326 1190 2365 primum
1205 2326 1233 2354 in
1244 2325 1392 2363 Abraham,
1401 2325 1512 2365 quando
1523 2325 1550 2354 in
1559 2325 1655 2365 primis
1666 2325 1761 2364 loquu-

1013 2372 1058 2395 tus
1069 2373 1108 2394 est
1119 2365 1222 2395 adeum
1233 2366 1317 2401 Deus,
1326 2365 1418 2395 dicens
1430 2378 1436 2394 :
1449 2366 1511 2394 Exi
1523 2365 1558 2394 de
1569 2372 1646 2394 terra
1659 2371 1722 2402 tua,
1732 2371 1761 2394 et
1774 2373 1831 2394 Gen.
1846 2378 1882 2394 12.
1893 2379 1903 2395 ι

1013 2407 1050 2435 de
1060 2408 1233 2446 cognatione
1245 2413 1307 2442 tua,
1321 2412 1371 2434 etc.
1388 2406 1433 2435 Ex
1445 2415 1476 2434 eo
1488 2404 1560 2434 enim
1575 2405 1641 2434 sacta
1655 2411 1695 2434 est
1711 2414 1760 2434 vo·
1769 2422 1843 2439 cmm

1012 2445 1082 2474 catio
1104 2446 1213 2474 seminis
1238 2446 1307 2485 ejus.
1324 2447 1440 2474 Locatus
1459 2451 1498 2474 est
1517 2443 1620 2474 colonis
1640 2450 1760 2513 tem‘pore

1012 2485 1096 2522 Mosi,
1110 2485 1217 2524 quando
1228 2495 1276 2524 per
1289 2484 1375 2525 legem
1388 2483 1524 2514 constituti
1538 2490 1600 2513 sunt
1610 2494 1684 2514 sacer
1704 2491 1763 2514 otes

250 2585 261 2597 ι
277 2577 359 2602 Homo
371 2577 691 2610 cratpalerfizmilias,luee
701 2578 726 2603 iu
738 2577 804 2603 eod.
816 2578 845 2603 V.
860 2579 890 2603 D.
903 2583 959 2603 sunt
978 2576 1092 2602 flomitiae
1105 2578 1211 2601 initium,
