<?xml version="1.0" encoding="UTF-8"?>
<!DOCTYPE html PUBLIC "-//W3C//DTD XHTML 1.0 Transitional//EN"
    "http://www.w3.org/TR/xhtml1/DTD/xhtml1-transitional.dtd">
<html xmlns="http://www.w3.org/1999/xhtml" xml:lang="en" lang="en">
 <head>
  <title>
</title>
<meta http-equiv="Content-Type" content="text/html;charset=utf-8" />
  <meta name='ocr-system' content='tesseract 3.04.00' />
  <meta name='ocr-capabilities' content='ocr_page ocr_carea ocr_par ocr_line ocrx_word'/>
</head>
<body>
  <div class='ocr_page' id='page_1' title='image "./operaomniaquaeex06johnuoft_0191.png"; bbox 0 0 1890 2826; ppageno 0'>
   <div class='ocr_carea' id='block_1_1' title="bbox 355 202 1391 244">
    <p class='ocr_par' dir='ltr' id='par_1_1' title="bbox 355 202 1391 244">
     <span class='ocr_line' id='line_1_1' title="bbox 355 202 1391 244; baseline -0.003 -15"><span class='ocrx_word' id='word_1_1' title='bbox 355 205 391 229; x_wconf 75' lang='lat' dir='ltr'><strong>m</strong></span> <span class='ocrx_word' id='word_1_2' title='bbox 416 204 518 230; x_wconf 81' lang='lat' dir='ltr'><strong>ILLUD</strong></span> <span class='ocrx_word' id='word_1_3' title='bbox 544 205 653 238; x_wconf 58' lang='lat' dir='ltr'><strong>isne,</strong></span> <span class='ocrx_word' id='word_1_4' title='bbox 681 205 748 229; x_wconf 74' lang='lat'><em>1300</em></span> <span class='ocrx_word' id='word_1_5' title='bbox 774 202 923 244; x_wconf 65' lang='lat' dir='ltr'><strong>nouimus</strong></span> <span class='ocrx_word' id='word_1_6' title='bbox 949 203 1034 228; x_wconf 67' lang='lat' dir='ltr'><strong>Deus</strong></span> <span class='ocrx_word' id='word_1_7' title='bbox 1059 205 1137 229; x_wconf 79' lang='lat' dir='ltr'>FECI</span> <span class='ocrx_word' id='word_1_8' title='bbox 1163 204 1289 237; x_wconf 74' lang='lat' dir='ltr'>LUMBN,</span> <span class='ocrx_word' id='word_1_9' title='bbox 1317 203 1391 228; x_wconf 72' lang='lat' dir='ltr'><strong>E&#39;rc.</strong></span> 
     </span>
    </p>
   </div>
   <div class='ocr_carea' id='block_1_2' title="bbox 97 266 869 629">
    <p class='ocr_par' dir='ltr' id='par_1_2' title="bbox 97 266 869 629">
     <span class='ocr_line' id='line_1_2' title="bbox 103 266 868 308; baseline -0.003 -11"><span class='ocrx_word' id='word_1_10' title='bbox 103 269 136 304; x_wconf 79' lang='grc' dir='ltr'><strong>δὴ</strong></span> <span class='ocrx_word' id='word_1_11' title='bbox 149 269 225 297; x_wconf 68' lang='grc' dir='ltr'>τοῦτο</span> <span class='ocrx_word' id='word_1_12' title='bbox 237 267 283 298; x_wconf 81' lang='grc' dir='ltr'><strong>καὶ</strong></span> <span class='ocrx_word' id='word_1_13' title='bbox 295 269 310 297; x_wconf 79' lang='grc' dir='ltr'><strong>ὁ</strong></span> <span class='ocrx_word' id='word_1_14' title='bbox 322 267 474 308; x_wconf 77' lang='grc' dir='ltr'>προφήτης,</span> <span class='ocrx_word' id='word_1_15' title='bbox 489 268 586 307; x_wconf 83' lang='grc' dir='ltr'>Τίμιος</span> <span class='ocrx_word' id='word_1_16' title='bbox 605 267 721 297; x_wconf 81' lang='grc' dir='ltr'>ἐναντίον</span> <span class='ocrx_word' id='word_1_17' title='bbox 741 266 839 306; x_wconf 81' lang='grc' dir='ltr'><strong>Κυρίου</strong></span> <span class='ocrx_word' id='word_1_18' title='bbox 853 267 868 295; x_wconf 79' lang='grc' dir='ltr'><strong>ὁ</strong></span> 
     </span>
     <span class='ocr_line' id='line_1_3' title="bbox 101 311 868 354; baseline -0.001 -12"><span class='ocrx_word' id='word_1_19' title='bbox 101 313 209 347; x_wconf 74' lang='grc' dir='ltr'>θάνατος</span> <span class='ocrx_word' id='word_1_20' title='bbox 221 314 273 342; x_wconf 78' lang='grc' dir='ltr'><strong>τῶν</strong></span> <span class='ocrx_word' id='word_1_21' title='bbox 285 312 363 342; x_wconf 76' lang='grc' dir='ltr'>ὁσίων</span> <span class='ocrx_word' id='word_1_22' title='bbox 378 315 458 343; x_wconf 74' lang='grc' dir='ltr'>αὐτοῦ</span> <span class='ocrx_word' id='word_1_23' title='bbox 466 325 473 332; x_wconf 88' lang='grc'>·</span> <span class='ocrx_word' id='word_1_24' title='bbox 485 316 536 354; x_wconf 79' lang='grc' dir='ltr'>οὐχ</span> <span class='ocrx_word' id='word_1_25' title='bbox 549 314 639 347; x_wconf 78' lang='grc' dir='ltr'>ἁπλῶς</span> <span class='ocrx_word' id='word_1_26' title='bbox 650 315 664 343; x_wconf 83' lang='grc' dir='ltr'>ὁ</span> <span class='ocrx_word' id='word_1_27' title='bbox 678 313 796 347; x_wconf 81' lang='grc' dir='ltr'>θάνατος,</span> <span class='ocrx_word' id='word_1_28' title='bbox 807 311 868 342; x_wconf 79' lang='grc' dir='ltr'>ἀλλ’</span> 
     </span>
     <span class='ocr_line' id='line_1_4' title="bbox 99 358 868 399; baseline -0.001 -11"><span class='ocrx_word' id='word_1_29' title='bbox 99 361 114 388; x_wconf 79' lang='grc' dir='ltr'><strong>ὁ</strong></span> <span class='ocrx_word' id='word_1_30' title='bbox 136 358 238 388; x_wconf 79' lang='grc' dir='ltr'>τοιόσδε</span> <span class='ocrx_word' id='word_1_31' title='bbox 261 358 377 393; x_wconf 77' lang='grc' dir='ltr'>θάνατος.</span> <span class='ocrx_word' id='word_1_32' title='bbox 404 359 457 389; x_wconf 79' lang='grc' dir='ltr'><strong>Καὶ</strong></span> <span class='ocrx_word' id='word_1_33' title='bbox 483 359 564 389; x_wconf 85' lang='grc' dir='ltr'>πάλιν</span> <span class='ocrx_word' id='word_1_34' title='bbox 586 360 705 399; x_wconf 77' lang='grc' dir='ltr'>ἀλλαχοῦ</span> <span class='ocrx_word' id='word_1_35' title='bbox 714 380 722 393; x_wconf 94' lang='grc'>,</span> <span class='ocrx_word' id='word_1_36' title='bbox 746 358 868 391; x_wconf 79' lang='grc' dir='ltr'>Θάνατος</span> 
     </span>
     <span class='ocr_line' id='line_1_5' title="bbox 99 403 867 445; baseline -0.003 -11"><span class='ocrx_word' id='word_1_37' title='bbox 99 405 264 444; x_wconf 67' lang='grc' dir='ltr'>ἁμαρτωλῶν</span> <span class='ocrx_word' id='word_1_38' title='bbox 284 404 406 445; x_wconf 71' lang='grc' dir='ltr'>πονηρός.</span> <span class='ocrx_word' id='word_1_39' title='bbox 427 404 510 445; x_wconf 76' lang='grc' dir='ltr'>Ὁρᾷς</span> <span class='ocrx_word' id='word_1_40' title='bbox 528 405 573 434; x_wconf 72' lang='grc' dir='ltr'><strong>καὶ</strong></span> <span class='ocrx_word' id='word_1_41' title='bbox 597 407 674 434; x_wconf 81' lang='grc' dir='ltr'>τοῦτο</span> <span class='ocrx_word' id='word_1_42' title='bbox 695 405 747 434; x_wconf 81' lang='grc' dir='ltr'><strong>τῶν</strong></span> <span class='ocrx_word' id='word_1_43' title='bbox 763 403 867 443; x_wconf 81' lang='grc' dir='ltr'><strong>μέσων,</strong></span> 
     </span>
     <span class='ocr_line' id='line_1_6' title="bbox 98 449 869 491; baseline -0.001 -11"><span class='ocrx_word' id='word_1_44' title='bbox 98 451 149 491; x_wconf 78' lang='grc' dir='ltr'>οὐχ</span> <span class='ocrx_word' id='word_1_45' title='bbox 162 451 252 484; x_wconf 80' lang='grc' dir='ltr'>ἁπλῶς</span> <span class='ocrx_word' id='word_1_46' title='bbox 265 450 359 487; x_wconf 78' lang='grc' dir='ltr'>καλὸν,</span> <span class='ocrx_word' id='word_1_47' title='bbox 381 450 440 481; x_wconf 73' lang='grc' dir='ltr'>οῦδὲ</span> <span class='ocrx_word' id='word_1_48' title='bbox 455 452 544 485; x_wconf 75' lang='grc' dir='ltr'>ἅπλῶς</span> <span class='ocrx_word' id='word_1_49' title='bbox 557 451 654 486; x_wconf 79' lang='grc' dir='ltr'>κακὸν,</span> <span class='ocrx_word' id='word_1_50' title='bbox 677 451 736 480; x_wconf 77' lang='grc' dir='ltr'>ἀλλ’</span> <span class='ocrx_word' id='word_1_51' title='bbox 755 449 808 479; x_wconf 80' lang='grc' dir='ltr'><strong>ἀπὸ</strong></span> <span class='ocrx_word' id='word_1_52' title='bbox 821 451 869 485; x_wconf 78' lang='grc' dir='ltr'><strong>τῆς</strong></span> 
     </span>
     <span class='ocr_line' id='line_1_7' title="bbox 97 494 868 536; baseline -0.003 -10"><span class='ocrx_word' id='word_1_53' title='bbox 97 496 206 535; x_wconf 79' lang='grc' dir='ltr'>γνώμης</span> <span class='ocrx_word' id='word_1_54' title='bbox 218 499 270 526; x_wconf 81' lang='grc' dir='ltr'><strong>τῶν</strong></span> <span class='ocrx_word' id='word_1_55' title='bbox 286 496 486 536; x_wconf 77' lang='grc' dir='ltr'>ὑποδεχομένων</span> <span class='ocrx_word' id='word_1_56' title='bbox 500 496 577 533; x_wconf 70' lang='grc' dir='ltr'>αὐτός</span> <span class='ocrx_word' id='word_1_57' title='bbox 592 495 644 526; x_wconf 79' lang='grc' dir='ltr'><strong>Διὰ</strong></span> <span class='ocrx_word' id='word_1_58' title='bbox 657 495 690 531; x_wconf 78' lang='grc' dir='ltr'><strong>δὴ</strong></span> <span class='ocrx_word' id='word_1_59' title='bbox 704 498 782 525; x_wconf 83' lang='grc' dir='ltr'>τοῦτο</span> <span class='ocrx_word' id='word_1_60' title='bbox 795 494 840 525; x_wconf 78' lang='grc' dir='ltr'><strong>καὶ</strong></span> <span class='ocrx_word' id='word_1_61' title='bbox 853 497 868 524; x_wconf 85' lang='grc' dir='ltr'><strong>ὁ</strong></span> 
     </span>
     <span class='ocr_line' id='line_1_8' title="bbox 99 541 868 582; baseline -0.001 -11"><span class='ocrx_word' id='word_1_62' title='bbox 99 541 248 582; x_wconf 78' lang='grc' dir='ltr'>σοφώτατος</span> <span class='ocrx_word' id='word_1_63' title='bbox 265 541 410 581; x_wconf 83' lang='grc' dir='ltr'>Σολομὼν,</span> <span class='ocrx_word' id='word_1_64' title='bbox 423 542 454 572; x_wconf 76' lang='grc' dir='ltr'><strong>τὸ</strong></span> <span class='ocrx_word' id='word_1_65' title='bbox 476 542 556 582; x_wconf 80' lang='grc' dir='ltr'>μέσον</span> <span class='ocrx_word' id='word_1_66' title='bbox 575 542 674 572; x_wconf 68' lang='grc' dir='ltr'>τούτων</span> <span class='ocrx_word' id='word_1_67' title='bbox 693 541 724 571; x_wconf 80' lang='grc' dir='ltr'><strong>τὸ</strong></span> <span class='ocrx_word' id='word_1_68' title='bbox 735 541 868 582; x_wconf 79' lang='grc' dir='ltr'>χρήσιμον</span> 
     </span>
     <span class='ocr_line' id='line_1_9' title="bbox 98 586 869 629; baseline -0.003 -11"><span class='ocrx_word' id='word_1_69' title='bbox 98 588 266 628; x_wconf 75' lang='grc' dir='ltr'>καταλέγων,</span> <span class='ocrx_word' id='word_1_70' title='bbox 279 588 324 618; x_wconf 72' lang='grc' dir='ltr'><strong>καὶ</strong></span> <span class='ocrx_word' id='word_1_71' title='bbox 334 589 492 629; x_wconf 67' lang='grc' dir='ltr'>φιλοσοφῶν</span> <span class='ocrx_word' id='word_1_72' title='bbox 510 587 578 629; x_wconf 78' lang='grc' dir='ltr'>ὑπὲρ</span> <span class='ocrx_word' id='word_1_73' title='bbox 591 590 678 618; x_wconf 81' lang='grc' dir='ltr'>αὐτῶν</span> <span class='ocrx_word' id='word_1_74' title='bbox 687 611 695 626; x_wconf 84' lang='lat'><strong>,</strong></span> <span class='ocrx_word' id='word_1_75' title='bbox 708 587 755 617; x_wconf 80' lang='grc' dir='ltr'><strong>καὶ</strong></span> <span class='ocrx_word' id='word_1_76' title='bbox 769 586 869 620; x_wconf 79' lang='grc' dir='ltr'>δεικνὺς</span> 
     </span>
    </p>
   </div>
   <div class='ocr_carea' id='block_1_3' title="bbox 1597 191 1663 240">
    <p class='ocr_par' dir='ltr' id='par_1_3' title="bbox 1597 191 1663 240">
     <span class='ocr_line' id='line_1_10' title="bbox 1597 191 1663 240; baseline 0 -13"><span class='ocrx_word' id='word_1_77' title='bbox 1597 191 1663 240; x_wconf 80' lang='lat'><strong>175</strong></span> 
     </span>
    </p>
   </div>
   <div class='ocr_carea' id='block_1_4' title="bbox 919 264 1795 619">
    <p class='ocr_par' dir='ltr' id='par_1_4' title="bbox 919 264 1795 619">
     <span class='ocr_line' id='line_1_11' title="bbox 920 264 1663 305; baseline -0.001 -11"><span class='ocrx_word' id='word_1_78' title='bbox 920 265 1049 305; x_wconf 80' lang='lat' dir='ltr'><strong>giendum</strong></span> <span class='ocrx_word' id='word_1_79' title='bbox 1063 265 1142 296; x_wconf 90' lang='lat' dir='ltr'><strong>multi</strong></span> <span class='ocrx_word' id='word_1_80' title='bbox 1155 273 1272 304; x_wconf 87' lang='lat' dir='ltr'><strong>censent,</strong></span> <span class='ocrx_word' id='word_1_81' title='bbox 1281 265 1421 295; x_wconf 80' lang='lat' dir='ltr'><strong>innumera</strong></span> <span class='ocrx_word' id='word_1_82' title='bbox 1431 265 1509 294; x_wconf 90' lang='lat' dir='ltr'><strong>nobis</strong></span> <span class='ocrx_word' id='word_1_83' title='bbox 1520 264 1590 294; x_wconf 87' lang='lat' dir='ltr'><strong>bona</strong></span> <span class='ocrx_word' id='word_1_84' title='bbox 1599 274 1663 294; x_wconf 83' lang='lat' dir='ltr'><strong>con-</strong></span> 
     </span>
     <span class='ocr_line' id='line_1_12' title="bbox 919 306 1661 350; baseline -0.001 -10"><span class='ocrx_word' id='word_1_85' title='bbox 919 310 1005 347; x_wconf 78' lang='lat' dir='ltr'><strong>ciliat,</strong></span> <span class='ocrx_word' id='word_1_86' title='bbox 1020 310 1086 340; x_wconf 84' lang='lat' dir='ltr'><strong>dum</strong></span> <span class='ocrx_word' id='word_1_87' title='bbox 1100 306 1302 342; x_wconf 86' lang='lat' dir='ltr'><strong>convenientem</strong></span> <span class='ocrx_word' id='word_1_88' title='bbox 1323 321 1429 341; x_wconf 83' lang='lat' dir='ltr'><strong>causam</strong></span> <span class='ocrx_word' id='word_1_89' title='bbox 1443 310 1540 340; x_wconf 80' lang='lat' dir='ltr'><strong>habeat</strong></span> <span class='ocrx_word' id='word_1_90' title='bbox 1561 310 1661 350; x_wconf 78' lang='lat' dir='ltr'><strong>adjun-</strong></span> 
     </span>
     <span class='ocr_line' id='line_1_13' title="bbox 920 356 1664 397; baseline 0 -11"><span class='ocrx_word' id='word_1_91' title='bbox 920 363 1000 386; x_wconf 83' lang='lat' dir='ltr'>ctam.</span> <span class='ocrx_word' id='word_1_92' title='bbox 1027 359 1192 397; x_wconf 81' lang='lat' dir='ltr'><strong>Argumento</strong></span> <span class='ocrx_word' id='word_1_93' title='bbox 1217 364 1279 387; x_wconf 87' lang='lat' dir='ltr'><strong>sunt</strong></span> <span class='ocrx_word' id='word_1_94' title='bbox 1295 363 1451 397; x_wconf 82' lang='lat' dir='ltr'><strong>martyres,</strong></span> <span class='ocrx_word' id='word_1_95' title='bbox 1478 356 1526 395; x_wconf 88' lang='lat' dir='ltr'><strong>qui</strong></span> <span class='ocrx_word' id='word_1_96' title='bbox 1552 364 1664 397; x_wconf 85' lang='lat' dir='ltr'><strong>propter</strong></span> 
     </span>
     <span class='ocr_line' id='line_1_14' title="bbox 919 401 1664 442; baseline 0.001 -11"><span class='ocrx_word' id='word_1_97' title='bbox 919 409 1032 432; x_wconf 81' lang='lat' dir='ltr'><strong>mortem</strong></span> <span class='ocrx_word' id='word_1_98' title='bbox 1058 403 1180 432; x_wconf 89' lang='lat' dir='ltr'><strong>omnium</strong></span> <span class='ocrx_word' id='word_1_99' title='bbox 1203 410 1267 433; x_wconf 85' lang='lat' dir='ltr'><strong>suut</strong></span> <span class='ocrx_word' id='word_1_100' title='bbox 1289 402 1447 433; x_wconf 61' lang='lat' dir='ltr'><strong>sclicla-timi.</strong></span> <span class='ocrx_word' id='word_1_101' title='bbox 1471 401 1584 442; x_wconf 83' lang='lat' dir='ltr'><strong>Propter</strong></span> <span class='ocrx_word' id='word_1_102' title='bbox 1612 403 1664 432; x_wconf 92' lang='lat' dir='ltr'><strong>hoc</strong></span> 
     </span>
     <span class='ocr_line' id='line_1_15' title="bbox 919 448 1665 490; baseline 0.001 -13"><span class='ocrx_word' id='word_1_103' title='bbox 919 448 1050 478; x_wconf 88' lang='lat' dir='ltr'><strong>nimirum</strong></span> <span class='ocrx_word' id='word_1_104' title='bbox 1061 449 1162 479; x_wconf 84' lang='lat' dir='ltr'><strong>Paulus</strong></span> <span class='ocrx_word' id='word_1_105' title='bbox 1173 459 1225 478; x_wconf 89' lang='lat' dir='ltr'><strong>non</strong></span> <span class='ocrx_word' id='word_1_106' title='bbox 1236 449 1395 490; x_wconf 78' lang='lat' dir='ltr'><strong>simpliciter</strong></span> <span class='ocrx_word' id='word_1_107' title='bbox 1404 448 1498 479; x_wconf 84' lang='lat' dir='ltr'><strong>vivere</strong></span> <span class='ocrx_word' id='word_1_108' title='bbox 1510 448 1538 478; x_wconf 89' lang='lat' dir='ltr'><strong>in</strong></span> <span class='ocrx_word' id='word_1_109' title='bbox 1554 449 1665 478; x_wconf 83' lang='lat' dir='ltr'><strong>Christo</strong></span> 
     </span>
     <span class='ocr_line' id='line_1_16' title="bbox 920 494 1663 535; baseline 0 -11"><span class='ocrx_word' id='word_1_110' title='bbox 920 494 1054 535; x_wconf 81' lang='lat' dir='ltr'><strong>cupiebat,</strong></span> <span class='ocrx_word' id='word_1_111' title='bbox 1065 494 1113 524; x_wconf 86' lang='lat' dir='ltr'><strong>sed</strong></span> <span class='ocrx_word' id='word_1_112' title='bbox 1123 495 1249 534; x_wconf 88' lang='lat' dir='ltr'><strong>quoniam</strong></span> <span class='ocrx_word' id='word_1_113' title='bbox 1262 495 1314 525; x_wconf 88' lang='lat' dir='ltr'><strong>hoc</strong></span> <span class='ocrx_word' id='word_1_114' title='bbox 1327 494 1368 524; x_wconf 85' lang='lat' dir='ltr'><strong>illi</strong></span> <span class='ocrx_word' id='word_1_115' title='bbox 1379 494 1469 535; x_wconf 84' lang='lat' dir='ltr'><strong>operis</strong></span> <span class='ocrx_word' id='word_1_116' title='bbox 1481 495 1585 524; x_wconf 84' lang='lat' dir='ltr'><strong>fruetus</strong></span> <span class='ocrx_word' id='word_1_117' title='bbox 1595 501 1663 524; x_wconf 85' lang='lat' dir='ltr'><strong>erat.</strong></span> 
     </span>
     <span class='ocr_line' id='line_1_17' title="bbox 920 541 1795 582; baseline 0 -12"><span class='ocrx_word' id='word_1_118' title='bbox 920 542 1038 571; x_wconf 78' lang='lat' dir='ltr'><strong><em>Etenim</em></strong></span> <span class='ocrx_word' id='word_1_119' title='bbox 1053 543 1127 582; x_wconf 84' lang='lat' dir='ltr'><strong>quid</strong></span> <span class='ocrx_word' id='word_1_120' title='bbox 1145 543 1264 582; x_wconf 81' lang='lat' dir='ltr'><em>eligam,</em></span> <span class='ocrx_word' id='word_1_121' title='bbox 1277 541 1375 581; x_wconf 89' lang='lat' dir='ltr'><strong>inquit,</strong></span> <span class='ocrx_word' id='word_1_122' title='bbox 1391 543 1493 582; x_wconf 85' lang='lat' dir='ltr'><strong>ignoro</strong></span> <span class='ocrx_word' id='word_1_123' title='bbox 1508 554 1516 570; x_wconf 89' lang='lat'><strong>.-</strong></span> <span class='ocrx_word' id='word_1_124' title='bbox 1532 548 1666 571; x_wconf 81' lang='lat' dir='ltr'><strong>ooarctor</strong></span> <span class='ocrx_word' id='word_1_125' title='bbox 1674 548 1760 578; x_wconf 68' lang='lat' dir='ltr'><strong>Philip.</strong></span> <span class='ocrx_word' id='word_1_126' title='bbox 1775 555 1795 570; x_wconf 81' lang='grc' dir='ltr'><strong>ι.</strong></span> 
     </span>
     <span class='ocr_line' id='line_1_18' title="bbox 921 580 1792 619; baseline 0.001 -2"><span class='ocrx_word' id='word_1_127' title='bbox 921 594 1020 619; x_wconf 81' lang='lat' dir='ltr'><strong>autem</strong></span> <span class='ocrx_word' id='word_1_128' title='bbox 1041 599 1058 617; x_wconf 84' lang='lat' dir='ltr'><strong>e</strong></span> <span class='ocrx_word' id='word_1_129' title='bbox 1083 589 1196 618; x_wconf 82' lang='lat' dir='ltr'><strong>duobus</strong></span> <span class='ocrx_word' id='word_1_130' title='bbox 1216 600 1226 616; x_wconf 82' lang='grc'><strong>.-</strong></span> <span class='ocrx_word' id='word_1_131' title='bbox 1249 589 1424 619; x_wconf 83' lang='lat' dir='ltr'><strong>desiderium</strong></span> <span class='ocrx_word' id='word_1_132' title='bbox 1451 592 1530 618; x_wconf 80' lang='lat' dir='ltr'><strong>em’m</strong></span> <span class='ocrx_word' id='word_1_133' title='bbox 1554 589 1665 619; x_wconf 81' lang='lat' dir='ltr'><strong>habens</strong></span> <span class='ocrx_word' id='word_1_134' title='bbox 1674 586 1746 602; x_wconf 56' lang='lat'><strong>²²*-</strong></span> <span class='ocrx_word' id='word_1_135' title='bbox 1754 580 1792 608; x_wconf 77' lang='lat'><strong>²4¹</strong></span> 
     </span>
    </p>
   </div>
   <div class='ocr_carea' id='block_1_5' title="bbox 97 632 1665 678">
    <p class='ocr_par' dir='ltr' id='par_1_5' title="bbox 97 632 1665 678">
     <span class='ocr_line' id='line_1_19' title="bbox 97 632 1665 678; baseline 0.001 -15"><span class='ocrx_word' id='word_1_136' title='bbox 97 633 140 663; x_wconf 68' lang='grc' dir='ltr'><strong>ὅτι</strong></span> <span class='ocrx_word' id='word_1_137' title='bbox 152 635 202 674; x_wconf 80' lang='grc' dir='ltr'>οὐχ</span> <span class='ocrx_word' id='word_1_138' title='bbox 215 634 491 671; x_wconf 72' lang='grc' dir='ltr'>ἁπλῶςτοῦτοιιαλὸν,</span> <span class='ocrx_word' id='word_1_139' title='bbox 502 636 608 664; x_wconf 74' lang='grc' dir='ltr'>κάκεῖνο</span> <span class='ocrx_word' id='word_1_140' title='bbox 618 633 709 670; x_wconf 77' lang='grc' dir='ltr'>κακὸν,</span> <span class='ocrx_word' id='word_1_141' title='bbox 722 632 790 663; x_wconf 81' lang='grc' dir='ltr'>ἀλλὰ</span> <span class='ocrx_word' id='word_1_142' title='bbox 800 633 868 672; x_wconf 71' lang='grc' dir='ltr'>μετὰ</span> <span class='ocrx_word' id='word_1_143' title='bbox 885 635 904 660; x_wconf 86' lang='lat' dir='ltr'>C</span> <span class='ocrx_word' id='word_1_144' title='bbox 922 634 1044 665; x_wconf 73' lang='lat' dir='ltr'><strong>dissolvi</strong></span> <span class='ocrx_word' id='word_1_145' title='bbox 1064 641 1093 664; x_wconf 87' lang='lat' dir='ltr'><strong>et</strong></span> <span class='ocrx_word' id='word_1_146' title='bbox 1124 645 1186 664; x_wconf 84' lang='lat' dir='ltr'><strong>esse</strong></span> <span class='ocrx_word' id='word_1_147' title='bbox 1211 644 1277 664; x_wconf 79' lang='lat' dir='ltr'><strong>cum</strong></span> <span class='ocrx_word' id='word_1_148' title='bbox 1306 635 1423 678; x_wconf 64' lang='lat' dir='ltr'><strong>Christo</strong></span> <span class='ocrx_word' id='word_1_149' title='bbox 1435 648 1448 671; x_wconf 82' lang='lat'><strong>,·</strong></span> <span class='ocrx_word' id='word_1_150' title='bbox 1473 634 1566 664; x_wconf 76' lang='lat' dir='ltr'><strong>valde</strong></span> <span class='ocrx_word' id='word_1_151' title='bbox 1587 636 1665 664; x_wconf 85' lang='lat' dir='ltr'><strong>enim</strong></span> 
     </span>
    </p>
   </div>
   <div class='ocr_carea' id='block_1_6' title="bbox 96 677 868 1132">
    <p class='ocr_par' dir='ltr' id='par_1_6' title="bbox 96 677 868 1132">
     <span class='ocr_line' id='line_1_20' title="bbox 97 677 868 720; baseline -0.003 -11"><span class='ocrx_word' id='word_1_152' title='bbox 97 682 190 720; x_wconf 75' lang='grc' dir='ltr'>καιροῦ</span> <span class='ocrx_word' id='word_1_153' title='bbox 209 682 257 709; x_wconf 67' lang='grc' dir='ltr'>τοῦ·</span> <span class='ocrx_word' id='word_1_154' title='bbox 269 679 448 720; x_wconf 72' lang='grc' dir='ltr'>προσήκοντος</span> <span class='ocrx_word' id='word_1_155' title='bbox 466 679 567 719; x_wconf 87' lang='grc' dir='ltr'>γίνεται</span> <span class='ocrx_word' id='word_1_156' title='bbox 579 679 667 716; x_wconf 77' lang='grc' dir='ltr'>καλὰ,</span> <span class='ocrx_word' id='word_1_157' title='bbox 686 679 736 709; x_wconf 75' lang='grc' dir='ltr'><strong>κᾶν</strong></span> <span class='ocrx_word' id='word_1_158' title='bbox 756 677 868 719; x_wconf 78' lang='grc' dir='ltr'>φορτικὰ</span> 
     </span>
     <span class='ocr_line' id='line_1_21' title="bbox 99 720 868 766; baseline -0.001 -12"><span class='ocrx_word' id='word_1_159' title='bbox 99 720 165 754; x_wconf 74' lang='grc' dir='ltr'>εἶναι</span> <span class='ocrx_word' id='word_1_160' title='bbox 177 728 189 742; x_wconf 83' lang='grc'><em>“</em></span> <span class='ocrx_word' id='word_1_161' title='bbox 199 726 272 766; x_wconf 80' lang='grc' dir='ltr'>δοκῇ,</span> <span class='ocrx_word' id='word_1_162' title='bbox 286 726 349 755; x_wconf 77' lang='grc' dir='ltr'>ὅταν</span> <span class='ocrx_word' id='word_1_163' title='bbox 363 726 407 755; x_wconf 83' lang='grc' dir='ltr'><strong>τὸν</strong></span> <span class='ocrx_word' id='word_1_164' title='bbox 420 725 511 765; x_wconf 75' lang='grc' dir='ltr'>καιρὸν</span> <span class='ocrx_word' id='word_1_165' title='bbox 525 725 563 765; x_wconf 81' lang='grc' dir='ltr'><strong>μὴ</strong></span> <span class='ocrx_word' id='word_1_166' title='bbox 575 725 625 765; x_wconf 79' lang='grc' dir='ltr'><strong>ἔχῃ</strong></span> <span class='ocrx_word' id='word_1_167' title='bbox 636 725 681 755; x_wconf 80' lang='grc' dir='ltr'><strong>τὸν</strong></span> <span class='ocrx_word' id='word_1_168' title='bbox 690 723 868 765; x_wconf 55' lang='grc' dir='ltr'>προσήκοντα,</span> 
     </span>
     <span class='ocr_line' id='line_1_22' title="bbox 98 770 868 812; baseline 0 -12"><span class='ocrx_word' id='word_1_169' title='bbox 98 770 198 811; x_wconf 84' lang='grc' dir='ltr'>Καιρὸς</span> <span class='ocrx_word' id='word_1_170' title='bbox 209 774 255 800; x_wconf 77' lang='grc' dir='ltr'>τοῦ</span> <span class='ocrx_word' id='word_1_171' title='bbox 271 772 401 808; x_wconf 80' lang='grc' dir='ltr'>κλαῦσαι,</span> <span class='ocrx_word' id='word_1_172' title='bbox 416 771 462 801; x_wconf 79' lang='grc' dir='ltr'><strong>καὶ</strong></span> <span class='ocrx_word' id='word_1_173' title='bbox 475 771 565 812; x_wconf 79' lang='grc' dir='ltr'>καιρὸς</span> <span class='ocrx_word' id='word_1_174' title='bbox 581 774 628 801; x_wconf 84' lang='grc' dir='ltr'>τοῦ</span> <span class='ocrx_word' id='word_1_175' title='bbox 643 771 763 810; x_wconf 84' lang='grc' dir='ltr'>γελάσαι,</span> <span class='ocrx_word' id='word_1_176' title='bbox 777 770 850 809; x_wconf 82' lang='grc' dir='ltr'>ἔλεγε</span> <span class='ocrx_word' id='word_1_177' title='bbox 859 791 868 807; x_wconf 93' lang='grc'>,</span> 
     </span>
     <span class='ocr_line' id='line_1_23' title="bbox 98 815 867 857; baseline -0.003 -11"><span class='ocrx_word' id='word_1_178' title='bbox 98 816 189 856; x_wconf 79' lang='grc' dir='ltr'>καιρὸς</span> <span class='ocrx_word' id='word_1_179' title='bbox 210 819 256 847; x_wconf 74' lang='grc' dir='ltr'>τοῦ</span> <span class='ocrx_word' id='word_1_180' title='bbox 278 817 372 853; x_wconf 67' lang='grc' dir='ltr'>ζῆσαι,</span> <span class='ocrx_word' id='word_1_181' title='bbox 390 816 437 847; x_wconf 72' lang='grc' dir='ltr'><strong>καὶ</strong></span> <span class='ocrx_word' id='word_1_182' title='bbox 455 817 546 857; x_wconf 75' lang='grc' dir='ltr'>καιρὸς</span> <span class='ocrx_word' id='word_1_183' title='bbox 566 819 612 847; x_wconf 75' lang='grc' dir='ltr'>τοῦ</span> <span class='ocrx_word' id='word_1_184' title='bbox 634 818 782 846; x_wconf 76' lang='grc' dir='ltr'>ἀποθανεῖν.</span> <span class='ocrx_word' id='word_1_185' title='bbox 795 815 867 845; x_wconf 76' lang='grc' dir='ltr'>Οὐδὲ</span> 
     </span>
     <span class='ocr_line' id='line_1_24' title="bbox 97 862 867 904; baseline 0 -13"><span class='ocrx_word' id='word_1_186' title='bbox 97 862 149 902; x_wconf 77' lang='grc' dir='ltr'><strong>γὰρ</strong></span> <span class='ocrx_word' id='word_1_187' title='bbox 162 865 299 903; x_wconf 78' lang='grc' dir='ltr'>πανταχοῦ</span> <span class='ocrx_word' id='word_1_188' title='bbox 313 863 344 893; x_wconf 79' lang='grc' dir='ltr'><strong>τὸ</strong></span> <span class='ocrx_word' id='word_1_189' title='bbox 356 863 459 904; x_wconf 83' lang='grc' dir='ltr'>χαίρειν</span> <span class='ocrx_word' id='word_1_190' title='bbox 472 862 568 898; x_wconf 78' lang='grc' dir='ltr'>καλὸν,</span> <span class='ocrx_word' id='word_1_191' title='bbox 580 864 640 893; x_wconf 79' lang='grc' dir='ltr'>ἀλλ’</span> <span class='ocrx_word' id='word_1_192' title='bbox 655 862 726 892; x_wconf 81' lang='grc' dir='ltr'>ἔστιν</span> <span class='ocrx_word' id='word_1_193' title='bbox 742 862 806 892; x_wconf 79' lang='grc' dir='ltr'>ὅπου</span> <span class='ocrx_word' id='word_1_194' title='bbox 821 862 867 891; x_wconf 81' lang='grc' dir='ltr'><strong>καὶ</strong></span> 
     </span>
     <span class='ocr_line' id='line_1_25' title="bbox 99 907 866 949; baseline -0.001 -11"><span class='ocrx_word' id='word_1_195' title='bbox 99 907 228 948; x_wconf 72' lang='grc' dir='ltr'>βλαὸερόν</span> <span class='ocrx_word' id='word_1_196' title='bbox 238 920 245 927; x_wconf 93' lang='grc'><em>·</em></span> <span class='ocrx_word' id='word_1_197' title='bbox 258 908 318 939; x_wconf 82' lang='grc' dir='ltr'>οὔτε</span> <span class='ocrx_word' id='word_1_198' title='bbox 330 911 467 949; x_wconf 72' lang='grc' dir='ltr'>πανταχοῦ</span> <span class='ocrx_word' id='word_1_199' title='bbox 479 908 509 938; x_wconf 83' lang='grc' dir='ltr'><strong>τὸ</strong></span> <span class='ocrx_word' id='word_1_200' title='bbox 522 910 612 948; x_wconf 80' lang='grc' dir='ltr'>ἀλγεῖν</span> <span class='ocrx_word' id='word_1_201' title='bbox 623 908 713 944; x_wconf 79' lang='grc' dir='ltr'>καλὸν,</span> <span class='ocrx_word' id='word_1_202' title='bbox 724 909 782 938; x_wconf 80' lang='grc' dir='ltr'>ἀλλ’</span> <span class='ocrx_word' id='word_1_203' title='bbox 796 908 866 937; x_wconf 77' lang='grc' dir='ltr'>ἔστιν</span> 
     </span>
     <span class='ocr_line' id='line_1_26' title="bbox 97 953 867 995; baseline -0.001 -11"><span class='ocrx_word' id='word_1_204' title='bbox 97 954 163 984; x_wconf 76' lang='grc' dir='ltr'>ὅπου</span> <span class='ocrx_word' id='word_1_205' title='bbox 181 954 228 984; x_wconf 72' lang='grc' dir='ltr'><strong>καὶ</strong></span> <span class='ocrx_word' id='word_1_206' title='bbox 249 955 392 994; x_wconf 77' lang='grc' dir='ltr'>θανάσιμον</span> <span class='ocrx_word' id='word_1_207' title='bbox 415 955 461 984; x_wconf 76' lang='grc' dir='ltr'><strong>καὶ</strong></span> <span class='ocrx_word' id='word_1_208' title='bbox 481 954 607 995; x_wconf 78' lang='grc' dir='ltr'>ὀλέθριον.</span> <span class='ocrx_word' id='word_1_209' title='bbox 630 954 685 985; x_wconf 78' lang='grc' dir='ltr'><strong>Καὶ</strong></span> <span class='ocrx_word' id='word_1_210' title='bbox 705 957 783 984; x_wconf 79' lang='grc' dir='ltr'>τοῦτο</span> <span class='ocrx_word' id='word_1_211' title='bbox 803 953 867 984; x_wconf 83' lang='grc' dir='ltr'>αὐτὸ</span> 
     </span>
     <span class='ocr_line' id='line_1_27' title="bbox 96 999 866 1041; baseline 0.001 -12"><span class='ocrx_word' id='word_1_212' title='bbox 96 999 177 1030; x_wconf 75' lang='grc' dir='ltr'>πάλιν</span> <span class='ocrx_word' id='word_1_213' title='bbox 190 999 291 1034; x_wconf 67' lang='grc' dir='ltr'>δεικνὺς</span> <span class='ocrx_word' id='word_1_214' title='bbox 311 1002 326 1030; x_wconf 81' lang='grc' dir='ltr'><strong>ὁ</strong></span> <span class='ocrx_word' id='word_1_215' title='bbox 343 1002 449 1035; x_wconf 75' lang='grc' dir='ltr'>Παῦλος</span> <span class='ocrx_word' id='word_1_216' title='bbox 461 1001 550 1041; x_wconf 88' lang='grc' dir='ltr'>ἔλεγεν</span> <span class='ocrx_word' id='word_1_217' title='bbox 559 1013 566 1020; x_wconf 88' lang='grc'><em>·</em></span> <span class='ocrx_word' id='word_1_218' title='bbox 579 1001 615 1031; x_wconf 85' lang='grc' dir='ltr'>Ἡ</span> <span class='ocrx_word' id='word_1_219' title='bbox 629 1000 699 1030; x_wconf 83' lang='grc' dir='ltr'>κατὰ</span> <span class='ocrx_word' id='word_1_220' title='bbox 712 1000 781 1031; x_wconf 81' lang='grc' dir='ltr'>Θεὸν</span> <span class='ocrx_word' id='word_1_221' title='bbox 794 1000 866 1037; x_wconf 76' lang='grc' dir='ltr'>λύπη</span> 
     </span>
     <span class='ocr_line' id='line_1_28' title="bbox 99 1046 867 1087; baseline 0.001 -12"><span class='ocrx_word' id='word_1_222' title='bbox 99 1046 237 1084; x_wconf 81' lang='grc' dir='ltr'>μετάνοιαν</span> <span class='ocrx_word' id='word_1_223' title='bbox 252 1047 288 1079; x_wconf 84' lang='grc' dir='ltr'><strong>ιῖς</strong></span> <span class='ocrx_word' id='word_1_224' title='bbox 302 1046 436 1086; x_wconf 76' lang='grc' dir='ltr'>σωτηρίαν</span> <span class='ocrx_word' id='word_1_225' title='bbox 449 1046 650 1086; x_wconf 76' lang='grc' dir='ltr'>ἀμεταμέλητον</span> <span class='ocrx_word' id='word_1_226' title='bbox 665 1046 867 1087; x_wconf 77' lang='grc' dir='ltr'>κατεργάζεται·</span> 
     </span>
     <span class='ocr_line' id='line_1_29' title="bbox 98 1091 748 1132; baseline 0.002 -11"><span class='ocrx_word' id='word_1_227' title='bbox 98 1093 116 1127; x_wconf 79' lang='grc' dir='ltr'>ἡ</span> <span class='ocrx_word' id='word_1_228' title='bbox 129 1091 156 1121; x_wconf 77' lang='grc' dir='ltr'><strong>δὲ</strong></span> <span class='ocrx_word' id='word_1_229' title='bbox 169 1094 215 1121; x_wconf 76' lang='grc' dir='ltr'>τοῦ</span> <span class='ocrx_word' id='word_1_230' title='bbox 228 1092 328 1131; x_wconf 77' lang='grc' dir='ltr'>κόσμου</span> <span class='ocrx_word' id='word_1_231' title='bbox 341 1092 413 1128; x_wconf 85' lang='grc' dir='ltr'>λύπη</span> <span class='ocrx_word' id='word_1_232' title='bbox 427 1092 537 1122; x_wconf 84' lang='grc' dir='ltr'>θάνατον</span> <span class='ocrx_word' id='word_1_233' title='bbox 551 1092 748 1132; x_wconf 82' lang='grc' dir='ltr'>κατεργάζεται.</span> 
     </span>
    </p>
   </div>
   <div class='ocr_carea' id='block_1_7' title="bbox 96 1838 868 2424">
    <p class='ocr_par' dir='ltr' id='par_1_7' title="bbox 96 1838 868 2424">
     <span class='ocr_line' id='line_1_30' title="bbox 139 1838 868 1882; baseline -0.007 -10"><span class='ocrx_word' id='word_1_234' title='bbox 139 1840 220 1882; x_wconf 73' lang='grc' dir='ltr'>Ὁρᾷς</span> <span class='ocrx_word' id='word_1_235' title='bbox 241 1840 286 1873; x_wconf 76' lang='grc' dir='ltr'><strong>καὶ</strong></span> <span class='ocrx_word' id='word_1_236' title='bbox 306 1842 383 1871; x_wconf 72' lang='grc' dir='ltr'>τοῦτο</span> <span class='ocrx_word' id='word_1_237' title='bbox 406 1841 458 1870; x_wconf 80' lang='grc' dir='ltr'><strong>τῶν</strong></span> <span class='ocrx_word' id='word_1_238' title='bbox 480 1838 568 1878; x_wconf 78' lang='grc' dir='ltr'>μέσων</span> <span class='ocrx_word' id='word_1_239' title='bbox 588 1838 633 1873; x_wconf 80' lang='grc' dir='ltr'><strong>ὄν;</strong></span> <span class='ocrx_word' id='word_1_240' title='bbox 657 1839 762 1868; x_wconf 76' lang='grc' dir='ltr'>Οὐκοῦν</span> <span class='ocrx_word' id='word_1_241' title='bbox 776 1838 820 1867; x_wconf 72' lang='grc' dir='ltr'><strong>καὶ</strong></span> <span class='ocrx_word' id='word_1_242' title='bbox 838 1838 868 1868; x_wconf 86' lang='grc' dir='ltr'><strong>τὸ</strong></span> 
     </span>
     <span class='ocr_line' id='line_1_31' title="bbox 98 1883 866 1925; baseline -0.008 -6"><span class='ocrx_word' id='word_1_243' title='bbox 98 1888 212 1918; x_wconf 76' lang='grc' dir='ltr'>ἐναντίον</span> <span class='ocrx_word' id='word_1_244' title='bbox 227 1889 306 1918; x_wconf 80' lang='grc' dir='ltr'>αὐτοῦ</span> <span class='ocrx_word' id='word_1_245' title='bbox 323 1888 376 1916; x_wconf 79' lang='grc' dir='ltr'><strong>τῶν</strong></span> <span class='ocrx_word' id='word_1_246' title='bbox 391 1886 494 1925; x_wconf 82' lang='grc' dir='ltr'>μέσων,</span> <span class='ocrx_word' id='word_1_247' title='bbox 506 1885 536 1914; x_wconf 82' lang='grc' dir='ltr'><strong>τὸ</strong></span> <span class='ocrx_word' id='word_1_248' title='bbox 548 1885 652 1925; x_wconf 81' lang='grc' dir='ltr'>χαίρειν</span> <span class='ocrx_word' id='word_1_249' title='bbox 673 1883 752 1924; x_wconf 82' lang='grc' dir='ltr'>λέγω.</span> <span class='ocrx_word' id='word_1_250' title='bbox 767 1884 866 1924; x_wconf 83' lang='grc' dir='ltr'>Διόπερ</span> 
     </span>
     <span class='ocr_line' id='line_1_32' title="bbox 97 1930 866 1974; baseline -0.008 -10"><span class='ocrx_word' id='word_1_251' title='bbox 97 1935 148 1974; x_wconf 73' lang='grc' dir='ltr'>οὐχ</span> <span class='ocrx_word' id='word_1_252' title='bbox 160 1935 250 1967; x_wconf 82' lang='grc' dir='ltr'>ἁπλῶς</span> <span class='ocrx_word' id='word_1_253' title='bbox 262 1932 365 1974; x_wconf 81' lang='grc' dir='ltr'>χαίρειν</span> <span class='ocrx_word' id='word_1_254' title='bbox 378 1930 523 1966; x_wconf 78' lang='grc' dir='ltr'>ἐκέλευσεν,</span> <span class='ocrx_word' id='word_1_255' title='bbox 534 1930 604 1960; x_wconf 75' lang='grc' dir='ltr'>ἀλλὰ</span> <span class='ocrx_word' id='word_1_256' title='bbox 614 1930 716 1971; x_wconf 83' lang='grc' dir='ltr'>χαίρειν</span> <span class='ocrx_word' id='word_1_257' title='bbox 726 1931 752 1959; x_wconf 81' lang='grc' dir='ltr'><strong>ἐν</strong></span> <span class='ocrx_word' id='word_1_258' title='bbox 766 1930 866 1970; x_wconf 84' lang='grc' dir='ltr'>Κυρίῳ.</span> 
     </span>
     <span class='ocr_line' id='line_1_33' title="bbox 97 1974 865 2019; baseline -0.008 -10"><span class='ocrx_word' id='word_1_259' title='bbox 97 1978 167 2009; x_wconf 82' lang='grc' dir='ltr'>Ἀλλ’</span> <span class='ocrx_word' id='word_1_260' title='bbox 182 1982 196 2009; x_wconf 83' lang='grc' dir='ltr'><strong>ὃ</strong></span> <span class='ocrx_word' id='word_1_261' title='bbox 210 1979 257 2019; x_wconf 84' lang='grc' dir='ltr'><strong>μὲν</strong></span> <span class='ocrx_word' id='word_1_262' title='bbox 268 1981 321 2008; x_wconf 83' lang='grc' dir='ltr'><strong>τῶν</strong></span> <span class='ocrx_word' id='word_1_263' title='bbox 337 1977 424 2017; x_wconf 81' lang='grc' dir='ltr'>μέσων</span> <span class='ocrx_word' id='word_1_264' title='bbox 436 1976 514 2013; x_wconf 85' lang='grc' dir='ltr'>λόγος</span> <span class='ocrx_word' id='word_1_265' title='bbox 525 1977 622 2009; x_wconf 78' lang='grc' dir='ltr'>ἱκανῶς</span> <span class='ocrx_word' id='word_1_266' title='bbox 635 1978 700 2014; x_wconf 82' lang='grc' dir='ltr'>ἡμῖν</span> <span class='ocrx_word' id='word_1_267' title='bbox 714 1974 865 2015; x_wconf 81' lang='grc' dir='ltr'>διευκρίνη-</span> 
     </span>
     <span class='ocr_line' id='line_1_34' title="bbox 96 2019 866 2064; baseline -0.008 -10"><span class='ocrx_word' id='word_1_268' title='bbox 96 2036 150 2061; x_wconf 85' lang='grc' dir='ltr'>ται,</span> <span class='ocrx_word' id='word_1_269' title='bbox 163 2024 217 2064; x_wconf 83' lang='grc' dir='ltr'>εἴγε</span> <span class='ocrx_word' id='word_1_270' title='bbox 228 2023 358 2064; x_wconf 76' lang='grc' dir='ltr'>ἀκροατὰς</span> <span class='ocrx_word' id='word_1_271' title='bbox 370 2021 426 2063; x_wconf 75' lang='grc' dir='ltr'>ἔχει</span> <span class='ocrx_word' id='word_1_272' title='bbox 440 2021 618 2062; x_wconf 78' lang='grc' dir='ltr'>προσέχοντας</span> <span class='ocrx_word' id='word_1_273' title='bbox 627 2032 634 2039; x_wconf 91' lang='grc'><em>·</em></span> <span class='ocrx_word' id='word_1_274' title='bbox 649 2019 717 2050; x_wconf 74' lang='grc' dir='ltr'>ἰτέον</span> <span class='ocrx_word' id='word_1_275' title='bbox 737 2019 764 2049; x_wconf 82' lang='grc' dir='ltr'><strong>δὲ</strong></span> <span class='ocrx_word' id='word_1_276' title='bbox 774 2019 866 2049; x_wconf 87' lang='grc' dir='ltr'>λοιπὸν</span> 
     </span>
     <span class='ocr_line' id='line_1_35' title="bbox 97 2065 867 2109; baseline -0.009 -8"><span class='ocrx_word' id='word_1_277' title='bbox 97 2070 141 2101; x_wconf 72' lang='grc' dir='ltr'><strong>ἰπὶ</strong></span> <span class='ocrx_word' id='word_1_278' title='bbox 155 2069 190 2100; x_wconf 74' lang='grc' dir='ltr'><strong>τὰ</strong></span> <span class='ocrx_word' id='word_1_279' title='bbox 205 2069 242 2109; x_wconf 79' lang='grc' dir='ltr'><strong>μὴ</strong></span> <span class='ocrx_word' id='word_1_280' title='bbox 258 2069 336 2109; x_wconf 73' lang='grc' dir='ltr'>μέσα,</span> <span class='ocrx_word' id='word_1_281' title='bbox 351 2069 419 2098; x_wconf 79' lang='grc' dir='ltr'>ἀλλὰ</span> <span class='ocrx_word' id='word_1_282' title='bbox 438 2068 482 2097; x_wconf 76' lang='grc' dir='ltr'><strong>ἐπὶ</strong></span> <span class='ocrx_word' id='word_1_283' title='bbox 494 2067 529 2097; x_wconf 82' lang='grc' dir='ltr'><strong>τὰ</strong></span> <span class='ocrx_word' id='word_1_284' title='bbox 539 2066 622 2104; x_wconf 81' lang='grc' dir='ltr'>καλὰ,</span> <span class='ocrx_word' id='word_1_285' title='bbox 635 2066 652 2095; x_wconf 74' lang='grc' dir='ltr'>ἃ</span> <span class='ocrx_word' id='word_1_286' title='bbox 665 2067 713 2096; x_wconf 80' lang='grc' dir='ltr'>οὔκ</span> <span class='ocrx_word' id='word_1_287' title='bbox 725 2065 756 2095; x_wconf 78' lang='grc' dir='ltr'><strong>ἂν</strong></span> <span class='ocrx_word' id='word_1_288' title='bbox 766 2065 867 2106; x_wconf 82' lang='grc' dir='ltr'>γένοιτο</span> 
     </span>
     <span class='ocr_line' id='line_1_36' title="bbox 97 2111 867 2152; baseline -0.006 -7"><span class='ocrx_word' id='word_1_289' title='bbox 97 2115 176 2152; x_wconf 75' lang='grc' dir='ltr'>κακὰ,</span> <span class='ocrx_word' id='word_1_290' title='bbox 189 2115 235 2145; x_wconf 77' lang='grc' dir='ltr'><strong>καὶ</strong></span> <span class='ocrx_word' id='word_1_291' title='bbox 248 2115 292 2144; x_wconf 77' lang='grc' dir='ltr'><strong>ἐπὶ</strong></span> <span class='ocrx_word' id='word_1_292' title='bbox 305 2115 339 2144; x_wconf 78' lang='grc' dir='ltr'><strong>τὰ</strong></span> <span class='ocrx_word' id='word_1_293' title='bbox 349 2113 428 2150; x_wconf 75' lang='grc' dir='ltr'>κακὰ,</span> <span class='ocrx_word' id='word_1_294' title='bbox 439 2113 455 2142; x_wconf 76' lang='grc' dir='ltr'><strong>ἃ</strong></span> <span class='ocrx_word' id='word_1_295' title='bbox 466 2114 514 2143; x_wconf 83' lang='grc' dir='ltr'>οὔκ</span> <span class='ocrx_word' id='word_1_296' title='bbox 528 2112 560 2142; x_wconf 75' lang='grc' dir='ltr'><strong>ἂν</strong></span> <span class='ocrx_word' id='word_1_297' title='bbox 569 2111 671 2152; x_wconf 78' lang='grc' dir='ltr'>γένοιτο</span> <span class='ocrx_word' id='word_1_298' title='bbox 682 2111 760 2141; x_wconf 82' lang='grc' dir='ltr'>καλά.</span> <span class='ocrx_word' id='word_1_299' title='bbox 773 2113 798 2141; x_wconf 90' lang='grc' dir='ltr'>Τ</span> <span class='ocrx_word' id='word_1_300' title='bbox 800 2115 867 2141; x_wconf 87' lang='grc' dir='ltr'>α’ῠτα</span> 
     </span>
     <span class='ocr_line' id='line_1_37' title="bbox 98 2157 866 2200; baseline -0.007 -9"><span class='ocrx_word' id='word_1_301' title='bbox 98 2160 146 2199; x_wconf 76' lang='grc' dir='ltr'><strong>μὲν</strong></span> <span class='ocrx_word' id='word_1_302' title='bbox 156 2160 207 2200; x_wconf 74' lang='grc' dir='ltr'><strong>γὰρ</strong></span> <span class='ocrx_word' id='word_1_303' title='bbox 218 2159 253 2190; x_wconf 74' lang='grc' dir='ltr'><strong>τὰ</strong></span> <span class='ocrx_word' id='word_1_304' title='bbox 266 2158 392 2200; x_wconf 74' lang='grc' dir='ltr'>εἰρὴμένα</span> <span class='ocrx_word' id='word_1_305' title='bbox 404 2158 469 2189; x_wconf 71' lang='grc' dir='ltr'>ποτὲ</span> <span class='ocrx_word' id='word_1_306' title='bbox 484 2158 532 2198; x_wconf 75' lang='grc' dir='ltr'><strong>μὲν</strong></span> <span class='ocrx_word' id='word_1_307' title='bbox 549 2161 636 2195; x_wconf 75' lang='grc' dir='ltr'>τοῦτο,</span> <span class='ocrx_word' id='word_1_308' title='bbox 651 2157 716 2187; x_wconf 76' lang='grc' dir='ltr'>ποτὲ</span> <span class='ocrx_word' id='word_1_309' title='bbox 737 2157 765 2187; x_wconf 82' lang='grc' dir='ltr'><strong>δὲ</strong></span> <span class='ocrx_word' id='word_1_310' title='bbox 782 2158 866 2187; x_wconf 78' lang='grc' dir='ltr'>ἐκεῖνο</span> 
     </span>
     <span class='ocr_line' id='line_1_38' title="bbox 97 2201 866 2245; baseline -0.004 -10"><span class='ocrx_word' id='word_1_311' title='bbox 97 2205 210 2245; x_wconf 84' lang='grc' dir='ltr'>γίνεται·</span> <span class='ocrx_word' id='word_1_312' title='bbox 228 2201 281 2235; x_wconf 77' lang='grc' dir='ltr'>οἷον</span> <span class='ocrx_word' id='word_1_313' title='bbox 302 2209 316 2236; x_wconf 84' lang='grc' dir='ltr'>δ</span> <span class='ocrx_word' id='word_1_314' title='bbox 337 2206 448 2238; x_wconf 82' lang='grc' dir='ltr'>πλοῦτος</span> <span class='ocrx_word' id='word_1_315' title='bbox 470 2203 534 2234; x_wconf 79' lang='grc' dir='ltr'>ποτὲ</span> <span class='ocrx_word' id='word_1_316' title='bbox 558 2204 606 2243; x_wconf 77' lang='grc' dir='ltr'><strong>μὲν</strong></span> <span class='ocrx_word' id='word_1_317' title='bbox 628 2204 710 2233; x_wconf 81' lang='grc' dir='ltr'>κακὸν</span> <span class='ocrx_word' id='word_1_318' title='bbox 721 2226 729 2240; x_wconf 89' lang='grc'>,</span> <span class='ocrx_word' id='word_1_319' title='bbox 752 2203 814 2232; x_wconf 76' lang='grc' dir='ltr'>ὅταν</span> <span class='ocrx_word' id='word_1_320' title='bbox 829 2205 866 2237; x_wconf 81' lang='grc' dir='ltr'>εἷς</span> 
     </span>
     <span class='ocr_line' id='line_1_39' title="bbox 97 2250 866 2288; baseline -0.003 -7"><span class='ocrx_word' id='word_1_321' title='bbox 97 2251 247 2286; x_wconf 81' lang='grc' dir='ltr'>πλεονεξίαν</span> <span class='ocrx_word' id='word_1_322' title='bbox 261 2251 420 2288; x_wconf 73' lang='grc' dir='ltr'>δαπανᾶται,</span> <span class='ocrx_word' id='word_1_323' title='bbox 434 2250 498 2281; x_wconf 72' lang='grc' dir='ltr'>ποτὲ</span> <span class='ocrx_word' id='word_1_324' title='bbox 510 2250 538 2280; x_wconf 84' lang='grc' dir='ltr'><strong>δὲ</strong></span> <span class='ocrx_word' id='word_1_325' title='bbox 557 2250 646 2287; x_wconf 79' lang='grc' dir='ltr'>καλὸν,</span> <span class='ocrx_word' id='word_1_326' title='bbox 660 2250 723 2280; x_wconf 80' lang='grc' dir='ltr'>ὅταν</span> <span class='ocrx_word' id='word_1_327' title='bbox 737 2251 774 2283; x_wconf 81' lang='grc' dir='ltr'>εἰς</span> <span class='ocrx_word' id='word_1_328' title='bbox 787 2250 866 2285; x_wconf 77' lang='grc' dir='ltr'>ἐλεη-</span> 
     </span>
     <span class='ocr_line' id='line_1_40' title="bbox 98 2295 864 2337; baseline -0.003 -10"><span class='ocrx_word' id='word_1_329' title='bbox 98 2297 213 2337; x_wconf 78' lang='grc' dir='ltr'>μοσύνην</span> <span class='ocrx_word' id='word_1_330' title='bbox 228 2296 415 2333; x_wconf 80' lang='grc' dir='ltr'>ἀναλίσκηται·</span> <span class='ocrx_word' id='word_1_331' title='bbox 429 2297 474 2326; x_wconf 77' lang='grc' dir='ltr'><strong>καὶ</strong></span> <span class='ocrx_word' id='word_1_332' title='bbox 487 2296 521 2326; x_wconf 77' lang='grc' dir='ltr'><strong>τὰ</strong></span> <span class='ocrx_word' id='word_1_333' title='bbox 537 2297 605 2326; x_wconf 82' lang='grc' dir='ltr'>ἄλλα</span> <span class='ocrx_word' id='word_1_334' title='bbox 617 2299 727 2326; x_wconf 80' lang='grc' dir='ltr'>τοιαῦτα</span> <span class='ocrx_word' id='word_1_335' title='bbox 740 2296 809 2325; x_wconf 84' lang='grc' dir='ltr'>κατὰ</span> <span class='ocrx_word' id='word_1_336' title='bbox 819 2295 864 2326; x_wconf 84' lang='grc' dir='ltr'><strong>τὸν</strong></span> 
     </span>
     <span class='ocr_line' id='line_1_41' title="bbox 97 2341 866 2416; baseline -0.004 -43"><span class='ocrx_word' id='word_1_337' title='bbox 97 2342 193 2373; x_wconf 82' lang='grc' dir='ltr'>κανόνα</span> <span class='ocrx_word' id='word_1_338' title='bbox 206 2344 307 2372; x_wconf 78' lang='grc' dir='ltr'>τοῦτον.</span> <span class='ocrx_word' id='word_1_339' title='bbox 319 2341 445 2416; x_wconf 45' lang='grc' dir='ltr'><strong>Ξϊδί</strong></span> <span class='ocrx_word' id='word_1_340' title='bbox 457 2353 529 2379; x_wconf 88' lang='grc' dir='ltr'>τινα,</span> <span class='ocrx_word' id='word_1_341' title='bbox 544 2342 561 2371; x_wconf 80' lang='grc' dir='ltr'>ἃ</span> <span class='ocrx_word' id='word_1_342' title='bbox 575 2343 623 2372; x_wconf 78' lang='grc' dir='ltr'>οὐκ</span> <span class='ocrx_word' id='word_1_343' title='bbox 638 2342 669 2371; x_wconf 83' lang='grc' dir='ltr'><strong>ἄν</strong></span> <span class='ocrx_word' id='word_1_344' title='bbox 689 2352 753 2370; x_wconf 86' lang='grc' dir='ltr'>ποτε</span> <span class='ocrx_word' id='word_1_345' title='bbox 767 2341 866 2380; x_wconf 85' lang='grc' dir='ltr'>γένοιτο</span> 
     </span>
     <span class='ocr_line' id='line_1_42' title="bbox 97 2386 865 2424; baseline -0.003 -6"><span class='ocrx_word' id='word_1_346' title='bbox 97 2388 181 2418; x_wconf 75' lang='grc' dir='ltr'>κακά·</span> <span class='ocrx_word' id='word_1_347' title='bbox 195 2387 230 2417; x_wconf 76' lang='grc' dir='ltr'><strong>τὰ</strong></span> <span class='ocrx_word' id='word_1_348' title='bbox 241 2387 283 2424; x_wconf 75' lang='grc' dir='ltr'><strong>δὲ,</strong></span> <span class='ocrx_word' id='word_1_349' title='bbox 298 2389 325 2417; x_wconf 81' lang='grc' dir='ltr'><strong>ἐν</strong></span> <span class='ocrx_word' id='word_1_350' title='bbox 385 2399 403 2416; x_wconf 93' lang='grc' dir='ltr'><strong>α</strong></span> <span class='ocrx_word' id='word_1_351' title='bbox 415 2387 515 2421; x_wconf 79' lang='grc' dir='ltr'>τούτοις</span> <span class='ocrx_word' id='word_1_352' title='bbox 524 2409 531 2423; x_wconf 91' lang='grc'>,</span> <span class='ocrx_word' id='word_1_353' title='bbox 546 2388 586 2416; x_wconf 74' lang='grc' dir='ltr'>ἀεὶ</span> <span class='ocrx_word' id='word_1_354' title='bbox 606 2387 691 2423; x_wconf 76' lang='grc' dir='ltr'>κακὰ,</span> <span class='ocrx_word' id='word_1_355' title='bbox 711 2386 756 2416; x_wconf 76' lang='grc' dir='ltr'><strong>καὶ</strong></span> <span class='ocrx_word' id='word_1_356' title='bbox 771 2387 819 2416; x_wconf 82' lang='grc' dir='ltr'>οὔκ</span> <span class='ocrx_word' id='word_1_357' title='bbox 833 2386 865 2416; x_wconf 75' lang='grc' dir='ltr'><strong>ἄν</strong></span> 
     </span>
    </p>
   </div>
   <div class='ocr_carea' id='block_1_8' title="bbox 872 2412 909 2431">
    <p class='ocr_par' dir='ltr' id='par_1_8' title="bbox 872 2412 909 2431">
     <span class='ocr_line' id='line_1_43' title="bbox 872 2412 909 2431; baseline 0 0"><span class='ocrx_word' id='word_1_358' title='bbox 872 2412 909 2431; x_wconf 73' lang='lat'><strong>¹5³</strong></span> 
     </span>
    </p>
   </div>
   <div class='ocr_carea' id='block_1_9' title="bbox 884 681 1817 2423">
    <p class='ocr_par' dir='ltr' id='par_1_9' title="bbox 884 681 1817 2423">
     <span class='ocr_line' id='line_1_44' title="bbox 922 681 1666 720; baseline 0.001 -11"><span class='ocrx_word' id='word_1_359' title='bbox 922 681 1014 710; x_wconf 78' lang='lat' dir='ltr'><strong>multo</strong></span> <span class='ocrx_word' id='word_1_360' title='bbox 1044 681 1167 716; x_wconf 83' lang='lat' dir='ltr'><strong>melius;</strong></span> <span class='ocrx_word' id='word_1_361' title='bbox 1190 691 1360 720; x_wconf 82' lang='lat' dir='ltr'><strong>permanere</strong></span> <span class='ocrx_word' id='word_1_362' title='bbox 1386 686 1485 710; x_wconf 82' lang='lat' dir='ltr'><strong>autem</strong></span> <span class='ocrx_word' id='word_1_363' title='bbox 1512 682 1545 709; x_wconf 84' lang='lat' dir='ltr'><strong>in</strong></span> <span class='ocrx_word' id='word_1_364' title='bbox 1576 690 1666 710; x_wconf 79' lang='lat' dir='ltr'><strong>carne</strong></span> 
     </span>
     <span class='ocr_line' id='line_1_45' title="bbox 920 726 1665 767; baseline 0 -11"><span class='ocrx_word' id='word_1_365' title='bbox 920 731 1013 767; x_wconf 79' lang='lat' dir='ltr'><strong>magis</strong></span> <span class='ocrx_word' id='word_1_366' title='bbox 1025 729 1218 758; x_wconf 80' lang='lat' dir='ltr'><strong>necessarium</strong></span> <span class='ocrx_word' id='word_1_367' title='bbox 1237 733 1353 767; x_wconf 81' lang='lat' dir='ltr'><strong>propter</strong></span> <span class='ocrx_word' id='word_1_368' title='bbox 1373 737 1437 756; x_wconf 81' lang='lat' dir='ltr'><strong>vos.</strong></span> <span class='ocrx_word' id='word_1_369' title='bbox 1453 727 1498 757; x_wconf 92' lang='lat' dir='ltr'><strong>Ob</strong></span> <span class='ocrx_word' id='word_1_370' title='bbox 1510 726 1564 757; x_wconf 81' lang='lat' dir='ltr'><strong>hoo</strong></span> <span class='ocrx_word' id='word_1_371' title='bbox 1574 726 1665 767; x_wconf 85' lang='lat' dir='ltr'><strong>ips&#39;um</strong></span> 
     </span>
     <span class='ocr_line' id='line_1_46' title="bbox 919 773 1815 814; baseline 0.003 -12"><span class='ocrx_word' id='word_1_372' title='bbox 919 783 1026 813; x_wconf 87' lang='lat' dir='ltr'><strong>quoque</strong></span> <span class='ocrx_word' id='word_1_373' title='bbox 1037 773 1143 804; x_wconf 81' lang='lat' dir='ltr'><strong>dicebat</strong></span> <span class='ocrx_word' id='word_1_374' title='bbox 1154 774 1296 814; x_wconf 82' lang='lat' dir='ltr'><strong>propheta,</strong></span> <span class='ocrx_word' id='word_1_375' title='bbox 1317 775 1454 803; x_wconf 78' lang='lat' dir='ltr'><em>Pretiosa</em></span> <span class='ocrx_word' id='word_1_376' title='bbox 1464 775 1497 802; x_wconf 86' lang='lat' dir='ltr'><strong>in</strong></span> <span class='ocrx_word' id='word_1_377' title='bbox 1510 780 1664 814; x_wconf 79' lang='lat' dir='ltr'><strong>conspectu</strong></span> <span class='ocrx_word' id='word_1_378' title='bbox 1675 782 1742 805; x_wconf 78' lang='lat' dir='ltr'><strong>Psat.</strong></span> <span class='ocrx_word' id='word_1_379' title='bbox 1762 788 1770 804; x_wconf 83' lang='grc' dir='ltr'>ι</span> <span class='ocrx_word' id='word_1_380' title='bbox 1778 781 1815 806; x_wconf 84' lang='grc' dir='ltr'><strong>ι5.</strong></span> 
     </span>
     <span class='ocr_line' id='line_1_47' title="bbox 919 813 1714 860; baseline 0.001 -11"><span class='ocrx_word' id='word_1_381' title='bbox 919 819 1042 849; x_wconf 84' lang='lat' dir='ltr'><em>Domini</em></span> <span class='ocrx_word' id='word_1_382' title='bbox 1061 830 1137 850; x_wconf 84' lang='lat' dir='ltr'><strong>mors</strong></span> <span class='ocrx_word' id='word_1_383' title='bbox 1150 826 1318 849; x_wconf 83' lang='lat' dir='ltr'><strong>sanctorum</strong></span> <span class='ocrx_word' id='word_1_384' title='bbox 1331 821 1393 860; x_wconf 76' lang='lat' dir='ltr'><strong>ejus</strong></span> <span class='ocrx_word' id='word_1_385' title='bbox 1414 832 1423 848; x_wconf 90' lang='lat'><strong>.·</strong></span> <span class='ocrx_word' id='word_1_386' title='bbox 1438 830 1491 849; x_wconf 90' lang='lat' dir='ltr'><strong>non</strong></span> <span class='ocrx_word' id='word_1_387' title='bbox 1505 820 1665 860; x_wconf 80' lang='lat' dir='ltr'><strong>simpliciter</strong></span> <span class='ocrx_word' id='word_1_388' title='bbox 1677 813 1714 836; x_wconf 85' lang='lat'><strong>¹⁵·</strong></span> 
     </span>
     <span class='ocr_line' id='line_1_48' title="bbox 918 865 1661 906; baseline -0.001 -11"><span class='ocrx_word' id='word_1_389' title='bbox 918 875 1004 904; x_wconf 78' lang='lat' dir='ltr'><strong>mors,</strong></span> <span class='ocrx_word' id='word_1_390' title='bbox 1031 866 1078 896; x_wconf 85' lang='lat' dir='ltr'><strong>sed</strong></span> <span class='ocrx_word' id='word_1_391' title='bbox 1100 877 1174 904; x_wconf 88' lang='lat' dir='ltr'><strong>mors</strong></span> <span class='ocrx_word' id='word_1_392' title='bbox 1198 865 1342 906; x_wconf 87' lang='lat' dir='ltr'><strong>ejusmodi.</strong></span> <span class='ocrx_word' id='word_1_393' title='bbox 1365 867 1401 896; x_wconf 93' lang='lat' dir='ltr'><strong>Et</strong></span> <span class='ocrx_word' id='word_1_394' title='bbox 1428 877 1522 895; x_wconf 88' lang='lat' dir='ltr'><strong>rursus</strong></span> <span class='ocrx_word' id='word_1_395' title='bbox 1549 865 1661 903; x_wconf 80' lang='lat' dir='ltr'><strong>alicubi,</strong></span> 
     </span>
     <span class='ocr_line' id='line_1_49' title="bbox 920 911 1790 952; baseline 0.002 -11"><span class='ocrx_word' id='word_1_396' title='bbox 920 913 1002 941; x_wconf 84' lang='lat' dir='ltr'><strong>Mors</strong></span> <span class='ocrx_word' id='word_1_397' title='bbox 1013 918 1198 952; x_wconf 84' lang='lat' dir='ltr'><strong>peccatorum</strong></span> <span class='ocrx_word' id='word_1_398' title='bbox 1216 915 1353 951; x_wconf 81' lang='lat' dir='ltr'><strong>pessima.</strong></span> <span class='ocrx_word' id='word_1_399' title='bbox 1370 911 1456 942; x_wconf 85' lang='lat' dir='ltr'><strong>Vides</strong></span> <span class='ocrx_word' id='word_1_400' title='bbox 1479 911 1531 940; x_wconf 91' lang='lat' dir='ltr'><strong>hoe</strong></span> <span class='ocrx_word' id='word_1_401' title='bbox 1555 922 1664 950; x_wconf 88' lang='lat' dir='ltr'><strong>quoque</strong></span> <span class='ocrx_word' id='word_1_402' title='bbox 1674 921 1741 943; x_wconf 76' lang='lat' dir='ltr'><strong>Psat.</strong></span> <span class='ocrx_word' id='word_1_403' title='bbox 1751 919 1790 943; x_wconf 80' lang='lat'><strong>33.</strong></span> 
     </span>
     <span class='ocr_line' id='line_1_50' title="bbox 919 957 1711 995; baseline -0.001 -8"><span class='ocrx_word' id='word_1_404' title='bbox 919 958 1039 987; x_wconf 81' lang='lat' dir='ltr'><strong>medium</strong></span> <span class='ocrx_word' id='word_1_405' title='bbox 1051 969 1118 995; x_wconf 85' lang='lat' dir='ltr'><strong>esse,</strong></span> <span class='ocrx_word' id='word_1_406' title='bbox 1133 968 1181 987; x_wconf 89' lang='lat' dir='ltr'><strong>nec</strong></span> <span class='ocrx_word' id='word_1_407' title='bbox 1199 957 1321 986; x_wconf 84' lang='lat' dir='ltr'><strong>absolute</strong></span> <span class='ocrx_word' id='word_1_408' title='bbox 1338 957 1451 994; x_wconf 89' lang='lat' dir='ltr'><strong>bonum,</strong></span> <span class='ocrx_word' id='word_1_409' title='bbox 1475 967 1523 987; x_wconf 79' lang='lat' dir='ltr'><strong>nec</strong></span> <span class='ocrx_word' id='word_1_410' title='bbox 1536 957 1598 986; x_wconf 86' lang='lat' dir='ltr'><strong>item</strong></span> <span class='ocrx_word' id='word_1_411' title='bbox 1613 957 1662 986; x_wconf 87' lang='lat' dir='ltr'><strong>ab-</strong></span> <span class='ocrx_word' id='word_1_412' title='bbox 1673 958 1711 974; x_wconf 86' lang='lat'><strong>²²·</strong></span> 
     </span>
     <span class='ocr_line' id='line_1_51' title="bbox 920 1002 1664 1043; baseline 0 -10"><span class='ocrx_word' id='word_1_413' title='bbox 920 1004 1007 1033; x_wconf 81' lang='lat' dir='ltr'><strong>soluto</strong></span> <span class='ocrx_word' id='word_1_414' title='bbox 1018 1003 1132 1039; x_wconf 81' lang='lat' dir='ltr'><strong>malum,</strong></span> <span class='ocrx_word' id='word_1_415' title='bbox 1154 1003 1201 1033; x_wconf 80' lang='lat' dir='ltr'><strong>sed</strong></span> <span class='ocrx_word' id='word_1_416' title='bbox 1216 1013 1266 1043; x_wconf 85' lang='lat' dir='ltr'><strong>pro</strong></span> <span class='ocrx_word' id='word_1_417' title='bbox 1287 1003 1390 1032; x_wconf 87' lang='lat' dir='ltr'><strong>ratione</strong></span> <span class='ocrx_word' id='word_1_418' title='bbox 1409 1002 1492 1032; x_wconf 90' lang='lat' dir='ltr'><strong>animi</strong></span> <span class='ocrx_word' id='word_1_419' title='bbox 1505 1009 1531 1032; x_wconf 88' lang='lat' dir='ltr'><strong>et</strong></span> <span class='ocrx_word' id='word_1_420' title='bbox 1552 1003 1664 1033; x_wconf 81' lang='lat' dir='ltr'><strong>affectus</strong></span> 
     </span>
     <span class='ocr_line' id='line_1_52' title="bbox 886 1048 1663 1088; baseline 0.003 -12"><span class='ocrx_word' id='word_1_421' title='bbox 886 1053 905 1076; x_wconf 72' lang='grc' dir='ltr'><strong>ι)</strong></span> <span class='ocrx_word' id='word_1_422' title='bbox 921 1060 1014 1079; x_wconf 81' lang='lat' dir='ltr'><strong>corum</strong></span> <span class='ocrx_word' id='word_1_423' title='bbox 1035 1060 1050 1078; x_wconf 89' lang='lat' dir='ltr'><strong>a</strong></span> <span class='ocrx_word' id='word_1_424' title='bbox 1063 1049 1163 1088; x_wconf 88' lang='lat' dir='ltr'><strong>quihus</strong></span> <span class='ocrx_word' id='word_1_425' title='bbox 1184 1048 1256 1078; x_wconf 91' lang='lat' dir='ltr'><strong>illud</strong></span> <span class='ocrx_word' id='word_1_426' title='bbox 1275 1048 1434 1088; x_wconf 79' lang='lat' dir='ltr'>excipitur?</span> <span class='ocrx_word' id='word_1_427' title='bbox 1447 1048 1553 1079; x_wconf 87' lang='lat' dir='ltr'><strong>Idcirco</strong></span> <span class='ocrx_word' id='word_1_428' title='bbox 1574 1055 1600 1078; x_wconf 84' lang='lat' dir='ltr'><strong>et</strong></span> <span class='ocrx_word' id='word_1_429' title='bbox 1621 1059 1663 1078; x_wconf 79' lang='lat' dir='ltr'><strong>sa-</strong></span> 
     </span>
     <span class='ocr_line' id='line_1_53' title="bbox 921 1094 1666 1135; baseline -0.001 -11"><span class='ocrx_word' id='word_1_430' title='bbox 921 1094 1104 1135; x_wconf 79' lang='lat' dir='ltr'><strong>pientissimus</strong></span> <span class='ocrx_word' id='word_1_431' title='bbox 1126 1094 1264 1132; x_wconf 81' lang='lat' dir='ltr'>Salomon,</span> <span class='ocrx_word' id='word_1_432' title='bbox 1285 1094 1352 1124; x_wconf 88' lang='lat' dir='ltr'><strong>dum</strong></span> <span class='ocrx_word' id='word_1_433' title='bbox 1375 1094 1519 1124; x_wconf 79' lang='lat' dir='ltr'><strong>utilitatem</strong></span> <span class='ocrx_word' id='word_1_434' title='bbox 1545 1105 1666 1125; x_wconf 89' lang='lat' dir='ltr'><strong>comme-</strong></span> 
     </span>
     <span class='ocr_line' id='line_1_54' title="bbox 920 1140 1665 1180; baseline 0.001 -9"><span class='ocrx_word' id='word_1_435' title='bbox 920 1147 1018 1177; x_wconf 80' lang='lat' dir='ltr'><strong>morat,</strong></span> <span class='ocrx_word' id='word_1_436' title='bbox 1039 1151 1100 1180; x_wconf 84' lang='lat' dir='ltr'><strong>quae</strong></span> <span class='ocrx_word' id='word_1_437' title='bbox 1119 1141 1147 1170; x_wconf 90' lang='lat' dir='ltr'><strong>in</strong></span> <span class='ocrx_word' id='word_1_438' title='bbox 1169 1140 1258 1170; x_wconf 81' lang='lat' dir='ltr'><strong>medio</strong></span> <span class='ocrx_word' id='word_1_439' title='bbox 1282 1140 1396 1170; x_wconf 83' lang='lat' dir='ltr'><strong>istorum</strong></span> <span class='ocrx_word' id='word_1_440' title='bbox 1414 1146 1454 1169; x_wconf 81' lang='lat' dir='ltr'><strong>est</strong></span> <span class='ocrx_word' id='word_1_441' title='bbox 1468 1140 1565 1180; x_wconf 83' lang='lat' dir='ltr'><strong>posita,</strong></span> <span class='ocrx_word' id='word_1_442' title='bbox 1583 1149 1609 1171; x_wconf 87' lang='lat' dir='ltr'><strong>et</strong></span> <span class='ocrx_word' id='word_1_443' title='bbox 1630 1142 1665 1172; x_wconf 87' lang='lat' dir='ltr'><strong>de</strong></span> 
     </span>
     <span class='ocr_line' id='line_1_55' title="bbox 921 1185 1666 1227; baseline 0.004 -12"><span class='ocrx_word' id='word_1_444' title='bbox 921 1187 963 1216; x_wconf 87' lang='lat' dir='ltr'><strong>his</strong></span> <span class='ocrx_word' id='word_1_445' title='bbox 979 1186 1197 1227; x_wconf 81' lang='lat' dir='ltr'><strong>philosophatur,</strong></span> <span class='ocrx_word' id='word_1_446' title='bbox 1219 1185 1386 1224; x_wconf 82' lang='lat' dir='ltr'><strong>ostenditque</strong></span> <span class='ocrx_word' id='word_1_447' title='bbox 1408 1195 1462 1215; x_wconf 90' lang='lat' dir='ltr'><strong>non</strong></span> <span class='ocrx_word' id='word_1_448' title='bbox 1481 1186 1532 1216; x_wconf 89' lang='lat' dir='ltr'><strong>hoc</strong></span> <span class='ocrx_word' id='word_1_449' title='bbox 1544 1187 1666 1218; x_wconf 83' lang='lat' dir='ltr'><strong>absolute</strong></span> 
     </span>
     <span class='ocr_line' id='line_1_56' title="bbox 920 1230 1665 1269; baseline 0.004 -8"><span class='ocrx_word' id='word_1_450' title='bbox 920 1233 1023 1262; x_wconf 89' lang='lat' dir='ltr'><strong>bonum</strong></span> <span class='ocrx_word' id='word_1_451' title='bbox 1035 1242 1103 1269; x_wconf 82' lang='lat' dir='ltr'><strong>esse,</strong></span> <span class='ocrx_word' id='word_1_452' title='bbox 1115 1239 1141 1262; x_wconf 87' lang='lat' dir='ltr'><strong>et</strong></span> <span class='ocrx_word' id='word_1_453' title='bbox 1151 1231 1223 1261; x_wconf 82' lang='lat' dir='ltr'><strong>illud</strong></span> <span class='ocrx_word' id='word_1_454' title='bbox 1233 1232 1346 1269; x_wconf 83' lang='lat' dir='ltr'><strong>malum,</strong></span> <span class='ocrx_word' id='word_1_455' title='bbox 1362 1230 1410 1261; x_wconf 80' lang='lat' dir='ltr'><strong>sed</strong></span> <span class='ocrx_word' id='word_1_456' title='bbox 1423 1233 1591 1263; x_wconf 81' lang='lat' dir='ltr'><strong>eonvenienti</strong></span> <span class='ocrx_word' id='word_1_457' title='bbox 1603 1244 1665 1264; x_wconf 90' lang='lat' dir='ltr'><strong>cum</strong></span> 
     </span>
     <span class='ocr_line' id='line_1_57' title="bbox 919 1277 1664 1318; baseline 0 -10"><span class='ocrx_word' id='word_1_458' title='bbox 919 1285 1039 1318; x_wconf 80' lang='lat' dir='ltr'><strong>tempore</strong></span> <span class='ocrx_word' id='word_1_459' title='bbox 1059 1277 1118 1308; x_wconf 80' lang='lat' dir='ltr'><strong>fieri</strong></span> <span class='ocrx_word' id='word_1_460' title='bbox 1131 1278 1214 1316; x_wconf 82' lang='lat' dir='ltr'><strong>bona,</strong></span> <span class='ocrx_word' id='word_1_461' title='bbox 1234 1278 1298 1308; x_wconf 85' lang='lat' dir='ltr'><strong>licet</strong></span> <span class='ocrx_word' id='word_1_462' title='bbox 1309 1277 1422 1307; x_wconf 89' lang='lat' dir='ltr'><strong>molesta</strong></span> <span class='ocrx_word' id='word_1_463' title='bbox 1435 1288 1490 1308; x_wconf 86' lang='lat' dir='ltr'><strong>esse</strong></span> <span class='ocrx_word' id='word_1_464' title='bbox 1509 1278 1664 1317; x_wconf 85' lang='lat' dir='ltr'><strong>videantur,</strong></span> 
     </span>
     <span class='ocr_line' id='line_1_58' title="bbox 920 1325 1666 1365; baseline 0.003 -11"><span class='ocrx_word' id='word_1_465' title='bbox 920 1326 969 1363; x_wconf 78' lang='lat' dir='ltr'><strong>[et</strong></span> <span class='ocrx_word' id='word_1_466' title='bbox 986 1325 1067 1362; x_wconf 82' lang='lat' dir='ltr'><strong>mala,</strong></span> <span class='ocrx_word' id='word_1_467' title='bbox 1091 1325 1154 1355; x_wconf 85' lang='lat' dir='ltr'><strong>licet</strong></span> <span class='ocrx_word' id='word_1_468' title='bbox 1171 1325 1293 1365; x_wconf 82' lang='lat' dir='ltr'><strong>jucunda</strong></span> <span class='ocrx_word' id='word_1_469' title='bbox 1313 1335 1370 1355; x_wconf 88' lang='lat' dir='ltr'><strong>esse</strong></span> <span class='ocrx_word' id='word_1_470' title='bbox 1392 1325 1581 1364; x_wconf 82' lang='lat' dir='ltr'><strong>videantur];</strong></span> <span class='ocrx_word' id='word_1_471' title='bbox 1604 1338 1666 1357; x_wconf 87' lang='lat' dir='ltr'><strong>cum</strong></span> 
     </span>
     <span class='ocr_line' id='line_1_59' title="bbox 919 1371 1817 1413; baseline 0.001 -13"><span class='ocrx_word' id='word_1_472' title='bbox 919 1381 973 1400; x_wconf 90' lang='lat' dir='ltr'><strong>non</strong></span> <span class='ocrx_word' id='word_1_473' title='bbox 988 1371 1157 1401; x_wconf 83' lang='lat' dir='ltr'><strong>convenienti</strong></span> <span class='ocrx_word' id='word_1_474' title='bbox 1172 1371 1240 1401; x_wconf 80' lang='lat' dir='ltr'><strong>fiunt</strong></span> <span class='ocrx_word' id='word_1_475' title='bbox 1253 1379 1384 1412; x_wconf 86' lang='lat' dir='ltr'><strong>tempore,</strong></span> <span class='ocrx_word' id='word_1_476' title='bbox 1398 1371 1505 1401; x_wconf 85' lang='lat' dir='ltr'><strong>dicebat</strong></span> <span class='ocrx_word' id='word_1_477' title='bbox 1518 1384 1525 1401; x_wconf 71' lang='grc' dir='ltr'>ε</span> <span class='ocrx_word' id='word_1_478' title='bbox 1545 1373 1666 1413; x_wconf 86' lang='lat' dir='ltr'><strong><em>Tempus</em></strong></span> <span class='ocrx_word' id='word_1_479' title='bbox 1677 1377 1783 1400; x_wconf 68' lang='lat' dir='ltr'><strong>Ecclc-S.</strong></span> <span class='ocrx_word' id='word_1_480' title='bbox 1792 1378 1817 1406; x_wconf 78' lang='grc'><strong>4,</strong></span> 
     </span>
     <span class='ocr_line' id='line_1_60' title="bbox 912 1418 1666 1459; baseline 0.003 -12"><span class='ocrx_word' id='word_1_481' title='bbox 912 1418 1020 1459; x_wconf 81' lang='lat' dir='ltr'><strong>flendi,</strong></span> <span class='ocrx_word' id='word_1_482' title='bbox 1032 1425 1060 1447; x_wconf 87' lang='lat' dir='ltr'><strong>et</strong></span> <span class='ocrx_word' id='word_1_483' title='bbox 1080 1423 1190 1458; x_wconf 79' lang='lat' dir='ltr'><strong>tempus</strong></span> <span class='ocrx_word' id='word_1_484' title='bbox 1203 1418 1319 1447; x_wconf 74' lang='lat' dir='ltr'><strong>ridendi</strong></span> <span class='ocrx_word' id='word_1_485' title='bbox 1335 1431 1343 1447; x_wconf 84' lang='lat'><strong>.·</strong></span> <span class='ocrx_word' id='word_1_486' title='bbox 1367 1423 1477 1458; x_wconf 84' lang='lat' dir='ltr'><strong>tempus</strong></span> <span class='ocrx_word' id='word_1_487' title='bbox 1489 1420 1622 1456; x_wconf 78' lang='lat' dir='ltr'><strong>vivendi,</strong></span> <span class='ocrx_word' id='word_1_488' title='bbox 1638 1426 1666 1449; x_wconf 81' lang='lat' dir='ltr'><strong>et</strong></span> 
     </span>
     <span class='ocr_line' id='line_1_61' title="bbox 919 1464 1666 1505; baseline 0.003 -12"><span class='ocrx_word' id='word_1_489' title='bbox 919 1464 1030 1504; x_wconf 68' lang='lat' dir='ltr'><strong>temptes</strong></span> <span class='ocrx_word' id='word_1_490' title='bbox 1051 1465 1206 1494; x_wconf 78' lang='lat' dir='ltr'><strong>moriendi.</strong></span> <span class='ocrx_word' id='word_1_491' title='bbox 1221 1464 1314 1503; x_wconf 86' lang='lat' dir='ltr'><strong>Neque</strong></span> <span class='ocrx_word' id='word_1_492' title='bbox 1338 1464 1409 1494; x_wconf 89' lang='lat' dir='ltr'><strong>enim</strong></span> <span class='ocrx_word' id='word_1_493' title='bbox 1423 1475 1526 1505; x_wconf 84' lang='lat' dir='ltr'>semper</span> <span class='ocrx_word' id='word_1_494' title='bbox 1549 1465 1666 1505; x_wconf 82' lang='lat' dir='ltr'><strong>gaudere</strong></span> 
     </span>
     <span class='ocr_line' id='line_1_62' title="bbox 917 1509 1666 1550; baseline 0.003 -11"><span class='ocrx_word' id='word_1_495' title='bbox 917 1510 1019 1539; x_wconf 88' lang='lat' dir='ltr'><strong>bonum</strong></span> <span class='ocrx_word' id='word_1_496' title='bbox 1038 1517 1088 1547; x_wconf 89' lang='lat' dir='ltr'><strong>est,</strong></span> <span class='ocrx_word' id='word_1_497' title='bbox 1107 1509 1155 1539; x_wconf 80' lang='lat' dir='ltr'><strong>sed</strong></span> <span class='ocrx_word' id='word_1_498' title='bbox 1174 1509 1321 1549; x_wconf 83' lang='lat' dir='ltr'><strong>aliquando</strong></span> <span class='ocrx_word' id='word_1_499' title='bbox 1334 1510 1414 1540; x_wconf 82' lang='lat' dir='ltr'><strong>etiarn</strong></span> <span class='ocrx_word' id='word_1_500' title='bbox 1429 1511 1560 1549; x_wconf 86' lang='lat' dir='ltr'><strong>noxium;</strong></span> <span class='ocrx_word' id='word_1_501' title='bbox 1580 1522 1666 1550; x_wconf 86' lang='lat' dir='ltr'><strong>neque</strong></span> 
     </span>
     <span class='ocr_line' id='line_1_63' title="bbox 918 1555 1665 1596; baseline 0.003 -11"><span class='ocrx_word' id='word_1_502' title='bbox 918 1555 991 1585; x_wconf 83' lang='lat' dir='ltr'><strong>enim</strong></span> <span class='ocrx_word' id='word_1_503' title='bbox 1006 1566 1111 1596; x_wconf 78' lang='lat' dir='ltr'><strong>semper</strong></span> <span class='ocrx_word' id='word_1_504' title='bbox 1125 1555 1218 1585; x_wconf 83' lang='lat' dir='ltr'><strong>dolere</strong></span> <span class='ocrx_word' id='word_1_505' title='bbox 1230 1556 1346 1593; x_wconf 88' lang='lat' dir='ltr'><strong>bonum,</strong></span> <span class='ocrx_word' id='word_1_506' title='bbox 1362 1555 1409 1585; x_wconf 81' lang='lat' dir='ltr'><strong>sed</strong></span> <span class='ocrx_word' id='word_1_507' title='bbox 1422 1555 1568 1595; x_wconf 81' lang='lat' dir='ltr'><strong>aliquando</strong></span> <span class='ocrx_word' id='word_1_508' title='bbox 1585 1558 1665 1587; x_wconf 81' lang='lat' dir='ltr'><strong>etiam</strong></span> 
     </span>
     <span class='ocr_line' id='line_1_64' title="bbox 917 1601 1665 1642; baseline 0.004 -12"><span class='ocrx_word' id='word_1_509' title='bbox 917 1601 996 1631; x_wconf 83' lang='lat' dir='ltr'><strong>letale</strong></span> <span class='ocrx_word' id='word_1_510' title='bbox 1006 1611 1037 1631; x_wconf 91' lang='lat' dir='ltr'><strong>ac</strong></span> <span class='ocrx_word' id='word_1_511' title='bbox 1045 1602 1237 1641; x_wconf 81' lang='lat' dir='ltr'><strong>perniciosum.</strong></span> <span class='ocrx_word' id='word_1_512' title='bbox 1249 1603 1336 1640; x_wconf 86' lang='lat' dir='ltr'><strong>Atque</strong></span> <span class='ocrx_word' id='word_1_513' title='bbox 1346 1602 1397 1631; x_wconf 82' lang='lat' dir='ltr'><strong>hoc</strong></span> <span class='ocrx_word' id='word_1_514' title='bbox 1409 1602 1498 1642; x_wconf 88' lang='lat' dir='ltr'><strong>ipsum</strong></span> <span class='ocrx_word' id='word_1_515' title='bbox 1515 1613 1609 1632; x_wconf 71' lang='lat' dir='ltr'><strong>ruisus</strong></span> <span class='ocrx_word' id='word_1_516' title='bbox 1626 1604 1665 1633; x_wconf 91' lang='lat' dir='ltr'><strong>in-</strong></span> 
     </span>
     <span class='ocr_line' id='line_1_65' title="bbox 918 1646 1800 1687; baseline 0.003 -11"><span class='ocrx_word' id='word_1_517' title='bbox 918 1646 1010 1677; x_wconf 83' lang='lat' dir='ltr'><strong>dicans</strong></span> <span class='ocrx_word' id='word_1_518' title='bbox 1030 1648 1130 1677; x_wconf 79' lang='lat' dir='ltr'><strong>Paulus</strong></span> <span class='ocrx_word' id='word_1_519' title='bbox 1149 1647 1256 1677; x_wconf 75' lang='lat' dir='ltr'><strong>dicebat</strong></span> <span class='ocrx_word' id='word_1_520' title='bbox 1276 1659 1283 1676; x_wconf 75' lang='grc' dir='ltr'>ε</span> <span class='ocrx_word' id='word_1_521' title='bbox 1300 1648 1372 1687; x_wconf 82' lang='lat' dir='ltr'><strong>Quae</strong></span> <span class='ocrx_word' id='word_1_522' title='bbox 1392 1649 1551 1678; x_wconf 77' lang='lat' dir='ltr'><strong>secundum</strong></span> <span class='ocrx_word' id='word_1_523' title='bbox 1569 1650 1664 1679; x_wconf 85' lang='lat' dir='ltr'><strong>Deum</strong></span> <span class='ocrx_word' id='word_1_524' title='bbox 1676 1658 1699 1673; x_wconf 87' lang='lat'><strong>2-</strong></span> <span class='ocrx_word' id='word_1_525' title='bbox 1715 1651 1767 1674; x_wconf 74' lang='lat' dir='ltr'><strong>Cor·</strong></span> <span class='ocrx_word' id='word_1_526' title='bbox 1778 1661 1800 1683; x_wconf 86' lang='lat'><strong>7·</strong></span> 
     </span>
     <span class='ocr_line' id='line_1_66' title="bbox 920 1688 1715 1734; baseline 0.004 -12"><span class='ocrx_word' id='word_1_527' title='bbox 920 1695 1040 1723; x_wconf 76' lang='lat' dir='ltr'><strong>tristitia</strong></span> <span class='ocrx_word' id='word_1_528' title='bbox 1053 1700 1107 1731; x_wconf 85' lang='lat' dir='ltr'><strong>est,</strong></span> <span class='ocrx_word' id='word_1_529' title='bbox 1121 1695 1322 1734; x_wconf 77' lang='lat' dir='ltr'><strong>poenitentiam</strong></span> <span class='ocrx_word' id='word_1_530' title='bbox 1342 1696 1374 1722; x_wconf 87' lang='lat' dir='ltr'><strong>in</strong></span> <span class='ocrx_word' id='word_1_531' title='bbox 1387 1695 1512 1724; x_wconf 77' lang='lat' dir='ltr'><strong>salutem</strong></span> <span class='ocrx_word' id='word_1_532' title='bbox 1531 1696 1667 1725; x_wconf 69' lang='lat' dir='ltr'><strong>stabilem</strong></span> <span class='ocrx_word' id='word_1_533' title='bbox 1679 1688 1715 1704; x_wconf 73' lang='lat'><strong>¹⁰⁸</strong></span> 
     </span>
     <span class='ocr_line' id='line_1_67' title="bbox 920 1739 1665 1780; baseline 0.004 -13"><span class='ocrx_word' id='word_1_534' title='bbox 920 1745 1056 1777; x_wconf 82' lang='lat' dir='ltr'><strong>operatur</strong></span> <span class='ocrx_word' id='word_1_535' title='bbox 1069 1750 1079 1767; x_wconf 87' lang='grc'><strong>.-</strong></span> <span class='ocrx_word' id='word_1_536' title='bbox 1091 1739 1194 1768; x_wconf 70' lang='grc' dir='ltr'>ςιεοιιίί</span> <span class='ocrx_word' id='word_1_537' title='bbox 1207 1745 1305 1774; x_wconf 77' lang='lat' dir='ltr'><strong>autem</strong></span> <span class='ocrx_word' id='word_1_538' title='bbox 1320 1740 1441 1769; x_wconf 74' lang='lat' dir='ltr'><strong>tristitia</strong></span> <span class='ocrx_word' id='word_1_539' title='bbox 1458 1747 1579 1770; x_wconf 86' lang='lat' dir='ltr'><strong>mortem</strong></span> <span class='ocrx_word' id='word_1_540' title='bbox 1597 1751 1665 1780; x_wconf 40' lang='lat' dir='ltr'><strong>ope*-</strong></span> 
     </span>
     <span class='ocr_line' id='line_1_68' title="bbox 922 1790 1295 1814; baseline 0 -1"><span class='ocrx_word' id='word_1_541' title='bbox 922 1790 1013 1814; x_wconf 72' lang='grc' dir='ltr'>ναίειν.</span> <span class='ocrx_word' id='word_1_542' title='bbox 1291 1806 1295 1808; x_wconf 61' lang='grc'><strong>»</strong></span> 
     </span>
     <span class='ocr_line' id='line_1_69' title="bbox 960 1829 1665 1870; baseline 0.003 -10"><span class='ocrx_word' id='word_1_543' title='bbox 960 1831 989 1860; x_wconf 84' lang='grc'><strong>5.</strong></span> <span class='ocrx_word' id='word_1_544' title='bbox 1013 1829 1099 1861; x_wconf 58' lang='lat' dir='ltr'><strong>vida</strong></span> <span class='ocrx_word' id='word_1_545' title='bbox 1111 1829 1163 1860; x_wconf 87' lang='lat' dir='ltr'><strong>hoc</strong></span> <span class='ocrx_word' id='word_1_546' title='bbox 1181 1840 1290 1869; x_wconf 88' lang='lat' dir='ltr'><strong>quoque</strong></span> <span class='ocrx_word' id='word_1_547' title='bbox 1311 1830 1431 1860; x_wconf 85' lang='lat' dir='ltr'><strong>medium</strong></span> <span class='ocrx_word' id='word_1_548' title='bbox 1451 1836 1533 1870; x_wconf 68' lang='lat' dir='ltr'><strong>atque</strong></span> <span class='ocrx_word' id='word_1_549' title='bbox 1553 1831 1665 1862; x_wconf 78' lang='lat' dir='ltr'><strong>indiffe-</strong></span> 
     </span>
     <span class='ocr_line' id='line_1_70' title="bbox 919 1875 1815 1916; baseline 0.002 -12"><span class='ocrx_word' id='word_1_550' title='bbox 919 1885 980 1905; x_wconf 85' lang='lat' dir='ltr'><strong>rens</strong></span> <span class='ocrx_word' id='word_1_551' title='bbox 993 1875 1071 1905; x_wconf 77' lang='lat' dir='ltr'><strong>esse?</strong></span> <span class='ocrx_word' id='word_1_552' title='bbox 1087 1875 1175 1916; x_wconf 80' lang='lat' dir='ltr'><strong>Igitur</strong></span> <span class='ocrx_word' id='word_1_553' title='bbox 1186 1882 1211 1905; x_wconf 90' lang='lat' dir='ltr'><strong>et</strong></span> <span class='ocrx_word' id='word_1_554' title='bbox 1224 1875 1388 1907; x_wconf 81' lang='lat' dir='ltr'><strong>contrarium</strong></span> <span class='ocrx_word' id='word_1_555' title='bbox 1404 1876 1463 1916; x_wconf 63' lang='lat' dir='ltr'><strong>eju!</strong></span> <span class='ocrx_word' id='word_1_556' title='bbox 1480 1884 1521 1907; x_wconf 89' lang='lat' dir='ltr'><strong>est</strong></span> <span class='ocrx_word' id='word_1_557' title='bbox 1534 1877 1664 1914; x_wconf 86' lang='lat' dir='ltr'><strong>medium,</strong></span> <span class='ocrx_word' id='word_1_558' title='bbox 1675 1883 1815 1915; x_wconf 48' lang='grc' dir='ltr'><strong>ΡΙιῑΙῑρῄῄ,</strong></span> 
     </span>
     <span class='ocr_line' id='line_1_71' title="bbox 919 1921 1666 1964; baseline 0.005 -14"><span class='ocrx_word' id='word_1_559' title='bbox 919 1922 1046 1951; x_wconf 86' lang='lat' dir='ltr'><strong>nimirum</strong></span> <span class='ocrx_word' id='word_1_560' title='bbox 1062 1921 1187 1962; x_wconf 85' lang='lat' dir='ltr'><strong>gaudere.</strong></span> <span class='ocrx_word' id='word_1_561' title='bbox 1208 1922 1275 1952; x_wconf 86' lang='lat' dir='ltr'><strong>Ideo</strong></span> <span class='ocrx_word' id='word_1_562' title='bbox 1294 1932 1346 1952; x_wconf 92' lang='lat' dir='ltr'><strong>non</strong></span> <span class='ocrx_word' id='word_1_563' title='bbox 1366 1922 1526 1963; x_wconf 74' lang='lat' dir='ltr'><strong>sinpliciter</strong></span> <span class='ocrx_word' id='word_1_564' title='bbox 1548 1924 1666 1964; x_wconf 82' lang='lat' dir='ltr'><strong>gaudere</strong></span> 
     </span>
     <span class='ocr_line' id='line_1_72' title="bbox 915 1968 1664 2009; baseline 0.004 -12"><span class='ocrx_word' id='word_1_565' title='bbox 915 1968 1006 2008; x_wconf 85' lang='lat' dir='ltr'><strong>jussit,</strong></span> <span class='ocrx_word' id='word_1_566' title='bbox 1021 1968 1068 1998; x_wconf 86' lang='lat' dir='ltr'><strong>sed</strong></span> <span class='ocrx_word' id='word_1_567' title='bbox 1081 1969 1108 1997; x_wconf 92' lang='lat' dir='ltr'><strong>in</strong></span> <span class='ocrx_word' id='word_1_568' title='bbox 1122 1968 1239 1998; x_wconf 88' lang='lat' dir='ltr'><strong>Domino</strong></span> <span class='ocrx_word' id='word_1_569' title='bbox 1252 1968 1380 2008; x_wconf 74' lang='lat' dir='ltr'><strong>gaudere.</strong></span> <span class='ocrx_word' id='word_1_570' title='bbox 1396 1968 1450 1998; x_wconf 79' lang='lat' dir='ltr'><strong>Sed</strong></span> <span class='ocrx_word' id='word_1_571' title='bbox 1464 1969 1528 1998; x_wconf 83' lang='lat' dir='ltr'><strong>satis</strong></span> <span class='ocrx_word' id='word_1_572' title='bbox 1537 1969 1594 2009; x_wconf 81' lang='lat' dir='ltr'><strong>jam</strong></span> <span class='ocrx_word' id='word_1_573' title='bbox 1605 1981 1664 2000; x_wconf 85' lang='lat' dir='ltr'><strong>ser-</strong></span> 
     </span>
     <span class='ocr_line' id='line_1_73' title="bbox 919 2013 1665 2054; baseline 0.004 -11"><span class='ocrx_word' id='word_1_574' title='bbox 919 2024 1024 2043; x_wconf 88' lang='lat' dir='ltr'><strong>monem</strong></span> <span class='ocrx_word' id='word_1_575' title='bbox 1045 2013 1118 2044; x_wconf 79' lang='lat' dir='ltr'><strong>hunc</strong></span> <span class='ocrx_word' id='word_1_576' title='bbox 1139 2013 1174 2043; x_wconf 87' lang='lat' dir='ltr'><strong>de</strong></span> <span class='ocrx_word' id='word_1_577' title='bbox 1195 2014 1275 2043; x_wconf 82' lang='lat' dir='ltr'><strong>rebus</strong></span> <span class='ocrx_word' id='word_1_578' title='bbox 1295 2013 1393 2043; x_wconf 88' lang='lat' dir='ltr'><strong>mediis</strong></span> <span class='ocrx_word' id='word_1_579' title='bbox 1415 2015 1627 2054; x_wconf 79' lang='lat' dir='ltr'><strong>enucleavimus,</strong></span> <span class='ocrx_word' id='word_1_580' title='bbox 1642 2017 1665 2046; x_wconf 91' lang='lat' dir='ltr'><strong>si</strong></span> 
     </span>
     <span class='ocr_line' id='line_1_74' title="bbox 884 2060 1665 2100; baseline 0.004 -10"><span class='ocrx_word' id='word_1_581' title='bbox 884 2076 903 2099; x_wconf 76' lang='lat' dir='ltr'>E</span> <span class='ocrx_word' id='word_1_582' title='bbox 919 2060 1028 2100; x_wconf 86' lang='lat' dir='ltr'><strong>quidem</strong></span> <span class='ocrx_word' id='word_1_583' title='bbox 1047 2067 1158 2090; x_wconf 87' lang='lat' dir='ltr'><strong>attentos</strong></span> <span class='ocrx_word' id='word_1_584' title='bbox 1178 2061 1248 2091; x_wconf 78' lang='lat' dir='ltr'><strong>nacti</strong></span> <span class='ocrx_word' id='word_1_585' title='bbox 1262 2061 1393 2091; x_wconf 85' lang='lat' dir='ltr'><strong>fuerimus</strong></span> <span class='ocrx_word' id='word_1_586' title='bbox 1414 2061 1565 2094; x_wconf 59' lang='lat' dir='ltr'><strong>auditorem</strong></span> <span class='ocrx_word' id='word_1_587' title='bbox 1585 2069 1665 2098; x_wconf 81' lang='lat' dir='ltr'><strong>restat</strong></span> 
     </span>
     <span class='ocr_line' id='line_1_75' title="bbox 921 2106 1664 2147; baseline 0.004 -12"><span class='ocrx_word' id='word_1_588' title='bbox 921 2113 949 2135; x_wconf 89' lang='lat' dir='ltr'><strong>ut</strong></span> <span class='ocrx_word' id='word_1_589' title='bbox 966 2106 1000 2137; x_wconf 89' lang='lat' dir='ltr'><strong>ad</strong></span> <span class='ocrx_word' id='word_1_590' title='bbox 1013 2116 1044 2136; x_wconf 83' lang='lat' dir='ltr'><strong>ea</strong></span> <span class='ocrx_word' id='word_1_591' title='bbox 1056 2106 1274 2147; x_wconf 80' lang='lat' dir='ltr'><strong>progrediamur,</strong></span> <span class='ocrx_word' id='word_1_592' title='bbox 1285 2117 1345 2146; x_wconf 83' lang='lat' dir='ltr'><strong>quae</strong></span> <span class='ocrx_word' id='word_1_593' title='bbox 1359 2117 1412 2136; x_wconf 94' lang='lat' dir='ltr'><strong>non</strong></span> <span class='ocrx_word' id='word_1_594' title='bbox 1427 2113 1489 2137; x_wconf 86' lang='lat' dir='ltr'><strong>sunt</strong></span> <span class='ocrx_word' id='word_1_595' title='bbox 1504 2107 1603 2144; x_wconf 83' lang='lat' dir='ltr'><strong>media,</strong></span> <span class='ocrx_word' id='word_1_596' title='bbox 1616 2108 1664 2138; x_wconf 82' lang='lat' dir='ltr'><strong>scd</strong></span> 
     </span>
     <span class='ocr_line' id='line_1_76' title="bbox 919 2153 1662 2194; baseline 0.001 -12"><span class='ocrx_word' id='word_1_597' title='bbox 919 2154 999 2191; x_wconf 84' lang='lat' dir='ltr'><strong>bona,</strong></span> <span class='ocrx_word' id='word_1_598' title='bbox 1014 2164 1074 2192; x_wconf 72' lang='lat' dir='ltr'><strong>quae</strong></span> <span class='ocrx_word' id='word_1_599' title='bbox 1095 2153 1154 2183; x_wconf 85' lang='lat' dir='ltr'><strong>fieri</strong></span> <span class='ocrx_word' id='word_1_600' title='bbox 1174 2153 1244 2183; x_wconf 84' lang='lat' dir='ltr'><strong>mala</strong></span> <span class='ocrx_word' id='word_1_601' title='bbox 1265 2163 1318 2183; x_wconf 91' lang='lat' dir='ltr'><strong>nou</strong></span> <span class='ocrx_word' id='word_1_602' title='bbox 1339 2160 1461 2194; x_wconf 86' lang='lat' dir='ltr'><strong>possunt,</strong></span> <span class='ocrx_word' id='word_1_603' title='bbox 1483 2160 1509 2183; x_wconf 88' lang='lat' dir='ltr'><strong>et</strong></span> <span class='ocrx_word' id='word_1_604' title='bbox 1528 2153 1562 2183; x_wconf 80' lang='lat' dir='ltr'><strong>ad</strong></span> <span class='ocrx_word' id='word_1_605' title='bbox 1580 2155 1662 2191; x_wconf 82' lang='lat' dir='ltr'><strong>mala,</strong></span> 
     </span>
     <span class='ocr_line' id='line_1_77' title="bbox 918 2199 1663 2240; baseline 0.001 -12"><span class='ocrx_word' id='word_1_606' title='bbox 918 2211 977 2239; x_wconf 78' lang='lat' dir='ltr'><strong>quae</strong></span> <span class='ocrx_word' id='word_1_607' title='bbox 989 2210 1136 2239; x_wconf 88' lang='lat' dir='ltr'><strong>numquam</strong></span> <span class='ocrx_word' id='word_1_608' title='bbox 1145 2199 1203 2230; x_wconf 86' lang='lat' dir='ltr'><strong>fieri</strong></span> <span class='ocrx_word' id='word_1_609' title='bbox 1217 2206 1328 2240; x_wconf 87' lang='lat' dir='ltr'><strong>possunt</strong></span> <span class='ocrx_word' id='word_1_610' title='bbox 1338 2200 1419 2229; x_wconf 79' lang='lat' dir='ltr'><strong>bona.</strong></span> <span class='ocrx_word' id='word_1_611' title='bbox 1430 2200 1500 2230; x_wconf 87' lang='lat' dir='ltr'><strong>Nam</strong></span> <span class='ocrx_word' id='word_1_612' title='bbox 1513 2211 1543 2230; x_wconf 86' lang='lat' dir='ltr'><strong>ca</strong></span> <span class='ocrx_word' id='word_1_613' title='bbox 1554 2200 1663 2240; x_wconf 85' lang='lat' dir='ltr'><strong>quidem</strong></span> 
     </span>
     <span class='ocr_line' id='line_1_78' title="bbox 918 2245 1662 2286; baseline -0.001 -10"><span class='ocrx_word' id='word_1_614' title='bbox 918 2257 977 2286; x_wconf 80' lang='lat' dir='ltr'><strong>quae</strong></span> <span class='ocrx_word' id='word_1_615' title='bbox 989 2246 1111 2276; x_wconf 84' lang='lat' dir='ltr'><strong>diximus</strong></span> <span class='ocrx_word' id='word_1_616' title='bbox 1124 2246 1204 2276; x_wconf 89' lang='lat' dir='ltr'><strong>modo</strong></span> <span class='ocrx_word' id='word_1_617' title='bbox 1218 2246 1280 2282; x_wconf 86' lang='lat' dir='ltr'><strong>hoc,</strong></span> <span class='ocrx_word' id='word_1_618' title='bbox 1293 2245 1374 2275; x_wconf 90' lang='lat' dir='ltr'><strong>modo</strong></span> <span class='ocrx_word' id='word_1_619' title='bbox 1387 2245 1459 2275; x_wconf 91' lang='lat' dir='ltr'><strong>illud</strong></span> <span class='ocrx_word' id='word_1_620' title='bbox 1472 2245 1552 2283; x_wconf 85' lang='lat' dir='ltr'><strong>fiunt,</strong></span> <span class='ocrx_word' id='word_1_621' title='bbox 1567 2257 1662 2285; x_wconf 86' lang='lat' dir='ltr'><strong>quem-</strong></span> 
     </span>
     <span class='ocr_line' id='line_1_79' title="bbox 917 2291 1662 2327; baseline -0.004 -4"><span class='ocrx_word' id='word_1_622' title='bbox 917 2292 1064 2323; x_wconf 85' lang='lat' dir='ltr'><strong>admodum</strong></span> <span class='ocrx_word' id='word_1_623' title='bbox 1086 2292 1190 2322; x_wconf 81' lang='lat' dir='ltr'><strong>divitiae</strong></span> <span class='ocrx_word' id='word_1_624' title='bbox 1210 2291 1291 2321; x_wconf 89' lang='lat' dir='ltr'><strong>modo</strong></span> <span class='ocrx_word' id='word_1_625' title='bbox 1310 2291 1417 2322; x_wconf 75' lang='lat' dir='ltr'><strong>malum‘</strong></span> <span class='ocrx_word' id='word_1_626' title='bbox 1438 2298 1516 2327; x_wconf 87' lang='lat' dir='ltr'><strong>sunt,</strong></span> <span class='ocrx_word' id='word_1_627' title='bbox 1540 2302 1601 2321; x_wconf 89' lang='lat' dir='ltr'><strong>cum</strong></span> <span class='ocrx_word' id='word_1_628' title='bbox 1627 2292 1662 2321; x_wconf 77' lang='lat' dir='ltr'><strong>ad</strong></span> 
     </span>
     <span class='ocr_line' id='line_1_80' title="bbox 917 2336 1658 2378; baseline -0.003 -10"><span class='ocrx_word' id='word_1_629' title='bbox 917 2339 1002 2368; x_wconf 84' lang='lat' dir='ltr'><strong>aliena</strong></span> <span class='ocrx_word' id='word_1_630' title='bbox 1014 2339 1084 2368; x_wconf 89' lang='lat' dir='ltr'><strong>bona</strong></span> <span class='ocrx_word' id='word_1_631' title='bbox 1091 2337 1246 2378; x_wconf 79' lang='lat' dir='ltr'><strong>usurpanda</strong></span> <span class='ocrx_word' id='word_1_632' title='bbox 1257 2337 1430 2367; x_wconf 87' lang='lat' dir='ltr'><strong>insumuntur</strong></span> <span class='ocrx_word' id='word_1_633' title='bbox 1440 2336 1534 2366; x_wconf 81' lang='lat' dir='ltr'><strong>:modo</strong></span> <span class='ocrx_word' id='word_1_634' title='bbox 1545 2337 1658 2373; x_wconf 84' lang='lat' dir='ltr'><strong>bonum,</strong></span> 
     </span>
     <span class='ocr_line' id='line_1_81' title="bbox 917 2382 1660 2423; baseline -0.007 -8"><span class='ocrx_word' id='word_1_635' title='bbox 917 2395 979 2415; x_wconf 89' lang='lat' dir='ltr'><strong>cum</strong></span> <span class='ocrx_word' id='word_1_636' title='bbox 993 2385 1021 2413; x_wconf 91' lang='lat' dir='ltr'><strong>in</strong></span> <span class='ocrx_word' id='word_1_637' title='bbox 1034 2384 1227 2423; x_wconf 82' lang='lat' dir='ltr'><strong>eleemosynam</strong></span> <span class='ocrx_word' id='word_1_638' title='bbox 1244 2382 1443 2423; x_wconf 81' lang='lat' dir='ltr'><strong>expenduntur,</strong></span> <span class='ocrx_word' id='word_1_639' title='bbox 1457 2389 1482 2411; x_wconf 86' lang='lat' dir='ltr'><strong>et</strong></span> <span class='ocrx_word' id='word_1_640' title='bbox 1496 2382 1548 2411; x_wconf 83' lang='lat' dir='ltr'><strong>alia</strong></span> <span class='ocrx_word' id='word_1_641' title='bbox 1563 2382 1660 2421; x_wconf 90' lang='lat' dir='ltr'><strong>hujus-</strong></span> 
     </span>
    </p>
   </div>
   <div class='ocr_carea' id='block_1_10' title="bbox 97 2429 1661 2474">
    <p class='ocr_par' dir='ltr' id='par_1_10' title="bbox 97 2429 1661 2474">
     <span class='ocr_line' id='line_1_82' title="bbox 97 2429 1661 2474; baseline -0.005 -11"><span class='ocrx_word' id='word_1_642' title='bbox 97 2445 160 2464; x_wconf 79' lang='grc' dir='ltr'>ποτε</span> <span class='ocrx_word' id='word_1_643' title='bbox 173 2434 275 2474; x_wconf 79' lang='grc' dir='ltr'>γένοιτο</span> <span class='ocrx_word' id='word_1_644' title='bbox 289 2433 370 2463; x_wconf 80' lang='grc' dir='ltr'>καλά·</span> <span class='ocrx_word' id='word_1_645' title='bbox 385 2429 438 2462; x_wconf 76' lang='grc' dir='ltr'>οἷον</span> <span class='ocrx_word' id='word_1_646' title='bbox 458 2433 581 2470; x_wconf 55' lang='lat' dir='ltr'><strong>degesta,</strong></span> <span class='ocrx_word' id='word_1_647' title='bbox 597 2432 770 2472; x_wconf 84' lang='grc' dir='ltr'>βλασφημία,</span> <span class='ocrx_word' id='word_1_648' title='bbox 783 2432 863 2462; x_wconf 82' lang='grc' dir='ltr'>ἀσέλ-</span> <span class='ocrx_word' id='word_1_649' title='bbox 881 2440 900 2462; x_wconf 75' lang='grc' dir='ltr'><strong>Α</strong></span> <span class='ocrx_word' id='word_1_650' title='bbox 918 2431 992 2461; x_wconf 88' lang='lat' dir='ltr'><strong>modi</strong></span> <span class='ocrx_word' id='word_1_651' title='bbox 1007 2430 1154 2461; x_wconf 76' lang='lat' dir='ltr'><strong>secundum</strong></span> <span class='ocrx_word' id='word_1_652' title='bbox 1169 2430 1239 2459; x_wconf 80' lang='lat' dir='ltr'><strong>hanc</strong></span> <span class='ocrx_word' id='word_1_653' title='bbox 1259 2429 1388 2468; x_wconf 76' lang='lat' dir='ltr'><strong>regulam.</strong></span> <span class='ocrx_word' id='word_1_654' title='bbox 1405 2429 1474 2458; x_wconf 81' lang='lat' dir='ltr'><strong>Sunt</strong></span> <span class='ocrx_word' id='word_1_655' title='bbox 1488 2434 1576 2456; x_wconf 81' lang='lat' dir='ltr'><strong>autem</strong></span> <span class='ocrx_word' id='word_1_656' title='bbox 1595 2437 1661 2456; x_wconf 89' lang='lat' dir='ltr'><strong>non-</strong></span> 
     </span>
    </p>
   </div>
   <div class='ocr_carea' id='block_1_11' title="bbox 98 2521 857 2633">
    <p class='ocr_par' dir='ltr' id='par_1_11' title="bbox 98 2521 857 2633">
     <span class='ocr_line' id='line_1_83' title="bbox 130 2521 849 2557; baseline -0.003 -8"><span class='ocrx_word' id='word_1_657' title='bbox 130 2531 141 2543; x_wconf 86' lang='lat'>·</span> <span class='ocrx_word' id='word_1_658' title='bbox 158 2524 206 2549; x_wconf 76' lang='lat' dir='ltr'><strong>Hic</strong></span> <span class='ocrx_word' id='word_1_659' title='bbox 216 2522 339 2557; x_wconf 66' lang='lat' dir='ltr'><strong>quaedam,</strong></span> <span class='ocrx_word' id='word_1_660' title='bbox 352 2528 378 2548; x_wconf 83' lang='lat' dir='ltr'><strong>et</strong></span> <span class='ocrx_word' id='word_1_661' title='bbox 389 2522 493 2556; x_wconf 85' lang='lat' dir='ltr'><strong>quidem</strong></span> <span class='ocrx_word' id='word_1_662' title='bbox 504 2522 654 2555; x_wconf 77' lang='lat' dir='ltr'><strong>paucissima</strong></span> <span class='ocrx_word' id='word_1_663' title='bbox 666 2521 849 2552; x_wconf 76' lang='lat' dir='ltr'><strong>desiderantur,</strong></span> 
     </span>
     <span class='ocr_line' id='line_1_84' title="bbox 98 2560 852 2594; baseline 0 -8"><span class='ocrx_word' id='word_1_664' title='bbox 98 2567 124 2587; x_wconf 80' lang='lat' dir='ltr'><strong>et</strong></span> <span class='ocrx_word' id='word_1_665' title='bbox 133 2570 163 2587; x_wconf 81' lang='lat' dir='ltr'><strong>ex</strong></span> <span class='ocrx_word' id='word_1_666' title='bbox 173 2563 234 2588; x_wconf 65' lang='lat' dir='ltr'><strong>serie</strong></span> <span class='ocrx_word' id='word_1_667' title='bbox 246 2561 317 2587; x_wconf 79' lang='lat' dir='ltr'><strong>facite</strong></span> <span class='ocrx_word' id='word_1_668' title='bbox 329 2561 437 2594; x_wconf 81' lang='lat' dir='ltr'><strong>suppleri</strong></span> <span class='ocrx_word' id='word_1_669' title='bbox 450 2567 562 2594; x_wconf 74' lang='lat' dir='ltr'><strong>possunt,</strong></span> <span class='ocrx_word' id='word_1_670' title='bbox 576 2561 614 2586; x_wconf 84' lang='lat' dir='ltr'><strong>vel</strong></span> <span class='ocrx_word' id='word_1_671' title='bbox 633 2560 719 2586; x_wconf 78' lang='lat' dir='ltr'><strong>iisdem</strong></span> <span class='ocrx_word' id='word_1_672' title='bbox 733 2561 770 2586; x_wconf 92' lang='lat' dir='ltr'><strong>vel</strong></span> <span class='ocrx_word' id='word_1_673' title='bbox 782 2562 852 2586; x_wconf 82' lang='lat' dir='ltr'><strong>simi-</strong></span> 
     </span>
     <span class='ocr_line' id='line_1_85' title="bbox 99 2599 857 2633; baseline 0 -7"><span class='ocrx_word' id='word_1_674' title='bbox 99 2599 163 2626; x_wconf 76' lang='lat' dir='ltr'><strong>libus</strong></span> <span class='ocrx_word' id='word_1_675' title='bbox 182 2600 262 2627; x_wconf 60' lang='lat' dir='ltr'><strong>serbis</strong></span> <span class='ocrx_word' id='word_1_676' title='bbox 275 2614 278 2627; x_wconf 76' lang='lat'>2</span> <span class='ocrx_word' id='word_1_677' title='bbox 292 2607 349 2633; x_wconf 78' lang='lat' dir='ltr'><strong>post</strong></span> <span class='ocrx_word' id='word_1_678' title='bbox 361 2603 412 2633; x_wconf 65' lang='grc' dir='ltr'><strong>δοιῇ</strong></span> <span class='ocrx_word' id='word_1_679' title='bbox 435 2602 500 2625; x_wconf 78' lang='lat' dir='ltr'><strong>enirn</strong></span> <span class='ocrx_word' id='word_1_680' title='bbox 519 2599 664 2626; x_wconf 73' lang='lat' dir='ltr'><strong>addendum</strong></span> <span class='ocrx_word' id='word_1_681' title='bbox 682 2605 716 2626; x_wconf 69' lang='lat' dir='ltr'><strong>mi</strong></span> <span class='ocrx_word' id='word_1_682' title='bbox 737 2605 803 2633; x_wconf 65' lang='grc' dir='ltr'>καιά,</span> <span class='ocrx_word' id='word_1_683' title='bbox 818 2605 857 2626; x_wconf 60' lang='lat' dir='ltr'><strong>ari-a</strong></span> 
     </span>
    </p>
   </div>
   <div class='ocr_carea' id='block_1_12' title="bbox 902 2517 1661 2631">
    <p class='ocr_par' dir='ltr' id='par_1_12' title="bbox 902 2517 1661 2631">
     <span class='ocr_line' id='line_1_86' title="bbox 902 2517 1661 2557; baseline -0.011 -8"><span class='ocrx_word' id='word_1_684' title='bbox 902 2527 992 2557; x_wconf 64' lang='grc' dir='ltr'><strong>χρηστὰ</strong></span> <span class='ocrx_word' id='word_1_685' title='bbox 1011 2524 1064 2548; x_wconf 74' lang='grc' dir='ltr'>εἶναι</span> <span class='ocrx_word' id='word_1_686' title='bbox 1083 2523 1145 2554; x_wconf 72' lang='grc' dir='ltr'>δοκῇ,</span> <span class='ocrx_word' id='word_1_687' title='bbox 1166 2518 1345 2551; x_wconf 75' lang='lat' dir='ltr'><strong>verisimilequc</strong></span> <span class='ocrx_word' id='word_1_688' title='bbox 1364 2524 1400 2543; x_wconf 70' lang='lat' dir='ltr'><strong>cst</strong></span> <span class='ocrx_word' id='word_1_689' title='bbox 1415 2517 1463 2542; x_wconf 78' lang='lat' dir='ltr'><strong>hoc</strong></span> <span class='ocrx_word' id='word_1_690' title='bbox 1480 2517 1620 2542; x_wconf 79' lang='lat' dir='ltr'><strong>membrum</strong></span> <span class='ocrx_word' id='word_1_691' title='bbox 1633 2521 1661 2544; x_wconf 53' lang='grc' dir='ltr'><strong>ὀύ</strong></span> 
     </span>
     <span class='ocr_line' id='line_1_87' title="bbox 906 2555 1659 2593; baseline -0.008 -6"><span class='ocrx_word' id='word_1_692' title='bbox 906 2563 1074 2593; x_wconf 66' lang='grc' dir='ltr'>ὁμοιοτέὶευτον</span> <span class='ocrx_word' id='word_1_693' title='bbox 1089 2558 1217 2583; x_wconf 71' lang='lat' dir='ltr'><strong>excidisse,</strong></span> <span class='ocrx_word' id='word_1_694' title='bbox 1237 2557 1285 2583; x_wconf 62' lang='lat' dir='ltr'><strong>sad</strong></span> <span class='ocrx_word' id='word_1_695' title='bbox 1298 2559 1395 2582; x_wconf 83' lang='lat' dir='ltr'><strong>Fronto</strong></span> <span class='ocrx_word' id='word_1_696' title='bbox 1412 2557 1515 2580; x_wconf 72' lang='lat' dir='ltr'><strong>Ducmus</strong></span> <span class='ocrx_word' id='word_1_697' title='bbox 1528 2555 1593 2585; x_wconf 75' lang='lat' dir='ltr'><strong>lnuc,</strong></span> <span class='ocrx_word' id='word_1_698' title='bbox 1610 2565 1659 2581; x_wconf 86' lang='lat' dir='ltr'><strong>nou</strong></span> 
     </span>
     <span class='ocr_line' id='line_1_88' title="bbox 907 2594 1657 2631; baseline -0.007 -8"><span class='ocrx_word' id='word_1_699' title='bbox 907 2599 983 2624; x_wconf 68' lang='lat' dir='ltr'><strong>(lubia</strong></span> <span class='ocrx_word' id='word_1_700' title='bbox 1001 2599 1195 2631; x_wconf 62' lang='lat' dir='ltr'><strong>conj‹·‹&gt;1··=·.›1,in</strong></span> <span class='ocrx_word' id='word_1_701' title='bbox 1212 2597 1302 2622; x_wconf 69' lang='lat' dir='ltr'><strong>Latina</strong></span> <span class='ocrx_word' id='word_1_702' title='bbox 1321 2595 1527 2627; x_wconf 58' lang='lat' dir='ltr'><strong>intumi-clatione</strong></span> <span class='ocrx_word' id='word_1_703' title='bbox 1541 2594 1657 2627; x_wconf 60' lang='lat' dir='ltr'><strong>explerit.</strong></span> 
     </span>
    </p>
   </div>
  </div>
 </body>
</html>
