1890 2826
336 198 368 221 IN
396 197 508 230 ILLUD,
537 198 602 221 HOC
628 198 767 221 sctTOTt:
794 198 888 229 QUOD
915 198 948 220 IN
977 199 1165 223 NOVISSIMIS
1193 200 1322 232 DIEBUS,
1350 201 1426 224 ETC.

93 262 156 301 μίαν
170 261 358 300 ἐπαινέσωμεν.
377 261 431 290 Καὶ
447 261 499 301 γὰρ
517 263 534 296 ἡ
555 260 588 289 τὰ
604 259 650 289 δύο
669 260 857 289 καταὸαλοῦσα

93 306 203 347 δηνάρια
220 308 249 336 οὗ
263 306 345 337 πολὺν
365 307 442 346 ὄγκον
461 305 589 342 κατέθηκε
607 305 768 346 χρημάτων,
789 304 858 334 ἀλλὰ

91 353 173 384 πολὺν
186 355 297 383 πλοῦτον
312 352 462 387 ἐπεδείξατο
476 352 669 392 προαιρέσεως,
680 351 800 391 καθάπερ
813 351 858 380 καὶ

91 395 165 432 οὗτος
178 400 206 428 ἔν
223 400 308 439 πολλῇ
327 399 405 439 πενίᾳ
424 398 543 438 μεγάλην
565 397 689 438 εὐπορίαν
712 397 858 437 προθυμίας

90 445 247 485 παρέσχετο.
260 445 351 485 ”Οπερ
361 446 412 486 γὰρ
426 445 507 485 ἑτέρῳ
521 444 621 485 χωρία,
635 444 680 474 καὶ
693 444 858 483 ἀνδράποδα,

91 491 136 521 καὶ
149 492 297 531 οἰκήματα,
310 491 356 522 καὶ
368 491 486 532 χρυσίον,
499 494 578 520 τοῦτο
591 490 683 530 ἐκείνῳ
697 490 728 520 τὸ
740 489 858 525 δίκτυον,

91 537 136 567 καὶ
149 540 166 574 ἡ
179 538 312 574 θάλαττα,
325 537 371 567 καὶ
382 540 399 573 ἦ
413 537 506 581 τέχνῃ,
518 537 563 567 καὶ
576 537 607 566 τὸ
619 537 722 566 πλοῖον.
738 535 786 572 Μὴ
807 535 859 564 τοί-

91 595 135 613 νυν
146 587 224 613 τοῧτο
233 584 339 624 ἴδωμεν,
355 585 378 613 εἰ
397 583 474 623 ὀλίγα
486 585 596 623 ἀφῆκεν,
609 583 668 612 ἀλλ’
681 583 705 611 εἷ
720 581 756 621 μὴ
771 581 859 611 πάντα

91 631 186 669 ἀφῆκε.
206 631 293 659 Τοῦτο
305 631 356 670 γάρ
371 632 431 660 ἔστι
440 629 471 659 τὸ
485 629 642 668 ζητούμενον
651 651 659 666 ,
681 630 728 657 οὐκ
745 627 821 667 ὀλίγα
840 627 858 663 ἢ

90 676 176 705 πολλὰ
194 679 362 712 καταθεῖναι,
382 675 450 705 ἀλλὰ
471 675 553 714 μηδὲν
571 674 673 704 ἐλάττω
690 675 738 709 τῆς
761 673 858 707 οἰκείας

91 721 225 760 δυνάμεως
245 724 410 761 εἰσενεγκεῖν.
429 715 532 751 Πάντα
542 720 628 750 τοίνυν
642 719 730 760 ἀφεὶς,
747 717 793 749 καὶ
809 731 859 748 πα-

91 768 182 808 τρίδα,
201 768 245 798 καὶ
261 768 363 806 οἰκίαν,
383 768 428 798 καὶ
449 767 554 808 φίλους,
575 766 620 796 καὶ
641 770 787 805 συγγενεῖς,
813 765 859 795 καὶ

92 815 174 851 αὐτὴν
190 814 239 851 τὴν
253 815 413 854 ἀσφάλειαν·
433 814 479 844 καὶ
497 813 548 853 γὰρ
563 813 606 843 τὸν
625 813 708 852 δῆμον
724 813 768 842 τὸν
789 812 859 841 Ἰου-

92 861 180 891 δαϊκὸν
193 862 278 900 ἑαυτῷ
293 860 378 901 τούτῳ
397 862 436 900 τῷ
455 859 547 900 τρόπῳ
561 858 768 897 ἐξεπολέμησεν·
786 858 858 894 Ἤδη

90 907 158 947 γὰρ,
172 907 250 948 φησὶ,
272 907 408 937 συνέθεντο
427 906 566 941 Ἰουδαῖοι,
584 905 629 934 ἐάν
647 917 686 938 τις
705 904 858 944 ὁμολογήσῃ

91 953 169 982 αὐτὸν
183 953 307 993 Χριστὸν,
323 952 525 992 ἀποσυνάγωγος
539 951 657 991 γένηται.
673 950 755 980 εὈθεν
770 952 858 988 δῆλον,

91 1000 131 1029 ὅτι
150 1001 199 1029 οὔκ
212 999 390 1039 ἀμφὲὅαλλεν,
412 997 471 1027 οὐδὲ
490 997 614 1027 ἐδεδοίκει
638 997 699 1036 περὶ
716 998 764 1031 τῆς
779 998 859 1036 βασι-

90 1045 162 1079 λείας
175 1047 228 1074 τῶν
242 1046 368 1085 οὐρανῶν,
383 1043 452 1073 ἀλλὰ
464 1044 564 1084 σφόδρα
577 1043 733 1079 ἐπέπειστο,
752 1042 798 1071 καὶ
811 1044 858 1071 ἀπ’

91 1092 173 1126 αὐτῆς
189 1093 237 1126 τῆς
254 1092 307 1120 τῶν
323 1089 487 1130 πραγμάτων
503 1088 668 1123 ἀποδείξεως,
688 1088 733 1117 καὶ
747 1087 799 1127 πρὸ
812 1089 860 1123 τῆς

90 1139 143 1166 τῶν
164 1137 329 1177 πραγμάτων
348 1135 503 1170 ἀποδείξεως
524 1135 576 1164 ἀπὸ
596 1137 644 1171 τῆς
669 1137 715 1164 τοῦ
733 1135 859 1174 Σωτῆρος

91 1185 193 1223 φωνῆς,
213 1182 253 1212 ὅτι
263 1182 457 1222 κληρονομήσει
467 1181 572 1213 πάντως
583 1180 676 1216 αὐτήν.
692 1179 784 1210 Εἰπὼν
797 1179 858 1219 γὰρ,

90 1230 132 1259 ὅτι
144 1229 239 1268 Ἡμεῖς
252 1228 391 1269 ἀφήκαμεν
405 1228 503 1264 πάντα,
517 1227 563 1257 καὶ
575 1225 792 1265 ἠκολουθήσαμέν
808 1237 858 1261 σοι,

91 1276 117 1305 τί
127 1278 191 1314 ἡμῖν
205 1274 294 1311 ἔσται,
308 1274 437 1314 ἀπεκρίθη
451 1275 538 1307 αὐτοῖς
548 1276 561 1303 ὃ
573 1272 703 1313 Χριστὸς,
717 1272 758 1302 ὅτι
769 1271 858 1308 Καθή-

92 1323 168 1350 σεσθε
181 1320 226 1350 ἐπὶ
240 1319 341 1350 δώδεκα
354 1320 474 1360 θρόνους,
489 1319 619 1359 κρίνοντες
634 1317 682 1351 τὰς
693 1317 795 1347 δώδεκα
805 1329 857 1357 φυ-

91 1367 139 1400 λὰς
152 1369 199 1396 τοῦ
217 1366 334 1407 Ἰσραήλ.
358 1367 452 1395 Ταῦτα
471 1365 499 1394 δὲ
517 1363 713 1400 κατεσκεύασα,
734 1363 777 1393 ἵνα
795 1363 857 1392 ὅταν

92 1412 168 1447 δείξω
185 1412 262 1441 αὐτὸν
276 1413 431 1451 ἀγωνιῶντα
448 1411 515 1450 ὑπὲρ
528 1412 581 1439 τῶν
592 1409 748 1447 συνδούλων,
769 1409 806 1448 μὴ
819 1409 857 1439 εἴ-

93 1470 146 1496 πῃς
161 1458 202 1487 ὅτι
215 1457 281 1497 ὑπὲρ
300 1459 393 1487 ἑαυτοῦ
410 1456 543 1486 ἐδεδοίκει.
563 1457 628 1489 Πῶς
640 1455 691 1495 γὰρ
705 1455 735 1484 ἂν
750 1455 858 1491 ἔδεισεν,

92 1505 172 1534 αὐτοῦ
188 1506 233 1533 τοῦ
249 1504 388 1542 μέλλοντος
402 1502 480 1532 αὐτὸν
497 1497 640 1542 στεφανοῦν
655 1502 856 1541 ἀποφηναμένου

91 1549 158 1589 ὑπὲρ
166 1551 211 1578 τοῦ
225 1549 353 1589 στεφάνου
365 1549 473 1578 καὶτῶν
488 1547 634 1587 βραδείων;
648 1543 733 1580 Οὗτος
745 1547 831 1576 τοίνυν
843 1550 858 1576 ὁ

92 1594 204 1635 Πέτρος,
217 1597 232 1624 ὁ
248 1594 336 1624 πάντα
356 1592 479 1634 ’ἀφεὶς,’ὁ
502 1594 604 1633 θαῤῥῶν
627 1593 693 1632 ὑπὲρ
710 1594 759 1628 τῆς
785 1595 859 1632 βασι-

91 1641 164 1674 λείας
182 1642 235 1669 τῶν
257 1642 382 1679 οὐρανῶν,
396 1639 584 1679 προσελθόντος
596 1637 661 1667 ποι-ὲ
674 1637 799 1667 πλουσίου
816 1650 858 1667 τι-

93 1686 148 1723 νὸς,
161 1686 207 1716 καὶ
217 1685 335 1719 εἰπόντος
345 1687 384 1725 τῷ
397 1686 521 1724 Χριστῷ,
535 1684 572 1713 Τί
585 1684 689 1720 ποιήσω
705 1683 748 1712 ἵνα
763 1685 859 1723 κληρο-

92 1733 201 1772 νομήσω
214 1732 283 1768 ζωὴν
303 1731 422 1767 αἷώνιον;
441 1730 487 1760 καὶ
505 1732 551 1759 τοῦ
572 1730 688 1770 Χριστοῦ
703 1730 767 1769 πρὸς
781 1730 858 1759 αὐτὸν

93 1777 302 1818 ἀποκριναμένου
311 1799 319 1812 ,
341 1778 375 1806 Εἰ
387 1776 469 1809 θέλεις
478 1775 576 1809 τέλειος
588 1770 668 1810 εἶναι,
686 1774 785 1814 ὕπαγε,
800 1775 860 1804 πώ·-

92 1823 174 1859 λησόν
188 1835 234 1852 σου
247 1823 281 1852 τὰ
289 1822 457 1862 ὑπάρχοντα,
471 1821 517 1850 καὶ
530 1821 572 1854 δὸς
581 1825 712 1861 πτωχοῖς,
724 1820 770 1850 καὶ
784 1821 860 1860 δεῦρο

93 1869 230 1899 ἀκολούθει
244 1880 303 1908 μοι·
317 1863 374 1897 εἶτα
395 1867 460 1907 πρὸς
473 1870 550 1896 τοῦτο
562 1867 722 1903 λυπηθέντος
742 1866 840 1896 ἐκείνου
849 1889 858 1902 ,

92 1915 138 1945 καὶ
151 1915 271 1954 λέγιζντος
280 1918 333 1947 τοῖς
345 1916 474 1952 μαθηταῖς
486 1915 532 1942 τοῦ
549 1913 666 1952 Χριστοῦ
673 1934 681 1948 ,
694 1912 792 1951 Ὁρᾶτε
802 1914 859 1946 πῶς

93 1961 225 1994 δυσκόλως
244 1960 407 1999 εἰσέρχονται
424 1961 448 1988 οἱ
462 1959 582 1989 πλούσιοι
599 1960 636 1992 εἷς
654 1958 703 1994 τὴν
724 1958 859 1998 βασιλείαν

92 2008 145 2036 τῶν
155 2009 270 2046 οὐρανῶν
278 2018 284 2024 ·
297 2005 378 2044 ἀμὴν,
388 2005 460 2044 ἀμὴν
468 2005 538 2044 λέγω
547 2007 618 2044 ὑμῖν,
628 2005 668 2034 ὅτι
680 2004 859 2044 εὐκοπώτερόν

93 2053 289 2092 ἐστικάμηλον
307 2052 350 2082 διὰ
367 2052 538 2092 τρυπήματος
556 2051 661 2091 ῥαφίδος
680 2053 804 2081 εἰσελθεῖν
815 2073 822 2087 ‚
841 2050 859 2086 ἢ

93 2098 217 2128 πλούσιον
239 2101 275 2132 εἰς
295 2098 344 2134 τὴν
368 2097 502 2138 βασιλείαν
519 2100 564 2127 τοῦ
582 2099 653 2127 Θεοῦ
665 2109 671 2116 ·
690 2100 704 2127 ὁ
717 2097 835 2137 Πέτρος,
846 2100 860 2126 ὁ

94 2145 232 2183 ἀκτήμων,
245 2146 260 2174 ὁ
275 2146 376 2185 θαῤῥῶν
391 2144 457 2183 ὑπὲρ
477 2146 525 2179 τῆς
539 2143 673 2183 βασιλείας
683 2167 691 2180 ,
706 2146 720 2173 ὃ
733 2143 799 2183 ὑπὲρ
813 2145 860 2179 τῆς

94 2192 187 2220 ἑαυτοῦ
202 2191 239 2229 μὴ
255 2190 376 2224 δεδοικὼς
389 2189 534 2229 σωτηρίας,
552 2192 566 2219 ὁ
579 2189 753 2228 πεπεισμένος
771 2192 861 2229 σαφῶς
893 2193 895 2195 ’

93 2236 211 2276 περὶτῆς
220 2238 274 2266 ἐκεῖ
285 2237 356 2276 αὐτῷ
364 2235 539 2274 ἀποκειμένης
553 2237 641 2274 τιμῆς,
654 2235 767 2268 ἀκούσας
777 2238 860 2264 ταῦτα

93 2281 181 2321 ἔλεγε·
196 2282 245 2315 Τίς
256 2281 363 2311 δύναται
374 2282 503 2317 σωθῆναι;
518 2280 554 2310 Τί
565 2281 695 2315 δέδοικας,
710 2275 732 2309 ὧ
747 2280 861 2320 μακάριε

93 2328 196 2368 Πέτρε;
222 2328 248 2357 τί
273 2329 399 2367 ἀγωνιᾷς
424 2326 450 2355 τί
476 2326 597 2366 τρέμεις
621 2326 715 2356 Πάντα
734 2326 842 2366 ἔῤῥιψας
852 2349 860 2362 ,

93 2374 181 2403 πάντα
197 2375 300 2414 ἀφῆκας
309 2385 315 2391 ·
329 2372 390 2413 περὶ
406 2374 459 2401 τῶν
475 2372 657 2402 πλουτούντων
668 2374 682 2401 ὁ
692 2372 777 2411 λόγος,
790 2372 844 2401 ἐκεί
848 2389 860 2394 -

94 2432 145 2449 νων
166 2419 313 2459 κατηγορία
334 2418 365 2448 τὸ
384 2418 524 2457 λεγόμενον
532 2429 538 2436 ·
559 2417 591 2447 σὺ
615 2418 643 2447 δὲ
669 2419 695 2446 ἐν
714 2417 792 2457 πενίᾳ
815 2417 860 2447 καὶ

94 2465 265 2505 οἶκτημοσύνῃ
277 2466 402 2497 διατελεῖς
409 2465 469 2498 ζῶν.
478 2464 546 2493 Ἀλλ’
555 2464 585 2493 οὐ
595 2463 625 2492 τὸ
635 2464 749 2501 ἐμαυτοῦ
759 2465 860 2499 σκοπῶ,

94 2511 182 2551 φησὶν,
195 2511 264 2541 ἀλλὰ
275 2511 318 2540 καὶ
333 2510 363 2539 τὸ
376 2509 470 2549 ἑτέρων
483 2508 616 2548 συμφέρον
630 2510 709 2545 ζητῶ.
722 2508 773 2538 Διὰ
784 2511 861 2538 τοῦτο

95 2557 161 2597 ὑπὲρ
174 2560 226 2587 τῶν
239 2559 297 2587 καθ’
319 2555 409 2589 ἑαυτὸν
429 2557 530 2595 Οαρῤῶν
539 2576 546 2590 ,
567 2555 633 2594 ὑπὲρ
644 2555 695 2583 τῶν
712 2554 797 2584 ἄλλων
812 2554 860 2590 τὴν

90 2606 185 2632 πεῦσιν
200 2602 352 2641 προσήγαγε
366 2601 458 2640 λέγων,
469 2600 518 2633 Τίς
529 2600 637 2630 δύναται
650 2602 780 2636 σω()ἧναι;

1583 189 1650 224 535

911 270 963 288 uon
986 271 1109 300 magnam
1130 262 1304 302 pecuniarum
1326 263 1423 292 molem
1442 261 1582 302 deposuit,
1604 262 1652 292 sed

911 306 1029 346 ingentes
1043 307 1125 337 studii
1145 308 1187 338 sui
1207 309 1317 339 divitias
1334 307 1460 346 ostendit,
1475 309 1650 347 quemadmo-

910 351 976 381 dum
990 360 1016 382 et
1031 353 1076 383 hic
1089 355 1115 383 in
1130 365 1225 394 magna
1236 362 1392 396 paupertate
1407 355 1539 394 ingentem
1553 356 1650 385 alacri-

910 399 972 428 tatis
983 401 1087 440 copiam
1099 402 1223 440 praehuit.
1237 402 1319 439 Quod
1331 402 1402 431 enim
1413 402 1491 432 alteri
1500 409 1575 432 erant
1583 413 1650 442 prse-

910 444 968 482 dia,
979 446 1061 483 servi,
1068 447 1149 484 aedes,
1160 458 1267 482 aurum,
1278 448 1330 478 hoc
1339 448 1382 478 illi
1394 454 1469 478 erant
1480 449 1557 484 retia,
1565 460 1649 487 mare,
1661 472 1732 491 omnia

912 501 965 526 ars,
973 491 1109 522 navicula.
1124 494 1165 522 Ne
1175 493 1263 532 itaque
1271 494 1322 523 hoc
1334 494 1512 531 attendamus,
1526 505 1559 523 an
1568 506 1651 535 pauca
1662 509 1713 522 men
1752 485 1804 524 reit-

910 536 1060 576 reliquerit,
1071 537 1119 567 sed
1134 549 1166 568 an
1187 539 1276 568 omnia
1289 539 1436 579 reliquerit.
1452 541 1522 570 Nam
1535 540 1564 570 id
1578 541 1652 579 quod
1661 534 1718 562 ‘¹⁸¹⁰'

911 583 1043 622 quaeritur
1055 591 1105 621 est,
1119 595 1173 614 non
1186 596 1219 614 an
1233 597 1328 626 magna
1342 597 1374 615 an
1391 597 1474 626 parva
1488 586 1650 629 deponeret,

910 629 957 659 sed
969 640 1004 659 an
1017 630 1086 665 nihil
1099 631 1189 660 minus
1202 632 1321 669 inferret,
1334 638 1416 671 qua'm
1433 632 1532 661 inferre
1552 640 1650 672 posset.

911 676 1046 706 Omnibus
1063 677 1153 716 itaque
1175 678 1286 714 relictis,
1311 677 1407 717 patria,
1429 677 1522 714 domo,
1546 679 1651 716 amicis,

910 723 1029 762 cognatis
1040 734 1046 754 ;
1059 723 1113 752 imo
1125 723 1183 763 ipsa
1193 723 1334 754 securitate
1350 734 1356 751 ι
1373 733 1435 752 nam
1447 723 1499 752 hoc
1512 723 1592 753 modo
1603 735 1652 764 po-

910 817 997 852 enim,
1018 815 1117 854 inquit,
1135 819 1371 855 conspiraverant
1388 817 1496 854 Judaei,
1509 823 1541 846 ut
1552 818 1577 846 si
1586 819 1651 857 quis

909 871 976 891 eum
990 862 1174 903 confiteretur
1186 872 1247 892 esse
1256 863 1413 900 Christum,
1424 869 1511 891 extra
1522 873 1650 904 synago-

910 908 1077 947 gamfieret.
1090 908 1171 938 Unde
1192 908 1281 948 palam
1294 908 1335 944 fit,
1349 919 1410 937 eum
1432 918 1480 937 nec
1499 908 1649 945 dubitasse,

911 963 958 982 nec
973 953 1094 983 timuisse
1106 953 1176 983 circa
1194 964 1305 993 regnum
1319 953 1446 982 caelorum
1455 965 1465 992 3
1484 953 1529 982 sed
1548 953 1582 983 de
1602 954 1651 983 illo

910 999 1056 1028 admodum
1073 1010 1231 1039 persuasum
1243 1000 1335 1036 fuisse,
1351 1006 1430 1038 atque
1443 1010 1478 1029 ex
1489 1000 1547 1039 ipsa
1559 1011 1651 1029 rerum

909 1043 1146 1080 demonstratione,
1158 1045 1213 1087 imo
1226 1051 1287 1074 ante
1299 1055 1389 1074 rerum
1399 1045 1650 1075 demonstrationem

910 1100 945 1119 ex
962 1090 1110 1120 Salvatoris
1127 1101 1191 1120 voce
1209 1090 1363 1127 credidisse,
1386 1101 1414 1120 se
1434 1091 1524 1130 ipsum
1541 1091 1650 1120 omuino

910 1147 1094 1176 possessurum
1114 1147 1180 1166 esse.
1196 1138 1266 1166 Cum
1284 1137 1397 1167 dixisset
1414 1137 1496 1175 enim,
1510 1136 1573 1167 Nos
1582 1138 1650 1167 reli·
1660 1145 1745 1197 Mau}
1764 1151 1798 1174 ¹9·

1661 1182 1698 1205 27.
1711 1182 1722 1198 2
1743 1191 1747 1196 .

910 1184 1026 1222 quimus
1046 1184 1157 1218 omnia,
1177 1189 1206 1212 et
1221 1186 1338 1222 sequuti
1349 1193 1447 1212 sumus
1461 1189 1499 1219 te,
1512 1184 1584 1223 quid
1596 1185 1651 1213 erit

912 1231 1015 1259 nobis?
1029 1228 1168 1269 respondit
1185 1229 1223 1258 eis
1246 1229 1370 1259 Christus
1387 1241 1394 1257 ε
1410 1228 1552 1259 sedebitis
1565 1240 1653 1270 super

910 1276 1061 1305 duodecim
1076 1276 1206 1312 thronos,
1214 1276 1382 1315 judicantes
1395 1275 1548 1304 duodecim
1561 1277 1652 1306 tn'bus

910 1323 1013 1352 Israel.
1033 1323 1096 1352 Haec
1118 1332 1199 1362 porro
1219 1321 1347 1362 praemisi,
1366 1328 1395 1351 ut
1414 1333 1476 1352 cum
1491 1322 1582 1362 ipsum
1601 1333 1651 1363 pro

910 1369 1046 1399 conservis
1065 1368 1176 1397 anxium
1193 1367 1343 1404 ostendero,
1357 1378 1390 1397 ne
1409 1368 1483 1397 dicas
1497 1368 1586 1407 ipsum
1598 1369 1651 1398 sibi

911 1415 1041 1445 timuisse.
1054 1414 1197 1452 Quomodo
1219 1414 1292 1444 enim
1311 1415 1455 1450 timuisset,
1474 1421 1615 1454 postquam
1628 1415 1652 1444 is

910 1461 958 1500 qui
979 1461 1068 1500 ipsum
1089 1468 1266 1490 coronaturus
1291 1467 1358 1496 erat,
1378 1460 1534 1489 sententiam
1554 1461 1654 1490 tulerat

910 1507 944 1536 de
962 1517 1059 1536 corona
1079 1514 1105 1536 et
1123 1507 1157 1536 de
1182 1506 1299 1546 praemiis
1320 1506 1372 1534 sibi
1390 1505 1579 1535 conferendis?
1601 1507 1653 1535 Hic

910 1553 999 1592 itaque
1013 1555 1117 1590 Petrus,
1130 1552 1177 1590 qui
1199 1551 1287 1581 omnia
1304 1552 1457 1590 reliquerat,
1471 1553 1518 1590 qui
1534 1552 1652 1582 confide-

909 1599 956 1628 bat
969 1599 1003 1628 de
1016 1609 1096 1638 regno
1108 1598 1244 1633 caelorum,
1257 1596 1398 1626 accedente
1411 1597 1557 1635 aliquando
1566 1597 1652 1628 divite

910 1645 1038 1684 quodam,
1056 1655 1087 1674 ac
1109 1644 1213 1673 dicente
1235 1643 1287 1683 ipsi
1308 1643 1426 1680 Christo,
1444 1645 1523 1681 Quid
1530 1645 1650 1684 faciam
1661 1653 1747 1675 Mauln.
1766 1661 1801 1683 ¹9·

911 1697 944 1719 ut
955 1691 1050 1720 vitam
1063 1696 1202 1719 aeternam
1216 1689 1374 1717 hereditate
1387 1692 1573 1727 consequar?
1587 1700 1649 1718 cum
1664 1684 1699 1706 ¹⁶·

911 1735 1090 1775 respondisset
1112 1734 1136 1763 ei
1149 1733 1285 1769 Christus,
1303 1733 1334 1762 Si
1350 1735 1397 1761 vis
1414 1734 1560 1774 perfectus
1578 1744 1649 1771 esse,
1663 1743 1739 1768 Ibida
1759 1751 1797 1766 21.

911 1781 999 1823 vade,
1009 1781 1104 1809 vende
1114 1781 1212 1808 omnia
1225 1789 1289 1818 quae
1304 1779 1404 1815 habes,
1417 1785 1446 1807 et
1463 1780 1502 1807 da
1514 1782 1647 1819 pauperi-

912 1830 975 1865 bus,
990 1833 1019 1856 et
1032 1828 1115 1863 veni,
1126 1835 1244 1865 sequere
1255 1835 1313 1860 me;
1328 1824 1425 1853 deinde
1436 1825 1494 1862 ubi,
1507 1826 1554 1855 illo
1568 1826 1650 1856 tristi-

911 1875 947 1904 tia
972 1875 1076 1910 affecto,
1092 1872 1217 1904 Christus
1235 1871 1378 1911 discipulis
1399 1871 1521 1910 dixerat,
1547 1874 1650 1903 Videte
1662 1885 1750 1906 [mam.
1763 1883 1799 1905 23.

912 1931 1000 1960 quam
1018 1918 1141 1961 difficile
1158 1918 1262 1946 divites
1276 1918 1483 1955 ingrediantur
1491 1921 1522 1947 in
1532 1930 1651 1959 regnum

912 1967 1047 1996 caelorum
1058 1978 1069 1994 .-
1081 1975 1178 2002 amen,
1190 1974 1275 1993 amen
1290 1965 1354 1992 dico
1371 1966 1466 2001 vobis,
1476 1966 1603 2005 facilius
1610 1975 1653 1997 est

913 2013 1056 2042 camelum
1063 2012 1257 2052 perforamen
1266 2019 1336 2038 acus
1349 2011 1472 2049 ingredi,
1482 2021 1571 2050 quam
1580 2013 1653 2041 divi-

914 2067 969 2090 tem
983 2061 1014 2087 in
1026 2068 1145 2097 regnum
1155 2057 1211 2085 Dei
1220 2069 1228 2084 :
1238 2058 1332 2086 Petrus
1345 2056 1476 2085 bonorum
1489 2059 1653 2097 possessione

913 2098 1025 2140 vacuus,
1040 2104 1086 2143 qui
1103 2103 1137 2133 de
1157 2113 1238 2142 reguo
1259 2101 1419 2139 confidebat,
1434 2104 1481 2140 qui
1499 2103 1533 2132 de
1551 2114 1598 2132 sua
1611 2114 1652 2132 sa-

913 2153 969 2181 lute
990 2161 1043 2180 non
1064 2151 1189 2188 timebat;
1204 2150 1300 2179 certior
1321 2149 1406 2178 factus
1427 2149 1461 2179 de
1480 2149 1581 2179 honore
1601 2151 1652 2179 sibi

913 2201 972 2230 illic
990 2199 1106 2240 reposito
1117 2222 1125 2236 ‚
1142 2199 1186 2228 his
1201 2197 1301 2227 auditis
1323 2197 1440 2234 dicebat,
1464 2199 1535 2237 Quis
1548 2201 1653 2239 poterit
1667 2207 1749 2228 nutv.
1763 2205 1800 2227 23,

913 2250 1012 2280 salvus
1023 2258 1083 2278 esse
1094 2251 1107 2276 P
1116 2246 1191 2286 Quid
1203 2247 1290 2283 times,
1304 2256 1320 2275 o
1334 2246 1410 2275 beate
1420 2247 1496 2275 Petre
1504 2247 1518 2275 Ξ)
1532 2247 1598 2286 quid
1610 2258 1654 2276 ve«

913 2299 1001 2329 reris?
1016 2298 1082 2338 quid
1094 2297 1232 2338 trepidas?
1242 2295 1340 2326 Omnia
1356 2295 1487 2335 abjecisti,
1509 2297 1598 2326 omnia
1611 2296 1651 2325 di·

913 2350 1025 2387 misisti;
1039 2349 1072 2379 de
1082 2349 1214 2379 divitibus
1230 2353 1269 2376 est
1282 2356 1379 2380 sermo,
1392 2346 1465 2385 quod
1479 2346 1580 2375 dicitur
1593 2347 1653 2375 illo-

914 2412 975 2431 rum
989 2407 1028 2430 est
1041 2400 1174 2430 accusatio
1187 2411 1193 2427 :
1208 2405 1238 2427 tu
1247 2408 1310 2427 vero
1321 2397 1349 2425 in
1364 2402 1516 2436 paupertate
1526 2403 1552 2424 et
1565 2397 1654 2435 inopia

914 2452 996 2481 vitam
1010 2451 1076 2490 agis.
1088 2452 1204 2486 Verum,
1218 2448 1305 2487 inquit
1319 2448 1374 2482 illc,
1389 2456 1440 2475 non
1450 2456 1480 2474 ca
1494 2456 1552 2484 qum
1563 2445 1598 2474 ad
1612 2456 1654 2474 me

915 2507 1034 2541 spectant
1052 2499 1169 2534 attendo,
1186 2497 1232 2527 scd
1254 2497 1368 2525 aliorum
1390 2494 1533 2523 utilitatem
1551 2504 1652 2531 quaero.

916 2550 979 2579 Ideo
992 2549 1026 2577 de
1039 2548 1094 2577 suis
1105 2547 1185 2576 rebus
1201 2544 1299 2574 fiducia
1314 2544 1421 2582 plenus,
1435 2541 1469 2570 de
1484 2540 1598 2569 aliorum
1612 2551 1651 2569 sa>

880 2608 897 2630 Α
919 2600 973 2628 luto
983 2598 1164 2628 sciscitabatur
1176 2595 1353 2632 dicens,Quis
1360 2598 1452 2631 potest
1463 2591 1564 2620 salvus
1573 2602 1632 2621 esse
1642 2596 1653 2619 3¹

1725 409 1803 430 Petrus

1661 447 1738 467 pauca,
1764 441 1802 461 sed
