1904 2840
123 937 154 958 Ut
171 937 231 958 Ano-

93 975 160 989 moeus
200 968 232 988 lo-

93 1001 177 1028 quitur.

95 1206 165 1228 Ilebr.
177 1214 199 1229 2.
210 1213 233 1236 9.

97 1248 160 1271 Phil.
175 1254 199 1270 2.
211 1247 234 1269 6.

195 1468 205 1473 χ
248 1449 393 1476 numquam
418 1445 470 1466 sint
497 1437 654 1467 rebellantia
680 1448 688 1464 ε

248 1488 339 1506 eorum
348 1499 356 1514 ,
370 1478 485 1506 Ponam
509 1477 606 1506 sedem
631 1482 724 1505 meam
739 1479 770 1504 in
784 1477 870 1511 nube,
895 1481 923 1503 et
937 1484 984 1502 ero
1001 1476 1020 1500 C

99 1492 165 1513 Emi.
180 1492 215 1520 14.

104 1606 194 1636 Philip.
216 1612 238 1627 2.

103 1642 138 1658 10.

97 2507 165 2529 Joan.
175 2513 237 2536 ¹7·²·

233 221 303 257 856

800 227 881 250 ot’th
910 226 1008 250 lMPER
1014 224 1145 249 Fttc'run

233 303 310 331 runt,
325 292 443 332 quotidie
455 297 596 321 tractantes
615 289 680 319 retia
701 289 729 318 iu
750 290 876 319 manibus
887 288 944 319 suis
957 301 964 317 ε
985 293 1006 316 Α
1023 288 1131 323 Deum,
1146 293 1175 316 et
1188 297 1273 327 quem
1285 288 1389 316 misisti
1400 288 1503 317 ,lesum
1518 287 1677 317 Christum.
1692 286 1764 317 Mihi

236 336 306 374 (26.
320 335 383 368 Ita,
399 332 503 366 Pater,
523 331 662 369 quoniam
682 330 724 358 sie
737 329 804 371 fuit
826 329 969 374 placitum

235 380 303 403 ante
326 379 363 401 te.
380 372 438 401 Non
461 369 538 406 dicit,
554 381 607 409 qua
626 369 728 399 ratione
749 370 788 398 sic
810 380 834 398 ei
856 368 967 436 placuit,

234 413 281 442 sed
294 419 395 440 tantum
408 409 504 449 gratias
516 420 530 438 a
552 410 571 438 it
581 409 664 444 Patri,
676 409 739 447 quia
749 409 788 438 sic
800 409 824 437 ei
839 419 855 447 p
868 407 950 437 acuit.
961 410 970 443 )

233 454 273 483 Ita
286 458 310 480 et
323 458 352 480 tu
367 459 512 487 numquam
548 450 654 478 iscutias
667 448 779 478 consilia
792 448 854 483 Dei,
867 448 894 475 in
909 457 971 486 ope-

235 492 310 521 ribus
324 491 381 530 ejus
397 488 463 527 quid
487 489 559 524 fecit,
574 495 620 517 aut
643 499 695 527 qua
720 487 822 518 ratione
837 487 875 516 sic
887 487 949 515 fecit
963 498 969 514 :

236 530 283 560 sed
290 528 539 569 quomodocumque
547 527 586 557 sie
594 528 682 557 voluit
690 537 745 556 rem
753 537 829 556 suam
837 526 971 562 ordinare,

237 572 333 609 gratias
349 579 428 608 agens
447 567 564 597 sufficiat
582 567 632 597 tibi
654 567 688 596 ad
710 566 892 595 testimonium
916 566 974 610 ipsa

237 610 287 639 Dei
303 616 396 638 natura
409 620 415 636 :
427 607 490 646 quia
502 609 575 636 Deus
587 608 643 636 sine
655 607 757 635 ratione
768 613 794 635 et
805 606 861 634 sine
870 604 975 644 justitia

238 648 307 678 nihil
320 648 392 677 facit.
405 649 466 677 Non
486 647 560 676 enim
575 646 610 676 ad
622 645 813 675 discussionem
827 655 915 681 suam,
929 643 978 673 sed

238 688 272 717 ad
297 688 426 716 honorem
452 697 532 716 suum
554 686 654 715 creavit
678 692 713 715 te.
742 685 798 714 Nec
817 683 939 724 judicem
952 689 977 712 te

238 738 294 757 esse
311 723 398 757 ‘voluit
414 734 522 757 actuum
538 736 665 759 suorum..
683 724 728 754 sed
747 735 857 754 servum
875 733 978 768 praece-

238 774 346 807 ptorum
355 777 477 796 suorum.
486 765 552 795 Boni
561 765 633 794 enim
646 764 748 794 domini
759 771 798 793 est
813 773 900 792 omma
915 772 978 802 pro-

238 806 342 843 videre,
357 816 415 844 quae
437 805 472 834 ad
494 805 635 834 utilitatem
656 804 790 844 pertinent
812 802 894 832 servi.
910 802 978 832 Boni

239 853 329 875 autem
339 845 409 875 servi
423 851 472 880 est,
488 843 602 873 fideliter
613 844 728 884 operari,
742 849 768 872 et
781 852 834 871 non
847 841 980 871 discutere

240 885 343 914 domini
354 884 395 914 sui
411 891 495 913 actus.
511 885 560 912 97.
579 884 684 912 Omnia
696 884 768 912 mihi
782 882 893 911 tradita
911 887 979 910 sunt
996 890 1015 913 Β

242 936 260 953 α
274 926 364 954 Patre
378 934 451 952 meo.
464 926 487 952 Α
500 934 554 962 quo
569 923 611 952 illi
624 922 720 952 tradita
735 928 813 958 sunt,
823 922 846 951 si
860 931 929 950 unus
941 927 980 950 est

244 965 321 994 Pater
336 970 361 992 et
375 963 487 992 Filius?
500 969 546 991 aut
567 973 650 1001 quare
672 962 770 991 habere
790 971 842 990 non
865 967 978 1001 poterat,

242 1004 293 1032 nisi
301 1003 397 1033 tradita
408 1002 450 1031 illi
463 1002 583 1036 fuissent,
594 1002 616 1031 si
625 1012 672 1042 per
680 1001 768 1031 omnia
779 1001 852 1031 Patri
862 1011 911 1030 suo
924 1007 981 1030 erat

243 1043 373 1082 aequalis?
387 1044 454 1072 Nam
468 1042 627 1082 significatio
639 1040 791 1070 traditionis
805 1047 860 1069 tam
871 1040 981 1070 unitatis

244 1084 382 1118 rationem,
391 1093 472 1120 quam
481 1081 639 1120 aequalitatis
648 1079 778 1110 excludit.
793 1082 862 1110 Nam
873 1090 920 1109 nee
933 1079 981 1118 qui

244 1123 351 1162 accipit,
365 1132 434 1151 unus
447 1128 487 1151 est
499 1132 561 1150 cum
575 1120 668 1150 dante:
678 1131 725 1150 nec
739 1120 786 1159 qui
801 1119 929 1149 traditum
936 1129 980 1148 ac-

245 1163 353 1202 ceperit,
366 1161 476 1198 aequalis
489 1168 527 1190 cst
549 1161 573 1190 ei
596 1161 643 1199 qui
657 1159 778 1189 tradidit.
795 1159 906 1189 Tradita
919 1165 983 1188 sunt

245 1200 269 1230 ei
283 1201 430 1231 secundum
443 1200 516 1239 quod
538 1202 702 1230 minoratus
716 1206 758 1228 est
776 1199 867 1239 paulo
889 1200 982 1227 minus

246 1243 282 1269 ab
296 1241 416 1280 angelis.
434 1241 502 1270 Nam
514 1239 660 1269 secundum
676 1238 755 1275 illud,
769 1238 844 1278 quod
855 1239 922 1268 Non
936 1248 983 1267 ra-

243 1283 343 1319 pinam
365 1281 522 1309 arbitratus
545 1286 604 1315 est,
620 1289 681 1308 esse
693 1289 724 1308 se
737 1274 881 1317 oe'qualem
902 1278 981 1314 Deo,

246 1331 308 1349 cum
328 1331 358 1348 co
379 1321 451 1348 Deus
474 1330 542 1348 unus
561 1326 587 1348 et
606 1318 717 1357 aequalis
740 1325 795 1353 est,
810 1318 857 1356 qui
872 1316 983 1347 tradidit

246 1359 344 1388 omnia.
363 1360 469 1387 Omnia
483 1360 553 1387 mihi
565 1359 676 1387 tradita
686 1364 763 1394 sunl,
776 1358 915 1393 οιεὶεςιία,
927 1363 983 1385 ter·-

248 1401 359 1433 restria,
376 1404 403 1427 et
418 1399 589 1438 infernalia.
606 1397 726 1427 Caelestia
745 1396 870 1435 quidem,
887 1403 915 1425 ut
926 1396 984 1435 jam

434 1438 438 1443 ’
717 1446 765 1465 nec
789 1435 862 1464 dicat
884 1434 984 1473 aliquis

249 1517 352 1546 similis
383 1517 534 1546 altissimo.
558 1515 724 1551 Terrestria,
750 1521 782 1543 ut
807 1514 986 1552 relinquentes

250 1556 321 1585 idola
333 1564 358 1586 et
372 1563 477 1596 peccata
490 1555 599 1585 credant
612 1555 639 1584 in
651 1565 704 1589 me,
720 1560 746 1583 et
758 1553 902 1582 obaudiant
921 1553 986 1582 meis

250 1596 390 1626 mandatis.
401 1595 555 1630 Infernalia,
566 1601 595 1623 ut
607 1597 736 1624 vocentur
749 1592 784 1622 ad
797 1593 891 1629 vitam,
904 1594 940 1622 Ue
954 1594 987 1620 in

251 1638 365 1664 nomine
377 1646 439 1664 meo
454 1645 538 1664 omne
559 1644 634 1674 genu
646 1633 800 1674 flectatur,
815 1633 985 1667 caelestium,

251 1677 435 1709 terrestrium,
459 1681 488 1702 et
510 1674 703 1714 infernorum.
728 1671 863 1708 Caelestia,
881 1679 911 1701 ut
934 1671 988 1700 sint

250 1715 277 1742 in
301 1714 435 1754 adjutorio
460 1713 646 1749 terrestribus3
675 1711 808 1740 terrestria
832 1718 932 1749 autem,
959 1718 990 1740 ut

250 1754 314 1783 fiant
326 1754 470 1783 imitatores
484 1752 645 1789 caelestium5
664 1750 814 1785 infernalia,
830 1750 988 1818 utjamnon

251 1793 446 1832 expugnatione
459 1792 599 1821 hominum
614 1790 764 1830 proficiant,
778 1789 824 1819 sed
843 1801 857 1818 a
893 1790 988 1829 proba-

253 1833 350 1861 tionem
374 1839 534 1861 sanctorum.
551 1831 586 1860 Et
599 1829 678 1865 vide,
698 1839 750 1858 non
774 1829 862 1865 dixit,
888 1831 988 1859 Omnes

251 1871 371 1900 homines
393 1871 460 1899 mihi
485 1869 576 1899 traditi
597 1876 679 1898 sunt:
696 1875 726 1897 ut
749 1869 931 1898 tantummodo
955 1869 989 1898 de

250 1910 407 1940 hominibus
417 1909 569 1945 credituris,
579 1908 625 1938 sed
634 1908 714 1937 etiam
725 1915 749 1937 et
760 1907 794 1936 de
807 1909 886 1937 rebus
900 1909 988 1937 omni-

250 1949 318 1986 hus,
333 1960 391 1988 quae
411 1949 446 1978 ad
462 1948 575 1988 gloriam
594 1948 652 1986 ejus
672 1947 775 1976 fuerant
791 1948 986 1986 convertendae,

251 1998 310 2017 cum
322 1995 407 2018 essent
418 1988 534 2017 adversae
544 2009 551 2023 ‚
566 1986 674 2016 diabolo
684 1987 867 2016 subvertente:
882 1995 909 2017 ut
930 1995 986 2024 uta,

251 2028 339 2056 omnia
363 2028 387 2056 ei
401 2027 497 2056 tradita
511 2033 583 2061 sunt,
599 2026 694 2055 caelum
707 2033 732 2055 et
747 2033 825 2063 terra,
846 2027 897 2063 sol,
925 2038 986 2063 una,

251 2066 349 2103 stellae,
365 2077 409 2095 aer
422 2073 448 2095 et
462 2066 541 2104 ignis,
565 2076 650 2104 aquae,
674 2066 797 2102 flumina,
815 2066 935 2096 infernus
961 2074 987 2096 et

251 2116 333 2141 mors,
356 2112 385 2134 ut
403 2107 460 2145 jam
482 2115 558 2134 nemo
578 2105 634 2134 haec
656 2106 744 2134 omnia
767 2105 830 2134 deos
853 2117 918 2143 esse,
942 2114 987 2135 aut

252 2145 369 2183 ingenita
388 2155 453 2181 esse,
471 2151 625 2184 suggerente
639 2144 756 2179 diabolo,
770 2146 925 2182 arbitretur,
940 2146 987 2175 sed

251 2194 342 2213 omnes
350 2184 451 2213 Christi
465 2194 520 2213 esse
534 2194 623 2223 opera,
638 2191 727 2213 sancto
744 2185 847 2224 Spiritu
862 2185 985 2221 docente,

251 2230 409 2263 cognoscant
427 2230 452 2252 et
471 2224 612 2252 fateantur.
635 2225 695 2253 Non
715 2235 778 2264 ergo
796 2225 891 2254 tradita
912 2232 984 2262 sunt,

252 2269 282 2291 ut
299 2261 377 2291 modo
399 2263 498 2293 Christi
525 2262 669 2292 secundum
692 2271 814 2294 naturam
839 2264 904 2293 fiant
927 2275 986 2303 quae

251 2312 354 2341 semper
374 2303 432 2342 ejus
446 2303 558 2336 fuerant,
579 2302 625 2331 sed
637 2310 666 2332 ut
682 2303 761 2332 modo
779 2304 836 2343 ejus
853 2314 909 2333 esse
927 2315 986 2334 cre-

250 2340 358 2376 dantur,
379 2349 405 2371 et
424 2341 503 2371 modo
518 2341 552 2370 ad
575 2343 633 2381 ejus
650 2342 762 2382 gloriam
781 2350 983 2372 convertantur:

251 2381 319 2409 sicut
336 2387 361 2409 et
383 2381 485 2410 homini
509 2391 612 2421 semper
630 2382 731 2411 exstitit
745 2384 828 2418 Deus,
842 2382 889 2411 sed
905 2394 987 2421 usque

250 2426 313 2449 tunc
330 2421 451 2459 cognitus
464 2431 516 2450 non
529 2427 594 2450 erat.
611 2422 689 2451 Nunc
702 2428 790 2450 autem
811 2421 902 2450 traditi
924 2430 985 2452 sunt

249 2459 273 2487 ei
295 2459 423 2496 absolute,
438 2467 638 2499 ut‘cognoscant
660 2471 722 2489 eum
745 2471 823 2489 suum
848 2462 984 2491 Factorem

250 2499 351 2533 Deum,
375 2499 443 2528 sicut
465 2500 594 2539 scriptum
620 2507 659 2528 est
675 2512 681 2528 :
696 2500 772 2529 Sicut
795 2500 894 2529 dedisti
918 2501 987 2530 mihi

248 2544 400 2576 potestatem
427 2539 512 2567 omnis
537 2539 637 2574 carnis,
653 2545 682 2567 ut
696 2549 784 2576 omne,
800 2539 874 2577 quod
886 2539 984 2569 dedisti

247 2576 324 2612 mihi,
340 2576 400 2606 dem
422 2578 460 2606 eis
486 2578 568 2607 vitam
586 2585 719 2608 aeternam.
738 2580 810 2608 Hoee
826 2585 868 2608 est
887 2586 984 2608 autem

246 2618 311 2645 vita
323 2622 442 2653 aeterna,
460 2623 490 2645 ut
505 2624 680 2656 cognoscant
694 2624 722 2647 te
735 2628 825 2647 unum
840 2624 868 2647 et
881 2629 983 2648 verum

1023 327 1121 356 tradita
1141 334 1181 356 est
1200 326 1254 356 vita
1266 333 1292 356 et
1305 337 1389 363 mors,
1404 333 1434 356 ut
1447 337 1496 356 nec
1508 327 1564 358 vita
1577 326 1613 356 ad
1645 334 1765 356 eceatum

1024 367 1058 396 sit
1082 367 1234 402 hominum,
1248 376 1297 395 nec
1321 376 1392 396 mors
1405 365 1441 396 ad
1453 377 1559 407 poenam
1572 378 1579 394 ε
1595 338 1644 396 sed)
1655 373 1696 402 ut,
1717 366 1765 406 qui

1023 406 1131 442 vivunt,
1144 406 1251 435 lucrum
1262 405 1374 445 justitiae
1395 406 1464 436 bene
1485 406 1603 437 viventes
1615 406 1723 442 faciant,
1739 412 1765 436 et

1025 446 1072 484 qui
1086 446 1185 476 mortui
1198 445 1306 482 fuerint,
1318 446 1415 475 melius
1425 446 1526 480 vivant,
1535 456 1640 475 mecum
1653 455 1766 485 regnan-

1026 492 1067 515 tes
1081 486 1108 514 in
1122 485 1196 514 caelo.
1213 485 1286 514 Mihi
1299 484 1402 514 traditae
1418 492 1481 514 sunt
1493 485 1595 515 divitias
1607 491 1634 514 et
1648 495 1766 525 pauper-

1027 531 1078 554 tas.
1093 526 1186 563 Usque
1200 535 1271 554 nunc
1288 525 1359 554 enim
1372 532 1516 565 paupertas
1528 525 1713 570 blasphemare
1723 535 1769 554 eo-

1028 565 1116 609 gebat,
1125 565 1226 593 furtum
1237 565 1401 594 committere
1411 564 1556 594 suadebat:
1569 564 1672 594 divitiae
1680 571 1769 593 autem

1029 604 1176 639 inflabant,
1198 604 1312 633 nocendi
1338 605 1466 634 virtutem
1492 604 1663 644 praestabant.
1690 604 1770 633 Nunc
1900 633 1904 640 ,

1030 650 1119 673 autem
1132 643 1199 672 mihi
1221 644 1325 673 traditae
1339 651 1416 680 sunt,
1433 650 1462 678 ut
1475 650 1618 684 paupertas
1630 643 1697 673 dum
1709 653 1770 672 ma-

1032 683 1192 722 gnanimiter
1215 683 1374 720 sustinetur,
1389 683 1423 712 ad
1436 683 1550 721 gloriam
1558 684 1612 712 -Dei
1625 682 1747 724 proficiat
1761 694 1768 711 =
1894 651 1904 729 l

1032 729 1057 751 et
1078 722 1181 751 divitiae
1204 722 1271 751 dum
1294 722 1500 752 misericorditer
1522 722 1721 767 dispensantur,
1736 721 1773 752 nd

1034 761 1148 801 gloriam
1164 762 1214 791 Dei
1227 762 1379 801 proficiant.
1395 763 1467 792 Mihi
1486 762 1578 791 traditi
1591 768 1654 791 sunt
1666 762 1737 792 servi
1747 768 1774 791 et

1033 811 1118 840 reges,
1131 808 1160 830 ut
1174 811 1221 831 nec
1235 802 1305 831 servi
1318 802 1345 830 in
1358 813 1407 831 suo
1424 802 1535 832 servitio
1547 802 1714 838 erubescant,
1726 800 1774 831 sed

1035 840 1061 870 in
1086 851 1128 870 me
1149 841 1265 870 Domino
1287 841 1436 880 glorientur
1452 854 1458 870 :
1474 848 1500 870 et
1521 852 1595 881 reges
1616 851 1668 871 non
1683 841 1711 871 in
1724 851 1774 870 sua

1033 881 1152 920 potentia
1164 881 1340 916 extollantur,
1354 881 1400 910 sed
1414 881 1480 909 mihi
1494 891 1581 921 genua
1594 879 1716 910 curvent.
1734 882 1775 910 Et

1035 930 1118 949 nemo
1130 922 1210 949 novit
1221 920 1343 955 Filium,
1356 921 1413 949 nisi
1428 922 1519 949 ,vater
1528 934 1536 949 .·
1550 931 1644 960 neque
1654 922 1776 950 Patrem

1035 962 1097 1000 quis
1112 962 1209 993 novit.
1225 961 1281 989 nisi
1302 961 1411 995 Filius,
1425 966 1453 989 et
1466 962 1513 989 cui
1526 961 1656 989 voluerit
1678 961 1775 990 Filius

1035 1000 1175 1029 revelare.
1190 1001 1231 1029 lta
1245 999 1449 1039 intelligendum
1462 1006 1500 1028 est
1517 1012 1523 1028 :
1539 1001 1624 1029 Nemo
1638 1010 1671 1028 ex
1684 1011 1712 1029 se
1725 1011 1776 1040 po·
1898 1018 1904 1040 l

1035 1045 1085 1068 test
1106 1049 1264 1078 cognoscere
1287 1049 1448 1078 quemquam
1461 1039 1582 1076 illorum,
1597 1039 1650 1068 nisi
1671 1040 1777 1068 Patrem
1895 1041 1904 1067 ἶ

1037 1078 1125 1108 Filius
1138 1079 1297 1108 revelaverit
1311 1085 1336 1107 et
1349 1079 1452 1108 Filium
1465 1079 1551 1108 Pater.
1563 1079 1633 1108 Nam
1646 1078 1680 1108 de
1692 1079 1778 1108 Patris
1827 1103 1829 1105 .
1899 1078 1904 1090 ¹

1037 1118 1148 1157 quidem
1168 1129 1281 1158 persona
1295 1118 1418 1148 Christus
1440 1119 1448 1147 i
1469 1128 1497 1147 se
1522 1117 1608 1153 dixit,
1622 1119 1686 1157 quia
1699 1128 1777 1149 nemo

1037 1158 1087 1187 scit
1095 1159 1210 1190 Patrem.
1223 1158 1274 1187 nisi
1285 1157 1373 1187 Filius
1383 1129 1544 1187 reveiinverit
1553 1169 1562 1186 ε
1572 1157 1606 1187 de
1614 1157 1679 1187 Filii
1688 1165 1777 1187 autem

1037 1208 1151 1238 persona
1174 1197 1235 1227 ideo
1257 1207 1310 1227 non
1331 1197 1413 1233 dixit,
1427 1197 1486 1227 Nisi
1507 1198 1587 1227 Pater
1606 1197 1776 1235 revelaverit,
1787 1209 1836 1227 cxx

1037 1238 1164 1277 quiajam
1176 1237 1299 1278 superius
1310 1237 1431 1266 dixerat:
1445 1237 1665 1275 Confiteortibi,
1675 1237 1777 1274 Pater,

1037 1281 1109 1317 quia
1119 1278 1296 1306 abscondisti
1310 1278 1371 1306 hoec
1384 1287 1404 1305 a
1416 1278 1596 1315 sapientibus
1610 1283 1639 1306 et
1649 1277 1780 1316 pmden-

1039 1318 1126 1351 tibus,
1139 1323 1168 1345 et
1182 1317 1317 1346 revelasti
1336 1326 1372 1345 ea
1383 1317 1517 1356 parvulis
1527 1339 1534 1352 ,
1547 1316 1650 1346 scilicet
1662 1316 1719 1345 haec
1732 1326 1780 1345 ea-

1037 1355 1099 1384 dem
1118 1367 1178 1394 quae
1191 1355 1342 1394 dispensata
1356 1363 1418 1384 sunt
1432 1355 1460 1384 in
1474 1355 1591 1385 adventu
1605 1365 1664 1384 meo
1677 1355 1712 1384 de
1725 1365 1778 1384 me.

1038 1395 1107 1424 Nam
1128 1402 1155 1423 et
1177 1394 1212 1423 ad
1233 1396 1340 1424 Petrum
1362 1395 1530 1423 confitentem
1549 1405 1576 1424 se
1603 1395 1674 1424 dixit
1690 1395 1779 1424 :Non
1789 1398 1877 1423 Matth.

1038 1444 1106 1462 caro
1120 1440 1148 1462 et
1162 1435 1281 1473 sanguis
1294 1434 1436 1462 revelavit
1447 1435 1510 1470 tibi,
1521 1435 1574 1463 sed
1585 1435 1677 1464 Pater
1686 1444 1776 1463 meus.
1792 1438 1828 1461 ι7·

1038 1474 1074 1503 Et
1088 1473 1181 1502 Esaias
1194 1473 1264 1502 dixit
1278 1485 1285 1501 :
1301 1474 1365 1512 Ego
1379 1474 1525 1502 Dominus
1537 1479 1656 1502 sanctus
1670 1481 1777 1510 vester,
1790 1481 1874 1510 Esat.4

1039 1515 1091 1553 qui
1099 1514 1214 1541 ostendi
1224 1513 1320 1542 lsrae'l
1328 1523 1422 1552 regem
1433 1519 1574 1543 vestrum.
1587 1515 1642 1542 Aut
1651 1520 1722 1542 certe
1732 1513 1780 1549 ita,
1794 1514 1829 1537 ¹⁵·

1039 1552 1184 1582 secundum
1199 1552 1393 1592 plenitudinem
1405 1553 1491 1582 Patris
1505 1565 1511 1581 ε
1527 1554 1633 1582 Patrem
1647 1563 1725 1582 nemo
1739 1563 1782 1582 co-

1041 1592 1159 1631 gnoscit,
1175 1592 1227 1620 nisi
1250 1592 1348 1621 Filius.
1365 1592 1401 1621 Et
1415 1591 1562 1621 secundum
1586 1592 1782 1632 plenitudinem

1041 1631 1106 1661 Filii
1121 1644 1128 1658 z
1144 1631 1246 1661 Filium
1268 1641 1344 1660 nemo
1366 1631 1512 1671 cognoscit,
1527 1632 1579 1661 nisi
1603 1634 1680 1662 Pater
1695 1645 1701 1661 ε
1717 1632 1783 1671 quia

1040 1671 1332 1710 incomprehensibilem
1346 1678 1470 1700 naturam
1487 1671 1713 1711 comprehendere
1729 1682 1782 1701 non

1040 1717 1126 1751 potest
1137 1710 1385 1751 comprehensibilis
1398 1717 1529 1740 creatura.
1543 1712 1679 1747 Quoniam
1689 1709 1737 1741 etsi
1748 1711 1782 1741 de

1041 1752 1118 1780 Patre
1132 1750 1220 1780 Filius
1234 1750 1343 1786 revelet,
1355 1757 1400 1779 aut
1410 1750 1444 1779 de
1458 1750 1529 1779 Filio
1541 1752 1628 1787 Pater,
1640 1758 1727 1780 tamen
1740 1761 1783 1780 re-
1825 1759 1827 1761 ’

1041 1790 1113 1819 velat
1137 1801 1191 1819 non
1213 1797 1343 1828 quantum
1357 1796 1436 1826 sunt,·
1445 1789 1490 1819 sed
1515 1797 1645 1828 quantum
1668 1791 1725 1827 ille,
1737 1790 1783 1820 cui

1042 1830 1194 1866 revelatur,
1227 1836 1293 1859 otest
1315 1840 1417 1869 capere.
1436 1832 1491 1859 Aut
1512 1837 1582 1859 certe
1595 1830 1634 1860 sie
1648 1829 1728 1859 datur
1739 1830 1783 1859 in-

1041 1870 1127 1908 telligi
1151 1880 1185 1898 ex
1204 1840 1248 1898 {is
1272 1879 1332 1908 quae
1354 1869 1524 1909 praecedunt,
1548 1870 1674 1908 quoniam
1695 1869 1780 1899 dicit:

1034 1910 1151 1938 'Omnia
1165 1909 1236 1937 mihi
1257 1909 1369 1938 tradita
1392 1916 1461 1938 sunt
1475 1920 1494 1938 a
1508 1909 1600 1938 Patre
1612 1919 1686 1938 meo.
1701 1909 1737 1938 Et
1748 1919 1783 1939 ex

1042 1948 1084 1977 his
1109 1959 1168 1987 quae
1188 1955 1353 1987 sequuntur,
1369 1949 1494 1987 quoniam
1511 1948 1599 1978 dicit:
1615 1949 1664 1979 28.
1681 1949 1712 1977 V
1707 1950 1785 1978 enile

1042 1989 1084 2016 ad
1097 2000 1142 2017 me
1163 1998 1273 2023 omnes,
1312 1989 1342 2017 ιιί
1357 1988 1510 2024 laboratis,
1527 1994 1555 2017 et
1576 1991 1690 2017 onerati
1701 1990 1780 2018 estis.

1042 2029 1110 2057 Puto
1124 2027 1198 2066 quod
1210 1999 1357 2057 secundum
1371 2027 1421 2057 hoc
1432 2038 1509 2057 nemo
1521 2028 1655 2067 cognoscit
1668 2027 1780 2063 Filium,

1042 2067 1188 2096 secundum
1202 2067 1275 2105 quod
1290 2067 1314 2095 ei
1336 2066 1425 2095 omnia
1438 2066 1536 2096 tradita
1549 2074 1612 2096 sunt
1622 2089 1630 2102 ‚
1647 2068 1686 2096 Ue
1699 2077 1783 2095 omne
1793 2070 1880 2100 Philip.

1041 2117 1116 2145 genu
1130 2108 1162 2134 in
1177 2108 1293 2134 nomine
1305 2108 1368 2144 ejus
1366 2106 1526 2146 flectatur,
1542 2106 1710 2140 coelestium,
1725 2113 1782 2135 ter-
1796 2108 1831 2123 ¹⁰·
1850 2107 1886 2124 ¹¹·

1042 2148 1175 2175 restrium
1185 2167 1192 2181 ‚
1215 2152 1243 2175 et
1269 2145 1451 2185 infernorum
1473 2157 1484 2174 .-
1509 2152 1538 2175 ετ
1563 2140 1657 2175 omnis
1682 2145 1784 2185 lingua

1042 2187 1217 2225 confiteatur
1230 2208 1238 2221 ,
1265 2186 1337 2224 quia
1365 2186 1511 2214 Dominus
1537 2185 1624 2214 Jesus
1654 2186 1784 2215 Christus

1041 2231 1084 2254 est
1108 2227 1140 2263 in
1163 2224 1259 2264 gloria
1282 2225 1339 2253 Dei
1364 2226 1472 2254 Patris.
1485 2225 1552 2261 Quae
1579 2224 1670 2254 omnia
1692 2225 1785 2254 futura

1041 2272 1131 2300 crant,
1145 2271 1210 2293 tunc
1232 2264 1321 2293 adhuc
1345 2275 1422 2294 nemo
1447 2264 1559 2294 sciebat.
1575 2265 1612 2294 Et
1634 2264 1783 2294 secundum

1042 2304 1093 2334 hoc
1106 2314 1184 2333 nemo
1207 2303 1342 2343 cognoscit
1368 2305 1484 2339 Patrem,
1498 2314 1529 2333 eo
1553 2303 1627 2344 quod
1650 2303 1743 2333 statuit
1754 2303 1782 2332 in

1042 2344 1113 2373 Filio
1134 2354 1183 2372 suo
1201 2343 1327 2372 omnibus
1347 2343 1411 2373 dare
1433 2343 1555 2373 salutem.
1572 2342 1653 2373 Unde
1672 2349 1782 2382 aposto-

1042 2382 1084 2412 lus
1095 2383 1217 2412 dicebat:
1230 2384 1367 2420 Mysterii
1378 2385 1553 2422 temporibus
1564 2384 1678 2412 oeternis
1688 2383 1779 2419 taciti,
1791 2393 1860 2415 Rom.
1873 2399 1883 2414 ι

1043 2424 1226 2464 manifestati
1248 2430 1346 2452 autem
1371 2433 1464 2457 nunc,
1478 2429 1529 2452 etc.
1546 2422 1648 2451 Venite
1672 2422 1714 2450 ad
1738 2423 1782 2450 me
1791 2425 1829 2448 ⁴⁸5·
1841 2424 1881 2448 26-

1042 2473 1150 2499 omnes,
1165 2465 1217 2502 qui
1229 2463 1381 2497 laboratis,
1393 2469 1422 2491 et
1434 2462 1549 2490 onerati
1560 2463 1638 2490 estis.
1652 2461 1708 2498 Qui
1719 2468 1782 2490 sunt

1040 2502 1088 2540 qui
1114 2502 1254 2531 laborant?
1268 2502 1323 2538 Qui
1344 2501 1411 2540 legis
1426 2500 1558 2541 justitiam
1576 2507 1731 2539 operantur.
1747 2501 1783 2530 Et

1040 2541 1087 2579 qui
1111 2548 1172 2570 sunt
1187 2541 1233 2580 qui
1257 2541 1357 2570 onerati
1382 2539 1465 2569 sunt?
1477 2540 1534 2580 Ipsi
1560 2541 1577 2570 J
1581 2539 1665 2577 udaei,
1681 2540 1782 2579 quihus

1040 2587 1100 2620 post
1111 2581 1291 2610 idololatriam
1305 2579 1385 2610 vituli
1398 2579 1461 2609 talia
1476 2579 1542 2619 legis
1557 2579 1680 2608 mandata
1694 2580 1782 2619 impo-

1040 2620 1094 2649 suit
1108 2622 1196 2649 Moses
1206 2642 1214 2657 ,
1231 2620 1256 2648 in
1281 2619 1381 2659 quibus
1403 2629 1550 2658 numquam
1564 2629 1592 2649 se
1603 2619 1779 2659 explicarent.
