1904 2840
24 567 142 598 “1462-

650 226 684 249 ln
709 225 922 248 MATTHAEUM.

1624 216 1690 251 881

950 225 1066 249 flomt..
1095 226 1213 249 xxxnt.

154 288 287 334 promittit
301 288 340 318 eis
353 294 460 327 tempus
472 285 680 317 Christianitatis
699 286 823 315 futurum
834 291 893 325 post
913 289 932 311 Α
949 291 1003 314 tem
1016 286 1045 315 in
1058 286 1209 316 innocentia
1228 287 1376 328 simplicior
1395 298 1477 326 quam
1492 288 1590 323 caeteri,
1606 296 1632 319 et
1654 290 1693 319 sic

153 337 333 359 ascensionem
346 337 434 361 suam,
448 325 556 365 quando
570 335 661 355 ornnes
675 325 820 365 suscipient
834 335 894 353 ver-

152 369 219 398 bum
225 367 407 412 apostolorum
418 367 445 395 in
453 376 492 402 se,
502 365 571 395 sicut
577 365 692 395 uerbum
700 364 812 394 Christi.
818 363 893 393 Illud

152 414 192 437 est
205 417 277 436 enim
290 413 395 446 tempus
414 404 630 444 regenerationis,
645 403 752 443 quando
774 403 895 433 homines

153 446 302 486 regenerati
313 456 362 491 per
375 445 550 485 baptismum,
562 444 624 473 facti
638 450 699 473 sunt
712 454 745 472 ex
764 443 828 472 titiis
840 443 893 472 ho-

153 487 257 515 minum
271 485 323 514 filii
341 485 404 515 Dei.
417 484 492 514 Illud
507 490 547 513 est
558 491 675 523 tempus,
689 481 798 522 quando
810 482 894 511 Chri-

153 533 210 555 stus
227 524 302 555 sedet
316 525 344 553 in
361 524 424 553 sede
446 523 590 562 majestatis
612 533 678 559 suae,
698 522 768 552 sicut
785 528 896 551 testatur

154 565 284 605 propheta
299 562 333 593 de
346 563 467 603 gentium
478 563 532 592 fide
546 563 636 591 futura
650 572 657 589 ε
672 562 816 601 Regnabit
829 561 893 590 Do-

154 607 250 633 minus
263 613 350 642 super
359 613 456 632 omnes
462 604 654 642 gentes‚Deus
660 602 712 631 sed
720 607 749 630 et
756 611 842 640 super
852 610 895 629 se-

154 644 221 673 dem
234 649 368 672 sanctam
377 653 471 672 suam.
485 643 541 672 Nos
553 642 724 682 putabamus,
734 640 798 679 quia
806 639 840 669 de
850 639 895 673 die

150 682 250 723 judicii
263 682 315 712 hoc
327 681 404 712 dicit.
414 682 586 720 Quicumque
601 680 672 710 enim
678 679 817 710 Christum
830 689 894 708 cre—

153 722 242 751 dendo
256 722 284 751 in
298 732 326 751 se
339 721 409 751 susci
430 722 498 758 ium,
511 720 588 750 sedes
601 726 663 749 sunt
669 719 813 764 majestatis
825 718 894 758 ejus.

153 762 190 791 Et
196 761 260 791 vide
268 762 332 800 quia
339 771 392 790 non
419 772 433 790 e
444 762 561 800 tempore
567 759 651 789 futuri
654 758 752 798 judieii
762 757 837 794 dicit,
849 757 896 787 sed

153 801 188 830 de
195 802 331 831 vocatione
338 800 456 841 gentium
462 801 656 829 universarum.
667 798 726 827 Non
732 797 805 827 enim
813 797 894 834 dixit,

115 855 117 857 ¹
153 838 222 870 cum
237 840 339 870 venerit
352 840 439 870 Filius
455 839 582 876 hominis,
597 837 690 867 sedens
710 847 792 877 super
807 836 895 866 sedem

154 880 299 920 majestatis
307 890 376 917 suae;
385 878 432 909 sed
441 879 488 916 ita,
497 879 571 908 Cum
578 878 683 907 sederit
690 878 722 905 in
733 877 800 906 sede
808 878 895 916 maje-

154 921 238 949 statis
244 930 312 949 suoe.
317 920 348 949 In
355 918 417 948 sede
424 925 512 948 autem
522 917 666 957 majestatis
671 927 725 946 suae
732 927 767 945 ex
773 926 804 945 eo
817 926 856 945 coe
877 915 898 945 it

70 974 146 991 cxun
156 958 258 996 sedere,
266 969 301 988 ex
313 969 367 998 quo
373 965 463 998 gentes
471 959 578 987 credere
586 963 723 996 coeperunt
733 956 762 985 in
771 966 844 985 eum.
879 965 898 983 x

155 1008 209 1037 quo
225 1008 288 1038 ergo
305 998 429 1028 ctu-istus
453 996 522 1027 sedit
541 1007 622 1036 super
645 995 735 1025 sedem
753 996 897 1035 majestatis

154 1048 220 1074 suae,
235 1048 269 1067 ex
283 1048 315 1067 eo
332 1044 358 1067 et
370 1037 484 1078 apostoli
505 1035 631 1065 sederunt
652 1046 732 1074 super
753 1034 896 1064 duodecim

154 1077 278 1114 thronos,
293 1077 323 1106 id
333 1083 383 1114 est,
397 1078 423 1106 in
435 1076 561 1105 omnihus
574 1074 736 1105 Christianis
749 1074 896 1103 secundum

154 1116 322 1147 diversitates
348 1116 513 1151 animorum,
543 1125 609 1154 quas
641 1124 724 1154 supra
750 1114 895 1153 tetigimus.

155 1156 251 1187 Omnis
275 1156 346 1185 enim
370 1155 549 1192 Christianus,
575 1154 624 1192 qui
649 1153 761 1192 suscipit
784 1153 898 1182 verbum

154 1196 238 1232 Petri,
260 1195 374 1225 thronus
393 1195 423 1224 fit
443 1194 527 1230 Petri,
547 1200 573 1223 et
594 1195 686 1223 Petrus
708 1192 782 1222 sedet
795 1192 823 1221 in
844 1203 895 1222 eo:

157 1235 196 1264 sic
219 1242 246 1264 et
278 1234 399 1264 omnium
427 1234 609 1274 apostolorum
636 1232 726 1262 throni
748 1238 829 1269 sunt,
850 1232 898 1271 qui

157 1274 278 1304 omnium
302 1274 484 1314 apostolorum
507 1272 656 1302 doctrinam
680 1278 854 1311 susceperunt
870 1278 898 1301 et

155 1320 245 1343 tenent
264 1314 295 1350 in,
312 1324 349 1343 se.
370 1315 446 1343 Hanc
464 1313 707 1352 interpretationem
727 1310 761 1340 de
782 1311 897 1341 diversis

37 1359 46 1368 ·
55 1361 148 1387 aposto·
156 1353 282 1383 tribubus
303 1364 337 1393 po
358 1353 397 1382 uli
416 1352 574 1388 Christiani,
594 1359 620 1381 et
632 1351 665 1380 de
679 1350 792 1380 sessuris
804 1351 896 1395 fapo-

32 1398 92 1412 mm·

10 1435 75 1458 Paul.
96 1443 146 1459 iai.

25 1467 78 1491 .—⁵
83 1484 89 1489 .

157 1393 234 1422 stolis
253 1393 281 1421 in
355 1393 414 1422 'biis
434 1392 602 1422 commendat
621 1390 761 1431 propheta,
785 1389 893 1419 dicens:

156 1433 332 1469 Jerusalem,
354 1443 418 1471 quoe
439 1431 604 1465 aedificatur
622 1437 655 1459 ut
678 1431 791 1466 civicas,
814 1431 896 1469 cujus

154 1473 340 1511 participatio
354 1473 416 1510 ejus
429 1473 460 1500 in
474 1472 609 1509 idipsum.
625 1470 703 1499 Illuc
710 1470 788 1498 enim
797 1479 896 1498 ascen·
914 1484 932 1507 C

156 1512 261 1541 derunt
283 1513 391 1548 tribus,
416 1513 507 1540 tribus
534 1510 673 1544 Domini,
703 1510 896 1538 testimonium

156 1552 262 1587 Israel,
283 1554 354 1590 quia
374 1551 438 1579 illic
460 1551 596 1579 sederunt
617 1549 699 1578 sedes
721 1549 751 1576 in
770 1548 893 1586 judicio.

157 1591 187 1620 Si
204 1602 233 1619 er
251 1601 267 1619 o
283 1590 443 1626 Jerusalem,
457 1599 516 1628 quae
529 1588 686 1622 aedificatur,
700 1587 820 1617 Ecclesia
838 1594 892 1616 est:

156 1632 215 1660 sine
227 1601 311 1659 (inhio
323 1636 350 1658 et
365 1629 412 1668 qui
431 1628 606 1658 ascenderimt
619 1627 676 1655 illic
694 1627 791 1661 tribus,
814 1626 897 1655 Chri·

156 1671 304 1700 stianorum
328 1675 391 1698 sunt
413 1668 517 1697 trihusi
538 1674 564 1696 et
582 1666 668 1702 sedes,
691 1676 750 1704 qua:
771 1665 897 1694 sederunt

157 1710 227 1746 illic,
239 1709 353 1749 apostoli
365 1714 442 1737 suut:
454 1706 568 1747 apostoli
586 1705 659 1735 enim
670 1705 743 1735 sedes
758 1705 807 1734 Dei
821 1712 893 1734 sunt.

156 1751 212 1779 Nec
225 1748 329 1778 modica
343 1747 428 1788 gloria
448 1753 487 1776 est
501 1745 693 1791 apostolorum,
714 1751 744 1774 ut
763 1755 896 1774 sermones

157 1799 250 1820 eorum
262 1788 369 1818 sedeant
382 1787 410 1816 in
420 1786 576 1816 hominibus
586 1784 727 1820 fidelihus,
739 1785 808 1813 sicut
819 1784 896 1813 Chi-i-

157 1829 192 1858 sti
205 1838 353 1858 sermones:
363 1826 425 1856 etin
433 1825 599 1855 sermonibus
606 1834 700 1853 eorum
708 1824 764 1853 vita
775 1823 896 1853 omnium

157 1875 269 1904 constat,
282 1867 352 1897 sicut
365 1867 393 1895 in
406 1865 572 1895 sermonibus
585 1863 697 1894 Christi.
712 1863 758 1893 Sic
771 1873 834 1901 ergo
854 1873 895 1892 se-

156 1908 249 1938 dentes
267 1906 381 1947 apostoli
395 1906 422 1934 in
435 1905 540 1934 thronis
554 1902 724 1939 Christianis,
744 1903 771 1931 in
782 1901 895 1932 ‹duode-

157 1948 210 1977 cim
226 1954 313 1987 partes
325 1945 443 1975 distincti
455 1943 601 1974 secundum
613 1941 777 1972 differentias
790 1941 896 1971 anima-

157 1998 229 2022 rum,
247 1986 370 2025 judicant
393 1984 537 2014 duodecim
563 1983 650 2012 tribus
671 1982 764 2015 Israiil,
790 1980 819 2010 id
845 1988 894 2018 est,

157 2037 248 2056 omnes
261 2026 379 2056 Judaeos.
392 2023 508 2061 Quando
521 2022 593 2052 enim
603 2032 653 2062 per
666 2022 777 2051 verbum
790 2032 805 2049 a
826 2028 895 2050 osto-

157 2066 255 2101 lorum,
269 2064 342 2104 quod
352 2071 391 2094 est
405 2065 433 2092 iti
444 2073 503 2099 nos,
515 2062 637 2102 judicare
648 2061 755 2091 videtur
766 2061 801 2090 Ju
823 2070 875 2089 aeos
887 2073 893 2089 :
914 2069 933 2092 1)

156 2105 264 2144 qnando
272 2112 359 2134 autem
368 2103 449 2134 vei-ba
457 2102 639 2143 apostolorum
645 2100 768 2140 judicant
775 2101 792 2130 J
796 2099 895 2137 udaeos,

156 2152 182 2174 et
193 2145 244 2184 ipsi
259 2144 373 2184 apostoli
382 2142 506 2183 judicare
520 2151 565 2171 eos
579 2140 716 2171 videntur.
733 2139 787 2170 Sed
798 2139 893 2169 viden-

156 2183 223 2213 dum
236 2191 285 2219 est,
297 2184 321 2212 si
331 2193 422 2212 omnes
435 2180 581 2212 Christiani
598 2186 625 2208 et
640 2179 822 2224 apostolorum
835 2186 896 2208 sunt

157 2223 232 2252 sedes
244 2229 271 2252 et
283 2222 396 2259 Christi,
410 2231 492 2260 quare
504 2222 596 2250 omnes
605 2219 751 2249 Christiani
765 2218 792 2247 in
807 2228 896 2258 perso-

157 2273 189 2291 na
204 2261 314 2300 quidem
326 2261 427 2290 Christi
461 2260 517 2289 uasi
534 2269 586 2288 una
600 2258 675 2287 sedes
687 2257 823 2287 dicuntur.
840 2258 895 2286 Nec

157 2302 229 2331 enini
237 2301 318 2336 dixit,
334 2301 404 2329 Cum
414 2270 512 2328 sederit
528 2298 615 2327 Filius
630 2297 748 2326 hominis
759 2307 840 2336 super
852 2292 910 2326 se-'

157 2341 204 2370 des
217 2351 297 2370 suas:
311 2338 368 2374 sed,
391 2339 483 2378 Super
500 2338 597 2366 sedem
618 2346 711 2365 suam.
732 2338 763 2366 In
783 2346 896 2375 persona

157 2388 246 2410 autem
259 2378 452 2424 apostolorum,
466 2376 607 2406 duodecim
623 2374 711 2404 throni
726 2386 782 2404 esse
798 2374 895 2404 dicun-

157 2427 201 2449 tur
212 2429 298 2449 omnis
312 2417 428 2458 populus
441 2415 620 2446 Christianus.
637 2414 710 2444 Vide
723 2415 746 2443 si
761 2413 839 2443 habet
852 2425 895 2443 ra-

157 2459 255 2488 tionem
267 2459 316 2487 ista
325 2457 434 2491 solutio,
445 2455 572 2494 quoniam
583 2463 673 2483 omnes
683 2453 796 2493 apostoli
809 2453 897 2482 omnia

156 2498 266 2536 quidem
291 2498 361 2526 bona
382 2496 544 2530 habuerunt,
567 2504 620 2523 non
644 2500 732 2523 autem
753 2492 842 2522 omnia
862 2492 898 2522 ad

158 2537 314 2576 perfectum,
330 2535 376 2565 sed
387 2534 571 2573 unusquisque
584 2543 677 2562 eorum
687 2533 715 2561 in
724 2532 815 2571 aliquo
826 2532 897 2562 bono

177 2576 262 2605 rivato
278 2586 320 2604 ina
342 2575 363 2604 is
379 2574 519 2614 perfectior
538 2572 588 2601 fuit
607 2582 687 2611 quam
707 2572 788 2601 alter:
802 2578 897 2612 utputa

157 2587 251 2645 lienus
263 2614 290 2644 in
301 2586 354 2643 fide
366 2613 507 2653 perfectior
519 2622 600 2651 quam
610 2611 707 2647 caeteri,
719 2612 834 2642 Joannes
844 2622 896 2640 au—

950 325 1024 368 solus
1049 332 1135 364 potest
1155 326 1305 356 discernere
1318 327 1453 365 Christus,
1472 328 1520 367 qui
1540 328 1693 358 animarum

950 363 1115 394 differentias
1137 366 1220 395 novit.
1237 366 1300 396 Ideo
1318 368 1412 396 Petrus
1425 368 1567 406 requiescit
1584 369 1613 398 in
1626 368 1691 407 fide,

950 403 968 433 J
969 413 1066 433 oannes
1077 405 1218 442 requiescit
1228 406 1255 434 in
1268 406 1433 436 innocentia:
1446 413 1473 436 et
1483 407 1694 448 uniuscujusque

951 443 1065 488 apostoli
1079 445 1166 473 virtus
1186 445 1233 474 illa
1245 452 1284 475 est
1300 446 1425 483 thronus,
1441 446 1468 475 in
1483 458 1535 486 qua
1553 448 1694 487 perfectior

951 489 1052 511 caeteris
1067 483 1129 512 fuit.
1149 484 1251 514 Christi
1271 492 1359 514 autem
1372 495 1463 514 omnes
1483 487 1597 516 virtutes
1617 487 1694 525 quasi

951 531 1005 550 una
1018 528 1057 551 est
1071 522 1156 559 sedes,
1169 525 1232 561 quia
1246 524 1273 553 in
1287 525 1360 553 omni
1379 524 1478 554 virtute
1492 526 1539 555 ille
1557 527 1695 566 aequaliter

951 560 1026 589 solus
1041 562 1172 600 perfectus
1187 570 1236 592 est.
1248 564 1317 593 Nam
1333 564 1461 602 quoniam
1474 564 1508 594 de
1519 566 1695 596 retributione

951 600 979 644 in
994 600 1045 629 hoc
1058 601 1159 631 mundo
1174 603 1304 642 apostolis
1317 602 1406 632 danda
1420 603 1540 642 loquitur
1558 605 1693 643 Christus,

951 639 1023 667 illud
1045 646 1084 668 est
1102 641 1284 671 testimonium
1301 643 1374 681 quod
1389 644 1519 681 sequitur,
1541 644 1592 673 hoc
1614 645 1695 674 inodo

951 677 1043 707 dicens
1055 690 1061 707 :
1077 681 1126 719 99.
1138 682 1179 709 Et
1192 683 1286 711 omnis
1297 684 1349 721 qui
1360 682 1508 721 reliquerit
1523 683 1577 712 hoc
1588 690 1616 712 et
1627 685 1693 720 hoe,

951 719 1118 757 centuplum
1129 722 1263 759 accipiet,
1273 728 1300 750 et
1310 723 1405 750 vitam
1418 728 1557 750 aeternam
1568 724 1695 761 posside-

952 758 1003 786 bit.
1016 757 1052 802 ld
1065 765 1114 794 est,
1131 760 1192 788 Non
1205 760 1294 789 solum
1305 771 1362 796 νος,
1376 760 1423 790 sed
1439 767 1464 790 et
1474 771 1574 797 omnes,
1586 762 1634 800 qui
1647 773 1692 791 se·-

951 803 1030 835 quuti
1041 797 1140 827 suerint
1150 810 1203 836 me,
1219 801 1288 829 sicut
1300 810 1356 829 vos.
1374 800 1404 830 Si
1419 811 1482 840 ergo
1496 811 1587 830 omnes
1599 801 1628 830 in
1640 801 1692 831 hoc

951 836 1049 865 saeculo
1063 838 1220 883 centuplum
1233 839 1375 879 accipient,
1389 840 1522 880 recipiunt
1534 840 1591 869 sine
1606 840 1691 870 dubio

951 882 977 904 et
990 877 1102 915 apostoli
1121 884 1202 907 etiam
1220 879 1249 907 in
1270 879 1322 908 hoc
1339 879 1448 916 saeculo,
1470 880 1570 918 quibus
1591 891 1692 910 merces

950 914 1040 944 sutura
1061 917 1278 956 promittebatur.
1301 919 1342 948 Ei
1360 920 1453 948 omnis
1473 921 1524 959 qui
1542 920 1691 959 reliquerit

951 954 1068 984 domum
1077 956 1128 985 vel
1129 958 1256 998 fratres,
1271 964 1322 987 etc.
1338 958 1472 995 Quoniam
1484 960 1562 988 Petro
1576 959 1692 989 interro-

951 1001 1029 1061 pante
1043 1006 1200 1063 extpersona
1213 997 1396 1037 apostolorum
1409 1005 1617 1037 caeterorumque
1629 999 1693 1028 fide-

952 1044 1019 1078 ‘ium
1040 1035 1076 1065 Ju
1097 1046 1208 1073 aeorum,
1229 1037 1305 1075 quasi
1326 1037 1411 1077 priori
1431 1038 1552 1067 omnium
1568 1038 1693 1068 Christus

951 1079 987 1102 ita
997 1074 1129 1112 promisit,
1142 1085 1194 1104 non
1204 1076 1254 1105 soli
1265 1078 1353 1112 Petro,
1362 1076 1409 1106 sed
1419 1077 1546 1117 apostolis
1555 1078 1691 1115 omnibus,

951 1121 984 1142 ne
997 1114 1065 1143 forte
1078 1115 1249 1153 postmodum
1264 1116 1378 1155 legentes
1389 1116 1510 1146 homines
1523 1117 1580 1146 haec
1591 1118 1693 1147 Christi

950 1154 1092 1191 promissa,
1111 1154 1240 1184 aestiinent
1253 1162 1355 1184 tantum
1373 1156 1501 1194 apostolis
1523 1157 1568 1186 vel
1590 1156 1693 1187 Judaeis

952 1194 1092 1231 promissa,
1121 1193 1224 1223 utiliter
1245 1194 1401 1235 superaddit
1411 1195 1576 1226 dicens:Et
1598 1199 1692 1226 omnis

951 1234 1004 1270 qui
1012 1233 1172 1300 reliquerit,
1190 1233 1218 1262 id
1231 1241 1281 1271 est,
1295 1234 1352 1265 sive
1365 1234 1488 1272 Judaeiis,
1502 1235 1559 1265 sive
1570 1237 1691 1276 gentilis.

952 1271 988 1300 Et
1006 1272 1034 1301 in
1051 1283 1066 1300 a
1079 1271 1112 1300 iis
1129 1272 1240 1311 quidem
1255 1274 1427 1314 evangelistis
1444 1275 1592 1305 secundum
1608 1276 1693 1306 alium

951 1311 1126 1351 exposuimus
1150 1312 1323 1342 intellectum.
1354 1313 1405 1343 Hic
1431 1321 1520 1344 autem
1546 1315 1693 1345 secundum

951 1350 1024 1388 quod
1034 1350 1227 1380 adolescentem
1238 1352 1316 1381 illum
1325 1354 1514 1393 proposuimus
1524 1354 1552 1383 in
1567 1355 1693 1395 mysterio

950 1390 968 1419 J
971 1389 1059 1419 uda'ici
1073 1390 1167 1430 populi
1180 1401 1247 1428 esse,
1263 1399 1289 1421 et
1301 1392 1391 1431 ipsum
1405 1394 1513 1422 Peirum
1525 1394 1692 1434 interrogan-

950 1435 1003 1474 tem
1017 1429 1044 1458 in
1059 1430 1185 1469 mysterio
1197 1430 1362 1461 credentium
1373 1433 1546 1476 populorum,
1562 1434 1694 1475 interpro-

951 1475 1015 1513 tatio
1029 1468 1111 1508 hujus
1125 1469 1177 1499 loci
1191 1471 1316 1500 convenit
1335 1471 1406 1507 talis,
1422 1479 1452 1501 ut
1467 1472 1500 1502 de
1513 1474 1637 1512 gentibus
1650 1485 1692 1504 re-

950 1507 1134 1551 linquentibus
1153 1510 1253 1545 omnia,
1274 1521 1333 1548 quae
1348 1511 1488 1550 gentilium
1511 1520 1583 1545 sunt.
1608 1521 1634 1543 et
1657 1514 1693 1543 ad

950 1546 1032 1591 iidem
1043 1547 1145 1576 Christi
1154 1549 1368 1587 confugientibus
1377 1551 1466 1580 omnia
1475 1550 1525 1580 ista
1538 1552 1690 1582 tradamus:

951 1585 980 1614 id
1003 1592 1053 1621 est,
1069 1592 1093 1614 et
1107 1587 1194 1615 omnis
1215 1597 1267 1616 non
1288 1588 1376 1618 solum
1398 1589 1521 1625 Judaens,
1544 1592 1592 1621 sod
1609 1587 1692 1621 ‘ctiam

952 1625 1068 1664 gentilis,
1083 1625 1130 1663 qui
1143 1626 1282 1664 reliquerit
1295 1634 1396 1666 patrem
1407 1639 1487 1658 suum
1501 1629 1650 1667 diabolum,
1666 1639 1692 1661 et

951 1670 1061 1692 mati-em
1071 1674 1146 1693 suain
1159 1665 1346 1704 ignorantiam,
1362 1678 1409 1707 per
1421 1679 1501 1706 quam
1512 1670 1617 1700 assidue
1630 1670 1691 1700 dja-

950 1703 1029 1732 bolus
1043 1713 1077 1732 cx
1090 1704 1189 1733 semine
1208 1705 1342 1735 interdicti
1361 1708 1458 1737 erroris
1477 1717 1583 1754 generat
1606 1710 1689 1748 filios,

951 1743 1114 1788 aut-fratres,
1132 1751 1178 1772 aut
1192 1754 1304 1782 sorore5‚
1317 1745 1442 1776 videlicet
1459 1749 1579 1787 ejusdem
1593 1750 1691 1780 erroris

951 1792 1037 1811 socios
1055 1783 1200 1821 sociasque.
1223 1786 1275 1813 Aut
1293 1784 1316 1813 si
1330 1785 1468 1824 reliquerit
1487 1788 1545 1825 ille,
1572 1789 1619 1828 qui
1638 1789 1692 1820 fuit

951 1821 1082 1856 sacerdos,
1095 1822 1275 1852 idololatriam
1293 1824 1378 1864 ipsam
1391 1826 1531 1866 conjugem
1544 1838 1628 1865 suain,
1643 1840 1691 1869 per

952 1871 1032 1905 qnam
1043 1861 1163 1899 quotidie
1177 1864 1318 1902 generabat
1337 1864 1408 1894 filios
1426 1872 1452 1895 et
1471 1867 1552 1903 filias,
1574 1875 1599 1898 et
1619 1869 1691 1909 ipsos

953 1907 1051 1945 pariter
1068 1911 1130 1930 cum
1143 1909 1226 1931 matre
1239 1913 1332 1932 eorum
1345 1904 1507 1944 relinquens.
1524 1909 1579 1936 Aut
1598 1908 1621 1937 si
1638 1908 1690 1938 ali-

953 1950 1029 1979 cujus
1056 1941 1226 1979 professionis
1252 1943 1378 1982 magister
1387 1967 1394 1980 ,
1426 1945 1580 1985 relinquens
1605 1948 1613 1976 i
1634 1959 1691 1978 sam

952 1980 1150 2024 proiessionem,
1163 1981 1239 2020 quasi
1252 1992 1346 2020 agrum
1367 1983 1543 2022 fructiferum,
1559 1997 1602 2016 cre
1622 1994 1650 2017 at
1663 1988 1691 2017 in

953 2019 1109 2063 Christumu:
1125 2027 1172 2049 aut
1185 2020 1340 2060 dignitatem
1359 2024 1528 2062 saecularem,
1547 2027 1623 2065 quasi
1641 2027 1691 2057 do-

951 2069 1024 2087 mum
1046 2065 1146 2098 optime
1164 2070 1192 2089 se
1210 2060 1414 2091 adumbrantem
1433 2063 1560 2103 despiciat
1580 2074 1691 2107 propter

951 2097 1043 2127 fidem.
1056 2098 1121 2143 ,δρᾶ
1142 2105 1168 2128 et
1191 2099 1337 2129 secundum
1358 2101 1527 2133 traditionem
1540 2105 1690 2151 simplicem

951 2144 1075 2168 convenit
1086 2138 1251 2168 intellectus:
1265 2146 1295 2169 ut
1306 2151 1367 2169 cum
1381 2141 1442 2180 quis
1453 2143 1614 2175 intellexerit
1623 2157 1690 2184 quo-

952 2187 1066 2215 cumque
1088 2177 1168 2207 modo
1190 2178 1292 2208 Filium
1312 2180 1363 2209 Dei
1386 2191 1441 2211 esse
1463 2182 1611 2221 Christum,
1636 2195 1689 2214 non

928 2238 930 2240 -
951 2223 1060 2257 propter
1079 2217 1188 2247 affectus
1200 2225 1340 2257 parentum
1353 2230 1474 2258 suorum,
1500 2230 1546 2252 aut
1564 2224 1688 2260 fratrum,

950 2263 996 2286 aut
1005 2255 1135 2293 filiorum,
1144 2264 1189 2286 aut
1197 2258 1389 2296 possessionum
1400 2261 1532 2299 relinquat
1541 2262 1688 2298 Christum,

951 2305 1060 2340 manens
1082 2295 1108 2340 iii
1149 2296 1243 2326 erfidia
1255 2308 1302 2326 sua
1318 2299 1413 2337 priori,
1427 2300 1473 2329 sed
1488 2308 1595 2340 propter
1609 2302 1689 2330 fidem

951 2335 1053 2365 Christi
1071 2334 1133 2375 disp
1146 2336 1230 2365 iceant
1249 2338 1337 2366 omnia
1349 2338 1407 2372 illa,
1426 2346 1451 2367 et
1470 2347 1595 2377 sequatur
1606 2341 1689 2369 Chri-

952 2381 1034 2410 stum,
1049 2375 1202 2415 centuplum
1216 2376 1336 2415 accipiet.
1351 2376 1404 2406 Sed
1418 2377 1468 2406 hoc
1482 2378 1630 2415 videamus,
1641 2381 1689 2417 qui

951 2413 1091 2452 reliquerit
1107 2415 1207 2450 omnia,
1223 2416 1377 2454 centuplum
1393 2416 1420 2444 in
1436 2417 1485 2445 lioc
1503 2418 1600 2447 saeculo
1622 2429 1688 2457 quo-

951 2453 1032 2483 modo
1043 2453 1161 2493 recipere
1171 2454 1276 2493 potest?
1288 2455 1350 2483 Haec
1362 2461 1450 2483 autem
1465 2455 1608 2486 difficultas
1626 2468 1689 2487 con-

951 2493 1041 2532 tingit,
1060 2494 1123 2531 quia
1145 2493 1172 2521 in
1191 2493 1242 2521 hoc
1259 2493 1356 2521 saeculo
1371 2502 1522 2533 recepturos
1538 2495 1603 2525 dicit
1622 2497 1690 2527 alter

952 2531 1128 2571 evangelista;
1143 2532 1262 2569 alioquin
1284 2532 1311 2559 in
1333 2531 1380 2560 illo
1394 2533 1490 2562 saeculo
1502 2544 1551 2563 uon
1564 2542 1603 2564 est
1616 2535 1688 2566 diffi-

953 2571 1017 2601 cile.
1038 2572 1110 2615 Ergo
1134 2570 1280 2599 secundum
1299 2580 1387 2599 sanam
1410 2571 1557 2602 doctrinam
1579 2575 1615 2604 ita
1641 2586 1688 2606 nos

952 2611 1076 2642 convenit
1095 2609 1242 2648 intelligere
1253 2608 1326 2647 quod
1338 2609 1414 2649 dicit,
1433 2612 1602 2651 Cenciiplum
1616 2617 1689 2645 accii
1699 2612 1772 2633 Marr-
1792 2619 1827 2635 ¹0-
