1890 2826
563 152 596 175 nx*
624 152 740 184 innuo,
760 153 794 175 1N
821 153 888 183 QUA
914 154 1129 188 romsrnn,
1154 158 1230 180 ure.
1601 146 1663 181 ¹501

108 208 154 245 οἶν
171 215 278 255 μείζονα
290 216 305 244 ὁ
317 214 400 254 λέγων
411 225 418 232 ·
432 216 443 230 ⁸
453 214 520 244 Κατ’
545 214 660 252 ἐμαυτοῦ
672 212 760 251 ὀμνύω
768 236 776 250 ,
790 214 814 242 εἷ
826 213 878 252 μὴν
929 216 1047 254 quidem
1055 218 1218 256 egredietur
1230 219 1266 248 de
1281 230 1330 249 ore
1343 231 1407 249 meo
1419 222 1548 260 justitia,
1563 230 1671 250 sermo-

108 261 270 295 ἐξελεύσεται
283 261 314 290 ἐκ
335 263 381 290 τοῦ
402 259 532 298 στόματός
546 271 596 299 μου
612 258 763 295 δικαιοσύνη
775 281 783 295 ,
798 260 822 289 οξ
835 259 880 288 λό-
896 257 914 280 C
930 271 981 290 nes
994 263 1051 291 mei
1061 273 1121 292 non
1144 272 1322 296 avertentur.
1339 267 1375 297 Et
1392 267 1458 306 quid
1478 267 1576 308 juras?
1593 268 1670 307 Quia
1681 275 1740 297 tsmt
1748 274 1788 303 45.

107 318 150 346 γοι
164 319 213 346 μου
229 308 276 336 οὐκ
294 305 553 347 ἀποστραφήσονται.
569 305 623 335 Καὶ
640 305 668 334 τί
680 304 800 344 ὀμνύεις;
813 304 881 335 ‘'O-n

107 353 166 391 ἐμοὶ
178 353 279 394 κάμψει
287 357 340 382 πᾶν
352 352 424 392 γόνυ,
433 352 480 382 καὶ
490 356 565 382 πᾶσα
577 353 686 392 γλῶσσα
697 350 882 391 ἐξομολογήσε-

106 411 152 428 ται
164 399 209 428 τὸν
223 399 292 429 Θεὸν
304 399 349 428 τὸν
364 397 497 434 ἀληθινόν.
510 398 561 432 Τίς
573 400 588 427 ὁ
598 400 683 427 ταῦτα
697 397 792 437 λέγων,
809 399 881 438 αἱρε-

107 444 180 480 vm&
193 447 207 474 ὁ
220 444 317 485 Πατὴρ
336 443 354 479 ἢ
373 446 388 474 ὃ
408 443 486 481 Υἱός
499 445 570 484 Παρ’
590 444 650 483 ἐμοὶ
673 445 711 484 τῷ
724 444 881 484 πιστῷ,καὶ

107 490 187 520 παντὶ
196 491 308 526 εὗσεὸεἷ,
322 492 368 519 τοῦ
381 489 488 530 Πατρὸς
499 491 517 525 ἡ
531 489 608 525 ἀξία,
622 490 668 519 καὶ
682 490 748 519 riou
759 491 776 525 ἡ
788 490 880 519 αὐθεν-

107 537 160 566 τία.
172 536 276 566 Ἐκεῖνο
286 536 338 577 γὰρ
349 537 396 576 ἔχε
405 535 666 576 παρατετηρημένον,
677 536 719 565 ὅτι
731 535 818 565 πολλὰ
828 537 880 565 τῶν

107 582 255 622 λεγομένων
273 582 338 621 παρ’
360 585 427 621 ἡμῖν
452 583 632 622 ἀγωνιστικῶς
654 581 828 622 κηρύττεται,
850 582 880 611 οὐ

108 629 282 668 δογματικῶς.
297 629 377 668 Ἐμοὶ
399 629 510 665 ἕστηκεν
525 628 672 669 ἐρῤωμένον
685 628 716 658 τὸ
730 628 816 668 δόγμα
834 630 882 664 τῆς

107 675 256 711 εὖσεὲείας,
266 674 312 704 καὶ
324 674 404 704 παντὶ
422 676 527 715 πιστῷ,
538 674 580 704 ὅτι
591 674 655 704 ὅπου
671 673 748 713 μόνος
761 673 882 713 διαλέγε-

107 732 151 750 ται
159 721 270 761 Ilm-hp,
279 720 516 761 συμπαρείληπται
529 720 575 750 καὶ
589 722 603 750 ὁ
616 720 679 753 Υἱὸς
692 719 778 749 καὶτὸ
791 721 879 749 Πνεῦ-

108 778 147 804 μα
158 766 190 796 τὸ
203 766 285 806 ἅγιον.
298 766 390 797 Ὅπου
411 766 475 800 Υἱὸς
489 765 654 806 διαλέγεται,
667 765 775 805 Πατρὸς
789 767 881 795 αὐθεν-

931 308 1003 336 mihi
1012 310 1182 339 curvabitur
1201 321 1286 340 omne
1305 323 1392 353 genu,
1405 320 1434 342 et
1455 316 1549 342 omnis
1568 314 1671 354 lingua
1681 307 1719 334 ²4·

930 353 1115 394 confitebitur
1125 356 1221 386 Deum
1241 368 1355 387 verum.
1370 358 1440 395 Quis
1452 359 1510 388 haec
1525 359 1602 397 dicit,
1618 360 1671 389 hae-

930 399 1033 429 retice?
1045 401 1123 430 Pater
1136 411 1171 430 an
1187 402 1297 432 Filius?
1312 404 1394 444 Apud
1415 415 1458 434 me
1471 404 1590 442 fidelem,
1603 416 1673 435 cun-

930 452 1039 484 ctosque
1048 447 1117 486 pios,
1123 448 1210 477 Patris
1219 456 1258 478 est
1267 449 1394 490 dignitas,
1403 457 1429 480 et
1437 450 1502 481 Filii
1516 451 1670 482 auctoritas.

930 492 988 521 Hoc
1001 492 1073 521 enim
1084 493 1208 523 observes
1231 495 1325 533 velim,
1341 496 1426 526 multa
1444 507 1538 527 eorum
1555 508 1616 537 quae
1630 497 1673 527 di-

930 537 1028 573 cimus,
1047 539 1235 578 pugnantium,
1250 551 1302 570 non
1314 541 1467 572 docentium
1489 554 1563 573 more
1576 544 1672 584 praedi-

931 584 998 614 cari.
1011 585 1083 614 Mihi
1097 585 1208 615 firmum
1219 593 1270 616 stat
1282 586 1380 626 dogma
1392 588 1511 628 pietatis,
1527 597 1552 619 ct
1563 590 1676 620 cuilibet

932 629 1017 668 fideli,
1031 641 1127 671 nempe
1144 632 1193 661 ubi
1213 632 1288 662 solus
1309 632 1432 671 loquitur
1443 636 1532 672 Pater,
1548 635 1587 665 ihi
1601 647 1673 666 com-

931 676 1062 716 prehendi
1075 677 1157 707 etiam
1166 677 1272 708 Filium
1284 685 1311 708 et
1324 679 1456 719 Spiritum
1472 688 1604 711 sanctum.
1614 682 1675 712 Ubi

932 723 1021 752 Filius
1042 723 1175 762 loquitur,
1190 723 1230 753 ibi
1254 724 1341 754 Patris
1355 724 1429 755 adest
1454 727 1596 758 auctoritas
1607 740 1614 764 ;
1627 729 1675 758 ubi

928 770 1006 799 Pater
1017 770 1200 800 auctoritatem
1213 777 1328 805 exercet,
1344 771 1383 801 ibi
1397 771 1463 801 Filii
1481 779 1520 802 est
1539 780 1652 813 potestas
1663 787 1672 812 ;

107 811 152 840 τία
162 823 169 830 ·
183 811 248 842 ὅπου
269 812 365 853 Πατὴρ
386 813 520 848 αὖθεντεῖ,
542 812 608 841 riou
626 811 731 846 ἐξουσία
740 823 747 830 ·
769 811 835 841 ὅπου
849 811 880 841 τὸ
896 815 915 838 D
930 815 977 845 ubi
990 815 1109 856 Spiritus
1119 823 1226 846 sanctus
1237 823 1374 857 operatur,
1385 817 1473 847 Patris
1492 819 1611 859 operatio
1623 827 1673 850 est.

108 859 219 897 Πνεῦμα
231 858 263 888 τὸ
274 858 347 899 ἅγιον
360 860 474 898 ἐνεργεῖ,
485 860 531 887 τοῦ
543 858 650 898 Πατρὸς
663 860 680 894 ἡ
696 857 823 897 ἐνέργεια.
838 859 879 888 Οὔ
929 863 990 892 Νοη
1005 862 1137 892 scinditur
1158 869 1255 893 sanctae
1267 863 1409 894 Trinitatis
1423 865 1520 904 gloria,
1539 867 1603 905 quia
1621 877 1675 897 non

105 902 229 942 τέμνεται
251 903 323 940 1’τῆς
349 903 424 944 ἁγίας
447 904 562 944 Τριάδος
585 906 603 939 ἡ
630 903 710 938 δόξα,
734 902 826 938 ἐπειδὴ
850 904 879 932 οὗ
928 907 1062 938 scinditur
1074 908 1202 939 doctrinae
1221 909 1330 938 veritas.
1355 911 1396 939 Ne
1418 910 1568 941 confitearis
1590 922 1675 943 unum

105 949 227 988 τέμνεται
240 950 271 980 τὸ
287 949 372 990 δόγμα
391 952 439 986 τῆς
456 950 591 986 ἀληθείας.
607 949 655 986 Μὴ
671 949 794 988 ὁμολόγει
816 948 880 987 μίαν
929 964 1050 993 regnum,

106 995 253 1034 βασιλείαν.

144 1041 255 1079 Ἐπειδὴ
269 1041 313 1071 τὸν
325 1042 417 1082 ἐχθρὸν
430 1042 571 1081 γυμνάζω,
584 1041 668 1071 ταῦτά
689 1054 734 1080 μοι
753 1041 875 1081 εἴρηται,

102 1086 147 1116 ἵνα
162 1087 231 1126 μηδέ
247 1099 316 1121 τινες
336 1090 389 1116 τῶν
410 1087 562 1117 διαὸάλλειν
585 1088 729 1128 φιλούντων
752 1087 877 1117 εἴπωσιν·

962 1040 992 1069 6.
1009 1040 1073 1070 Haec
1090 1051 1104 1069 a
1118 1051 1161 1070 me
1173 1040 1246 1071 dicta
1265 1049 1338 1079 sunt,
1352 1042 1416 1081 quia
1433 1042 1537 1073 hostem
1550 1053 1673 1080 exerceo,

927 1095 961 1113 ne
983 1086 1051 1115 sorte
1068 1085 1179 1125 quidam
1197 1088 1369 1128 sycophantae
1391 1087 1481 1118 dicant
1497 1102 1504 1118 ι
1520 1090 1594 1121 Vide
1607 1101 1675 1130 quo-

103 1131 152 1172 ὅρα
165 1130 222 1166 ‘trinis
236 1128 322 1168 εἶπεν,
335 1132 376 1162 ὅτι
389 1132 477 1162 πάντα
488 1135 535 1162 τοῦ
550 1134 616 1163 Υἱοῦ
631 1135 697 1170 ἐστι,
712 1132 757 1163 καὶ
773 1132 807 1162 Ὁ
824 1131 878 1165 υἱὸς
926 1131 1007 1160 modo
1015 1131 1128 1169 dixerit,
1137 1132 1227 1162 omnia
1240 1143 1297 1163 esse
1306 1133 1382 1171 Filii,
1392 1141 1418 1164 et
1429 1134 1531 1164 Filium
1545 1135 1632 1174 loqui,
1648 1143 1675 1166 et

105 1178 260 1217 φθέγγεται,
273 1178 318 1208 καὶ
338 1178 472 1212 ἀπέδειξεν
485 1178 533 1217 μὲν
553 1178 694 1218 ἀλλοτρίαν
708 1178 757 1214 τὴν
771 1189 877 1218 προφη-
884 1177 1041 1220 mostendit
1056 1178 1167 1217 quidem
1182 1179 1296 1208 alienam
1307 1190 1363 1210 esse
1381 1181 1551 1221 prophetiam
1570 1182 1668 1219 Patris,

104 1223 176 1254 τείαν
189 1227 235 1253 τοῦ
249 1224 373 1264 Πατρὸς,
396 1224 464 1254 ἰδίαν
484 1224 512 1253 δὲ
531 1227 577 1254 τοῦ
596 1225 674 1254 Υῐοῦ.
690 1223 811 1260 ‘'Eo-mxi
832 1235 876 1263 μοι
891 1229 911 1251 Α
925 1223 1063 1263 propriam
1085 1234 1150 1254 vero
1166 1224 1244 1254 Filii.
1268 1225 1327 1255 Stat
1349 1225 1418 1255 mihi
1435 1226 1590 1257 inconcussa
1605 1228 1672 1257 Filii

105 1269 248 1304 ἀσάλευτος
261 1273 275 1300 ὁ
294 1270 352 1310 ὅρος
363 1273 411 1306 τῆς
429 1270 552 1303 πίστεως.
565 1269 647 1310 Ἀγών
660 1270 761 1300 ἔστιτὸ
772 1282 876 1310 γυμνα-
923 1276 1003 1299 meta.
1020 1270 1160 1300 Certamen
1173 1277 1212 1300 est
1231 1271 1289 1301 haec
1306 1272 1471 1303 exercitatio.
1495 1273 1547 1303 Hic
1564 1274 1674 1304 ostendo

104 1315 220 1354 ζόμενον.
231 1315 360 1355 Δείκνυμι
373 1317 484 1346 ἐνταῦθα
494 1316 538 1346 τὸν
551 1316 615 1346 Υἱὸν
631 1315 816 1356 φθεγγόμενον,
829 1315 875 1345 καὶ
923 1315 1026 1345 Filium
1044 1316 1209 1355 loquentem,
1230 1324 1256 1346 et
1266 1327 1329 1346 cum
1343 1317 1394 1348 tibi
1416 1329 1583 1359 persuasero,
1599 1320 1669 1350 mihi

104 1361 168 1391 ὅταν
177 1373 206 1391 σε
215 1362 310 1399 πείσω,
318 1362 378 1392 τότε
387 1361 500 1401 ἐμαυτὸν
511 1361 605 1399 πείθω,
616 1361 726 1402 Πατέρα
734 1362 874 1397 λαλοῦντα,
922 1361 1003 1391 etiam
1021 1372 1194 1402 persuasero,
1213 1364 1320 1394 Patrem
1341 1363 1429 1403 loqui,
1449 1365 1552 1395 Filium
1574 1366 1672 1406 praedi-

135 1459 147 1471 ⁸
164 1455 221 1479 Κατ’
231 1456 330 1486 tumeo
341 1455 425 1486 ὀμνὺω.
438 1453 494 1478 Hoc
507 1458 584 1486 pacto
595 1453 703 1477 citatum
715 1452 825 1477 invenies
837 1452 864 1476 in

102 1491 227 1524 Operibus
237 1490 376 1525 Athanasii,
384 1491 490 1525 Dialogo
500 1493 515 1517 3
522 1490 554 1517 de
562 1492 697 1524 'rx-initam,
703 1490 737 1516 T.
743 1492 768 1521 2,
774 1491 862 1525 ρ.215;

102 1539 145 1555 seu
156 1530 259 1556 Maximi
268 1530 301 1556 T.
310 1531 335 1563 2,
346 1540 374 1564 p.
388 1532 437 1557 439
449 1540 454 1555 :
468 1534 520 1558 κατ’
529 1534 629 1564 ἐμαυτοῦ
643 1533 730 1563 ὀμνύω,
744 1534 759 1560 ἣ
771 1529 819 1563 (vel
827 1532 845 1560 ἦ
853 1530 862 1561 )

102 1573 149 1601 μὴν
157 1571 296 1600 testerbant-az
306 1573 331 1595 b.
342 1574 382 1596 τοῦ
396 1575 508 1603 στόματός
515 1580 561 1603 μου
573 1572 706 1599 δικαιοσύνῃ’
714 1573 734 1596 οἱ
746 1572 806 1602 λόγοι
817 1580 862 1603 μου

103 1611 141 1634 οὐκ
150 1613 361 1644 ἀπογραφήσονται,
373 1613 408 1636 ὅτι
420 1612 471 1642 ἐμοὶ
482 1613 566 1643 κάμψει
578 1615 622 1636 πᾶν
633 1614 694 1641 γόνυ.
709 1608 816 1634 Coteler.

137 1647 150 1666 b
167 1653 212 1676 τῆς
226 1651 291 1680 ἁγίας
307 1649 410 1681 Τριάδος.
422 1647 481 1673 Non
498 1648 534 1673 ita
553 1646 651 1680 pridem
672 1646 741 1673 edita
759 1647 861 1673 suerunt

103 1694 163 1711 eura
176 1691 202 1711 et
209 1685 293 1711 studio
301 1685 422 1719 Stephani
435 1686 530 1712 nat-nu
537 1707 544 1719 ‚
557 1686 666 1712 hominis
675 1686 710 1712 ad
721 1686 861 1712 editionum

102 1724 202 1750 labores
220 1724 344 1755 nazi,1ih.
361 1726 377 1749 4
396 1725 625 1756 miscellaneorum,
642 1725 695 1751 duo
712 1724 863 1751 Theodoriti

102 1764 241 1797 fragmenta
251 1763 284 1789 ad
296 1763 448 1789 Trinitatem
459 1763 618 1797 pertinentia.
631 1764 669 1798 En
680 1765 754 1798 gestit
765 1763 863 1789 animus

102 1801 195 1828 cursim
213 1802 254 1827 hic
272 1801 375 1827 meliora
393 1802 484 1828 facere.
495 1802 569 1828 Unde
590 1804 748 1837 conjecturas
765 1802 862 1828 solum-

102 1840 180 1866 modo
189 1849 340 1874 proponam,
353 1840 517 1867 conferendas
525 1850 585 1867 vero
595 1848 621 1868 et.
632 1841 812 1867 examinandas
822 1841 863 1866 di—

101 1880 235 1914 ligentibus
250 1879 400 1913 relinquam.
420 1881 488 1914 Lego
507 1880 583 1915 igitur
602 1882 675 1907 initio
697 1882 788 1914 prioris
808 1881 861 1905 fra—

101 1920 212 1953 gmenti:
222 1919 300 1945 Salus
311 1925 395 1944 autem
404 1925 443 1944 est
450 1921 557 1945 scientia
568 1921 727 1952 exsistentis‚·
737 1921 858 1944 exsisten-

100 1959 133 1983 tis
146 1966 206 1982 vem
221 1959 344 1989 scientia,
357 1964 393 1983 est
411 1958 463 1983 Dei
466 1968 477 1990 ,·
489 1958 561 1984 Deus
579 1965 662 1984 autem
678 1965 715 1984 est
735 1958 856 1983 Trinitas.

101 1995 156 2022 Sub
166 1995 265 2021 init-ium
276 2002 361 2022 autem
370 1996 527 2029 posterioris:
541 1997 579 2023 Ut
591 2003 674 2022 autem
685 1997 753 2029 clare
764 1997 859 2022 intelli-

101 2041 190 2071 gatur,
201 2035 316 2070 exemplo
327 2036 438 2070 quodam
447 2037 516 2061 tenui
527 2036 576 2071 (vel
589 2037 661 2071 tene)
673 2037 747 2062 istius
758 2036 859 2070 patefit-

102 2076 198 2100 ciamus
210 2083 317 2100 sensum.
331 2075 363 2100 A
365 2077 385 2100 it
395 2077 461 2100 enim
476 2076 623 2102 Trinitatem
629 2085 792 2111 personarum
801 2076 859 2100 sub-

101 2114 240 2138 sistentium
257 2122 316 2139 esse.
336 2114 438 2140 Nomen
456 2114 549 2139 Petrus
557 2135 564 2146 ‚
585 2116 611 2140 in
634 2115 782 2148 baptismate
800 2123 860 2138 vero

102 2152 233 2183 Andreas,
239 2159 262 2178 et
277 2154 304 2177 in
315 2153 408 2178 militia
422 2153 540 2179 Thomas.
550 2155 584 2179 Et
594 2154 696 2187 p.s‚lin
707 2156 730 2185 t,
742 2155 767 2179 in
779 2162 859 2186 marg.

101 2191 204 2217 Denter.
214 2194 238 2225 6,
251 2194 276 2217 4.
288 2192 349 2217 Post
357 2200 402 2224 per
418 2192 520 2218 titulum
528 2213 534 2223 ,
543 2193 675 2218 Aduersus
691 2193 797 2217 Arrium
813 2193 861 2216 im-

99 2232 170 2264 pium
179 2251 185 2262 ,
196 2237 273 2264 atque
286 2239 300 2255 n
316 2230 383 2256 linea
397 2240 403 2255 ε
414 2231 468 2258 Sed
480 2233 647 2256 neeessariam
659 2232 760 2265 quidem
774 2236 810 2255 est
818 2250 826 2260 ,
838 2232 864 2254 ul

102 2275 151 2295 tres
161 2271 335 2295 subsistentias
351 2270 508 2304 confitendo,
520 2271 616 2296 malam
628 2276 721 2295 sectam
732 2269 809 2294 Arrii
811 2269 862 2302 fu-

100 2309 207 2341 giamus.
220 2308 380 2334 Come-ariam
391 2310 456 2334 enim
467 2308 578 2335 Sabellio
592 2309 742 2343 judai'zanli
755 2316 861 2341 pergens

100 2347 186 2380 viam,
203 2353 229 2372 et
229 2347 339 2381 fugiens
358 2346 544 2377 monarchiam,
558 2349 585 2371 in
602 2348 734 2372 multorum
754 2346 863 2371 Deorum

98 2387 254 2420 paganicam
268 2387 344 2410 inmit
353 2387 496 2421 opinionem
509 2385 685 2410 subsistentias
695 2390 791 2409 sanctoe
804 2384 832 2409 T
827 2387 863 2409 ri-

101 2426 187 2450 nitatis
206 2426 233 2449 in
250 2433 326 2449 unam
337 2424 456 2454 deitatis,
466 2424 633 2448 substantiam
652 2433 702 2448 non
721 2424 862 2456 intendens,

103 2463 149 2487 secl
164 2469 266 2487 naturas
283 2468 308 2487 et
322 2462 477 2487 substantias
489 2467 623 2486 extraneas
640 2461 767 2496 subjectas
787 2462 863 2488 alter-

105 2501 259 2531 magonam
267 2510 385 2535 magnum
393 2500 516 2534 definiens
527 2507 550 2525 et
555 2510 666 2534 parvum
683 2507 706 2526 ct
720 2503 864 2534 minimum,-

106 2546 132 2565 et
146 2539 226 2572 infra,
238 2540 376 2572 allegavit;
389 2548 413 2571 p.
434 2547 493 2564 vero
512 2540 534 2563 5:
554 2539 604 2563 Ait
623 2541 688 2564 enim
705 2540 865 2574 cantiloquus

266 2582 339 2600 τοΜ.
362 2583 405 2600 Vt.

912 1450 964 1485 (ΡΒ.
978 1452 1019 1482 38,
1030 1451 1067 1485 7,)
1076 1471 1083 1483 ,
1095 1453 1179 1477 Etiam
1191 1453 1217 1478 in
1229 1454 1337 1486 imagine
1348 1453 1463 1479 ambulat
1478 1453 1568 1487 homo,
1582 1464 1633 1480 non
1649 1462 1676 1480 ut

912 1491 1035 1515 consistat
1045 1499 1123 1524 usque
1137 1492 1165 1516 in
1175 1491 1230 1522 hoc,
1241 1492 1286 1516 sed
1289 1491 1421 1526 jaculetur
1430 1499 1510 1518 mente
1521 1503 1538 1518 a
1546 1494 1675 1519 sensibili-

911 1529 957 1554 bus
967 1529 1004 1554 ad
1014 1529 1195 1563 intelligibilia.
1209 1531 1237 1555 P.
1247 1532 1280 1555 6:
1295 1530 1501 1556 christianismus
1515 1538 1599 1557 autem
1613 1541 1672 1558 vere

911 1573 948 1593 est
957 1569 1064 1593 scientia
1083 1568 1260 1594 inenarrabilis
1271 1575 1367 1594 sanctoe
1383 1570 1518 1595 Trinitatis
1529 1581 1537 1595 .·
1548 1580 1591 1602 per
1606 1571 1673 1596 hanc

910 1613 1025 1632 sanctam
1034 1608 1164 1631 scientiam
1176 1607 1209 1631 ab
1222 1608 1369 1641 ignorantia
1384 1608 1506 1633 liberatur
1518 1609 1600 1640 homo,
1613 1617 1674 1643 gra·

909 1648 944 1671 tia
948 1646 1027 1680 filius
1034 1645 1085 1670 Dei
1094 1651 1214 1670 vocatur:
1222 1651 1248 1670 et
1258 1646 1344 1671 multis
1353 1647 1500 1680 interjectis,
1506 1647 1539 1673 de
1551 1648 1667 1674 homine:

909 1685 973 1711 Non
989 1684 1088 1709 alienus
1099 1690 1183 1709 autem
1195 1694 1212 1709 a
1227 1685 1277 1709 Dei
1288 1687 1431 1719 cognitione
1447 1692 1491 1718 est,
1505 1687 1563 1712 licet
1578 1696 1611 1712 ex
1621 1696 1673 1713 non

911 1724 1100 1754 exsistentibus,
1121 1724 1234 1749 donante
1255 1722 1384 1749 Creatore.
1402 1725 1551 1750 Intellectus
1574 1732 1671 1757 autem,

912 1769 935 1788 et
955 1765 1001 1788 iste
1012 1763 1147 1788 secundum
1160 1763 1297 1788 interiorem
1309 1763 1431 1789 hominem
1448 1773 1499 1789 non
1515 1771 1587 1790 extra
1598 1766 1674 1791 ratio-

911 1811 967 1827 nem
986 1801 1118 1835 agentibus
1133 1811 1142 1826 .-
1160 1810 1270 1835 namque
1283 1808 1320 1827 est
1337 1803 1477 1828 intellectus
1491 1805 1605 1829 rationis.
1624 1803 1676 1830 Sed

911 1850 992 1875 neque
1003 1846 1076 1865 extra
1089 1840 1212 1874 Spiritum
1222 1850 1230 1865 :
1244 1847 1282 1866 est
1290 1844 1356 1867 enim
1366 1842 1508 1867 intellectus
1520 1844 1672 1877 intelligens,

911 1886 935 1904 et
944 1881 1010 1904 ratio
1020 1881 1207 1912 ratioeinatrix,
1216 1885 1240 1905 et
1252 1880 1362 1915 Spiritus
1369 1881 1459 1915 palam
1457 1882 1574 1915 faciens,
1580 1889 1604 1907 et
1613 1892 1673 1908 con-

911 1920 1002 1953 templa
1006 1925 1044 1944 tor
1047 1929 1058 1951 ‚-
1064 1925 1089 1944 et
1100 1928 1174 1943 unum
1181 1920 1332 1951 substantia,
1339 1922 1387 1946 tria
1393 1921 1593 1955 proprIetathus.
1598 1923 1673 1947 Mens

908 1960 974 1982 enim
985 1966 1028 1982 seu
1040 1958 1192 1991 intellectus,
1202 1958 1283 1984 Pater
1288 1959 1377 1991 Verbi,
1391 1959 1468 1985 habet
1480 1962 1547 1985 enim
1558 1960 1672 1986 Verbum

907 2003 957 2023 etc.
968 1995 1032 2022 Vide
1043 1995 1226 2022 Theodoritum
1237 1998 1331 2029 Quaest.
1343 1999 1375 2024 20
1388 1999 1413 2023 in
1423 1999 1549 2024 Genesim.
1564 2000 1597 2024 At
1606 2009 1633 2032 p.
1641 2002 1670 2026 7:

910 2035 980 2070 QuIa
990 2043 1049 2059 vere
1062 2035 1141 2060 Pater
1156 2042 1194 2060 est
1206 2035 1326 2062 Verbum.
1338 2037 1381 2062 Ibi
1391 2039 1458 2062 enim
1470 2046 1529 2062 vere
1540 2044 1577 2063 est
1591 2040 1673 2063 unitas

910 2075 1051 2105 Trinitatis,
1057 2080 1081 2099 et
1094 2074 1207 2100 Trinitas
1222 2084 1280 2101 vere
1289 2082 1326 2101 est
1340 2077 1594 2111 unitatir.Pmpterea
1605 2079 1671 2102 enim

908 2113 988 2138 Pater
1000 2112 1082 2137 Pater
1098 2114 1219 2138 exsistens
1225 2115 1394 2146 subsistentia,
1404 2121 1464 2148 etc„
1477 2121 1502 2140 et
1514 2122 1572 2148 post
1583 2116 1672 2148 malm,

908 2151 1098 2176 scientissimum
1118 2153 1229 2177 scientiae
1243 2153 1441 2186 profunditatem
1446 2163 1457 2186 ,·
1474 2163 1499 2186 p.
1514 2153 1622 2188 denique
1633 2155 1674 2179 ul-

910 2191 981 2223 tima,
993 2190 1137 2216 Secundum
1147 2191 1212 2225 quid
1220 2201 1297 2217 unum
1308 2194 1366 2223 tria,
1378 2198 1402 2217 et
1410 2193 1546 2218 secundum
1555 2194 1619 2227 quid
1627 2196 1674 2218 tria

895 2262 897 2265 ⁴
913 2237 1004 2261 unum;
1015 2229 1151 2254 secundum
1163 2230 1233 2263 quod
1248 2231 1435 2256 immutabiliter
1451 2231 1526 2256 habet
1538 2232 1574 2256 ad
1583 2237 1673 2256 semet-

910 2268 992 2301 ipsam
1000 2267 1112 2293 Trinitas
1120 2277 1171 2293 una
1179 2274 1272 2293 natura
1282 2271 1416 2299 exsistens,
1423 2275 1525 2303 propter
1531 2269 1577 2294 hoc
1586 2279 1673 2301 unum;

913 2306 1026 2331 Trinitas
1042 2315 1117 2341 porro
1134 2308 1271 2332 secundum
1290 2309 1361 2342 quod
1376 2318 1425 2333 non
1438 2317 1489 2332 una
1498 2308 1675 2341 persona,sed

912 2352 969 2370 ires.
985 2345 1098 2371 Trinitas
1109 2354 1168 2371 vere
1183 2352 1219 2371 est
1230 2348 1329 2379 unitas,
1343 2353 1392 2372 etc.
1407 2347 1536 2372 Invenitur
1548 2353 1593 2371 etc.
1610 2347 1671 2379 Sap.

913 2385 1047 2418 l‚2.Atque
1053 2385 1156 2411 brevem
1169 2384 1235 2411 hauc
1244 2384 1421 2418 digressionem
1430 2386 1510 2409 amori
1522 2394 1579 2417 erga
1591 2385 1675 2410 Theo-

913 2423 1025 2449 don-itum
1041 2433 1098 2449 mco
1121 2424 1220 2457 postulo
1239 2424 1396 2456 condonari3
1411 2424 1479 2456 cujus
1497 2431 1555 2456 ergo
1574 2423 1673 2456 culpam

913 2463 1044 2496 deprecari
1057 2463 1139 2496 malo,
1151 2465 1172 2489 si
1188 2463 1262 2496 culpa
1273 2469 1324 2495 est,
1337 2471 1412 2496 quam
1425 2462 1499 2494 culpa
1514 2471 1610 2488 vacare.
1625 2463 1674 2487 Co-

915 2503 985 2528 teler.

1493 2571 1530 2600 33
