1904 2840
666 228 710 251 DF
735 229 851 252 'nunus
875 229 990 252 Pumus
1017 230 1142 255 SERMO.

115 288 160 318 καὶ
168 289 202 328 τῇ
215 289 268 318 τῶν
278 289 342 318 θεῶν
356 287 501 328 προσηγορί
532 287 704 327 τετιμήκασιν
721 289 862 329 Αἰγύπτιοι
871 301 877 308 ·

114 327 160 358 καὶ
179 331 301 358 τοσοῦτον
327 327 434 378 ἴσχυσεν
452 330 508 377 ἡὶπ
515 327 656 397 ὰτιίνη,’λει“ἷί.·ι
669 328 726 379 ’καὶ
751 329 878 398 α’πὸρτιῖἷ

111 380 217 447 lam.
230 366 514 447 ἵζ”ᾗῗέτῖἷῗῖςῗῗὲἷ
524 379 803 448 ,ἶαῗοιιρῗεῖῗῶἷαῖἶῖ
821 381 878 438 KZ

112 459 165 476 κων
179 446 226 476 καὶ
239 446 368 476 Λεόντων.
384 445 463 477 Ἀλλὰ
475 446 544 485 μετὰ
555 450 641 477 ταῦτα
658 447 746 478 πάντα
758 447 831 488 παρά
849 460 878 478 ε-

110 498 155 516 ται
175 486 266 516 λοιπὸν
285 487 313 517 τὸ
327 486 488 527 ἀνθρώπινον
505 487 588 527 γένος.
610 487 768 528 Εὖλογεῖτε,
788 500 842 528 φησ
853 498 876 524 ν,

110 526 162 556 υἱοὶ
172 527 225 554 τῶν
236 525 389 565 ἀνθρώπων,
400 526 444 555 τὸν
456 526 562 567 Κύριον.
579 526 737 557 Τελευταῖον
750 527 876 558 τάσσεται

110 565 141 595 τὸ
155 565 316 605 ἀνθρώπινον
330 566 419 606 γένος,
437 567 467 595 οὗ
485 567 553 596 κατὰ
572 566 620 603 τὴν
641 566 724 603 ἀξίαν,
741 566 810 597 ἀλλὰ
832 567 875 597 διὰ

109 605 158 641 τὴν
174 605 354 646 δημιουργίαν.
376 607 533 645 Εὐλογεῖτε,
554 604 680 646 Ἰσραὴλ,
701 607 745 636 τὸν
764 607 873 647 Κύριον.

110 644 197 683 Ὅπερ
211 642 245 683 ἥν
253 647 305 675 τῶν
317 646 360 674 ἐπὶ
370 648 418 681 τῆς
430 649 478 685 γῆς
492 646 635 686 ἀνθρώπων
646 646 775 687 ἐξαίρετον
788 647 872 686 γένος,

108 687 205 713 *τοῦτο
217 685 303 715 τοίνυν
319 685 448 725 παράγει,
460 686 504 714 καὶ
519 685 548 714 τὸ
561 690 705 722 τηνικαῦτα
717 688 743 715 ἐν
754 689 792 726 τῷ
806 686 874 716 ἔθνει

1608 237 1677 273 729

931 291 1081 320 canendum
1094 292 1217 332 invitant.
1235 293 1339 324 Deinde
1352 295 1476 326 volucres
1488 296 1546 326 eaeli
1559 297 1678 336 etseras,

931 336 957 359 et
967 330 1102 370 jumenta;
1118 341 1180 361 nam
1193 342 1226 362 ne
1239 332 1296 363 haec
1313 334 1422 373 quidem
1438 343 1514 365 extra
1534 346 1676 367 numerum

930 369 1039 399 fuerunt
1047 381 1140 400 eorum
1155 382 1214 410 quae
1227 372 1255 401 in
1270 372 1333 403 deos
1347 374 1428 403 relata
1446 382 1509 405 sunt
1521 387 1528 405 :
1541 375 1675 415 siquidem

930 409 1022 447 aquila
1034 410 1172 440 colebatur
1190 418 1217 440 et
1233 413 1375 453 accipiter;
1387 421 1414 443 et
1426 414 1495 445 feras
1508 426 1539 446 ac
1553 417 1675 456 jumenta

929 448 1053 490 AEgyptii
1073 449 1184 480 deorum
1202 451 1282 481 etiam
1295 452 1472 492 appellatione
1489 454 1648 485 decorarunt
1665 469 1671 486 :

928 494 1086 528 tantumque
1093 489 1210 520 invaluit
1221 502 1297 521 error
1308 503 1338 521 ac
1348 494 1512 533 superstitio,
1526 501 1556 524 ut
1568 495 1603 524 ab
1611 495 1674 524 ani-

928 527 1045 559 malibus
1056 529 1146 567 etiam,
1159 541 1218 569 quae
1229 531 1396 569 colebantur,
1410 531 1672 565 civitatibns‘nomen

926 567 1095 608 imponerent
1114 582 1121 599 :
1145 577 1172 609 et
1193 571 1347 600 nominatur
1372 572 1445 612 apud
1469 572 1542 613 ipsos
1566 574 1671 614 Cynon,

927 608 1071 646 Probaton,
1095 607 1187 650 Lycon
1207 617 1233 640 et
1257 611 1387 640 Leonton.
1408 612 1513 642 Verum
1533 620 1592 653 post
1615 613 1671 644 haec

925 649 1014 678 omnia
1045 649 1196 680 roserturin
1207 650 1327 680 medium
1338 650 1431 681 deince
1451 662 1463 680 s
1480 663 1563 692 genus
1571 651 1670 683 huma-

925 697 1001 717 num.
1052 688 1204 727 medicae,
1225 689 1402 735 inquit‚.filii
1422 662 1450 720 li,

108 724 208 758 πολλὰς
226 725 356 754 ἐκτίθεται
373 725 512 766 διαφορὰς,
528 725 573 755 καὶ
585 726 700 766 παράγει
712 725 772 759 τοὺς
789 726 874 766 ἱερέας
888 737 906 760 c
927 728 1011 757 mino.
1034 728 1169 759 Postremo
1189 730 1249 760 loco
1270 737 1380 770 ponitur
1401 730 1551 761 humaniun
1573 742 1668 772 genus,

108 767 154 793 τοῦ
169 765 266 804 Κυρίου
285 767 320 798 εἷς
334 763 443 804 ἔλεγχον
463 767 515 794 τῶν
528 765 617 805 ἱερέων
631 767 684 795 τῶν
696 766 873 806 ψευδωνύμων

108 805 184 833 θεῶν.
198 800 265 835 Εἶτά
278 816 358 845 φησι,
376 806 471 834 Δοῦλοι
483 804 590 844 Κυρίου.
608 801 674 835 Εἶτα
687 805 729 834 ἵνα
743 806 780 844 μὴ
794 805 872 839 δόξω-

108 854 149 871 σιν
161 846 184 873 οἱ
195 845 364 885 προελθόντες
373 844 471 881 ταύτης
480 847 526 880 τῆς
536 844 640 884 χορείας
651 845 784 885 ἀλλότριοι
796 840 872 883 εἶναι,

107 882 176 919 μετὰ
189 887 241 914 τῶν
260 884 363 918 ζώντων
382 883 475 918 αὐτοὺς
491 885 629 923 ἀριθμοῦσι
646 884 719 924 παρὰ
740 887 777 925 τῷ
792 886 871 923 Θεῶ,

106 922 238 961 λέγοντες·
257 924 396 963 Εὗλογεῖτε
407 945 416 960 ,
442 923 582 962 πνεύματα
599 924 644 953 καὶ
657 924 740 964 ψυχαὶ
759 927 811 954 τῶν
834 916 872 955 ἐι-

106 963 200 998 καίων,
205 964 248 993 τὸν
255 963 359 1003 Κύριον·
368 959 435 999 εἶτα,
446 963 537 993 Ὅσιοι
545 963 589 993 καὶ
598 965 716 993 ταπεινοὶ
725 967 759 1000 τῆ
765 965 869 1005 καρδίᾳ,

104 1001 150 1030 τὸν
167 1003 207 1032 Κύ
227 1015 273 1032 ιον.
293 1003 345 1032 Διὰ
358 1003 384 1032 τί
396 1003 475 1032 ὁσίων
498 1003 543 1032 καὶ
564 1007 694 1033 ταπεινῶν
719 997 868 1042 μέμνηταις

104 1039 163 1071 Ἵνα
177 1043 206 1071 δε
229 1055 260 1082 ῃ,
282 1043 323 1072 ὅτι
341 1042 375 1072 Ὁ
394 1042 461 1076 Θεὸς
479 1043 654 1082 ὑπερηφάνοις
669 1044 868 1079 ἀντιτάττεται,

103 1085 157 1115 τοῖς
171 1081 198 1111 δὲ
214 1086 346 1115 ταπεινοῖς
359 1081 438 1122 χάριν
452 1082 558 1119 δίδωσι,
579 1081 656 1116 ι’τοὺς
675 1083 800 1118 ἀλαζόνας
819 1083 868 1117 ἔξω

103 1123 150 1157 τῆς
162 1122 273 1161 καμίνου
284 1121 441 1161 κατέφλεγε,
453 1121 513 1154 τοὺς
530 1121 615 1156 ὁσίους
635 1123 679 1152 καὶ
691 1122 828 1157 ταπεινοὺς
841 1126 868 1153 ἐν
882 1136 885 1138 ’

129 1161 137 1172 Ι
238 1160 241 1163 .

103 1172 176 1202 μεσῳ
189 1164 234 1191 τοῦ
246 1161 327 1201 πυρὸς
341 1160 500 1200 διεφύλαξεν.
513 1162 561 1191 Au)
573 1162 618 1192 καὶ
630 1162 800 1202 συνεχόρευσε
815 1169 867 1197 τοῖς

102 1201 184 1240 ἁγίοις
202 1201 232 1231 τὸ
254 1204 323 1240 πῦρ·
347 1204 358 1216 ⁶
364 1200 432 1237 μετὰ
451 1200 502 1241 γὰρ
516 1201 620 1230 πάντων
636 1202 680 1231 καὶ
694 1202 758 1232 αὐτὸ
777 1204 866 1241 ὑμνεῖν

101 1240 270 1280 προσετάχθη
290 1240 334 1269 τὸν
357 1240 515 1280 δημιουργόν
523 1252 531 1259 ·
558 1242 699 1280 Εὖλογεῖτε
709 1263 717 1277 ,
740 1244 793 1281 πῦρ
821 1243 866 1272 καὶ

101 1282 205 1318 καῦμα,
227 1281 271 1310 τὸν
285 1279 395 1320 Κύριον·
413 1279 457 1309 ἵνα
476 1280 652 1310 παιδεύωνται
663 1283 687 1310 οἱ
703 1282 866 1312 Βαὸυλώνιοι

101 1318 181 1358 μάγοι
191 1343 199 1356 ,
212 1322 274 1360 παρ’
293 1316 330 1353 οἶς
347 1325 458 1357 τιμᾶται
471 1319 502 1349 τὸ
513 1323 579 1360 πῦρ,
593 1320 633 1349 ὅτι
647 1324 724 1350 τοῦτο
741 1323 788 1351 οὐκ
809 1321 864 1351 ἔστι

99 1370 152 1387 των
163 1370 184 1388 π

100 1397 171 1436 ὅμως
190 1398 234 1428 ἐπὶ
246 1399 276 1428 τὸ
289 1399 438 1430 τελευταῖον
451 1398 568 1432 ἐλθόντες
588 1400 800 1438 καταπαύσωμεν
819 1401 864 1430 τὸν

99 1436 187 1476 λόγον.
203 1439 344 1477 Εὖλογεῖτε
354 1459 362 1472 ,
373 1437 464 1478 φησὶν,
480 1437 591 1474 Ἀνανία,
603 1438 723 1479 Ἀζαρία,
735 1440 846 1476 Μισαὴλ
855 1463 863 1477 ,

99 1475 144 1506 τὸν
157 1477 263 1516 Κύριον.
278 1477 328 1511 Τίς
339 1475 373 1515 ἦν
390 1490 410 1518 χ
427 1477 469 1507 εία
488 1478 618 1508 τοσούτων
637 1479 779 1518 ταγμάτων
801 1483 863 1520 ἠρι-

99 1516 239 1555 θμημένων
252 1519 290 1556 τῷ
301 1490 442 1557 τελευταῗῳ
452 1516 544 1550 αὐτοὺς
555 1518 663 1556 ὀνόματι
674 1521 863 1558 προστιθῆναι;

100 1555 174 1585 αὐτοὶ
183 1556 234 1597 γὰρ
249 1558 297 1586 οὔκ
311 1553 378 1592 ἦσαν
392 1558 419 1585 ἔν
433 1561 487 1589 τοῖς
501 1558 566 1589 υἱοῖς
584 1557 693 1596 Ἰσραὴλ
707 1558 865 1597 εὐλογήσαν-

99 1606 158 1630 τες;
173 1596 246 1625 αὐτοὶ
261 1597 309 1625 οὐκ
327 1592 395 1633 ἦσαν
405 1600 459 1628 τοῖς
471 1596 571 1629 δούλοις
585 1599 630 1625 τοῦ
644 1597 741 1637 Κυρίου
760 1609 866 1638 συνηρι-

99 1633 228 1672 θμημένοι
237 1656 245 1669 ,
259 1635 302 1664 ὅτε
316 1635 414 1674 ἔλεγον,
428 1636 584 1674 Εὐλογεῖτε,
599 1636 686 1664 δοῦλοι
699 1637 739 1665 Κυ
759 1635 807 1673 ίου,
821 1637 864 1666 τὸν

100 1672 214 1712 Κύριον;
229 1675 246 1709 ἢ
260 1674 314 1710 ὅτε,
331 1675 419 1704 ‘'Oc-tot
433 1674 478 1703 καὶ
493 1674 610 1704 ταπεινοὶ
627 1677 660 1714 τῇ
687 1648 798 1715 amplia,
817 1677 865 1706 οὐκ

99 1707 166 1747 ἦσαν
181 1715 208 1742 ἐν
226 1717 280 1747 τοῖς
293 1714 373 1748 ὁσίοις
388 1713 578 1753 ἠριθμημένοι;
599 1714 626 1743 τί
641 1711 685 1745 οὖν
701 1715 822 1754 βούλεται
834 1716 864 1745 τὸ

98 1752 129 1780 ἐκ
143 1754 302 1792 προσθήκης,
316 1756 466 1792 Εὐλογεῖτε,
476 1752 579 1782 Ἀνανία
587 1775 595 1789 ,
610 1754 716 1794 Ἀζαρία
725 1775 733 1789 ,
745 1754 864 1791 Μισαὴλ,

98 1791 143 1820 τὸν
157 1792 267 1833 Κύριον;
283 1792 353 1823 Ἀλλ’
367 1792 457 1828 ἐπειδὴ
472 1793 600 1842 ὑπερφυὲς
610 1790 642 1830 ἦν
654 1797 742 1833 θαῦμα
751 1817 758 1830 ,
773 1794 863 1831 ἐπειδὴ

98 1831 172 1872 παρὰ
183 1832 259 1872 φύσιν
279 1833 443 1873 ἀνθρωπίνην
462 1832 501 1872 (ἐν
514 1844 619 1871 σωματι
631 1833 682 1873 γὰρ
694 1833 742 1869 τὴν
754 1834 863 1872 κάμινον

98 1871 255 1906 εἰσελθόντες
266 1872 475 1912 κατεπάτησαν),
487 1871 530 1901 ἵνα
548 1871 587 1910 μή
605 1884 644 1906 τις
658 1875 710 1902 τῶν
724 1875 860 1910 πεπλανη-

895 1436 899 1439 ⁴
916 1439 1041 1468 omnibus
1055 1440 1206 1469 Creatorem
1218 1442 1310 1480 jussus
1323 1447 1362 1468 est
1379 1440 1467 1469 collau

925 777 977 796 non
991 767 1056 808 dign

923 809 1029 844 Israel,
1045 808 1184 838 Domino.
1200 809 1282 846 Quod
1300 816 1356 838 erat
1374 810 1514 839 hominum
1528 821 1611 856 genus
1624 823 1669 851 pe-

923 847 1036 885 culiare,
1051 848 1098 886 qui
1110 848 1138 877 in
1153 849 1231 878 terris
1243 849 1428 886 versabantur,
1444 849 1495 879 hoc
1508 850 1592 889 igitur
1605 862 1668 890 pro-

922 886 1009 916 sertin
1020 886 1152 924 medium,
1163 895 1274 926 tumque
1282 888 1380 917 multas
1391 889 1418 917 in
1430 888 1481 918 hac
1489 889 1594 919 natione
1604 891 1669 919 sub-

918 925 980 965 jicit
1002 926 1143 956 hominum
1164 927 1320 961 varietates3
1340 934 1366 956 et
1384 928 1494 957 Domini
1518 929 1668 959 sacerdotes

922 966 1034 1004 profert,
1054 966 1089 995 ad
1102 977 1196 996 eorum
1214 967 1262 1005 qui
1277 967 1345 995 falso
1362 967 1402 996 dii
1422 978 1436 995 a
1459 967 1604 1007 pellantur,
1623 980 1665 998 ar-

922 1005 1042 1042 guendos
1062 1006 1219 1035 sacerdotes.
1234 1005 1338 1035 Deinde
1356 1006 1404 1042 ait,

920 1044 992 1073 Tum
1015 1055 1047 1073 ne
1065 1045 1108 1074 illi
1121 1046 1168 1083 qui
1181 1051 1242 1074 ante
1259 1045 1445 1082 discesserant,
1461 1046 1496 1075 ab
1513 1046 1564 1076 hoc
1584 1047 1665 1077 alieni

920 1094 976 1112 esse
995 1084 1077 1113 choro
1093 1084 1259 1120 viderentur,
1273 1095 1335 1113 cum
1354 1085 1426 1115 vivis
1443 1095 1488 1114 eos
1508 1095 1665 1117 enumerant

919 1122 992 1162 apud
1005 1125 1104 1159 Deum,
1119 1123 1185 1153 dum
1205 1124 1339 1162 inquiunt,
1355 1125 1531 1161 Benedicste,
1546 1129 1663 1166 spiritus
1674 1133 1733 1154 lbid.
1743 1142 1763 1155 v.
1774 1132 1812 1156 86.

919 1168 947 1191 et
966 1164 1072 1192 animae
1085 1165 1241 1203 justorum,
1264 1164 1393 1193 Domino
1408 1176 1416 1192 ε
1436 1163 1543 1202 deinde,
1562 1166 1663 1195 Sancti
1671 1162 1710 1194 87·

919 1208 947 1230 et
963 1202 1088 1232 humiles
1102 1203 1198 1239 eorde,
1216 1204 1355 1232 Domino.
1371 1203 1446 1240 Quid
1459 1203 1495 1233 ita
1508 1212 1662 1235 sanctorum

918 1247 944 1269 et
954 1241 1101 1271 humilium
1111 1242 1233 1277 meminit
1240 1243 1254 1272 3⁹
1265 1244 1304 1272 Ut
1315 1243 1439 1282 superbis
1448 1243 1568 1273 resistere
1575 1246 1660 1274 Deum
1673 1256 1809 1287 P1·ov.3.34.

917 1281 1048 1318 ostendat,
1058 1281 1208 1311 humilibus
1219 1289 1307 1311 autem
1318 1282 1428 1321 gratiam
1440 1281 1515 1319 dare,
1528 1290 1607 1322 atque
1618 1295 1661 1313 ar-

917 1327 1040 1358 rogantes
1059 1328 1133 1350 extra
1146 1322 1279 1351 fornacem
1292 1321 1436 1355 exussisse.
1449 1330 1553 1352 sanctos
1565 1331 1590 1353 et
1609 1324 1660 1353 hu-

249 1358 406 1397 υνουμένων,
418 1358 486 1388 ἀλλὰ
494 1361 548 1388 τῶν
558 1360 781 1400 προσκυνούντων.
794 1362 863 1390 Ἀλλ’
879 1371 898 1394 1)
917 1359 994 1388 miles
1004 1360 1074 1405 ignis
1087 1360 1114 1389 in
1127 1361 1215 1390 medio
1228 1371 1406 1406 conservasse·⁸
1418 1362 1589 1402 Quapropter
1599 1374 1661 1392 cum

916 1399 1014 1428 sanctis
1034 1399 1104 1439 ignis
1124 1401 1270 1430 exsultavit
1288 1412 1296 1428 .·
1314 1410 1376 1429 nam
1394 1411 1451 1440 lpse
1469 1412 1577 1469 guoque
1597 1413 1661 1432 eum

916 1478 1014 1513 dicite,
1030 1480 1105 1523 ignis
1125 1486 1154 1509 et
1173 1486 1271 1514 oestus,
1296 1479 1423 1508 Domino
1439 1492 1446 1508 :
1469 1487 1498 1509 ut
1514 1481 1660 1511 doceantur

915 1517 1060 1557 Babylomi
1069 1519 1151 1557 magi,
1165 1519 1240 1558 apud
1248 1529 1315 1557 quos
1327 1519 1425 1548 colitur
1439 1519 1518 1558 ignis,
1532 1531 1584 1549 non
1597 1531 1659 1551 eum

916 1566 950 1584 ex
965 1567 1076 1586 numero
1093 1568 1185 1586 eorum
1205 1568 1262 1587 esse
1282 1567 1342 1596 quae
1358 1557 1514 1595 adorantur,
1534 1559 1582 1588 sed
1599 1570 1659 1598 quae

915 1594 1038 1625 adorant.
1055 1597 1296 1626 Verumenimvero
1310 1596 1344 1625 ad
1356 1604 1505 1626 extremum
1519 1598 1604 1637 gradu
1617 1599 1656 1628 fa-

915 1639 957 1662 cto
978 1634 1058 1663 finem
1079 1634 1187 1664 dicendi
1208 1636 1347 1664 faciamus.
1362 1637 1538 1674 Benedicile,
1558 1638 1655 1683 inquit,
1668 1653 1727 1675 111111.
1741 1661 1761 1675 v.
1769 1651 1808 1676 33,

916 1672 1052 1710 Anania,
1067 1674 1192 1710 Azaria,
1204 1675 1322 1711 Μίςαὲῑ,
1335 1675 1471 1703 Domino.
1487 1676 1562 1712 Quid
1576 1677 1658 1717 igitur

914 1712 1034 1751 prodest,
1049 1713 1122 1751 quod
1134 1720 1172 1743 tot
1185 1714 1326 1743 ordinibus
1339 1715 1499 1744 enumeratis
1512 1716 1539 1744 in
1553 1723 1658 1756 postre-

915 1762 990 1780 mum
1009 1752 1018 1780 i
1039 1752 1062 1781 si
1079 1753 1186 1782 nomine
1198 1753 1308 1793 proprio
1327 1753 1380 1783 sint
1393 1753 1489 1783 relati?
1508 1765 1573 1784 num
1586 1756 1658 1785 enim

915 1790 984 1820 inter
1005 1763 1076 1820 filiios
1098 1793 1181 1822 Israel
1202 1799 1286 1829 erant,
1301 1792 1347 1831 qui
1366 1793 1572 1824 benedicerent?
1593 1806 1658 1825 num

915 1830 984 1860 inter
994 1830 1103 1860 Domini
1112 1842 1203 1861 servos
1214 1832 1345 1861 numerati
1358 1839 1443 1868 erant,
1452 1844 1514 1862 cum
1527 1834 1657 1872 dicerent,

915 1870 1094 1906 Benedicste,
1111 1873 1188 1900 servi
1208 1872 1339 1908 Domini,
1358 1873 1506 1901 Domino?
1520 1874 1564 1903 vel
1584 1885 1657 1910 cum,

98 1910 183 1948 μένων
196 1911 239 1940 διὰ
258 1911 288 1940 τὸ
301 1911 370 1946 ξένον
383 1914 429 1941 τοῦ
443 1911 574 1950 θαύματος
586 1912 659 1945 θεοὺς
672 1912 765 1946 αὐτοὺς
778 1924 861 1953 προσ-
878 1914 896 1937 E
915 1909 1016 1939 Sancti
1028 1916 1057 1939 et
1069 1910 1193 1940 humiles
1206 1912 1302 1948 corde,
1318 1922 1404 1940 nonne
1417 1911 1484 1941 inter
1497 1920 1599 1942 sanctos
1612 1925 1657 1943 re-

98 1954 180 1980 ειπεῖν
193 1951 334 1990 τολμήσειε
343 1974 351 1988 ,
377 1951 423 1981 καὶ
444 1956 599 1992 προσκυνεῖν
621 1951 689 1981 οὕτω
710 1953 810 1990 μᾶλλον
824 1950 862 1982 δι-

97 1989 194 2026 καίως,
208 1990 225 2026 ἢ
237 1991 268 2020 τὸ
281 1994 350 2031 πῦρ,
364 1990 424 2024 τοὺς
437 1994 482 2021 τοῦ
496 1991 576 2030 πυρὸς
591 1991 805 2031 περιγεγονότας,
819 1992 862 2021 ἵνα

98 2029 179 2067 μηδὲν
193 2033 295 2059 τοιοῦτο
309 2030 427 2060 πάθωσιν
441 2033 466 2060 οἱ
481 2030 620 2070 βλέποντες
630 2053 638 2066 ,
656 2031 699 2059 διὰ
713 2034 789 2060 τοῦτο
811 2043 863 2070 μη-

97 2067 186 2098 νύουσι
212 2069 260 2105 τὴν
285 2071 384 2099 ἑαυτῶν
408 2070 535 2107 δουλείαν,
565 2070 610 2099 καὶ
635 2071 791 2109 ὁμολογοῦσι
813 2071 862 2106 τὴν

96 2119 118 2136 π
183 2108 284 2146 ύνησιν,
296 2109 416 2159 λέγοντες
425 2131 432 2145 ,
446 2111 587 2148 Εὐλογεῖτε
595 2132 602 2145 ,
617 2109 735 2147 Ἀνανία,
747 2110 862 2150 Ἀζαρία,

97 2119 208 2183 Βίισαὴλ
217 2169 225 2183 ,
239 2149 284 2178 τὸν
299 2150 404 2189 Κυριον.
426 2149 538 2189 Λέγεται
552 2149 580 2178 δὲ
589 2171 597 2184 ,
619 2149 659 2178 ὅτι
673 2149 717 2179 τὸν
734 2149 835 2185 Δανιὴλ
849 2153 863 2179 ὃ

97 2186 165 2219 Θεὸς
182 2186 226 2216 διὰ
247 2191 324 2217 τοῦτο
345 2189 375 2217 οὐ
400 2188 582 2228 συνεχώρησεν
607 2190 643 2222 εἰς
666 2189 697 2218 τὸ
722 2189 862 2229 μαρτύριον

98 2228 175 2254 τοῦτο
190 2227 401 2267 παραληφθῆναι.
415 2227 525 2263 Ἐπειδὴ
539 2228 631 2267 γὰρτὸ
644 2228 706 2268 ὄναρ
725 2231 770 2257 τοῦ
785 2231 861 2267 βασι-

97 2264 162 2298 λέως
176 2265 325 2304 ἡρμήνευσε
334 2289 344 2302 ,
355 2267 400 2295 καὶ
414 2269 449 2300 ὡς
460 2267 516 2299 θεὸς
525 2269 569 2296 ὑπ’
586 2268 663 2296 αὐτοῦ
675 2267 863 2335 τοῧοβασιλέως

98 2304 281 2343 προσεκυνήθη
294 2328 301 2341 ,
317 2305 361 2334 καὶ
379 2305 477 2341 ἐκλήθη
491 2306 632 2345 Βαλτασὰρ
645 2309 684 2346 τῷ
695 2308 721 2335 ὀν

915 1949 1029 1986 censiti?
1042 1948 1110 1988 quid
1132 1961 1195 1990 ergo
1215 1950 1268 1979 sibi
1291 1951 1352 1981 vult
1374 1950 1444 1980 illud
1470 1951 1656 1990 additamenti,

908 1989 1092 2026 ‘Benedicitffl
1120 1990 1255 2026 Anania,
1284 1990 1410 2025 Azaria,
1447 1992 1566 2028 Misaiil,
1595 1993 1657 2022 Do-

916 2029 1015 2057 mino?
1030 2030 1065 2057 At
1078 2028 1149 2058 enim
1160 2029 1224 2068 quia
1240 2040 1321 2069 supra
1334 2037 1456 2059 naturam
1468 2037 1524 2059 erat
1543 2042 1584 2060 res
1598 2031 1657 2068 illa,

915 2067 979 2105 quia
993 2074 1115 2097 naturam
1135 2067 1281 2098 humanam
1302 2069 1447 2099 excedebat
1461 2068 1472 2108 (
1482 2069 1614 2109 siquidem
1631 2071 1659 2106 iu

915 2117 1026 2146 corpore
1043 2107 1176 2136 fornacem
1199 2108 1311 2147 ingressi
1322 2109 1528 2146 calcaverant),
1544 2120 1576 2139 ne
1599 2111 1660 2149 quis

916 2156 1008 2174 eorum
1022 2146 1069 2184 qui
1084 2146 1185 2176 seducti
1198 2154 1283 2184 erant,
1294 2155 1404 2188 propter
1414 2147 1536 2178 miraculi
1552 2150 1658 2179 novita-

917 2191 970 2213 tem
998 2186 1133 2225 appellare
1159 2185 1223 2216 deos
1252 2187 1324 2227 ipsos
1349 2185 1470 2222 auderet,
1495 2195 1521 2217 et
1549 2188 1660 2218 adorare

917 2224 1002 2254 multo
1011 2225 1118 2264 justius,
1129 2232 1242 2265 utpotea
1253 2226 1352 2265 quibus
1360 2233 1500 2266 superatus
1510 2227 1579 2266 ignis
1591 2227 1663 2256 suis--

918 2269 967 2299 set,
981 2271 1011 2292 ut
1023 2274 1060 2309 ne.
1069 2264 1136 2304 quid
1146 2265 1199 2295 tale
1211 2266 1405 2305 spectatoribus
1416 2266 1544 2303 eveniret,
1560 2266 1660 2295 idcirco

739 2318 802 2344 μαῃ
817 2310 862 2336 τοῦ
871 2323 907 2342 ⁶„
918 2313 993 2331 suam
1005 2302 1124 2333 indicant
1137 2304 1304 2341 servitutem,
1318 2315 1398 2343 seque
1410 2304 1521 2334 adorare
1533 2306 1660 2334 confiten-

98 2346 156 2372 θεοῦ
178 2346 224 2373 τοῦ
246 2343 318 2383 παρὰ
344 2344 475 2384 Πέρσαις,
497 2343 540 2373 ἵνα
562 2345 599 2383 μὴ
627 2347 737 2384 νομισοῇ
762 2346 805 2375 διὰ
834 2346 864 2375 τὸ
881 2353 898 2376 Α
918 2341 1661 2379 turdicentes,Benedicite,Anania,Azaria‚Misai2'l‚

99 2387 110 2399 ⁸
121 2383 293 2422 ἐνεγκάμενον
313 2386 384 2423 αὐτῷ
396 2384 477 2422 ὄνομα
498 2386 543 2412 τοῦ
558 2384 700 2424 Βαλτασὰρ
714 2387 864 2414 πεπαῦσθαι

99 2424 145 2450 τοῦ
159 2423 239 2462 πυρὸς
250 2423 297 2458 τὴν
309 2423 450 2462 ἐνέργειαν,
463 2425 593 2461 οἰκονομεῖ
605 2424 672 2456 Θεὸς
685 2423 722 2462 μὴ
734 2427 866 2464 προαχθῆ-

98 2473 142 2490 ναι
155 2462 199 2491 τὸν
213 2463 315 2498 Δανιὴλ
332 2464 368 2495 εἷς
389 2462 477 2501 μέσον,
498 2462 541 2491 ἵνα
562 2462 683 2502 ἀκέραιον
694 2459 712 2503 ᾗ
724 2466 774 2500 τῆς
792 2465 864 2494 εὐσε-

130 2557 140 2569 ’1
157 2550 263 2577 scon-inl.
271 2556 338 2577 τοῦτο
347 2558 436 2587 πρῶτον
447 2563 502 2587 παρ-

130 2590 144 2608 Ῑ’
161 2589 268 2616 Scorlssl.
281 2593 331 2620 τούς
342 2594 454 2622 ἀλαζόνας
466 2596 492 2617 τὸ
504 2595 547 2626 πῦρ
560 2594 610 2621 ἔξω.

130 2633 139 2643 '
156 2626 328 2662 ScoriaL'uirc'e
338 2634 382 2663 γὰρ
392 2633 465 2655 ταῦτα
477 2634 521 2655 καὶ.
534 2629 602 2654 lurra
617 2628 683 2654 idem
695 2633 714 2656 οἱ
727 2633 856 2657 aasabim

919 2383 1053 2411 Domino.
1066 2383 1162 2412 Fertur
1171 2384 1250 2412 etiam
1258 2383 1395 2413 Danielem
1405 2389 1542 2421 propterea
1553 2382 1663 2411 minime

918 2420 1011 2450 sivisse
1022 2422 1112 2451 Deum
1123 2421 1158 2451 ad
1170 2423 1221 2451 hoc
1232 2421 1389 2461 martyrium
1401 2421 1510 2449 assumi.
1522 2422 1590 2449 Nam
1599 2421 1663 2459 quia

918 2465 1051 2494 somnium
1065 2466 1135 2506 regis
1148 2472 1320 2506 exposuerat,
1334 2472 1360 2494 et
1370 2465 1404 2493 ab
1419 2464 1478 2503 ipso
1491 2474 1552 2503 rege
1562 2463 1663 2494 divinis

898 2559 937 2581 καὶ
949 2559 969 2581 οἱ
980 2559 1058 2588 μάγοι.

930 2602 940 2614 ·
956 2593 1117 2627 ἐνεγκάμενον.
1131 2591 1235 2618 Scorial.
1249 2592 1285 2623 [et
1296 2590 1384 2624 Saul]
1396 2595 1539 2625 ἐπικείμενον.

1444 694 1584 728 ominum,
1605 693 1669 722 Do·
1681 697 1742 719 Μία.
1751 706 1771 719 ν.
1780 698 1818 720 82.

1060 769 1131 798 itatis
1142 769 1247 807 ordine,
1262 769 1309 798 sed
1323 770 1473 799 creationis.
1491 772 1669 809 Benedicite,
1680 777 1740 799 lbid.
1754 776 1820 801 v.83.

1446 1009 1507 1036 ervi
1530 1008 1661 1038 Domini.
1674 1014 1733 1036 Ilua.
1743 1022 1764 1035 v.
1775 1013 1814 1037 85.

1488 1452 1533 1471 are
1546 1454 1552 1471 z
1569 1444 1658 1472 Bene·
1669 1454 1732 1476 Dan.
1742 1455 1807 1484 3.67.
