1890 2826
263 216 335 264 448

261 292 386 320 latorum.
401 291 440 320 De
453 288 629 319 ecclesiastica
644 289 844 327 constitutione,
853 290 940 329 deque
951 289 1007 318 ido-

260 338 349 366 lorum
370 336 536 366 infirmitate.
560 337 600 365 De
623 335 724 366 Christi
742 336 899 377 prophetia,
919 335 1006 374 deque

260 384 293 413 iis
306 384 354 423 qui
369 383 397 412 in
411 383 501 423 ipsum
514 381 645 412 credituri
657 388 742 412 erant.
754 383 848 412 Israeli
862 383 1007 423 exprobrat

259 437 430 470 peecatorum
449 439 538 458 causa.
563 428 609 458 Ait
621 428 656 457 ob
670 438 763 457 eorum
777 429 1007 468 inobsequentiam

259 477 424 507 calamitates
447 475 514 515 ipsis
528 474 617 504 illatas
637 473 731 504 fuisse.
758 476 798 504 De
808 474 862 504 fide
875 475 904 504 in
926 475 1006 505 Chri-

260 530 342 553 stum.
358 521 440 560 Quod
459 522 592 563 populum
605 531 658 552 non
681 521 830 551 sacrificare
842 522 1004 562 permiserit,

259 576 285 599 et
309 568 385 608 quod
406 569 512 598 cultum
523 568 604 598 illum
616 579 666 608 per
686 567 819 598 sacrificia
831 578 885 598 non
904 568 1004 607 exigat.

260 616 326 645 Item
349 614 492 655 prophetia
515 613 550 644 de
563 613 597 643 iis
609 614 656 653 qui
671 614 700 643 in
724 613 863 644 Christum
876 613 1006 644 credituri

259 667 344 690 erant.
370 660 569 690 Demonstratio
592 659 786 690 imbecillitatis
807 659 958 697 idolorum,
980 667 1006 690 et

260 707 309 736 Dei
323 706 447 747 potentiae
466 706 598 746 probatio.
611 705 918 746 Pernicies-Babylonis,
933 713 959 735 et
971 706 1006 735 de

257 752 359 782 duritia
372 752 462 783 cordis
475 753 493 783 J
495 752 634 782 udaeorum
652 751 854 789 demonstratio,
868 763 900 781 ac
912 752 947 782 de
956 752 1006 782 bo·
1022 762 1040 785 Ε

258 800 301 829 nis
314 799 396 829 rebus
410 799 562 840 prophetia.
576 800 618 829 De
628 798 737 829 Christo
753 799 894 839 prophetia
904 806 930 829 et
940 809 1005 829 eon—

258 846 354 876 solatio
371 845 556 886 Jerosolymae.
581 846 623 875 De
644 844 773 885 apostolis
794 851 820 874 et
842 844 876 874 de
896 845 1006 876 Christo

258 891 411 932 prophetia.
426 892 467 921 De
481 891 583 922 Christi
602 891 752 921 secundum
766 901 874 920 carnem
887 898 960 929 ortu,
971 892 1006 923 de

258 938 392 978 passione,
402 937 606 973 resurrectione,
621 944 647 967 et
664 937 698 966 de
711 936 886 967 multitudine
896 937 1006 967 creden-

258 984 327 1014 tium
341 985 368 1014 in
392 985 492 1025 ipsum.
518 985 559 1014 De
578 983 687 1014 Christo
706 983 789 1012 simul
809 989 836 1013 et
848 982 883 1013 de
907 983 1006 1015 IsraEle

258 1031 407 1061 seeundum
420 1030 573 1068 historiam,
586 1029 734 1059 secundum
746 1039 884 1069 anagogen
897 1040 962 1060 vero
972 1031 1006 1060 de

258 1077 430 1107 credentibus
449 1077 477 1106 in
499 1077 650 1107 Christum.
683 1075 827 1106 Accusatio
849 1075 1007 1106 Judaeorum

259 1124 420 1154 idololatriae
435 1135 515 1154 causa
523 1147 533 1161 ,
546 1123 700 1164 jejuniique
721 1133 815 1152 eorum
841 1123 1005 1163 reprobatio,

260 1170 385 1209 aliusque
418 1170 517 1211 jejunii
555 1169 676 1199 melioris
710 1169 866 1199 declaratio.
902 1169 1008 1200 Deinde
1015 1186 1052 1205 ω

259 1213 392 1246 accusatio
413 1216 570 1246 dolosorum
594 1227 719 1255 operum,
733 1222 760 1245 et
771 1215 948 1245 consiliorum
962 1226 1006 1246 eo-
1024 1215 1043 1237 Α

259 1262 430 1299 rumdem,ae
439 1263 579 1303 prophetia
589 1261 623 1292 de
633 1261 805 1292 credentibus
816 1261 843 1290 in
854 1262 1007 1292 Christum.

261 1308 404 1349 Prophetia
418 1308 452 1338 de
474 1308 594 1345 Christo,
615 1315 642 1337 et
655 1307 689 1337 de
704 1307 888 1337 curationibus
900 1308 1007 1337 anima-

261 1365 323 1384 rum
337 1360 363 1383 et
375 1364 521 1394 corporum
534 1354 569 1384 ab
591 1354 649 1394 ipso
662 1354 789 1394 peractis,
804 1353 891 1392 deque
905 1360 1009 1393 aposto-

261 1400 295 1430 lis
306 1407 332 1430 et
351 1399 386 1429 de
408 1400 520 1440 reliquis
532 1401 561 1430 in
574 1400 664 1440 ipsum
685 1399 866 1429 credentibus.
893 1400 935 1428 De
948 1409 1009 1439 pas-

260 1446 344 1476 sione.
371 1446 407 1476 Et
425 1446 555 1476 confessio
577 1445 814 1486 prophetae,quasi
835 1456 870 1474 ex
896 1455 1010 1485 persona

262 1494 375 1534 populi3
390 1493 537 1523 confutatio
550 1503 566 1522 a
583 1491 699 1523 Domino
721 1492 844 1532 ipsorum
860 1490 1010 1522 increduli-

261 1542 333 1577 tatis,
342 1540 524 1579 assumtioque
542 1540 707 1571 credentium
719 1540 746 1569 in
758 1539 849 1575 illum,
860 1546 887 1569 et
900 1549 1012 1569 accusa—

261 1587 298 1616 tio
325 1586 485 1616 idololatriae
514 1586 682 1617 Judaeorum.
709 1587 750 1615 De
780 1584 951 1615 credentibus
977 1595 1011 1614 ex

261 1633 365 1664 Judaeis
383 1633 411 1663 in
431 1633 579 1662 Dominum
597 1639 718 1662 nostrum
739 1633 833 1662 Jesum
855 1631 1007 1662 Christum.

263 1680 404 1710 Accusatio
412 1690 506 1709 eorum
515 1678 564 1718 qui
573 1679 672 1711 suturae
686 1678 746 1709 vitae
761 1688 814 1708 non
827 1677 1009 1708 crediderunt.

1027 1722 1045 1744 B

263 2002 394 2021 bYNOPSlS
419 2001 534 2026 EORUM,
556 2000 624 2025 QUAE
650 2000 680 2018 IN
707 2001 834 2019 JEnEMtA
862 1999 1011 2019 PROPHETA

556 2046 718 2065 DICUNTUR.

304 2130 445 2161 Praedictio
453 2128 587 2158 malorum
594 2138 653 2167 quae
661 2138 708 2167 per
717 2127 1011 2158 Nabuchodonosor-em

270 2178 362 2209 israeli
390 2182 518 2207 eventura
550 2180 623 2204 sunt.
652 2173 818 2212 Redargutio
853 2174 1013 2204 idololatriae

271 2224 389 2260 Israelis,
403 2229 428 2252 et
441 2221 657 2251 commemoratio
676 2219 868 2250 beneficiorum
888 2221 938 2250 Dei
952 2231 1013 2260 erga

273 2272 346 2308 illos,
362 2277 387 2299 et
401 2268 545 2303 malorum,
558 2277 618 2305 quae
630 2266 702 2306 passi
716 2273 777 2294 sunt
791 2267 862 2305 quod
878 2267 1014 2307 AEgyptiis

273 2319 354 2348 fidem
362 2314 517 2346 habuerint.
528 2312 669 2342 Idolorum
678 2311 841 2342 infirmitatis
851 2312 1014 2342 demonstra-

270 2365 318 2399 tio,
333 2370 359 2393 et
372 2359 543 2402 reprehensio
565 2358 749 2387 Israiilitarum
770 2359 805 2387 ob
826 2359 956 2388 humanas
969 2360 1013 2389 vi-

267 2411 373 2441 ctimas.
384 2406 491 2438 Israelis
500 2404 644 2440 accusatio,
656 2411 682 2433 et
694 2415 728 2433 ex
740 2405 938 2445 comparatione
950 2416 1013 2435 cum

267 2457 315 2486 illo
341 2456 358 2486 J
361 2454 420 2484 udae
448 2452 581 2482 scelerum
607 2450 793 2490 exsuperantia
819 2450 1012 2492 praedictioque

254 2490 400 2532 'bonorum
419 2497 523 2535 Israeli,
538 2496 561 2527 si
577 2507 729 2527 ‚conversus
742 2496 823 2526 suerit
843 2497 878 2526 ad
900 2498 988 2527 Deum
1003 2511 1009 2527 ε

269 2551 332 2578 item
342 2545 471 2577 consessio
484 2542 632 2584 prophetae,
642 2543 719 2582 quasi
733 2554 767 2573 ex
777 2554 888 2583 persona
902 2545 1008 2585 populi.

274 2598 402 2624 Ascensus
425 2591 637 2631 Babyloniorum
647 2613 654 2627 ,
670 2597 695 2619 et
709 2590 846 2630 prophetae
859 2591 1011 2622 lamentatio

262 2642 395 2671 defutura
410 2638 565 2674 vastatione,
580 2636 717 2677 ipsiusque
741 2637 871 2667 vastitatis
891 2637 990 2668 descri—

596 227 626 251 S·
654 227 795 252 JOANle
821 228 1006 252 eflanos'r.
1033 226 1192 250 anctum».
1220 226 1492 250 CONSTANTINOP-

1063 288 1132 328 ρείμ.
1154 287 1309 328 Προφητεία
1323 287 1385 328 περὶ
1399 287 1522 317 Ἰωάννου
1546 289 1592 317 τοῦ
1607 287 1770 328 προδρόμου,
1787 288 1833 317 καὶ

1060 335 1113 363 τῶν
1125 335 1162 367 εἰς
1173 334 1289 374 Χριστὸν
1298 334 1485 363 πιστευόντων.
1497 334 1555 369 Τῆς
1562 335 1608 363 τοῦ
1617 334 1688 364 Θεοῦ
1701 333 1835 373 δυνάμεως

1060 379 1182 416 ἔνδειξις,
1200 381 1245 410 καὶ
1267 380 1415 420 κατηγορία
1427 382 1473 409 τοῦ
1493 379 1623 420 Ἰσραὴλ,
1639 381 1675 414 ὡς
1690 380 1834 409 εἰδωλολα-

1059 428 1195 465 τροῦντος,
1209 425 1255 455 καὶ
1266 427 1318 455 τῶν
1333 427 1370 459 εἷς
1381 425 1425 454 τὸν
1434 425 1497 454 λαὸν
1507 425 1663 465 εὐεργεσιῶν
1675 425 1831 464 ὑπόμνησις.

1060 471 1129 511 Περὶ
1145 474 1192 508 τῆς
1205 473 1427 509 ἐκκλησιαστικῆς
1441 471 1646 508 καταστάσεως,
1661 471 1706 501 καὶ
1720 470 1835 501 εἰδώλων

1061 518 1204 552 ἀσθενείας.
1215 517 1285 558 Περὶ
1294 519 1411 558 Χριστοῦ
1422 517 1580 558 προφητεία,
1589 517 1635 548 καὶ
1646 519 1699 547 τῶν
1711 518 1748 551 εἷς
1757 517 1835 550 αὐτὸν

1060 565 1245 595 πιστευόντων.
1258 564 1400 599 Ὀνειδίζει
1411 565 1450 604 τῷ
1462 564 1573 605 Ἰσραὴλ
1584 565 1720 605 ἁμαρτιῶν
1735 564 1833 594 ἕνεκεν.

1060 611 1141 651 Λέγει
1163 611 1206 641 διὰ
1228 611 1276 648 τὴν
1299 611 1437 651 παρακοὴν
1452 613 1538 641 αὐτῶν
1553 610 1725 651 ἐπενηνέχθαι
1748 611 1836 644 αὐτοῖς

1060 658 1108 692 τὰς
1118 658 1264 699 συμφοράς.
1278 657 1347 697 Περὶ
1368 659 1415 692 τ’ἥς
1437 659 1474 691 εἷς
1492 657 1608 698 Χριστὸν
1629 657 1754 691 πίστεως.
1769 656 1836 687 Ὀτι

1061 704 1106 734 καὶ
1120 704 1158 743 μὴ
1174 703 1269 734 θύοντα
1282 703 1355 733 εἴασε
1375 702 1421 732 τὸν
1433 703 1512 740 λαὸν,
1536 703 1582 733 καὶ
1604 705 1653 733 οὔκ
1671 703 1770 743 ἀπῄτει
1786 702 1836 739 τὴν

1061 750 1105 779 διὰ
1127 751 1225 780 θυσιῶν
1253 748 1389 789 λατρείαν.
1414 748 1468 778 Καὶ
1491 748 1555 789 περὶ
1579 750 1632 778 τῶν
1660 749 1696 782 εἰς
1720 748 1836 788 Χριστὸν

1062 796 1244 826 πιστευόντων
1267 795 1424 835 προφητεία.
1443 794 1575 835 Ἔλεγχος
1595 797 1643 831 τ’ῆς
1653 796 1708 824 τῶν
1721 794 1836 824 εἰδώλων

1061 841 1205 878 ἀσθενείας,
1216 841 1262 871 καὶ
1276 840 1382 875 ἔνδειξις
1395 843 1443 878 τῆς
1453 843 1499 871 τοῦ
1511 842 1581 871 Θεοῦ
1592 841 1735 880 δυνάμεως.
1747 839 1836 870 Ἀπώ-

1058 888 1118 917 λετα
1142 887 1319 924 Βαὸυλῶνος,
1339 887 1385 917 καὶ
1408 888 1456 923 τῆς
1479 885 1688 927 σκληροκαρδίας
1702 884 1836 915 Ἰουδαίων

1060 933 1183 973 ἔλεγχος,
1197 933 1243 964 καὶ
1262 936 1388 974 χρηστῶν
1406 933 1572 974 πραγμάτων
1591 932 1749 974 προφητεία.
1762 932 1835 972 Περὶ

1061 980 1177 1020 Χριστοῦ
1207 979 1356 1020 προφητεία
1381 979 1427 1009 καὶ
1453 979 1622 1020 παράκλησις
1647 977 1833 1018 Ἰερουσαλήμ.

1061 1025 1130 1065 Περὶ
1147 1027 1200 1055 τῶν
1221 1025 1375 1055 ἀποστόλων
1394 1025 1440 1055 καὶ
1458 1024 1520 1065 περὶ
1540 1025 1657 1065 Χριστοῦ
1674 1023 1832 1064 προφητεία.

1061 1071 1129 1111 Περὶ
1149 1073 1197 1107 τῆς
1219 1074 1265 1100 τοῦ
1286 1072 1407 1111 Χριστοῦ
1424 1071 1493 1101 κατὰ
1516 1070 1602 1111 σάρκα
1615 1070 1778 1110 γεννήσεως,
1790 1070 1836 1100 καὶ

1061 1117 1122 1157 περὶ
1136 1117 1249 1154 πάθους,
1271 1117 1317 1147 καὶ
1340 1116 1524 1153 ἀναστάσεως,
1538 1116 1584 1147 καὶ
1603 1116 1720 1153 πλήθους
1731 1119 1785 1147 τῶν
1798 1119 1837 1150 εἰς

1062 1163 1140 1193 αὐτὸν
1154 1163 1341 1193 πιστευόντων.
1362 1163 1432 1204 Περὶ
1444 1166 1490 1193 τοῦ
1503 1164 1621 1204 Χριστοῦ
1641 1163 1698 1202 ἅμα
1716 1163 1762 1192 καὶ
1775 1163 1836 1203 περὶ

1062 1212 1108 1239 τοῦ
1125 1210 1235 1251 Ἰσραὴλ
1247 1209 1317 1240 κατὰ
1330 1210 1458 1250 ἱστορίαν,
1469 1210 1539 1240 κατὰ
1556 1209 1696 1249 ἀναγωγὴν
1709 1208 1771 1249 περὶ
1784 1210 1836 1239 τῶν

1063 1258 1100 1290 εἷς
1113 1256 1229 1296 Χριστὸν
1243 1256 1431 1286 πιστευόντων.
1443 1255 1600 1296 Κατηγορία
1613 1255 1751 1286 Ἰουδαίων
1762 1256 1836 1285 εἰδω-

1062 1302 1216 1343 λολατρείας
1228 1302 1325 1340 ἕνεκεν,
1338 1302 1384 1332 καὶ
1398 1304 1445 1338 τῆς
1458 1302 1580 1338 νηστείας
1601 1303 1688 1332 αὐτῶν
1701 1301 1837 1342 παραίτη-

1062 1360 1120 1385 σις,
1142 1348 1187 1378 καὶ
1210 1348 1302 1388 ἑτέρας
1323 1348 1445 1384 νηστείας
1465 1348 1597 1388 βελτίονος
1611 1347 1750 1382 ὑπόδειξις.
1767 1342 1836 1378 Εἶτα

1062 1394 1209 1434 κατηγορία
1222 1396 1274 1424 τῶν
1290 1395 1402 1434 δολερῶν
1422 1396 1507 1424 αὐτῶν
1521 1393 1605 1434 ἔργων
1625 1393 1670 1423 καὶ
1685 1394 1836 1434 βουλευμά-

1062 1452 1129 1476 των,
1143 1440 1188 1470 καὶ
1201 1441 1349 1480 προφητεία
1364 1439 1425 1480 περὶ
1437 1442 1491 1470 τῶν
1505 1442 1542 1474 εἷς
1560 1440 1675 1480 Χριστὸν
1694 1439 1836 1470 πιστευόν-

1063 1498 1126 1515 των.
1145 1486 1213 1527 Περὶ
1228 1488 1344 1527 Χριστοῦ
1364 1487 1531 1527 προφητεία,
1544 1487 1590 1517 καὶ
1603 1487 1664 1527 περὶ
1675 1488 1727 1517 τῶν
1741 1487 1835 1517 ἷάσεων

1062 1535 1115 1562 τῶν
1138 1535 1175 1566 εἷς
1194 1533 1283 1573 ψυχὴν
1297 1533 1342 1563 καὶ
1357 1535 1394 1567 εἰς
1414 1535 1493 1573 σῶμα
1512 1532 1658 1572 γενομένων
1679 1534 1724 1562 ὕπ’
1742 1535 1836 1569 αὐτοῦ,

1064 1578 1109 1608 καὶ
1129 1579 1191 1619 περὶ
1210 1581 1263 1608 τῶν
1286 1579 1441 1609 ἀποστόλων
1463 1579 1509 1609 καὶ
1526 1579 1588 1619 περὶ
1601 1581 1654 1609 τῶν
1671 1580 1772 1609 λοιπῶν
1783 1581 1836 1609 τῶν

1063 1626 1241 1655 πιστευόντων
1259 1627 1341 1666 αὐτῷ.
1355 1625 1424 1666 Περὶ
1441 1628 1488 1655 τοῦ
1508 1625 1615 1659 πάθους.
1630 1625 1684 1655 Καὶ
1703 1625 1777 1666 παρὰ
1790 1628 1837 1655 τοῦ

1064 1670 1211 1710 προφήτου,
1223 1673 1259 1705 ὣς
1266 1671 1340 1712 παρὰ
1353 1673 1398 1701 τοῦ
1412 1672 1487 1708 λαοῦ,
1500 1670 1694 1710 ἐξομολόγησις,
1707 1671 1753 1701 καὶ
1763 1670 1837 1711 παρὰ

1064 1719 1109 1747 τοῦ
1122 1716 1220 1758 Κυρίου
1234 1717 1342 1758 ἔλεγχος
1353 1717 1458 1748 ἐκείνων
1471 1718 1614 1754 ἀπειθείας,
1626 1718 1671 1748 καὶ
1686 1718 1836 1758 πρόσληψις

1064 1764 1117 1792 τῶν
1129 1763 1306 1793 πιστευόντων
1320 1765 1406 1805 αὐτῷ,
1420 1763 1466 1794 καὶ
1480 1764 1626 1805 κατηγορία
1640 1767 1687 1801 τῆς
1701 1764 1836 1795 Ἰουδαίων

1065 1809 1289 1849 εἰδωλολατρείας.
1309 1810 1377 1850 Περὶ
1397 1812 1450 1840 τῶν
1463 1810 1639 1840 πιστευόντων
1657 1810 1684 1845 ἐξ
1702 1810 1836 1840 Ἰουδαίων

1064 1856 1102 1888 εἷς
1111 1855 1156 1884 τὸν
1166 1855 1263 1895 Κύριον
1276 1857 1353 1894 ἡμῶν
1366 1857 1470 1893 Ἰησοῦν
1479 1856 1605 1896 Χριστόν.
1619 1857 1774 1897 Κατηγορία
1783 1858 1836 1886 τῶν

1065 1902 1264 1938 α’πειθησάντων
1279 1902 1341 1942 περὶ
1355 1904 1403 1938 τῆς
1417 1902 1564 1942 μελλούσης
1578 1904 1655 1938 ζωῆς.

1089 2005 1210 2025 ΣΥΝΟΨΙΣ
1228 2005 1282 2025 ΤΩΝ
1300 2006 1336 2032 ‘m
1354 2006 1485 2032 nemum
1507 2006 1619 2032 ΙΕΡΕΜΙᾼ
1637 2005 1807 2026 ΕΙΡΗΜΕΝΩΝ.

1107 2130 1303 2170 Προαγόρευσις
1312 2132 1365 2160 τῶν
1377 2130 1508 2170 ἐσομένων
1517 2131 1606 2160 κακῶν
1617 2132 1655 2170 τῷ
1667 2130 1775 2170 Ἰσραὴλ
1785 2130 1837 2160 ὑπὸ

1066 2179 1112 2206 τοῦ
1135 2175 1377 2216 Ναὸουχοδονόσορ.
1401 2175 1531 2217 Ἔλεγχος
1554 2179 1602 2213 τ’ῆς
1623 2176 1837 2216 εἶδωλολατρείας

1067 2225 1112 2252 τοῦ
1127 2222 1249 2262 Ἰσραὴλ,
1262 2222 1307 2252 καὶ
1320 2222 1468 2262 ὑπόμνησις
1481 2225 1528 2258 τῆς
1539 2225 1585 2252 τοῦ
1596 2224 1668 2253 Θεοῦ
1689 2222 1837 2262 εὐεργεσίας

1068 2271 1104 2303 εἷς
1125 2268 1219 2302 αὐτοὺς
1229 2290 1237 2304 ,
1259 2269 1304 2299 καὶ
1327 2270 1379 2299 τῶν
1403 2271 1492 2299 κακῶν
1501 2292 1509 2306 ,
1533 2269 1551 2298 ἃ
1572 2270 1603 2298 ἐκ
1615 2272 1661 2299 τοῦ
1684 2268 1838 2298 πεποιθέναι

1069 2315 1222 2355 Αἰγυπτίοις
1244 2315 1399 2354 ὑπέμειναν.
1422 2317 1481 2351 Τῆς
1493 2317 1545 2345 τῶν
1567 2315 1683 2345 εἰδώλων
1705 2315 1838 2349 ἀσθενείας

1067 2362 1184 2402 ἔλεγχος,
1198 2361 1243 2391 καὶ
1255 2365 1303 2398 τῆς
1318 2363 1404 2392 αὐτῶν
1417 2365 1470 2392 τῶν
1484 2363 1658 2402 Ἰσραηλιτῶν
1671 2364 1839 2402 ἀνθρωποθυ·

1067 2409 1126 2443 σίας
1148 2408 1305 2448 κατηγορία.
1322 2410 1378 2438 Τοῦ
1400 2408 1512 2449 Ἰσραὴλ
1531 2407 1694 2448 κατηγορία,
1717 2408 1763 2438 καὶ
1785 2408 1838 2438 ἀπὸ

1067 2455 1228 2496 συγκρίσεως
1241 2457 1289 2491 τῆς
1301 2454 1366 2495 πρὸς
1389 2454 1467 2484 αὐτὸν
1481 2454 1588 2491 αὔξησις
1610 2457 1663 2484 τῶν
1684 2457 1728 2484 τοῦ
1749 2454 1837 2484 Ἰούδα

1066 2501 1245 2541 τολμημάτων
1254 2513 1260 2519 ·
1275 2501 1320 2530 καὶ
1333 2501 1520 2541 προαγόρευσις
1529 2502 1654 2541 χρηστῶν
1666 2503 1704 2540 τῷ
1718 2501 1836 2541 Ἰσραὴλ,

1068 2549 1090 2577 εἰ
1104 2547 1256 2587 ἐπιστρέψει
1270 2547 1335 2587 πρὸς
1346 2547 1390 2577 τὸν
1404 2547 1488 2577 Θεόν·
1504 2547 1548 2576 καὶ
1562 2546 1613 2576 ὑπὸ
1627 2549 1673 2576 τοῦ
1685 2547 1835 2587 προφήτου,

1068 2595 1102 2627 ὣς
1118 2594 1190 2633 παρὰ
1203 2597 1249 2622 τοῦ
1262 2595 1337 2628 λαοῦ,
1351 2593 1546 2632 ἐξομολόγησις.
1560 2593 1596 2622 Ἤ
1611 2592 1700 2626 ἄνοδος
1713 2595 1765 2622 τῶν
1778 2593 1834 2622 Βα-

1068 2638 1210 2678 βυλωνίων,
1225 2639 1271 2669 καὶ
1289 2642 1334 2669 τοῦ
1347 2639 1482 2679 προφήτου
1496 2641 1587 2679 θρῆνος
1599 2639 1642 2669 ἐπὶ
1656 2641 1688 2675 τῆ
1704 2638 1834 2679 μελλούσῃ
