1890 2826
196 191 265 234 514
885 199 1056 222 MOMTUM.

232 265 311 292 Anno
323 262 394 298 599,
407 267 549 301 postquam
564 269 647 288 unum
657 259 716 299 jam
727 269 827 290 annum
846 260 873 289 in
895 260 1049 300 episcopatu
1066 259 1362 300 Constantinopolitano
1380 270 1503 291 emensus
1521 267 1577 291 erat
1595 261 1760 302 chrysosto-

192 321 267 347 mus,
283 316 314 339 ut
325 309 382 349 ipse
399 308 437 337 ait
457 307 539 344 infra,
555 306 601 350 ⁷4²st
614 305 666 346 γὰρ
679 307 797 337 ἐνιαυτὸν
810 306 864 348 ἔχω
876 306 968 337 λοιπὸν
982 309 1030 343 τῆς
1045 305 1147 340 πόλεως
1168 305 1262 340 ἕπιὸὰς
1280 308 1328 342 τῆς
1349 306 1490 346 ὑμετέρας,
1503 307 1644 338 ordinatus
1663 318 1760 348 nempe

192 367 260 386 anno
272 356 341 391 598,
357 361 446 393 atque,
464 360 492 382 ut
501 354 538 382 ait
548 354 682 390 Socrates,
694 354 734 383 26
747 353 902 389 Februarii,
914 353 979 382 feria
994 359 1088 391 quarta
1099 351 1275 382 hebdomadae
1288 359 1396 388 sanctae,
1410 363 1470 391 quae
1482 353 1550 382 feria
1561 363 1632 383 anno
1644 353 1759 384 599111-

193 402 298 432 cidebat
311 401 339 430 in
353 402 372 430 6
390 399 502 441 Aprilis,
513 406 568 428 tam
579 399 674 439 ingens
686 399 780 440 pluvia
793 399 905 437 decidit,
921 406 952 428 nt
965 405 1051 428 metus
1065 405 1144 436 esset,
1157 409 1191 428 ne
1205 398 1262 438 agri
1275 398 1489 436 devastarentur,
1502 409 1654 438 messesque
1666 409 1759 433 omnes

192 450 219 478 in
234 449 379 489 perniciem
396 453 512 476 ruerent.
530 446 600 475 Hinc
613 457 704 486 preces
713 469 721 483 ,
735 446 944 486 supplicationes
957 452 983 474 et
994 445 1136 482 λιτανεῖαι,
1150 455 1198 474 seu
1210 447 1418 485 processiones,
1435 445 1563 486 episcopo
1575 445 1645 475 duce
1661 452 1688 475 et
1701 451 1759 475 toto

192 503 365 526 concurrente
379 494 480 535 populo
493 493 528 523 ad
539 493 690 523 Ecclesiam
702 493 885 534 apostolorum
895 492 1127 533 Constantinopoli
1139 492 1351 522 celeberrimam.
1363 494 1554 533 Depreoetores
1566 492 1684 522 adhibiti
1692 499 1759 522 sunt

190 544 295 577 Petrus,
308 548 334 571 et
344 540 474 577 Andreas,
487 539 535 578 qui
547 539 700 580 Bymntinae
711 539 838 570 Ecclesia:
847 539 975 569 fundator
985 539 1145 576 habebatur,
1160 539 1261 568 Paulus
1271 539 1335 569 item
1345 546 1372 568 et
1379 539 1538 570 Timotheus
1547 537 1584 569 ad
1597 538 1758 579 placandam

190 587 308 616 numinis
328 587 394 615 iram
413 585 531 615 invocati
554 592 628 614 sunt.
647 587 711 615 Post
733 585 791 615 haec
814 585 901 615 imbre
920 591 1047 621 cessante,
1069 584 1185 614 necdum
1200 585 1306 615 sublata
1331 585 1491 623 formidine,
1511 586 1621 626 trajecto
1641 585 1757 615 'navibus

164 644 170 653 ⁸
189 634 318 675 Bosporo,
342 633 378 662 ad
396 632 545 662 Ecclesiam
557 633 607 662 SS.
621 632 693 662 Petri
705 639 733 662 et
743 632 833 669 Pauli,
841 632 869 661 in
885 632 1007 672 opposita
1021 631 1103 661 maris
1115 642 1162 661 ora
1172 631 1262 668 sitam,
1275 642 1338 662 cum
1349 632 1475 673 episcopo
1481 639 1554 662 totus
1566 639 1650 662 coetus
1663 642 1756 662 occur-

188 681 233 710 rit.
247 682 304 710 Hoc
315 679 446 721 perfuncti
458 679 580 718 periculo
591 679 878 720 Constantinopolitani
891 679 1023 719 plerique,
1035 689 1089 707 una
1103 685 1207 708 tantum
1222 678 1379 718 interposita
1391 678 1447 715 die,
1460 683 1523 718 μιᾶς
1536 678 1635 718 μεταξὺ
1647 679 1755 718 γενομέ-

187 738 232 763 νης
244 726 356 767 ἡμέρας,
370 737 430 765 qnae
444 725 501 755 dies
514 732 571 755 erat
583 725 648 756 feria
663 727 690 756 V
712 727 740 755 in
751 727 833 756 Coena
844 725 966 761 Domini,
979 735 1041 754 cum
1055 724 1083 753 in
1095 726 1241 754 Parasceve
1258 723 1318 753 ludi
1335 731 1471 763 equestres
1483 724 1658 764 agitarentur,
1671 731 1756 754 trans-

186 774 236 803 acti
248 773 362 814 periculi
370 774 550 808 immemores,
566 771 636 801 nihil
647 779 771 802 curantes
783 772 856 802 diem
867 772 943 801 illam
954 782 1068 808 sacram,
1083 770 1110 799 in
1123 781 1177 809 qua
1189 781 1239 810 pro
1250 770 1324 800 orbis
1334 770 1421 800 salute
1434 769 1559 800 Christus
1572 770 1645 799 cruci
1655 770 1755 800 affixus

184 820 246 856 fuit,
260 821 295 849 ad
307 821 359 850 hoc
372 819 554 860 spectaculum
567 826 751 855 accurrerunt,
763 826 899 858 totamque
913 819 1007 848 urbem
1026 817 1170 848 inconditis
1182 817 1345 847 clamoribus
1358 817 1541 857 repleverunt,
1556 817 1665 846 iuterim
1677 816 1754 857 inge-

184 867 310 897 miscente
331 867 459 906 domique
473 865 581 895 sedente
591 866 796 906 chrysostomo.
807 867 901 905 Neque
913 865 977 894 satis
989 865 1109 894 habuere
1121 863 1175 900 illi,
1187 863 1261 902 quod
1272 863 1344 893 diem
1360 870 1479 893 sanctam
1491 864 1650 893 Parasceves
1662 863 1754 903 profa-

184 914 225 943 nis
237 914 397 954 spectaculis
415 912 645 947 dehonestassent;
662 911 707 942 die
725 913 806 942 etiam
818 912 973 951 insequente
983 934 991 949 ,
1005 921 1065 950 quae
1083 917 1140 940 erat
1155 910 1304 940 Sabbatum
1318 916 1451 947 sanctum,
1470 909 1505 939 ad
1518 909 1661 939 theatrales
1674 909 1754 940 ludos

183 971 211 989 se
224 960 405 996 contulerunt,
418 958 466 988 ubi
479 958 630 988 meretricia
643 965 719 987 erant
732 957 895 998 spectacula,
910 967 970 996 quae
980 955 1137 996 singulatim
1152 962 1179 985 et
1190 955 1295 996 egregie
1305 955 1428 996 depingit
1437 955 1655 995 chrysostomus,
1671 955 1753 995 inque

183 1007 399 1047 praevaricatores
419 1004 578 1047 hujusmodi
598 1005 715 1045 graviter
729 1005 878 1041 invehitur,
894 1004 1057 1043 demumque
1078 1002 1106 1032 in
1125 1002 1189 1032 illos
1209 1003 1492 1033 excommunicationis
1512 1003 1669 1032 sententiam
1685 1013 1752 1043 pro-

183 1060 298 1082 nuntiat.

224 1099 275 1129 Hic
290 1098 465 1137 quaerendum
477 1097 610 1127 incumbit
623 1107 656 1126 an
669 1107 734 1127 vere
748 1104 775 1126 et
787 1108 822 1127 ex
835 1097 924 1127 animo
938 1095 1095 1125 sententiam
1109 1095 1187 1125 illam
1201 1094 1345 1135 protulerit
1356 1095 1576 1136 Chrysostomus,
1590 1105 1624 1125 an
1637 1094 1751 1124 commi-

137 1151 173 1170 271
183 1145 270 1174 nantis
283 1145 372 1174 solum
385 1154 469 1173 more.
485 1143 514 1173 Si
527 1143 609 1173 verba
620 1150 732 1183 spectes,
749 1142 989 1172 excommunicatio
1003 1141 1051 1171 illa
1067 1152 1097 1171 re
1123 1152 1155 1172 ac
1168 1151 1231 1171 vere
1250 1141 1360 1172 inducta
1371 1142 1504 1172 videatur.
1520 1143 1668 1181 Postquam
1677 1140 1751 1171 enim

181 1191 304 1227 dixerat,
318 1190 384 1230 Age
397 1191 554 1219 sectionem
567 1190 741 1230 inferamus,
756 1197 821 1226 etc.,
837 1190 875 1219 ait
886 1211 894 1226 ,
910 1189 1128 1219 ἐκὸαλλέσθωσαν
1141 1188 1227 1218 τοίνυν
1249 1190 1274 1218 οἱ
1293 1192 1423 1226 τοιοῦτοι,
1438 1190 1605 1230 Eiiciamur
1613 1198 1680 1229 ergo
1694 1189 1750 1218 hu-

178 1237 308 1275 jusmodi
322 1237 452 1265 homines
459 1249 471 1270 ‚-
486 1241 515 1264 ut
529 1241 618 1264 autem
628 1235 758 1274 probetur
770 1235 861 1275 ipsum
870 1245 904 1264 ex
915 1235 1004 1263 animo
1019 1241 1045 1263 et
1058 1235 1159 1264 sincere
1169 1235 1226 1264 haec
1236 1234 1368 1271 edixisse,
1379 1237 1474 1276 paucis
1483 1235 1630 1276 interjectis
1642 1235 1681 1264 sic
1693 1234 1747 1264 ait:

181 1283 215 1313 Si
223 1293 296 1312 vero
307 1282 512 1322 perhorruistis
522 1283 600 1311 hanc
611 1281 763 1310 audientes
772 1283 945 1310 sententiam
956 1283 966 1317 (
977 1281 1066 1309 video
1079 1291 1206 1320 namque
1219 1291 1319 1310 omnes
1338 1282 1559 1322 ingemiscentes
1569 1287 1598 1311 et
1608 1291 1750 1321 compun-

181 1332 264 1367 ctos),
275 1329 455 1369 resipiscant,
469 1335 498 1358 et
508 1328 653 1358 sententia
664 1328 763 1357 soluta
775 1334 828 1364 est,
840 1326 1109 1366 μεταὸαλλέσθωσαν,
1121 1326 1167 1356 καὶ
1177 1327 1285 1357 λέλυται
1298 1327 1332 1357 τὰ
1344 1330 1392 1363 τῆς
1406 1328 1573 1369 ἀποφάσεως.
1587 1329 1656 1365 Quae
1666 1327 1749 1358 verba

180 1375 337 1404 sententiam
348 1385 411 1404 vere
422 1374 554 1414 prolatam
565 1385 620 1414 prae
631 1384 659 1404 se
672 1374 741 1403 ferre
750 1373 886 1404 videntur.
900 1375 935 1402 At
946 1380 1012 1413 puto
1020 1372 1078 1403 haec
1091 1379 1195 1402 tantum
1205 1374 1386 1407 comminandi
1399 1375 1489 1405 animo
1499 1376 1535 1405 ab
1547 1374 1665 1404 antistite
1671 1374 1749 1415 'dicta

179 1422 273 1459 fuisse,
287 1421 389 1451 necnisi
401 1432 494 1461 parem
513 1421 542 1450 iu
556 1420 670 1461 culpans
677 1420 766 1450 denuo
786 1420 875 1460 lapsos
890 1430 947 1457 eos,
962 1419 1010 1458 qui
1026 1419 1062 1449 ad
1078 1420 1230 1460 spectacula
1250 1428 1435 1458 accurrerant,
1445 1420 1748 1451 excommunicationem

181 1468 273 1498 subire
286 1468 416 1499 voluisse.

220 1515 305 1545 Aliud
322 1514 519 1556 explorandum
535 1514 711 1555 proponitur,
726 1524 781 1553 quo
801 1524 897 1554 nempe
915 1513 961 1543 die
980 1514 1052 1543 hanc
1070 1514 1224 1544 concionem
1237 1514 1363 1544 habuerit
1376 1515 1605 1555 Chrysostomus:
1622 1525 1664 1544 res
1677 1514 1749 1544 enim

180 1561 338 1592 difficultate
351 1573 404 1592 non
418 1573 513 1592 vacare
528 1562 648 1592 videtur.
666 1562 696 1591 In
715 1561 766 1591 hae
787 1561 914 1590 concione
929 1561 1000 1590 enim
1018 1561 1074 1597 ait,
1089 1560 1141 1601 πρὸ
1157 1563 1238 1601 τριῶν
1257 1563 1364 1602 ἡμερῶν
1379 1562 1523 1602 ἔπομὸρία,
1533 1568 1603 1591 ante
1616 1567 1674 1590 tres
1688 1562 1750 1591 dies

180 1610 272 1638 imber
284 1611 396 1650 ingens.
410 1608 501 1639 Imber
514 1615 604 1638 autem
619 1607 666 1637 ille
678 1607 780 1637 decidit
793 1607 857 1636 seria
877 1613 972 1646 quarta
988 1606 1171 1637 Hebdomadis
1190 1614 1298 1644 sanctae,
1315 1607 1408 1646 quinta
1418 1608 1485 1637 seria
1498 1607 1527 1636 in
1541 1608 1623 1638 Coena
1636 1607 1750 1637 Domini

178 1655 249 1684 nihil
270 1662 433 1685 memoratur
450 1654 594 1692 incidisse,
609 1654 636 1683 in
656 1655 802 1683 Parasccve
819 1653 879 1682 ludi
898 1660 1032 1692 equestres
1051 1652 1152 1683 multos
1169 1660 1341 1691 averterunt,
1355 1654 1473 1684 Sabbato
1486 1653 1571 1684 iidem
1584 1654 1749 1684 theatrorum

178 1703 328 1742 spectacula
342 1703 476 1732 adierunt.
491 1702 563 1732 Hinc
573 1712 638 1732 vero
651 1701 729 1739 sequi
738 1701 847 1730 videtur
860 1701 929 1730 hanc
943 1700 1091 1731 Homiliam
1105 1700 1165 1741 ipso
1177 1700 1222 1730 die
1234 1708 1326 1731 sancto
1340 1701 1448 1731 Pascha!
1459 1700 1583 1731 habitam
1593 1701 1676 1731 tuisse
1683 1713 1692 1739 ς
1706 1701 1748 1731 in-

179 1756 219 1777 ter
229 1760 308 1787 quem
322 1756 349 1779 et
365 1749 459 1778 feriam
473 1755 596 1788 quartam
609 1747 801 1789 praecedentcm
814 1754 885 1777 retro
898 1746 1076 1784 numerando,
1087 1753 1141 1776 tres
1155 1746 1353 1777 intercedebant
1365 1747 1423 1776 dies
1436 1746 1512 1787 pleni
1521 1753 1548 1777 et
1557 1747 1666 1787 integri,
1678 1747 1749 1777 Sab-

178 1796 283 1831 batum,
298 1798 443 1826 Parasceve
456 1803 482 1826 et
498 1796 565 1826 feria
582 1796 687 1835 quinta.
700 1794 755 1825 Sed
769 1795 792 1824 si
804 1795 832 1824 in
852 1794 898 1824 die
910 1794 1019 1824 Paschae
1032 1794 1124 1823 habita
1142 1795 1235 1824 concio
1251 1795 1304 1824 suit
1313 1817 1321 1828 ,
1337 1795 1408 1824 cur*
1419 1804 1452 1823 ne
1466 1794 1580 1824 verbum
1591 1793 1702 1833 quidem
1714 1794 1749 1823 de

177 1843 370 1872 resurrectione
378 1842 489 1872 Domini
501 1842 529 1872 in
540 1849 594 1872 tota
606 1842 717 1872 homilia
728 1842 862 1871 hahetur?
871 1842 941 1871 Nam
952 1840 1001 1870 etsi
1015 1839 1069 1870 dici
1081 1841 1192 1869 sortasse
1205 1841 1289 1880 possit
1299 1840 1522 1880 Chrysostomum
1533 1839 1583 1869 illa
1596 1839 1652 1874 die,
1664 1846 1694 1868 nt
1707 1839 1749 1868 in-

177 1888 360 1928 dignationem
379 1898 456 1917 suam
477 1888 506 1916 in
525 1898 581 1925 eos,
597 1888 645 1927 qui
662 1887 768 1916 theatra
782 1886 879 1916 diebus
892 1886 989 1916 sanctIs
1006 1886 1141 1921 adierant,
1151 1893 1318 1921 exoneraret,
1332 1885 1488 1915 concionem
1506 1885 1649 1922 habuisse,
1662 1885 1748 1914 nihil-

178 1945 230 1973 que
243 1934 319 1963 aliud
332 1934 460 1973 cogitasse
468 1956 475 1970 ,
491 1944 523 1963 an
541 1933 632 1964 decuit
645 1933 672 1962 in
687 1933 732 1962 die
743 1940 833 1963 sancto
845 1933 953 1963 Paschae
965 1932 1034 1962 nihil
1047 1932 1156 1962 omnino
1168 1932 1203 1962 de
1215 1939 1288 1962 tanta
1301 1931 1468 1968 celebritate,
1482 1941 1515 1960 ne
1525 1931 1640 1972 carptim
1653 1930 1747 1961 saltem

177 1982 274 2020 loqui?
285 1981 314 2011 Si
328 1991 392 2011 vero
406 1981 434 2010 in
447 1987 600 2019 sequentem
614 1979 688 2009 diem
700 1980 846 2010 Homiliam
860 1980 1010 2017 mittamus,
1024 1979 1077 2009 alia
1093 1986 1219 2019 exsurget
1234 1978 1380 2009 difficultas
1394 1990 1402 2007 τ
1414 1988 1468 2008 non
1481 1978 1553 2007 enim
1570 1984 1624 2007 tres
1642 1983 1747 2007 tantum

177 2027 246 2065 dies,
260 2027 308 2057 sed
322 2034 437 2066 quatuor
451 2027 526 2067 pleni
543 2033 569 2056 et
583 2026 692 2066 integri,
705 2026 868 2056 intercedent
876 2038 886 2066 ς
899 2037 994 2057 verum
1006 2027 1120 2056 fortasse
1129 2025 1338 2066 chrysostomus
1355 2032 1410 2055 tres
1434 2024 1535 2055 dixerit
1546 2024 1603 2054 dies
1614 2034 1667 2054 non
1678 2034 1745 2064 sup-

176 2074 308 2114 putando,
324 2073 372 2103 sed
386 2074 493 2103 circiter
504 2080 610 2113 tempus
629 2073 805 2114 assignando,
817 2073 892 2113 quod
905 2073 980 2114 apud
995 2073 1086 2114 ipsum
1104 2083 1158 2102 non
1170 2072 1311 2103 insolitum
1325 2078 1375 2102 est.
1388 2072 1469 2109 Rem,
1481 2071 1602 2110 alioquin
1612 2082 1666 2101 non
1678 2071 1746 2101 tanti

176 2121 314 2158 momenti,
327 2120 440 2150 dubiam
452 2120 640 2160 relinquimus.

209 2225 222 2238 '⁶
240 2225 270 2257 [«
278 2225 350 2249 Hanc
362 2223 538 2250 difficultatem
551 2224 623 2249 facile
636 2224 753 2257 expedire
764 2224 832 2257 licet,
843 2224 921 2250 modo
930 2229 1004 2249 antea
1016 2229 1113 2249 certum
1125 2223 1172 2253 sit,
1183 2222 1249 2247 hanc
1258 2221 1388 2248 homiliam
1399 2221 1513 2247 habitam
1523 2230 1575 2247 esse
1586 2221 1628 2247 die
1637 2221 1745 2247 Pascha-

174 2264 215 2289 tis.
226 2264 271 2289 Uti
281 2265 347 2288 enim
359 2263 554 2298 Chrysostomus
565 2265 696 2299 presbyter
707 2265 833 2290 multoties
844 2270 902 2297 post
914 2265 1059 2297 episcopum
1071 2269 1097 2289 et
1108 2262 1170 2288 alios
1181 2261 1270 2288 eodem
1281 2262 1322 2288 die
1329 2271 1359 2287 ac
1371 2263 1492 2288 continuo
1502 2263 1527 2287 in
1537 2262 1641 2287 ecclesia
1652 2260 1745 2287 habuit

178 2305 336 2335 concionem,
347 2302 373 2328 id
384 2304 454 2336 quod
466 2313 494 2329 ex
508 2305 559 2338 ejus
570 2304 726 2330 sermonibus
735 2310 840 2338 apparet
854 2314 860 2328 z
873 2305 910 2329 ita
923 2304 971 2329 hoc
981 2305 1057 2329 etiam
1066 2303 1108 2329 die
1118 2303 1182 2328 alius
1190 2308 1249 2336 post
1259 2311 1317 2328 eum
1328 2304 1535 2336 episcopum‚sive
1547 2302 1688 2337 presbyter,
1693 2303 1746 2329 sive

174 2344 245 2376 alius,
257 2345 397 2369 orationem
409 2345 441 2370 de
450 2347 545 2372 Pascha
554 2346 647 2371 hahere
659 2346 751 2377 potuit,
759 2350 894 2377 postquam
901 2345 953 2376 ipse
961 2345 1070 2377 graviter
1081 2349 1171 2369 contra
1183 2343 1325 2376 spectacula
1337 2350 1362 2369 et
1372 2343 1471 2369 theatra
1482 2344 1642 2377 disputasset.
1655 2344 1743 2371 Habeo

173 2384 199 2408 in
213 2383 258 2407 hac
276 2392 302 2408 re
314 2385 512 2410 consentientem
528 2387 610 2418 ipsum
621 2383 854 2410 Montefalconium.
865 2383 929 2408 Vide
940 2385 1015 2408 Tom.
1026 2385 1057 2415 V,
1070 2393 1096 2416 p.
1110 2385 1168 2416 4¹8,
1181 2390 1235 2410 not.
1250 2384 1290 2408 b.»
1303 2385 1362 2409 llaec
1377 2383 1438 2410 Chr.
1451 2385 1495 2409 Fr.
1507 2385 1620 2410 Matthaei
1631 2385 1657 2409 in
1672 2383 1739 2410 libro

173 2423 216 2455 qui
231 2424 366 2456 inscriptus
377 2430 415 2449 est
428 2437 433 2451 ;
451 2424 478 2449 J.
494 2423 668 2459 chrysostomi
685 2423 807 2449 Homilioe
817 2424 862 2456 lv,
874 2422 931 2450 Vol.
943 2425 968 2456 2,
980 2433 1006 2456 p.
1020 2425 1062 2455 77,
1075 2424 1182 2456 Μίεειιεε,
1196 2425 1270 2451 4792.
1286 2423 1385 2455 Quibus
1395 2423 1462 2450 adde
1477 2425 1568 2450 namt.
1580 2423 1654 2452 Praef.
1665 2426 1742 2451 Tomi

172 2462 244 2496 hujus
258 2464 271 2498 §
282 2465 319 2496 11,
330 2465 496 2499 eumdemque
506 2465 581 2491 Tom.
595 2466 656 2497 ΧΠ,
668 2473 695 2498 p.
710 2465 753 2490 32⁴
762 2465 780 2497 .]
