<?xml version="1.0" encoding="UTF-8"?>
<!DOCTYPE html PUBLIC "-//W3C//DTD XHTML 1.0 Transitional//EN"
    "http://www.w3.org/TR/xhtml1/DTD/xhtml1-transitional.dtd">
<html xmlns="http://www.w3.org/1999/xhtml" xml:lang="en" lang="en">
 <head>
  <title>
</title>
<meta http-equiv="Content-Type" content="text/html;charset=utf-8" />
  <meta name='ocr-system' content='tesseract 3.04.00' />
  <meta name='ocr-capabilities' content='ocr_page ocr_carea ocr_par ocr_line ocrx_word'/>
</head>
<body>
  <div class='ocr_page' id='page_1' title='image "./operaomniaquaeex06johnuoft_0060.png"; bbox 0 0 1890 2826; ppageno 0'>
   <div class='ocr_carea' id='block_1_1' title="bbox 38 828 179 856">
    <p class='ocr_par' dir='ltr' id='par_1_1' title="bbox 38 828 179 856">
     <span class='ocr_line' id='line_1_1' title="bbox 38 828 179 856; baseline -0.007 -7"><span class='ocrx_word' id='word_1_1' title='bbox 38 828 120 849; x_wconf 58' lang='lat' dir='ltr'>Mala</span> <span class='ocrx_word' id='word_1_2' title='bbox 144 834 179 856; x_wconf 82' lang='lat'>¹7.</span> 
     </span>
    </p>
   </div>
   <div class='ocr_carea' id='block_1_2' title="bbox 186 149 931 353">
    <p class='ocr_par' dir='ltr' id='par_1_2' title="bbox 186 149 931 353">
     <span class='ocr_line' id='line_1_2' title="bbox 186 149 233 193; baseline 0 0"><span class='ocrx_word' id='word_1_3' title='bbox 186 149 233 193; x_wconf 69' lang='lat'>44</span> 
     </span>
     <span class='ocr_line' id='line_1_3' title="bbox 186 216 928 261; baseline -0.005 -12"><span class='ocrx_word' id='word_1_4' title='bbox 186 221 224 250; x_wconf 87' lang='lat' dir='ltr'>sic</span> <span class='ocrx_word' id='word_1_5' title='bbox 243 227 425 261; x_wconf 72' lang='lat' dir='ltr'><strong>paupertatem</strong></span> <span class='ocrx_word' id='word_1_6' title='bbox 439 221 593 251; x_wconf 85' lang='lat' dir='ltr'><strong>ostendens:</strong></span> <span class='ocrx_word' id='word_1_7' title='bbox 608 221 646 250; x_wconf 89' lang='lat' dir='ltr'>sic</span> <span class='ocrx_word' id='word_1_8' title='bbox 660 227 686 249; x_wconf 86' lang='lat' dir='ltr'>et</span> <span class='ocrx_word' id='word_1_9' title='bbox 695 218 826 260; x_wconf 85' lang='lat' dir='ltr'><strong>propbeta</strong></span> <span class='ocrx_word' id='word_1_10' title='bbox 839 216 906 246; x_wconf 88' lang='lat' dir='ltr'><strong>dicit</strong></span> <span class='ocrx_word' id='word_1_11' title='bbox 922 229 928 244; x_wconf 91' lang='lat'>:</span> 
     </span>
     <span class='ocr_line' id='line_1_4' title="bbox 187 267 931 308; baseline -0.008 -11"><span class='ocrx_word' id='word_1_12' title='bbox 187 267 216 297; x_wconf 89' lang='lat' dir='ltr'>Si</span> <span class='ocrx_word' id='word_1_13' title='bbox 234 268 401 308; x_wconf 85' lang='lat' dir='ltr'><strong>principatus</strong></span> <span class='ocrx_word' id='word_1_14' title='bbox 421 275 515 298; x_wconf 89' lang='lat' dir='ltr'><strong>veneat</strong></span> <span class='ocrx_word' id='word_1_15' title='bbox 528 267 686 297; x_wconf 88' lang='lat' dir='ltr'><strong>vestimento</strong></span> <span class='ocrx_word' id='word_1_16' title='bbox 707 275 773 302; x_wconf 85' lang='lat' dir='ltr'><strong>uno,</strong></span> <span class='ocrx_word' id='word_1_17' title='bbox 794 270 841 293; x_wconf 87' lang='lat' dir='ltr'>aut</span> <span class='ocrx_word' id='word_1_18' title='bbox 863 273 931 303; x_wconf 86' lang='lat' dir='ltr'><strong>pane</strong></span> 
     </span>
     <span class='ocr_line' id='line_1_5' title="bbox 187 314 931 353; baseline -0.005 -11"><span class='ocrx_word' id='word_1_19' title='bbox 187 314 255 350; x_wconf 85' lang='lat' dir='ltr'><strong>solo,</strong></span> <span class='ocrx_word' id='word_1_20' title='bbox 276 323 353 343; x_wconf 88' lang='lat' dir='ltr'><strong>nemo</strong></span> <span class='ocrx_word' id='word_1_21' title='bbox 373 314 424 344; x_wconf 89' lang='lat' dir='ltr'><strong>erit</strong></span> <span class='ocrx_word' id='word_1_22' title='bbox 445 314 493 353; x_wconf 88' lang='lat' dir='ltr'>qui</span> <span class='ocrx_word' id='word_1_23' title='bbox 511 321 581 343; x_wconf 87' lang='lat' dir='ltr'><strong>emat</strong></span> <span class='ocrx_word' id='word_1_24' title='bbox 598 319 689 342; x_wconf 89' lang='lat' dir='ltr'><strong>:tanta</strong></span> <span class='ocrx_word' id='word_1_25' title='bbox 702 321 793 341; x_wconf 86' lang='lat' dir='ltr'><strong>rerum</strong></span> <span class='ocrx_word' id='word_1_26' title='bbox 813 320 931 339; x_wconf 88' lang='lat' dir='ltr'><strong>necessa-</strong></span> 
     </span>
    </p>
   </div>
   <div class='ocr_carea' id='block_1_3' title="bbox 185 356 967 673">
    <p class='ocr_par' dir='ltr' id='par_1_3' title="bbox 185 356 967 673">
     <span class='ocr_line' id='line_1_6' title="bbox 187 356 930 399; baseline -0.004 -12"><span class='ocrx_word' id='word_1_27' title='bbox 187 359 290 388; x_wconf 84' lang='lat' dir='ltr'><strong>riarum</strong></span> <span class='ocrx_word' id='word_1_28' title='bbox 300 360 413 399; x_wconf 87' lang='lat' dir='ltr'><strong>penuria</strong></span> <span class='ocrx_word' id='word_1_29' title='bbox 426 359 486 389; x_wconf 86' lang='lat' dir='ltr'><strong>erit.</strong></span> <span class='ocrx_word' id='word_1_30' title='bbox 501 360 531 390; x_wconf 88' lang='lat'>8.</span> <span class='ocrx_word' id='word_1_31' title='bbox 551 361 628 399; x_wconf 78' lang='lat' dir='ltr'><strong>Quia</strong></span> <span class='ocrx_word' id='word_1_32' title='bbox 635 357 778 388; x_wconf 81' lang='lat' dir='ltr'><strong>dissoluta</strong></span> <span class='ocrx_word' id='word_1_33' title='bbox 787 362 829 385; x_wconf 82' lang='lat' dir='ltr'>est</span> <span class='ocrx_word' id='word_1_34' title='bbox 844 356 930 385; x_wconf 82' lang='lat' dir='ltr'><strong>Jeru—</strong></span> 
     </span>
     <span class='ocr_line' id='line_1_7' title="bbox 186 399 967 440; baseline -0.003 -8"><span class='ocrx_word' id='word_1_35' title='bbox 186 404 278 432; x_wconf 81' lang='lat' dir='ltr'><em>salem</em></span> <span class='ocrx_word' id='word_1_36' title='bbox 291 416 299 432; x_wconf 84' lang='lat'>.-</span> <span class='ocrx_word' id='word_1_37' title='bbox 314 403 366 433; x_wconf 87' lang='lat' dir='ltr'>hoc</span> <span class='ocrx_word' id='word_1_38' title='bbox 379 410 428 440; x_wconf 90' lang='lat' dir='ltr'><strong>est,</strong></span> <span class='ocrx_word' id='word_1_39' title='bbox 444 403 570 432; x_wconf 79' lang='lat' dir='ltr'><strong>dereiicta</strong></span> <span class='ocrx_word' id='word_1_40' title='bbox 584 410 608 432; x_wconf 89' lang='lat' dir='ltr'>et</span> <span class='ocrx_word' id='word_1_41' title='bbox 623 402 726 431; x_wconf 82' lang='lat' dir='ltr'><strong>deserta</strong></span> <span class='ocrx_word' id='word_1_42' title='bbox 739 407 789 437; x_wconf 85' lang='lat' dir='ltr'><strong>est,</strong></span> <span class='ocrx_word' id='word_1_43' title='bbox 803 399 852 430; x_wconf 82' lang='lat' dir='ltr'>Dei</span> <span class='ocrx_word' id='word_1_44' title='bbox 868 409 932 439; x_wconf 85' lang='lat' dir='ltr'><strong>pro·</strong></span> <span class='ocrx_word' id='word_1_45' title='bbox 949 407 967 430; x_wconf 81' lang='grc' dir='ltr'>Ι)</span> 
     </span>
     <span class='ocr_line' id='line_1_8' title="bbox 186 448 931 486; baseline -0.007 -7"><span class='ocrx_word' id='word_1_46' title='bbox 186 450 305 479; x_wconf 81' lang='lat' dir='ltr'><strong>videntia</strong></span> <span class='ocrx_word' id='word_1_47' title='bbox 318 450 462 480; x_wconf 88' lang='lat' dir='ltr'><strong>denudata.</strong></span> <span class='ocrx_word' id='word_1_48' title='bbox 477 451 519 479; x_wconf 78' lang='lat' dir='ltr'>Et</span> <span class='ocrx_word' id='word_1_49' title='bbox 531 450 640 480; x_wconf 85' lang='lat' dir='ltr'><strong>Judoea</strong></span> <span class='ocrx_word' id='word_1_50' title='bbox 658 448 786 478; x_wconf 78' lang='lat' dir='ltr'>concidit</span> <span class='ocrx_word' id='word_1_51' title='bbox 799 458 806 475; x_wconf 75' lang='grc' dir='ltr'>ε</span> <span class='ocrx_word' id='word_1_52' title='bbox 822 452 931 486; x_wconf 86' lang='lat' dir='ltr'><strong>pertur-</strong></span> 
     </span>
     <span class='ocr_line' id='line_1_9' title="bbox 185 492 933 535; baseline -0.007 -10"><span class='ocrx_word' id='word_1_53' title='bbox 185 496 304 533; x_wconf 85' lang='lat' dir='ltr'><strong>batione,</strong></span> <span class='ocrx_word' id='word_1_54' title='bbox 320 496 419 535; x_wconf 90' lang='lat' dir='ltr'><strong>inquit,</strong></span> <span class='ocrx_word' id='word_1_55' title='bbox 435 503 461 525; x_wconf 89' lang='lat' dir='ltr'>et</span> <span class='ocrx_word' id='word_1_56' title='bbox 471 496 590 525; x_wconf 87' lang='lat' dir='ltr'><strong>tumultu</strong></span> <span class='ocrx_word' id='word_1_57' title='bbox 605 494 706 535; x_wconf 84' lang='lat' dir='ltr'><strong>repleta</strong></span> <span class='ocrx_word' id='word_1_58' title='bbox 719 500 767 530; x_wconf 84' lang='lat' dir='ltr'><strong>est,</strong></span> <span class='ocrx_word' id='word_1_59' title='bbox 778 492 933 522; x_wconf 77' lang='lat' dir='ltr'><strong>confusione</strong></span> 
     </span>
     <span class='ocr_line' id='line_1_10' title="bbox 187 539 934 582; baseline -0.005 -12"><span class='ocrx_word' id='word_1_60' title='bbox 187 548 212 570; x_wconf 87' lang='lat' dir='ltr'>et</span> <span class='ocrx_word' id='word_1_61' title='bbox 225 541 364 571; x_wconf 85' lang='lat' dir='ltr'><strong>seditione.</strong></span> <span class='ocrx_word' id='word_1_62' title='bbox 379 543 421 571; x_wconf 84' lang='lat' dir='ltr'>Et</span> <span class='ocrx_word' id='word_1_63' title='bbox 443 542 550 582; x_wconf 81' lang='lat' dir='ltr'><strong>linguae</strong></span> <span class='ocrx_word' id='word_1_64' title='bbox 570 551 670 571; x_wconf 84' lang='lat' dir='ltr'><strong>eorum</strong></span> <span class='ocrx_word' id='word_1_65' title='bbox 690 550 756 570; x_wconf 82' lang='lat' dir='ltr'>cum</span> <span class='ocrx_word' id='word_1_66' title='bbox 779 539 934 579; x_wconf 82' lang='lat' dir='ltr'><strong>iniquitate</strong></span> 
     </span>
     <span class='ocr_line' id='line_1_11' title="bbox 188 583 934 627; baseline -0.004 -11"><span class='ocrx_word' id='word_1_67' title='bbox 188 589 234 617; x_wconf 81' lang='lat' dir='ltr'>his</span> <span class='ocrx_word' id='word_1_68' title='bbox 245 598 310 627; x_wconf 83' lang='lat' dir='ltr'>quoe</span> <span class='ocrx_word' id='word_1_69' title='bbox 320 589 442 618; x_wconf 82' lang='lat' dir='ltr'><strong>Domini</strong></span> <span class='ocrx_word' id='word_1_70' title='bbox 452 595 520 618; x_wconf 88' lang='lat' dir='ltr'><strong>sunt</strong></span> <span class='ocrx_word' id='word_1_71' title='bbox 535 598 594 617; x_wconf 86' lang='lat' dir='ltr'>non</span> <span class='ocrx_word' id='word_1_72' title='bbox 606 589 816 625; x_wconf 82' lang='lat' dir='ltr'><strong>obtemperant.</strong></span> <span class='ocrx_word' id='word_1_73' title='bbox 829 583 934 614; x_wconf 83' lang='lat' dir='ltr'><strong>Deinde</strong></span> 
     </span>
     <span class='ocr_line' id='line_1_12' title="bbox 188 630 933 673; baseline -0.004 -11"><span class='ocrx_word' id='word_1_74' title='bbox 188 644 266 664; x_wconf 85' lang='lat' dir='ltr'><strong>causa</strong></span> <span class='ocrx_word' id='word_1_75' title='bbox 280 634 413 664; x_wconf 82' lang='lat' dir='ltr'><strong>malorum</strong></span> <span class='ocrx_word' id='word_1_76' title='bbox 420 633 597 671; x_wconf 84' lang='lat' dir='ltr'><strong>subnectitur,</strong></span> <span class='ocrx_word' id='word_1_77' title='bbox 610 635 707 673; x_wconf 74' lang='lat' dir='ltr'><strong>linguae</strong></span> <span class='ocrx_word' id='word_1_78' title='bbox 719 630 933 672; x_wconf 78' lang='lat' dir='ltr'><strong>intemperantia.</strong></span> 
     </span>
    </p>
   </div>
   <div class='ocr_carea' id='block_1_4' title="bbox 61 679 930 720">
    <p class='ocr_par' dir='ltr' id='par_1_4' title="bbox 61 679 930 720">
     <span class='ocr_line' id='line_1_13' title="bbox 61 679 930 720; baseline -0.006 -10"><span class='ocrx_word' id='word_1_79' title='bbox 61 697 77 710; x_wconf 52' lang='lat' dir='ltr'>ss</span> <span class='ocrx_word' id='word_1_80' title='bbox 86 700 93 709; x_wconf 67' lang='lat' dir='ltr'>t</span> <span class='ocrx_word' id='word_1_81' title='bbox 120 688 141 710; x_wconf 73' lang='lat'>5.</span> <span class='ocrx_word' id='word_1_82' title='bbox 173 703 178 709; x_wconf 93' lang='lat'><strong><em>.</em></strong></span> <span class='ocrx_word' id='word_1_83' title='bbox 190 680 224 709; x_wconf 88' lang='lat' dir='ltr'><strong>Id</strong></span> <span class='ocrx_word' id='word_1_84' title='bbox 236 680 310 719; x_wconf 87' lang='lat' dir='ltr'><strong>quod</strong></span> <span class='ocrx_word' id='word_1_85' title='bbox 320 682 390 711; x_wconf 86' lang='lat' dir='ltr'><strong>Osee</strong></span> <span class='ocrx_word' id='word_1_86' title='bbox 398 680 520 720; x_wconf 79' lang='lat' dir='ltr'><strong>coarguit</strong></span> <span class='ocrx_word' id='word_1_87' title='bbox 533 679 625 710; x_wconf 86' lang='lat' dir='ltr'><strong>dicens</strong></span> <span class='ocrx_word' id='word_1_88' title='bbox 636 691 642 708; x_wconf 77' lang='grc' dir='ltr'>ι</span> <span class='ocrx_word' id='word_1_89' title='bbox 652 679 796 719; x_wconf 68' lang='lat' dir='ltr'><strong>Ephraim</strong></span> <span class='ocrx_word' id='word_1_90' title='bbox 806 679 836 706; x_wconf 87' lang='lat' dir='ltr'>in</span> <span class='ocrx_word' id='word_1_91' title='bbox 844 679 930 706; x_wconf 80' lang='lat' dir='ltr'><strong>inter-</strong></span> 
     </span>
    </p>
   </div>
   <div class='ocr_carea' id='block_1_5' title="bbox 188 721 973 2469">
    <p class='ocr_par' dir='ltr' id='par_1_5' title="bbox 188 721 973 2469">
     <span class='ocr_line' id='line_1_14' title="bbox 189 721 934 767; baseline -0.005 -14"><span class='ocrx_word' id='word_1_92' title='bbox 189 725 262 754; x_wconf 80' lang='lat' dir='ltr'><strong>itum</strong></span> <span class='ocrx_word' id='word_1_93' title='bbox 281 726 415 754; x_wconf 85' lang='lat' dir='ltr'><strong>abierunt</strong></span> <span class='ocrx_word' id='word_1_94' title='bbox 429 726 461 753; x_wconf 79' lang='lat' dir='ltr'>in</span> <span class='ocrx_word' id='word_1_95' title='bbox 475 724 576 754; x_wconf 84' lang='lat' dir='ltr'><strong>diebus</strong></span> <span class='ocrx_word' id='word_1_96' title='bbox 589 723 817 767; x_wconf 53' lang='lat' dir='ltr'><strong>redargutionis</strong></span> <span class='ocrx_word' id='word_1_97' title='bbox 837 722 869 750; x_wconf 82' lang='lat' dir='ltr'>in</span> <span class='ocrx_word' id='word_1_98' title='bbox 883 721 934 750; x_wconf 81' lang='lat' dir='ltr'><strong>tri-</strong></span> 
     </span>
     <span class='ocr_line' id='line_1_15' title="bbox 190 767 934 811; baseline -0.007 -11"><span class='ocrx_word' id='word_1_99' title='bbox 190 773 283 801; x_wconf 81' lang='lat' dir='ltr'><strong>bubus</strong></span> <span class='ocrx_word' id='word_1_100' title='bbox 304 772 399 801; x_wconf 64' lang='lat' dir='ltr'><strong>Israae&#39;e&#39;l</strong></span> <span class='ocrx_word' id='word_1_101' title='bbox 411 771 526 800; x_wconf 84' lang='lat' dir='ltr'><strong>ostendi</strong></span> <span class='ocrx_word' id='word_1_102' title='bbox 533 771 594 811; x_wconf 82' lang='lat' dir='ltr'><strong>side</strong></span> <span class='ocrx_word' id='word_1_103' title='bbox 616 770 721 810; x_wconf 64' lang='lat' dir='ltr'><strong>dignas</strong></span> <span class='ocrx_word' id='word_1_104' title='bbox 739 776 764 799; x_wconf 87' lang='lat' dir='ltr'>et</span> <span class='ocrx_word' id='word_1_105' title='bbox 786 767 934 798; x_wconf 78' lang='lat' dir='ltr'><strong>Malachias</strong></span> 
     </span>
     <span class='ocr_line' id='line_1_16' title="bbox 189 816 932 856; baseline -0.003 -10"><span class='ocrx_word' id='word_1_106' title='bbox 189 817 282 846; x_wconf 88' lang='lat' dir='ltr'><strong>eadem</strong></span> <span class='ocrx_word' id='word_1_107' title='bbox 302 818 400 846; x_wconf 84' lang='lat' dir='ltr'><strong>iterum</strong></span> <span class='ocrx_word' id='word_1_108' title='bbox 426 817 493 847; x_wconf 87' lang='lat' dir='ltr'><strong>dicit</strong></span> <span class='ocrx_word' id='word_1_109' title='bbox 515 829 521 845; x_wconf 88' lang='lat'>:</span> <span class='ocrx_word' id='word_1_110' title='bbox 549 817 704 856; x_wconf 79' lang='lat' dir='ltr'><strong>Prophetoe</strong></span> <span class='ocrx_word' id='word_1_111' title='bbox 725 816 932 855; x_wconf 72' lang='lat' dir='ltr'>exprobrantes</span> 
     </span>
     <span class='ocr_line' id='line_1_17' title="bbox 188 862 933 903; baseline -0.001 -12"><span class='ocrx_word' id='word_1_112' title='bbox 188 865 224 892; x_wconf 83' lang='lat' dir='ltr'>iis</span> <span class='ocrx_word' id='word_1_113' title='bbox 235 865 286 902; x_wconf 87' lang='lat' dir='ltr'>qui</span> <span class='ocrx_word' id='word_1_114' title='bbox 295 870 528 903; x_wconf 72' lang='lat' dir='ltr'><strong>provocaverunt</strong></span> <span class='ocrx_word' id='word_1_115' title='bbox 543 864 639 893; x_wconf 83' lang='lat' dir='ltr'><strong>Deum</strong></span> <span class='ocrx_word' id='word_1_116' title='bbox 651 864 683 892; x_wconf 82' lang='lat' dir='ltr'>in</span> <span class='ocrx_word' id='word_1_117' title='bbox 691 863 881 892; x_wconf 83' lang='lat' dir='ltr'><strong>sermonibus.</strong></span> <span class='ocrx_word' id='word_1_118' title='bbox 892 862 933 890; x_wconf 86' lang='lat' dir='ltr'>Et</span> 
     </span>
     <span class='ocr_line' id='line_1_18' title="bbox 188 909 934 949; baseline 0 -12"><span class='ocrx_word' id='word_1_119' title='bbox 188 910 322 938; x_wconf 77' lang='lat' dir='ltr'><strong>dixistis.-</strong></span> <span class='ocrx_word' id='word_1_120' title='bbox 350 911 388 938; x_wconf 89' lang='lat' dir='ltr'><strong>In</strong></span> <span class='ocrx_word' id='word_1_121' title='bbox 411 920 470 949; x_wconf 87' lang='lat' dir='ltr'>quo</span> <span class='ocrx_word' id='word_1_122' title='bbox 488 911 710 949; x_wconf 76' lang='lat' dir='ltr'><strong>provocavimus</strong></span> <span class='ocrx_word' id='word_1_123' title='bbox 731 910 822 937; x_wconf 80' lang='lat' dir='ltr'><strong>eum?</strong></span> <span class='ocrx_word' id='word_1_124' title='bbox 840 909 878 936; x_wconf 84' lang='lat' dir='ltr'><strong>In</strong></span> <span class='ocrx_word' id='word_1_125' title='bbox 901 918 934 937; x_wconf 87' lang='lat' dir='ltr'>eo</span> 
     </span>
     <span class='ocr_line' id='line_1_19' title="bbox 189 954 935 996; baseline -0.004 -12"><span class='ocrx_word' id='word_1_126' title='bbox 189 955 270 994; x_wconf 82' lang='lat' dir='ltr'><strong>quod</strong></span> <span class='ocrx_word' id='word_1_127' title='bbox 280 956 375 984; x_wconf 81' lang='lat' dir='ltr'><strong>dicitis</strong></span> <span class='ocrx_word' id='word_1_128' title='bbox 395 969 402 983; x_wconf 89' lang='lat'><em>:</em></span> <span class='ocrx_word' id='word_1_129' title='bbox 423 955 525 984; x_wconf 85' lang='lat' dir='ltr'><strong>Omnis</strong></span> <span class='ocrx_word' id='word_1_130' title='bbox 538 957 590 994; x_wconf 82' lang='lat' dir='ltr'>qui</span> <span class='ocrx_word' id='word_1_131' title='bbox 600 954 684 996; x_wconf 83' lang='lat' dir='ltr'><strong>jacit</strong></span> <span class='ocrx_word' id='word_1_132' title='bbox 700 954 822 989; x_wconf 82' lang='lat' dir='ltr'><strong>malum,</strong></span> <span class='ocrx_word' id='word_1_133' title='bbox 842 955 935 982; x_wconf 85' lang='lat' dir='ltr'><strong>bonus</strong></span> 
     </span>
     <span class='ocr_line' id='line_1_20' title="bbox 188 999 937 1040; baseline -0.001 -11"><span class='ocrx_word' id='word_1_134' title='bbox 188 1002 271 1030; x_wconf 79' lang='lat' dir='ltr'><strong>estin</strong></span> <span class='ocrx_word' id='word_1_135' title='bbox 281 1007 435 1040; x_wconf 84' lang='lat' dir='ltr'><strong>conspectu</strong></span> <span class='ocrx_word' id='word_1_136' title='bbox 448 1001 579 1037; x_wconf 80' lang='lat' dir='ltr'><strong>Domini,</strong></span> <span class='ocrx_word' id='word_1_137' title='bbox 592 1005 620 1028; x_wconf 79' lang='lat' dir='ltr'>et</span> <span class='ocrx_word' id='word_1_138' title='bbox 632 1001 665 1028; x_wconf 84' lang='lat' dir='ltr'>in</span> <span class='ocrx_word' id='word_1_139' title='bbox 678 1001 720 1028; x_wconf 83' lang='lat' dir='ltr'>eis</span> <span class='ocrx_word' id='word_1_140' title='bbox 730 1001 790 1038; x_wconf 85' lang='lat' dir='ltr'><strong>ipse</strong></span> <span class='ocrx_word' id='word_1_141' title='bbox 800 999 856 1028; x_wconf 85' lang='lat' dir='ltr'><strong>sibi</strong></span> <span class='ocrx_word' id='word_1_142' title='bbox 866 999 937 1028; x_wconf 83' lang='lat' dir='ltr'><strong>bene</strong></span> 
     </span>
     <span class='ocr_line' id='line_1_21' title="bbox 189 1044 937 1087; baseline -0.004 -11"><span class='ocrx_word' id='word_1_143' title='bbox 189 1049 376 1087; x_wconf 74' lang='lat' dir='ltr'><strong>complacuit.</strong></span> <span class='ocrx_word' id='word_1_144' title='bbox 396 1049 438 1078; x_wconf 86' lang='lat' dir='ltr'>Et</span> <span class='ocrx_word' id='word_1_145' title='bbox 450 1048 503 1078; x_wconf 86' lang='lat' dir='ltr'>ubi</span> <span class='ocrx_word' id='word_1_146' title='bbox 521 1053 562 1077; x_wconf 82' lang='lat' dir='ltr'>est</span> <span class='ocrx_word' id='word_1_147' title='bbox 577 1047 658 1076; x_wconf 85' lang='lat' dir='ltr'><strong>Deus</strong></span> <span class='ocrx_word' id='word_1_148' title='bbox 670 1047 810 1086; x_wconf 66' lang='lat' dir='ltr'><strong>iustitiae?</strong></span> <span class='ocrx_word' id='word_1_149' title='bbox 827 1046 867 1074; x_wconf 85' lang='lat' dir='ltr'>De</span> <span class='ocrx_word' id='word_1_150' title='bbox 886 1044 937 1074; x_wconf 84' lang='lat' dir='ltr'>boc</span> 
     </span>
     <span class='ocr_line' id='line_1_22' title="bbox 188 1091 937 1135; baseline -0.005 -11"><span class='ocrx_word' id='word_1_151' title='bbox 188 1101 259 1124; x_wconf 84' lang='lat' dir='ltr'><strong>certe</strong></span> <span class='ocrx_word' id='word_1_152' title='bbox 277 1101 304 1124; x_wconf 84' lang='lat' dir='ltr'>et</span> <span class='ocrx_word' id='word_1_153' title='bbox 326 1095 383 1135; x_wconf 86' lang='lat' dir='ltr'><strong>ipse</strong></span> <span class='ocrx_word' id='word_1_154' title='bbox 402 1101 522 1130; x_wconf 87' lang='lat' dir='ltr'><strong>accusat,</strong></span> <span class='ocrx_word' id='word_1_155' title='bbox 543 1093 647 1134; x_wconf 81' lang='lat' dir='ltr'><strong>duplex</strong></span> <span class='ocrx_word' id='word_1_156' title='bbox 668 1092 804 1132; x_wconf 83' lang='lat' dir='ltr'><strong>proferens</strong></span> <span class='ocrx_word' id='word_1_157' title='bbox 825 1091 937 1128; x_wconf 81' lang='lat' dir='ltr'><strong>crimen,</strong></span> 
     </span>
     <span class='ocr_line' id='line_1_23' title="bbox 188 1137 937 1179; baseline -0.005 -9"><span class='ocrx_word' id='word_1_158' title='bbox 188 1140 262 1179; x_wconf 87' lang='lat' dir='ltr'><strong>quod</strong></span> <span class='ocrx_word' id='word_1_159' title='bbox 286 1151 339 1171; x_wconf 89' lang='lat' dir='ltr'>non</span> <span class='ocrx_word' id='word_1_160' title='bbox 365 1140 453 1170; x_wconf 84' lang='lat' dir='ltr'><strong>solum</strong></span> <span class='ocrx_word' id='word_1_161' title='bbox 478 1150 531 1170; x_wconf 90' lang='lat' dir='ltr'>non</span> <span class='ocrx_word' id='word_1_162' title='bbox 556 1140 748 1179; x_wconf 85' lang='lat' dir='ltr'><strong>obtemperent,</strong></span> <span class='ocrx_word' id='word_1_163' title='bbox 778 1147 827 1167; x_wconf 89' lang='lat' dir='ltr'>nec</span> <span class='ocrx_word' id='word_1_164' title='bbox 848 1137 937 1166; x_wconf 85' lang='lat' dir='ltr'><strong>solum</strong></span> 
     </span>
     <span class='ocr_line' id='line_1_24' title="bbox 189 1183 937 1228; baseline -0.004 -11"><span class='ocrx_word' id='word_1_165' title='bbox 189 1187 418 1228; x_wconf 79' lang='lat' dir='ltr'><strong>transgrediantur</strong></span> <span class='ocrx_word' id='word_1_166' title='bbox 439 1187 537 1227; x_wconf 83' lang='lat' dir='ltr'><strong>legem;</strong></span> <span class='ocrx_word' id='word_1_167' title='bbox 557 1197 620 1216; x_wconf 80' lang='lat' dir='ltr'>cum</span> <span class='ocrx_word' id='word_1_168' title='bbox 642 1185 756 1216; x_wconf 85' lang='lat' dir='ltr'><strong>debeant</strong></span> <span class='ocrx_word' id='word_1_169' title='bbox 778 1185 829 1214; x_wconf 87' lang='lat' dir='ltr'>hac</span> <span class='ocrx_word' id='word_1_170' title='bbox 849 1183 885 1214; x_wconf 85' lang='lat' dir='ltr'>de</span> <span class='ocrx_word' id='word_1_171' title='bbox 907 1195 937 1214; x_wconf 84' lang='lat' dir='ltr'>re</span> 
     </span>
     <span class='ocr_line' id='line_1_25' title="bbox 188 1229 937 1273; baseline -0.007 -10"><span class='ocrx_word' id='word_1_172' title='bbox 188 1234 293 1273; x_wconf 83' lang='lat' dir='ltr'><strong>pudore</strong></span> <span class='ocrx_word' id='word_1_173' title='bbox 303 1233 425 1263; x_wconf 78' lang='lat' dir='ltr'><strong>suffundi</strong></span> <span class='ocrx_word' id='word_1_174' title='bbox 445 1239 525 1272; x_wconf 87' lang='lat' dir='ltr'><strong>atque</strong></span> <span class='ocrx_word' id='word_1_175' title='bbox 544 1232 713 1267; x_wconf 82' lang='lat' dir='ltr'><strong>erubescere,</strong></span> <span class='ocrx_word' id='word_1_176' title='bbox 730 1241 786 1260; x_wconf 87' lang='lat' dir='ltr'><strong>sese</strong></span> <span class='ocrx_word' id='word_1_177' title='bbox 799 1229 897 1259; x_wconf 87' lang='lat' dir='ltr'><strong>abdere</strong></span> <span class='ocrx_word' id='word_1_178' title='bbox 911 1236 937 1259; x_wconf 90' lang='lat' dir='ltr'>et</span> 
     </span>
     <span class='ocr_line' id='line_1_26' title="bbox 188 1275 972 1320; baseline -0.006 -11"><span class='ocrx_word' id='word_1_179' title='bbox 188 1286 269 1320; x_wconf 88' lang='lat' dir='ltr'><strong>caput</strong></span> <span class='ocrx_word' id='word_1_180' title='bbox 282 1279 420 1316; x_wconf 87' lang='lat' dir='ltr'><strong>inclinare;</strong></span> <span class='ocrx_word' id='word_1_181' title='bbox 432 1279 472 1308; x_wconf 80' lang='lat' dir='ltr'><strong>illi</strong></span> <span class='ocrx_word' id='word_1_182' title='bbox 483 1278 572 1319; x_wconf 88' lang='lat' dir='ltr'><strong>priora</strong></span> <span class='ocrx_word' id='word_1_183' title='bbox 582 1276 752 1307; x_wconf 85' lang='lat' dir='ltr'><strong>accumulare</strong></span> <span class='ocrx_word' id='word_1_184' title='bbox 760 1275 934 1313; x_wconf 84' lang='lat' dir='ltr'><strong>contendunt,</strong></span> <span class='ocrx_word' id='word_1_185' title='bbox 952 1290 972 1313; x_wconf 65' lang='grc' dir='ltr'><strong>Δ</strong></span> 
     </span>
     <span class='ocr_line' id='line_1_27' title="bbox 188 1323 937 1366; baseline -0.004 -11"><span class='ocrx_word' id='word_1_186' title='bbox 188 1336 236 1356; x_wconf 77' lang='lat' dir='ltr'>nec</span> <span class='ocrx_word' id='word_1_187' title='bbox 256 1326 320 1356; x_wconf 85' lang='lat' dir='ltr'><strong>satis</strong></span> <span class='ocrx_word' id='word_1_188' title='bbox 341 1326 469 1363; x_wconf 73' lang='lat' dir='ltr'><strong>babentes</strong></span> <span class='ocrx_word' id='word_1_189' title='bbox 489 1331 619 1366; x_wconf 79' lang='lat' dir='ltr'><strong>praecepta</strong></span> <span class='ocrx_word' id='word_1_190' title='bbox 642 1323 802 1363; x_wconf 83' lang='lat' dir='ltr'><strong>transgredi,</strong></span> <span class='ocrx_word' id='word_1_191' title='bbox 827 1333 937 1353; x_wconf 86' lang='lat' dir='ltr'><strong>onerosa</strong></span> 
     </span>
     <span class='ocr_line' id='line_1_28' title="bbox 188 1370 937 1413; baseline -0.004 -11"><span class='ocrx_word' id='word_1_192' title='bbox 188 1383 295 1411; x_wconf 88' lang='lat' dir='ltr'><strong>quoque</strong></span> <span class='ocrx_word' id='word_1_193' title='bbox 308 1373 448 1413; x_wconf 85' lang='lat' dir='ltr'><strong>proferunt</strong></span> <span class='ocrx_word' id='word_1_194' title='bbox 461 1372 543 1402; x_wconf 83' lang='lat' dir='ltr'><strong>verba</strong></span> <span class='ocrx_word' id='word_1_195' title='bbox 561 1384 567 1400; x_wconf 76' lang='lat' dir='ltr'>z</span> <span class='ocrx_word' id='word_1_196' title='bbox 582 1371 658 1401; x_wconf 85' lang='lat' dir='ltr'><strong>velut</strong></span> <span class='ocrx_word' id='word_1_197' title='bbox 671 1370 790 1400; x_wconf 82' lang='lat' dir='ltr'><strong>famulus</strong></span> <span class='ocrx_word' id='word_1_198' title='bbox 802 1370 937 1410; x_wconf 89' lang='lat' dir='ltr'><strong>quispiam</strong></span> 
     </span>
     <span class='ocr_line' id='line_1_29' title="bbox 188 1415 936 1459; baseline -0.004 -11"><span class='ocrx_word' id='word_1_199' title='bbox 188 1419 340 1459; x_wconf 84' lang='lat' dir='ltr'><strong>improbus,</strong></span> <span class='ocrx_word' id='word_1_200' title='bbox 367 1418 415 1457; x_wconf 88' lang='lat' dir='ltr'>qui</span> <span class='ocrx_word' id='word_1_201' title='bbox 438 1418 497 1447; x_wconf 87' lang='lat' dir='ltr'><strong>heri</strong></span> <span class='ocrx_word' id='word_1_202' title='bbox 516 1416 641 1446; x_wconf 86' lang='lat' dir='ltr'><strong>mandata</strong></span> <span class='ocrx_word' id='word_1_203' title='bbox 664 1417 879 1456; x_wconf 80' lang='lat' dir='ltr'><strong>praetermittens,</strong></span> <span class='ocrx_word' id='word_1_204' title='bbox 901 1415 936 1445; x_wconf 90' lang='lat' dir='ltr'>ad</span> 
     </span>
     <span class='ocr_line' id='line_1_30' title="bbox 188 1463 938 1503; baseline -0.003 -9"><span class='ocrx_word' id='word_1_205' title='bbox 188 1465 246 1494; x_wconf 88' lang='lat' dir='ltr'><strong>haec</strong></span> <span class='ocrx_word' id='word_1_206' title='bbox 259 1464 339 1494; x_wconf 88' lang='lat' dir='ltr'><strong>etiam</strong></span> <span class='ocrx_word' id='word_1_207' title='bbox 361 1464 506 1494; x_wconf 73' lang='lat' dir='ltr'><strong>insolenter</strong></span> <span class='ocrx_word' id='word_1_208' title='bbox 526 1463 592 1503; x_wconf 92' lang='lat' dir='ltr'><strong>agit.</strong></span> <span class='ocrx_word' id='word_1_209' title='bbox 608 1465 637 1493; x_wconf 82' lang='lat'>9.</span> <span class='ocrx_word' id='word_1_210' title='bbox 652 1463 766 1492; x_wconf 84' lang='lat' dir='ltr'><strong>Idcirco</strong></span> <span class='ocrx_word' id='word_1_211' title='bbox 787 1472 866 1491; x_wconf 84' lang='lat' dir='ltr'><strong>nunc</strong></span> <span class='ocrx_word' id='word_1_212' title='bbox 888 1463 938 1492; x_wconf 82' lang='lat' dir='ltr'>hu-</span> 
     </span>
     <span class='ocr_line' id='line_1_31' title="bbox 190 1508 937 1551; baseline -0.003 -12"><span class='ocrx_word' id='word_1_213' title='bbox 190 1511 307 1540; x_wconf 84' lang='lat' dir='ltr'><strong>miliata</strong></span> <span class='ocrx_word' id='word_1_214' title='bbox 319 1515 363 1540; x_wconf 78' lang='lat' dir='ltr'>est</span> <span class='ocrx_word' id='word_1_215' title='bbox 376 1511 471 1551; x_wconf 85' lang='lat' dir='ltr'><strong>gloria</strong></span> <span class='ocrx_word' id='word_1_216' title='bbox 489 1511 563 1550; x_wconf 85' lang='lat' dir='ltr'><strong>ejus,</strong></span> <span class='ocrx_word' id='word_1_217' title='bbox 579 1516 606 1539; x_wconf 85' lang='lat' dir='ltr'>et</span> <span class='ocrx_word' id='word_1_218' title='bbox 621 1508 757 1549; x_wconf 82' lang='lat' dir='ltr'><strong>confusio</strong></span> <span class='ocrx_word' id='word_1_219' title='bbox 767 1509 862 1546; x_wconf 82' lang='lat' dir='ltr'><strong>faciei</strong></span> <span class='ocrx_word' id='word_1_220' title='bbox 874 1509 937 1548; x_wconf 81' lang='lat' dir='ltr'><strong>ejus</strong></span> 
     </span>
     <span class='ocr_line' id='line_1_32' title="bbox 191 1553 934 1594; baseline -0.003 -8"><span class='ocrx_word' id='word_1_221' title='bbox 191 1558 298 1586; x_wconf 80' lang='lat' dir='ltr'><strong>resistit</strong></span> <span class='ocrx_word' id='word_1_222' title='bbox 318 1559 369 1587; x_wconf 82' lang='lat' dir='ltr'><strong>eis.</strong></span> <span class='ocrx_word' id='word_1_223' title='bbox 381 1558 489 1587; x_wconf 83' lang='lat' dir='ltr'><strong>Rursus</strong></span> <span class='ocrx_word' id='word_1_224' title='bbox 507 1556 597 1585; x_wconf 85' lang='lat' dir='ltr'><strong>futura</strong></span> <span class='ocrx_word' id='word_1_225' title='bbox 612 1555 690 1593; x_wconf 88' lang='lat' dir='ltr'><strong>quasi</strong></span> <span class='ocrx_word' id='word_1_226' title='bbox 705 1554 838 1594; x_wconf 78' lang='lat' dir='ltr'><strong>praeterita</strong></span> <span class='ocrx_word' id='word_1_227' title='bbox 852 1553 934 1592; x_wconf 86' lang='lat' dir='ltr'><strong>dixit,</strong></span> 
     </span>
     <span class='ocr_line' id='line_1_33' title="bbox 190 1600 937 1643; baseline -0.004 -12"><span class='ocrx_word' id='word_1_228' title='bbox 190 1610 315 1633; x_wconf 81' lang='lat' dir='ltr'><strong>consueta</strong></span> <span class='ocrx_word' id='word_1_229' title='bbox 327 1613 392 1632; x_wconf 86' lang='lat' dir='ltr'><strong>usus</strong></span> <span class='ocrx_word' id='word_1_230' title='bbox 405 1601 553 1643; x_wconf 73' lang='lat' dir='ltr'><strong>prophetiae</strong></span> <span class='ocrx_word' id='word_1_231' title='bbox 567 1601 636 1640; x_wconf 83' lang='lat' dir='ltr'><strong>lege.</strong></span> <span class='ocrx_word' id='word_1_232' title='bbox 652 1600 874 1630; x_wconf 88' lang='lat' dir='ltr'><strong>Humiliationem</strong></span> <span class='ocrx_word' id='word_1_233' title='bbox 886 1611 937 1629; x_wconf 92' lang='lat' dir='ltr'>au-</span> 
     </span>
     <span class='ocr_line' id='line_1_34' title="bbox 190 1646 936 1689; baseline -0.004 -11"><span class='ocrx_word' id='word_1_234' title='bbox 190 1656 244 1678; x_wconf 90' lang='lat' dir='ltr'>tem</span> <span class='ocrx_word' id='word_1_235' title='bbox 259 1649 351 1689; x_wconf 82' lang='lat' dir='ltr'><strong>gioriae</strong></span> <span class='ocrx_word' id='word_1_236' title='bbox 370 1649 552 1689; x_wconf 86' lang='lat' dir='ltr'><strong>captivitatem</strong></span> <span class='ocrx_word' id='word_1_237' title='bbox 567 1654 655 1677; x_wconf 83' lang='lat' dir='ltr'><strong>vocat.</strong></span> <span class='ocrx_word' id='word_1_238' title='bbox 672 1648 732 1676; x_wconf 91' lang='lat' dir='ltr'>Non</span> <span class='ocrx_word' id='word_1_239' title='bbox 753 1646 825 1676; x_wconf 89' lang='lat' dir='ltr'><strong>enim</strong></span> <span class='ocrx_word' id='word_1_240' title='bbox 839 1647 936 1687; x_wconf 87' lang='lat' dir='ltr'><strong>vulga-</strong></span> 
     </span>
     <span class='ocr_line' id='line_1_35' title="bbox 191 1692 938 1733; baseline -0.003 -9"><span class='ocrx_word' id='word_1_241' title='bbox 191 1696 228 1724; x_wconf 89' lang='lat' dir='ltr'>ris</span> <span class='ocrx_word' id='word_1_242' title='bbox 247 1695 363 1725; x_wconf 80' lang='lat' dir='ltr'><strong>insamiae</strong></span> <span class='ocrx_word' id='word_1_243' title='bbox 384 1702 459 1731; x_wconf 91' lang='lat' dir='ltr'><strong>erat,</strong></span> <span class='ocrx_word' id='word_1_244' title='bbox 479 1705 524 1724; x_wconf 84' lang='lat' dir='ltr'>eos</span> <span class='ocrx_word' id='word_1_245' title='bbox 539 1695 588 1733; x_wconf 86' lang='lat' dir='ltr'>qui</span> <span class='ocrx_word' id='word_1_246' title='bbox 609 1703 704 1732; x_wconf 83' lang='lat' dir='ltr'><strong>regum</strong></span> <span class='ocrx_word' id='word_1_247' title='bbox 723 1692 798 1723; x_wconf 87' lang='lat' dir='ltr'><strong>orbis</strong></span> <span class='ocrx_word' id='word_1_248' title='bbox 816 1692 938 1723; x_wconf 84' lang='lat' dir='ltr'><strong>ordinem</strong></span> 
     </span>
     <span class='ocr_line' id='line_1_36' title="bbox 190 1739 935 1781; baseline -0.003 -11"><span class='ocrx_word' id='word_1_249' title='bbox 190 1748 319 1779; x_wconf 84' lang='lat' dir='ltr'><strong>tenerent,</strong></span> <span class='ocrx_word' id='word_1_250' title='bbox 336 1741 493 1771; x_wconf 88' lang='lat' dir='ltr'><strong>hominibus</strong></span> <span class='ocrx_word' id='word_1_251' title='bbox 513 1739 631 1781; x_wconf 81' lang='lat' dir='ltr'><strong>profanis</strong></span> <span class='ocrx_word' id='word_1_252' title='bbox 645 1746 671 1769; x_wconf 89' lang='lat' dir='ltr'>et</span> <span class='ocrx_word' id='word_1_253' title='bbox 687 1739 811 1769; x_wconf 83' lang='lat' dir='ltr'><strong>barbaris</strong></span> <span class='ocrx_word' id='word_1_254' title='bbox 825 1739 935 1780; x_wconf 86' lang='lat' dir='ltr'><strong>subjici.</strong></span> 
     </span>
     <span class='ocr_line' id='line_1_37' title="bbox 191 1786 972 1824; baseline -0.001 -7"><span class='ocrx_word' id='word_1_255' title='bbox 191 1788 382 1818; x_wconf 83' lang='lat' dir='ltr'><strong>Confusionem</strong></span> <span class='ocrx_word' id='word_1_256' title='bbox 401 1797 466 1817; x_wconf 87' lang='lat' dir='ltr'><strong>vero</strong></span> <span class='ocrx_word' id='word_1_257' title='bbox 480 1788 573 1816; x_wconf 84' lang='lat' dir='ltr'><strong>vuitus</strong></span> <span class='ocrx_word' id='word_1_258' title='bbox 591 1786 637 1815; x_wconf 85' lang='lat' dir='ltr'>bic</span> <span class='ocrx_word' id='word_1_259' title='bbox 658 1792 735 1816; x_wconf 88' lang='lat' dir='ltr'><strong>vocat</strong></span> <span class='ocrx_word' id='word_1_260' title='bbox 756 1796 827 1820; x_wconf 83' lang='lat' dir='ltr'><strong>eam,</strong></span> <span class='ocrx_word' id='word_1_261' title='bbox 847 1796 907 1824; x_wconf 83' lang='lat' dir='ltr'>quae</span> <span class='ocrx_word' id='word_1_262' title='bbox 924 1797 939 1815; x_wconf 90' lang='lat' dir='ltr'>a</span> <span class='ocrx_word' id='word_1_263' title='bbox 954 1793 972 1816; x_wconf 86' lang='lat' dir='ltr'>B</span> 
     </span>
     <span class='ocr_line' id='line_1_38' title="bbox 191 1832 973 1874; baseline -0.004 -10"><span class='ocrx_word' id='word_1_264' title='bbox 191 1835 305 1874; x_wconf 88' lang='lat' dir='ltr'><strong>peccatis</strong></span> <span class='ocrx_word' id='word_1_265' title='bbox 318 1835 415 1865; x_wconf 88' lang='lat' dir='ltr'><strong>oritur.</strong></span> <span class='ocrx_word' id='word_1_266' title='bbox 426 1833 502 1863; x_wconf 89' lang='lat' dir='ltr'><strong>Talis</strong></span> <span class='ocrx_word' id='word_1_267' title='bbox 513 1833 614 1873; x_wconf 91' lang='lat' dir='ltr'><strong>quippe</strong></span> <span class='ocrx_word' id='word_1_268' title='bbox 624 1839 681 1862; x_wconf 86' lang='lat' dir='ltr'><strong>erat</strong></span> <span class='ocrx_word' id='word_1_269' title='bbox 692 1842 785 1862; x_wconf 87' lang='lat' dir='ltr'><strong>eorum</strong></span> <span class='ocrx_word' id='word_1_270' title='bbox 793 1832 857 1861; x_wconf 90' lang='lat' dir='ltr'><strong>vita.</strong></span> <span class='ocrx_word' id='word_1_271' title='bbox 868 1833 938 1862; x_wconf 89' lang='lat' dir='ltr'>Cum</span> <span class='ocrx_word' id='word_1_272' title='bbox 957 1856 959 1858; x_wconf 10' lang='lat' dir='ltr'><strong>a</strong></span> <span class='ocrx_word' id='word_1_273' title='bbox 971 1849 973 1851; x_wconf 97' lang='lat'>-</span> 
     </span>
     <span class='ocr_line' id='line_1_39' title="bbox 190 1878 938 1921; baseline -0.003 -11"><span class='ocrx_word' id='word_1_274' title='bbox 190 1880 262 1909; x_wconf 86' lang='lat' dir='ltr'><strong>enim</strong></span> <span class='ocrx_word' id='word_1_275' title='bbox 280 1891 308 1910; x_wconf 87' lang='lat' dir='ltr'>se</span> <span class='ocrx_word' id='word_1_276' title='bbox 322 1881 399 1921; x_wconf 86' lang='lat' dir='ltr'><strong>prius</strong></span> <span class='ocrx_word' id='word_1_277' title='bbox 413 1879 616 1910; x_wconf 84' lang='lat' dir='ltr'><strong>dedecorassent</strong></span> <span class='ocrx_word' id='word_1_278' title='bbox 634 1889 682 1919; x_wconf 88' lang='lat' dir='ltr'>per</span> <span class='ocrx_word' id='word_1_279' title='bbox 703 1885 774 1918; x_wconf 85' lang='lat' dir='ltr'><strong>gesta</strong></span> <span class='ocrx_word' id='word_1_280' title='bbox 797 1889 857 1916; x_wconf 87' lang='lat' dir='ltr'><strong>sua,</strong></span> <span class='ocrx_word' id='word_1_281' title='bbox 875 1878 938 1908; x_wconf 86' lang='lat' dir='ltr'><strong>ideo</strong></span> 
     </span>
     <span class='ocr_line' id='line_1_40' title="bbox 190 1924 938 1966; baseline -0.004 -9"><span class='ocrx_word' id='word_1_282' title='bbox 190 1928 264 1957; x_wconf 89' lang='lat' dir='ltr'><strong>Deus</strong></span> <span class='ocrx_word' id='word_1_283' title='bbox 285 1937 300 1956; x_wconf 95' lang='lat' dir='ltr'>a</span> <span class='ocrx_word' id='word_1_284' title='bbox 319 1926 405 1966; x_wconf 82' lang='lat' dir='ltr'><strong>gloria</strong></span> <span class='ocrx_word' id='word_1_285' title='bbox 424 1936 473 1955; x_wconf 85' lang='lat' dir='ltr'>sua</span> <span class='ocrx_word' id='word_1_286' title='bbox 492 1925 555 1954; x_wconf 90' lang='lat' dir='ltr'><strong>illos</strong></span> <span class='ocrx_word' id='word_1_287' title='bbox 572 1924 687 1965; x_wconf 87' lang='lat' dir='ltr'><strong>dejecit,</strong></span> <span class='ocrx_word' id='word_1_288' title='bbox 715 1924 811 1954; x_wconf 85' lang='lat' dir='ltr'><strong>leviori</strong></span> <span class='ocrx_word' id='word_1_289' title='bbox 829 1924 938 1954; x_wconf 85' lang='lat' dir='ltr'><strong>tradens</strong></span> 
     </span>
     <span class='ocr_line' id='line_1_41' title="bbox 191 1970 937 2013; baseline -0.003 -11"><span class='ocrx_word' id='word_1_290' title='bbox 191 1973 337 2013; x_wconf 88' lang='lat' dir='ltr'><strong>supplicio,</strong></span> <span class='ocrx_word' id='word_1_291' title='bbox 351 1982 433 2011; x_wconf 87' lang='lat' dir='ltr'><strong>quam</strong></span> <span class='ocrx_word' id='word_1_292' title='bbox 444 1971 471 2000; x_wconf 86' lang='lat' dir='ltr'>id</span> <span class='ocrx_word' id='word_1_293' title='bbox 486 1971 560 2010; x_wconf 89' lang='lat' dir='ltr'><strong>quod</strong></span> <span class='ocrx_word' id='word_1_294' title='bbox 569 1970 620 2010; x_wconf 89' lang='lat' dir='ltr'><strong>ipsi</strong></span> <span class='ocrx_word' id='word_1_295' title='bbox 631 1970 683 1999; x_wconf 88' lang='lat' dir='ltr'><strong>sibi</strong></span> <span class='ocrx_word' id='word_1_296' title='bbox 699 1970 864 2000; x_wconf 77' lang='lat' dir='ltr'><strong>inflixerant.</strong></span> <span class='ocrx_word' id='word_1_297' title='bbox 877 1972 937 2000; x_wconf 84' lang='lat' dir='ltr'>Non</span> 
     </span>
     <span class='ocr_line' id='line_1_42' title="bbox 191 2016 939 2059; baseline -0.003 -10"><span class='ocrx_word' id='word_1_298' title='bbox 191 2020 264 2049; x_wconf 87' lang='lat' dir='ltr'><strong>enim</strong></span> <span class='ocrx_word' id='word_1_299' title='bbox 285 2019 322 2048; x_wconf 84' lang='lat' dir='ltr'>ita</span> <span class='ocrx_word' id='word_1_300' title='bbox 335 2018 528 2059; x_wconf 88' lang='lat' dir='ltr'><strong>vituperabiles</strong></span> <span class='ocrx_word' id='word_1_301' title='bbox 548 2024 622 2046; x_wconf 87' lang='lat' dir='ltr'><strong>erant</strong></span> <span class='ocrx_word' id='word_1_302' title='bbox 637 2028 700 2047; x_wconf 88' lang='lat' dir='ltr'>cum</span> <span class='ocrx_word' id='word_1_303' title='bbox 712 2016 827 2046; x_wconf 86' lang='lat' dir='ltr'><strong>alienam</strong></span> <span class='ocrx_word' id='word_1_304' title='bbox 840 2023 939 2048; x_wconf 86' lang='lat' dir='ltr'><strong>terram</strong></span> 
     </span>
     <span class='ocr_line' id='line_1_43' title="bbox 191 2062 938 2103; baseline -0.005 -8"><span class='ocrx_word' id='word_1_305' title='bbox 191 2065 345 2100; x_wconf 85' lang='lat' dir='ltr'><strong>incolerent,</strong></span> <span class='ocrx_word' id='word_1_306' title='bbox 368 2075 449 2103; x_wconf 88' lang='lat' dir='ltr'><strong>quam</strong></span> <span class='ocrx_word' id='word_1_307' title='bbox 470 2074 534 2093; x_wconf 88' lang='lat' dir='ltr'>cum</span> <span class='ocrx_word' id='word_1_308' title='bbox 553 2063 723 2103; x_wconf 86' lang='lat' dir='ltr'><strong>metropolim</strong></span> <span class='ocrx_word' id='word_1_309' title='bbox 743 2073 820 2092; x_wconf 86' lang='lat' dir='ltr'><strong>suam</strong></span> <span class='ocrx_word' id='word_1_310' title='bbox 841 2062 938 2092; x_wconf 87' lang='lat' dir='ltr'><strong>haben-</strong></span> 
     </span>
     <span class='ocr_line' id='line_1_44' title="bbox 190 2108 938 2151; baseline -0.001 -11"><span class='ocrx_word' id='word_1_311' title='bbox 190 2119 229 2141; x_wconf 85' lang='lat' dir='ltr'>tes</span> <span class='ocrx_word' id='word_1_312' title='bbox 247 2110 499 2151; x_wconf 81' lang='lat' dir='ltr'><strong>praevaricarentur.</strong></span> <span class='ocrx_word' id='word_1_313' title='bbox 515 2110 594 2139; x_wconf 88' lang='lat' dir='ltr'><strong>Tunc</strong></span> <span class='ocrx_word' id='word_1_314' title='bbox 613 2108 685 2138; x_wconf 90' lang='lat' dir='ltr'><strong>enim</strong></span> <span class='ocrx_word' id='word_1_315' title='bbox 705 2119 799 2138; x_wconf 90' lang='lat' dir='ltr'><strong>eorum</strong></span> <span class='ocrx_word' id='word_1_316' title='bbox 819 2109 938 2148; x_wconf 86' lang='lat' dir='ltr'><strong>nequitia</strong></span> 
     </span>
     <span class='ocr_line' id='line_1_45' title="bbox 191 2154 939 2197; baseline -0.001 -11"><span class='ocrx_word' id='word_1_317' title='bbox 191 2156 417 2197; x_wconf 86' lang='lat' dir='ltr'><strong>comprimebatur</strong></span> <span class='ocrx_word' id='word_1_318' title='bbox 437 2168 443 2184; x_wconf 78' lang='lat' dir='ltr'><em>z</em></span> <span class='ocrx_word' id='word_1_319' title='bbox 468 2156 496 2185; x_wconf 91' lang='lat' dir='ltr'>in</span> <span class='ocrx_word' id='word_1_320' title='bbox 518 2155 605 2196; x_wconf 87' lang='lat' dir='ltr'><strong>patria</strong></span> <span class='ocrx_word' id='word_1_321' title='bbox 616 2165 681 2184; x_wconf 85' lang='lat' dir='ltr'><strong>vero</strong></span> <span class='ocrx_word' id='word_1_322' title='bbox 699 2154 785 2194; x_wconf 88' lang='lat' dir='ltr'><strong>magis</strong></span> <span class='ocrx_word' id='word_1_323' title='bbox 801 2165 832 2184; x_wconf 93' lang='lat' dir='ltr'>ac</span> <span class='ocrx_word' id='word_1_324' title='bbox 852 2155 939 2195; x_wconf 88' lang='lat' dir='ltr'><strong>magis</strong></span> 
     </span>
     <span class='ocr_line' id='line_1_46' title="bbox 191 2200 938 2242; baseline -0.003 -10"><span class='ocrx_word' id='word_1_325' title='bbox 191 2203 349 2242; x_wconf 82' lang='lat' dir='ltr'><strong>augebatur.</strong></span> <span class='ocrx_word' id='word_1_326' title='bbox 371 2203 503 2241; x_wconf 88' lang='lat' dir='ltr'><strong>Magnum</strong></span> <span class='ocrx_word' id='word_1_327' title='bbox 526 2201 610 2240; x_wconf 87' lang='lat' dir='ltr'><strong>igitur</strong></span> <span class='ocrx_word' id='word_1_328' title='bbox 630 2200 687 2230; x_wconf 85' lang='lat' dir='ltr'><strong>illis</strong></span> <span class='ocrx_word' id='word_1_329' title='bbox 710 2200 841 2240; x_wconf 87' lang='lat' dir='ltr'><strong>propheta</strong></span> <span class='ocrx_word' id='word_1_330' title='bbox 854 2200 938 2231; x_wconf 90' lang='lat' dir='ltr'><strong>docu-</strong></span> 
     </span>
     <span class='ocr_line' id='line_1_47' title="bbox 190 2246 937 2288; baseline -0.004 -9"><span class='ocrx_word' id='word_1_331' title='bbox 190 2256 310 2279; x_wconf 89' lang='lat' dir='ltr'><strong>mentum</strong></span> <span class='ocrx_word' id='word_1_332' title='bbox 322 2247 412 2285; x_wconf 81' lang='lat' dir='ltr'><strong>tradit,</strong></span> <span class='ocrx_word' id='word_1_333' title='bbox 424 2247 524 2286; x_wconf 89' lang='lat' dir='ltr'><strong>ubique</strong></span> <span class='ocrx_word' id='word_1_334' title='bbox 532 2246 647 2276; x_wconf 89' lang='lat' dir='ltr'><strong>suadens</strong></span> <span class='ocrx_word' id='word_1_335' title='bbox 658 2253 689 2276; x_wconf 92' lang='lat' dir='ltr'>ut</span> <span class='ocrx_word' id='word_1_336' title='bbox 699 2253 759 2276; x_wconf 87' lang='lat' dir='ltr'><strong>ante</strong></span> <span class='ocrx_word' id='word_1_337' title='bbox 772 2247 937 2288; x_wconf 89' lang='lat' dir='ltr'><strong>supplicium</strong></span> 
     </span>
     <span class='ocr_line' id='line_1_48' title="bbox 190 2292 934 2334; baseline -0.003 -9"><span class='ocrx_word' id='word_1_338' title='bbox 190 2294 338 2334; x_wconf 84' lang='lat' dir='ltr'><strong>nequitiam</strong></span> <span class='ocrx_word' id='word_1_339' title='bbox 359 2293 478 2332; x_wconf 83' lang='lat' dir='ltr'><strong>fugiant,</strong></span> <span class='ocrx_word' id='word_1_340' title='bbox 505 2303 535 2322; x_wconf 91' lang='lat' dir='ltr'>ac</span> <span class='ocrx_word' id='word_1_341' title='bbox 559 2292 664 2332; x_wconf 88' lang='lat' dir='ltr'><strong>pudore</strong></span> <span class='ocrx_word' id='word_1_342' title='bbox 686 2293 838 2332; x_wconf 88' lang='lat' dir='ltr'><strong>ruhoreque</strong></span> <span class='ocrx_word' id='word_1_343' title='bbox 860 2303 934 2323; x_wconf 86' lang='lat' dir='ltr'><strong>coer-</strong></span> 
     </span>
     <span class='ocr_line' id='line_1_49' title="bbox 189 2338 970 2379; baseline -0.003 -9"><span class='ocrx_word' id='word_1_344' title='bbox 189 2348 264 2370; x_wconf 88' lang='lat' dir='ltr'><strong>ceant</strong></span> <span class='ocrx_word' id='word_1_345' title='bbox 287 2353 293 2370; x_wconf 88' lang='lat'>:</span> <span class='ocrx_word' id='word_1_346' title='bbox 321 2349 372 2369; x_wconf 94' lang='lat' dir='ltr'>non</span> <span class='ocrx_word' id='word_1_347' title='bbox 392 2345 533 2379; x_wconf 82' lang='lat' dir='ltr'><strong>postquam</strong></span> <span class='ocrx_word' id='word_1_348' title='bbox 555 2338 665 2367; x_wconf 87' lang='lat' dir='ltr'><strong>barbari</strong></span> <span class='ocrx_word' id='word_1_349' title='bbox 686 2338 748 2368; x_wconf 93' lang='lat' dir='ltr'><strong>illos</strong></span> <span class='ocrx_word' id='word_1_350' title='bbox 771 2346 862 2379; x_wconf 83' lang='lat' dir='ltr'><strong>captos</strong></span> <span class='ocrx_word' id='word_1_351' title='bbox 886 2340 935 2369; x_wconf 87' lang='lat' dir='ltr'>ab-</span> <span class='ocrx_word' id='word_1_352' title='bbox 953 2350 970 2374; x_wconf 82' lang='lat' dir='ltr'><strong>c</strong></span> 
     </span>
     <span class='ocr_line' id='line_1_50' title="bbox 188 2384 934 2425; baseline 0 -10"><span class='ocrx_word' id='word_1_353' title='bbox 188 2386 303 2423; x_wconf 87' lang='lat' dir='ltr'><strong>ducent,</strong></span> <span class='ocrx_word' id='word_1_354' title='bbox 326 2384 374 2415; x_wconf 84' lang='lat' dir='ltr'>sed</span> <span class='ocrx_word' id='word_1_355' title='bbox 387 2395 450 2414; x_wconf 88' lang='lat' dir='ltr'>cum</span> <span class='ocrx_word' id='word_1_356' title='bbox 470 2385 571 2424; x_wconf 83' lang='lat' dir='ltr'><strong>peccati</strong></span> <span class='ocrx_word' id='word_1_357' title='bbox 590 2384 712 2423; x_wconf 88' lang='lat' dir='ltr'><strong>tyrannis</strong></span> <span class='ocrx_word' id='word_1_358' title='bbox 732 2385 795 2414; x_wconf 86' lang='lat' dir='ltr'><strong>illos</strong></span> <span class='ocrx_word' id='word_1_359' title='bbox 814 2386 934 2425; x_wconf 85' lang='lat' dir='ltr'><strong>captivos</strong></span> 
     </span>
     <span class='ocr_line' id='line_1_51' title="bbox 188 2431 931 2469; baseline 0 -8"><span class='ocrx_word' id='word_1_360' title='bbox 188 2432 297 2461; x_wconf 83' lang='lat' dir='ltr'><strong>tenebit.</strong></span> <span class='ocrx_word' id='word_1_361' title='bbox 310 2432 468 2461; x_wconf 82' lang='lat' dir='ltr'><strong>Peccatum</strong></span> <span class='ocrx_word' id='word_1_362' title='bbox 477 2436 574 2459; x_wconf 82' lang='lat' dir='ltr'><strong>autem</strong></span> <span class='ocrx_word' id='word_1_363' title='bbox 587 2440 671 2459; x_wconf 81' lang='lat' dir='ltr'><strong>suum</strong></span> <span class='ocrx_word' id='word_1_364' title='bbox 680 2453 688 2469; x_wconf 89' lang='lat'><strong>,</strong></span> <span class='ocrx_word' id='word_1_365' title='bbox 703 2437 734 2460; x_wconf 83' lang='lat' dir='ltr'>ut</span> <span class='ocrx_word' id='word_1_366' title='bbox 748 2432 779 2459; x_wconf 87' lang='lat' dir='ltr'>in</span> <span class='ocrx_word' id='word_1_367' title='bbox 789 2431 931 2468; x_wconf 83' lang='lat' dir='ltr'><strong>Sodomis,</strong></span> 
     </span>
    </p>
   </div>
   <div class='ocr_carea' id='block_1_6' title="bbox 951 916 969 939">
    <p class='ocr_par' dir='ltr' id='par_1_6' title="bbox 951 916 969 939">
     <span class='ocr_line' id='line_1_52' title="bbox 951 916 969 939; baseline 0 0"><span class='ocrx_word' id='word_1_368' title='bbox 951 916 969 939; x_wconf 83' lang='lat' dir='ltr'><strong>E</strong></span> 
     </span>
    </p>
   </div>
   <div class='ocr_carea' id='block_1_7' title="bbox 186 2527 942 2602">
    <p class='ocr_par' dir='ltr' id='par_1_7' title="bbox 186 2527 942 2602">
     <span class='ocr_line' id='line_1_53' title="bbox 218 2527 942 2563; baseline 0.003 -10"><span class='ocrx_word' id='word_1_369' title='bbox 218 2538 227 2548; x_wconf 70' lang='grc' dir='ltr'>ο</span> <span class='ocrx_word' id='word_1_370' title='bbox 244 2530 274 2554; x_wconf 86' lang='lat' dir='ltr'>Iu</span> <span class='ocrx_word' id='word_1_371' title='bbox 286 2528 407 2553; x_wconf 71' lang='lat' dir='ltr'><strong>Malaohia</strong></span> <span class='ocrx_word' id='word_1_372' title='bbox 417 2527 505 2561; x_wconf 80' lang='lat' dir='ltr'><strong>legitur</strong></span> <span class='ocrx_word' id='word_1_373' title='bbox 518 2540 522 2552; x_wconf 66' lang='grc' dir='ltr'>ς</span> <span class='ocrx_word' id='word_1_374' title='bbox 535 2532 554 2553; x_wconf 84' lang='grc' dir='ltr'>οὶ</span> <span class='ocrx_word' id='word_1_375' title='bbox 568 2530 735 2563; x_wconf 72' lang='grc' dir='ltr'>παροξύναντις</span> <span class='ocrx_word' id='word_1_376' title='bbox 746 2533 784 2555; x_wconf 80' lang='grc' dir='ltr'>τὸν</span> <span class='ocrx_word' id='word_1_377' title='bbox 797 2532 852 2555; x_wconf 60' lang='lat' dir='ltr'><strong>ectu</strong></span> <span class='ocrx_word' id='word_1_378' title='bbox 865 2533 886 2554; x_wconf 80' lang='grc' dir='ltr'>ἐν</span> <span class='ocrx_word' id='word_1_379' title='bbox 897 2535 942 2558; x_wconf 81' lang='grc' dir='ltr'>τοῖς</span> 
     </span>
     <span class='ocr_line' id='line_1_54' title="bbox 186 2570 555 2602; baseline -0.008 -7"><span class='ocrx_word' id='word_1_380' title='bbox 186 2574 257 2602; x_wconf 59' lang='grc' dir='ltr'>λόγοις</span> <span class='ocrx_word' id='word_1_381' title='bbox 268 2570 336 2601; x_wconf 65' lang='grc' dir='ltr'>ὑμῶν.</span> <span class='ocrx_word' id='word_1_382' title='bbox 353 2571 396 2593; x_wconf 60' lang='grc' dir='ltr'>’καὶ</span> <span class='ocrx_word' id='word_1_383' title='bbox 410 2571 496 2597; x_wconf 71' lang='grc' dir='ltr'>εἴπατε,</span> <span class='ocrx_word' id='word_1_384' title='bbox 509 2572 555 2591; x_wconf 68' lang='grc' dir='ltr'>0.ῑο-</span> 
     </span>
    </p>
   </div>
   <div class='ocr_carea' id='block_1_8' title="bbox 951 1261 975 1281">
    <p class='ocr_par' dir='ltr' id='par_1_8' title="bbox 951 1261 975 1281">
     <span class='ocr_line' id='line_1_55' title="bbox 951 1261 975 1281; baseline 0 0"><span class='ocrx_word' id='word_1_385' title='bbox 951 1261 975 1281; x_wconf 73' lang='grc'>88</span> 
     </span>
    </p>
   </div>
   <div class='ocr_carea' id='block_1_9' title="bbox 519 155 1417 184">
    <p class='ocr_par' dir='ltr' id='par_1_9' title="bbox 519 155 1417 184">
     <span class='ocr_line' id='line_1_56' title="bbox 519 155 1417 184; baseline -0.007 0"><span class='ocrx_word' id='word_1_386' title='bbox 519 161 549 184; x_wconf 87' lang='lat' dir='ltr'>S.</span> <span class='ocrx_word' id='word_1_387' title='bbox 576 159 717 183; x_wconf 70' lang='lat' dir='ltr'>JOANMS</span> <span class='ocrx_word' id='word_1_388' title='bbox 748 156 930 180; x_wconf 73' lang='lat' dir='ltr'>CHRYSOST.</span> <span class='ocrx_word' id='word_1_389' title='bbox 965 155 1116 178; x_wconf 70' lang='lat' dir='ltr'><strong>ARCfflEP.</strong></span> <span class='ocrx_word' id='word_1_390' title='bbox 1148 155 1417 179; x_wconf 63' lang='lat' dir='ltr'><strong>CONSTANTINOP-</strong></span> 
     </span>
    </p>
   </div>
   <div class='ocr_carea' id='block_1_10' title="bbox 984 216 1760 2467">
    <p class='ocr_par' dir='ltr' id='par_1_10' title="bbox 984 216 1760 2467">
     <span class='ocr_line' id='line_1_57' title="bbox 984 216 1756 259; baseline 0.005 -14"><span class='ocrx_word' id='word_1_391' title='bbox 984 216 1042 250; x_wconf 83' lang='grc' dir='ltr'>ἑνὸς</span> <span class='ocrx_word' id='word_1_392' title='bbox 1061 216 1107 246; x_wconf 78' lang='grc' dir='ltr'>καὶ</span> <span class='ocrx_word' id='word_1_393' title='bbox 1121 217 1200 257; x_wconf 80' lang='grc' dir='ltr'>ἄρτου</span> <span class='ocrx_word' id='word_1_394' title='bbox 1217 217 1296 256; x_wconf 85' lang='grc' dir='ltr'>μόνου</span> <span class='ocrx_word' id='word_1_395' title='bbox 1317 218 1426 257; x_wconf 84' lang='grc' dir='ltr'>γένοιντ’</span> <span class='ocrx_word' id='word_1_396' title='bbox 1441 217 1470 246; x_wconf 79' lang='grc' dir='ltr'>ἂν</span> <span class='ocrx_word' id='word_1_397' title='bbox 1495 219 1522 247; x_wconf 80' lang='grc' dir='ltr'>αἱ</span> <span class='ocrx_word' id='word_1_398' title='bbox 1537 218 1616 259; x_wconf 80' lang='grc' dir='ltr'>ἀρχαὶ</span> <span class='ocrx_word' id='word_1_399' title='bbox 1640 219 1756 255; x_wconf 82' lang='grc' dir='ltr'>ὠνηταὶ,</span> 
     </span>
     <span class='ocr_line' id='line_1_58' title="bbox 985 261 1756 303; baseline 0.005 -12"><span class='ocrx_word' id='word_1_400' title='bbox 985 262 1068 295; x_wconf 77' lang='grc' dir='ltr'>οὐδεὶς</span> <span class='ocrx_word' id='word_1_401' title='bbox 1082 261 1156 292; x_wconf 84' lang='grc' dir='ltr'>ἔσται</span> <span class='ocrx_word' id='word_1_402' title='bbox 1169 265 1182 292; x_wconf 95' lang='lat'>6</span> <span class='ocrx_word' id='word_1_403' title='bbox 1197 262 1356 303; x_wconf 72' lang='grc' dir='ltr'>ὠνούμενος·</span> <span class='ocrx_word' id='word_1_404' title='bbox 1378 262 1491 300; x_wconf 80' lang='grc' dir='ltr'>τοσαύτη</span> <span class='ocrx_word' id='word_1_405' title='bbox 1512 262 1606 298; x_wconf 74' lang='grc' dir='ltr'>σπάνις</span> <span class='ocrx_word' id='word_1_406' title='bbox 1618 264 1692 295; x_wconf 68' lang='grc' dir='ltr'>ἔσται</span> <span class='ocrx_word' id='word_1_407' title='bbox 1702 267 1756 294; x_wconf 83' lang='grc' dir='ltr'>τῶν</span> 
     </span>
     <span class='ocr_line' id='line_1_59' title="bbox 987 308 1756 349; baseline 0.005 -13"><span class='ocrx_word' id='word_1_408' title='bbox 987 308 1146 347; x_wconf 80' lang='grc' dir='ltr'>ἀναγκαίων.</span> <span class='ocrx_word' id='word_1_409' title='bbox 1173 308 1238 339; x_wconf 59' lang='grc' dir='ltr'>’Ότι</span> <span class='ocrx_word' id='word_1_410' title='bbox 1270 310 1369 338; x_wconf 85' lang='grc' dir='ltr'>ἀνεῖται</span> <span class='ocrx_word' id='word_1_411' title='bbox 1395 308 1571 349; x_wconf 85' lang='grc' dir='ltr'>Ἰερουσαλήμ</span> <span class='ocrx_word' id='word_1_412' title='bbox 1583 320 1591 327; x_wconf 83' lang='grc'><em>·</em></span> <span class='ocrx_word' id='word_1_413' title='bbox 1622 310 1756 340; x_wconf 77' lang='grc' dir='ltr'>τουτέστιν</span> 
     </span>
     <span class='ocr_line' id='line_1_60' title="bbox 985 354 1755 397; baseline 0.005 -15"><span class='ocrx_word' id='word_1_414' title='bbox 985 354 1234 392; x_wconf 80' lang='grc' dir='ltr'>ἐγκαταλέλειπται,</span> <span class='ocrx_word' id='word_1_415' title='bbox 1253 355 1409 395; x_wconf 76' lang='grc' dir='ltr'>ἠρήμωται,</span> <span class='ocrx_word' id='word_1_416' title='bbox 1423 357 1470 390; x_wconf 79' lang='grc' dir='ltr'>τῆς</span> <span class='ocrx_word' id='word_1_417' title='bbox 1483 357 1529 384; x_wconf 77' lang='grc' dir='ltr'>τοῦ</span> <span class='ocrx_word' id='word_1_418' title='bbox 1549 357 1620 386; x_wconf 71' lang='grc' dir='ltr'>Θεοῦ</span> <span class='ocrx_word' id='word_1_419' title='bbox 1634 357 1755 397; x_wconf 81' lang='grc' dir='ltr'>προνοίας</span> 
     </span>
     <span class='ocr_line' id='line_1_61' title="bbox 985 401 1755 444; baseline 0.003 -14"><span class='ocrx_word' id='word_1_420' title='bbox 985 401 1159 440; x_wconf 80' lang='grc' dir='ltr'>γεγύμνωται.</span> <span class='ocrx_word' id='word_1_421' title='bbox 1176 402 1229 432; x_wconf 84' lang='grc' dir='ltr'>Καὶ</span> <span class='ocrx_word' id='word_1_422' title='bbox 1243 405 1259 438; x_wconf 83' lang='grc' dir='ltr'>ἡ</span> <span class='ocrx_word' id='word_1_423' title='bbox 1275 402 1390 432; x_wconf 84' lang='grc' dir='ltr'>Ἰουδαία</span> <span class='ocrx_word' id='word_1_424' title='bbox 1412 402 1606 442; x_wconf 76' lang='grc' dir='ltr'>συμπέπτωκε·</span> <span class='ocrx_word' id='word_1_425' title='bbox 1619 405 1755 444; x_wconf 76' lang='grc' dir='ltr'>ταραχῆς,</span> 
     </span>
     <span class='ocr_line' id='line_1_62' title="bbox 985 447 1755 488; baseline 0.003 -11"><span class='ocrx_word' id='word_1_426' title='bbox 985 447 1064 488; x_wconf 80' lang='grc' dir='ltr'>φησὶν</span> <span class='ocrx_word' id='word_1_427' title='bbox 1076 470 1083 487; x_wconf 83' lang='grc'>,</span> <span class='ocrx_word' id='word_1_428' title='bbox 1108 447 1294 487; x_wconf 82' lang='grc' dir='ltr'>ἐμπέπλησται</span> <span class='ocrx_word' id='word_1_429' title='bbox 1316 448 1361 478; x_wconf 81' lang='grc' dir='ltr'>καὶ</span> <span class='ocrx_word' id='word_1_430' title='bbox 1385 448 1510 488; x_wconf 72' lang='grc' dir='ltr'>θορύὸου,</span> <span class='ocrx_word' id='word_1_431' title='bbox 1536 447 1688 488; x_wconf 72' lang='grc' dir='ltr'>συγχύσεως</span> <span class='ocrx_word' id='word_1_432' title='bbox 1709 449 1755 479; x_wconf 79' lang='grc' dir='ltr'>καὶ</span> 
     </span>
     <span class='ocr_line' id='line_1_63' title="bbox 984 493 1755 534; baseline 0.003 -11"><span class='ocrx_word' id='word_1_433' title='bbox 984 493 1102 528; x_wconf 82' lang='grc' dir='ltr'>ἀταξίας.</span> <span class='ocrx_word' id='word_1_434' title='bbox 1123 494 1176 524; x_wconf 80' lang='grc' dir='ltr'>Καὶ</span> <span class='ocrx_word' id='word_1_435' title='bbox 1197 496 1224 524; x_wconf 82' lang='grc' dir='ltr'>αἱ</span> <span class='ocrx_word' id='word_1_436' title='bbox 1245 495 1365 534; x_wconf 81' lang='grc' dir='ltr'>γλῶσσαι</span> <span class='ocrx_word' id='word_1_437' title='bbox 1390 495 1475 524; x_wconf 78' lang='grc' dir='ltr'>αὐτῶν</span> <span class='ocrx_word' id='word_1_438' title='bbox 1502 494 1570 534; x_wconf 79' lang='grc' dir='ltr'>μετὰ</span> <span class='ocrx_word' id='word_1_439' title='bbox 1591 494 1701 534; x_wconf 74' lang='grc' dir='ltr'>ἀνομίας</span> <span class='ocrx_word' id='word_1_440' title='bbox 1721 495 1755 525; x_wconf 79' lang='grc' dir='ltr'>τὰ</span> 
     </span>
     <span class='ocr_line' id='line_1_64' title="bbox 984 535 1754 580; baseline 0.003 -11"><span class='ocrx_word' id='word_1_441' title='bbox 984 539 1049 580; x_wconf 80' lang='grc' dir='ltr'>πρὸς</span> <span class='ocrx_word' id='word_1_442' title='bbox 1069 539 1114 569; x_wconf 88' lang='grc' dir='ltr'>τὸν</span> <span class='ocrx_word' id='word_1_443' title='bbox 1134 540 1231 580; x_wconf 82' lang='grc' dir='ltr'>Κύριον</span> <span class='ocrx_word' id='word_1_444' title='bbox 1253 541 1412 571; x_wconf 79' lang='grc' dir='ltr'>ἀπειθοῦσιν.</span> <span class='ocrx_word' id='word_1_445' title='bbox 1428 535 1496 571; x_wconf 68' lang='grc' dir='ltr'>Εἶτα</span> <span class='ocrx_word' id='word_1_446' title='bbox 1516 541 1562 571; x_wconf 82' lang='grc' dir='ltr'>καὶ</span> <span class='ocrx_word' id='word_1_447' title='bbox 1580 542 1597 576; x_wconf 86' lang='grc' dir='ltr'>ἡ</span> <span class='ocrx_word' id='word_1_448' title='bbox 1613 540 1685 571; x_wconf 79' lang='grc' dir='ltr'>αἰτία</span> <span class='ocrx_word' id='word_1_449' title='bbox 1701 543 1754 571; x_wconf 80' lang='grc' dir='ltr'>τῶν</span> 
     </span>
     <span class='ocr_line' id='line_1_65' title="bbox 984 586 1756 627; baseline 0 -11"><span class='ocrx_word' id='word_1_450' title='bbox 984 588 1083 624; x_wconf 84' lang='grc' dir='ltr'>κακῶν,</span> <span class='ocrx_word' id='word_1_451' title='bbox 1093 588 1141 623; x_wconf 74' lang='grc' dir='ltr'>τῆς</span> <span class='ocrx_word' id='word_1_452' title='bbox 1150 587 1270 627; x_wconf 72' lang='grc' dir='ltr'>γλώτι-ης</span> <span class='ocrx_word' id='word_1_453' title='bbox 1282 589 1298 623; x_wconf 87' lang='grc' dir='ltr'>ἡ</span> <span class='ocrx_word' id='word_1_454' title='bbox 1312 587 1435 627; x_wconf 85' lang='grc' dir='ltr'>ἀκρασία.</span> <span class='ocrx_word' id='word_1_455' title='bbox 1447 588 1484 617; x_wconf 64' lang='lat' dir='ltr'>t*O</span> <span class='ocrx_word' id='word_1_456' title='bbox 1497 587 1542 616; x_wconf 77' lang='grc' dir='ltr'>καὶ</span> <span class='ocrx_word' id='word_1_457' title='bbox 1554 586 1638 623; x_wconf 85' lang='grc' dir='ltr'>Ὠσηὲ</span> <span class='ocrx_word' id='word_1_458' title='bbox 1649 587 1756 627; x_wconf 75' lang='grc' dir='ltr'>ἐγκαλεῖ</span> 
     </span>
     <span class='ocr_line' id='line_1_66' title="bbox 984 632 1755 673; baseline 0 -12"><span class='ocrx_word' id='word_1_459' title='bbox 984 632 1079 672; x_wconf 85' lang='grc' dir='ltr'>λέγων·</span> <span class='ocrx_word' id='word_1_460' title='bbox 1097 633 1228 673; x_wconf 76' lang='grc' dir='ltr'>Ἐφραεὶμ</span> <span class='ocrx_word' id='word_1_461' title='bbox 1246 634 1282 667; x_wconf 86' lang='grc' dir='ltr'>εἰς</span> <span class='ocrx_word' id='word_1_462' title='bbox 1296 633 1443 673; x_wconf 84' lang='grc' dir='ltr'>ἀφανισμὸν</span> <span class='ocrx_word' id='word_1_463' title='bbox 1466 632 1583 672; x_wconf 80' lang='grc' dir='ltr'>ἐγένοντο</span> <span class='ocrx_word' id='word_1_464' title='bbox 1602 634 1630 662; x_wconf 79' lang='grc' dir='ltr'>ἐν</span> <span class='ocrx_word' id='word_1_465' title='bbox 1643 632 1755 673; x_wconf 74' lang='grc' dir='ltr'>ἡμέραις</span> 
     </span>
     <span class='ocr_line' id='line_1_67' title="bbox 985 678 1754 720; baseline -0.001 -11"><span class='ocrx_word' id='word_1_466' title='bbox 985 679 1108 720; x_wconf 81' lang='grc' dir='ltr'>ἐλέγχου·</span> <span class='ocrx_word' id='word_1_467' title='bbox 1131 680 1158 709; x_wconf 82' lang='grc' dir='ltr'>ἐν</span> <span class='ocrx_word' id='word_1_468' title='bbox 1178 683 1236 713; x_wconf 87' lang='grc' dir='ltr'>ταῖς</span> <span class='ocrx_word' id='word_1_469' title='bbox 1256 681 1349 719; x_wconf 84' lang='grc' dir='ltr'>φυλαῖς</span> <span class='ocrx_word' id='word_1_470' title='bbox 1369 682 1414 708; x_wconf 78' lang='grc' dir='ltr'>τοῦ</span> <span class='ocrx_word' id='word_1_471' title='bbox 1435 679 1546 719; x_wconf 87' lang='grc' dir='ltr'>Ἰσραὴλ</span> <span class='ocrx_word' id='word_1_472' title='bbox 1560 678 1645 713; x_wconf 77' lang='grc' dir='ltr'>ἔδειξα</span> <span class='ocrx_word' id='word_1_473' title='bbox 1658 678 1754 708; x_wconf 85' lang='grc' dir='ltr'>πιστά·</span> 
     </span>
     <span class='ocr_line' id='line_1_68' title="bbox 985 724 1756 766; baseline -0.001 -11"><span class='ocrx_word' id='word_1_474' title='bbox 985 725 1030 755; x_wconf 75' lang='grc' dir='ltr'>καὶ</span> <span class='ocrx_word' id='word_1_475' title='bbox 1043 727 1058 755; x_wconf 89' lang='lat'>6</span> <span class='ocrx_word' id='word_1_476' title='bbox 1069 725 1213 766; x_wconf 82' lang='grc' dir='ltr'>Μαλαχίας</span> <span class='ocrx_word' id='word_1_477' title='bbox 1223 725 1257 755; x_wconf 81' lang='grc' dir='ltr'>τὰ</span> <span class='ocrx_word' id='word_1_478' title='bbox 1277 724 1344 755; x_wconf 80' lang='grc' dir='ltr'>αὐτὰ</span> <span class='ocrx_word' id='word_1_479' title='bbox 1357 726 1437 755; x_wconf 83' lang='grc' dir='ltr'>πάλιν</span> <span class='ocrx_word' id='word_1_480' title='bbox 1453 725 1550 764; x_wconf 85' lang='grc' dir='ltr'>λέγων·</span> <span class='ocrx_word' id='word_1_481' title='bbox 1565 726 1600 755; x_wconf 83' lang='grc' dir='ltr'>Οἱ</span> <span class='ocrx_word' id='word_1_482' title='bbox 1620 726 1756 766; x_wconf 74' lang='grc' dir='ltr'>προφῆται</span> 
     </span>
     <span class='ocr_line' id='line_1_69' title="bbox 984 770 1754 812; baseline -0.001 -11"><span class='ocrx_word' id='word_1_483' title='bbox 984 774 995 788; x_wconf 74' lang='lat'><strong>⁶</strong></span> <span class='ocrx_word' id='word_1_484' title='bbox 1005 771 1169 806; x_wconf 82' lang='grc' dir='ltr'>ὀνειδίζοντες</span> <span class='ocrx_word' id='word_1_485' title='bbox 1189 771 1249 805; x_wconf 83' lang='grc' dir='ltr'>τοὺς</span> <span class='ocrx_word' id='word_1_486' title='bbox 1261 771 1455 812; x_wconf 77' lang='grc' dir='ltr'>παροξύναντας</span> <span class='ocrx_word' id='word_1_487' title='bbox 1468 771 1512 800; x_wconf 88' lang='grc' dir='ltr'>τὸν</span> <span class='ocrx_word' id='word_1_488' title='bbox 1525 771 1594 801; x_wconf 76' lang='grc' dir='ltr'>Θεὸν</span> <span class='ocrx_word' id='word_1_489' title='bbox 1615 772 1643 800; x_wconf 77' lang='grc' dir='ltr'>ἐν</span> <span class='ocrx_word' id='word_1_490' title='bbox 1655 770 1754 810; x_wconf 81' lang='grc' dir='ltr'>λόγοις.</span> 
     </span>
     <span class='ocr_line' id='line_1_70' title="bbox 985 817 1754 859; baseline -0.001 -12"><span class='ocrx_word' id='word_1_491' title='bbox 985 817 1038 847; x_wconf 85' lang='grc' dir='ltr'>Καὶ</span> <span class='ocrx_word' id='word_1_492' title='bbox 1051 817 1155 847; x_wconf 77' lang='grc' dir='ltr'>εἴπατε·</span> <span class='ocrx_word' id='word_1_493' title='bbox 1172 818 1200 847; x_wconf 81' lang='grc' dir='ltr'>ἐν</span> <span class='ocrx_word' id='word_1_494' title='bbox 1218 817 1270 847; x_wconf 89' lang='grc' dir='ltr'>τίνι</span> <span class='ocrx_word' id='word_1_495' title='bbox 1283 817 1472 859; x_wconf 79' lang='grc' dir='ltr'>παρωξύναμεν</span> <span class='ocrx_word' id='word_1_496' title='bbox 1487 818 1582 853; x_wconf 78' lang='grc' dir='ltr'>αὖτόν;</span> <span class='ocrx_word' id='word_1_497' title='bbox 1597 818 1644 847; x_wconf 85' lang='grc' dir='ltr'>Ἐν</span> <span class='ocrx_word' id='word_1_498' title='bbox 1657 818 1696 856; x_wconf 77' lang='grc' dir='ltr'>τῷ</span> <span class='ocrx_word' id='word_1_499' title='bbox 1706 817 1754 846; x_wconf 80' lang='grc' dir='ltr'>λέ-</span> 
     </span>
     <span class='ocr_line' id='line_1_71' title="bbox 984 863 1753 904; baseline -0.001 -11"><span class='ocrx_word' id='word_1_500' title='bbox 984 875 1039 903; x_wconf 90' lang='grc' dir='ltr'>γειν</span> <span class='ocrx_word' id='word_1_501' title='bbox 1051 866 1132 903; x_wconf 67' lang='grc' dir='ltr'>ὑμᾶς·</span> <span class='ocrx_word' id='word_1_502' title='bbox 1153 869 1205 898; x_wconf 79' lang='grc' dir='ltr'>πᾶς</span> <span class='ocrx_word' id='word_1_503' title='bbox 1226 865 1309 894; x_wconf 80' lang='grc' dir='ltr'>ποιῶν</span> <span class='ocrx_word' id='word_1_504' title='bbox 1329 864 1456 904; x_wconf 85' lang='grc' dir='ltr'>πονηρὸν,</span> <span class='ocrx_word' id='word_1_505' title='bbox 1472 864 1551 894; x_wconf 83' lang='grc' dir='ltr'>καλὸν</span> <span class='ocrx_word' id='word_1_506' title='bbox 1572 863 1683 894; x_wconf 82' lang='grc' dir='ltr'>ἐνώπιον</span> <span class='ocrx_word' id='word_1_507' title='bbox 1697 865 1753 893; x_wconf 83' lang='grc' dir='ltr'>Κυ-</span> 
     </span>
     <span class='ocr_line' id='line_1_72' title="bbox 987 909 1755 949; baseline -0.001 -10"><span class='ocrx_word' id='word_1_508' title='bbox 987 909 1119 949; x_wconf 54' lang='grc' dir='ltr'>ρίουριιαὶ</span> <span class='ocrx_word' id='word_1_509' title='bbox 1133 911 1160 939; x_wconf 79' lang='grc' dir='ltr'>ἐν</span> <span class='ocrx_word' id='word_1_510' title='bbox 1174 912 1261 944; x_wconf 77' lang='grc' dir='ltr'>αὐτοῖς</span> <span class='ocrx_word' id='word_1_511' title='bbox 1279 910 1356 943; x_wconf 79' lang='grc' dir='ltr'>αὐτὸς</span> <span class='ocrx_word' id='word_1_512' title='bbox 1374 910 1510 946; x_wconf 82' lang='grc' dir='ltr'>εὖδόκησε.</span> <span class='ocrx_word' id='word_1_513' title='bbox 1523 910 1577 940; x_wconf 82' lang='grc' dir='ltr'>Καὶ</span> <span class='ocrx_word' id='word_1_514' title='bbox 1590 912 1641 939; x_wconf 82' lang='grc' dir='ltr'>ποῦ</span> <span class='ocrx_word' id='word_1_515' title='bbox 1656 911 1727 939; x_wconf 82' lang='grc' dir='ltr'>ἐστιν</span> <span class='ocrx_word' id='word_1_516' title='bbox 1741 910 1755 937; x_wconf 88' lang='lat'>6</span> 
     </span>
     <span class='ocr_line' id='line_1_73' title="bbox 986 956 1755 994; baseline -0.001 -8"><span class='ocrx_word' id='word_1_517' title='bbox 986 956 1054 990; x_wconf 75' lang='grc' dir='ltr'>Θεὸς</span> <span class='ocrx_word' id='word_1_518' title='bbox 1067 959 1115 992; x_wconf 72' lang='grc' dir='ltr'>τῆς</span> <span class='ocrx_word' id='word_1_519' title='bbox 1137 956 1317 994; x_wconf 81' lang='grc' dir='ltr'>δικαιοσύνης;</span> <span class='ocrx_word' id='word_1_520' title='bbox 1329 957 1416 986; x_wconf 79' lang='grc' dir='ltr'>Τοῦτο</span> <span class='ocrx_word' id='word_1_521' title='bbox 1429 956 1461 992; x_wconf 81' lang='grc' dir='ltr'>δὴ</span> <span class='ocrx_word' id='word_1_522' title='bbox 1473 956 1519 986; x_wconf 76' lang='grc' dir='ltr'>καὶ</span> <span class='ocrx_word' id='word_1_523' title='bbox 1532 956 1609 989; x_wconf 79' lang='grc' dir='ltr'>αὐτὸς</span> <span class='ocrx_word' id='word_1_524' title='bbox 1622 957 1755 990; x_wconf 76' lang='grc' dir='ltr'>αἰτιᾶται,</span> 
     </span>
     <span class='ocr_line' id='line_1_74' title="bbox 987 1001 1755 1043; baseline -0.003 -11"><span class='ocrx_word' id='word_1_525' title='bbox 987 1003 1095 1032; x_wconf 79' lang='grc' dir='ltr'>διπλοῦν</span> <span class='ocrx_word' id='word_1_526' title='bbox 1106 1002 1243 1043; x_wconf 78' lang='grc' dir='ltr'>προφέρων</span> <span class='ocrx_word' id='word_1_527' title='bbox 1256 1002 1392 1042; x_wconf 84' lang='grc' dir='ltr'>ἔγκλημα,</span> <span class='ocrx_word' id='word_1_528' title='bbox 1403 1001 1444 1032; x_wconf 80' lang='grc' dir='ltr'>ὅτι</span> <span class='ocrx_word' id='word_1_529' title='bbox 1459 1004 1488 1032; x_wconf 86' lang='grc' dir='ltr'>οὐ</span> <span class='ocrx_word' id='word_1_530' title='bbox 1502 1002 1578 1041; x_wconf 88' lang='grc' dir='ltr'>μόνον</span> <span class='ocrx_word' id='word_1_531' title='bbox 1595 1003 1755 1037; x_wconf 83' lang='grc' dir='ltr'>ἀπειθοῦσιν,</span> 
     </span>
     <span class='ocr_line' id='line_1_75' title="bbox 987 1047 1756 1088; baseline -0.001 -11"><span class='ocrx_word' id='word_1_532' title='bbox 987 1047 1046 1078; x_wconf 78' lang='grc' dir='ltr'>οὐδὲ</span> <span class='ocrx_word' id='word_1_533' title='bbox 1065 1049 1094 1077; x_wconf 81' lang='grc' dir='ltr'>οὒ</span> <span class='ocrx_word' id='word_1_534' title='bbox 1116 1048 1194 1087; x_wconf 87' lang='grc' dir='ltr'>μόνον</span> <span class='ocrx_word' id='word_1_535' title='bbox 1216 1048 1407 1088; x_wconf 78' lang='grc' dir='ltr'>παραὸαίνουσι</span> <span class='ocrx_word' id='word_1_536' title='bbox 1428 1049 1472 1078; x_wconf 81' lang='grc' dir='ltr'>τὸν</span> <span class='ocrx_word' id='word_1_537' title='bbox 1492 1048 1570 1087; x_wconf 90' lang='grc' dir='ltr'>νόμον</span> <span class='ocrx_word' id='word_1_538' title='bbox 1583 1059 1589 1066; x_wconf 90' lang='grc'><em>·</em></span> <span class='ocrx_word' id='word_1_539' title='bbox 1610 1047 1756 1088; x_wconf 81' lang='grc' dir='ltr'>ὀφείλοντες</span> 
     </span>
     <span class='ocr_line' id='line_1_76' title="bbox 986 1093 1755 1135; baseline -0.001 -12"><span class='ocrx_word' id='word_1_540' title='bbox 986 1097 1048 1133; x_wconf 79' lang='grc' dir='ltr'>γοῦν</span> <span class='ocrx_word' id='word_1_541' title='bbox 1059 1093 1229 1134; x_wconf 83' lang='grc' dir='ltr'>αἰσχύνεσθαι</span> <span class='ocrx_word' id='word_1_542' title='bbox 1241 1094 1284 1124; x_wconf 77' lang='grc' dir='ltr'>ἐπὶ</span> <span class='ocrx_word' id='word_1_543' title='bbox 1296 1094 1382 1135; x_wconf 81' lang='grc' dir='ltr'>τούτῳ</span> <span class='ocrx_word' id='word_1_544' title='bbox 1392 1095 1438 1125; x_wconf 79' lang='grc' dir='ltr'>καὶ</span> <span class='ocrx_word' id='word_1_545' title='bbox 1447 1096 1577 1135; x_wconf 81' lang='grc' dir='ltr'>ἔρυθριᾷν,</span> <span class='ocrx_word' id='word_1_546' title='bbox 1588 1093 1755 1134; x_wconf 78' lang='grc' dir='ltr'>ἐγκαλύπτε-</span> 
     </span>
     <span class='ocr_line' id='line_1_77' title="bbox 987 1139 1756 1180; baseline 0 -11"><span class='ocrx_word' id='word_1_547' title='bbox 987 1143 1047 1170; x_wconf 91' lang='grc' dir='ltr'>σθαι</span> <span class='ocrx_word' id='word_1_548' title='bbox 1061 1140 1107 1169; x_wconf 84' lang='grc' dir='ltr'>καὶ</span> <span class='ocrx_word' id='word_1_549' title='bbox 1119 1140 1193 1170; x_wconf 75' lang='grc' dir='ltr'>κάτω</span> <span class='ocrx_word' id='word_1_550' title='bbox 1206 1140 1315 1170; x_wconf 75' lang='grc' dir='ltr'>κύπτειν</span> <span class='ocrx_word' id='word_1_551' title='bbox 1323 1162 1332 1177; x_wconf 89' lang='grc'>,</span> <span class='ocrx_word' id='word_1_552' title='bbox 1345 1142 1369 1170; x_wconf 78' lang='grc' dir='ltr'>οἱ</span> <span class='ocrx_word' id='word_1_553' title='bbox 1387 1139 1416 1170; x_wconf 69' lang='grc' dir='ltr'>δὲ</span> <span class='ocrx_word' id='word_1_554' title='bbox 1428 1140 1475 1171; x_wconf 81' lang='grc' dir='ltr'>καὶ</span> <span class='ocrx_word' id='word_1_555' title='bbox 1485 1140 1689 1180; x_wconf 82' lang='grc' dir='ltr'>ἐπαγωνίζονται</span> <span class='ocrx_word' id='word_1_556' title='bbox 1701 1144 1756 1173; x_wconf 84' lang='grc' dir='ltr'>τοῖς</span> 
     </span>
     <span class='ocr_line' id='line_1_78' title="bbox 986 1186 1755 1227; baseline -0.001 -11"><span class='ocrx_word' id='word_1_557' title='bbox 986 1186 1138 1227; x_wconf 80' lang='grc' dir='ltr'>προτέροις,</span> <span class='ocrx_word' id='word_1_558' title='bbox 1154 1186 1222 1226; x_wconf 74' lang='grc' dir='ltr'>μετὰ</span> <span class='ocrx_word' id='word_1_559' title='bbox 1240 1189 1286 1216; x_wconf 76' lang='grc' dir='ltr'>τοῦ</span> <span class='ocrx_word' id='word_1_560' title='bbox 1300 1186 1337 1226; x_wconf 81' lang='grc' dir='ltr'>μὴ</span> <span class='ocrx_word' id='word_1_561' title='bbox 1350 1191 1433 1216; x_wconf 75' lang='grc' dir='ltr'>ποιεῖν</span> <span class='ocrx_word' id='word_1_562' title='bbox 1451 1186 1485 1215; x_wconf 81' lang='grc' dir='ltr'>τὰ</span> <span class='ocrx_word' id='word_1_563' title='bbox 1504 1186 1697 1226; x_wconf 82' lang='grc' dir='ltr'>ἐπιτεταγμένα</span> <span class='ocrx_word' id='word_1_564' title='bbox 1710 1187 1755 1216; x_wconf 80' lang='grc' dir='ltr'>καὶ</span> 
     </span>
     <span class='ocr_line' id='line_1_79' title="bbox 987 1233 1755 1275; baseline -0.001 -12"><span class='ocrx_word' id='word_1_565' title='bbox 987 1233 1098 1274; x_wconf 80' lang='grc' dir='ltr'>φορτικὰ</span> <span class='ocrx_word' id='word_1_566' title='bbox 1122 1233 1292 1275; x_wconf 78' lang='grc' dir='ltr'>φθεγγόμενοι</span> <span class='ocrx_word' id='word_1_567' title='bbox 1316 1233 1434 1274; x_wconf 79' lang='grc' dir='ltr'>ῥήματα·</span> <span class='ocrx_word' id='word_1_568' title='bbox 1457 1233 1565 1263; x_wconf 60' lang='lat' dir='ltr'><strong>‘neunt</strong></span> <span class='ocrx_word' id='word_1_569' title='bbox 1588 1233 1692 1269; x_wconf 83' lang='grc' dir='ltr'>οἰκέτης</span> <span class='ocrx_word' id='word_1_570' title='bbox 1716 1245 1755 1266; x_wconf 87' lang='grc' dir='ltr'>τις</span> 
     </span>
     <span class='ocr_line' id='line_1_80' title="bbox 986 1279 1760 1320; baseline -0.003 -10"><span class='ocrx_word' id='word_1_571' title='bbox 986 1279 1116 1320; x_wconf 83' lang='grc' dir='ltr'>ἀγνώμων</span> <span class='ocrx_word' id='word_1_572' title='bbox 1136 1279 1372 1319; x_wconf 77' lang='grc' dir='ltr'>ἐγκαταλιμπάνων</span> <span class='ocrx_word' id='word_1_573' title='bbox 1393 1279 1427 1309; x_wconf 79' lang='grc' dir='ltr'>τὰ</span> <span class='ocrx_word' id='word_1_574' title='bbox 1451 1279 1619 1319; x_wconf 83' lang='grc' dir='ltr'>ἐπιτάγματα</span> <span class='ocrx_word' id='word_1_575' title='bbox 1643 1282 1688 1309; x_wconf 82' lang='grc' dir='ltr'>τοῦ</span> <span class='ocrx_word' id='word_1_576' title='bbox 1712 1280 1760 1308; x_wconf 88' lang='grc' dir='ltr'>δε-’</span> 
     </span>
     <span class='ocr_line' id='line_1_81' title="bbox 987 1325 1754 1366; baseline -0.001 -11"><span class='ocrx_word' id='word_1_577' title='bbox 987 1326 1100 1362; x_wconf 88' lang='grc' dir='ltr'>σπότου,</span> <span class='ocrx_word' id='word_1_578' title='bbox 1121 1325 1161 1355; x_wconf 85' lang='grc' dir='ltr'>ἔτι</span> <span class='ocrx_word' id='word_1_579' title='bbox 1185 1325 1230 1355; x_wconf 82' lang='grc' dir='ltr'>καὶ</span> <span class='ocrx_word' id='word_1_580' title='bbox 1250 1325 1410 1366; x_wconf 81' lang='grc' dir='ltr'>θρασύνοιτο.</span> <span class='ocrx_word' id='word_1_581' title='bbox 1426 1325 1475 1355; x_wconf 76' lang='grc' dir='ltr'>Διὸ</span> <span class='ocrx_word' id='word_1_582' title='bbox 1488 1328 1532 1354; x_wconf 78' lang='grc' dir='ltr'>νῦν</span> <span class='ocrx_word' id='word_1_583' title='bbox 1554 1325 1716 1361; x_wconf 82' lang='grc' dir='ltr'>ἐταπεινώθη</span> <span class='ocrx_word' id='word_1_584' title='bbox 1737 1327 1754 1360; x_wconf 84' lang='grc' dir='ltr'>ἡ</span> 
     </span>
     <span class='ocr_line' id='line_1_82' title="bbox 987 1370 1754 1412; baseline -0.001 -11"><span class='ocrx_word' id='word_1_585' title='bbox 987 1371 1049 1406; x_wconf 82' lang='grc' dir='ltr'>δόξα</span> <span class='ocrx_word' id='word_1_586' title='bbox 1061 1372 1139 1401; x_wconf 81' lang='grc' dir='ltr'>αὐτοῦ</span> <span class='ocrx_word' id='word_1_587' title='bbox 1148 1393 1156 1408; x_wconf 88' lang='grc'>,</span> <span class='ocrx_word' id='word_1_588' title='bbox 1167 1371 1213 1402; x_wconf 73' lang='grc' dir='ltr'>καὶ</span> <span class='ocrx_word' id='word_1_589' title='bbox 1226 1373 1243 1407; x_wconf 88' lang='grc' dir='ltr'>ἡ</span> <span class='ocrx_word' id='word_1_590' title='bbox 1258 1371 1371 1412; x_wconf 84' lang='grc' dir='ltr'>αἰσχύνη</span> <span class='ocrx_word' id='word_1_591' title='bbox 1382 1374 1426 1401; x_wconf 76' lang='grc' dir='ltr'>τοῦ</span> <span class='ocrx_word' id='word_1_592' title='bbox 1449 1370 1592 1411; x_wconf 87' lang='grc' dir='ltr'>προσώπου</span> <span class='ocrx_word' id='word_1_593' title='bbox 1613 1373 1693 1400; x_wconf 78' lang='grc' dir='ltr'>αὐτοῦ</span> <span class='ocrx_word' id='word_1_594' title='bbox 1707 1373 1754 1400; x_wconf 83' lang='grc' dir='ltr'>ἀν-</span> 
     </span>
     <span class='ocr_line' id='line_1_83' title="bbox 986 1417 1756 1457; baseline 0 -10"><span class='ocrx_word' id='word_1_595' title='bbox 986 1418 1067 1454; x_wconf 85' lang='grc' dir='ltr'>τέστη</span> <span class='ocrx_word' id='word_1_596' title='bbox 1082 1419 1178 1451; x_wconf 78' lang='grc' dir='ltr'>αὐτοῖς.</span> <span class='ocrx_word' id='word_1_597' title='bbox 1197 1417 1284 1448; x_wconf 83' lang='grc' dir='ltr'>Πάλιν</span> <span class='ocrx_word' id='word_1_598' title='bbox 1303 1418 1336 1447; x_wconf 81' lang='grc' dir='ltr'>τὰ</span> <span class='ocrx_word' id='word_1_599' title='bbox 1356 1417 1485 1456; x_wconf 83' lang='grc' dir='ltr'>μέλλοντα</span> <span class='ocrx_word' id='word_1_600' title='bbox 1498 1419 1533 1451; x_wconf 81' lang='grc' dir='ltr'>ὡς</span> <span class='ocrx_word' id='word_1_601' title='bbox 1554 1418 1756 1457; x_wconf 86' lang='grc' dir='ltr'>παρεληλυθότα</span> 
     </span>
     <span class='ocr_line' id='line_1_84' title="bbox 986 1463 1753 1504; baseline -0.003 -10"><span class='ocrx_word' id='word_1_602' title='bbox 986 1464 1067 1503; x_wconf 84' lang='grc' dir='ltr'>λέγει,</span> <span class='ocrx_word' id='word_1_603' title='bbox 1079 1466 1117 1504; x_wconf 83' lang='grc' dir='ltr'>τῷ</span> <span class='ocrx_word' id='word_1_604' title='bbox 1140 1463 1245 1500; x_wconf 84' lang='grc' dir='ltr'>συνήθει</span> <span class='ocrx_word' id='word_1_605' title='bbox 1258 1463 1420 1504; x_wconf 80' lang='grc' dir='ltr'>κεχρημένος</span> <span class='ocrx_word' id='word_1_606' title='bbox 1439 1463 1511 1503; x_wconf 83' lang='grc' dir='ltr'>νόμῳ</span> <span class='ocrx_word' id='word_1_607' title='bbox 1525 1464 1572 1499; x_wconf 73' lang='grc' dir='ltr'>τῆς</span> <span class='ocrx_word' id='word_1_608' title='bbox 1585 1463 1753 1504; x_wconf 82' lang='grc' dir='ltr'>προφητείας.</span> 
     </span>
     <span class='ocr_line' id='line_1_85' title="bbox 988 1508 1754 1550; baseline -0.004 -10"><span class='ocrx_word' id='word_1_609' title='bbox 988 1510 1154 1540; x_wconf 84' lang='grc' dir='ltr'>Ταπείνωσιν</span> <span class='ocrx_word' id='word_1_610' title='bbox 1169 1510 1196 1540; x_wconf 81' lang='grc' dir='ltr'>δὲ</span> <span class='ocrx_word' id='word_1_611' title='bbox 1210 1509 1285 1547; x_wconf 82' lang='grc' dir='ltr'>δόξης</span> <span class='ocrx_word' id='word_1_612' title='bbox 1298 1509 1346 1545; x_wconf 71' lang='grc' dir='ltr'>τὴν</span> <span class='ocrx_word' id='word_1_613' title='bbox 1358 1509 1543 1550; x_wconf 78' lang='grc' dir='ltr'>αἰχμαλωσίαν</span> <span class='ocrx_word' id='word_1_614' title='bbox 1557 1509 1642 1538; x_wconf 83' lang='grc' dir='ltr'>καλεῖ.</span> <span class='ocrx_word' id='word_1_615' title='bbox 1653 1510 1694 1538; x_wconf 84' lang='grc' dir='ltr'>Οὐ</span> <span class='ocrx_word' id='word_1_616' title='bbox 1703 1508 1754 1549; x_wconf 81' lang='grc' dir='ltr'>γὰρ</span> 
     </span>
     <span class='ocr_line' id='line_1_86' title="bbox 987 1551 1754 1597; baseline -0.001 -11"><span class='ocrx_word' id='word_1_617' title='bbox 987 1558 1034 1592; x_wconf 76' lang='grc' dir='ltr'>τῆς</span> <span class='ocrx_word' id='word_1_618' title='bbox 1048 1556 1178 1597; x_wconf 80' lang='grc' dir='ltr'>τυχούσης</span> <span class='ocrx_word' id='word_1_619' title='bbox 1190 1555 1317 1596; x_wconf 80' lang='grc' dir='ltr'>αἰσχύνης</span> <span class='ocrx_word' id='word_1_620' title='bbox 1329 1551 1378 1592; x_wconf 74' lang='grc' dir='ltr'>ἦν,</span> <span class='ocrx_word' id='word_1_621' title='bbox 1395 1554 1455 1588; x_wconf 81' lang='grc' dir='ltr'>τοὺς</span> <span class='ocrx_word' id='word_1_622' title='bbox 1474 1556 1500 1584; x_wconf 75' lang='grc' dir='ltr'>ἰν</span> <span class='ocrx_word' id='word_1_623' title='bbox 1523 1554 1595 1589; x_wconf 77' lang='grc' dir='ltr'>τάξει</span> <span class='ocrx_word' id='word_1_624' title='bbox 1609 1556 1661 1584; x_wconf 86' lang='grc' dir='ltr'>τῶν</span> <span class='ocrx_word' id='word_1_625' title='bbox 1677 1557 1754 1595; x_wconf 89' lang='grc' dir='ltr'>βασι-</span> 
     </span>
     <span class='ocr_line' id='line_1_87' title="bbox 987 1600 1755 1641; baseline -0.003 -9"><span class='ocrx_word' id='word_1_626' title='bbox 987 1603 1114 1632; x_wconf 85' lang='grc' dir='ltr'>λευόντων</span> <span class='ocrx_word' id='word_1_627' title='bbox 1135 1604 1182 1638; x_wconf 78' lang='grc' dir='ltr'>τῆς</span> <span class='ocrx_word' id='word_1_628' title='bbox 1203 1601 1356 1640; x_wconf 83' lang='grc' dir='ltr'>οἰκουμένης</span> <span class='ocrx_word' id='word_1_629' title='bbox 1370 1601 1459 1637; x_wconf 75' lang='grc' dir='ltr'>ὄντας,</span> <span class='ocrx_word' id='word_1_630' title='bbox 1481 1600 1587 1635; x_wconf 87' lang='grc' dir='ltr'>τούτους</span> <span class='ocrx_word' id='word_1_631' title='bbox 1611 1601 1755 1641; x_wconf 79' lang='grc' dir='ltr'>ἀνθρώποις</span> 
     </span>
     <span class='ocr_line' id='line_1_88' title="bbox 989 1645 1754 1688; baseline -0.001 -10"><span class='ocrx_word' id='word_1_632' title='bbox 989 1648 1110 1688; x_wconf 75' lang='grc' dir='ltr'>βεὸήλοις</span> <span class='ocrx_word' id='word_1_633' title='bbox 1134 1648 1179 1678; x_wconf 75' lang='grc' dir='ltr'>καὶ</span> <span class='ocrx_word' id='word_1_634' title='bbox 1203 1647 1344 1688; x_wconf 76' lang='grc' dir='ltr'>βαρὸάροις</span> <span class='ocrx_word' id='word_1_635' title='bbox 1364 1645 1550 1686; x_wconf 78' lang='grc' dir='ltr'>ὑποτετάχθαι.</span> <span class='ocrx_word' id='word_1_636' title='bbox 1573 1646 1709 1686; x_wconf 82' lang='grc' dir='ltr'>Αἰσχύνην</span> <span class='ocrx_word' id='word_1_637' title='bbox 1728 1647 1754 1677; x_wconf 75' lang='grc' dir='ltr'>δὲ</span> 
     </span>
     <span class='ocr_line' id='line_1_89' title="bbox 988 1692 1755 1735; baseline -0.004 -11"><span class='ocrx_word' id='word_1_638' title='bbox 988 1694 1130 1735; x_wconf 79' lang='grc' dir='ltr'>προσώπω</span> <span class='ocrx_word' id='word_1_639' title='bbox 1140 1695 1251 1724; x_wconf 74' lang='grc' dir='ltr'>ἐνταῦθα</span> <span class='ocrx_word' id='word_1_640' title='bbox 1260 1693 1308 1730; x_wconf 67' lang='grc' dir='ltr'>τὴν</span> <span class='ocrx_word' id='word_1_641' title='bbox 1319 1692 1371 1723; x_wconf 78' lang='grc' dir='ltr'>ἀπὸ</span> <span class='ocrx_word' id='word_1_642' title='bbox 1381 1694 1429 1728; x_wconf 75' lang='grc' dir='ltr'>τῆς</span> <span class='ocrx_word' id='word_1_643' title='bbox 1442 1692 1573 1732; x_wconf 80' lang='grc' dir='ltr'>ἁμαρτίας</span> <span class='ocrx_word' id='word_1_644' title='bbox 1585 1693 1755 1732; x_wconf 78' lang='grc' dir='ltr'>ἐγγινομένην</span> 
     </span>
     <span class='ocr_line' id='line_1_90' title="bbox 989 1734 1755 1780; baseline -0.004 -9"><span class='ocrx_word' id='word_1_645' title='bbox 989 1741 1063 1780; x_wconf 89' lang='grc' dir='ltr'>φησί.</span> <span class='ocrx_word' id='word_1_646' title='bbox 1077 1742 1202 1774; x_wconf 73' lang='grc' dir='ltr'>Τοιοῦτος</span> <span class='ocrx_word' id='word_1_647' title='bbox 1214 1739 1266 1780; x_wconf 77' lang='grc' dir='ltr'>γὰρ</span> <span class='ocrx_word' id='word_1_648' title='bbox 1279 1735 1311 1776; x_wconf 74' lang='grc' dir='ltr'>ἦν</span> <span class='ocrx_word' id='word_1_649' title='bbox 1326 1740 1411 1769; x_wconf 78' lang='grc' dir='ltr'>αὐτῶν</span> <span class='ocrx_word' id='word_1_650' title='bbox 1428 1740 1443 1768; x_wconf 98' lang='lat'>6</span> <span class='ocrx_word' id='word_1_651' title='bbox 1461 1738 1524 1778; x_wconf 88' lang='grc' dir='ltr'>βίος.</span> <span class='ocrx_word' id='word_1_652' title='bbox 1540 1739 1617 1768; x_wconf 84' lang='grc' dir='ltr'>Ἐπεὶ</span> <span class='ocrx_word' id='word_1_653' title='bbox 1630 1734 1674 1769; x_wconf 67' lang='grc' dir='ltr'>οὖν</span> <span class='ocrx_word' id='word_1_654' title='bbox 1687 1751 1755 1779; x_wconf 88' lang='grc' dir='ltr'>προ-</span> 
     </span>
     <span class='ocr_line' id='line_1_91' title="bbox 989 1780 1756 1826; baseline -0.004 -9"><span class='ocrx_word' id='word_1_655' title='bbox 989 1787 1113 1821; x_wconf 72' lang='grc' dir='ltr'>λαὸόντες</span> <span class='ocrx_word' id='word_1_656' title='bbox 1126 1786 1233 1821; x_wconf 70' lang='grc' dir='ltr'>ἑαυτοὺς</span> <span class='ocrx_word' id='word_1_657' title='bbox 1249 1785 1434 1826; x_wconf 74' lang='grc' dir='ltr'>κατῄσχυναν,</span> <span class='ocrx_word' id='word_1_658' title='bbox 1449 1786 1481 1815; x_wconf 85' lang='grc' dir='ltr'>δι’</span> <span class='ocrx_word' id='word_1_659' title='bbox 1505 1780 1541 1814; x_wconf 70' lang='grc' dir='ltr'>ὧν</span> <span class='ocrx_word' id='word_1_660' title='bbox 1555 1785 1698 1825; x_wconf 73' lang='grc' dir='ltr'>ἔπραττον,</span> <span class='ocrx_word' id='word_1_661' title='bbox 1713 1786 1756 1815; x_wconf 81' lang='grc' dir='ltr'>διὰ</span> 
     </span>
     <span class='ocr_line' id='line_1_92' title="bbox 990 1830 1757 1873; baseline -0.005 -9"><span class='ocrx_word' id='word_1_662' title='bbox 990 1834 1022 1871; x_wconf 85' lang='grc' dir='ltr'>δὴ</span> <span class='ocrx_word' id='word_1_663' title='bbox 1037 1838 1114 1864; x_wconf 77' lang='grc' dir='ltr'>τοῦτο</span> <span class='ocrx_word' id='word_1_664' title='bbox 1127 1835 1141 1863; x_wconf 89' lang='lat'>6</span> <span class='ocrx_word' id='word_1_665' title='bbox 1156 1833 1224 1867; x_wconf 82' lang='grc' dir='ltr'>Θεὸς</span> <span class='ocrx_word' id='word_1_666' title='bbox 1235 1834 1284 1868; x_wconf 74' lang='grc' dir='ltr'>τῆς</span> <span class='ocrx_word' id='word_1_667' title='bbox 1295 1831 1369 1867; x_wconf 85' lang='grc' dir='ltr'>δόξης</span> <span class='ocrx_word' id='word_1_668' title='bbox 1383 1830 1476 1864; x_wconf 72' lang='grc' dir='ltr'>αὐτοὺς</span> <span class='ocrx_word' id='word_1_669' title='bbox 1489 1830 1622 1873; x_wconf 59' lang='grc' dir='ltr'>ἐξέὄαλεν,</span> <span class='ocrx_word' id='word_1_670' title='bbox 1637 1831 1757 1861; x_wconf 82' lang='grc' dir='ltr'>ἐλάττονι</span> 
     </span>
     <span class='ocr_line' id='line_1_93' title="bbox 989 1877 1757 1921; baseline -0.004 -11"><span class='ocrx_word' id='word_1_671' title='bbox 989 1879 1147 1921; x_wconf 79' lang='grc' dir='ltr'>παραδιδοὺς</span> <span class='ocrx_word' id='word_1_672' title='bbox 1175 1878 1289 1919; x_wconf 78' lang='grc' dir='ltr'>τιμωρίᾳ</span> <span class='ocrx_word' id='word_1_673' title='bbox 1317 1879 1365 1913; x_wconf 77' lang='grc' dir='ltr'>τῆς</span> <span class='ocrx_word' id='word_1_674' title='bbox 1386 1879 1430 1907; x_wconf 75' lang='grc' dir='ltr'>ὑπ’</span> <span class='ocrx_word' id='word_1_675' title='bbox 1460 1877 1547 1906; x_wconf 79' lang='grc' dir='ltr'>αὐτῶν</span> <span class='ocrx_word' id='word_1_676' title='bbox 1574 1878 1757 1918; x_wconf 80' lang='grc' dir='ltr'>ἐπενεχθείοης</span> 
     </span>
     <span class='ocr_line' id='line_1_94' title="bbox 989 1919 1756 1965; baseline -0.005 -9"><span class='ocrx_word' id='word_1_677' title='bbox 989 1929 1085 1960; x_wconf 83' lang='grc' dir='ltr'>αὐτοῖς.</span> <span class='ocrx_word' id='word_1_678' title='bbox 1102 1927 1142 1956; x_wconf 83' lang='grc' dir='ltr'>Οὔ</span> <span class='ocrx_word' id='word_1_679' title='bbox 1164 1925 1215 1965; x_wconf 80' lang='grc' dir='ltr'>γὰρ</span> <span class='ocrx_word' id='word_1_680' title='bbox 1235 1924 1318 1957; x_wconf 78' lang='grc' dir='ltr'>οὕτως</span> <span class='ocrx_word' id='word_1_681' title='bbox 1339 1919 1406 1960; x_wconf 73' lang='grc' dir='ltr'>ἦσαν</span> <span class='ocrx_word' id='word_1_682' title='bbox 1426 1923 1598 1953; x_wconf 82' lang='grc' dir='ltr'>ἐπονείδιστοι</span> <span class='ocrx_word' id='word_1_683' title='bbox 1611 1923 1660 1960; x_wconf 83' lang='grc' dir='ltr'>τὴν</span> <span class='ocrx_word' id='word_1_684' title='bbox 1674 1924 1756 1954; x_wconf 84' lang='grc' dir='ltr'>ἄλλο-</span> 
     </span>
     <span class='ocr_line' id='line_1_95' title="bbox 988 1968 1756 2013; baseline -0.005 -11"><span class='ocrx_word' id='word_1_685' title='bbox 988 1972 1062 2013; x_wconf 85' lang='grc' dir='ltr'>τρίαν</span> <span class='ocrx_word' id='word_1_686' title='bbox 1075 1974 1205 2004; x_wconf 78' lang='grc' dir='ltr'>οἰκοῦντες</span> <span class='ocrx_word' id='word_1_687' title='bbox 1213 1993 1221 2007; x_wconf 90' lang='grc'>,</span> <span class='ocrx_word' id='word_1_688' title='bbox 1235 1972 1271 2004; x_wconf 82' lang='grc' dir='ltr'>ὡς</span> <span class='ocrx_word' id='word_1_689' title='bbox 1284 1969 1327 2000; x_wconf 79' lang='grc' dir='ltr'>ὅτε</span> <span class='ocrx_word' id='word_1_690' title='bbox 1339 1968 1388 2005; x_wconf 80' lang='grc' dir='ltr'>τὴν</span> <span class='ocrx_word' id='word_1_691' title='bbox 1400 1969 1563 2009; x_wconf 86' lang='grc' dir='ltr'>μητρόπολιν</span> <span class='ocrx_word' id='word_1_692' title='bbox 1583 1969 1687 2010; x_wconf 84' lang='grc' dir='ltr'>ἔχοντες</span> <span class='ocrx_word' id='word_1_693' title='bbox 1702 1982 1756 1999; x_wconf 73' lang='grc' dir='ltr'>πα-</span> 
     </span>
     <span class='ocr_line' id='line_1_96' title="bbox 989 2014 1757 2059; baseline -0.005 -11"><span class='ocrx_word' id='word_1_694' title='bbox 989 2018 1129 2059; x_wconf 91' lang='grc' dir='ltr'>ρηνόμουν.</span> <span class='ocrx_word' id='word_1_695' title='bbox 1141 2016 1211 2047; x_wconf 88' lang='grc' dir='ltr'>Τότε</span> <span class='ocrx_word' id='word_1_696' title='bbox 1222 2015 1271 2055; x_wconf 85' lang='grc' dir='ltr'>μὲν</span> <span class='ocrx_word' id='word_1_697' title='bbox 1280 2014 1331 2056; x_wconf 73' lang='grc' dir='ltr'>γὰρ</span> <span class='ocrx_word' id='word_1_698' title='bbox 1341 2014 1386 2046; x_wconf 79' lang='grc' dir='ltr'>καὶ</span> <span class='ocrx_word' id='word_1_699' title='bbox 1398 2015 1552 2045; x_wconf 83' lang='grc' dir='ltr'>ἐνεκόπτετο</span> <span class='ocrx_word' id='word_1_700' title='bbox 1565 2016 1653 2049; x_wconf 79' lang='grc' dir='ltr'>αὐτοῖς</span> <span class='ocrx_word' id='word_1_701' title='bbox 1665 2015 1699 2045; x_wconf 83' lang='grc' dir='ltr'>τὰ</span> <span class='ocrx_word' id='word_1_702' title='bbox 1710 2018 1757 2052; x_wconf 75' lang='grc' dir='ltr'>τῆς</span> 
     </span>
     <span class='ocr_line' id='line_1_97' title="bbox 989 2061 1757 2103; baseline -0.004 -9"><span class='ocrx_word' id='word_1_703' title='bbox 989 2064 1082 2103; x_wconf 78' lang='grc' dir='ltr'>κακίας</span> <span class='ocrx_word' id='word_1_704' title='bbox 1089 2075 1095 2082; x_wconf 93' lang='grc'><em>·</em></span> <span class='ocrx_word' id='word_1_705' title='bbox 1107 2063 1151 2093; x_wconf 77' lang='grc' dir='ltr'>ἐπὶ</span> <span class='ocrx_word' id='word_1_706' title='bbox 1161 2062 1189 2093; x_wconf 82' lang='grc' dir='ltr'>δὲ</span> <span class='ocrx_word' id='word_1_707' title='bbox 1199 2064 1247 2098; x_wconf 83' lang='grc' dir='ltr'>τῆς</span> <span class='ocrx_word' id='word_1_708' title='bbox 1257 2061 1381 2101; x_wconf 87' lang='grc' dir='ltr'>πατρίδος</span> <span class='ocrx_word' id='word_1_709' title='bbox 1393 2061 1438 2090; x_wconf 82' lang='grc' dir='ltr'>καὶ</span> <span class='ocrx_word' id='word_1_710' title='bbox 1450 2061 1516 2101; x_wconf 88' lang='grc' dir='ltr'>πρὸς</span> <span class='ocrx_word' id='word_1_711' title='bbox 1526 2061 1557 2091; x_wconf 86' lang='grc' dir='ltr'>τὸ</span> <span class='ocrx_word' id='word_1_712' title='bbox 1569 2063 1656 2101; x_wconf 88' lang='grc' dir='ltr'>μεῖζον</span> <span class='ocrx_word' id='word_1_713' title='bbox 1669 2061 1757 2102; x_wconf 84' lang='grc' dir='ltr'>ᾔρετο.</span> 
     </span>
     <span class='ocr_line' id='line_1_98' title="bbox 990 2106 1757 2150; baseline -0.005 -10"><span class='ocrx_word' id='word_1_714' title='bbox 990 2110 1068 2150; x_wconf 85' lang='grc' dir='ltr'>Μέγα</span> <span class='ocrx_word' id='word_1_715' title='bbox 1089 2109 1174 2140; x_wconf 90' lang='grc' dir='ltr'>τοίνυν</span> <span class='ocrx_word' id='word_1_716' title='bbox 1197 2108 1290 2141; x_wconf 82' lang='grc' dir='ltr'>αὐτοὺς</span> <span class='ocrx_word' id='word_1_717' title='bbox 1310 2110 1325 2137; x_wconf 90' lang='lat'>6</span> <span class='ocrx_word' id='word_1_718' title='bbox 1348 2106 1487 2147; x_wconf 80' lang='grc' dir='ltr'>προφήτης</span> <span class='ocrx_word' id='word_1_719' title='bbox 1510 2107 1632 2137; x_wconf 82' lang='grc' dir='ltr'>ἐπαίδευε</span> <span class='ocrx_word' id='word_1_720' title='bbox 1655 2107 1740 2147; x_wconf 86' lang='grc' dir='ltr'>δόγμα</span> <span class='ocrx_word' id='word_1_721' title='bbox 1749 2130 1757 2144; x_wconf 89' lang='grc'>,</span> 
     </span>
     <span class='ocr_line' id='line_1_99' title="bbox 989 2153 1758 2197; baseline -0.004 -11"><span class='ocrx_word' id='word_1_722' title='bbox 989 2158 1124 2197; x_wconf 80' lang='grc' dir='ltr'>πανταχοῦ</span> <span class='ocrx_word' id='word_1_723' title='bbox 1147 2155 1243 2186; x_wconf 85' lang='grc' dir='ltr'>πείθων</span> <span class='ocrx_word' id='word_1_724' title='bbox 1266 2154 1318 2194; x_wconf 85' lang='grc' dir='ltr'>πρὸ</span> <span class='ocrx_word' id='word_1_725' title='bbox 1339 2155 1387 2189; x_wconf 77' lang='grc' dir='ltr'>τῆς</span> <span class='ocrx_word' id='word_1_726' title='bbox 1407 2153 1540 2187; x_wconf 86' lang='grc' dir='ltr'>κολάσεως</span> <span class='ocrx_word' id='word_1_727' title='bbox 1559 2153 1608 2190; x_wconf 70' lang='grc' dir='ltr'>τὴν</span> <span class='ocrx_word' id='word_1_728' title='bbox 1629 2154 1758 2194; x_wconf 88' lang='grc' dir='ltr'>πονηρίαν</span> 
     </span>
     <span class='ocr_line' id='line_1_100' title="bbox 989 2199 1758 2243; baseline -0.004 -10"><span class='ocrx_word' id='word_1_729' title='bbox 989 2203 1091 2243; x_wconf 83' lang='grc' dir='ltr'>φεύγειν</span> <span class='ocrx_word' id='word_1_730' title='bbox 1100 2225 1108 2239; x_wconf 84' lang='grc'>,</span> <span class='ocrx_word' id='word_1_731' title='bbox 1132 2202 1176 2232; x_wconf 60' lang='grc' dir='ltr'>καὶΙ</span> <span class='ocrx_word' id='word_1_732' title='bbox 1198 2199 1408 2241; x_wconf 82' lang='grc' dir='ltr'>ἐγκαλύπτεσθαι</span> <span class='ocrx_word' id='word_1_733' title='bbox 1430 2199 1476 2229; x_wconf 81' lang='grc' dir='ltr'>καὶ</span> <span class='ocrx_word' id='word_1_734' title='bbox 1499 2199 1686 2240; x_wconf 85' lang='grc' dir='ltr'>αἰσχύνεσθαι·</span> <span class='ocrx_word' id='word_1_735' title='bbox 1709 2202 1758 2240; x_wconf 81' lang='grc' dir='ltr'>οὐχ</span> 
     </span>
     <span class='ocr_line' id='line_1_101' title="bbox 989 2245 1757 2289; baseline -0.005 -10"><span class='ocrx_word' id='word_1_736' title='bbox 989 2249 1051 2279; x_wconf 77' lang='grc' dir='ltr'>ὅταν</span> <span class='ocrx_word' id='word_1_737' title='bbox 1063 2248 1192 2289; x_wconf 77' lang='grc' dir='ltr'>βάρὸαροι</span> <span class='ocrx_word' id='word_1_738' title='bbox 1204 2246 1328 2279; x_wconf 71' lang='grc' dir='ltr'>λαθόντες</span> <span class='ocrx_word' id='word_1_739' title='bbox 1342 2245 1448 2279; x_wconf 83' lang='grc' dir='ltr'>δούλους</span> <span class='ocrx_word' id='word_1_740' title='bbox 1458 2245 1611 2285; x_wconf 83' lang='grc' dir='ltr'>ἀπάγωσιν,</span> <span class='ocrx_word' id='word_1_741' title='bbox 1625 2247 1683 2276; x_wconf 81' lang='grc' dir='ltr'>ἀλλ’</span> <span class='ocrx_word' id='word_1_742' title='bbox 1695 2246 1757 2276; x_wconf 79' lang='grc' dir='ltr'>ὅταν</span> 
     </span>
     <span class='ocr_line' id='line_1_102' title="bbox 989 2291 1757 2334; baseline -0.001 -10"><span class='ocrx_word' id='word_1_743' title='bbox 989 2298 1005 2331; x_wconf 84' lang='grc' dir='ltr'>ἡ</span> <span class='ocrx_word' id='word_1_744' title='bbox 1021 2297 1069 2330; x_wconf 78' lang='grc' dir='ltr'>τῆς</span> <span class='ocrx_word' id='word_1_745' title='bbox 1091 2293 1220 2334; x_wconf 77' lang='grc' dir='ltr'>ἁμαρτίας</span> <span class='ocrx_word' id='word_1_746' title='bbox 1240 2292 1360 2333; x_wconf 77' lang='grc' dir='ltr'>τυραννὶς</span> <span class='ocrx_word' id='word_1_747' title='bbox 1380 2291 1564 2331; x_wconf 79' lang='grc' dir='ltr'>αἰχμαλώτους</span> <span class='ocrx_word' id='word_1_748' title='bbox 1582 2292 1640 2332; x_wconf 84' lang='grc' dir='ltr'>ἔχη.</span> <span class='ocrx_word' id='word_1_749' title='bbox 1656 2292 1715 2329; x_wconf 81' lang='grc' dir='ltr'>Τὴν</span> <span class='ocrx_word' id='word_1_750' title='bbox 1730 2293 1757 2323; x_wconf 84' lang='grc' dir='ltr'>δὲ</span> 
     </span>
     <span class='ocr_line' id='line_1_103' title="bbox 989 2337 1757 2380; baseline -0.004 -10"><span class='ocrx_word' id='word_1_751' title='bbox 989 2340 1120 2380; x_wconf 83' lang='grc' dir='ltr'>ἁμαρτίαν</span> <span class='ocrx_word' id='word_1_752' title='bbox 1134 2340 1229 2376; x_wconf 81' lang='grc' dir='ltr'>αὐτῶν,</span> <span class='ocrx_word' id='word_1_753' title='bbox 1241 2340 1278 2372; x_wconf 80' lang='grc' dir='ltr'>ὣς</span> <span class='ocrx_word' id='word_1_754' title='bbox 1297 2337 1437 2376; x_wconf 85' lang='grc' dir='ltr'>Σοδόμων,</span> <span class='ocrx_word' id='word_1_755' title='bbox 1453 2338 1610 2377; x_wconf 81' lang='grc' dir='ltr'>ἀνήγγειλαν</span> <span class='ocrx_word' id='word_1_756' title='bbox 1624 2341 1635 2353; x_wconf 79' lang='grc'><em>“</em></span> <span class='ocrx_word' id='word_1_757' title='bbox 1645 2338 1689 2367; x_wconf 80' lang='grc' dir='ltr'>καὶ</span> <span class='ocrx_word' id='word_1_758' title='bbox 1703 2339 1757 2367; x_wconf 80' lang='grc' dir='ltr'>ἓνε-</span> 
     </span>
     <span class='ocr_line' id='line_1_104' title="bbox 989 2379 1755 2426; baseline -0.007 -10"><span class='ocrx_word' id='word_1_759' title='bbox 989 2386 1109 2426; x_wconf 83' lang='grc' dir='ltr'>φᾶνισαν.</span> <span class='ocrx_word' id='word_1_760' title='bbox 1128 2385 1166 2415; x_wconf 88' lang='grc' dir='ltr'>Ὃ</span> <span class='ocrx_word' id='word_1_761' title='bbox 1179 2384 1305 2417; x_wconf 83' lang='grc' dir='ltr'>πολλάκις</span> <span class='ocrx_word' id='word_1_762' title='bbox 1318 2379 1391 2413; x_wconf 73' lang='grc' dir='ltr'>εἷπον</span> <span class='ocrx_word' id='word_1_763' title='bbox 1399 2404 1407 2418; x_wconf 86' lang='grc'>,</span> <span class='ocrx_word' id='word_1_764' title='bbox 1425 2382 1495 2422; x_wconf 83' lang='grc' dir='ltr'>λέγω</span> <span class='ocrx_word' id='word_1_765' title='bbox 1515 2384 1560 2412; x_wconf 81' lang='grc' dir='ltr'>καὶ</span> <span class='ocrx_word' id='word_1_766' title='bbox 1575 2386 1632 2412; x_wconf 74' lang='grc' dir='ltr'>νῦν·</span> <span class='ocrx_word' id='word_1_767' title='bbox 1647 2383 1688 2412; x_wconf 77' lang='grc' dir='ltr'>ὅτι</span> <span class='ocrx_word' id='word_1_768' title='bbox 1702 2383 1755 2412; x_wconf 90' lang='grc' dir='ltr'>δει-</span> 
     </span>
     <span class='ocr_line' id='line_1_105' title="bbox 986 2426 1756 2467; baseline -0.006 -7"><span class='ocrx_word' id='word_1_769' title='bbox 986 2429 1048 2463; x_wconf 79' lang='grc' dir='ltr'>κνὺς</span> <span class='ocrx_word' id='word_1_770' title='bbox 1060 2433 1107 2459; x_wconf 82' lang='grc' dir='ltr'>τοῦ</span> <span class='ocrx_word' id='word_1_771' title='bbox 1121 2430 1190 2459; x_wconf 79' lang='grc' dir='ltr'>Θεοῦ</span> <span class='ocrx_word' id='word_1_772' title='bbox 1206 2428 1254 2464; x_wconf 80' lang='grc' dir='ltr'>τὴν</span> <span class='ocrx_word' id='word_1_773' title='bbox 1273 2426 1467 2467; x_wconf 79' lang='grc' dir='ltr'>φιλανθρωπίαν</span> <span class='ocrx_word' id='word_1_774' title='bbox 1483 2429 1497 2456; x_wconf 87' lang='grc' dir='ltr'><strong>ὁ</strong></span> <span class='ocrx_word' id='word_1_775' title='bbox 1511 2427 1661 2467; x_wconf 81' lang='grc' dir='ltr'>προφήτης,</span> <span class='ocrx_word' id='word_1_776' title='bbox 1675 2428 1725 2467; x_wconf 86' lang='grc' dir='ltr'>οὐχ</span> <span class='ocrx_word' id='word_1_777' title='bbox 1739 2427 1756 2456; x_wconf 87' lang='grc' dir='ltr'>ἃ</span> 
     </span>
    </p>
   </div>
   <div class='ocr_carea' id='block_1_11' title="bbox 996 2522 1754 2592">
    <p class='ocr_par' dir='ltr' id='par_1_11' title="bbox 996 2522 1754 2592">
     <span class='ocr_line' id='line_1_106' title="bbox 1028 2522 1754 2560; baseline -0.001 -9"><span class='ocrx_word' id='word_1_778' title='bbox 1028 2535 1038 2545; x_wconf 75' lang='lat'>²</span> <span class='ocrx_word' id='word_1_779' title='bbox 1058 2527 1119 2558; x_wconf 65' lang='lat' dir='ltr'><strong>neg.</strong></span> <span class='ocrx_word' id='word_1_780' title='bbox 1135 2530 1269 2560; x_wconf 70' lang='grc' dir='ltr'>ι’νιφάνησαν</span> <span class='ocrx_word' id='word_1_781' title='bbox 1281 2524 1321 2549; x_wconf 79' lang='lat' dir='ltr'>bic</span> <span class='ocrx_word' id='word_1_782' title='bbox 1330 2529 1356 2549; x_wconf 88' lang='lat' dir='ltr'>et</span> <span class='ocrx_word' id='word_1_783' title='bbox 1366 2523 1439 2554; x_wconf 77' lang='lat' dir='ltr'><strong>infra,</strong></span> <span class='ocrx_word' id='word_1_784' title='bbox 1448 2523 1526 2549; x_wconf 87' lang='lat' dir='ltr'><strong>Savil.</strong></span> <span class='ocrx_word' id='word_1_785' title='bbox 1537 2530 1563 2549; x_wconf 81' lang='lat' dir='ltr'>et</span> <span class='ocrx_word' id='word_1_786' title='bbox 1575 2522 1661 2549; x_wconf 83' lang='lat' dir='ltr'><strong>Morei.</strong></span> <span class='ocrx_word' id='word_1_787' title='bbox 1677 2527 1754 2556; x_wconf 68' lang='grc' dir='ltr'>ἐνεφά-</span> 
     </span>
     <span class='ocr_line' id='line_1_107' title="bbox 996 2578 1064 2592; baseline -0.015 -1"><span class='ocrx_word' id='word_1_788' title='bbox 996 2578 1064 2592; x_wconf 60' lang='lat' dir='ltr'><strong>indum</strong></span> 
     </span>
    </p>
   </div>
  </div>
 </body>
</html>
