1904 2840
619 198 653 220 ΙΝ

11 302 100 324 nribus·
110 303 174 333 Sine
190 301 275 331 dubio
288 310 304 329 a
317 301 392 330 Deo:
405 299 468 338 quia
487 299 515 328 in
529 299 619 329 virum
637 303 756 327 sanctum
770 307 848 326 nemo

109 347 195 382 potest
203 339 318 379 aliquid,
328 339 380 368 nisi
393 338 531 368 tradiderit
543 349 606 368 eum
617 339 700 367 Deus.
712 339 781 367 Nam
790 348 850 382 pep—

111 387 184 410 cator
195 381 222 409 iii
237 385 400 420 peccatorem
413 378 518 417 aliquid
534 378 644 408 forsitan
661 384 759 417 potest,
785 387 849 416 quia

110 430 159 450 nee
167 426 207 449 est
213 418 292 449 valde
310 418 362 448 sub
380 427 444 447 eura
456 418 506 448 Dei
520 425 660 459 peccator:
672 417 700 446 iii
713 417 849 446 hominem

71 485 76 491 .
111 466 199 489 autem
209 460 258 489 Dei
271 458 329 487 sine
342 457 428 487 dubio
440 457 615 504 nihilpotest,
626 457 688 495 quia
700 457 853 486 Protector

111 505 154 528 est
165 500 245 528 Deus
255 499 382 527 omnium
391 503 568 537 spuantium
580 499 612 526 in
625 507 701 525 eum.
717 496 762 526 Sic
779 495 851 524 enim

93 561 99 567 .
110 538 177 568 dicit
183 545 209 567 et
219 538 285 567 alibi
296 538 421 567 :Nonne
432 537 491 566 duo
496 546 625 576 passeres
633 541 762 565 veneunt
769 535 791 573 †
799 535 851 564 du-

113 578 270 618 pondio‚et
287 586 364 607 umis
380 587 418 606 ex
430 579 471 607 eis
486 587 545 606 non
560 577 640 605 eadit
651 581 851 616 superterram

93 623 99 629 ·
111 619 174 647 sine
184 624 325 658 praecepto
335 617 436 646 Patris
447 618 541 646 vestri
547 618 561 644 i*
571 618 688 653 Quanto
697 617 789 655 magis
796 625 851 644 vos

111 658 230 686 modicoe
243 657 333 695 fidei?
345 657 441 686 Vestri
452 663 549 685 autem
570 655 672 694 capilli
681 656 786 694 capitis
798 664 851 683 nu-

112 698 217 725 merati
235 703 304 726 sunt
325 706 431 725 omnes.
449 695 545 726 Omnis
560 695 658 731 liomo,
678 694 851 733 quantumvis

111 736 191 765 fuerit
210 735 308 771 malus,
342 736 479 774 riusquam
493 735 610 774 aliquam
627 733 705 763 faciat
722 733 850 773 iniquita-

110 782 175 812 tem,
184 775 261 814 quasi
271 782 297 804 ta
333 775 373 804 ior
387 782 425 804 est
437 774 471 804 ad
484 785 552 815 opus
562 773 709 813 iniquitatis
724 785 732 802 τ
747 773 819 812 quod
828 773 851 802 si

111 815 193 844 semel
199 815 308 854 coeperit
317 815 401 844 faeere
408 814 644 854 iniquitatem,jain
653 813 770 852 paratior
781 813 810 842 fit
817 812 852 842 ad

112 864 191 883 omne
203 864 275 894 opus
293 854 426 894 iniquum.
442 854 519 884 Sicut
531 854 603 884 enim
616 852 711 889 bestia,
727 853 852 892 quamvis

113 894 148 923 sit
161 893 318 923 naturaliter
331 903 412 930 saeva,
426 900 512 922 tamen
525 893 547 922 si
561 893 672 922 excitata
693 902 745 921 non
759 892 850 929 fuerit,

112 943 166 962 non
179 943 208 962 se
221 933 300 962 facile
311 942 394 973 super
406 932 539 962 hominem
548 933 630 972 jactat
643 944 650 959 τ
664 932 687 960 si
701 939 789 961 autem
800 932 851 961 lio-

113 975 186 1002 mi'ne
195 972 293 1006 oociso,
302 973 347 1002 vel
361 972 451 1011 aliqua
464 972 560 1009 bestia,
574 971 711 1011 sanguinis
722 971 853 1011 acceperit

112 1019 220 1051 gustum
232 1033 240 1047 ,
261 1012 318 1052 jam
338 1012 360 1041 si
379 1011 479 1041 videi-it
509 1012 641 1040 hominem
650 1033 658 1045 ‚
681 1011 738 1039 sine
762 1011 852 1049 aliqua

112 1061 187 1081 mora
206 1051 286 1081 irruit
305 1062 386 1092 snper
399 1062 461 1081 eum
477 1062 484 1078 z
498 1051 537 1081 sic
557 1058 582 1080 et
597 1049 713 1080 Herodes
727 1050 775 1079 etsi
789 1060 852 1091 pro-

112 1091 200 1130 posito
211 1097 266 1120 erat
279 1091 398 1129 iniquus,
413 1097 500 1119 tamen
514 1097 654 1130 postquam
667 1096 778 1130 propter
791 1099 853 1119 cor-

112 1131 260 1170 reptionem
269 1129 396 1159 adulterii
407 1129 449 1158 sui
463 1137 502 1158 est
513 1136 694 1170 exasperatus,
709 1139 777 1168 opus
791 1139 852 1168 pes-

102 1169 210 1199 simum
217 1179 298 1198 ausus
304 1176 344 1198 est
353 1170 445 1206 tacere,
450 1175 475 1198 et
481 1170 498 1199 J
499 1179 610 1198 oannem
620 1168 758 1197 recludere
765 1168 791 1196 in
801 1178 855 1198 car-

113 1218 209 1243 cerem,
222 1209 309 1253 seipso
322 1209 440 1247 iniquior
454 1221 461 1237 t
478 1215 503 1238 et
513 1208 641 1238 audacior
649 1207 758 1247 quidem
769 1208 854 1237 fuerat

113 1248 227 1277 sssiimeti
250 1258 272 1276 si
291 1248 376 1277 factus
395 1258 457 1277 cum
478 1248 603 1277 omnibus
628 1247 853 1277 consentientibus

113 1287 166 1316 sibi
180 1288 216 1318 Ju
237 1287 282 1316 aeis
295 1287 322 1316 in
339 1293 450 1316 mortem
466 1288 586 1319 Jo'annis.
602 1286 683 1324 Quod.
697 1286 782 1316 sciens
795 1287 854 1316 Do-

114 1327 215 1364 minus,
232 1327 338 1356 secessit
354 1323 428 1363 inde,
439 1333 491 1355 non
503 1327 560 1367 ipse
568 1326 662 1356 timens
674 1332 797 1362 mortem,
806 1326 854 1356 sed

114 1373 223 1406 propter
233 1366 300 1395 duas
311 1376 414 1396 causas.
428 1366 560 1402 Primum,
576 1373 605 1395 ut
635 1365 764 1395 assionem
777 1376 853 1395 suam

113 1412 265 1447 opportuno
281 1411 400 1445 tempore
419 1413 564 1435 reservaret
580 1415 588 1433 ε
621 1404 711 1441 einde,
728 1412 757 1434 ut
777 1405 854 1435 nobis

111 1445 233 1486 fugiendi
255 1444 406 1485 periculum
419 1445 573 1474 tentationis
587 1444 662 1474 daret
674 1445 828 1491 exemplum
845 1457 851 1474 :

112 1496 164 1514 non
185 1485 248 1524 quia
266 1484 312 1513 ille
329 1484 439 1514 timebat
457 1484 611 1524 pericnlum
628 1484 791 1518 tentationis,
807 1484 854 1514 sed

112 1525 175 1564 quia
191 1534 240 1553 nos
256 1524 333 1553 aliter
348 1534 400 1552 non
417 1533 522 1553 omnem
539 1524 711 1553 toleraremus
731 1523 854 1553 tentatio-

113 1574 186 1593 nem.
198 1564 228 1593 Si
239 1560 311 1592 enim
324 1562 384 1591 ideo
398 1572 446 1602 per
458 1573 564 1591 omnem
581 1562 651 1591 viam
662 1562 773 1602 justitiae
785 1573 853 1602 prae-

113 1602 191 1632 cessit
204 1602 280 1641 quasi
297 1603 432 1639 magister,
443 1608 473 1630 ut
487 1611 535 1630 nos
544 1612 609 1630 eum
623 1611 765 1639 sequamur
779 1602 854 1640 quasi

113 1641 241 1682 discipuli
247 1640 424 1678 ‚manifestum
432 1647 470 1670 est
476 1641 539 1679 quia
545 1650 597 1669 non
605 1639 856 1679 consideravitquid

114 1682 172 1721 ipse
180 1687 279 1721 posset,
286 1679 332 1709 sed
340 1679 407 1718 quid
416 1690 463 1709 nos
473 1686 624 1721 poteramus
637 1679 759 1719 implere.
768 1680 796 1710 Si
807 1691 854 1709 au-

115 1728 167 1750 tem
176 1731 206 1749 ea
216 1720 318 1749 fecisset
327 1718 463 1755 Christus,
477 1730 536 1758 quae
546 1719 603 1759 ipse
616 1725 718 1759 poterat
727 1718 822 1754 facere,
829 1726 855 1749 et

115 1770 166 1789 non
177 1770 225 1789 nos
240 1770 246 1786 :
263 1758 390 1798 discipuli
401 1759 460 1798 ejus
472 1769 528 1788 esse
540 1769 591 1787 non
602 1764 763 1799 poteramus,
778 1758 853 1798 seqiii

114 1810 176 1828 eum
193 1808 246 1829 non
265 1797 449 1838 praevalentes.
475 1799 523 1827 15.
548 1799 589 1827 Et
610 1798 714 1827 relicta
735 1800 854 1827 civitate

113 1839 265 1868 Nazareth
274 1860 282 1875 ,
307 1839 429 1866 veniens
454 1838 598 1866 habitavit
618 1839 649 1866 in
671 1837 854 1877 Capernaum

113 1878 263 1917 infinibus
276 1877 414 1905 Zabulon
426 1883 454 1905 et
467 1877 648 1917 Nepthnlim,
658 1877 706 1906 14.
717 1883 749 1906 ut
762 1878 854 1906 adim-

111 1913 241 1956 pleretur
259 1917 338 1957 quod
356 1917 464 1945 dictum
478 1924 520 1946 est
532 1927 585 1956 per
601 1918 721 1945 Esaiam
734 1917 854 1955 prophe-

60 1978 66 1986 .
83 1970 102 1987 i.
114 1963 173 1986 tam
188 1968 195 1984 ε
213 1957 300 1985 Terra
319 1956 456 1984 Zabulon
473 1962 501 1984 et
515 1963 592 1985 terra
607 1956 786 1995 Neplliali'rn‚
799 1958 852 1985 via

113 1997 201 2026 maris
227 2002 308 2025 trans
315 1995 488 2030 Iordanem,
500 1996 634 2024 Galiloeae
650 1996 852 2034 gentium.Sic-

112 2043 142 2065 ut
159 2035 236 2065 docet
252 2035 363 2064 historia
375 2056 382 2069 ‚
402 2034 444 2063 hie
463 2034 549 2063 trihus
567 2041 627 2064 ante
655 2045 746 2064 omncs
767 2042 850 2064 trans-

112 2075 230 2114 migratae
248 2081 311 2104 sunt
330 2074 358 2102 in
375 2073 560 2142 Babss'miam'
576 2073 768 2103 convenienter
788 2085 850 2114 ergo

112 2125 180 2153 quos
193 2121 253 2143 ante
266 2123 357 2142 omnes
374 2113 412 2141 ira
454 2114 478 2142 ei
491 2113 632 2153 percussit,¹
645 2114 717 2153 ipsos
731 2113 850 2154 primum

113 2153 162 2182 Dei
174 2152 354 2182 misericordia
366 2152 486 2181 visitavit
500 2165 506 2181 t
518 2159 543 2182 et
555 2152 601 2191 qui
613 2153 693 2192 primi
704 2152 777 2181 ducti
788 2160 850 2182 sunt

111 2191 139 2220 in
149 2191 327 2231 captivitatem
337 2191 514 2230 corporalem,
522 2192 571 2231 ipsi
584 2193 657 2231 prins
667 2191 701 2220 de
714 2192 849 2231 spirituali

78 2245 101 2261 ιι
111 2231 264 2271 captivitate
276 2229 377 2259 reducti
392 2237 463 2259 sunt.
473 2232 520 2260 16.
535 2231 667 2269 Populus
675 2233 726 2271 qui
732 2232 850 2260 sedebat

61 2278 83 2291 '-
110 2274 142 2299 in
153 2271 288 2305 tenebris,
296 2269 373 2298 vidit
386 2269 478 2298 lucem
491 2279 629 2310 magnam
643 2283 653 2297 .·
666 2277 694 2298 et
708 2272 760 2309 qui
772 2271 851 2299 sede-

109 2310 182 2339 bant
194 2311 225 2338 in
239 2310 357 2348 regione
369 2314 397 2336 et
410 2309 513 2336 umbra
533 2310 644 2343 mortis,
664 2309 716 2337 lux
732 2315 796 2338 orta
808 2315 850 2338 est

108 2351 159 2379 ei's.
176 2349 308 2379 Sedebant
322 2347 348 2376 in
364 2347 478 2376 tenebris
494 2347 594 2382 Judaei,
608 2347 655 2386 qui
677 2348 784 2376 fuerunt
798 2348 849 2377 sub

108 2387 177 2428 lege,
190 2389 217 2419 in
231 2399 283 2434 qua
298 2387 346 2416 Dei
360 2387 460 2427 justitia
474 2396 525 2415 non
535 2387 621 2415 suerat
632 2386 767 2416 manifesta
783 2388 849 2416 :etsi

108 2434 165 2456 erat
183 2427 220 2456 ihi
237 2427 356 2467 justitia,
379 2433 466 2455 tamen
486 2426 511 2454 in
529 2425 623 2465 liguris
644 2425 805 2464 quibusdam
823 2434 850 2456 et

109 2466 244 2505 mysteriis
258 2476 346 2496 rerum
361 2465 508 2495 carnalium
519 2465 605 2494 suerat
616 2471 749 2509 cooperta.
762 2466 848 2502 Quale

108 2506 179 2533 enim
191 2512 230 2534 est
242 2505 333 2533 lumen
344 2505 455 2550 justitiae
477 2505 503 2533 in
524 2503 726 2533 circumcisione
739 2515 846 2545 praepu-

108 2544 136 2572 tii
146 2544 159 2572 ?
173 2544 300 2573 Tenebrae
308 2554 379 2573 enini
388 2551 461 2573 erant
469 2543 585 2572 maxime
592 2543 689 2572 secund
694 2554 739 2572 nm
751 2544 846 2583 legem,

107 2593 165 2620 quae
188 2593 241 2612 non
263 2582 298 2612 ad
322 2583 538 2612 manifestandam
558 2583 609 2611 Dei
629 2582 759 2621 justitiam
785 2583 845 2613 data

681 196 884 222 MATTtiAEUM.
914 197 1034 221 nomn..
1064 198 1099 221 Vi
1107 213 1115 221 .

1581 190 1649 236 783

15 271 42 292 'is
61 278 100 292 ex·
111 262 236 293 traditus
247 266 336 296 esset,
351 261 467 291 secessit
486 261 520 289 in
540 258 708 290 Galilaeam.
723 260 747 287 A
771 258 846 297 qno':³
867 261 887 284 Α
904 258 1001 295 fuerat,
1016 259 1063 288 sed
1077 258 1111 288 ad
1125 259 1289 300 puniendam
1300 259 1428 291 duritiam
1437 260 1526 291 cordis
1536 271 1628 292 eorum
1641 275 1648 292 ε

904 298 974 327 sicut
987 299 1024 328 ait
1035 299 1177 335 Dominus,
1187 300 1312 338 Propter
1320 301 1459 330 duritiam
1473 302 1570 331 cordis
1580 310 1648 332 ves·
1661 311 1735 334 Marc.
1762 319 1799 335 io.

907 340 945 366 tri
964 339 1062 367 Moses
1083 339 1140 367 ista
1161 340 1313 369 mandavit
1326 352 1334 368 :
1351 347 1377 369 et
1389 351 1441 369 non
1457 341 1491 370 ad
1507 341 1651 372 salvandos
1660 341 1684 364 ⁵·

906 387 962 413 eos,
974 377 1022 406 sed
1031 377 1064 406 ad
1076 378 1258 416 excaecandos,
1270 386 1298 408 nt
1307 380 1429 409 inebriati
1450 391 1490 410 ier
1501 381 1585 421 legem
1597 392 1651 412 non
1709 383 1712 385 ⁷

907 424 1094 456 cognoscerent
1106 418 1207 455 lumen,
1221 419 1293 457 quod
1308 429 1361 448 non
1374 391 1546 449 merelsantur
1558 421 1652 451 videre

907 455 935 484 in
950 457 1076 492 tenebris,
1093 457 1121 486 id
1136 464 1186 493 est,
1201 458 1228 486 in
1241 459 1366 498 peccatis.
1388 460 1491 488 Lumen
1511 470 1650 500 magnum,

907 495 937 524 id
948 502 998 533 est,
1013 497 1161 526 Christum.
1169 498 1244 527 ‘Nam
1255 497 1339 526 multa
1353 498 1456 527 lumina
1469 499 1574 529 fuerant
1583 501 1653 531 inter

907 535 925 565 J
928 535 1026 565 udaeos.
1038 538 1142 566 Lumen
1152 537 1260 565 fuerunt
1268 538 1368 572 Moses,
1378 544 1403 566 et
1417 540 1516 575 Aaron,
1523 546 1549 568 et
1557 540 1650 578 Josiie',

907 581 933 603 et
944 576 1031 604 caeteri
1039 576 1145 616 judices
1155 583 1180 605 et
1189 576 1334 616 prophetae.
1351 577 1447 606 Omnis
1458 577 1552 607 doctor
1561 579 1653 609 lumen

907 613 1018 644 illorum
1032 623 1081 651 cst,
1093 625 1161 653 quos
1175 615 1310 644 illuminat
1316 615 1415 646 docens
1426 628 1433 645 :
1443 617 1511 646 sicut
1522 614 1652 658 scriptum

908 661 957 688 est,
974 655 1032 684 Vos
1044 657 1112 684 estis
1126 655 1178 684 lux
1191 655 1302 684 mundi.
1317 657 1447 695 Magnum
1460 663 1549 686 autem
1560 657 1650 688 lumen
1662 668 1746 690 nauh.
1763 667 1787 690 5.

907 700 948 723 est
959 694 1094 724 Christus.
1115 695 1148 724 In
1172 694 1279 734 regione
1298 701 1386 724 autem
1401 702 1426 725 et
1443 696 1536 725 umbra
1558 697 1651 727 mortis
1664 700 1700 728 ¹4·

909 733 1036 763 sedebant
1049 734 1171 774 gentiles,
1186 741 1233 763 aut
1245 735 1309 772 quia
1327 734 1480 773 iniquitates
1501 737 1653 767 mortiferas

907 773 1054 810 faciebant,
1075 780 1121 803 aut
1137 774 1200 812 quia
1221 774 1342 803 colebant
1362 774 1434 804 idola
1456 782 1482 804 et
1502 774 1652 816 daemones,

908 823 1025 850 quorum
1039 813 1145 843 cultura
1158 813 1273 843 ducebat
1286 824 1330 843 eos
1340 813 1374 843 ad
1389 821 1500 844 mortem
1514 822 1650 846 :eternam

907 852 1106 889 Judaeiaiitem,
1120 853 1167 891 qui
1192 853 1340 882 secundnm
1362 853 1448 893 legem
1467 865 1546 894 opera
1568 855 1651 885 facie-

906 892 982 928 bant,
998 891 1058 922 ideo
1076 894 1102 921 in
1122 892 1239 922 tenebris
1257 899 1342 928 erant,
1355 900 1380 922 et
1395 904 1447 923 uon
1462 894 1489 923 in
1504 894 1612 934 regione
1625 902 1652 924 et

907 931 1002 960 umbra
1013 932 1116 967 mortis,
1127 932 1190 970 quia
1204 932 1253 961 etsi
1268 942 1319 960 non
1340 939 1396 961 erat
1416 932 1524 972 quiden]
1544 934 1651 978 justitia

907 981 986 1009 qnam
1001 971 1142 1006 iaciebant,
1158 977 1243 1000 tamen
1257 971 1416 1001 facientibus
1429 982 1486 1001 eam
1502 979 1549 1002 εἰει
1565 973 1650 1013 gloria

906 1020 958 1039 non
972 1009 1098 1047 dabatur,
1114 1017 1200 1040 tamen
1214 1021 1286 1040 mors
1298 1017 1393 1039 :eterna
1406 1021 1458 1040 non
1469 1011 1649 1052 contingebat,

907 1049 969 1088 quia
984 1050 1033 1079 Dei
1045 1050 1163 1079 tenebant
1174 1050 1307 1079 mandata.
1318 1051 1450 1080 Umbram
1461 1058 1548 1080 autem
1558 1053 1652 1082 mortis

907 1089 1008 1118 aestimo
1019 1100 1076 1119 esse
1089 1097 1227 1129 peccatum
1243 1089 1411 1119 idololatriae.
1427 1090 1502 1120 Sicut
1515 1091 1587 1121 enim
1602 1092 1651 1133 qui

906 1128 1002 1158 vivunt
1016 1129 1043 1158 in
1058 1128 1192 1169 agnitione
1205 1130 1255 1159 Dei
1270 1136 1295 1158 et
1308 1129 1423 1166 ctu-isti,
1439 1130 1564 1169 quamvis
1578 1132 1652 1171 agni-

907 1168 944 1197 tio
957 1168 1013 1208 ipsa
1027 1168 1061 1198 sit
1072 1169 1137 1204 vita,
1155 1175 1240 1198 tamen
1259 1168 1343 1198 donec
1357 1175 1420 1198 sunt
1435 1169 1461 1198 in
1474 1170 1572 1200 saeculo
1585 1172 1648 1209 isto,

907 1218 960 1237 non
972 1208 1071 1237 suntin
1086 1218 1148 1237 vera
1158 1208 1224 1245 vita,
1240 1207 1284 1238 sed
1298 1208 1324 1237 in
1337 1208 1430 1237 umbra
1440 1208 1513 1246 vitae,
1523 1211 1650 1249 quoniam
1660 1219 1796 1249 2.C0r.5.7.

908 1257 958 1287 per
971 1246 1053 1276 fidem
1074 1247 1226 1284 ambulant,
1241 1255 1266 1277 et
1282 1258 1334 1276 non
1353 1257 1401 1287 per
1419 1249 1545 1288 speciem,
1560 1256 1585 1279 et
1601 1261 1650 1290 pei·

907 1286 1046 1332 speculum
1056 1286 1080 1315 in
1093 1287 1231 1355 aenip’mate
1242 1287 1344 1323 vident,
1357 1297 1410 1316 non
1417 1288 1484 1317 facie
1491 1288 1523 1318 ad
1532 1289 1625 1319 faciem
1639 1302 1646 1318 ε
1662 1304 1682 1320 ι.
1699 1298 1750 1320 cor.
1766 1298 1801 1321 13.

907 1336 946 1356 sic
959 1326 1048 1365 quiin
1063 1327 1145 1356 errori
1168 1337 1199 1355 us
1222 1326 1357 1356 idolorum
1378 1327 1488 1364 vivunt,
1511 1328 1573 1358 licet
1593 1329 1650 1369 ipse
1663 1336 1699 1352 ¹²·

907 1376 982 1395 error
992 1366 1026 1394 sit
1039 1376 1121 1402 mors,
1133 1373 1220 1395 tamen
1235 1366 1354 1396 nondum
1364 1373 1424 1395 sunt
1439 1367 1466 1396 in
1481 1378 1543 1397 vera
1556 1376 1650 1405 morte,

907 1405 955 1435 sed
969 1405 995 1434 in
1011 1405 1103 1435 umbra
1125 1406 1229 1441 mortis,
1244 1405 1329 1435 ‹lonec
1351 1406 1376 1435 in
1398 1406 1448 1435 isto
1465 1407 1562 1436 saeciilo
1576 1416 1648 1438 sunt.

909 1445 1043 1482 Quoniam
1057 1452 1144 1475 autem
1158 1446 1305 1484 ignorantia
1319 1445 1371 1474 Dei
1386 1446 1480 1475 umbra
1495 1454 1534 1475 cst
1547 1448 1651 1484 mortis,

909 1491 1019 1514 testatur
1036 1486 1166 1524 propbeta
1181 1484 1272 1514 dicens
1288 1496 1295 1513 ε
1311 1486 1352 1513 Ec
1366 1485 1523 1514 decllnasti
1533 1489 1651 1517 semitas
1663 1494 1730 1516 Psat.
1740 1494 1780 1523 43.

911 1530 1025 1552 noslras
1050 1533 1070 1552 a
1089 1526 1141 1552 via
1159 1530 1209 1552 tua
1221 1545 1229 1559 ,
1254 1530 1282 1552 et
1305 1526 1451 1563 cooperuit
1473 1535 1526 1553 nos
1548 1527 1651 1555 umbra
1665 1532 1753 1554 19-20-

910 1563 1021 1591 mor-iis.
1041 1562 1104 1592 Sine
1121 1562 1206 1591 dubio
1225 1563 1294 1591 enim
1314 1563 1415 1602 operiet
1428 1574 1489 1592 eum
1503 1564 1653 1603 ignorantia

910 1602 971 1637 Dei,
982 1602 1060 1641 cujus
1073 1602 1127 1630 vita
1141 1601 1175 1630 de
1186 1601 1228 1630 via
1241 1602 1292 1630 Dei
1309 1602 1390 1630 fucrit
1409 1602 1551 1632 declinata.
1565 1605 1606 1633 Re
1626 1605 1653 1634 io

910 1647 998 1669 autem
1025 1640 1119 1669 mortis
1139 1639 1256 1669 mundus
1276 1647 1316 1670 est
1336 1640 1394 1670 iste.
1420 1642 1496 1671 Sicut
1517 1643 1587 1671 enim
1625 1644 1650 1673 la

909 1686 977 1709 terra
998 1686 1065 1709 terra
1086 1680 1212 1710 vivorum
1233 1687 1282 1715 est,
1301 1680 1335 1710 de
1352 1691 1405 1719 qiia
1420 1681 1522 1710 dicitur
1536 1693 1544 1710 ε
1558 1682 1650 1713 Credo
1660 1690 1730 1712 Psal.
1746 1691 1786 1715 26.

909 1720 1012 1748 videre
1022 1721 1098 1748 bona
1117 1720 1240 1748 Domini
1261 1722 1293 1749 in
1312 1727 1389 1750 terra
1405 1722 1573 1751 viventium
1587 1734 1601 1751 .-
1612 1723 1650 1753 sie
1663 1721 1700 1743 ¹³·

909 1765 979 1787 terra
994 1759 1050 1788 haec
1062 1759 1135 1799 regio
1154 1759 1248 1788 mortis
1267 1767 1317 1789 est.
1338 1761 1478 1801 Propterea
1491 1760 1524 1790 ad
1538 1762 1652 1801 plenum

909 1799 966 1827 Deo
981 1798 1085 1838 placere
1103 1809 1155 1827 non
1175 1809 1329 1839 possumus,
1352 1799 1476 1840 (legentes
1490 1800 1515 1829 in
1527 1811 1569 1837 ea,
1586 1802 1650 1840 quia

909 1837 960 1877 ipsi
973 1837 1020 1867 etsi
1034 1838 1092 1867 vivi
1111 1849 1204 1867 sumus
1226 1845 1335 1879 propter
1354 1850 1433 1879 opera
1452 1839 1516 1870 viva
1527 1847 1552 1869 et
1566 1840 1648 1871 fidem

908 1876 1020 1913 Christi,
1036 1884 1123 1907 tamen
1142 1877 1204 1916 quia
1216 1877 1243 1907 iu
1258 1878 1359 1907 mundo
1383 1879 1510 1917 vivimus,
1528 1880 1572 1909 ciii
1587 1880 1646 1910 dia-

908 1916 987 1945 bolus
996 1917 1172 1957 principatur,
1184 1917 1345 1956 coinquinati
1357 1929 1460 1948 sumus.
1471 1918 1535 1949 Ideo
1548 1927 1573 1949 et
1582 1921 1647 1949 Pau-

908 1955 952 1985 liis
966 1956 1071 1985 dicebat
1087 1969 1093 1984 :
1111 1957 1238 1995 Quis‘me
1252 1958 1388 1986 liberabit
1401 1959 1437 1987 de
1449 1969 1566 1999 corpore
1576 1970 1648 1989 mor-
1657 1969 1801 1999 namq-24⁶

908 1997 944 2024 lis
958 1996 1044 2035 hujus
1056 1998 1069 2023 Ρ
1082 1997 1188 2036 Corpus
1205 1996 1276 2026 enim
1289 1997 1351 2033 hoc,
1374 2009 1471 2038 corpus
1485 2005 1524 2028 cst
1541 2006 1646 2036 mortis,

908 2035 969 2073 quia
983 2045 1034 2064 non
1046 2035 1186 2070 vitalibus,
1200 2035 1247 2065 sed
1258 2037 1401 2067 moruleris
1412 2037 1597 2078 voluptatibus
1608 2046 1647 2069 est

907 2075 1068 2114 subjectum.
1091 2075 1127 2104 Et
1146 2074 1210 2104 vide
1231 2086 1311 2114 quam
1334 2077 1444 2117 proprie
1469 2077 1577 2116 quidem
1601 2078 1647 2109 di·-

906 2114 946 2142 xit
959 2114 1100 2153 propheta,
1113 2114 1221 2144 ,ludaeos
1240 2115 1349 2154 quidem
1366 2116 1467 2146 vidisse
1486 2117 1575 2147 lumen
1590 2129 1646 2147 ma-

905 2163 999 2190 gnum,
1012 2154 1136 2192 gentibus
1146 2160 1233 2183 auten-i
1244 2161 1332 2184 ortum
1347 2166 1404 2185 esse
1415 2168 1422 2185 :
1432 2157 1557 2195 quoniam
1572 2157 1646 2197 apud

904 2191 1013 2221 Judaeos
1024 2199 1079 2222 erat
1090 2193 1191 2223 anniiio
1202 2194 1265 2224 Filii
1280 2195 1343 2231 Dei,
1356 2205 1407 2224 non
1420 2202 1507 2225 autom
1518 2195 1646 2226 videbant

906 2241 978 2267 eum,
994 2232 1056 2270 quia
1069 2215 1195 2262 safebant
1214 2233 1241 2263 in
1261 2234 1377 2264 tenebris
1399 2234 1477 2273 legis,
1490 2242 1536 2263 ant
1550 2246 1645 2274 pecca-

905 2277 993 2299 torum
1012 2283 1018 2299 :
1033 2271 1107 2314 apud
1130 2279 1219 2311 gentes
1232 2280 1319 2302 autem
1341 2284 1487 2312 numquam
1505 2274 1557 2302 fnit
1571 2274 1645 2312 agni-

905 2309 943 2338 tio
954 2310 1017 2339 Filii
1027 2311 1086 2340 Dei.
1101 2311 1164 2342 Ideo
1176 2323 1190 2341 a
1205 2312 1307 2343 Judaeis
1322 2312 1430 2352 quidem
1440 2313 1542 2342 dicitur
1556 2313 1642 2348 visus,

905 2349 1028 2393 gentibus
1044 2357 1131 2380 autem
1149 2358 1235 2381 ortus.
1253 2351 1360 2381 Dicitur
1373 2359 1462 2380 antem
1477 2352 1644 2390 Capernaiim

903 2394 972 2418 intei-
979 2389 1044 2418 fines
1054 2390 1210 2420 Judaeorum
1219 2398 1243 2419 et
1251 2391 1367 2429 gentium
1377 2389 1459 2429 posita
1467 2391 1551 2418 esseA
1559 2390 1646 2418 ’7.Ετ

905 2433 975 2457 tunc
989 2431 1073 2464 coepi't
1093 2431 1180 2459 Jesus
1195 2431 1356 2468 proedieare
1373 2435 1401 2456 et
1414 2429 1509 2457 dicere
1522 2441 1530 2456 .-
1544 2429 1646 2457 Poeni-

905 2469 1024 2497 tentiam
1045 2469 1140 2508 agite,
1161 2479 1249 2508 appro
1270 2469 1403 2507 inquabil
1426 2470 1503 2496 enim
1526 2477 1646 2507 regnum

904 2507 1052 2536 coelorum.
1066 2509 1116 2537 Ex
1131 2515 1210 2544 tunc,
1224 2508 1231 2536 i
1266 2513 1315 2542 est,
1330 2517 1364 2535 ex
1378 2516 1430 2544 quo
1444 2506 1599 2536 testificatus
1606 2514 1647 2536 est

904 2556 918 2574 a
928 2547 1039 2576 Joanne.
1052 2547 1110 2576 Nec
1121 2547 1192 2575 enim
1200 2545 1348 2590 praedicare
1356 2545 1516 2574 credibilitei
1530 2552 1644 2585 poterat,

905 2595 951 2614 nec
964 2586 1037 2616 testis
1051 2586 1137 2615 Patris
1150 2591 1286 2621 exsistere,
1307 2583 1358 2613 nisi
1378 2584 1531 2614 testificatus
1553 2585 1645 2616 suisset
