1904 2840
236 196 302 231 792

833 190 915 214 OPUS
942 189 1177 214 IMPERFECTUM

84 261 149 281 dubet
180 265 225 279 esse
235 256 312 285 dehet
326 265 381 284 esse
392 260 510 284 ornatus.
527 253 613 283 Debet
633 254 690 283 esse
702 263 816 293 pauper,
831 259 862 282 ut
883 252 971 282 avari·
988 255 1009 278 Α
1023 251 1156 281 adducere
1168 258 1257 280 autem
1270 251 1435 290 ignorantem
1447 250 1483 280 ad
1492 251 1630 281 scientiam
1644 251 1765 281 veritatis

85 291 203 311 ‘³‘¹¹¹¹³¹’¹'³
236 296 300 324 tiam
312 295 395 323 libera
408 304 473 323 voce
491 294 609 332 castiget.
626 293 711 322 Debet
732 303 788 322 esse
809 303 913 332 semper
926 303 971 321 su-

84 326 181 343 ornatus.

235 335 338 374 spirans
351 341 376 363 et
388 335 492 372 Ingens,
507 333 564 361 sive
577 343 637 369 sua,
652 333 708 362 sive
721 332 806 361 aliena
820 331 930 367 delicta,
943 339 972 361 nt

234 373 378 402 confundat
389 373 494 411 eOS,qui
504 382 551 402 nec
559 383 668 412 peccare
675 372 808 409 dubitant,
816 372 974 411 priusquam

234 420 357 453 peccent,
378 423 426 442 nec
446 419 588 452 postquam
607 418 802 452 peccaverunt,
823 412 972 444 tristantur,

234 453 297 491 quia
322 459 510 493 peccaverunt.
529 451 594 481 Ideo
616 451 731 496 suspiret
753 458 779 480 et
803 451 929 491 plangat,
946 456 974 479 ut

234 503 282 532 per
296 492 346 521 hoc
359 491 491 526 ostendat,
505 491 568 530 quia
591 501 682 528 gravis
696 497 722 519 et
744 490 910 530 periculosus
934 496 975 518 est

235 531 352 560 mundus
368 532 417 561 iste
435 530 571 560 fidelibus.
588 530 673 560 Debet
695 530 812 559 esuriens
836 537 861 558 et
884 528 983 558 sitiens.

235 582 290 600 esse
300 572 433 611 justitiam
443 594 450 606 ‚
467 577 497 599 ut
517 570 610 611 pigros
633 570 703 599 circa
722 580 803 609 opera
817 570 899 604 bona,
913 568 974 598 ‘vel

236 611 374 640 lectionem
390 610 552 640 fiducialiter
564 609 646 639 verbo
660 609 710 638 Dei
723 616 770 638 aut
787 608 974 648 increpationis

237 650 341 689 flagello
351 652 434 680 valeat
449 650 576 686 excitare,
586 649 671 688 magis
683 649 806 688 exemplo
820 659 880 683 suo,
893 658 974 686 quam

235 700 310 719 voce.
326 691 413 719 Debet
429 700 485 719 esse
498 696 659 722 mansuetus,
671 695 701 717 ut
713 688 798 727 magis
810 687 974 725 indulgendo

234 740 314 767 quam
324 729 487 759 vindicando
499 735 573 768 regat
582 727 730 758 Ecclesiam
745 739 751 756 :
768 734 797 756 ut
807 727 891 766 magis
905 737 975 756 ame-

233 775 278 797 tur
292 780 372 807 quam
395 770 531 799 timeatur.
553 768 638 797 Debet
661 777 718 796 esse
731 767 882 796 misericors
900 766 972 802 aliis,

233 808 284 837 sibi
299 816 388 838 autem
401 816 531 845 austerus,
546 814 576 836 ut
589 807 641 836 sibi
654 806 763 846 quidem
777 817 857 846 grave
870 806 975 846 pondus

230 848 339 886 justitiae
351 856 442 888 ponat,
455 848 516 877 aliis
529 853 617 876 autem
629 847 698 876 leve.
710 846 795 875 Debet
804 857 862 875 esse
873 846 974 874 mundo

233 887 327 924 corde,
344 895 372 917 ut
388 899 439 917 non
461 888 548 917 solum
563 897 615 915 non
638 897 666 915 se
677 886 823 914 immisceat
842 885 912 914 circa
924 896 972 914 ne-

233 928 304 964 gotia
324 927 472 962 saecularia,
486 926 533 956 sed
555 936 602 955 nec
617 925 713 965 cogitet
732 925 766 954 dc
785 925 894 954 mundo.
913 925 973 954 Sic-

234 974 263 995 ut
286 967 357 996 enim
383 967 478 997 oculus
503 972 602 1005 quanto
627 965 756 994 mundior
781 965 877 1000 fuerit,
899 971 972 993 tanto

232 1007 340 1045 longius
359 1006 446 1036 videt:
462 1007 500 1036 sic
519 1013 545 1034 et
567 1005 653 1034 anima
668 1012 767 1043 quanto
788 1004 895 1043 longius
913 1004 971 1033 fue-

233 1047 268 1074 rit
287 1057 302 1075 a
323 1045 504 1076 sollicitudine
530 1044 674 1081 mundiali,
690 1051 762 1073 tanto
784 1044 901 1083 amplius
915 1043 973 1073 Deo

234 1086 382 1124 proximior
395 1093 443 1116 est.
464 1086 549 1125 Cujus
572 1091 659 1113 autem
684 1084 773 1113 cordis
786 1084 879 1112 oculus
893 1093 972 1112 mun-

233 1125 300 1154 dum
310 1126 420 1166 aspicit,
431 1125 506 1154 illius
518 1134 591 1154 mens
606 1134 657 1152 non
669 1130 754 1163 potest
767 1125 853 1153 Deum
867 1123 969 1152 videre.

234 1165 275 1194 Sit
289 1172 376 1194 autem
400 1165 541 1206 pacificus,
558 1171 587 1192 ut
600 1170 653 1192 tota
680 1163 797 1192 Ecclesia
820 1163 878 1202 ejus
895 1162 972 1201 quasi

234 1215 286 1232 una
300 1205 335 1234 sit
346 1206 444 1234 anima.
458 1205 515 1234 Ubi
529 1210 616 1233 autem
631 1202 771 1232 concordia
793 1213 844 1231 non
863 1209 911 1237 est,
925 1212 972 1231 nec

234 1245 318 1273 oratio
343 1244 400 1274 illic
425 1243 580 1279 exauditur,
603 1253 651 1271 nec
675 1243 775 1271 oblatio
804 1242 949 1287 suscipitur
963 1255 969 1271 z

233 1284 297 1321 quia
310 1294 358 1313 nec
376 1284 414 1313 ibi
434 1291 472 1313 est
491 1285 575 1319 Deus,
591 1282 637 1312 ubi
651 1281 785 1311 discordia
807 1281 970 1310 dominatur.

234 1323 319 1352 Debet
337 1331 425 1353 autem
442 1330 468 1352 et
481 1329 589 1363 paratus
609 1321 643 1350 ad
661 1322 810 1361 passionem
833 1332 899 1356 esse,
919 1331 973 1350 non

232 1372 301 1391 vana
317 1362 450 1392 desideria
470 1361 592 1402 martyrii
613 1361 724 1398 habens,
740 1361 786 1390 scd
800 1361 973 1389 constantiam

233 1401 297 1431 fidei
307 1410 375 1432 mart
396 1403 470 1432 ribus
481 1401 508 1430 di
529 1402 677 1430 nam-Nam
691 1408 821 1439 quantum
829 1400 864 1429 ad
872 1400 975 1440 sapien-

235 1448 283 1477 tes,
298 1448 323 1470 et
338 1413 414 1471 miles
431 1452 484 1471 non
502 1412 549 1470 ifle
563 1447 671 1481 paratus
694 1440 795 1469 dicitur
812 1440 846 1469 ad
857 1440 971 1475 bellum,

233 1482 280 1518 qui
300 1481 466 1522 concupiscit
486 1481 570 1517 exire,
585 1479 632 1509 sed
658 1480 705 1518 qui
725 1487 818 1519 potens
833 1486 873 1508 est
891 1479 972 1508 exire.

233 1521 262 1550 Si
284 1531 347 1559 ergo
369 1521 494 1550 omnibus
513 1520 556 1549 his
578 1519 726 1549 virtutibus
748 1519 829 1548 fuerit
852 1525 971 1555 ornatus,

232 1567 296 1589 tunc
318 1567 357 1589 est
377 1560 454 1599 quasi
474 1559 606 1599 optimum
618 1558 668 1594 sal,
684 1565 710 1587 et
725 1565 797 1587 totus
811 1557 928 1598 populus
939 1557 974 1586 de

232 1600 281 1628 illo
290 1600 415 1629 conditur
427 1601 512 1638 magis
525 1597 643 1628 videndo
655 1608 815 1636 eum,quam
826 1596 971 1626 audiendo.

232 1640 301 1668 Nam
315 1640 403 1679 prima
421 1638 543 1668 doctrina
561 1644 600 1667 est
613 1637 704 1666 videre
722 1638 835 1672 bonum,
855 1636 971 1665 secunda

232 1686 320 1708 autem
344 1679 448 1708 audire.
474 1679 523 1707 14.
540 1679 598 1707 Vos
616 1679 683 1706 estis
700 1677 752 1706 lux
773 1677 883 1706 mundi.
901 1678 973 1705 Dum

231 1718 432 1748 consideramus
451 1717 525 1757 quod
547 1728 616 1757 opus
636 1723 675 1746 est
697 1716 770 1750 salis,
783 1716 856 1755 quod
877 1716 945 1745 lucis
964 1729 970 1746 ε

231 1758 355 1787 admonet
369 1769 427 1795 nos,
437 1765 466 1787 ut
478 1767 629 1796 quaeramus
644 1756 679 1785 ob
691 1767 772 1794 quam
787 1766 894 1785 causam
906 1766 973 1795 apo-

231 1798 292 1826 stoli
305 1798 354 1826 sali
372 1805 434 1827 sunt
449 1797 605 1837 comparati,
621 1796 656 1824 ob
670 1806 750 1833 quam
762 1802 850 1824 autem
864 1805 972 1824 causam

231 1837 297 1866 luci.
310 1837 381 1867 Salis
394 1848 461 1877 opus
473 1844 509 1866 est
523 1847 580 1865 rem
592 1836 619 1864 in
633 1845 664 1864 eo
678 1841 748 1864 statu
764 1842 862 1870 tenere,
871 1836 899 1863 iu
918 1845 972 1873 quo

231 1877 362 1906 invenerit
375 1888 444 1913 eam,
459 1883 489 1905 ut
501 1875 535 1904 ad
547 1875 664 1905 deterius
680 1885 737 1903 eam
758 1874 856 1903 mutari
871 1883 922 1902 non
935 1875 971 1903 si-

232 1923 290 1952 nat;
304 1916 339 1945 ad
353 1917 449 1945 melius
467 1922 554 1944 autem
573 1913 717 1954 perducere
736 1923 789 1942 non
803 1920 906 1981 tpotest.
920 1914 972 1943 Ut-

232 1963 296 1995 puta
311 1963 379 1985 tenet
392 1965 508 1990 carnem,
521 1964 554 1982 ne
566 1960 714 1992 putrescam
729 1953 800 1996 putri
823 1963 865 1980 am
883 1959 971 1981 autem

231 2005 284 2023 non
300 2002 385 2034 potest
398 2002 486 2023 tenere
500 1994 691 2031 incorruptam.
709 1993 789 2021 Lucis
804 1999 891 2020 autem
903 2002 971 2030 opus

231 2041 270 2062 est
292 2034 362 2073 ipsas
378 2033 482 2063 solvere
502 2032 633 2068 tenebras,
646 2038 671 2060 et
693 2041 733 2066 ea,
746 2041 805 2069 quae
823 2031 932 2059 fuerunt
944 2030 970 2059 in

230 2073 356 2108 tenebris,
373 2073 517 2101 illustrare.
531 2071 576 2100 Sic
589 2077 614 2099 et
626 2070 739 2110 apostoli
760 2070 899 2108 caeterique
919 2069 969 2098 do-

231 2119 316 2141 ctores
326 2112 366 2140 sal
387 2111 496 2150 quidem
513 2117 573 2139 sunt
589 2110 683 2150 populi
699 2109 911 2149 Christianijam
926 2119 970 2137 co-

230 2147 378 2190 gno'scentis
392 2153 490 2186 Deum,
505 2157 639 2179 servantes
653 2159 714 2177 eum
725 2149 751 2177 in
769 2149 826 2188 ipsa
837 2148 970 2187 agnitione

231 2190 298 2226 Dei,
311 2197 337 2219 et
356 2190 508 2225 sanctitate,
522 2188 551 2217 id
569 2195 624 2224 est,
637 2195 713 2217 terrae
734 2188 822 2221 cultae,
837 2198 896 2226 quae
913 2188 969 2227 jam

230 2230 313 2259 verbo
326 2230 413 2259 crucis
426 2229 501 2268 quasi
516 2228 617 2257 vomeri
631 2234 772 2266 aratroque
785 2228 903 2267 subjecta
917 2234 966 2256 est.

230 2271 292 2299 Lux
317 2276 406 2298 autem
426 2275 488 2297 sunt
514 2269 642 2302 «rentium,
665 2266 838 2305 producentes
864 2277 907 2295 eas
933 2266 968 2295 ad

229 2309 345 2338 scientiae
363 2309 453 2337 lumen
464 2330 471 2340 ,
486 2291 530 2337 vel
546 2313 699 2336 caeterorum
714 2306 761 2344 qui
783 2307 849 2335 forte
871 2306 898 2334 in
914 2307 966 2335 Ec-

229 2348 309 2377 clesia
334 2347 485 2377 ceciderunt
507 2347 534 2375 in
556 2345 671 2375 tenebris
696 2352 877 2385 peccatorum.
899 2346 968 2374 Item

229 2387 298 2417 bona
328 2387 494 2417 conversatio
520 2385 677 2420 sacerdotis,
696 2385 753 2413 sine
774 2385 868 2420 verbo,
897 2391 971 2414 tenet

229 2427 339 2465 quidem
350 2433 453 2456 sanctos
466 2426 494 2455 in
507 2425 644 2455 sanctitate
653 2434 700 2464 per
712 2434 791 2453 suum
802 2424 966 2463 exemplum,

263 2540 272 2551 ²
293 2531 323 2556 V
321 2532 346 2556 el
362 2533 465 2556 lectione
471 2530 549 2564 fidei,
565 2530 608 2555 vel
622 2531 797 2567 increpationis
809 2529 926 2563 flagello.
938 2529 979 2554 Sic

229 2569 321 2595 habent
334 2571 363 2594 V.
378 2571 408 2595 D.
423 2576 447 2595 et
459 2568 528 2594 Editi
541 2570 565 2594 in
578 2568 696 2601 margine.

1022 302 1076 320 non
1091 298 1186 331 potest.
1200 291 1270 320 Item
1284 291 1398 320 verbum
1412 290 1522 329 quidem
1537 291 1702 330 ignorantem
1714 291 1764 320 ad-

1023 330 1120 360 ducere
1142 330 1177 359 ad
1199 330 1337 359 scientiam
1353 330 1474 359 veritatis
1497 337 1523 359 et
1544 330 1601 359 sine
1623 341 1765 360 conversa-

1023 370 1094 403 tione
1107 370 1176 398 bona
1189 376 1275 410 potest
1289 380 1295 396 :
1309 376 1398 399 tenere
1411 376 1498 399 autem
1516 371 1544 399 in
1558 370 1621 405 fide,
1639 370 1684 400 vel
1698 381 1763 399 san-

1023 410 1128 444 ctitate,
1143 409 1244 447 absque
1266 409 1337 437 bona
1358 409 1558 439 conversatione
1582 420 1634 439 non
1649 416 1761 449 potest,

1023 449 1108 487 magis
1122 455 1211 477 autem
1226 455 1252 477 et
1264 447 1424 477 scandalizat
1439 461 1446 476 z
1460 448 1530 478 sicut
1549 449 1577 478 in
1590 449 1764 488 sequentibus

1024 488 1202 517 ostendemus.
1217 488 1292 526 Ergo
1305 494 1414 527 propter
1423 487 1522 516 bonam
1536 489 1763 518 conversationem

1026 538 1101 556 suam
1128 526 1275 556 sacerdotes
1296 533 1359 555 sunt
1384 526 1436 562 sal,
1455 526 1582 565 quoniam
1603 527 1674 556 bona
1699 538 1764 557 con-

1026 567 1140 597 versatio
1165 566 1332 596 sacerdotum
1351 565 1492 595 conditura
1514 566 1611 607 populi
1629 573 1679 596 est.
1695 568 1766 597 Pro-

1045 613 1084 635 ter
1103 606 1218 636 verbum
1239 613 1328 635 autem
1339 604 1466 635 doctrinae
1479 605 1546 642 lux,
1562 606 1688 645 quoniam
1702 617 1766 636 ver-

1024 617 1101 680 linm,
1119 645 1272 685 ignorantiae
1288 645 1379 674 lumen
1393 652 1442 675 aet.
1455 645 1534 675 Prius
1553 653 1642 675 autem
1659 647 1766 677 vocavit

1025 696 1069 715 eos
1088 686 1138 722 sal,
1152 692 1239 725 postea
1260 691 1349 714 autem
1373 684 1423 714 lux
1436 685 1521 724 (sic),
1535 691 1582 715 aut
1603 685 1666 724 quia
1693 686 1767 726 prio-

1024 725 1062 754 ris
1076 725 1127 754 loci
1154 732 1194 754 est
1211 734 1317 755 servare
1337 734 1404 763 quos
1427 724 1520 762 hahes,
1544 725 1654 754 secundi
1676 732 1766 756 autem

1025 775 1120 794 vocare
1133 775 1199 803 quos
1220 774 1273 793 non
1295 763 1388 793 habes.
1405 765 1460 793 Aut
1470 764 1533 803 quia
1542 764 1619 804 prius
1641 771 1681 794 est
1698 765 1767 795 bene

1026 804 1126 840 vivere,
1141 803 1289 833 secundum
1312 810 1401 832 autem
1424 803 1491 833 hene
1513 804 1619 834 docere.
1635 805 1705 834 Nam
1717 815 1767 845 per

991 850 1007 872 Β
1024 843 1123 873 bonam
1141 844 1367 873 conversationem
1389 843 1542 873 ascenditur
1554 843 1611 873 sine
1632 843 1717 873 dubio
1730 845 1766 874 ad

1024 883 1160 913 scientiam
1174 896 1180 912 ε
1196 894 1211 911 a
1229 882 1338 912 seientia
1350 890 1439 912 autem
1460 884 1549 912 nescio
1573 883 1596 912 si
1619 883 1654 913 ad
1666 884 1765 913 bonam

1023 923 1251 953 conversationem
1279 922 1434 952 omnimodo
1462 922 1594 952 veniatur.
1621 924 1765 963 Propterea

1023 962 1133 992 scientes
1146 962 1255 1002 quidem
1269 962 1325 991 sine
1337 962 1433 991 timore
1446 962 1495 991 Dei
1507 962 1606 991 multos
1616 962 1741 993 videmus
1755 976 1763 992 :

1024 1003 1145 1031 timentes
1159 1009 1248 1031 autem
1263 1003 1350 1031 Deum
1367 1001 1424 1031 sine
1437 1001 1546 1031 scientia
1565 1002 1672 1031 nullum
1685 1002 1763 1032 vide-

1024 1051 1094 1070 mus.
1109 1044 1162 1071 Aut
1180 1042 1243 1079 quia
1256 1048 1365 1081 propter
1375 1040 1483 1071 Judaeos
1505 1041 1606 1086 priores
1621 1041 1687 1070 dicti
1701 1049 1764 1072 sunt

1023 1081 1078 1117 sal,
1094 1092 1147 1110 non
1169 1081 1331 1110 adducentes
1342 1091 1404 1110 eum
1423 1080 1459 1110 ad
1478 1081 1616 1110 scientiam
1630 1081 1694 1117 Dei,
1715 1082 1764 1111 sed

1023 1120 1175 1150 condientes
1189 1121 1261 1161 ipsos
1273 1122 1299 1149 in
1313 1120 1369 1160 ipsa
1379 1120 1498 1150 scientia.
1515 1121 1578 1150 Lux
1587 1126 1688 1156 autem,
1699 1132 1762 1161 pro-

1023 1166 1082 1200 pter
1095 1167 1184 1200 gentes
1199 1162 1226 1189 in
1244 1160 1361 1189 secundo
1380 1160 1439 1190 loco
1453 1166 1570 1190 vocatas.
1584 1159 1649 1190 Ideo
1668 1167 1694 1190 et
1717 1171 1765 1201 per

1023 1202 1249 1240 comparationem
1260 1210 1404 1239 congruam
1414 1199 1584 1229 introducens
1595 1199 1711 1236 addidit,
1720 1200 1763 1229 di-

1023 1250 1101 1269 cens:
1115 1241 1186 1269 Non
1198 1246 1293 1279 potest
1307 1241 1410 1269 civitas
1423 1240 1566 1268 abscondi
1574 1249 1664 1278 supra
1681 1250 1766 1269 mon-

1025 1286 1082 1308 tem
1089 1282 1194 1319 posita.
1205 1280 1336 1316 Quamvis
1343 1279 1413 1308 enim
1425 1279 1484 1319 ipsa
1496 1279 1613 1308 voluerit
1627 1278 1639 1294 ¹’
1647 1289 1704 1309 esse
1714 1290 1764 1309 ve-

1023 1319 1085 1354 lata,
1100 1329 1176 1348 mons
1189 1319 1311 1358 ipse‚qui
1321 1325 1408 1358 portat
1417 1319 1555 1355 eam,facit
1568 1329 1626 1347 eam
1640 1319 1765 1349 omnibus

1024 1358 1188 1387 maniFestam
1197 1370 1204 1386 z
1214 1358 1252 1387 sic
1261 1365 1287 1387 et
1301 1358 1429 1397 apostoli,
1445 1365 1470 1387 et
1479 1357 1696 1397 sacerdotem-qui
1705 1359 1766 1388 sun-

1024 1398 1081 1427 dati
1095 1404 1157 1426 sunt
1173 1399 1200 1427 in
1216 1398 1339 1432 Christo,
1354 1404 1444 1426 monte
1463 1397 1639 1434 excels0,n0n
1656 1405 1767 1437 possunt

989 1443 1008 1467 C
1024 1448 1080 1466 csse
1091 1437 1239 1467 absconditi
1250 1449 1256 1465 :
1265 1444 1292 1466 et
1300 1436 1323 1466 si
1332 1436 1467 1466 voluerint
1473 1447 1501 1466 sc
1509 1436 1681 1472 abscondere,
1689 1437 1766 1466 Chri-

1025 1484 1081 1506 stus
1095 1477 1152 1516 ipse
1164 1477 1312 1506 manifestat
1321 1486 1376 1511 eos,
1394 1476 1442 1515 qui
1459 1476 1562 1515 bajulat
1573 1486 1626 1505 eos.
1643 1477 1711 1513 Quae
1727 1483 1767 1505 est

1024 1516 1081 1546 haec
1090 1516 1203 1545 civitas?
1218 1516 1338 1545 Ecclesia
1353 1522 1391 1544 est
1401 1522 1564 1552 sanctorum,
1578 1515 1613 1544 de
1627 1526 1680 1554 qua
1699 1515 1765 1545 dicit

1024 1556 1169 1600 propheta:
1179 1556 1316 1586 Gloriosa
1325 1555 1405 1584 dicta
1413 1561 1481 1584 sunt
1488 1556 1524 1584 de
1535 1559 1574 1591 te,
1581 1555 1684 1584 civitas
1695 1556 1762 1585 Dei.
1777 1559 1904 1584 Psal-86.3

1025 1598 1103 1624 cives
1116 1602 1205 1624 autem
1219 1595 1277 1634 ejus
1297 1601 1359 1623 sunt
1379 1605 1470 1624 omnes
1488 1593 1596 1630 fideles?
1608 1594 1642 1623 de
1665 1595 1764 1634 quihus

1023 1634 1089 1664 dicit
1110 1635 1267 1674 apostolus:
1285 1635 1343 1663 Vos
1357 1636 1424 1663 estis
1445 1636 1522 1663 cives
1546 1640 1724 1671 sanctorum,
1736 1642 1765 1664 et
1774 1639 1856 1668 Ephes.
1868 1647 1892 1662 2.

1024 1675 1175 1703 domestici
1187 1671 1257 1702 Dei?
1269 1675 1371 1703 Turres
1392 1673 1467 1703 illius
1485 1680 1547 1703 sunt
1571 1674 1719 1714 prophetae,
1730 1674 1765 1703 de
1778 1675 1816 1699 ¹9·
1840 1672 1841 1675 ¹

1023 1714 1122 1752 quibus
1135 1713 1238 1743 dictum
1250 1721 1289 1743 est
1306 1725 1312 1742 =
1329 1715 1400 1743 Fiat
1411 1724 1471 1753 peu
1481 1715 1513 1741 in
1533 1715 1646 1742 virtute
1662 1719 1724 1751 tua,
1735 1719 1764 1744 el
1775 1721 1843 1745 Psal.
1864 1727 1903 1745 ιιι

1023 1754 1251 1782 abundantiam
1262 1755 1388 1783 turribus
1398 1757 1466 1782 tuis.
1479 1751 1556 1782 Sicut
1573 1753 1644 1782 enim
1655 1753 1690 1783 de
1703 1760 1765 1783 tur-
1775 1760 1799 1783 7·

1023 1793 1099 1822 ribus
1109 1793 1200 1832 jacula
1226 1801 1317 1823 contra
1342 1803 1433 1822 omnes
1458 1793 1546 1822 hostes
1567 1793 1711 1833 jactantur,
1726 1794 1767 1823 sic

1023 1832 1058 1861 de
1072 1832 1234 1873 propheticis
1248 1833 1326 1862 libris
1338 1839 1428 1862 eontra
1441 1842 1523 1861 vanas
1533 1832 1674 1871 gentilium
1689 1833 1766 1862 fabu-

1023 1872 1063 1901 las
1083 1879 1107 1901 et
1133 1879 1223 1901 contra
1249 1873 1352 1902 insanas
1369 1872 1553 1901 haereticorum
1571 1871 1765 1911 disputationes

1023 1912 1150 1941 salutaria
1171 1912 1292 1941 veritatis
1315 1922 1363 1951 pro
1385 1918 1503 1940 onuntur
1526 1911 1660 1956 exempla.
1678 1913 1765 1941 Portas

1022 1958 1110 1980 autem
1124 1953 1180 1990 ejus
1194 1959 1256 1980 sunt
1277 1958 1368 1991 aposto
1382 1952 1405 1988 i,
1418 1950 1452 1980 de
1471 1950 1570 1989 quibus
1583 1950 1686 1980 dictum
1700 1958 1739 1980 est
1754 1964 1762 1980 .-

1025 1991 1131 2030 Diligit
1151 1991 1296 2020 Dominus
1304 1997 1404 2029 portas
1412 1990 1495 2025 Sion,
1510 2000 1595 2029 super
1607 1993 1706 2019 omnia
1719 1997 1762 2020 ta-
1775 1993 1904 2018 Psa1.86.2

987 2036 1007 2059 Ι)
1024 2030 1182 2058 ber-nacula
1202 2031 1296 2059 Jacob
1310 2041 1318 2056 :
1330 2030 1393 2068 quia
1414 2040 1463 2069 per
1478 2029 1540 2058 illas
1557 2036 1628 2058 totus
1648 2040 1682 2069 po
1704 2031 1765 2059 ulus

1021 2069 1103 2097 intrat
1112 2069 1147 2097 ad
1158 2069 1249 2097 fidem.
1258 2069 1333 2098 Muri
1345 2076 1434 2097 autem
1446 2069 1521 2097 illius
1530 2075 1592 2097 sunt
1603 2079 1677 2098 sacer
1696 2076 1763 2105 oteS,

1022 2109 1162 2146 caeterique
1180 2107 1312 2142 doctores,
1328 2107 1362 2136 de
1375 2107 1476 2146 quibus
1492 2107 1558 2136 dicit
1577 2108 1708 2148 propheta
1728 2109 1763 2138 ad

1021 2147 1090 2176 hanc
1101 2147 1250 2177 Jerusalem
1263 2147 1430 2186 spiritualem
1446 2159 1453 2175 z
1468 2148 1508 2176 Et
1515 2148 1687 2187 alienigenae
1697 2150 1763 2178 oedi-
1773 2147 1838 2170 Esai.
1859 2147 1898 2170 6⁰·

1011 2187 1149 2227 ficabunt
1168 2197 1264 2215 muros
1285 2193 1349 2215 tuos
1361 2199 1369 2215 .-
1380 2188 1507 2225 quoniam
1520 2197 1554 2215 ex
1573 2187 1696 2226 gentibus
1711 2199 1763 2217 vo-
1775 2186 1811 2202 ¹⁰·

1021 2226 1082 2262 cati,
1097 2226 1157 2255 facti
1174 2233 1235 2255 sunt
1256 2226 1415 2261 sacerdotes,
1429 2233 1455 2256 et
1467 2226 1655 2266 gubernatores
1669 2228 1764 2257 Eccle-

1021 2266 1075 2295 siae.
1090 2265 1165 2295 Sicut
1174 2266 1246 2294 enim
1256 2265 1328 2294 muri
1341 2276 1447 2294 omnem
1465 2266 1604 2304 gentilium
1617 2273 1643 2295 et
1657 2267 1763 2296 haereti-

1021 2316 1112 2334 corum
1140 2305 1269 2344 impetum
1295 2305 1348 2344 ipsi
1369 2305 1533 2344 suscipiunt,
1554 2307 1600 2344 qui
1626 2312 1762 2344 tamquam

1020 2345 1147 2374 arietibus
1158 2344 1331 2383 quibusdam,
1338 2345 1376 2373 sic
1384 2341 1499 2373 as'siduis
1509 2345 1762 2384 persequutionibus

1021 2384 1118 2413 feriunt
1133 2384 1246 2418 clerum,
1260 2383 1289 2412 id
1305 2391 1345 2412 est
1362 2394 1470 2413 murum
1484 2384 1620 2413 Ecclesiae.
1636 2384 1672 2413 Et
1691 2385 1762 2414 sicut

1020 2423 1169 2452 mortiferas
1193 2424 1302 2464 sagittas
1314 2446 1322 2460 ,
1338 2424 1377 2452 sic
1400 2424 1491 2452 insana
1512 2423 1595 2453 verba
1610 2427 1760 2463 ¹'perversae
1771 2441 1802 2457 „x

1039 2530 1051 2548 1¹
1070 2529 1099 2552 V.
1114 2529 1144 2554 D.
1156 2534 1180 2553 et
1192 2528 1260 2554 Editi
1272 2530 1298 2553 in
1310 2537 1388 2562 marg.
1399 2537 1451 2553 esse
1462 2528 1553 2553 celata.

1046 2576 1056 2587 ³
1075 2566 1155 2592 Iidem
1171 2577 1292 2601 perversa?
1309 2567 1471 2601 confissionis
1487 2576 1584 2598 cortun,
1595 2567 1633 2593 vel
1654 2568 1752 2600 confis-
