1890 2826
241 139 286 175 36

239 222 369 251 quercum
377 217 496 252 potentes
503 210 624 240 homines
635 217 722 247 vocat,
732 209 873 240 altitudine
880 210 977 250 hujus·
986 226 991 227 ν

239 257 313 287 modi
327 257 454 287 arborum
471 268 566 286 eorum
584 255 730 297 potentiam
745 255 925 296 metaphorice
940 257 979 286 si-

240 304 368 344 gnificans
379 317 387 334 z
400 314 431 333 ac
440 314 502 333 cum
515 302 656 343 navigium
670 308 696 331 et
708 308 843 341 aspectum
855 302 980 342 pulchri-

239 350 342 380 tudinis
357 350 468 381 naviuin
487 349 554 379 dicit
565 372 573 387 ‚
590 359 634 378 eos
662 347 829 386 subindicat,
848 348 896 388 qui
918 356 982 379 sunt

239 395 429 435 opulentiores.

280 444 310 472 9.
323 443 381 471 Hoc
401 448 489 472 autem
507 442 568 471 vult
587 440 756 480 significare,
770 449 866 479 nempe
885 439 980 469 sortem
1011 435 1014 438 ⁴

239 488 397 528 quemlibet,
414 495 558 528 potentem,
574 486 672 516 ducem
691 485 835 523 exercitus,
849 495 982 524 quemque

240 535 345 564 divitiis
361 534 591 563 circumfluentem
599 556 606 570 ‚
619 539 757 571 totumque
766 554 775 569 ,
790 538 819 561 ut
831 531 866 561 ita
874 531 961 562 dicam
971 555 980 570 ‚

240 582 381 611 hominum
399 580 523 611 decorem
542 591 573 610 ac
591 586 674 609 totam
700 578 901 617 fortitudinem,
918 586 982 609 tunc

240 627 375 657 abituram
395 633 424 663 et
436 625 593 656 solvendam
610 636 682 657 essez
699 624 822 664 nihilque
841 624 982 665 patrocinii

241 674 414 714 profuturum
433 683 490 702 esse
505 672 541 702 ad
558 671 739 711 effugiendam
760 671 828 701 iram
845 670 915 708 Dei,
929 680 982 701 non
997 674 1016 698 Ε

239 719 366 749 virtutem
375 718 506 759 corporis,
515 728 567 747 non
578 717 772 758 experientiam
780 717 859 755 belli,
869 727 921 747 non
933 728 982 757 pe-

240 766 383 795 cuniarum
396 765 515 805 copiam,
529 774 580 794 non
599 763 724 804 potentiae
738 756 888 793 clientelam
898 786 905 800 ‚
928 774 981 793 non

240 812 375 841 exercitus
389 810 612 851 magnitudinem,
625 820 678 839 non
696 809 772 839 aliud
792 809 932 850 quidpiam
945 810 981 839 si·
995 829 1018 848 Μ

242 858 314 887 mile.
338 857 440 887 Cedros
459 862 548 886 autem
570 856 667 887 Libani
691 863 820 886 memorat
829 879 837 894 ,
862 856 926 896 quia
943 856 982 886 ibi
997 857 1017 880 Α

242 902 358 932 maxime
366 902 484 931 nascitur
494 902 552 932 haec
561 902 651 939 arbor,
662 902 706 931 vel
720 901 785 940 quia
799 913 842 932 res
850 903 908 942 jam
920 913 983 942 pro-

242 949 322 978 ximae
335 955 397 978 sunt
408 960 416 987 ;
433 954 570 988 aspectum
581 958 646 978 vero
659 947 698 978 ait
710 948 922 988 pulchritudinis
932 959 984 978 na-

241 997 329 1033 vium,
344 996 468 1026 decorem
479 995 580 1025 ducum
594 995 738 1033 exercitus,
750 996 797 1035 qni
808 995 924 1032 divitiis,
938 1007 983 1026 ar-

242 1045 294 1074 mis
307 1051 332 1074 et
346 1043 507 1073 satellitibus
520 1042 638 1082 stipandi
652 1043 748 1072 forent.
764 1042 884 1073 Videtur
896 1050 985 1073 autem

243 1091 309 1120 mihi
324 1089 495 1120 subindicare
504 1089 678 1129 longinquam
687 1090 864 1119 barbarorum
873 1090 986 1130 expedi—

242 1139 352 1167 tionem.
370 1137 419 1166 18.
433 1138 475 1165 Et
484 1137 659 1177 manufacta
676 1138 777 1165 omnia
795 1137 984 1173 abscondent,

245 1185 292 1213 19.
302 1186 313 1212 i
315 1184 459 1225 nserentes
465 1184 542 1212 eain
551 1192 692 1212 cavernas
702 1192 739 1211 ac
745 1184 885 1212 scissuras
892 1190 989 1222 petra-

243 1240 320 1267 rum,
326 1236 354 1259 et
362 1230 395 1258 in
407 1229 518 1267 [ονοας
531 1234 624 1263 terroe,
636 1238 655 1257 a
666 1228 753 1269 facie
764 1230 875 1258 timoris
885 1229 987 1258 Domi-

246 1277 287 1312 ni,
298 1283 325 1305 ει
338 1286 357 1304 a
370 1276 466 1315 gloria
481 1274 670 1315 fortitudinis
682 1276 757 1314 ejus,
773 1285 838 1304 cum
855 1285 987 1304 surrexe-

244 1323 327 1352 ritad
330 1321 549 1361 percutiendam
558 1320 811 1358 eerramsrantum,
819 1321 919 1360 inquit,
927 1321 989 1351 abe-

244 1368 291 1404 rit,
304 1375 334 1397 nt
350 1378 443 1396 eorum
462 1366 503 1396 dii
523 1366 629 1406 aliquid
643 1367 704 1407 opis
718 1367 812 1397 afferre
829 1368 943 1408 possint,
958 1374 990 1397 ut

246 1414 288 1443 illi
308 1413 449 1443 hominum
462 1413 566 1442 auxilio
581 1423 650 1453 opus
665 1413 784 1442 habituri
802 1413 865 1449 sint,
886 1424 987 1444 necnon
1000 1412 1019 1436 Β

246 1461 366 1490 locorum
381 1459 473 1496 tutela,
483 1466 513 1488 nt
525 1469 559 1488 ne
568 1459 760 1499 mpiantur‚A
769 1459 856 1500 facie
879 1462 989 1490 timoris

248 1507 379 1543 Domini,
395 1512 423 1535 et
435 1516 454 1535 a
463 1506 559 1546 gloria
560 1505 751 1545 fortitudinis
761 1507 835 1546 ejus,
851 1517 917 1536 cum
925 1517 989 1536 sur-

246 1554 353 1582 rexerit
360 1558 510 1591 percutere
524 1558 642 1580 terram.
656 1551 696 1581 Nc
707 1551 768 1590 quis
779 1551 851 1580 enim
860 1552 989 1581 barbaro-

248 1609 309 1627 rum
323 1597 469 1638 irruptioni
489 1597 547 1627 haec
563 1597 693 1637 imputet,
717 1607 784 1627 neve
805 1597 938 1627 existimet
952 1599 989 1628 ti-

248 1655 349 1674 morem
370 1655 405 1674 ex
417 1654 511 1674 eorum
530 1643 647 1684 potentia
662 1644 805 1684 provenire
815 1667 824 1680 ‚
842 1655 989 1675 sermonem

249 1691 328 1720 refert
346 1689 382 1719 ad
401 1690 590 1719 universorum
608 1691 713 1725 Deum,
726 1690 836 1727 dicens,
851 1702 912 1721 eum
925 1692 991 1721 belli

248 1737 362 1776 hujusce
379 1735 476 1765 ducem
488 1735 620 1771 futurum,
633 1742 660 1764 et
672 1736 706 1765 ab
720 1746 752 1765 eo
767 1743 927 1776 potestatem>
937 1749 993 1768 esse

251 1783 278 1811 in
289 1789 362 1811 tanto
376 1781 498 1822 periculo
509 1781 666 1811 vindicandi
683 1781 781 1811 scelera
794 1782 851 1822 jam
865 1783 991 1814 admissa.

250 1829 300 1857 20.
319 1829 376 1857 Die
389 1829 466 1857 enim
482 1827 539 1856 illa
550 1829 644 1867 ejiciet
662 1828 749 1856 homo
761 1830 994 1860 abominationes

251 1886 320 1906 suas
333 1882 486 1913 argenteas
510 1882 538 1904 et
557 1885 674 1912 aureaS,
694 1886 767 1915 quas
781 1877 922 1916 fecerunt
940 1880 996 1908 sibi

286 1980 299 1998 d
318 1980 378 2012 neg.
393 1984 419 2004 et
431 1978 509 2004 Savil.
523 1986 716 2014 μεταφορητικῶς,
731 1978 804 2012 male,
827 1989 873 2012 pro
882 1992 1009 2017 μεταφορι-

253 2026 304 2049 κῶς,
318 2024 346 2043 ιιι
356 2017 434 2043 habet
445 2017 534 2044 Morel.
547 2016 616 2042 Ibid.
629 2018 690 2050 Reg.
705 2022 742 2044 καὶ
754 2020 830 2045 πλοῖον
840 2023 878 2045 καὶ
891 2023 943 2046 θέαν
955 2023 1010 2046 κάλ-

254 2062 305 2087 λους
323 2060 407 2085 πλοίων
427 2059 505 2090 λέγων.
518 2058 599 2089 Atque
612 2057 646 2081 ita
663 2055 723 2090 legit
733 2057 891 2088 Tilmannus,
911 2060 955 2091 qui
974 2060 1010 2084 sic

254 2098 330 2123 vertit
343 2106 348 2121 ε
364 2096 420 2121 Per
431 2097 560 2130 navigium
572 2101 598 2120 et
605 2095 803 2129 speculationem
811 2097 1011 2130 pulchritudinis

254 2138 412 2170 navigiorum
419 2144 461 2160 eos
475 2136 597 2168 insinuat,
608 2140 658 2159 etc.
672 2134 748 2160 Savil.
762 2142 787 2160 et
798 2135 886 2161 Morel.
894 2141 931 2163 καὶ
942 2140 1012 2164 πλοῦ-

254 2185 300 2203 τον·
313 2180 350 2202 καὶ
366 2180 417 2202 θέαν
429 2178 524 2204 κάλλους
535 2177 619 2201 πλοίων
636 2177 714 2207 λέγων.
728 2174 780 2200 Sed
792 2184 850 2200 vera
867 2177 1013 2210 sinceraque

254 2216 329 2241 lectio
341 2221 379 2239 est
393 2214 436 2239 illa
453 2212 524 2247 Regii
541 2212 652 2238 Codicis.
674 2214 739 2239 Nam
756 2214 953 2249 Chrysostotnus
971 2216 1012 2241 hic

254 2254 389 2281 versiculos
401 2253 457 2278 illos
470 2253 541 2278 Isaiae
551 2253 627 2284 paulo
638 2258 698 2277 ante
709 2253 799 2278 allatos
808 2255 952 2280 minutatim
969 2264 1013 2280 cx-

255 2295 333 2328 pticat
349 2294 398 2319 sic:
410 2298 483 2326 τεῖχος
494 2296 590 2318 ἐνταῦθα
607 2296 644 2318 καὶ
662 2294 739 2327 κέδρον
759 2297 797 2319 καὶ
808 2299 888 2328 βουνὸν
903 2299 941 2321 καὶ
961 2298 1014 2330 δρῦν

256 2337 307 2364 τοὺς
312 2336 419 2361 δυνάστας
424 2335 552 2366 ἀνθρώπους
557 2334 616 2366 φησὶ,
623 2337 655 2365 τῷ
660 2333 716 2365 ὕψει.
722 2351 727 2356 .
733 2351 739 2357 .
743 2335 910 2365 ἑνδιικνὺμενος,
918 2333 1014 2359 Deinde

256 2382 316 2400 vero
324 2369 502 2405 apponendum
511 2373 591 2401 κῶλον,
606 2369 644 2395 vel
660 2370 740 2403 major
746 2372 926 2405 interpunctio,
938 2379 1014 2406 atque

257 2415 293 2438 ita
304 2410 436 2446 legendum
446 2419 451 2433 ε
472 2413 510 2435 καὶ
524 2412 602 2436 πλοῖον
615 2414 652 2436 καὶ
671 2414 723 2436 θέαν
743 2414 838 2440 κάλλους
858 2415 950 2444 πλοίων,
972 2412 1014 2437 ubi

258 2452 367 2485 explicat
380 2448 443 2475 illud
455 2447 570 2474 versiculi
591 2450 631 2480 ⁴6,
645 2452 682 2475 καὶ
694 2454 730 2477 ἐπὶ
742 2457 786 2477 πᾶν
797 2454 874 2478 πλοῖον
887 2455 1011 2483 θαλάσσης,

258 2497 295 2518 καὶ
303 2496 340 2519 ἐπὶ
349 2497 424 2518 πᾶσαν
436 2493 488 2516 θέαν
499 2491 595 2517 κάλλους
605 2491 696 2515 πλοίων.
707 2489 780 2514 Certe
788 2494 884 2517 πλοῦτον
896 2491 1014 2517 mendose

256 2531 357 2563 irrepsit
368 2539 375 2562 ς
387 2527 454 2554 nulla
464 2528 529 2553 enim
541 2526 582 2552 hic
592 2527 734 2553 divitiarum
748 2530 850 2556 mentio.

575 150 604 173 S.
632 149 773 173 JOANNIS
800 149 982 173 CHRYSOST.
1011 150 1166 184 AncutEP.
1194 134 1467 174 CONSTANUNOP.

1035 211 1097 250 δρῦν
1113 211 1173 245 τοὺς
1193 211 1319 245 δυνάστας
1339 212 1491 252 ἀνθρώπους
1511 212 1593 252 φησὶ,
1617 215 1655 252 τῷ
1668 212 1731 253 ὕψει
1753 215 1805 244 τῶν

1035 256 1145 297 δένδρων
1159 258 1258 287 τούτων
1275 257 1477 298 Ι’μεταφορικῶς
1487 258 1536 295 τὴν
1553 259 1705 289 δυναστείαν
1718 261 1805 290 αὐτῶν

1034 303 1241 343 ἐνδεικνύμενος·
1253 304 1298 333 καὶ
1312 305 1403 334 πλοῖον
1426 304 1471 334 καὶ
1493 304 1553 334 θέαν
1574 304 1687 339 κάλλους
1705 305 1805 336 πλοίων

1033 349 1129 389 λέγων,
1144 349 1204 383 τοὺς
1217 350 1410 391 εὐπορωτέρους
1426 352 1512 381 αὐτῶν
1528 350 1680 381 αἰνίττεται.

1073 440 1112 470 ⁶0
1125 441 1152 471 δὲ
1167 440 1289 481 βούλεται
1302 443 1395 479 εἰπεῖν,
1408 442 1485 472 τοῦτό
1503 443 1576 472 ἐστιν
1584 454 1591 461 ·
1602 442 1643 472 ὅτι
1656 447 1709 476 πᾶς
1725 444 1806 483 ἰσχυ-

1037 487 1089 527 ρὸς,
1103 493 1155 521 πᾶς
1164 488 1301 524 δυνάστης,
1313 494 1365 522 πᾶς
1374 489 1529 529 στρατηγὸς,
1543 494 1595 523 πᾶς
1609 488 1806 529 περιὸεὸλημέ-

1035 545 1078 567 νος
1095 535 1218 572 πλοῦτον,
1244 539 1319 564 πᾶσα
1327 557 1335 571 ,
1358 536 1394 568 ὥς
1426 536 1519 572 εἰπεῖν,
1545 537 1597 565 τῶν
1622 534 1766 575 ἀνθρώπων
1787 538 1804 572 ἡ

1036 579 1180 620 εὐπρέπεια
1193 580 1238 610 καὶ
1253 581 1328 621 ἰσχὺς
1336 581 1396 611 τότε
1406 581 1545 622 οἰχήσεται
1556 581 1602 611 καὶ
1610 581 1805 618 διαλυθήσεται·

1036 627 1081 657 καὶ
1094 626 1187 657 *οὐδὲν
1201 629 1287 657 αὐτῶν
1301 627 1480 667 προστήσεται
1493 628 1558 668 πρὸς
1572 628 1602 658 τὸ
1611 629 1744 669 διαφυγεῖν
1759 630 1805 659 τοῦ

1036 674 1106 704 Θεοῦ
1125 673 1172 710 τὴν
1194 673 1285 714 ὀργὴν,
1297 675 1344 703 οὐκ
1360 673 1434 714 ἰσχὺς
1456 673 1596 714 σώματος,
1608 676 1656 704 οὐκ
1679 674 1806 714 ἐμπειρία

1034 719 1165 759 πολέμου,
1176 722 1204 749 οὖ
1218 720 1365 760 χρημάτων
1382 720 1535 761 περιουσία,
1547 722 1576 750 οὗ
1592 721 1744 755 δυναστείας
1758 733 1804 750 πε-

1037 765 1178 806 ριὸολὴ,οὖ
1193 766 1369 806 στρατοπέδου
1380 768 1496 803 πλῆθος,
1510 767 1558 796 οὐκ
1572 766 1638 796 ἄλλο
1647 769 1700 796 τῶν
1714 766 1804 797 τοιού-

1035 823 1087 841 των
1100 811 1184 841 οὐδέν.
1201 813 1318 852 Κέδρους
1337 812 1364 841 δὲ
1377 812 1491 842 Λιὸάνου
1511 812 1555 842 διὰ
1572 812 1650 842 τοῦτό
1666 824 1747 853 φησι,
1761 812 1804 843 διὰ

1034 857 1064 887 τὸ
1078 857 1166 887 αὖτόθι
1178 859 1256 887 τοῦτο
1269 858 1386 896 μάλιστα
1396 858 1506 899 φύεσθαι
1526 858 1557 887 τὸ
1569 858 1683 899 δένδρον,
1702 859 1720 895 ἢ
1742 859 1805 889 “διὰ

1035 903 1187 939 τὸπλησίον
1208 904 1241 933 τὰ
1255 904 1399 944 πράγματα
1422 905 1553 944 γίνεσθαι·
1571 906 1631 935 Θέαν
1651 905 1679 935 δὲ
1693 906 1806 940 κάλλους

1034 949 1142 986 πλοίων,
1155 949 1204 986 τὴν
1225 950 1382 990 εὐπρέπειαν
1406 952 1457 980 τῶν
1480 953 1646 991 στρατηγῶν,
1669 954 1722 982 ’τῶν
1748 951 1801 982 ἀπὸ

1036 994 1149 1025 πλούτου
1159 996 1204 1025 καὶ
1217 995 1305 1025 ὅπλων
1320 996 1365 1025 καὶ
1379 997 1528 1037 δορυφόρων
1538 998 1803 1037 κεκαλλωπισμένων.

1038 1043 1117 1071 Δοκεῖ
1127 1041 1155 1071 δέ
1170 1054 1214 1081 μοι
1226 1042 1271 1071 καὶ
1290 1042 1338 1078 τὴν
1362 1043 1404 1072 διὰ
1425 1046 1526 1083 μακροῦ
1541 1044 1684 1083 γενομένην
1705 1045 1806 1080 ἀποδη-

1039 1087 1101 1127 μίαν
1111 1089 1162 1117 τῶν
1176 1088 1316 1128 βαρὸάρων
1333 1089 1500 1119 αἰνίττεσθαι.
1514 1091 1566 1120 Καὶ
1583 1090 1617 1120 τὰ
1632 1092 1807 1131 χειροποίητα

1004 1165 1009 1167 ,
1037 1133 1124 1163 πάντα
1145 1134 1366 1174 κατακρύψουσιν,
1380 1135 1573 1175 εἷσενέγκαντες
1589 1139 1624 1170 εἰς
1638 1137 1672 1166 τὰ
1686 1137 1806 1174 σπήλαια

1038 1180 1082 1210 καὶ
1091 1182 1132 1216 ,εἷς
1140 1179 1188 1214 τὰς
1197 1180 1312 1220 σχισμὰς
1328 1182 1380 1209 τῶν
1393 1183 1506 1221 πετρῶν,
1518 1182 1563 1211 καὶ
1575 1185 1611 1216 εἷς
1624 1183 1671 1217 τὰς
1684 1183 1805 1223 τρώγλας

1037 1227 1086 1262 τ’ἥς
1096 1229 1146 1266 γῆς
1156 1247 1164 1261 ,
1178 1226 1231 1255 ἀπὸ
1241 1225 1383 1266 προσώπου
1395 1230 1440 1256 τοῦ
1460 1227 1541 1267 φόὸου
1555 1229 1668 1268 Κυρίου,
1690 1229 1735 1258 καὶ
1755 1230 1807 1259 ἀπὸ

1038 1275 1086 1308 τῆς
1096 1272 1170 1308 δόξης
1179 1274 1227 1307 τῆς
1236 1272 1328 1312 ἰσχύος
1337 1274 1417 1302 αὐτοῦ
1426 1295 1434 1308 ,
1445 1273 1507 1303 ὅταν
1523 1275 1624 1314 dvcto-1³1]
1635 1277 1748 1314 θραῦσαι
1758 1275 1807 1312 τὴν

1038 1320 1097 1358 γῆν.
1116 1319 1249 1348 Τοσοῦτον
1263 1318 1316 1359 γὰρ
1336 1318 1473 1359 ἀφέξουσιν
1487 1321 1583 1357 αὐτῶν,
1604 1320 1693 1360 φησὶν,
1709 1322 1733 1350 οἱ
1754 1321 1807 1351 θεοὶ

1038 1369 1186 1405 παρασχεῖν
1200 1376 1259 1394 τινα
1273 1364 1438 1405 συμμαχίαν,
1448 1364 1488 1394 ὅτι
1501 1367 1550 1400 τῆς
1562 1365 1636 1405 παρὰ
1644 1367 1696 1395 τῶν
1711 1367 1808 1407 amp&

1039 1422 1095 1440 πων
1109 1411 1246 1447 δεήσονται
1261 1411 1395 1451 βοηθείας,
1410 1411 1456 1440 καὶ
1465 1411 1552 1441 τόπων
1567 1413 1723 1452 ἀσφαλείας,
1738 1413 1807 1443 ὥστε

1041 1456 1078 1496 μὴ
1093 1457 1207 1494 ἁλῶναι,
1219 1456 1284 1487 Ἀπὸ
1297 1457 1438 1496 προσώπου
1455 1460 1501 1487 τοῦ
1527 1457 1607 1498 φόὸου
1628 1459 1743 1499 Κυρίου,
1762 1460 1807 1490 καὶ

1041 1503 1093 1533 ἀπὸ
1103 1505 1150 1539 τῆς
1156 1502 1231 1538 δόξης
1243 1505 1291 1539 τῆς
1311 1502 1401 1543 ἰσχύος
1410 1505 1488 1532 αὐτοῦ
1495 1525 1503 1539 ,
1514 1503 1576 1533 ὅταν
1585 1505 1686 1545 ἀναστῇ
1695 1507 1807 1546 θραῦσαι

1040 1549 1088 1585 τὴν
1102 1551 1163 1588 γῆν.
1174 1547 1235 1578 Ἵνα
1252 1549 1303 1589 γὰρ
1321 1549 1358 1588 μή
1380 1561 1420 1582 τις
1437 1552 1470 1589 τῇ
1491 1550 1544 1579 τῶν
1566 1550 1706 1591 βαρὸἄρων
1720 1551 1804 1591 ἐφόδῳ

1041 1598 1124 1625 ταῦτα
1135 1591 1285 1635 λογίζηται,
1299 1595 1365 1634 μηδὲ
1379 1597 1427 1630 τῆς
1446 1595 1536 1636 ἰσχύος
1553 1597 1602 1631 τῆς
1622 1597 1727 1626 ἐκείνων
1741 1592 1808 1627 εἶναι

1043 1641 1135 1681 νομίζῃ
1150 1641 1194 1671 τὸν
1212 1641 1301 1681 φόὸον,
1313 1642 1404 1681 ἀνάγει
1417 1641 1460 1671 τὸν
1472 1642 1550 1681 λόγον
1561 1643 1605 1672 ἐπὶ
1617 1643 1662 1673 τὸν
1676 1644 1729 1672 τῶν
1740 1643 1808 1673 ὅλων

1045 1686 1124 1723 Θεὸν,
1136 1686 1229 1726 λέγων,
1242 1686 1282 1716 ὅτι
1296 1686 1373 1720 αὐτὸς
1389 1690 1434 1717 τοῦ
1459 1688 1576 1727 πολέμου
1600 1693 1743 1729 στρατηγεῖ
1754 1689 1814 1719 τού·

1044 1744 1107 1768 του,
1120 1731 1166 1762 καὶ
1181 1734 1244 1772 παρ’
1259 1733 1356 1762 ἐκείνου
1383 1733 1492 1772 δύναμις
1510 1735 1538 1763 ἐν
1549 1733 1684 1775 Ιἰ-οιτοιίτῳ
1702 1735 1814 1776 κινδύνῳ

1046 1781 1098 1808 τῶν
1114 1778 1166 1814 ἤδη
1186 1778 1465 1818 πεπλημμελημένων.
1487 1780 1531 1819 Τῇ
1553 1779 1604 1820 γὰρ
1624 1781 1712 1821 ἡμέρᾳ
1726 1781 1813 1821 ἐκείνῃ

1046 1829 1154 1859 ἑκὸαλεῖ
1167 1829 1300 1869 ἄνθρωπος
1318 1829 1352 1858 τὰ
1376 1828 1545 1870 βδελῦγματα
1559 1831 1653 1867 αὐτοῦ,
1665 1831 1699 1860 τὰ
1713 1833 1815 1871 ἀργυρᾶ

1048 1879 1093 1909 καὶ
1105 1879 1139 1908 τὰ
1152 1885 1254 1920 χρυσᾶ,
1272 1879 1288 1908 ἃ
1303 1879 1430 1915 ἐποίησαν
1448 1881 1549 1914 ἑαυτοῖς
1561 1882 1599 1913 εἷς
1615 1880 1645 1909 τὸ
1659 1885 1814 1920 προσκυνεῖν

1091 1990 1101 2001 ε
1119 1983 1180 2015 neg.
1188 1982 1295 2008 etSavil.
1307 1986 1368 2010 ούὸὶν
1377 1987 1454 2010 αὑτοῦ.

1106 2029 1116 2040 n
1134 2019 1154 2047 ἡ
1163 2024 1199 2048 διὰ
1209 2027 1235 2048 τὸ
1247 2026 1339 2052 πλησίον
1350 2028 1381 2050 τὰ
1390 2027 1518 2057 πράγματα
1528 2025 1633 2056 γίνεσθαι,
1646 2023 1692 2047 vel
1701 2024 1763 2057 quia
1779 2032 1818 2048 fles

1057 2064 1113 2091 jam
1120 2062 1245 2094 proximae
1256 2067 1323 2086 sunt.
1336 2063 1394 2087 Non
1406 2063 1466 2088 satis
1477 2063 1600 2094 perspicio
1619 2062 1680 2095 quid
1695 2062 1741 2087 sibi
1756 2062 1817 2088 velit

1061 2100 1267 2134 Chrysostomus‚
1277 2110 1335 2125 eum
1348 2102 1384 2126 ait
1395 2101 1452 2126 ideo
1465 2100 1553 2126 cedros
1561 2100 1654 2126 Libani
1666 2101 1707 2126 hic
1719 2110 1816 2126 memo-

1061 2140 1124 2169 rari,
1145 2141 1202 2173 quia
1215 2149 1267 2171 res,
1284 2149 1374 2173 nempe
1389 2149 1444 2173 quae
1462 2139 1670 2173 praedicebantur‚
1688 2143 1741 2174 jam
1757 2150 1819 2174 pro-

1062 2179 1135 2204 ximae
1155 2186 1235 2204 crant.
1258 2181 1296 2204 An
1307 2181 1365 2213 quin
1377 2181 1506 2212 proximus
1514 2185 1569 2205 erat
1579 2179 1672 2205 Judaeae
1690 2181 1802 2206 Libanus
1811 2202 1818 2214 ,

1062 2227 1106 2250 per
1118 2218 1207 2243 cedros
1219 2217 1310 2244 Libani
1320 2220 1414 2244 excisas
1428 2227 1506 2251 prope
1523 2227 1575 2244 esse
1587 2228 1627 2244 res
1638 2221 1820 2252 praenuntiatas

1062 2257 1171 2283 dixerit?
1183 2259 1220 2283 Ne
1232 2259 1267 2283 sic
1279 2256 1382 2291 quidem
1395 2257 1448 2283 haec
1457 2256 1582 2290 quadrare
1592 2258 1720 2284 videntur.

1096 2298 1109 2317 ¹¹
1126 2297 1157 2323 ἐν
1170 2300 1269 2331 τοσούτῳ
1281 2299 1370 2330 κινδύνῳ
1379 2304 1424 2323 τῶν
1433 2300 1476 2326 ἤδη
1483 2301 1723 2332 πεπλημμελημένων.
1738 2300 1821 2325 Locus

1064 2343 1091 2362 ut
1105 2336 1203 2362 videtur
1215 2343 1357 2369 corruptus,
1375 2337 1416 2361 cui
1434 2337 1559 2362 medicam
1572 2347 1675 2363 manum
1687 2338 1822 2364 admovere

1064 2382 1146 2401 tentat
1158 2377 1183 2401 in
1194 2378 1260 2402 notis
1269 2376 1355 2402 Savilii
1364 2377 1468 2407 Boisius,
1482 2377 1517 2401 sic
1530 2376 1615 2402 locum
1628 2379 1774 2403 restituens:
1784 2383 1822 2406 καὶ

1063 2419 1077 2444 ἡ
1089 2419 1145 2450 παρ’
1156 2420 1238 2442 ἐκείνου
1248 2419 1339 2449 δύναμις
1356 2418 1515 2445 καταπλήττει
1525 2419 1575 2446 τοὺς
1587 2420 1610 2442 ἐν
1621 2420 1719 2450 τοσοὺτῳ
1734 2420 1823 2451 κινίὺνῳ

1066 2459 1219 2485 καθεστῶτας,
1232 2459 1270 2481 καὶ
1281 2461 1325 2482 τῶν
1346 2457 1388 2484 ἤδη
1399 2457 1632 2488 πεπλημμελημένοιν
1640 2459 1715 2485 αὐτοῖς
1726 2458 1822 2483 δεδωκό-

1065 2505 1106 2523 τας
1117 2497 1186 2524 δίκην.
1200 2494 1292 2519 Verum
1302 2493 1352 2518 hoe
1363 2493 1477 2519 divinare
1485 2500 1532 2519 est.
