1890 2826
712 179 746 201 IN
772 177 899 208 isauri,
929 177 1005 200 cAP.
1034 176 1068 200 V.

106 247 183 275 τοῦτο
192 244 237 274 καὶ
249 243 373 283 μελέτην,
388 242 418 272 τὸ
436 242 560 277 διηνεκῶς
578 239 693 279 μεθύειν.
709 240 758 269 Διό
772 251 851 279 φησιν
864 251 870 256 ·

104 292 140 320 Οἱ
153 289 289 323 διώκοντες
305 288 405 328 σίκερα.
419 288 536 327 ’Σίκερα
557 286 586 316 δὲ
606 285 718 315 ἐνταῦθά
740 297 805 325 φησι
818 286 871 314 τῶν
890 294 893 298 ’

102 336 225 376 φοινίκων
247 335 291 365 τὸν
311 336 384 371 ὀπὸν,
399 335 426 364 ὂν
441 334 607 370 ἐπετήδευον,
628 331 809 372 συντρίὸοντες
826 331 870 360 τὸν

1618 166 1667 215 ,67

926 244 1098 278 sequuntur.
1124 238 1242 269 Siceram
1265 238 1336 268 enim
1360 239 1404 269 hic
1431 239 1499 270 dicit
1518 241 1670 280 palmarum
1692 251 1823 279 Sinon-apat>

924 295 1047 320 succum,
1061 296 1142 323 quam
1162 284 1349 321 conficiebant,
1362 285 1480 315 fructum
1507 293 1670 317 conterentes
1682 289 1823 334 Zagrumsue-

924 337 950 360 et
971 331 1174 368 contundentes,
1191 338 1219 361 ut
1241 331 1269 360 in
1287 332 1345 361 vini
1359 333 1577 362 transformarent
1591 341 1669 363 natu-

101 382 200 421 καρπὸν
214 381 260 410 καὶ
273 382 466 417 καταθλῶντες,
481 382 518 414 εἷς
536 380 605 410 οἴνου
627 377 869 418 μετασχηματίζειν
889 383 906 406 0
923 387 992 406 ram.
1013 377 1194 417 Soporificum
1212 384 1301 407 autem
1314 385 1354 407 est
1366 377 1448 415 illud,
1464 378 1671 418 ebrietatemque

89 427 186 466 φύσιν.
201 426 355 467 Καρωσικὸν
369 427 398 456 δέ
412 427 510 456 ἔστιτὸ
528 428 655 462 τοιοῦτον,
669 425 714 454 καὶ
728 423 809 463 μέθης
819 425 869 467 ,ἔρ-

98 473 232 512 γαστικόν.
251 473 320 502 Ἀλλ’
339 472 412 502 οὐδὲν
431 475 572 513 ὓφωρῶντο
582 471 681 501 τούτων
695 471 806 505 ἐκεῖνοι,
819 470 867 505 τὴν

98 519 194 555 ἡδονὴν
213 522 350 559 πανταχοῦ
369 518 520 554 διώκοντες,
544 518 673 550 Μένοντες
699 516 730 545 τὸ
753 514 811 555 ὀψέ.
833 514 867 545 Ὁ

97 565 148 605 γὰρ
162 560 228 598 οἶνος
246 564 340 598 αὖτοὺς
355 564 507 604 συγκαύσει.
526 562 645 599 Τοιαύτη
659 562 710 603 γὰρ
724 564 771 597 τῆς
786 561 867 601 μέθης

96 613 113 646 ἡ
127 610 203 651 φύσις
215 622 221 628 ·
240 613 368 650 προϊοῦσα
387 610 509 647 αὔξεται,
522 610 567 640 καὶ
581 609 767 650 χαλεπώτερον
782 608 812 638 τὸ
826 608 865 637 δί-

95 657 143 695 ψος
152 660 231 686 ποιεῖ.
254 652 322 686 Εἶτα
339 657 384 686 καὶ
397 656 486 697 ἕτερον
499 657 547 686 οὐκ
560 655 668 685 ἔλαττον
683 655 805 694 ἔγκλημα
819 656 864 684 τοῦ

92 703 219 743 προτέρου
236 704 408 743 προστίθησι,
422 703 507 744 λέγων
516 715 523 722 ·
538 702 616 733 Μετὰ
629 702 680 742 γὰρ
695 701 804 741 κιθάρας
818 700 864 731 καὶ

93 750 238 790 ψαλτηρίου
251 750 296 780 καὶ
307 750 451 793 τυμπάνων
461 750 506 779 καὶ
518 750 604 779 αὐλῶν
616 748 660 778 τὸν
672 743 740 777 οἶνον
749 747 862 777 πίνουσι.

94 797 120 825 Τ
120 799 181 825 οῧτο
203 797 248 826 καὶ
265 797 352 836 ἕτερος
368 797 475 836 ἐγκαλεῖ
488 796 624 836 προφήτης
645 794 747 834 λέγων·
763 795 799 823 Οἱ
816 793 860 822 πί-

93 853 178 875 νοντες
200 842 244 872 τὸν
267 842 431 882 διυλισμένον
452 837 534 876 οἶνον,
556 841 602 871 καὶ
622 840 657 870 τὰ
677 842 771 880 πρῶτα
791 839 862 879 μύρα

90 933 186 972 γηίνων.
200 934 247 967 Ὡς
260 936 362 964 ἑστῶτα
375 934 538 974 ἐλογίσαντο,
553 933 598 963 καὶ
612 935 663 973 οὔχ
674 934 710 967 ὣς
724 933 861 973 φεύγοντα.

92 980 144 1009 Καὶ
163 979 215 1020 γὰρ
234 980 351 1020 ἐσχάτης
369 980 530 1019 ἀναλγησίας
546 983 624 1009 τοῦτο
638 979 668 1009 τὸ
681 983 800 1018 σημεῖον,
816 978 861 1007 καὶ

90 1025 178 1066 ψυχῆς
190 1025 379 1064 ἐκλελυμένης,
392 1026 423 1055 τὸ
436 1026 543 1065 θέατρον
555 1030 639 1055 ποιεῖν
649 1024 699 1060 τὴν
713 1024 796 1054 οἰκίαν
811 1023 860 1060 τὴν

91 1073 183 1100 ἑαυτοῦ
193 1094 201 1108 ,
225 1071 271 1101 καὶ
294 1071 421 1105 τοιούτοις
443 1071 558 1111 ᾅσμασιν
582 1069 689 1103 ἑαυτοὺς
716 1071 857 1099 ἐκδιδόναι.

90 1115 178 1156 ”Οπερ
191 1118 236 1147 καὶ
249 1120 266 1153 ἡ
283 1117 349 1156 μέθη
365 1122 435 1148 ποιεῖ
448 1120 593 1152 σκοτοῧσα,
609 1120 686 1147 τοῦτο
704 1119 721 1152 ἡ
743 1115 856 1154 μουσικὴ
870 1135 894 1154 58

91 1163 260 1201 μαλάττουσα
271 1164 301 1193 τὸ
315 1164 416 1193 εὔτονον
431 1167 476 1200 τῆς
492 1163 605 1196 διανοίας
615 1185 623 1198 ,
638 1162 683 1192 καὶ
697 1162 857 1192 κατακλῶσα
872 1162 891 1186 Λ

88 1211 135 1244 τῆς
151 1211 239 1249 ψυχῆς
258 1210 307 1246 τὴν
325 1210 455 1250 ἀνδρείαν,
470 1209 515 1239 καὶ
533 1209 577 1239 ἐπὶ
596 1209 715 1248 μείζονας
730 1208 857 1247 ἐξάγουσα

89 1255 234 1294 ἀσελγείας.
255 1256 299 1285 Τὰ
323 1257 351 1285 δὲ
369 1257 433 1296 ἔργα
454 1258 500 1285 τοῦ
520 1257 591 1285 θεοῦ
613 1256 661 1284 οὐκ
674 1254 855 1293 ἐμὸλέπουσι,

87 1300 132 1330 καὶ
146 1301 179 1330 τὰ
193 1301 258 1341 ἔργα
270 1304 323 1332 τῶν
338 1304 435 1342 χειρῶν
448 1303 527 1331 αὐτοῦ
536 1302 565 1330 οὗ
576 1304 756 1330 κατανοοῦσιν.
769 1299 808 1329 Ἢ
822 1300 856 1328 τὰ

87 1347 208 1386 θαύματα
231 1349 310 1377 αὐτοῦ
330 1359 421 1388 φησιν,
439 1347 457 1383 ἢ
471 1349 518 1383 τῆς
538 1347 648 1380 κτίσεως
669 1346 718 1382 τὴν
736 1345 855 1386 θεωρίαν.

87 1393 151 1426 Πῶς
163 1395 186 1422 δ’
198 1393 229 1423 ἂν
242 1394 360 1424 δύναιντο
372 1393 492 1434 γενέσθαι
506 1393 615 1428 θεαταὶ,
628 1392 676 1428 τὴν
692 1392 740 1430 μὲν
754 1392 855 1432 ἡμέραν

86 1438 167 1468 νύκτα
187 1440 372 1480 ἐργαζόμενοι,
385 1439 434 1476 τὴν
450 1439 478 1469 δὲ
494 1439 577 1469 νύκτα
595 1441 648 1468 τῶν
670 1441 768 1478 νεκρῶν
782 1438 854 1468 οὐδὲν

86 1486 191 1525 ἄμεινον
206 1486 379 1525 διακείμενοι;
393 1488 450 1519 πῶς
461 1486 615 1522 δυνήσονται
628 1485 702 1521 ἥλιον
715 1486 777 1514 ἰδεῖν
791 1485 856 1513 ἀνα-

87 1532 214 1561 τέλλοντα
226 1553 234 1567 ,
246 1533 292 1562 καὶ
303 1534 413 1572 οὐρανοῦ
427 1532 524 1565 κάλλος
538 1531 653 1570 λάμπον,
674 1531 720 1561 καὶ
733 1530 777 1560 τὸν
793 1542 855 1560 ποι-

86 1577 158 1607 κίλον
181 1581 234 1608 τῶν
255 1579 359 1619 ἄστρων
377 1580 404 1608 ἐν
420 1578 519 1618 ἑσπέρᾳ
539 1578 627 1618 χορὸν,
642 1577 687 1607 καὶ
700 1577 748 1613 τὴν
770 1577 854 1614 ἄλλην

84 1626 132 1659 τῆς
153 1625 263 1658 κτίσεως
279 1625 399 1659 εὐταξίαν
419 1637 448 1654 τε
470 1625 515 1654 καὶ
533 1624 675 1659 διακονίαν,
688 1626 741 1654 τῶν
761 1623 853 1657 ἔξωθεν

85 1671 195 1699 καὶτῶν
214 1671 314 1700 ἔνδοθεν
333 1672 474 1711 ὀφθαλμῶν
490 1670 718 1710 ἀπεστερημένας
738 1672 779 1700 Οὐ
807 1682 853 1709 μι-

84 1716 145 1756 κρὸν
159 1712 204 1746 οὖν
217 1719 294 1746 τοῦτο
306 1716 461 1753 ἠδίκηνται,
475 1716 522 1745 ’τὸ
537 1715 641 1745 ἀθέατοι
655 1718 708 1745 τῶν
722 1719 767 1746 τοῦ
782 1717 852 1746 Θεοῦ

84 1763 224 1802 θαυμάτων
238 1764 269 1792 ἐκ
287 1766 333 1792 τοῦ
350 1762 477 1802 παρόντος
491 1763 612 1791 ἀπελθεῖν
628 1762 695 1801 βίου,
708 1762 795 1792 πάντα
808 1762 852 1791 τὸν

83 1808 177 1848 χρόνον
192 1810 218 1838 ἐν
228 1810 267 1848 τῷ
284 1808 372 1841 σκότει
382 1810 429 1844 τῆς
444 1808 524 1847 μέθης
537 1807 775 1848 κατορωρυγμένοι.
788 1809 813 1837 Τ
814 1807 851 1838 οί-

83 1866 127 1883 νυν
152 1854 320 1894 αἷχμάλωτος
345 1854 456 1893 ἐγενήθη
476 1856 490 1883 ὁ
511 1853 574 1887 λαός
600 1865 651 1892 μου
662 1875 670 1889 ,
695 1853 738 1883 διὰ
759 1854 790 1883 τὸ
812 1854 849 1892 μὴ

82 1900 178 1930 εἰδέναι
189 1900 283 1934 αὖτοὺς
295 1901 339 1930 τὸν
354 1900 460 1940 Κύριον.
474 1899 560 1929 Πάλιν
574 1900 604 1929 τὸ
616 1900 711 1938 μέλλον
725 1901 760 1933 ὡς
773 1911 849 1938 γεγε-

81 1946 192 1984 νημένον
203 1946 379 1986 ἀπαγγέλλει,
394 1946 439 1976 καὶ
452 1945 581 1986 τιμωρίαν
595 1945 689 1984 ἐπάγει
702 1948 735 1984 τῇ
754 1947 848 1984 πλημ-

83 1993 175 2034 μελείᾳ
186 1992 279 2032 ταύτῃ.
300 1991 390 2028 Ἱκανὴ
408 1992 456 2031 μὲν
469 1992 521 2032 γὰρ
535 1992 579 2022 καὶ
594 1991 660 2027 αὐτὴ
675 1994 692 2028 ἡ
709 1992 775 2031 μέθη
790 1992 849 2021 ἀντὶ

80 2038 168 2074 πάσης
188 2038 309 2077 γενέσθαι
331 2038 477 2073 κολάσεως,
501 2038 626 2077 θορύὸους
643 2040 789 2077 ἐμποιοῦσα
815 2040 847 2078 τῇ

80 2086 169 2125 ψυχῇ,
183 2085 261 2124 ζόφου
271 2085 409 2124 πληροῦσα
422 2084 470 2120 τὴν
482 2084 606 2120 διάνοιαν,
620 2084 789 2124 αἰχμάλωτον
801 2096 849 2114 κα-

81 2132 197 2160 θιεῖ-αἶσα
217 2130 308 2166 αὐτὴν,
329 2130 428 2171 μυρίων
442 2130 536 2163 αὐτοὺς
553 2131 714 2169 ἐμπιπλῶσα
729 2130 846 2169 νοσημά-

922 422 1002 462 parit.
1018 425 1053 451 At
1068 423 1109 452 illi
1131 423 1200 452 nihil
1221 423 1318 452 horum
1334 424 1525 460 observabant,
1539 424 1668 465 volupta-

922 474 975 497 tem
994 468 1096 507 ubique
1112 475 1311 509 persequentes,
1323 476 1350 499 et
1374 480 1459 508 usque
1479 469 1514 499 ad
1529 481 1667 510 vesperam

919 521 1064 545 manentes.
1094 517 1202 545 Vinum
1225 518 1303 545 enim
1326 517 1484 546 succendet
1508 527 1566 546 eos.
1593 517 1669 546 Talis

919 561 1020 601 quippe
1043 569 1082 591 est
1103 562 1240 591 ebrietatis
1262 569 1525 602 naturazprogressa
1540 570 1665 603 augetur,

919 613 945 635 et
958 607 1109 646 graviorem
1122 608 1195 637 sitim
1206 609 1314 638 excitat.
1331 608 1435 638 Deinde
1447 608 1522 638 aliud
1545 619 1597 638 non
1615 610 1666 638 mi-

918 662 969 682 nus
984 653 1073 693 priore
1088 653 1188 683 crimen
1202 653 1296 694 objicit
1316 653 1408 684 dicens
1425 665 1431 681 x
1447 655 1526 683 Nam
1544 665 1608 684 cum
1628 657 1667 684 ci-

918 699 1005 728 thara
1015 706 1044 729 et
1050 700 1201 740 psalterio,
1210 707 1238 729 et
1253 702 1405 740 tympanis
1418 705 1446 729 et
1467 702 1546 730 tibiis
1560 702 1665 731 vinum

918 746 1027 776 bibunt.
1050 747 1124 776 Hanc
1148 747 1361 776 criminationem
1385 747 1487 787 profert
1513 747 1581 777 alter
1602 758 1664 788 pro-

915 791 996 831 pheta
1022 791 1114 822 dicens
1130 803 1136 820 :
1156 793 1214 832 Qui
1238 795 1340 822 bibunt
1352 793 1527 834 desa-catum
1546 795 1663 831 vinum,
1675 806 1753 829 Amos.
1763 806 1819 830 615,

914 843 943 866 et
953 840 1055 877 prImis
1064 841 1219 879 unguentis
1230 841 1323 876 uncti,
1335 840 1543 880 qui-plaudunt
1557 841 1598 869 ad
1614 851 1664 870 vo-
1675 837 1698 859 ⁵·

92 887 227 927 χριόμενοι
237 909 245 923 ,
258 887 305 917 ¹³01
328 890 479 928 κροτοῦντες
502 887 567 927 πρὸς
583 887 631 923 τὴν
644 886 733 928 φωνὴν
749 888 801 915 τῶν
815 888 860 926 ὀρ-
878 893 895 917 a
914 893 977 913 cem
993 895 1179 925 organorum.
1203 887 1296 923 Quasi
1315 887 1424 915 stantia
1443 892 1661 925 reputaverunt,

913 936 941 958 et
950 941 1009 960 non
1031 932 1281 973 quasifugientia.
1305 931 1415 962 Etenim
1440 938 1566 961 extremae
1586 933 1659 962 stoli-

912 976 1004 1007 ditatis
1023 978 1132 1016 signum
1153 984 1193 1007 est
1204 1000 1211 1013 ‚
1243 978 1379 1016 animique
1404 978 1530 1007 dissoluti
1549 978 1662 1008 domum

911 1033 987 1051 suam
997 1022 1026 1052 in
1039 1023 1173 1051 theatrum
1182 1030 1330 1059 vertere‚et
1341 1023 1499 1063 hujusmodi
1510 1024 1620 1054 canticis
1632 1036 1661 1055 se

910 1067 1019 1098 dedere.
1031 1067 1114 1105 Quod
1124 1074 1152 1097 et
1172 1069 1286 1099 ebrietas
1300 1069 1364 1099 facit
1378 1070 1493 1100 tenebris
1505 1070 1659 1108 offundens‚

910 1112 961 1142 hoc
973 1120 999 1143 et
1011 1113 1112 1143 musica
1127 1121 1255 1153 operatur
1266 1115 1390 1154 vigorem
1401 1115 1499 1145 mentis
1506 1116 1657 1151 emolliens,

909 1159 1048 1200 roburque
1057 1160 1140 1190 animi
1153 1161 1288 1200 frangens,
1301 1168 1326 1190 et
1347 1161 1381 1190 ad
1395 1162 1524 1202 majorem
1538 1162 1659 1193 alliciens

909 1204 1059 1235 lasciviam.
1078 1206 1173 1244 Opera
1187 1212 1284 1236 autem
1303 1207 1361 1236 Dei
1373 1218 1432 1236 non
1448 1209 1617 1247 respiciunt,
1629 1217 1658 1239 et

909 1261 996 1290 opera
1012 1262 1152 1282 manuum
1169 1254 1231 1292 ejus
1246 1263 1305 1281 non
1315 1253 1515 1283 considerant.
1532 1254 1585 1285 Vel
1608 1255 1658 1284 mi-

908 1297 998 1326 racula
1025 1296 1083 1337 ejus
1105 1297 1182 1335 dicit,
1203 1298 1247 1329 vel
1266 1306 1367 1328 naturae
1391 1300 1655 1340 contemplationem.

913 1343 1057 1379 Quomodo
1077 1351 1167 1373 autem
1190 1344 1293 1384 possint
1305 1345 1404 1375 horum
1417 1352 1578 1385 spectatores
1588 1357 1656 1383 esse,

912 1400 973 1419 cum
996 1389 1069 1419 diem
1083 1391 1110 1420 in
1130 1398 1235 1421 noctem
1253 1399 1368 1428 vertant,
1384 1399 1466 1422 noctu
1485 1403 1549 1422 vero
1569 1394 1656 1423 nihilo

909 1435 1005 1464 melius
1015 1435 1069 1466 sint
1085 1437 1185 1474 affecti,
1197 1448 1281 1476 quam
1294 1437 1414 1467 mortui?
1427 1438 1565 1476 quomodo
1584 1446 1657 1480 pote-

908 1488 972 1510 runt
978 1481 1061 1511 solem
1074 1483 1203 1512 orientem
1213 1483 1315 1520 videre,
1327 1480 1384 1513 caeIi
1396 1484 1580 1524 splendentem
1594 1485 1654 1526 pul-

908 1528 1100 1567 chritudinem,
1110 1540 1274 1570 vespereque
1285 1530 1391 1561 varium
1412 1531 1494 1561 illum
1515 1533 1654 1563 stellarum

908 1575 1033 1613 chorum,
1059 1583 1266 1616 caeterarumque
1285 1584 1471 1607 creaturarum
1496 1578 1617 1608 ordinem
1628 1586 1655 1609 et

908 1621 1095 1660 ministerium,
1118 1623 1297 1652 exterioribus
1317 1623 1543 1663 interioribusque
1567 1626 1654 1656 oculis

910 1668 1030 1707 privati?
1044 1670 1104 1699 Non
1122 1680 1218 1710 parum
1233 1679 1296 1709 ergo
1309 1670 1337 1699 in
1351 1670 1403 1699 hoc
1422 1670 1479 1700 laesi
1493 1678 1565 1706 sunt,
1578 1672 1652 1711 quod

869 1720 887 1743 B
906 1724 1054 1753 numquam
1066 1715 1237 1755 contemplati
1250 1715 1301 1745 Dei
1322 1715 1458 1745 mirabilia
1481 1728 1517 1746 ex
1529 1717 1581 1746 hac
1597 1718 1651 1748 vita

904 1759 1053 1796 discedant,
1070 1771 1131 1789 cum
1151 1761 1224 1790 omni
1247 1768 1367 1801 tempore
1380 1761 1516 1791 ebrietatis
1536 1764 1651 1794 tenebris

904 1806 995 1836 obruti
1017 1807 1124 1836 fuerint.
1145 1808 1193 1837 15.
1212 1809 1309 1847 Igitur
1334 1809 1466 1847 captivus
1481 1809 1582 1848 factus
1607 1817 1650 1840 est

901 1852 1027 1891 populus
1050 1863 1141 1889 meus,
1157 1863 1191 1882 eo
1214 1853 1294 1894 quod
1306 1864 1366 1883 non
1380 1856 1567 1893 cognoverint
1586 1856 1649 1885 Do-

903 1899 1024 1928 minum.
1039 1899 1145 1928 Rursus
1155 1898 1228 1938 quod
1240 1898 1362 1928 futurum
1373 1906 1429 1928 erat
1442 1906 1472 1929 ut
1482 1901 1647 1941 praeteritum

901 1943 1050 1980 annuntiat,
1061 1950 1087 1974 et
1106 1954 1212 1984 poenam
1234 1943 1313 1974 infert
1335 1944 1434 1974 delicto
1456 1945 1532 1975 huic.
1553 1946 1646 1986 Siqui-

901 1989 962 2020 dem
976 1990 1020 2020 vel
1034 1990 1092 2030 ipsa
1110 1990 1224 2020 ebrietas
1245 1990 1361 2030 quodvis
1388 1991 1554 2032 supplicium
1572 2003 1645 2022 exae-

900 2043 975 2076 quat,
987 2037 1135 2066 tumultum
1153 2037 1180 2067 in
1196 2037 1285 2066 anima
1302 2036 1421 2077 pariens,
1434 2038 1549 2078 ealigine
1568 2049 1643 2068 meu-

900 2089 954 2112 tem
973 2082 1089 2123 replens,
1112 2082 1245 2123 captivam
1272 2083 1357 2123 ipsam
1378 2084 1552 2122 constituens,
1565 2084 1646 2114 innu-

901 2129 981 2159 meris
1001 2129 1063 2159 illos
1082 2129 1194 2160 interius
1214 2137 1239 2159 et
1257 2130 1374 2159 exterius
1395 2130 1511 2160 obruens
1531 2132 1642 2161 morbis.

81 2187 142 2211 των,
153 2178 206 2205 τῶν
217 2176 326 2212 ἔνδοθεν,
334 2178 386 2206 τῶν
399 2176 500 2210 ἔξωθεν.
511 2171 575 2205 Οἶδε
585 2178 663 2205 τοῦτο
673 2176 718 2205 καὶ
732 2177 846 2214 Παῦλος,
864 2174 881 2197 (ἶ
901 2176 958 2205 Hoc
971 2183 1082 2213 noverat
1099 2175 1212 2212 Paulus,
1227 2186 1322 2216 nempe
1336 2176 1438 2206 malitia
1465 2188 1514 2216 pro
1539 2178 1643 2217 suppli-

81 2220 121 2250 ὅτι
133 2222 215 2251 κακία
234 2223 292 2252 ἀντὶ
303 2222 430 2262 τιμωρίας
443 2221 544 2262 γίνεται
556 2234 563 2240 ·
578 2221 618 2252 διό
632 2234 697 2261 φησι
708 2234 715 2240 ·
732 2223 785 2252 Καὶ
797 2223 846 2260 τὴν

114 2307 125 2318 ⁸
142 2302 222 2333 Σίκιμα
228 2300 359 2332 &Jews-250&
369 2312 420 2335 φησι
431 2307 475 2327 τῶν
487 2303 589 2334 φοινίκων
598 2304 636 2326 τὸν
648 2304 714 2326 bnon:
725 2301 830 2324 ssceram

80 2343 162 2362 aulem
180 2337 222 2361 hic
239 2343 316 2362 vocat
331 2338 474 2372 palmarum
490 2347 599 2365 succum.
618 2337 756 2370 Singularis
767 2345 834 2364 certe

81 2377 150 2401 vocis
169 2381 245 2412 σίκερα
263 2377 444 2410 interpretatio.
458 2378 539 2403 Nemo
552 2376 644 2410 quippe
663 2378 751 2408 nescit,
768 2376 834 2403 hane

79 2424 168 2441 vocem
180 2414 330 2441 Hebraicam
341 2412 408 2441 esse-z
424 2424 455 2441 ex
472 2423 540 2451 ‘1230
557 2417 675 2440 nimirum
692 2425 834 2448 expressum

79 2465 116 2485 est
127 2464 213 2495 σίκερα,
222 2461 309 2484 cicera.
318 2458 448 2493 Significat
455 2465 541 2484 nutem
551 2467 626 2484 omne
639 2459 748 2491 potionis
758 2467 834 2492 genus

78 2498 218 2524 inebriandi
224 2498 274 2524 vim
280 2498 384 2531 habena;
393 2497 458 2523 unde
466 2507 481 2524 a
489 2500 583 2524 eaeteris
592 2497 770 2531 interpretibus
775 2497 832 2523 red-

78 2537 146 2563 ditur
164 2542 279 2572 μίθυσμα,
292 2538 406 2563 ebriam.
418 2538 558 2572 Hesychius
572 2539 762 2571 interpretatur,
777 2540 833 2568 οἶνος

83 2581 196 2610 συμμιγεὶς
203 2580 320 2609 ἡδύσμασι,
329 2578 416 2601 vinum
424 2577 586 2602 condimentis
593 2578 833 2610 mixtumffempom

899 2225 941 2255 cio
963 2236 1036 2264 esse3
1050 2225 1111 2255 ideo
1124 2226 1162 2256 ait
1178 2238 1184 2254 :
1199 2227 1240 2256 Et
1266 2227 1435 2264 mercedem,
1447 2238 1536 2267 quam
1555 2239 1642 2268 opor-
1654 2227 1744 2251 Roma.
1754 2235 1794 2258 ²7-

882 2302 988 2328 sortasse
998 2302 1187 2337 Chrysostomi‚
1202 2302 1283 2335 liquor
1297 2312 1328 2328 ex
1339 2303 1479 2336 palmarum
1492 2314 1567 2330 succo
1579 2314 1641 2331 eou-

882 2341 971 2374 fectus,
982 2346 1059 2377 σίκερα
1071 2341 1218 2367 vocabatur.
1230 2342 1293 2366 Eam
1303 2343 1394 2375 quippe
1408 2341 1639 2376 interpretationem

882 2381 963 2413 ipsum
971 2389 1022 2406 esse
1035 2386 1209 2405 commentum
1223 2389 1274 2406 non
1288 2380 1438 2413 putaverim,

915 2421 929 2440 b
947 2421 978 2444 Iu
990 2418 1076 2444 Bibliis
1088 2419 1177 2453 legitur
1194 2423 1214 2446 οὶ
1233 2423 1405 2454 ἐπικρατοῦντες
1417 2425 1473 2455 πρὸς
1488 2425 1528 2451 τὴν
1550 2428 1638 2455 φωνήνῑ

882 2458 1001 2492 locusque
1011 2458 1053 2483 hic
1063 2459 1151 2484 Amosi
1163 2459 1274 2484 inversus
1284 2457 1396 2490 affertur,
1407 2461 1443 2483 uti
1451 2467 1524 2492 supra
1536 2459 1641 2486 ‹liceba-

881 2506 945 2525 mus,

914 2545 924 2556 ¹·
942 2537 1003 2569 Reg.
1020 2540 1046 2562 τὸ
1057 2539 1163 2566 ἀθέατον,
1175 2533 1304 2560 mendose.
