1890 2826
535 201 579 224 DE
605 197 870 223 PROPnr-:rtanum
898 196 1142 228 onscuntTitTt-t.
1172 197 1206 219 ΙΙ.

89 269 167 297 Λοντα
181 262 399 305 προαναφωνήσῃ.
422 261 575 302 Προφητεία
590 261 617 290 δὲ
637 260 698 290 ὅταν
713 260 854 289 amomu-

89 312 191 351 σμένως
207 309 334 348 λέγηται,
354 307 421 346 μετὰ
439 306 487 343 τὴν
502 309 554 336 τῶν
568 305 733 345 πραγμάτων
747 304 855 334 ἔκὸασιν

88 357 188 396 γίνεται
201 352 368 394 σαφεστέρα,
383 352 435 392 πρὸ
458 352 485 382 δὲ
505 354 553 388 τῆς
571 352 704 384 ἐκόάσεως
724 351 854 388 οὐδαμῶς.

87 403 185 438 Ὥστε,
212 399 303 435 ἐπειδὴ
327 398 386 428 τότε
410 398 459 438 μὲν
479 397 584 438 ἕλε’γετο
609 395 837 435 συνεσκιασμένως
846 417 854 430 ,

88 449 176 488 ἀσαφῆ
192 442 224 483 ἦν
232 458 239 464 ·
251 445 294 475 ὅτε
312 444 339 474 δὲ
352 444 482 482 eaedem
493 443 527 474 τὰ
545 443 692 484 πράγματα
701 463 710 478 ,
724 442 768 472 διὰ
778 444 856 471 τοῦτο

88 492 236 533 σαφέστερα
259 487 292 527 ἦν
315 490 350 520 τὰ
367 490 507 530 λεγόμενα.
529 488 584 519 Καὶ
606 489 650 519 ἵνα
671 488 792 528 μάθητε,
815 486 856 516 ὅτι

87 537 250 578 προφητεία,
271 536 321 566 κᾶν
343 535 395 575 πρὸ
414 536 514 565 πολλοῦ
536 534 648 575 λέγηται
671 536 717 563 τοῦ
739 532 834 574 χρόνου
846 554 855 570 ,

88 582 321 622 συνεσκιασμένως.
328 581 355 612 δὲ
368 581 488 621 λέγηται,
499 580 668 621 ἀσαφεστέρα
678 579 780 620 γίνεται
791 580 856 608 ἀνα-

89 630 204 669 μένουσα
221 629 271 665 τὴν
283 629 315 658 ἐκ
326 629 378 657 τῶν
392 626 557 667 πραγμάτων
570 626 689 661 ἔκὸασιν,
703 626 750 655 ἀπ’
770 626 856 653 αὐτῶν

87 677 140 704 τῶν
162 676 285 714 μαθητῶν
307 674 369 712 ὑμῖν
389 675 467 702 τοῦτο
487 671 591 708 ποιήσω
610 670 730 712 φανερόν.
750 669 857 700 Λύσατε

87 721 131 750 τὸν
150 721 212 750 ναὸν
234 724 342 753 τοῦτον,
362 723 416 752 τοῖς
430 718 566 752 Ἰουδαίοις
587 718 676 757 ἔλεγεν
695 719 710 746 ὁ
730 716 854 757 Χριστός.

88 766 199 802 Ἐπειδὴ
216 766 267 805 γὰρ
287 765 380 794 ἐδίωκε
393 763 453 797 τοὺς
467 763 510 793 διὰ
528 766 575 800 τῆς
592 762 739 800 καπηλείας
758 763 795 795 εἰς
811 761 857 791 τὸν

89 812 149 842 ναὸν
162 811 356 852 ἐνυόρίζοντας,
370 809 490 849 λέγωσιν
502 811 597 839 ἐκεῖνοι
609 820 616 828 ·
630 808 667 838 Τί
679 812 788 847 σημεῖον
803 807 857 836 δει-

89 857 174 892 κνύεις
186 860 260 896 ἡμῖν,
270 857 312 886 ὅτι
325 858 409 886 ταῦτα
424 859 521 890 ποιεῖςς
539 854 593 885 Καὶ
606 854 672 894 πρὸς
685 853 763 883 τοῦτό
776 864 841 893 φησι
850 864 856 872 ·

88 903 195 933 Λύσατε
207 902 252 932 τὸν
265 902 326 932 ναὸν
339 904 442 938 τοῦτον,
456 901 501 930 καὶ
517 901 544 930 ἐν
553 900 639 940 τρισὶν
653 899 766 940 ἡμέραις
775 901 857 939 ἐγερῶ

89 949 176 979 αὐτόν.
189 950 304 981 Ἐκεῖνος
324 947 352 978 δὲ
365 947 440 987 ἔλεγε
461 946 522 987 περὶ
535 949 581 975 τοῦ
595 949 658 976 ναοῦ
673 949 720 976 τοῦ
734 946 858 985 σῴματος

89 995 180 1024 αὐτοῦ.
197 995 285 1025 Τοῦτο
300 992 448 1034 προφητεία
459 992 499 1026 τίς
511 993 582 1022 ἔστιν
591 1003 599 1011 ·
612 991 686 1022 οὔπω
698 991 750 1032 γὰρ
764 988 797 1028 ἦν
810 993 857 1021 ἐκ-

89 1039 210 1076 ὅεὸηκὼς
227 1041 242 1069 ὁ
265 1039 391 1079 σταυρὸς,
413 1038 472 1068 οὐδὲ
485 1040 502 1074 ἡ
516 1037 591 1078 λύσις
605 1040 651 1067 τοῦ
664 1041 727 1067 ναοῦ
736 1060 744 1075 ,
765 1036 825 1066 οὐδὲ
839 1039 857 1072 ἡ

88 1086 229 1126 τριήμερος
247 1085 406 1119 ἀνάστασις,
429 1083 462 1119 ἣν
482 1082 560 1116 αὖτὸς
575 1082 728 1118 ἐποιήσατο.
743 1083 796 1112 Καὶ
811 1082 859 1122 ὅρα

89 1133 146 1165 πῶς
166 1131 201 1161 τὰ
219 1130 355 1171 ἀμφότερα
376 1129 444 1168 μετὰ
458 1129 593 1169 ἀκριὸείας
613 1128 720 1168 ᾐνίξατο
726 1150 735 1165 ,
749 1129 795 1158 καὶ
810 1129 859 1165 τὴν

90 1177 191 1216 τόλμαν
204 1176 253 1212 τὴν
271 1176 386 1210 ἐκείνων,
400 1174 446 1204 καὶ
458 1174 508 1211 τὴν
521 1174 620 1204 οἰκείαν
638 1175 718 1204 αὐτοῦ
737 1174 859 1213 δύναμιν.

93 1223 165 1252 Ἀλλ’
185 1223 256 1261 ὅμως
269 1223 318 1251 οὐκ
339 1220 449 1261 ᾔδεισαν
464 1220 499 1249 τὰ
518 1220 659 1259 λεγόμενα.
679 1220 733 1250 Καὶ
758 1219 789 1249 τὸ
813 1220 861 1259 μὲν

92 1267 233 1301 Ἰουδαίους
246 1268 346 1306 ἀγνοεῖν
359 1289 368 1303 ,
390 1265 464 1296 οὐδὲν
485 1265 635 1304 θαυμαστόν
647 1277 654 1284 ·
674 1265 747 1305 λέγει
761 1265 788 1295 δὲ
798 1286 806 1301 ,
820 1265 862 1294 ὅτι

92 1315 153 1343 οὐδὲ
165 1315 189 1344 οἱ
203 1312 319 1352 μαθηταὶ
337 1313 416 1342 αὐτοῦ
438 1313 566 1347 συνῆκαν,
584 1311 632 1344 ἕως
648 1311 744 1348 ἀνέστη
761 1312 792 1340 ἐκ
808 1312 861 1340 τῶν

91 1361 205 1400 νεκρῶν·
231 1358 286 1389 Καὶ
309 1358 368 1388 τότε
394 1357 551 1387 ἐπίστευσαν
572 1359 606 1395 τῇ
626 1358 736 1398 Γραφῇ,
757 1357 803 1388 καὶ
822 1359 860 1397 τῷ

88 1406 170 1447 λόγῳ,
182 1401 206 1445 ᾧ
219 1400 291 1435 εἶπεν
301 1406 317 1434 ὁ
330 1403 442 1440 Ἰησοῦς.

130 1497 213 1538 Ὁρᾷς
225 1495 266 1527 ὅτι
285 1495 430 1532 ἐδεήθησαν
442 1498 490 1532 τῆς
509 1496 553 1526 διὰ
567 1496 620 1525 τῶν
634 1495 800 1536 πραγμάτων
813 1496 859 1525 ἐκ-

89 1543 202 1580 θέσεως,
215 1542 258 1572 ἵνα
271 1541 420 1582 σαφεστέρα
433 1541 542 1581 γένηται
554 1543 572 1577 ἡ
586 1541 742 1581 προφητεία,
756 1541 802 1571 καὶ
819 1541 860 1571 ὅτι

92 1590 214 1628 ἔγκλημα
228 1589 277 1618 οὐκ
287 1583 358 1627 εἶχον
369 1589 394 1617 οἱ
404 1587 528 1617 Ἰουδαῖοι
540 1586 577 1626 μὴ
593 1586 723 1620 συνιέντες
736 1586 783 1620 τὰς
794 1597 861 1626 προ-

93 1634 200 1674 φητείας
212 1633 313 1666 ἐκείνας
324 1633 372 1666 τὰς
385 1632 446 1672 περὶ
458 1633 573 1672 Χριστοῦ
594 1632 646 1671 πρὸ
658 1633 707 1667 τῆς
722 1634 769 1660 τοῦ
790 1633 860 1672 Χρι-

91 1682 156 1709 στοῦ
175 1678 337 1718 παρουσίας;
357 1679 400 1716 Τῇ
421 1677 472 1717 γὰρ
494 1677 627 1717 παρουσίᾳ
648 1678 728 1712 δῆλαι
751 1676 860 1715 ἔμελλον

93 1726 209 1764 γίνεσθαι
222 1725 267 1754 καὶ
280 1727 381 1763 σαφεῖς.
393 1722 516 1752 Ἄκουσον
528 1723 607 1752 αὗτοῦ
628 1725 674 1752 τοῦ
688 1723 804 1762 Χριστοῦ
817 1723 861 1752 λε’-

92 1782 181 1810 γοντος
191 1782 197 1789 ·
212 1771 246 1800 Εἰ
259 1769 297 1808 μὴ
309 1765 397 1805 ἦλθον,
419 1768 464 1798 καὶ
476 1767 594 1803 ἐλάλησα
607 1768 695 1800 αὐτοῖς
705 1790 713 1804 ,
729 1768 861 1807 ἁμαρτίαν

93 1818 141 1847 οὐκ
154 1812 234 1856 εἶχον.
244 1815 296 1845 Διὰ
306 1814 332 1844 τί
341 1816 388 1844 οὐκ
398 1809 469 1854 εἶχον
478 1813 620 1853 ἁμαρτίαν,
633 1815 656 1843 εἷ
666 1815 694 1842 αἱ
704 1818 862 1854 προφητεῖαι

93 1863 250 1903 προέλεγον;
263 1861 327 1891 Ὅτι
345 1861 486 1900 προέλεγον
506 1859 563 1898 μὲν,
581 1860 629 1888 οὐκ
639 1854 708 1895 ἦσαν
721 1859 748 1889 δὲ
762 1864 862 1900 σαφεῖς,

93 1907 151 1938 οὐδὲ
172 1908 249 1943 δῆλαι
262 1906 314 1946 πρὸ
331 1908 379 1941 τῆς
393 1905 537 1945 παρουσίας
551 1907 596 1934 τοῦ
610 1904 813 1944 προλεγομένου.
827 1907 862 1935 Εἰ

92 1954 143 1993 γὰρ
156 1954 201 1983 καὶ
211 1953 270 1982 τότε
284 1955 376 1992 σαφεῖς
390 1947 457 1987 ἦσαν
471 1952 559 1984 αὐτοῖς
570 1949 615 1980 καὶ
629 1951 716 1986 δῆλαι,
731 1951 809 1983 δῆλον
821 1951 861 1981 ὅτι

93 1999 138 2030 καὶ
151 1999 204 2039 πρὸ
219 2001 268 2035 τῆς
287 1997 431 2038 παρουσίας
449 1999 529 2026 αὐτοῦ
543 1996 675 2035 ἁμαρτίαν
689 1991 760 2035 εἶχον
769 2008 775 2014 ·
791 1998 815 2026 εἰ
834 1997 861 2026 δὲ

93 2045 224 2086 ἁμαρτίαν
248 2046 296 2074 οὔκ
316 2039 398 2084 εἶχον,
419 2043 528 2078 εὔδηλον
543 2043 584 2071 ὅτι
604 2041 649 2071 διὰ
671 2041 720 2077 τὴν
735 2042 862 2083 ἀσάφειαν

93 2093 180 2121 αὐτῶν
193 2091 239 2121 καὶ
257 2091 287 2120 τὸ
301 2089 486 2120 συνεσκιάσθαι
507 2088 541 2117 τὰ
560 2087 698 2126 λεγόμενα.
719 2088 791 2118 Οὐδὲ
810 2088 861 2129 γὰρ

94 2139 242 2176 ἀπῃτοῦντο
248 2136 294 2173 τὴν
304 2137 341 2169 εἷς
348 2135 394 2165 τὸν
404 2133 517 2174 Χριστὸν
526 2133 616 2163 πίστιν
625 2133 677 2173 πρὸ
688 2135 735 2169 τῆς
744 2137 790 2163 τοῦ
798 2135 863 2174 Χρι-

94 2186 157 2212 στοῦ
163 2181 396 2222 παρουσίας.Τίνος
407 2176 450 2210 οὖν
463 2180 549 2209 ἕνεκεν
558 2178 715 2219 προελέγετο
724 2179 792 2217 τότε;
800 2180 848 2210 Ἵν’
854 2204 861 2217 ,

1583 195 1654 230 209

874 261 892 284 B
910 257 1018 298 phetiae,
1033 268 1085 288 non
1100 265 1131 287 ut
1144 268 1186 287 res
1198 263 1340 298 praesentes
1350 255 1501 293 denuntiet,
1510 256 1557 285 sed
1570 262 1600 285 nt
1613 256 1653 284 fu-

909 310 982 332 turas
1005 304 1173 343 praenuntiet.
1194 303 1340 343 Prophetia
1364 312 1447 342 porro
1463 312 1528 331 cum
1550 301 1654 331 occulte
1706 311 1708 313 ·

909 351 1013 390 prolata
1026 351 1117 387 suerit,
1131 358 1192 391 post
1200 360 1291 380 rerum
1298 356 1423 379 eventum
1433 348 1464 378 fit
1476 348 1652 383 manifestior,

908 402 969 425 ante
982 403 1108 426 eventum
1128 406 1192 427 vero
1208 395 1328 425 minime.
1344 396 1438 433 Itaque
1455 393 1519 432 quia
1531 400 1590 422 tum
1603 394 1653 422 ob-

908 452 986 472 scure
1012 442 1183 478 dicebantur,
1206 441 1303 481 ignotae
1324 447 1401 470 erant
1412 452 1421 470 t
1432 450 1495 470 cum
1507 446 1596 468 autem
1612 449 1654 467 res

908 487 1083 527 contigerant,
1097 493 1237 527 propterea
1254 486 1393 516 manifesta
1406 493 1491 522 erant,
1503 496 1564 524 quae
1583 484 1654 514 dicta

908 533 1023 563 fuerant.
1049 535 1137 572 Atque
1164 541 1193 563 ut
1215 534 1385 574 prophetiam
1409 532 1577 572 intelligatis,
1591 531 1655 561 licet

909 579 995 609 multo
1015 587 1076 609 ante
1094 586 1215 620 tempore
1233 579 1306 609 dicta
1324 581 1370 617 sit,
1381 579 1429 610 sed
1443 586 1530 608 tamen
1551 578 1656 608 occulte

910 624 995 663 dieta,
1007 625 1149 655 obscuram
1163 636 1230 663 esse,
1253 637 1284 655 ac
1303 637 1394 656 rerum
1414 631 1540 656 eventum
1557 634 1655 664 exspe-

909 678 991 708 ctare,
1005 670 1204 711 discipulorum
1219 671 1341 711 ipsorum
1352 670 1382 701 id
1394 670 1519 711 exemplo
1531 679 1655 709 compro·

874 725 893 747 t:
908 717 990 747 babo.
1003 717 1114 747 Solvite
1128 718 1267 757 templum
1278 719 1345 754 hoc,
1358 717 1446 747 aiebat
1463 715 1589 747 Christus
1603 716 1654 745 Ju-
1666 727 1762 748 Jonmz.
1771 732 1806 754 .9‚

910 763 986 793 dieis.
997 765 1066 794 Nam
1076 774 1137 793 cum
1152 773 1197 793 eos
1210 763 1340 803 ejecisset,
1352 763 1400 802 qui
1414 762 1593 803 negotiatione
1607 772 1656 791 sua

910 809 1007 849 templi
1020 809 1185 839 sanctitatem
1193 809 1335 844 violamnt,
1346 809 1475 838 dixerunt
1490 809 1532 838 illi
1547 821 1554 837 ε
1571 808 1657 846 Quod
1668 799 1728 841 md,
1743 828 1762 840 ψ,
1771 818 1805 840 18.

910 858 1026 895 signum
1045 855 1175 884 ostendis
1191 856 1287 891 nobis,
1302 856 1374 895 quia
1392 855 1455 884 haec
1466 855 1572 896 sacis?
1584 854 1657 883 Tum

910 898 946 928 ad
959 899 1010 929 hoc
1024 895 1166 939 respondet
1179 911 1186 927 ι
1207 899 1317 928 Solvite
1331 899 1470 938 templum
1492 899 1559 935 hoc,
1571 904 1600 927 et
1623 899 1657 926 in
1667 906 1726 928 ιωιι,
1735 915 1755 928 v.
1768 913 1807 929 ει.

911 945 1002 974 tribus
1016 945 1117 974 diebus
1125 946 1260 975 excitabo
1268 945 1354 974 illud.
1368 945 1428 974 Ille
1437 951 1534 974 autem
1542 944 1658 973 dicebat

911 991 949 1020 de
973 990 1079 1030 templo
1093 992 1221 1030 corporis
1246 994 1303 1020 sui.
1316 991 1374 1020 Hoc
1401 996 1490 1019 autem
1515 989 1657 1030 prophetia

911 1036 1034 1075 quaedam
1048 1043 1088 1066 est
1101 1048 1107 1065 =
1131 1036 1251 1066 nondum
1265 1036 1366 1076 quippe
1377 1046 1446 1065 crux
1461 1042 1597 1073 evenerat,
1611 1045 1657 1065 ne-

913 1093 965 1122 que
978 1083 1072 1122 templi
1086 1083 1197 1118 solutio,
1213 1092 1299 1122 neque
1318 1088 1378 1122 post
1395 1089 1448 1111 tres
1461 1081 1519 1111 dies
1540 1090 1658 1111 resurre-

912 1128 976 1165 ctio,
987 1138 1070 1167 quam
1079 1128 1136 1168 ipse
1148 1128 1220 1158 fecit.
1233 1129 1272 1157 Ae
1279 1127 1342 1157 vide
1352 1138 1434 1166 quam
1443 1134 1535 1157 exacte
1546 1134 1659 1166 utraque

913 1174 1071 1213 designarit,
1097 1181 1122 1203 et
1149 1173 1262 1203 illorum
1285 1172 1376 1202 audax
1398 1173 1512 1210 facinus,
1533 1180 1559 1202 et
1582 1184 1659 1203 suam

879 1228 897 1250 n
913 1219 1000 1259 ipsius
1017 1220 1156 1250 virtutem.
1171 1221 1232 1250 Non
1252 1226 1340 1249 tamen
1363 1230 1394 1249 ea
1418 1231 1478 1259 quat=
1498 1220 1660 1250 dicebantur

913 1272 1088 1304 agnoverunt.
1101 1267 1139 1295 Ac
1147 1267 1166 1296 J
1168 1265 1258 1295 udaeos
1268 1265 1377 1304 quidem
1392 1265 1538 1306 ignorasse,
1549 1266 1660 1296 minime

913 1311 1014 1340 mirum
1027 1322 1034 1339 :
1046 1317 1074 1340 at
1086 1321 1120 1341 ne
1132 1311 1282 1351 discipulos
1299 1311 1409 1350 quidem
1425 1312 1483 1351 ejus
1496 1312 1659 1342 intellexisse

912 1355 989 1392 dicit,
1017 1367 1156 1396 quousque
1169 1367 1185 1386 a
1209 1357 1323 1386 mortuis
1350 1358 1497 1387 resurrexit
1512 1381 1520 1395 ‚
1548 1365 1659 1398 tumque

914 1403 1105 1433 erediderunt
1127 1403 1283 1443 Scripturoe
1307 1413 1344 1432 ac
1356 1406 1494 1442 sermoni,
1510 1415 1597 1445 quem
1610 1406 1657 1435 di·
1669 1416 1759 1439 Ibi11.v.
1771 1422 1808 1438 22.

912 1450 956 1478 xit
970 1450 1071 1478 lesus.

951 1496 982 1524 2.
997 1494 1085 1526 Vides
1098 1501 1195 1525 eventu
1209 1495 1272 1526 illos
1286 1496 1434 1537 indiguisse
1451 1509 1553 1537 rerum,
1569 1506 1599 1529 ut
1611 1499 1658 1529 di-

912 1540 1029 1571 lucidior
1035 1541 1110 1571 fieret
1120 1543 1272 1582 prophetia,
1279 1553 1366 1582 neque
1375 1544 1484 1574 crimini
1498 1546 1657 1576 vertendum

911 1586 994 1616 fuisse
1014 1587 1128 1625 Judaeis,
1148 1588 1221 1627 quod
1235 1589 1390 1630 prophetias
1412 1591 1474 1620 illas
1489 1592 1523 1621 de
1546 1593 1658 1622 Clu-isto

913 1641 973 1663 aute
984 1634 1086 1664 Christi
1108 1634 1254 1665 adventum
1269 1647 1322 1666 non
1335 1637 1540 1676 intelligerent?
1562 1641 1657 1679 Siqui-

912 1679 974 1709 dem
987 1691 1035 1720 per
1058 1680 1116 1720 ejus
1138 1681 1283 1712 adventum
1296 1683 1376 1712 clara:
1399 1684 1541 1714 reddendae
1553 1686 1658 1716 fuerant

912 1732 938 1754 et
951 1732 1057 1765 apertae.
1072 1725 1145 1755 Audi
1159 1727 1298 1757 Christum
1311 1723 1511 1760 hoc‘dicentem
1530 1743 1536 1759 τ
1553 1732 1584 1761 Si
1598 1743 1658 1761 non
1667 1743 1737 1763 Jmm.
1754 1741 1790 1762 15.

912 1772 1069 1807 venissem,
1082 1777 1111 1799 et
1125 1772 1264 1811 loquutus
1280 1773 1412 1814 fuissem
1430 1777 1482 1812 eis,
1504 1778 1706 1815 peccatum-²¹·

878 1818 898 1841 E
915 1826 974 1844 non
987 1817 1138 1846 haberent.
1152 1818 1243 1854 Quare
1255 1826 1394 1859 peccatum
1408 1830 1461 1851 non
1475 1822 1620 1861 habebant,
1634 1826 1657 1854 si

913 1861 1059 1902 prophetiae
1083 1862 1287 1902 praedixerant?
1305 1865 1374 1902 Quia
1390 1866 1571 1906 praedjxerant
1593 1871 1656 1909 qui·

913 1907 986 1943 dem,
1000 1907 1048 1937 sed
1060 1908 1205 1938 manifestae
1219 1919 1272 1938 non
1286 1918 1361 1940 erant
1374 1921 1459 1951 neque
1466 1910 1544 1943 clara:
1558 1922 1619 1945 ante
1625 1915 1659 1945 il-

914 1952 967 1982 lius
979 1952 1126 1983 adventum
1139 1954 1187 1992 qui
1200 1955 1344 1994 praedictus
1367 1957 1463 1988 fuerat.
1480 1960 1548 1989 Nam
1561 1960 1585 1989 si
1600 1967 1658 1991 tum

913 2008 1020 2037 quoque
1031 1998 1175 2028 manifestae
1187 1999 1243 2030 illis
1256 2007 1283 2030 et
1295 2001 1374 2031 clarae
1385 2003 1507 2042 fuissent,
1523 2006 1597 2035 haud
1608 2006 1659 2037 du-

913 2044 990 2073 bium
1003 2044 1070 2082 quin
1083 2044 1164 2074 etiam
1173 2052 1234 2075 ante
1247 2046 1333 2086 ipsius
1355 2048 1501 2080 adventum
1519 2059 1657 2091 peccatum

915 2089 1069 2119 habuissent
1084 2100 1091 2116 ι
1106 2091 1180 2129 quod
1193 2091 1216 2121 si
1225 2099 1421 2132 peccatnmnon
1433 2095 1595 2135 habuerunt,
1608 2099 1659 2128 du-

914 2135 992 2164 bium
1009 2145 1061 2164 non
1076 2142 1126 2172 est,
1139 2137 1206 2176 quin
1224 2145 1333 2178 propter
1353 2150 1444 2170 earum
1458 2142 1657 2180 obscuritatem,

915 2188 941 2210 et
954 2181 1082 2219 quoniam
1102 2182 1204 2213 obtecta
1218 2184 1323 2214 fuerant
1334 2196 1395 2224 quae
1417 2186 1586 2219 dicebantur.
1603 2192 1659 2220 Ne-

95 2230 158 2259 ὅταν
177 2228 372 2268 παραγένηται,
393 2226 492 2256 οἴκοθεν
514 2226 596 2265 ἔχωσι
614 2225 674 2259 τοὺς
691 2226 862 2259 διδασκάλους
872 2247 909 2266 18³
915 2237 968 2265 que
980 2227 1051 2257 enim
1062 2234 1122 2258 ante
1136 2228 1235 2259 Christi
1245 2229 1391 2261 adventum
1402 2232 1468 2262 fides
1482 2234 1508 2263 in
1518 2236 1659 2266 Christum

94 2274 232 2313 ἐνάγοντας
254 2272 360 2307 αὐτοὺς,
380 2272 425 2301 καὶ
445 2272 549 2300 εἰδῶσιν
562 2271 603 2300 ὅτι
617 2272 646 2300 οὖ
661 2271 815 2309 καινοτομία
828 2274 862 2300 τὰ

94 2320 233 2359 γινόμενα,
246 2317 305 2348 οὐδὲ
319 2317 467 2357 πρόσφατος
480 2319 498 2352 ἡ
519 2316 671 2355 οἰκονομία,
690 2317 749 2345 ἀλλ’
765 2316 861 2346 ἄνωθεν

94 2368 179 2395 ταῦτα
199 2364 244 2394 καὶ
265 2363 317 2404 πρὸ
329 2363 434 2392 πολλῶν
448 2362 691 2402 προανεκηρύττετο
700 2362 801 2401 χρόνων
811 2374 817 2381 ·
833 2364 861 2392 οὐ

96 2411 189 2451 μικρὸν
199 2411 226 2440 δὲ
240 2412 318 2439 τοῦτο
330 2410 367 2442 εἷς
379 2408 409 2437 τὸ
425 2407 622 2437 ἐπισπάσασθαι
633 2407 699 2447 πρὸς
711 2407 759 2443 τὴν
773 2408 863 2438 πίστιν

95 2457 198 2491 αὐτούς.
220 2456 278 2485 Μία
302 2455 349 2494 μὲν
371 2450 414 2484 οὖν
435 2453 501 2489 αὕτη
522 2456 569 2489 τ’ἧς
584 2454 709 2494 ἀσαφείας
724 2454 809 2490 αἰτία,
831 2455 863 2491 ἣν

95 2503 140 2532 καὶ
159 2502 201 2531 διὰ
216 2501 341 2531 πλειόνων
354 2499 527 2538 ἀπεδείξαμεν
546 2502 697 2539 μαρτυριῶν
711 2501 738 2528 ἐν
752 2501 785 2539 τῇ
798 2512 862 2540 προ-

96 2547 159 2588 τέρα
179 2547 299 2581 διαλέξει.
314 2546 361 2575 Ἵν’
375 2541 419 2574 οῦν
434 2544 472 2583 μὴ
487 2545 566 2575 πάλιν
580 2546 648 2583 ὑμᾶς
666 2546 816 2586 ἐνοχλῶμεν
829 2547 863 2577 τὰ

97 2593 163 2622 αὐτὰ
188 2593 308 2631 λέγοντες
317 2614 325 2628 ,
340 2592 482 2629 ἀναγκαῖον
505 2589 552 2629 μὲν
576 2589 673 2625 ταύτης
696 2592 862 2629 ἀποστῆναι,

880 2275 901 2298 Δ
916 2273 950 2302 ab
970 2273 1026 2303 illis
1049 2274 1216 2314 exigebatur.
1232 2275 1290 2306 Cur
1307 2277 1397 2317 itaque
1409 2286 1467 2309 tum
1493 2282 1661 2321 praediceba-

916 2325 961 2349 tur
973 2319 987 2348 Ρ
1001 2320 1040 2349 Ut
1052 2330 1114 2349 cum
1127 2321 1288 2358 advenisset,
1303 2323 1463 2356 domesticos
1476 2328 1597 2358 doctores
1609 2330 1659 2358 ha-

915 2365 1008 2395 berent
1018 2376 1033 2395 a
1046 2367 1146 2405 quihus
1160 2367 1346 2406 incitarentur,
1366 2378 1391 2400 et
1412 2372 1590 2412 intelligerent
1604 2386 1661 2404 rem

916 2421 1014 2440 novam
1028 2422 1080 2441 non
1093 2423 1150 2442 esse
1164 2424 1223 2452 quae
1237 2415 1409 2453 gerebantur,
1426 2428 1511 2456 neque
1531 2427 1661 2450 recentem

916 2455 1153 2496 dispensationem,
1169 2459 1217 2489 sed
1235 2459 1291 2489 haec
1305 2461 1370 2490 olim
1384 2470 1409 2492 et
1422 2470 1482 2492 ante
1496 2465 1595 2494 multos
1608 2477 1662 2495 an-

918 2513 966 2532 nos
977 2503 1059 2532 fuisse
1082 2505 1259 2544 praenuntiata
1276 2517 1282 2533 :
1299 2506 1328 2535 id
1340 2508 1412 2546 quod
1427 2518 1478 2537 non
1493 2509 1663 2542 mediocriter

916 2549 1003 2578 valuit
1015 2549 1050 2579 ad
1075 2550 1136 2579 illos
1159 2550 1195 2580 ad
1218 2552 1299 2581 fidem
1313 2553 1481 2583 alliciendos.
1497 2556 1561 2584 Haec
1580 2557 1664 2596 igitur

920 2605 971 2623 una
982 2602 1022 2624 est
1033 2606 1110 2625 causa
1125 2596 1394 2636 obscuritatis‚quam
1403 2599 1529 2638 pluribus
1542 2603 1663 2633 testimo-
