1890 2826
204 184 274 228 424

408 315 521 343 Esmus,
533 316 615 334 LtBEu
628 316 749 335 Fuluus.

245 399 346 430 Esdras
356 405 468 429 vocatur
480 398 525 427 hic
538 397 619 434 liber,
642 397 704 437 quia
723 396 780 437 ipse
789 395 891 426 Esdras
904 405 947 424 sa-

204 445 298 476 cerdos
321 456 383 474 cum
403 451 470 474 esset
490 451 516 474 et
540 444 634 481 lector,
650 450 798 473 enarratae
820 441 947 472 describit

206 492 320 522 reditum
335 492 455 520 filiorum
468 491 551 520 Israe'l
565 502 599 520 ex
612 489 721 521 Perside
744 490 772 519 in
786 488 946 519 Jerusalem.

207 538 270 567 Fuit
280 545 369 567 antem
382 537 483 566 reditus
497 537 586 577 primo
607 535 717 576 quidem
732 546 767 565 cx
783 536 861 575 jussu
882 533 947 573 Cyri

205 591 230 612 et
250 583 326 613 Darii
353 593 447 623 regum
468 583 496 612 in
520 593 600 612 manu
622 584 687 613 Jesu
714 582 764 611 filii
788 579 901 611 Josedec
921 586 949 609 et

206 628 300 658 Esdrae
318 636 397 668 atque
417 628 601 666 zorobabelis,
621 628 668 668 qui
690 627 760 657 circa
776 625 949 665 quaestionem

205 675 350 715 quamdam
365 676 569 713 contendebant,
579 676 646 705 sacta
659 674 844 715 promissione,
861 679 888 701 ut
901 673 950 711 qui

206 723 325 752 vinceret
335 733 351 751 a
360 733 422 762 rege
430 721 564 761 quidquid
574 721 656 752 vellet
669 727 777 761 peteret.
793 722 865 749 Cum
880 729 950 748 nnus

207 779 270 808 ergo
290 768 403 798 dixisset
413 768 508 798 fortius
520 779 577 798 esse
597 768 709 805 vinum3
725 767 792 796 alter
813 766 948 796 fortiorem

207 825 263 844 esse
272 825 372 855 regem,
380 814 533 845 'Zorobabel
541 813 678 843 contendit
688 813 810 842 fortiores
821 822 877 841 esse
889 822 950 840 mu-

207 860 295 897 lieres,
310 861 503 900 veritatemque
521 870 602 900 super
615 859 704 888 omnia
725 858 866 887 excellere.
889 858 952 886 Haec

207 907 269 946 quia
282 908 410 946 loquutus
418 906 578 943 ZorobabeL
588 906 675 935 victor
682 905 780 935 evasit:
790 915 852 933 cum
859 904 952 943 jussus

207 961 275 983 esset
288 961 378 994 petere
387 954 460 993 quod
473 953 566 988 vellet,
580 952 657 992 petiit
669 958 698 980 ut
711 950 852 991 captivitas
863 950 951 979 solve-

207 1007 292 1037 retur,
307 1008 334 1030 et
347 1000 497 1031 Jerusalem
511 999 699 1029 aedificaretur.
713 999 799 1036 Atque
814 997 850 1026 ita
864 1003 894 1026 ut
907 1007 954 1036 pe—

208 1046 250 1075 tiit
262 1047 362 1076 sactum
385 1053 442 1083 est,
455 1045 620 1084 dimissaque
641 1051 680 1073 est
697 1043 850 1083 captivitas.
875 1043 954 1071 Tunc

207 1093 279 1121 enim
306 1092 434 1132 temporis
461 1091 600 1132 adimpleti
623 1097 698 1119 erant
718 1089 883 1129 septuaginta
907 1089 952 1117 irae

208 1139 282 1167 anni.
301 1140 369 1168 Sunt
383 1139 471 1177 itaque
484 1138 526 1167 illi
540 1138 587 1177 qui
600 1137 633 1166 de
657 1136 811 1176 captivitate
824 1135 953 1164 ascende-

209 1191 272 1213 runt
291 1184 325 1213 de
347 1184 418 1214 Juda
444 1191 469 1213 et
493 1183 644 1223 Benjamin,
667 1193 698 1211 ac
715 1182 827 1217 Levitae,
842 1191 953 1210 numero

209 1229 384 1269 quadraginta
391 1229 447 1258 duo
456 1229 553 1265 millia,
565 1228 627 1267 equi
636 1227 744 1256 trecenti
755 1227 877 1266 triginta,
885 1227 953 1256 muli

209 1276 320 1322 ducentiy
327 1275 501 1315 quadraginta
509 1275 641 1314 quinque,
659 1273 753 1303 cameli
764 1273 954 1312 quadringenti

209 1321 318 1361 triginta
336 1321 465 1360 quinque,
484 1320 554 1350 servi
577 1330 671 1349 eorum
685 1327 711 1349 et
731 1319 835 1348 ancillae
854 1326 955 1358 septem

209 1367 295 1398 millia
314 1367 423 1396 trecenti
440 1366 549 1406 triginta
562 1372 688 1405 quatuor,
702 1372 822 1394 cantores
833 1363 952 1403 ducenti,

210 1413 277 1442 asini
290 1424 337 1443 sex
356 1414 432 1442 mille
448 1412 606 1453 septingenti
624 1419 650 1441 et
667 1411 775 1451 viginti.
796 1410 852 1447 Qui
870 1410 955 1439 aedifi-

210 1460 306 1490 cabant
316 1466 404 1489 autem
414 1466 489 1488 crant
502 1458 651 1489 zorobabel
665 1465 691 1486 et
703 1459 781 1488 Jesns
794 1456 868 1486 filius
877 1458 953 1487 Jose-

210 1506 260 1535 dec
278 1513 304 1535 et
317 1506 453 1535 Neeniias.
473 1505 574 1535 Esdras
587 1515 651 1534 vero
676 1515 738 1533 cum
763 1510 831 1532 esset
854 1503 882 1532 in
896 1503 956 1543 lege

210 1552 322 1592 peritus,
344 1553 430 1592 legem
450 1551 562 1591 protulit
583 1558 662 1590 atque
675 1550 751 1590 legit,
764 1549 955 1590 constituitque

210 1605 305 1628 cuncta
330 1598 365 1628 ad
388 1598 519 1638 templum
538 1604 564 1626 et
591 1597 626 1626 ad
650 1596 758 1626 Levitas
781 1595 952 1635 pertinentia.

209 1646 271 1685 Ipse
284 1646 370 1685 legem
394 1644 530 1682 ostendit3
546 1643 651 1674 curavit
675 1642 836 1682 alienigenas
858 1653 955 1672 uxores

210 1691 290 1732 abjici
303 1691 337 1720 ab
349 1691 392 1726 iis,
400 1690 446 1729 qui
459 1700 503 1719 eas
514 1696 633 1729 tempore
641 1687 805 1729 captivitatis
812 1687 955 1717 duxerant.

211 1739 372 1778 Abjecerunt
383 1744 472 1766 autem
486 1746 588 1772 omnes,
603 1742 629 1765 et
645 1734 767 1764 mundati
788 1741 862 1770 sunt,
876 1741 901 1763 et
911 1745 955 1763 ce-

211 1784 325 1814 lebravit
340 1783 439 1823 pascha
451 1781 599 1812 secuudum
607 1782 705 1820 legem,
718 1787 747 1810 ut
760 1780 891 1820 scriptum
903 1787 953 1815 est,

210 1840 311 1859 necnon
326 1829 472 1870 jejunium,
490 1827 563 1857 etsie
573 1826 724 1856 absolvitur
737 1826 842 1866 primus
855 1825 957 1855 Esdras

212 1876 290 1905 liber.

412 1971 558 1991 SECUNDUS
570 1970 652 1989 Lim-:n
666 1969 774 1989 ESDRAE.

250 2056 281 2084 ln
303 2055 354 2083 hoc
376 2054 447 2082 libro
473 2052 566 2082 eadem
587 2053 643 2092 ipsa
669 2063 729 2092 quae
747 2053 774 2082 in
788 2053 876 2093 primo
889 2053 956 2084 dicit

212 2100 313 2130 Esdras
324 2100 359 2128 de
372 2099 470 2135 reditu,
491 2098 524 2127 iis
538 2098 664 2138 exceptis,
679 2109 739 2137 quae
758 2099 955 2138 problematum

210 2157 286 2176 more
293 2146 364 2176 dicta
372 2147 486 2175 fuerant.
504 2145 585 2174 Plura
596 2155 660 2174 vero
671 2144 704 2173 de
714 2145 823 2174 Neemia
832 2147 955 2176 eunucho

209 2200 310 2228 narrat,
331 2192 404 2231 quod
421 2192 478 2232 ipse
490 2191 582 2230 templi
605 2190 807 2220 aedificationem
830 2192 935 2231 petierit
944 2205 953 2230 3

209 2245 235 2267 et
246 2238 380 2277 quomodo
394 2238 496 2267 Esdras
510 2236 620 2275 quidem
636 2237 746 2275 legeret,
762 2238 840 2266 Jesus
851 2249 916 2267 vero
929 2246 956 2267 et

549 192 578 215 S.
607 192 747 215 JoANMs
773 191 956 215 CHRYSOST.
981 189 1136 212 Aucnmt‘.
1163 186 1438 211 CONSTANTINOP-

1188 325 1199 337 ,
1238 309 1249 320 =
1267 308 1366 327 ΕΣΔΡΛΣ
1384 306 1489 326 mimum
1503 299 1534 325 α’.

1042 392 1159 432 Ἔσδρας
1172 393 1292 422 καλεῖται
1302 392 1333 421 τὸ
1345 391 1456 431 βιὸλίον,
1467 390 1557 427 ἐπειδὴ
1569 390 1645 424 αὐτὸς
1654 390 1772 430 Ἔσδρας

1001 438 1085 479 ἱερεὺς
1106 438 1143 468 ὢν
1157 438 1202 468 καὶ
1223 437 1409 477 ἀναγνώστης,
1423 436 1555 476 ἐξηγεῖται
1568 436 1613 466 καὶ
1627 435 1771 476 συγγράφει

1000 485 1048 522 τὴν
1063 485 1189 514 ἐπάνοδον
1203 486 1255 514 τῶν
1270 485 1334 513 υἱῶν
1348 483 1459 524 Ἰσραὴλ
1480 485 1511 513 ἐκ
1525 483 1654 523 Περσίδος
1668 484 1705 516 εἷς
1722 481 1772 517 τὴν

1001 530 1178 571 Ἰερουσαλὴμ
1199 531 1352 570 γενομένην.
1370 530 1466 570 Γέγονε
1487 530 1514 560 δὲ
1528 533 1545 566 ἡ
1560 530 1685 563 ἐπάνοδος
1705 541 1774 570 προ-

1001 577 1083 618 τέρως
1106 578 1153 617 μὲν
1169 579 1199 607 ἔκ
1211 581 1258 607 τοῦ
1271 576 1490 617 προστάγματος,
1500 576 1616 607 “’ἔπειτα
1636 577 1663 606 δὲ
1681 575 1774 606 κελεύ-

1002 636 1094 657 σαντος
1116 624 1204 664 Κύρου
1230 623 1276 653 καὶ
1299 623 1411 663 Δαρείου
1433 625 1486 652 τῶν
1507 623 1637 663 βασιλέων
1657 625 1684 652 ἐν
1703 621 1774 663 χειρὶ

1002 672 1090 706 Ἰησοῦ
1104 673 1149 700 τοῦ
1164 670 1302 707 Ἰωσεδὲκ,
1317 669 1363 698 καὶ
1375 668 1480 709 Ἐσδρα
1500 669 1545 698 καὶ
1564 668 1732 709 Ζοροὸἄὸελ,
1750 667 1775 698 οἳ

1001 717 1096 757 ἤρισαν
1119 717 1307 757 προὸλήμασι,
1328 715 1446 752 τεθείσης
1470 715 1645 755 ἐπαγγελίας,
1667 715 1774 750 αἰτῆσαι

1002 763 1047 792 τὸν
1071 765 1185 792 νικῶντα
1207 762 1272 802 ὅπερ
1286 762 1331 791 ἐὰν
1355 761 1453 802 θελήσῃ
1476 761 1549 801 παρὰ
1568 763 1614 791 τοῦ
1637 759 1774 801 βασιλέως.
1795 799 1803 807 Ι

968 818 987 840 Β
1004 810 1060 838 Tot.
1070 809 1155 838 τοίνυν
1170 809 1226 842 ἑνὸς
1240 809 1356 842 εἰπόντος
1366 813 1441 849 νικᾷν
1454 807 1498 837 τὸν
1513 803 1590 845 οἶνον,
1605 806 1650 837 καὶ
1663 810 1708 836 τοῦ
1721 806 1775 836 ἑτέ,

1005 867 1048 895 ρου
1064 855 1180 888 εἰπόντος
1195 860 1269 894 νικᾷν
1290 854 1334 883 τὸν
1351 854 1479 894 βασιλέα,
1497 857 1510 884 ὁ
1533 853 1686 894 Ζοροὸάὸελ
1703 849 1775 882 εἶπεν

1002 907 1078 941 νικᾷν
1090 901 1136 935 τὰς
1149 905 1284 940 γυναῖκας,
1299 901 1365 941 ὑπὲρ
1377 901 1404 931 δὲ
1415 900 1502 931 πάντα
1514 900 1563 936 τὴν
1575 900 1709 936 ἀλήθειαν.
1723 899 1776 929 Καὶ

1003 947 1094 983 ἐπειδὴ
1107 949 1191 976 ταῦτα
1210 946 1322 987 εἰρηκὼς
1335 946 1456 983 νενίκηκε
1467 970 1474 983 ,
1491 946 1536 976 καὶ
1551 946 1647 982 ἤκουσε
1662 945 1776 981 αἰτήσα-

1003 995 1063 1022 σθαι
1078 992 1092 1022 8
1107 992 1246 1032 βούλεται,
1259 992 1355 1028 ἠξίωσε
1373 993 1451 1026 αὖτὸς
1464 995 1592 1033 ἀφεθῆναι
1606 991 1654 1028 τὴν
1674 993 1775 1032 αἰχμα-

1002 1038 1112 1074 λωσίαν,
1124 1038 1170 1068 καὶ
1184 1039 1388 1077 οἰκοδομηθῆναι
1401 1038 1449 1075 τὴν
1464 1038 1649 1079 Ἰερουσαλήμ.
1664 1038 1717 1068 Καὶ
1729 1037 1775 1077 γε’-

1003 1095 1078 1124 γονεν
1090 1086 1125 1117 ὡς
1138 1083 1244 1120 ἠξίωσε,
1258 1084 1303 1114 καὶ
1318 1084 1411 1125 ἀφείθη
1427 1087 1443 1120 ἡ
1456 1084 1636 1125 αἷχμαλωσία.
1642 1084 1712 1113 Τότε
1725 1083 1776 1123 γὰρ

1004 1130 1146 1171 ἐπληρώθη
1160 1130 1206 1160 καὶ
1224 1129 1258 1159 τὰ
1271 1134 1282 1147 ”“
1293 1130 1324 1160 ο’.
1343 1130 1390 1166 ἔτη
1404 1132 1452 1166 τῆς
1473 1130 1637 1170 ὀργῆς.Ἐῖσὶ
1651 1129 1777 1159 τοίνυν·οῑ

1005 1176 1148 1209 ἀναὸάντες
1168 1176 1221 1206 ἀπὸ
1234 1178 1283 1211 ἰ-’ὶὶς
1301 1176 1486 1217 αἰχμαλωσίας
1500 1176 1553 1206 ἀπὸ
1564 1176 1651 1206 Ἰούδα
1664 1175 1710 1205 καὶ
1724 1177 1776 1205 Βε-

1004 1222 1102 1261 νιαμὶν,
1115 1222 1159 1252 καὶ
1174 1224 1197 1252 οἱ
1213 1224 1337 1260 Λευῖται,
1351 1223 1396 1252 τὸν
1416 1222 1525 1264 ἀριθμὸν
1543 1213 1667 1263 μυριάδες
1684 1222 1715 1251 δ’.
1730 1221 1775 1251 καὶ

972 1260 990 1283 G
1007 1268 1145 1308 δισχίλιοι,
1159 1268 1238 1298 ἵπποι
1251 1268 1317 1305 τλ’.,
1339 1269 1443 1308 ἡμίονοι
1463 1268 1546 1308 σμε’.,
1563 1269 1680 1308 κάμηλοι
1699 1268 1778 1302 υλε’.,

1005 1315 1096 1347 παῖδες
1109 1315 1195 1343 αὐτῶν
1205 1314 1250 1344 καὶ
1258 1314 1395 1344 παιδίσκαι
1405 1314 1507 1355 ,ζτλδ’.,
1517 1317 1541 1345 οἱ
1551 1315 1657 1351 ᾄδοντες
1668 1314 1712 1350 σ’.,
1723 1314 1778 1343 ὄνοι

1006 1359 1097 1400 ,ςψκ’.,
1110 1361 1155 1389 καὶ
1167 1361 1191 1389 οἱ
1207 1359 1255 1398 μὲν
1268 1361 1464 1400 οἰκοδομοῦντες
1475 1357 1542 1397 ἦσαν
1557 1360 1721 1401 Ζοροὸάὸελ,
1732 1359 1778 1389 καὶ

1007 1407 1108 1442 Ἰησοῦς
1125 1409 1139 1436 ὁ
1153 1410 1199 1436 τοῦ
1213 1407 1354 1443 Ἰωσεδὲκ,
1371 1407 1417 1436 καὶ
1432 1407 1557 1446 Νεεμίας.
1572 1406 1607 1436 Ὁ
1622 1406 1650 1436 δὲ
1661 1405 1778 1446 Ἔσδρας

1006 1452 1102 1492 εὐφυὴς
1117 1454 1143 1482 ἐν
1162 1455 1200 1493 τῷ
1222 1453 1312 1493 νόμῳ,
1331 1451 1407 1486 αὐτὸς
1428 1451 1605 1492 προσεκόμισε
1621 1452 1665 1481 τὸν
1679 1452 1758 1491 νόμον
1769 1474 1777 1487 ,

1007 1498 1052 1527 καὶ
1073 1498 1181 1538 ἀνέγνω,
1202 1498 1247 1528 καὶ
1271 1497 1417 1528 διετύπωσε
1440 1498 1528 1528 πάντα
1549 1497 1583 1527 τὰ
1600 1497 1670 1527 κατὰ
1689 1498 1719 1528 τὸ
1740 1500 1777 1527 ἱε-

1008 1543 1050 1584 ρὸν
1066 1544 1110 1573 καὶ
1133 1544 1192 1578 τοὺς
1215 1544 1337 1578 Λευίτας.
1363 1544 1449 1578 Αὐτὸς
1470 1543 1550 1578 ἔδειξε
1566 1543 1611 1573 τὸν
1625 1543 1713 1585 νόμον,
1733 1544 1779 1573 καὶ

1007 1590 1136 1626 πεποίηκε
1151 1590 1311 1627 ἐκὸληθῆναι
1334 1589 1382 1623 τὰς
1403 1591 1550 1629 ἀλλογενεῖς
1572 1594 1697 1629 γυναῖκας
1718 1589 1779 1623 τοὺς

1007 1634 1135 1669 λαὸόντας
1159 1637 1186 1664 ἐν
1207 1637 1291 1676 καιρῷ
1311 1638 1358 1671 τῆς
1372 1635 1564 1675 αἰχμαλωσίας.
1584 1636 1637 1665 Καὶ
1657 1635 1779 1670 ἐξέὸαλον

1008 1681 1104 1715 πάντες
1116 1704 1124 1718 ,
1146 1682 1191 1711 καὶ
1212 1681 1433 1721 ἐκαθαρίσθησαν,
1451 1681 1496 1710 καὶ
1510 1680 1619 1717 ἐποίησε
1637 1681 1668 1711 τὸ
1685 1681 1779 1721 πάσχα

975 1738 994 1760 1)
1009 1727 1143 1766 νομίμως,
1157 1729 1192 1761 ὡς
1206 1728 1370 1767 γέγραπται,
1385 1727 1430 1756 καὶ
1442 1727 1491 1763 τὴν
1505 1727 1637 1764 νηστείαν,
1650 1727 1694 1757 καὶ
1710 1727 1780 1757 οὕτω

1009 1775 1154 1804 τελειοῦται
1167 1774 1197 1804 τὸ
1214 1776 1319 1815 πρῶτον
1334 1773 1436 1813 βιὸλίον
1448 1773 1562 1813 Ὶζσδρα.

1263 1974 1362 1994 tiz-trax
1374 1974 1479 1993 ΒΙΒΛιοΝ
1493 1966 1522 1993 6¹.

1048 2053 1097 2082 ’Ev
1111 2052 1195 2093 τούτῳ
1210 2054 1247 2092 τῷ
1263 2053 1360 2093 βιὸλίῳ
1373 2053 1407 2082 τὰ
1424 2053 1492 2082 αὐτὰ
1506 2051 1554 2092 μὲν
1566 2053 1604 2092 τῷ
1617 2051 1715 2092 πρώτῳ
1729 2050 1779 2081 λε’-

1007 2110 1048 2138 γει
1062 2101 1076 2128 ὁ
1086 2098 1203 2138 Ἔσδρας
1217 2098 1277 2139 περὶ
1290 2101 1337 2134 τῆς
1348 2098 1485 2134 ἐπανόδου,
1498 2098 1580 2138 χωρὶς
1593 2100 1645 2128 τῶν
1657 2097 1778 2137 προὸλη-

1008 2144 1111 2174 θέντων.
1127 2145 1181 2174 Καὶ
1193 2145 1225 2174 τὰ
1239 2144 1323 2174 πλείω
1338 2144 1365 2174 δὲ
1379 2145 1511 2184 ἐξηγεῖται
1528 2144 1589 2184 περὶ
1604 2144 1719 2183 Νεεμίου
1732 2146 1778 2173 τοῦ

1008 2190 1132 2231 εὐνούχου
1143 2203 1149 2209 ·
1164 2190 1205 2220 ὅτι
1227 2191 1304 2224 αὐτὸς
1325 2190 1421 2226 ἠξίωσε
1439 2190 1501 2230 περὶ
1514 2192 1561 2226 τῆς
1575 2191 1715 2229 οἰκοδομῆς
1731 2193 1778 2219 τοῦ

1008 2239 1078 2277 ἱεροῦ
1088 2249 1094 2255 ·
1113 2236 1159 2266 καὶ
1179 2236 1219 2266 ὅτι
1233 2236 1281 2275 μὲν
1294 2236 1413 2276 Ἔσδρας
1436 2235 1594 2275 ἀνεγίνωσκε
1605 2259 1613 2273 ,
1634 2236 1736 2272 Ἰησοῦς
1750 2235 1779 2266 δὲ

209 2285 311 2314 Baneas
324 2291 350 2313 et
363 2283 488 2314 Sarahias
497 2282 630 2323 populum
645 2282 791 2311 erudirent.
807 2284 841 2312 Et
854 2284 955 2313 Esdras
974 2290 990 2312 Ε
1007 2283 1051 2312 καὶ
1064 2282 1163 2316 Βανέας
1177 2282 1222 2312 καὶ
1234 2282 1370 2322 Σαραὸίας
1383 2278 1451 2318 ἦσαν
1463 2281 1638 2316 συνετίζοντες
1648 2282 1693 2311 τὸν
1705 2281 1777 2311 λαόν.

209 2330 319 2370 quidem
332 2330 422 2370 legens
431 2329 557 2358 distinxit
570 2329 595 2357 in
604 2328 713 2358 scientia
724 2329 833 2358 Domini
846 2340 852 2355 ε
865 2340 953 2369 popu-

208 2378 252 2406 lus
260 2384 348 2406 autem
358 2375 491 2405 intellexit
498 2375 650 2411 lectionem,
659 2381 685 2404 et
693 2374 838 2404 celebravit
851 2376 947 2414 pascha

209 2431 234 2452 ct
249 2423 364 2463 septimo
379 2431 470 2451 mense
485 2421 547 2450 fecit
559 2420 695 2461 jejunium
710 2427 735 2450 et
753 2421 949 2460 scenopegiam,

1006 2329 1059 2359 Καὶ
1072 2331 1086 2358 ὁ
1105 2329 1152 2368 μὲν
1167 2329 1284 2368 Ἔσδρας
1306 2328 1492 2367 ἀναγινώσκων
1514 2327 1655 2357 διέστειλεν
1673 2329 1700 2357 ἐν
1716 2329 1776 2357 ἐπι-

1007 2375 1096 2415 στήμῃ
1121 2374 1219 2415 Κυρίου
1232 2387 1238 2393 ·
1258 2378 1272 2404 ὃ
1293 2374 1320 2404 δὲ
1335 2374 1398 2408 λαὸς
1412 2376 1509 2410 συνῆκε
1523 2375 1549 2404 ἐν
1567 2376 1600 2414 τῇ
1614 2373 1778 2413 ἀναγνώσει,

1006 2422 1050 2451 καὶ
1062 2422 1170 2459 ἐποίησε
1181 2421 1211 2451 τὸ
1220 2421 1322 2462 πάσχα,
1334 2421 1379 2451 καὶ
1391 2422 1418 2450 ἐν
1430 2423 1468 2461 τῷ
1479 2420 1583 2460 ἑὸδόμῳ
1595 2419 1659 2460 μηνὶ
1669 2419 1779 2456 ἐποίησε

241 2523 251 2533 2³
273 2515 318 2538 liis
336 2512 426 2538 similia
445 2511 522 2537 habet
546 2511 668 2545 Synopsis
688 2510 730 2535 itta
751 2510 816 2535 inter
838 2511 967 2537 Athanasii
1016 2513 1160 2538 canonicos.

207 2560 295 2584 opera:
310 2554 352 2586 qui
365 2561 424 2577 vero
438 2552 533 2584 primus
545 2550 631 2575 Esdrae
642 2549 705 2574 liber
716 2549 757 2574 hic
772 2549 874 2580 dicitur,
887 2556 924 2575 est
940 2551 966 2576 in

208 2591 313 2623 Vulgata
330 2592 424 2621 tertius,
437 2597 462 2615 et
474 2590 506 2615 ad
525 2589 619 2615 calcem
633 2588 769 2614 Bihtiorum
782 2590 877 2622 positus
892 2596 963 2615 extra

1049 2553 1063 2571 b
1081 2553 1140 2576 llaec
1158 2551 1284 2576 tantillum
1297 2552 1397 2576 variant
1411 2550 1436 2576 in
1449 2551 1557 2585 Synopsi
1571 2550 1658 2576 altera.

1046 2599 1056 2610 2·
1076 2590 1157 2616 Altera
1169 2592 1289 2625 Synopsis
1300 2594 1406 2622 ἑξήκοντα
1415 2594 1456 2620 ἔτη
1467 2590 1551 2621 hebet,
1565 2589 1638 2615 male.
