1890 2826
584 219 739 242 SYNOPSIS
765 216 951 240 SCMPTURAE
976 216 1099 239 SACRAE.

67 286 154 326 ἄκρων
165 286 217 314 τῶν
237 284 345 323 ὑψηλῶν
359 283 441 319 ἐστιν,
455 280 496 310 ὅτι
508 280 653 319 τιμιωτέρα
667 279 739 308 ἐστὶν
753 280 834 318 ἀργυ-

69 332 138 372 ρίου,
153 330 198 360 καὶ
216 328 381 369 γνησιωτέρα
394 326 461 366 ὑπὲρ
474 326 581 366 χρυσίον
603 323 838 364 δεδοκιμασμένον,

69 377 114 407 καὶ
132 379 174 407 ὅτι
186 375 276 408 Φόὸος
291 373 390 413 Κυρίου
407 376 480 412 μισεῖ
493 371 610 401 ἀδικίαν.
625 369 694 410 Περὶ
708 372 769 406 τοῦ,
782 367 838 398 Κύ-
856 372 874 394 Β

70 435 123 464 ριος
144 421 231 452 ἔκτισέ
254 433 288 460 με
309 419 395 460 ἀρχὴν
417 419 484 448 ὁδῶν
506 419 585 447 αὐτοῦ
609 418 645 450 εἷς
665 416 730 456 ἔργα
748 417 838 444 αὐτοῦ.

70 468 138 509 Περὶ
151 470 209 504 τοῦ,
223 467 265 496 ὅτι
275 465 311 496 Ἥ
325 464 404 506 σοφία
417 464 572 504 ᾠκοδόμησε
585 465 666 503 ἑαυτῇ
681 457 760 492 οἷκον.
772 459 841 499 Περὶ

71 518 134 551 τοῦ,
152 514 269 554 Ἔλεγχε
284 512 379 552 σοφὸν,
394 510 439 541 καὶ
461 509 595 550 ἀγαπήσει
613 521 653 539 σε.
675 508 741 539 Ἐὰν
765 506 842 547 σοφὸς

72 561 145 601 γένῃ,
160 561 263 599 σεαυτῷ
277 558 336 599 ἔσῃ,
348 558 456 591 καὶτοῖς
466 556 579 592 πλησίον
589 566 635 585 σου
643 567 649 574 ·
661 555 706 585 ἐὰν
723 553 751 583 δὲ
763 552 844 585 κακὸς

73 606 186 646 ἀποὸῇς,
200 605 277 645 μόνος
295 603 434 640 ἀντλήσεις
446 602 481 632 τὰ
499 602 580 632 κακά,
597 601 661 631 Ὅτι
674 599 740 640 γυνὴ
754 599 843 639 ἄφρων

73 652 119 682 καὶ
132 654 256 691 θρασεῖα,
266 649 355 686 ἐνδεὴς
368 651 463 689 ψωμοῦ
476 647 588 688 γίνεται.
605 646 690 677 Πενία
703 646 784 686 ἄνδρα
798 656 845 674 τα-

74 702 172 727 πεινοῖ·
186 696 240 730 υἱὸς
257 695 286 726 δὲ
305 694 512 733 πεπαιδευμένος
533 693 611 733 σοφὸς
633 693 720 722 ἔσται.
742 690 844 729 Μνήμη

75 743 178 773 δικαίου
195 744 253 781 μετ’
275 741 425 781 ἐγκωμίων.
440 740 493 774 “Oc
513 739 652 779 πορεύεται
671 738 776 773 ἁπλῶς,
794 748 844 766 πο-

77 788 180 829 ρεύεται
192 787 336 821 πεποιθώς.
351 787 402 820 ⁶0<
422 787 453 816 ἐκ
470 785 583 826 χειλέων
599 783 725 825 προφέρει
739 782 844 824 σοφίαν,

78 835 167 875 ῥάὸδῳ
175 834 269 863 τύπτει
283 833 366 873 ἄνδρα
379 832 513 872 ἀκάρδιον.
529 830 624 864 “Οδοὺς
637 832 705 866 ζαῆς
718 829 847 870 φυλάσσει

77 880 197 911 παιδεία·
209 879 374 910 καλύπτουσι
388 878 416 908 δὲ
427 878 523 918 ἔχθραν
536 877 615 918 χείλη
631 876 730 906 δίκαια.
743 875 847 915 Ἄφρων
877 892 884 901 ι

78 926 193 968 πράσσει
205 925 288 955 κακά·
303 924 390 964 στόμα
408 924 436 954 δὲ
457 922 559 953 δικαίου
580 922 723 956 ἀποστάζει
746 921 848 962 σοφίαν.

80 971 158 1003 Κατὰ
172 972 369 1010 εἷδωλολατρῶν
378 992 387 1006 ,
401 971 432 999 ἐκ
450 971 551 1010 χρυσοῦ
572 968 617 998 καὶ
638 966 790 1008 ἀργύρου,ἢ
804 966 848 996 λί-

81 1022 142 1053 θων,
149 1017 168 1053 ἣ
178 1017 260 1052 ξύλων
270 1016 385 1046 εἰδώλων
399 1015 432 1052 (1.
443 1015 551 1054 εἴδωλα)
565 1013 849 1052 κατασκευασαμένων.

80 1064 146 1094 Ὅτι
168 1063 226 1093 ἐστὶ
249 1062 367 1102 σωτηρία
389 1061 432 1091 διὰ
451 1061 528 1096 ξύλου
549 1065 605 1094 τοῖς
624 1060 787 1089 πιστεύουσι.
807 1058 852 1088 Τὰ

81 1110 143 1150 περὶ
165 1110 360 1145 εἰδωλοποιῶν,
385 1108 403 1143 ἢ
428 1109 625 1148 ζωγραφοῦντος
650 1106 756 1135 εἴδωλα.
784 1105 852 1144 Περὶ

83 1156 189 1186 πάντων
206 1157 258 1185 τῶν
271 1156 361 1185 κακῶν
373 1156 426 1184 τῶν
445 1155 472 1183 ἐν
485 1152 696 1192 εἰδωλολατρείᾳ.
708 1152 777 1191 Περὶ
791 1153 853 1181 ἀσε-

84 1202 146 1235 ὅοῧς
164 1201 320 1242 θρησκείας,
342 1200 388 1230 καὶ
407 1200 455 1230 ὅσα
479 1201 506 1229 ἐν
530 1200 597 1238 αὐτῇ
621 1198 702 1228 κακά.
723 1198 793 1239 Περὶ
809 1201 855 1227 τοῦ

85 1247 230 1287 κεραμέως,
242 1246 287 1276 καὶ
300 1249 353 1276 τῶν
363 1246 515 1286 κεραμικῶν
527 1244 653 1274 εἰδώλων.
667 1244 736 1284 Περὶ
749 1244 856 1274 πάντων

85 1295 138 1323 τῶν
162 1292 277 1322 εἰδώλων
300 1294 348 1328 τῆς
371 1293 424 1321 τῶν
449 1293 529 1321 ἐθνῶν
553 1290 687 1330 λατρείας.
710 1290 778 1330 Περὶ
803 1292 856 1319 τῶν

85 1339 214 1379 ἐχθίστων
228 1337 316 1373 ζώων,
329 1338 414 1378 ὄφεων
423 1359 431 1373 ,
447 1337 591 1377 αἰλούρων,
604 1337 650 1366 καὶ
673 1339 726 1366 τῶν
747 1336 854 1376 ὁμοίων.

86 1385 153 1415 ’Ότι
166 1384 342 1424 εὐηργέτησεν
355 1386 370 1413 ὁ
382 1384 450 1417 Θεὸς
463 1383 507 1414 τὸν
522 1381 634 1423 Ἰσραὴλ
645 1382 703 1412 ἀντὶ
717 1383 858 1424 βατράχων

88 1431 296 1472 ὀρτυγομήτραν.

326 1766 447 1787 nuova
462 1758 516 1786 ‘ror
541 1767 629 1786 zimx.

134 1847 203 1888 Περὶ
217 1837 298 1887 φόδου
316 1847 405 1882 Θεοῦ,
415 1845 497 1886 *περὶ
515 1848 561 1875 τοῦ
576 1845 613 1885 μὴ
629 1847 790 1884 θυμοῦσθαι,
804 1845 864 1884 περὶ

95 1897 142 1924 τοῦ
155 1895 209 1923 δεῖν
222 1893 304 1933 χωρὶς
317 1891 480 1932 ὕποαρίσεως
490 1891 629 1932 προσιέναι
639 1893 703 1932 Θεῷ
711 1914 719 1927 ,
731 1891 792 1931 περὶ
807 1903 864 1920 πει-

97 1941 205 1981 ρασμῶν
215 1939 261 1969 καὶ
269 1940 414 1977 ὑπομονῆς,
428 1938 490 1978 περὶ
503 1940 583 1977 τιμῆς
594 1940 641 1974 τῆς
654 1939 691 1972 εἷς
704 1937 763 1971 τοὺς
772 1942 864 1977 γονεῖς,
879 1971 884 1974 ,

97 1986 158 2026 περὶ
172 1985 330 2020 ἐπιεικείας,
351 1983 412 2024 περὶ
435 1987 480 2014 τοῦ
495 1984 533 2023 μὴ
556 1985 608 2014 δεῖν
627 1986 714 2021 ζητεῖν
735 1984 866 2023 βαθύτερα

96 2033 150 2061 τῶν
161 2030 406 2071 προστεταγμένων,
419 2029 481 2070 περὶ
496 2029 675 2069 ἐλεημοσύνης
688 2030 733 2059 καὶ
747 2031 866 2070 ὀρφανῶν

99 2077 273 2117 προστασίας.
286 2076 354 2116 Περὶ
375 2076 483 2116 σοφίας,
501 2076 562 2116 περὶ
586 2075 713 2116 αἰσχύνης
737 2075 868 2115 βλαὸερᾶς

99 2123 145 2152 καὶ
159 2123 308 2163 ἐπωφελοῗῐς
318 2134 325 2141 ·
338 2122 426 2151 πολλὰ
436 2121 463 2150 δὲ
479 2122 541 2161 περὶ
554 2123 601 2157 τῆς
616 2121 747 2162 βλαὸερᾶς
758 2122 868 2150 ἐνταῦθα

99 2169 183 2209 λέγει.
198 2169 266 2209 Περὶ
279 2171 326 2198 τοῦ
341 2168 379 2208 μὴ
390 2168 443 2197 δεῖν
461 2167 581 2197 δεδόσθαι
599 2169 637 2207 τῷ
651 2168 724 2207 πόθῳ
736 2169 788 2196 τῶν
801 2178 869 2207 χρη-

102 2215 208 2254 μάτων,
234 2215 302 2254 μηδὲ
323 2214 423 2244 οἴεσθαι
445 2213 595 2253 ἀτιμωρητὶ
620 2213 780 2253 ἁμαρτάνειν
789 2235 797 2249 ,
820 2212 869 2242 κᾶν

102 2260 252 2301 παραυτίκα
268 2260 305 2299 μὴ
321 2261 406 2299 δῶμεν
421 2259 469 2296 τὴν
482 2258 626 2299 τιμωρίαν·
642 2259 808 2299 μακρόθυμος
819 2259 869 2298 γάρ

102 2308 172 2337 ἐστιν
195 2308 210 2336 ὁ
231 2306 314 2340 Θεός·
336 2307 388 2335 δεῖν
414 2306 443 2334 δὲ
467 2303 480 2321 ¹²
494 2304 662 2338 ἐξιλάσασθαι
685 2304 775 2334 αὐτόν.
803 2304 870 2344 Περὶ

103 2353 244 2394 φλυαρίας,
258 2352 319 2392 περὶ
329 2350 521 2390 ὑπερηφανίας,
531 2350 592 2390 περὶ
607 2350 688 2390 φίλων
701 2350 871 2389 δοκιμασίας,

103 2398 165 2439 περὶ
178 2398 312 2435 παιδείας,
323 2397 384 2437 περὶ
405 2395 554 2435 ἀκροάσεως
568 2397 728 2435 ἐπωφελοῦς.
745 2395 812 2435 Περὶ
826 2398 871 2425 τοῦ

106 2445 143 2485 μὴ
156 2444 330 2484 ἁμαρτάνειν,
346 2442 383 2482 μὴ
394 2441 549 2481 ψεύδεσθαι,
565 2440 602 2479 μὴ
616 2441 748 2480 φλυαρεῖν,
763 2441 800 2480 μὴ
815 2442 873 2470 δευ-

106 2493 196 2531 τεροῦν
219 2489 296 2529 λόγον
321 2490 347 2517 ἐν
372 2488 511 2527 προσευχῇ
520 2498 526 2504 ·
550 2485 684 2515 τουτέστιν
696 2509 704 2523 ,
728 2487 756 2516 ἐν
781 2482 818 2520 οἷς
843 2487 873 2516 ἂν

107 2535 212 2576 ὑπόσχῃ
225 2537 288 2574 Θεῷ
299 2557 306 2570 ,
322 2533 358 2572 μὴ
374 2532 485 2571 ὑπέρῡῃ.
503 2531 569 2571 Περὶ
583 2532 719 2570 γυναικὸς,
733 2533 793 2572 περὶ
808 2535 873 2563 οἶκε-

144 2636 151 2644 =·
171 2627 211 2651 Sic
225 2625 273 2649 fere
285 2624 405 2658 Synnpsis
417 2621 551 2647 Athanasio
566 2621 668 2646 tributa.

891 278 1062 314 Dominum,
1085 286 1111 308 et
1118 285 1220 318 potens
1233 281 1298 314 eris,
1315 285 1343 308 et
1365 279 1477 308 custodi
1493 271 1637 308 mandata

892 333 968 360 mea,
978 330 1005 352 et
1017 324 1145 353 describe
1154 325 1210 354 illa
1222 328 1253 354 in
1265 326 1422 355 latitudine
1432 325 1528 354 cordis
1539 327 1590 362 tui,
1603 333 1635 354 ut

894 370 1059 399 custodiant
1066 371 1380 400 teamulierealienaet
1390 371 1636 408 meretrice.Quod
1650 376 1706 405 Cap·
1721 374 1742 397 8,
1767 382 1784 396 ιΔ

894 414 991 446 debeas
1000 418 1146 457 praedicare
1155 418 1309 458 sapientiam
1315 441 1322 455 ,
1330 429 1389 457 quae
1401 418 1428 447 in
1435 417 1548 447 excelsis
1557 417 1637 447 verti·
1648 413 1671 428 ²·

895 464 973 494 cibus
985 471 1035 501 est,
1044 465 1107 503 quia
1119 465 1261 504 pretiosior
1273 472 1311 494 est
1319 474 1438 504 argento,
1452 470 1478 493 et
1487 463 1638 503 generosior
1648 470 1706 493 lma.
1716 479 1735 492 v.
1752 477 1786 492 ιι.

897 521 963 540 auro
974 512 1087 551 probato
1104 523 1110 539 ε
1125 520 1151 542 et
1169 514 1242 552 quod
1254 514 1336 544 timor
1346 515 1457 544 Domini
1470 515 1532 545 odio
1543 514 1640 544 habeat
1652 502 1687 525 ¹³·

897 557 1071 597 injustitiam.
1083 558 1157 588 Illud
1171 558 1246 597 item,
1258 561 1402 590 Dominus
1412 564 1522 592 creavit
1532 570 1577 589 me
1587 561 1640 588 im·-
1649 559 1707 580 Ima.
1720 566 1740 579 V·
1752 564 1790 580 22·

900 606 972 634 tium
983 606 1099 634 viarum
1109 615 1228 641 suarum
1239 607 1271 635 in
1289 617 1376 642 opera
1386 618 1450 637 sua.
1466 608 1534 637 Item
1545 608 1617 637 illud
1628 620 1636 636 .-

898 651 1050 691 Sapientia
1060 652 1216 691 oedificavit
1226 653 1282 681 sibi
1295 653 1424 682 domum.
1439 655 1518 691 Item,
1540 654 1642 694 Argue
1653 653 1710 688 0¹¹J'-
1724 661 1746 684 9-
1760 659 1780 674 ¹·

900 701 1058 739 sapientem
1066 705 1094 728 et
1101 706 1128 729 te
1133 699 1244 738 diliget.
1251 698 1281 728 Si
1287 699 1510 740 sapiensfueris,
1517 702 1642 729 tibimet-
1653 683 1716 737 {22¹1
1727 693 1748 737 {⁴¹
1759 683 1793 736 ᾗ

902 748 958 786 ipsi
966 748 1023 775 eris
1033 753 1060 775 et
1067 747 1208 785 proximis
1220 747 1291 782 ταῖς,
1299 748 1325 775 si
1331 752 1428 775 autem
1433 748 1647 786 improbuseva-

901 793 982 828 seris,
989 792 1069 822 solus
1077 793 1193 821 hmtries
1200 792 1288 821 mala.
1295 792 1502 822 Mulierstulta
1512 790 1648 823 etauda'x
1658 790 1718 812 Μία·
1727 799 1748 811 V·
1760 791 1795 813 ¹3·

902 842 966 869 cibo
978 839 1128 879 indigebit.
1134 839 1298 879 Paupertas
1308 839 1398 868 virum
1406 838 1542 869 humiliat
1551 851 1559 867 .-
1566 840 1647 878 filius
1660 840 1716 870 Cap.
1730 839 1795 871 10.4.

903 891 999 915 autem
1007 884 1169 924 disciplinis
1179 885 1320 914 educatus
1329 886 1444 924 sapiens
1453 887 1517 915 erit.
1531 887 1639 915 Memo-
1655 889 1714 911 lma.
1726 898 1747 911 v.
1759 897 1782 919 7·

903 933 948 961 ria
952 933 1024 971 justi
1033 941 1098 960 cum
1106 929 1253 960 laudibus.
1266 931 1323 969 Qui
1327 931 1462 960 ambulat
1467 932 1647 971 simpliciter,
1658 934 1717 955 lln'd.
1727 942 1749 956 ν·
1759 940 1785 963 9·

905 978 1038 1007 ambulat
1052 977 1240 1015 confidenter.
1259 977 1317 1015 Qui
1325 987 1361 1005 ex
1370 977 1456 1007 labiis
1474 978 1587 1018 profert
1596 989 1646 1008 sa·
1660 977 1747 999 ‘bid-V-
1763 976 1801 999 ¹3·

904 1023 1143 1062 pientiam,virga
1145 1032 1231 1062 percu
1235 1023 1257 1050 ti
1259 1028 1269 1051 t
1277 1023 1376 1051 virum
1382 1022 1468 1052 corde
1472 1023 1640 1054 destitutum
1645 1047 1652 1054 .

908 1069 977 1098 Vias
985 1070 1056 1097 vita?
1063 1068 1188 1097 custodit
1200 1068 1356 1107 disciplina
1360 1080 1372 1103 ;
1384 1074 1484 1108 tegunt
1494 1067 1591 1098 autbm
1599 1071 1652 1098 im·-
1662 1066 1723 1088 lbia.
1733 1074 1752 1088 ”’
1765 1073 1772 1087 ¹
1779 1072 1800 1095 7·

909 1115 1049 1143 micitiam
1058 1113 1140 1142 labia
1145 1114 1235 1153 justa.
1242 1113 1354 1142 Stultus
1361 1120 1507 1152 perpetrat
1516 1115 1596 1144 mala
1601 1129 1613 1151 ;
1621 1126 1652 1145 os
1662 1096 1723 1150 iiiia
1738 1136 1758 1149 v,
1764 1127 1801 1150 23,

909 1166 1006 1189 autem
1012 1161 1084 1198 justi
1090 1159 1186 1188 stillat
1191 1159 1361 1199 sapientiam
1367 1161 1478 1189 ,Contra
1485 1159 1651 1198 idololatras,
1661 1161 1674 1183 3
1682 1167 1688 1181 ¹
1695 1177 1701 1182 ·

909 1205 956 1244 qui
968 1215 1002 1234 ex
1017 1215 1095 1240 auro,
1109 1211 1135 1234 et
1147 1211 1268 1244 argento,
1285 1211 1333 1234 aut
1351 1205 1489 1244 lapidibus
1502 1213 1549 1235 aut
1559 1207 1652 1246 lignis,

910 1250 983 1281 idola
996 1250 1107 1280 faciunt.
1130 1250 1212 1288 Quod
1232 1261 1280 1290 per
1294 1250 1398 1290 lignum
1412 1251 1484 1281 salus
1498 1253 1532 1282 sit
1543 1253 1653 1282 creden-

911 1298 994 1327 tibus.
1012 1297 1090 1327 Circa
1111 1307 1157 1326 eos
1178 1296 1224 1335 qui
1245 1296 1318 1326 idola
1341 1297 1469 1335 conflant,
1485 1305 1511 1327 et
1532 1309 1593 1328 eum
1607 1299 1655 1337 qui

913 1343 986 1373 idola
1002 1343 1100 1383 pingit.
1122 1345 1163 1373 De
1175 1343 1253 1372 malis
1270 1343 1396 1373 omnibus
1414 1355 1462 1384 per
1475 1344 1655 1374 idololatriam

913 1389 1007 1430 partis.
1023 1390 1064 1418 De
1078 1389 1162 1429 impio
1173 1388 1260 1425 cultu,
1281 1396 1307 1418 et
1319 1397 1417 1428 quanta
1432 1390 1459 1419 in
1471 1401 1502 1419 eo
1514 1391 1596 1419 mala.
1612 1391 1653 1420 De

913 1436 1010 1475 figulo,
1025 1443 1052 1465 et
1074 1435 1108 1465 de
1132 1435 1212 1465 idolis
1226 1435 1338 1474 figlinis.
1364 1437 1405 1465 De
1429 1436 1510 1466 idolis
1532 1437 1658 1466 omnibns

914 1492 974 1521 quae
987 1482 1130 1511 coluerunt
1147 1481 1268 1521 gentiles.
1283 1482 1324 1511 De
1338 1482 1516 1512 infestissimis
1531 1482 1657 1511 animali-

914 1529 977 1563 bus,
992 1527 1171 1568 serpentibus,
1181 1527 1289 1563 selibus,
1304 1534 1329 1557 et
1338 1528 1482 1557 similibus.
1493 1528 1574 1566 Quod
1586 1530 1658 1558 Dens

915 1574 1050 1606 beneficus
1057 1574 1150 1603 Israeli
1163 1584 1213 1614 pro
1223 1574 1294 1603 ranis
1306 1574 1357 1614 ipsi
1367 1574 1530 1604 coturnicem
1541 1575 1654 1604 dederit.

1048 1650 1159 1694 Multa,
1184 1663 1216 1686 ut
1238 1664 1320 1696 puto,
1344 1658 1552 1687 desiderantur.

1179 1760 1308 1780 sworsrs
1323 1760 1426 1780 SIRACL

959 1844 1000 1872 De
1011 1842 1106 1872 timore
1119 1843 1180 1878 Dei,
1196 1842 1270 1881 quod
1284 1842 1360 1871 irasci
1374 1852 1426 1871 non
1441 1849 1570 1882 oporteat,
1585 1843 1658 1882 quod

916 1891 973 1921 sine
984 1889 1121 1930 hypocrisi
1133 1889 1313 1919 accedendum
1325 1889 1360 1918 sit
1375 1889 1410 1918 ad
1424 1891 1511 1919 Deum
1527 1901 1534 1918 ε
1551 1889 1585 1919 de
1599 1897 1657 1919 ten-

919 1937 1064 1967 tationibus
1083 1942 1110 1965 et
1122 1935 1156 1965 de
1179 1936 1326 1976 patientia:
1342 1935 1376 1965 de
1397 1936 1552 1976 parentibus
1574 1937 1658 1965 hono-

920 1982 1021 2018 randis,
1040 1981 1074 2011 de
1087 1982 1210 2020 aequitate
1227 1981 1319 2020 :quod
1340 1991 1393 2010 non
1405 1989 1524 2021 oporteat
1545 1993 1662 2020 quaerere

885 2035 903 2058 E
922 2028 1095 2070 profundiora
1110 2028 1155 2065 iis,
1168 2038 1229 2068 quae
1241 2029 1315 2068 jussa
1327 2034 1399 2065 sunt,
1414 2027 1448 2056 de
1461 2028 1626 2068 eleemosyna
1635 2035 1661 2057 ct

921 2074 1090 2115 pupillorum
1113 2074 1270 2113 patrocinio.
1294 2075 1335 2102 De
1357 2073 1497 2113 sapientia,
1514 2073 1547 2103 de
1559 2075 1662 2113 pudore

922 2120 1004 2150 noxio
1017 2126 1042 2148 et
1055 2119 1116 2149 utili
1129 2131 1135 2147 :
1148 2119 1232 2148 multa
1239 2119 1284 2148 hic
1297 2118 1331 2148 de
1344 2119 1426 2150 noxio
1437 2119 1567 2148 edisserit.
1581 2119 1661 2156 Quod

922 2176 974 2195 non
988 2171 1109 2205 oporteat
1121 2163 1254 2194 desiderio
1268 2164 1444 2204 pecuniarum
1456 2175 1483 2193 se
1497 2164 1605 2201 dedere,
1618 2175 1663 2193 ne-

923 2222 975 2250 que
990 2218 1084 2251 putare
1098 2221 1146 2240 nos
1167 2211 1276 2250 impune
1289 2220 1408 2250 peccare,
1424 2210 1527 2238 etiamsi
1540 2221 1592 2239 non
1606 2217 1662 2239 sta-

924 2258 973 2287 tim
986 2267 1078 2297 poenas
1098 2257 1192 2286 demus
1209 2269 1215 2285 :
1229 2256 1332 2296 patiens
1345 2256 1415 2285 enim
1430 2262 1467 2284 cst
1481 2257 1564 2291 Deus,
1580 2267 1662 2295 opor-

925 2310 1013 2345 tetque
1026 2303 1105 2333 illum
1130 2303 1245 2343 placare.
1270 2304 1310 2331 De
1324 2302 1467 2331 verborum
1481 2302 1614 2338 futilitate,
1629 2302 1664 2330 de

926 2349 1062 2390 superbia,
1080 2349 1114 2378 de
1126 2348 1273 2389 probandis
1294 2347 1397 2382 amicis,
1412 2347 1446 2375 de
1462 2347 1616 2386 disciplina,
1630 2347 1664 2375 dc

926 2396 1007 2426 rebus
1030 2396 1143 2425 utilibus
1168 2394 1319 2424 audiendis.
1340 2395 1382 2423 De
1406 2403 1456 2422 non
1470 2393 1613 2431 peccando,
1630 2393 1665 2422 do

928 2452 979 2472 non
993 2441 1156 2475 mentiendo,
1171 2440 1205 2469 de
1216 2440 1340 2469 futilibus
1355 2449 1406 2467 non
1421 2437 1551 2472 dicendis,
1566 2438 1600 2467 de
1612 2449 1664 2467 non

929 2488 1049 2518 iterando
1063 2497 1182 2517 sermone
1191 2487 1218 2515 in
1234 2486 1384 2525 precatione
1391 2496 1399 2521 ;
1416 2483 1443 2512 id
1462 2490 1510 2520 cst,
1526 2494 1585 2522 quse
1602 2495 1664 2524 pro-

930 2535 1033 2563 miseris
1055 2536 1122 2569 Deo,
1138 2543 1169 2561 ne
1181 2532 1298 2560 difien-as.
1315 2532 1354 2559 Dc
1366 2530 1486 2566 muliere,
1502 2529 1536 2559 de
1547 2530 1664 2568 famulis,

948 2626 960 2643 ἲ*
979 2626 986 2656 [
999 2623 1074 2649 Coisl.
1086 2620 1255 2654 ἐξιλάσκεσθαιι]
