1904 2840
721 189 754 213 IN

107 250 175 279 κίαν.
194 250 251 286 Τὴν
266 250 356 289 μέντοι
371 250 456 290 κρίσιν
468 250 498 279 οὖ
512 252 692 290 παραιτοῦμαι
703 261 710 268 ⁴
731 250 820 300 κρῖνόν
838 262 871 288 με

106 288 229 324 δικαίως,
246 289 291 319 καὶ
310 289 417 319 ἀπαίτει
427 289 504 329 λόγον
519 291 572 319 τῶν
583 289 736 329 γινομένων.
758 290 874 330 Εκρίθης

104 328 149 357 ἵνα
169 330 297 368 στεφθῇς,
315 328 420 369 ἐκρίθης
441 329 484 358 ἵνα
504 330 620 379 ἀγασθῇς
635 330 662 358 ἐν
676 329 750 369 πάσῃ
772 331 805 369 τῇ
826 331 871 358 ὑπ’

105 367 224 406 οὐρανόν.
239 368 299 407 Πρὸ
311 371 357 397 τοῦ
379 368 477 402 πάθους
500 380 549 407 μια
573 381 603 398 σε
626 368 711 408 γωνία
731 368 872 408 ἐγνώριζε,

106 406 174 445 μετὰ
186 407 216 436 τὸ
228 406 310 441 πάθος
324 413 398 438 πᾶσα
408 407 531 448 γνωρίσει
549 410 566 444 ἡ
586 410 631 438 ὑπ’
647 408 765 448 οὐρανόν.
779 407 813 438 Ἥ
827 419 872 437 κο-

104 446 170 486 πρία
187 458 233 476 σου
248 447 345 481 παντὸς
365 449 501 487 βασιλικοῦ
523 448 683 487 διαδήματος
701 447 873 487 λαμπροτέρα

103 487 218 554 ἔίοῖῗτῖζὶ
233 486 316 556 32²2
332 487 451 556 {effi
465 486 602 556 τῖἶρῖὲῖἶὶ
617 487 871 565 ἐζῖιῗυὶῧῦλῖξῖωἷῗῗῗ

103 565 270 605 Παράδεισόν
291 538 337 595 σογυ
362 567 476 602 ἐποίησα
499 561 549 602 τὴν
571 567 693 618 κοπρίαν,
718 565 872 606 ἐγεώργησα

103 604 172 673 vrgo}
180 604 325 656 εὖσέξειαν,
339 606 424 674 διι’,ὐτι“)ν
444 606 600 675 ἓπζιουρξνὲἰέί
617 605 871 684 ανέδειλξαοιιᾲὲΕλαὸεὲ

102 655 117 672 τ
173 656 222 673 που
240 656 301 674 ανια
355 658 368 675 ε
386 657 416 675 ου
435 657 471 675 κα
502 658 518 675 τ
618 657 675 681 εια,
768 657 814 675 ανε
836 657 852 674 τ

103 683 190 713 πάντα
211 656 248 717 εἷς
261 684 292 713 τὸ
306 658 453 715 διπλξσιον.
474 657 617 716 Ἓνϊαίἳθιιγ
624 685 709 724 μάθε,
730 690 784 718 πᾶς
798 685 869 725 Χρι-

102 723 220 759 στιανὸς,
230 723 278 760 τὴν
291 724 340 760 σὴν
352 725 446 754 ἐλπίδα
454 748 463 761 ,
473 724 522 762 τὴν
532 724 665 765 ὗπεροχὴν
673 726 722 760 ἰ-ἥς
732 726 779 760 σ’ἥς
790 725 869 764 ἐπαγ-

102 762 202 800 γελίας.
220 764 269 803 Τῷ
290 763 354 793 Ἶὼὸ
366 764 414 803 μὲν
426 764 478 815 γὰρ
490 764 645 794 διπλασίονα
659 763 850 804 ἐπαγγέλλεται
859 787 867 801 ,

102 801 147 830 καὶ
161 802 287 832 διπλάσια
296 803 401 834 δίδωσιν
413 815 419 822 ·
434 806 448 833 ὁ
459 803 487 834 οὲ
500 803 598 843 Σωτὴρ
610 808 663 837 τοῖς
676 804 768 833 ἑαυτοῦ
781 806 868 842 μαθη-

101 845 159 874 ταῖς
173 853 265 882 φησιν·
280 842 332 876 Ὃς
343 844 428 884 ἀφῆκε
442 843 544 883 πατέρα
555 866 563 880 ,
586 843 604 879 ἢ
624 843 693 882 μητέ
711 855 743 879 α,
757 842 774 879 ἢ
787 844 866 873 ἀδελ-

101 880 150 920 φὰς
174 881 261 912 ἕνεκεν
280 883 344 921 ἐμοῦ
353 905 362 917 ,
386 883 644 913 ἑκατονταπλασίονα
666 855 780 923 λξψεται
789 905 798 919 ,
822 883 868 912 καὶ

101 920 170 956 ζωὴν
197 921 300 951 αἰώνιον
322 922 524 962 κληρονομήσει.
549 922 618 952 Ἀλλ’
644 923 728 952 ἐκεῖνο
751 922 866 963 πρόσεχε

100 960 231 999 ἀκριὸὥς,
244 961 314 995 ὅπως
326 961 370 991 τὸν
383 962 431 1001 μὲν
442 962 516 1002 φίλον
531 962 584 1002 ἰδίᾳ
598 963 761 1002 διορθοῦται,
771 962 830 996 τοὺς
839 963 866 992 δὲ

99 998 190 1037 φίλους
202 1003 247 1030 τοῦ
261 1000 325 1030 Ἰὼό
337 1001 441 1041 ἐλέγχει
453 1001 599 1042 παρρησίᾳ.
617 1001 670 1031 Καὶ
694 1001 766 1041 λέγει
780 1003 868 1035 αὐτοῖς

98 1040 113 1066 ὁ
125 1039 207 1072 Θεός·
228 1039 287 1069 Ἵνα
300 1040 326 1070 τ(
339 1041 386 1070 οὒκ
399 1042 546 1077 ἐλαλήσατε
563 1041 628 1081 ὀρθὰ
646 1041 715 1070 κατὰ
728 1043 773 1070 τοῦ
788 1041 865 1081 θερά-

98 1078 192 1112 nond<
205 1091 256 1118 μου
267 1079 346 1116 Ἰώὸ;
361 1078 441 1116 Ἀλλ’,
453 1075 475 1110 33
489 1081 667 1120 δικαιοαρίτα,
679 1080 746 1120 ὑπὲρ
760 1083 807 1111 σοῧ
822 1080 865 1110 τὸν

98 1117 175 1156 λόγον
187 1119 299 1157 ἐθέμεθα
308 1142 317 1156 ,
329 1119 378 1155 τὴν
392 1119 442 1156 σὴν
453 1119 620 1155 δικαιοσύνην
632 1119 805 1160 ἐκηρύξαμεν,
817 1131 867 1149 κα-

97 1159 300 1197 τεψηφισάμεθα
322 1158 477 1198 ἀνθρώπω,
537 1171 551 1188 ν
573 1159 601 1188 δὲ
627 1159 677 1195 σὴν
699 1159 866 1195 δικαιοσύνην

98 1196 186 1225 ἀθώαν
198 1197 342 1237 ἐδείξαμεν.
361 1200 494 1228 Ἐνταῦθα
510 1211 554 1229 ουν
572 1198 687 1239 πρόσεχε
708 1201 743 1238 τῇ
764 1200 866 1229 δικαιο-

98 1225 187 1275 κρίσίᾳ
196 1240 241 1266 τοῦ
252 1239 331 1267 Θεοῦ.
344 1239 378 1268 Εἰ
390 1238 441 1278 γὰρ
450 1238 494 1268 τὸν
506 1238 572 1278 ὑπὲρ
582 1240 661 1268 αὐτοῦ
673 1238 783 1277 λέγοντα
796 1239 867 1269 κατὰ

97 1278 143 1304 τοῦ
157 1275 258 1306 δικαίου
271 1279 301 1307 οὗ
321 1277 355 1307 δέ·
369 1289 444 1314 εται,
468 1277 528 1312 τοὺς
549 1278 618 1308 κατὰ
631 1280 677 1308 τοῦ
698 1278 799 1308 δικαίου
819 1279 863 1308 λε’-

97 1326 190 1354 γοντας
203 1316 276 1356 παρὰ
295 1317 326 1347 τὸ
341 1290 441 1347 δίκαιον
462 1317 579 1354 δέξεται;
603 1317 689 1357 ’Dis
702 1329 726 1346 ει
742 1314 787 1347 οὖν
805 1318 866 1353 τοὺς

97 1354 187 1394 φίλους
198 1356 292 1392 αὐτοῦ,
307 1356 352 1386 καὶ
363 1355 449 1396 λέγει·
462 1357 517 1387 Καὶ
529 1360 584 1392 νῦν,
597 1358 621 1386 ιῖ
638 1356 676 1396 μὴ
707 1357 732 1386 ιὰ
742 1357 787 1386 τὸν
804 1358 864 1387 δοῦ-

97 1393 142 1423 λόν
154 1406 205 1433 μου
218 1394 281 1424 ’Ῐὼὸ
287 1417 296 1432 ,
309 1396 435 1427 ἀπώλεσα
446 1396 478 1426 ἂν
527 1402 566 1431 ἃς.
580 1397 666 1436 Ὁμοῦ
680 1392 725 1426 οὖν
737 1396 782 1426 καὶ
793 1397 865 1437 ἐλέγ-

97 1445 166 1503 ἒῗὶ
179 1435 225 1503 {2ss
240 1435 491 1513 gtmffiigsgffig
520 1436 865 1513 ζιδιῖιτῖιῗηεδεὶἶιῖἶᾜῖἷ

97 1486 273 1553 ἀκῖραιότητα
281 1487 529 1555 ἳπανορθοῦμενοζᾈ
542 1515 588 1545 καὶ
604 1521 670 1552 τιμᾶ·
685 1515 732 1554 μὲν
745 1498 806 1549 τοὺς
818 1516 863 1556 φί-

96 1553 156 1586 λους
169 1554 202 1582 δι’
213 1555 310 1583 ἐκεῖνον
321 1566 327 1573 ·
339 1560 406 1594 τιμᾷ
419 1555 446 1584 δὲ
457 1555 501 1584 τὸν
514 1555 614 1584 δίκαιον
628 1545 672 1584 διά
680 1554 727 1590 τὴν
742 1555 863 1591 ἄθλησιν,

97 1591 141 1620 καὶ
158 1592 262 1622 δίδωσιν
280 1594 352 1622 αὗτῶ
367 1594 515 1628 διπλάσιον,
529 1593 575 1623 καὶ
595 1594 648 1623 ἀπὸ
662 1593 770 1627 σκότους
781 1596 862 1623 αὐτοῦ

96 1630 127 1659 τὸ
146 1633 201 1670 φῶς
218 1631 322 1672 ἔλαμψε
337 1622 383 1662 καὶ
395 1632 456 1662 τότε
478 1633 524 1662 καὶ
536 1635 591 1661 νῦν.
605 1632 656 1663 Ἓν
677 1632 705 1661 δὲ
729 1633 771 1662 ἔτι
789 1634 863 1672 εἰρη-

96 1670 185 1705 κότες,
206 1671 330 1710 δείξωμεν
351 1671 401 1707 τὴν
421 1672 564 1712 ὑπεροχήν.
579 1671 682 1701 'mee
695 1671 728 1701 τὰ
741 1672 863 1711 πρόὸατα

95 1711 132 1742 εἷς
146 1709 176 1739 τὸ
193 1710 339 1748 διπλάσιον,
355 1711 432 1750 βόας,
453 1712 604 1750 καμήλους,
624 1711 697 1744 ὄνους
716 1712 753 1744 εἰς
770 1711 801 1741 τὸ
820 1713 862 1741 δι-

94 1749 206 1778 πλάσιον
214 1761 221 1768 ·
234 1749 268 1779 τὰ
294 1750 321 1780 δὲ
344 1749 423 1780 τέκνα
446 1751 577 1784 ἀπολέσας
603 1747 682 1787 δέκα,
705 1750 789 1780 εἴκοσι
814 1753 862 1781 οὐκ

94 1788 196 1818 ἔλαὸεν.
212 1788 344 1819 Ἐνταῦθα
358 1791 493 1825 ζητητέον,
505 1793 562 1824 πῶς
574 1790 607 1819 τὰ
621 1790 706 1826 κτήνη
720 1790 768 1829 μὲν
781 1792 818 1824 εἷς
831 1791 861 1821 τὸ

94 1827 242 1866 διπλάσιον,
260 1829 294 1858 τὰ
315 1829 343 1859 δὲ
362 1829 441 1859 τέκνα
460 1831 497 1863 εἰς
516 1830 546 1859 τὸ
567 1830 675 1859 ἁπλοῦν.
695 1830 805 1866 Ἐπειδὴ
827 1830 861 1860 τὰ

93 1867 176 1903 κτήνη
187 1868 236 1907 μὲν
247 1869 291 1898 καὶ
304 1868 339 1897 τὰ
352 1868 478 1908 κτήματα
492 1869 661 1908 ἀπολλύμενα
672 1868 771 1899 τέλειον
783 1869 860 1899 ἀπώ-

92 1908 177 1943 λοντο,
188 1907 322 1948 ἄνθρωπος
332 1908 359 1938 δὲ
371 1908 508 1938 ἀποθανὼν
520 1911 556 1942 εἰς
568 1908 636 1945 ζωὴν
646 1909 858 1949 διαφυλάττεται,

92 1946 137 1975 καὶ
149 1948 185 1980 εἷς
197 1947 341 1977 ἀνάστασιν
354 1947 408 1987 ἐγεί
425 1959 491 1977 εται.
512 1949 554 1978 Οὔ
571 1948 676 1978 δίδωσιν
690 1950 762 1988 αὐτῷ
777 1951 814 1983 εἷς
827 1949 858 1978 τὸ

92 1986 229 2016 διπλάσιον
242 1987 276 2017 τὰ
289 1986 382 2023 τέκνα,
402 1960 446 2017 ἕνα
467 1987 505 2027 μὴ
520 1989 619 2028 ἐκκόψῃ
635 1988 683 2024 τὴν
697 1988 792 2018 ἐλπίδα
805 1991 858 2018 τῶν

92 2025 268 2063 ἀπελθόντων,
291 2026 360 2056 ἀλλὰ
373 2027 416 2056 ἵνα
430 2027 499 2067 δείξῃ
514 2029 585 2067 αὐτῷ
594 2050 602 2063 ,
622 2027 663 2057 ὅτι
685 2029 801 2058 κάκεῖνοι
812 2051 819 2065 ,
835 2029 859 2058 εἷ

91 2065 136 2094 καὶ
148 2066 371 2106 προηρπάγησαν,
380 2066 448 2096 ἀλλὰ
461 2068 535 2100 ζῶσι.
551 2068 676 2097 Κάκεῖνοι
694 2067 742 2105 μὲν
760 2068 859 2102 πάντες

110 2108 266 2144 ορηγοῦνται
279 2107 365 2145 αὐτῷ·
390 2107 420 2135 οὗ
444 2106 534 2135 δίδωσι
555 2106 582 2136 δὲ
602 2108 674 2146 αὐτῷ
693 2106 763 2142 πλὴν
777 2108 857 2143 δέκα,

90 2116 133 2172 ἕνα
144 2145 235 2183 εὑρεθῇ
247 2144 310 2174 ’ube
321 2147 368 2175 οὐκ
381 2145 434 2175 ἀπὸ
444 2146 512 2182 ζωῆς
533 2148 570 2180 εἷς
587 2146 706 2183 θάνατον,
729 2147 787 2176 ἀλλ’
809 2149 856 2176 ἀπ’

90 2182 162 2211 οἴκου
172 2184 208 2216 εἷς
220 2179 291 2213 οἶκον
300 2184 475 2222 μεταῧαίνων.
484 2185 557 2215 Δέκα
564 2185 614 2226 γὰρ
622 2185 699 2215 αὐτὸν
712 2186 856 2216 τελέσαντα

90 2222 134 2250 τὸν
146 2222 202 2261 βίον
217 2222 296 2262 μέχρι
309 2223 392 2262 τάφου
406 2225 588 2264 προέπεμψαν·
605 2225 668 2254 δέκα
680 2224 760 2254 πάλιν
777 2226 856 2255 αὐτὸν

89 2262 117 2289 ἐν
131 2263 164 2300 τῇ
178 2263 225 2297 τῆς
238 2262 405 2295 ἀναστάσεως
417 2263 506 2303 ἡμέρᾳ
519 2263 571 2292 ἀπὸ
582 2268 628 2294 τοῦ
638 2264 721 2304 τάφου
736 2266 773 2297 εἷς
784 2267 856 2303 βασι-

88 2300 162 2329 λείαν
175 2301 382 2341 παραδέξονται,
395 2302 441 2331 καὶ
455 2304 507 2331 τῶν
521 2303 676 2343 ἀπορρήτων
690 2303 796 2332 ἐκείνων
809 2305 854 2333 καὶ

89 2340 200 2369 αἰωνίων
221 2343 325 2380 ἀγαθῶν
344 2341 537 2371 ἀπολαύσωσιν
555 2343 736 2381 ὁμοθυμαδόν·
750 2338 788 2372 ὧν
806 2343 851 2382 γέ-

89 2391 158 2408 νοιτο
168 2380 268 2414 πάντας
282 2383 353 2419 ἡμᾶς
366 2380 576 2417 καταξιωθῆναι,
575 2381 681 2450 {pipin
700 2382 744 2411 καὶ
757 2383 853 2422 φιλαν-

89 2418 191 2458 θρωπίᾳ
204 2422 249 2449 τοῦ
265 2420 361 2460 Κυρίου
376 2422 452 2459 ἡμῶν
472 2420 558 2456 Ἰησοῦ
601 2423 704 2460 ριστοῢ,
725 2417 748 2461 ᾧ
760 2424 777 2457 ἠ
792 2421 853 2456 δόξα

89 2458 134 2486 καὶ
155 2458 185 2487 τὸ
207 2459 316 2499 κράτος,
327 2463 371 2489 νῦν
398 2459 442 2489 καὶ
455 2460 494 2489 ἀεὶ
503 2482 511 2496 ,
533 2459 577 2489 καὶ
604 2461 641 2493 εἰς
666 2460 726 2494 τοὺς
748 2463 851 2496 αἰῶνας.

95 2497 181 2534 Αμήν.

781 190 848 213 JOB‘
865 189 977 213 SERMO
1005 191 1039 213 lv
1046 205 1053 213 .

1604 195 1672 231 7⁰7

925 250 991 279 tiam
1009 250 1149 291 sugerem,
1171 252 1219 281 sed
1238 252 1439 293 simplicitatem
1459 260 1533 283 tuam
1552 255 1669 285 correxi.

923 288 1064 319 Judicium
1083 300 1136 319 non
1148 301 1240 320 recuso
1255 291 1361 331 :judica
1381 303 1424 322 me
1434 293 1516 333 juste,
1531 293 1672 324 rationem-

925 338 978 366 que
991 336 1125 368 gestorum
1138 331 1290 370 expostula.
1306 331 1447 362 Judicatus
1459 343 1487 362 es
1509 339 1540 362 ut
1557 343 1671 363 corone-

925 367 973 404 ris,
986 368 1123 408 judicatus
1141 380 1169 398 es
1184 377 1213 399 ut
1227 370 1264 399 sis
1279 370 1449 401 admirationi
1462 382 1510 412 per
1526 378 1613 402 totum
1626 383 1671 403 or-

923 406 997 437 bem.
1012 409 1081 437 Ante
1094 408 1270 439 calamitatem
1286 420 1356 439 unus
1379 417 1404 440 te
1420 411 1535 451 angulus
1547 419 1670 449 noverat,

924 453 986 485 post
1010 447 1186 477 calamitatem
1202 455 1227 478 te
1241 455 1313 478 totus
1334 449 1408 479 orbis
1427 457 1577 490 cognoscet.
1599 452 1671 481 Ster-

924 486 1071 524 quilinium
1091 494 1168 517 tuum
1186 488 1259 517 omni
1280 489 1355 528 regio
1370 489 1521 519 diademate
1534 490 1670 521 illustrius

924 525 984 554 erit.
999 525 1057 564 Qui
1075 526 1227 556 diademata
1240 534 1354 567 gestant,
1370 529 1484 568 cupiunt
1497 528 1591 559 videre
1605 540 1670 570 ago-

923 574 984 593 nem
994 571 1072 594 tuum
1080 588 1088 602 ‚
1096 573 1122 595 et
1132 566 1252 595 laborem
1263 568 1448 597 certaminum.
1462 568 1509 598 Ste
1543 569 1670 599 uilinium

923 610 1002 633 tuum
1016 604 1171 644 paradisum
1184 605 1270 642 effeci,
1280 606 1315 635 ad
1326 607 1450 646 pietatem
1465 579 1583 645 exciiiui,
1591 609 1669 648 plan-

923 649 978 672 tam
999 644 1129 674 caelestem
1149 644 1275 674 exhibui.
1293 646 1425 687 Accepisti
1439 647 1565 684 caelestia,
1580 648 1672 688 accipe

922 688 1038 719 terrena,
1053 684 1145 730 accipe
1157 684 1246 714 omnia
1264 685 1414 726 duplicata.
1429 686 1479 716 His
1492 686 1576 723 disce,
1591 688 1669 726 quis-

887 729 906 754 c
922 722 984 760 quis
1009 723 1180 753 Christianus
1206 735 1250 761 es,
1269 735 1345 765 spem
1369 732 1443 754 tuam
1455 747 1463 761 ‚
1483 726 1670 756 excellentiam

922 762 1107 801 promissionis
1128 769 1190 793 tuae.
1210 764 1281 794 Jobo
1300 764 1385 805 dupla
1406 765 1553 805 promittit,
1565 772 1593 795 et
1613 766 1818 803 du-Job.4z.vo.

921 801 967 840 pla
989 802 1102 840 tribuit;
1118 803 1246 833 Servator
1258 810 1348 834 autem
1368 804 1511 844 discipulis
1529 805 1586 835 suis
1605 806 1642 835 ait
1657 819 1665 836 :

924 841 981 880 Qui
999 842 1151 882 reliquerit
1162 849 1287 882 patrem,
1303 850 1356 874 aut
1378 851 1517 881 matrem,
1532 851 1585 874 aut
1598 847 1667 886 fra-
1677 857 1764 879 mum,
1780 865 1816 887 ¹9-

921 886 978 910 tres
990 903 998 917 ,
1011 888 1064 911 aut
1083 891 1195 911 sorores
1213 890 1332 923 propter
1351 894 1406 920 me,
1429 884 1597 923 centuplum
1615 895 1663 915 ac-
1676 894 1715 919 29-

920 921 1018 959 cipiet,
1030 928 1057 949 et
1071 921 1165 950 vitam
1185 929 1325 952 aeternam
1360 924 1510 953 assidebit.
1526 911 1667 954 Sedsslud

919 958 1063 998 diligenter
1088 960 1194 990 attende
1204 984 1211 996 ,
1232 972 1314 1001 quoru
1352 973 1368 991 o
1399 962 1514 992 amicum
1540 963 1666 1003 privatim

919 999 1045 1038 corrigat,
1059 999 1159 1029 amicos
1168 1011 1235 1032 vero
1247 1002 1311 1032 Jobi
1331 1001 1440 1041 publice
1453 1009 1557 1042 arguat.
1576 1004 1665 1033 Dixit-

919 1048 972 1076 que
997 1038 1053 1067 illis
1079 1038 1152 1068 Deus
1168 1052 1175 1068 ε
1196 1040 1235 1070 Ut
1255 1042 1328 1080 quid
1345 1051 1404 1070 non
1426 1043 1494 1071 estis
1513 1048 1594 1071 recta
1620 1043 1665 1072 lo·
1673 1048 1724 1071 lob.
1737 1048 1775 1078 42.
1790 1047 1812 1070 3.

919 1078 1004 1122 quuti
1013 1078 1152 1108 adversus
1165 1089 1282 1109 servum
1295 1091 1391 1109 meum
1404 1081 1462 1111 Job
1473 1084 1486 1110 Ρ
1496 1080 1584 1117 sed‚o
1591 1082 1664 1121 juste

916 1115 1014 1156 Judex,
1027 1127 1078 1157 pro
1096 1124 1123 1148 te
1140 1128 1289 1149 sermonem
1309 1119 1430 1156 fecimus,
1440 1120 1575 1160 justitiam
1589 1127 1664 1152 tuam

919 1155 1139 1195 praedicavimus,
1159 1158 1297 1189 hominem
1320 1159 1568 1196 condemnavimus,
1589 1167 1664 1191 tuam

919 1205 984 1224 vero
989 1196 1124 1236 justitiam
1137 1197 1275 1227 innoxiam
1288 1198 1465 1229 ostendimus.
1480 1200 1533 1230 Hic
1546 1210 1609 1239 ergo
1615 1200 1662 1240 ju-

918 1241 989 1264 stum
1003 1235 1053 1264 Dei
1062 1235 1201 1275 judicium
1221 1237 1339 1268 attende.
1350 1239 1420 1268 Nam
1433 1239 1456 1268 si
1469 1250 1520 1279 pro
1533 1249 1561 1268 se
1570 1246 1662 1270 contra

884 1284 903 1307 1)
914 1274 1018 1313 justum
1039 1275 1192 1314 loquentem
1211 1287 1263 1307 non
1277 1278 1383 1318 recipit,
1397 1288 1464 1308 num
1479 1289 1524 1308 eos
1537 1278 1585 1317 qui
1597 1289 1661 1309 con-

917 1319 959 1342 tra
974 1313 1081 1353 justum
1101 1323 1197 1354 praeter
1205 1316 1339 1361 justitiam
1358 1317 1517 1357 loquuntur,
1529 1318 1659 1358 recipiet?

917 1352 1066 1393 Redarguit
1086 1354 1169 1394 igitur
1186 1366 1245 1395 ejus
1268 1356 1386 1393 amieos,
1401 1363 1428 1386 et
1445 1358 1483 1386 ait
1498 1369 1505 1386 ι
1519 1358 1560 1386 Et
1581 1370 1660 1389 nunc
1670 1360 1728 1382 [bid.

918 1393 977 1421 nisi
987 1399 1105 1433 propter
1116 1405 1231 1424 servum
1248 1406 1345 1425 meum
1356 1397 1429 1434 Job,
1442 1397 1586 1437 vosforte
1594 1409 1659 1437 per-

916 1432 1066 1462 didissem.
1082 1434 1171 1463 Simul
1181 1445 1244 1474 ergo
1257 1435 1396 1475 redarguit
1408 1444 1433 1466 et
1446 1443 1545 1466 servat.
1561 1438 1658 1468 Servat

915 1470 1037 1509 quidem,
1049 1472 1124 1513 quod
1134 1474 1204 1503 nihil
1216 1475 1280 1504 mali
1293 1482 1384 1505 eontra
1400 1477 1488 1506 Deum
1503 1475 1655 1516 dixissem3

915 1510 1054 1550 redarguit
1074 1523 1138 1542 vero
1152 1514 1268 1552 justum,
1280 1513 1331 1543 sim
1352 1514 1480 1545 licitatem
1497 1515 1556 1555 ejus
1575 1517 1659 1545 corri-

915 1559 979 1587 gens
995 1562 1004 1579 z
1019 1550 1185 1590 honoratque
1197 1559 1307 1592 propter
1320 1553 1330 1582 i
1342 1553 1400 1583 lum
1411 1554 1512 1584 amicos
1524 1554 1594 1589 e‘us‚
1607 1557 1658 1595 ju-

913 1595 985 1618 stum
998 1599 1106 1628 quoque
1119 1590 1233 1620 honorat
1248 1599 1357 1631 propter
1366 1600 1511 1630 certamen,
1547 1605 1563 1623 u
1585 1594 1657 1624 lum-

913 1637 966 1665 que
976 1627 1022 1658 dat
1032 1628 1067 1663 ei,
1078 1635 1158 1668 atque
1169 1640 1204 1659 ex
1222 1631 1338 1660 tenebris
1349 1632 1374 1660 ei
1388 1632 1439 1662 lux
1453 1633 1558 1673 resplen
1581 1634 1619 1663 uit
1630 1641 1656 1664 et

913 1673 977 1696 tunc
996 1673 1023 1696 et
1034 1678 1116 1698 nunc.
1132 1670 1195 1699 Uno
1207 1676 1296 1699 autem
1309 1671 1495 1710 superaddito.
1510 1673 1549 1701 rei
1559 1673 1656 1702 excel-

913 1705 1022 1736 lentiam
1033 1707 1212 1738 ostendemus.
1222 1710 1334 1749 Accepit
1346 1721 1411 1740 oves
1420 1711 1448 1740 in
1463 1711 1590 1751 duplum,
1602 1713 1653 1742 bo-
1661 1714 1721 1736 lbid·
1730 1722 1751 1738 v.
1770 1722 1795 1737 ¹2

911 1755 969 1781 ves,
983 1746 1098 1776 camelos
1111 1754 1137 1776 et
1149 1748 1237 1778 asinos
1250 1749 1278 1778 in
1291 1749 1426 1794 duplum3
1441 1750 1489 1780 sed
1507 1761 1570 1781 cum
1582 1752 1654 1782 filios
1666 1745 1702 1768 ¹3·

911 1783 1004 1814 decem
1026 1786 1166 1824 amisisset,
1181 1798 1234 1816 non
1251 1796 1353 1828 accepit
1375 1789 1492 1819 vicenos.
1507 1790 1559 1820 Hic
1576 1802 1654 1830 quae-

910 1824 1035 1862 rendum,
1045 1836 1094 1855 cur
1109 1826 1230 1866 jumenta
1244 1827 1271 1857 in
1283 1828 1409 1868 duplum,
1424 1829 1496 1859 filios
1508 1840 1562 1859 non
1576 1831 1651 1861 item.

911 1863 983 1900 Quia
990 1863 1110 1903 jumenta
1122 1873 1148 1896 et
1158 1866 1297 1897 facultates
1309 1868 1419 1906 quidem
1432 1869 1555 1905 funditus
1567 1870 1653 1910 perie-

911 1910 986 1940 runt,
1001 1903 1081 1934 homo
1092 1912 1182 1935 autem
1192 1907 1272 1936 etiam
1285 1914 1409 1937 mortuus
1421 1908 1448 1937 in
1463 1908 1545 1939 vitam
1556 1920 1650 1939 serva-

876 1953 895 1977 n
911 1948 965 1979 tur,
978 1950 1003 1972 et
1023 1943 1058 1972 ad
1077 1946 1296 1975 resurrectionem
1311 1947 1462 1977 suscitatur.
1474 1949 1534 1978 Non
1546 1948 1592 1978 dat
1605 1949 1649 1979 illi

908 1982 980 2015 ,filios
994 1982 1021 2011 in
1039 1982 1166 2023 duplum,
1180 1994 1213 2014 ne
1225 1996 1318 2016 eorum
1332 1987 1379 2025 qui
1398 1987 1564 2018 decesserant
1575 1999 1651 2029 spem

909 2021 1023 2059 tolleret,
1035 2023 1082 2052 sed
1095 2030 1124 2053 ut
1137 2023 1284 2055 ostenderet
1295 2026 1331 2063 ei,
1345 2026 1424 2056 etiam
1438 2027 1511 2064 illos,
1523 2027 1571 2057 etsi
1581 2037 1650 2067 pra}-

910 2063 977 2100 repti
989 2061 1211 2098 fuissent‚vivere
1221 2070 1320 2094 tamen.
1333 2065 1369 2095 Et
1382 2066 1422 2095 illi
1435 2066 1545 2105 quidem
1559 2077 1650 2097 omnes

910 2100 961 2139 ipsi
971 2101 1069 2131 dantur
1082 2113 1088 2130 ε
1100 2112 1152 2132 non
1165 2103 1211 2133 dat
1224 2110 1311 2133 autem
1323 2105 1364 2134 illi
1378 2105 1441 2145 plus
1452 2116 1532 2144 quam
1546 2105 1649 2141 decem,

910 2146 939 2168 ut
961 2140 1126 2171 inveniretur
1139 2143 1193 2173 Job
1215 2153 1267 2172 non
1283 2154 1299 2173 a
1311 2145 1366 2174 vita
1386 2144 1421 2174 ad
1434 2152 1558 2182 mortem,
1569 2147 1616 2175 sed
1632 2157 1648 2175 a

908 2178 988 2209 domo
1001 2180 1030 2209 in
1051 2181 1162 2211 domum
1185 2183 1324 2213 transiens.
1342 2185 1438 2213 Decem
1454 2195 1568 2224 namque
1585 2195 1647 2214 cum

908 2220 990 2248 vitam
1004 2219 1109 2258 finivit5
1120 2221 1156 2251 ad
1169 2232 1254 2261 usque
1271 2223 1426 2267 sepulcrum
1446 2224 1525 2253 illum
1542 2224 1646 2253 extule-

907 2266 987 2293 runt;
1001 2258 1092 2289 decem
1111 2260 1208 2291 iterum
1229 2262 1256 2291 in
1275 2261 1320 2291 dic
1342 2263 1553 2299 resurrectionis,
1568 2274 1583 2293 a
1604 2273 1645 2292 se-

907 2298 1002 2336 pulcro
1022 2298 1049 2328 in
1069 2310 1181 2340 regnum
1200 2301 1344 2340 excipient,
1354 2308 1434 2340 atque
1453 2302 1534 2331 simul
1554 2311 1646 2330 omnes

906 2338 1090 2368 ineffabilibus
1107 2340 1163 2369 iilis
1176 2346 1201 2369 et
1213 2341 1318 2370 aeternis
1331 2340 1410 2370 bonis
1422 2342 1546 2369 fruentur
1560 2351 1566 2367 :
1583 2340 1644 2377 qui-

904 2377 956 2407 bus
965 2388 1012 2407 nos
1025 2389 1116 2409 omncs
1128 2379 1225 2419 dignos
1237 2379 1295 2408 fieri
1305 2380 1450 2419 contingat,
1458 2379 1543 2418 gratia
1555 2379 1644 2422 ethu-

905 2418 1028 2447 manitate
1041 2418 1150 2447 Domini
1164 2419 1247 2448 nostri
1261 2420 1325 2448 Jcsu
1337 2418 1449 2453 Christi,
1464 2418 1507 2446 cui
1520 2418 1604 2456 gloria
1617 2424 1644 2446 et

903 2456 1060 2497 imperium,
1079 2469 1150 2488 nunc
1163 2465 1188 2487 et
1206 2461 1356 2496 sompni-‚tet
1372 2458 1398 2486 in
1422 2457 1528 2486 scocula.
1546 2458 1641 2486 Amen.
