1904 2840
2 1587 64 1651 arm
73 1597 95 1611 v.
104 1588 142 1618 ³9-
153 1590 193 1613 est
208 1597 215 1613 ε

663 180 696 203 IN
723 179 931 204 MATTRAEUM.
959 179 1082 202 flOMtL.
1111 180 1146 201 Χ.

146 242 247 272 tionem
259 243 369 282 patitur,
381 246 492 285 propter
505 240 644 270 veritatem
660 250 713 270 non
730 240 885 279 relinquen·
900 245 922 271 A
940 250 994 269 me.
1008 240 1083 271 Sicut
1105 241 1176 271 enim
1194 252 1290 272 verum
1307 248 1356 278 est,
1372 241 1500 288 quoniam
1512 241 1558 280 qui
1570 241 1680 271 calicem
1692 250 1777 272 matth.
1796 256 1828 271 ¹0.

146 281 221 318 dam,
234 281 328 310 beatus
342 287 382 310 est
395 292 403 308 ι
415 291 478 318 quia
494 286 604 320 propter
621 280 754 319 justitiam
772 281 883 320 patitur.

145 320 268 351 Gentiles
281 320 352 350 enim
362 320 501 358 Christum
511 319 655 359 denegant,
665 319 783 349 haeretici
797 326 886 349 autem

146 359 286 390 veritatem
305 359 418 390 Christi.
440 359 497 396 Qui
519 365 609 388 autem
627 359 766 389 veritatem
785 359 886 389 Christi

145 398 268 439 denegat,
283 399 373 440 ipsum
387 399 501 438 denegat
512 399 662 429 Christum.
678 399 886 428 Christusenim

145 438 244 469 veritas
266 446 315 469 est.
338 439 374 468 Et
395 438 457 468 ideo
476 438 609 474 haeretici,
632 438 681 476 qui
701 448 754 467 non
776 445 887 478 propter

144 477 284 508 Christum
306 477 539 518 persequutionem
561 478 680 515 faciunt,
705 478 753 507 sed
776 484 886 517 propter

145 518 285 547 veritatem
304 516 417 554 christi,
439 518 467 547 in
485 517 572 558 prima
593 517 659 547 facie
678 517 824 547 Christiani
842 517 885 546 vi-

145 556 255 594 dentur,
275 567 368 587 revera
384 563 474 586 autem
490 557 602 597 gentiles
625 564 698 587 sunt.
719 558 780 587 Non
798 556 887 586 solum

145 596 304 633 haereticus,
329 595 377 626 sed
393 597 443 626 etsi
463 597 563 635 aliquis
585 607 619 626 ex
641 596 810 636 potentibus,
837 596 886 634 qui

145 635 274 665 videntur
287 646 344 665 esse
360 636 518 673 Christiani,
533 636 642 666 forsitan
658 643 767 677 propter
781 642 887 676 peccata

146 686 196 704 sua
209 682 356 715 correptus,
373 677 458 705 sactus
474 675 555 705 fuerit
571 675 622 705 tibi
639 676 776 712 inimicus,
786 682 813 705 et
823 685 886 715 per-

146 723 278 753 sequutus
297 722 322 745 te
341 716 433 752 fuerit,
451 715 544 745 beatus
565 725 675 751 escum
693 716 805 745 Joanne.
817 715 887 744 Nam

147 761 173 783 et
192 755 307 784 Joaunes
325 755 445 795 Baptista
464 765 550 793 neque
566 761 677 795 propter
692 754 885 794 gentilitatem,

147 804 234 833 neque
253 801 362 834 propter
382 794 503 824 haeresim
521 794 674 825 interfectus
693 801 742 830 est,
759 794 806 823 sed
824 794 888 832 quia

146 834 308 873 corripiebat
319 834 452 864 Herodem
463 840 572 874 propter
583 833 746 870 adulterium
757 834 826 874 ejus.
834 832 888 863 Sed
904 839 922 862 Β
941 833 1009 864 sacta
1020 842 1060 864 est
1075 835 1125 864 tibi
1138 846 1217 866 causa
1234 838 1294 866 Dei.

147 880 174 902 et
183 883 274 903 omnes
282 873 418 913 prophetae
425 883 532 912 nequea
543 873 687 912 gentilibus
699 873 819 912 regibus,
840 872 888 901 sed

148 923 163 941 a
177 913 234 942 suis
251 913 331 943 occisi
347 919 410 942 sunt
424 925 431 941 ι
447 922 501 942 non
521 920 631 953 propter
640 913 825 952 gentilitatem,
840 911 888 941 sed

148 952 211 990 quia
229 952 410 992 corripiebant
425 962 518 981 eorum
538 959 655 992 peoeata.
669 952 698 982 Si
711 959 800 981 autem
812 951 858 990 qui
872 962 887 981 a

148 991 206 1021 suis
215 991 283 1032 ipsis
294 998 404 1032 propter
416 1001 524 1021 causam
534 993 584 1021 Dei
596 991 702 1030 aliquid
712 992 823 1030 patitur,
835 1001 887 1020 non

146 1030 395 1067 habetmercedem‚
410 1041 458 1060 nec
468 1031 604 1071 prophetat
615 1031 777 1060 habuerunt.
796 1030 828 1061 Si
840 1041 888 1059 au-

147 1076 202 1100 tem
214 1081 308 1100 verum
316 1077 366 1107 est,
374 1070 447 1109 quod
458 1071 594 1110 prophetae
603 1077 733 1110 martyres
743 1077 816 1106 sunt,
831 1070 888 1100 sine

147 1108 232 1140 dubio
245 1117 272 1140 et
284 1111 330 1148 qui
345 1117 455 1150 propter
472 1110 630 1140 causamDei
650 1109 755 1148 aliquid
775 1109 886 1149 patitur,

148 1149 197 1178 etsi
225 1160 239 1179 a
262 1150 318 1179 suis
341 1151 451 1189 patitur,
472 1149 620 1179 mercedem
639 1149 728 1179 habet.
746 1149 810 1178 Ideo
837 1159 889 1179 non

148 1189 240 1256 posuit
249 1189 389 1229 Scriptura
403 1199 527 1229 personas
543 1189 771 1229 persequentium,
786 1188 834 1218 sed
846 1199 890 1218 so·

161 1239 206 1258 am
223 1239 331 1258 causam
350 1228 579 1269 persequutionis,
601 1235 632 1257 ut
651 1235 680 1257 tu
703 1238 756 1257 non
779 1228 891 1268 aspicias

150 1268 212 1306 quis
224 1275 250 1298 te
263 1268 444 1308 persequitur,
465 1267 513 1298 sed
529 1275 558 1297 ut
577 1267 644 1307 quid
661 1275 686 1297 te
705 1274 890 1308 persequatur.

151 1307 228 1345 Quid
239 1318 313 1347 ergo,
326 1309 349 1337 si
360 1308 421 1347 quis
434 1315 459 1337 te
470 1314 650 1348 persequutus
661 1308 754 1345 fuerit,
766 1318 820 1336 non
829 1317 891 1347 pro-

150 1354 210 1387 pter
227 1357 334 1377 causam
348 1347 412 1383 Dei,
426 1347 474 1377 sed
485 1354 594 1387 propter
605 1347 736 1387 privatam
745 1346 823 1376 rem?
838 1348 892 1376 Ut-

149 1393 225 1427 puta‚
234 1393 263 1416 ut
268 1387 370 1419 auferat
375 1387 494 1426 aliquam
502 1398 559 1417 rem
568 1393 643 1416 tuam
654 1399 660 1415 :
670 1386 717 1416 ille
724 1385 835 1425 quidem
844 1387 892 1425 qui

150 1433 176 1455 te
188 1426 246 1456 sine
261 1437 341 1456 causa
358 1434 399 1457 est
414 1433 602 1472 persequutus,
617 1437 678 1456 reus
690 1433 728 1456 est
744 1432 792 1455 :tu
804 1432 892 1455 autem
907 1437 925 1461 c

152 1466 246 1496 beatus
257 1476 311 1496 non
323 1477 362 1503 es,
372 1474 439 1506 “quia
457 1476 510 1496 non
527 1472 636 1506 propter
653 1465 787 1506 justitiam
801 1476 891 1505 perse-

152 1506 308 1544 quutionem
321 1517 415 1546 passus
429 1517 468 1542 es,
483 1506 530 1535 sed
543 1512 657 1573 propter
677 1505 810 1545 privatam
825 1515 892 1539 cau-

152 1555 220 1574 sam.
232 1545 313 1574 Plane
325 1546 349 1575 si
362 1546 481 1576 volueris
491 1545 541 1574 illu
574 1544 695 1583 implere,
705 1543 779 1582 quod
791 1544 894 1573 dictum

233 1585 292 1622 Qui
310 1587 523 1624 tea-„percusserit
545 1584 585 1613 ad
607 1584 762 1613 maxillam
783 1593 873 1612 unam
885 1605 893 1618 ,

151 1625 247 1662 proebe
259 1623 307 1653 illi
317 1631 344 1653 et
359 1624 484 1653 alteram
490 1634 504 1660 ;
514 1630 542 1654 et
556 1625 607 1662 qui
620 1623 685 1651 vult
700 1622 818 1662 auferre
831 1632 896 1660 quoe

156 1668 208 1691 tua
229 1670 314 1700 sunt,
335 1664 398 1693 noh¹
420 1669 523 1692 vetare
543 1677 551 1691 .·
571 1670 634 1692 tunc
654 1672 717 1691 vere
733 1663 827 1691 beatus
849 1671 895 1697 es,

155 1702 281 1740 quoniam
299 1702 348 1732 etsi
369 1703 405 1732 ab
421 1702 500 1732 initio
520 1712 573 1732 non
594 1708 704 1742 propter
728 1711 835 1731 causam
847 1701 897 1730 Dei

157 1742 389 1781 persequutionem
410 1741 564 1781 patiebaris,
574 1748 665 1781 postea
681 1747 768 1770 tamen
786 1747 833 1769 aut
847 1739 895 1769 da-

156 1791 250 1811 mnum
268 1788 315 1811 aut
332 1781 458 1822 injuriam
478 1791 573 1821 passus
584 1787 734 1820 espropter
755 1781 853 1810 Deum.
869 1779 899 1809 Si

156 1827 245 1850 autem
267 1821 394 1851 restiteris
413 1821 493 1851 etiam
511 1831 574 1851 cum
597 1826 716 1860 peccato,
733 1826 759 1849 et
776 1829 828 1849 non
850 1829 898 1860 po·

156 1861 240 1891 tueris
266 1861 340 1900 pati,
368 1860 541 1891 beatitudinis
566 1859 707 1900 perdidisti
734 1859 892 1888 mercedem.

159 1901 206 1929 11.
220 1901 308 1930 Beati
322 1902 413 1937 eritis,
438 1911 504 1930 cum
525 1910 579 1930 vos
599 1901 836 1938 exprobraverint
848 1899 899 1928 Ιιο-

159 1941 260 1970 mines.
280 1941 424 1978 Postquam
443 1941 573 1978 loquutus
583 1946 623 1969 est
635 1939 669 1968 de
680 1938 895 1978 persequutioni-

157 1979 210 2008 bus
228 1980 402 2016 sustinendis,
424 1987 476 2009 tam
499 1990 560 2008 uam
573 1979 595 2008 si
607 1978 766 2023 respondeat
785 1978 846 2016 quis
865 1977 900 2007 ad

160 2019 248 2049 Deum
264 2019 409 2056 :Domine,
423 2019 471 2058 qui
504 2019 525 2050 si
540 2025 772 2059 persequutionem
787 2017 900 2063 quidem
915 2029 934 2051 n

159 2058 231 2098 passi
244 2068 296 2088 non
307 2059 438 2089 fuerimus
450 2065 558 2099 propter
576 2066 612 2094 te,
633 2058 677 2088 vel
698 2064 807 2098 propter
817 2057 901 2097 justi·
918 2061 921 2063 ’

159 2098 225 2127 tiam
242 2105 327 2135 tuam,
348 2099 376 2127 in
393 2110 410 2128 o
431 2098 571 2139 probrium
589 2105 677 2127 autem
697 2099 859 2133 venerimus,
875 2103 902 2126 et

161 2137 189 2165 in
202 2137 396 2177 blasphemiam
407 2110 547 2168 {ominum
560 2138 716 2176 iniquorum
724 2137 738 2166 Ρ
752 2138 849 2172 Beati,
860 2136 901 2165 in-

162 2176 232 2214 quit,
244 2178 335 2211 eritis,
347 2187 401 2206 non
414 2178 502 2208 solum
513 2188 576 2207 cuin
587 2176 818 2217 persequutionem
830 2175 903 2214 passi

163 2215 279 2252 fueritis,
290 2215 338 2246 sed
349 2217 429 2246 etiam
450 2227 514 2245 cum
531 2227 588 2246 vos
602 2217 841 2255 exprobraverint
851 2216 902 2244 ho-

163 2255 265 2284 mines.
281 2256 349 2285 Ecce
363 2255 441 2284 multi
455 2255 577 2285 homines
594 2262 702 2295 propter
717 2265 826 2285 causam
840 2253 902 2292 qui-

164 2293 226 2322 dem
237 2294 286 2324 Dei
300 2295 370 2324 fiunt
389 2294 466 2324 nobis
484 2293 597 2330 inimici,
619 2294 666 2324 sed
684 2304 737 2323 non
751 2301 840 2333 aperte
855 2303 903 2322 nos

163 2341 377 2373 persequuntur,
394 2333 502 2363 forsitan
527 2333 590 2371 quia
604 2344 654 2364 nec
672 2339 783 2373 possunt
795 2345 803 2361 .·
816 2339 903 2362 tamen

165 2372 359 2403 circumeuntes
376 2373 476 2409 omnia,
498 2373 685 2412 blasphemant
702 2382 750 2401 nos
769 2378 797 2401 et
813 2371 907 2401 dicunt

165 2411 200 2441 de
209 2413 286 2443 nobis
295 2423 355 2452 quae
366 2419 428 2442 sunt
439 2412 580 2452 probrosa.
590 2413 676 2442 Beati
685 2413 765 2440 eritis
778 2421 844 2440 cum
852 2421 906 2441 vos

166 2453 403 2490 exprobraverint
415 2453 556 2488 homines,
572 2458 599 2481 et
613 2453 741 2480 dixerint
752 2461 837 2480 omne
846 2460 906 2480 ver·

168 2492 237 2519 bum
250 2491 358 2520 malum
368 2492 520 2521 adversum
535 2501 601 2528 vos,
617 2492 785 2520 mentientes
794 2496 911 2531 propter

1611 180 1672 216 79¹

940 290 1015 325 aquae
1030 280 1109 309 nobis
1123 281 1254 320 porrexit,
1274 292 1374 311 merces
1392 291 1451 321 ejus
1467 291 1519 310 non
1538 281 1606 320 perit
1621 282 1680 312 :sic
1690 282 1730 313 4²·

938 330 987 358 qni
997 320 1041 350 vel
1057 321 1135 349 unius
1147 320 1277 350 levissimi
1287 321 1363 350 verbi
1378 321 1455 350 nobis
1468 321 1596 360 injuriam
1610 321 1681 351 feee-

938 359 985 395 rit,
1007 361 1097 388 anima
1117 367 1205 389 nostra
1226 371 1310 391 vacua
1330 371 1382 390 non
1401 361 1452 390 erit
1464 371 1479 390 a
1492 360 1622 390 mercede.
1641 362 1682 391 Ut

939 409 968 426 er
986 409 1003 427 o
1016 399 1216 439 blasphematus
1229 401 1264 430 sit
1278 401 1381 436 beatus,
1394 400 1450 429 duo
1463 400 1520 430 haec
1539 401 1682 430 convenire

939 409 1037 468 debent
1053 451 1061 468 :
1074 446 1104 468 ut
1121 439 1284 470 mendaciter
1302 440 1514 480 blasphemetur,
1529 447 1555 469 et
1572 448 1681 480 propter

940 478 1029 521 Deum
1048 478 1250 518 blasphemetur
1264 493 1271 509 :
1287 480 1388 519 alioqui
1410 480 1433 509 si
1452 490 1536 508 unum
1553 479 1680 515 defuerit,

936 526 994 555 Jam
1012 527 1065 546 non
1080 525 1120 547 est
1132 519 1306 549 beatitudinis
1327 530 1438 549 merces.
1460 521 1563 559 Utpula
1580 520 1603 549 si
1621 520 1682 558 quis

940 555 1039 586 dixerit
1053 557 1087 587 de
1101 565 1126 587 te
1138 558 1211 596 quod
1223 567 1262 588 est
1277 566 1355 599 turpe
1374 558 1554 594 mendacium,
1569 559 1615 588 sed
1629 570 1682 589 non

941 603 1049 635 propter
1056 607 1165 626 causam
1175 598 1234 635 Dei,
1246 598 1292 627 sed
1302 605 1413 638 proptor
1424 598 1555 638 privatam
1564 599 1683 638 aliquam

941 635 1110 666 inimicitiam
1121 637 1226 674 dolens,
1236 638 1283 667 ille
1296 638 1405 677 quidem
1415 638 1545 678 peccavit,
1554 646 1583 668 tu
1594 646 1684 668 autem

941 676 1090 706 mercedem
1099 676 1211 716 justitiae
1224 688 1276 707 non
1289 678 1370 707 habes
1382 690 1388 706 :
1403 677 1455 706 nisi
1466 678 1533 706 forte
1547 689 1607 707 cum
1622 689 1683 717 pos-

941 714 978 743 sis
1001 716 1232 756 rehlasphemare,
1256 728 1309 747 non
1333 717 1552 757 reblasphemasti
1575 725 1684 757 propter

938 754 1074 794 justitiam
1087 756 1136 785 Dei
1152 769 1160 785 z
1172 764 1218 786 aut
1229 768 1291 786 cum
1304 757 1390 798 possis
1407 764 1430 786 tc
1442 756 1620 793 revindicare,
1630 767 1683 786 nou

942 794 1114 825 revindicasti
1131 807 1138 824 =
1151 803 1177 825 et
1190 804 1254 827 tunc
1270 798 1364 826 beatus
1383 808 1421 832 es,
1436 803 1462 826 et
1481 807 1559 826 causa
1579 797 1684 836 privata

1315 837 1396 874 Quod
1411 837 1433 866 si
1455 843 1563 876 propter
1577 847 1683 866 causam

942 874 1053 912 quidem
1064 875 1115 905 Dei
1128 875 1330 916 blasphematus
1342 887 1380 911 es,
1393 883 1480 905 tamen
1495 875 1568 914 quod
1580 876 1684 905 dictum

941 921 981 942 est
990 914 1025 943 de
1035 921 1061 943 te
1071 915 1184 951 malum,
1194 926 1290 945 verum
1301 923 1341 945 est
1353 929 1359 945 ε
1372 916 1469 946 iterum
1479 926 1532 945 non
1542 926 1570 944 es
1581 916 1684 953 beatus,

941 953 1005 991 quia
1024 963 1120 983 verum
1140 955 1243 984 dictum
1259 962 1299 985 est
1311 955 1345 985 de
1356 963 1381 985 te
1396 968 1403 984 :
1417 964 1442 985 et
1457 956 1505 984 illa
1517 955 1684 995 blasphemia

942 993 1055 1032 pertinet
1069 994 1118 1023 tibi
1141 1005 1193 1024 non
1215 995 1250 1024 ad
1271 995 1419 1025 mercedem
1437 994 1564 1035 justitiae,
1582 995 1630 1024 sed
1650 995 1684 1024 ad

940 1032 1087 1062 vindictam
1101 1035 1212 1073 peccati.
1227 1034 1292 1064 Ideo
1303 1041 1447 1073 utrumque
1459 1034 1560 1074 posuit,
1571 1041 1596 1063 et
1610 1045 1686 1064 men-

942 1074 1056 1108 tientes,
1067 1079 1092 1102 et
1104 1081 1221 1113 propter·
1228 1085 1280 1103 me.
1293 1077 1340 1104 12.
1354 1075 1486 1104 Gaudete
1495 1080 1521 1103 et
1530 1074 1683 1103 exsultate.

942 1112 1052 1148 Quare?
1068 1113 1145 1151 Quia
1158 1112 1265 1143 merces
1277 1121 1377 1144 vestra
1397 1114 1491 1143 multa
1503 1119 1545 1144 est
1555 1116 1587 1143 in
1599 1115 1682 1144 caelo.

942 1152 1089 1183 Ponderate
1102 1154 1286 1183 confusionem
1300 1161 1429 1183 terrenam
1443 1164 1505 1183 cum
1515 1153 1599 1194 gloria
1609 1154 1685 1183 caele-

943 1192 988 1228 sti,
1003 1199 1029 1222 et
1041 1193 1130 1223 videte
1144 1193 1166 1222 si
1181 1204 1232 1223 non
1248 1194 1334 1224 multo
1353 1193 1440 1223 levius
1461 1200 1509 1229 est,
1527 1193 1602 1232 quod
1612 1194 1684 1233 pati,-

944 1231 1012 1262 mini
1037 1243 1117 1272 super
1139 1239 1236 1262 terram
1247 1256 1254 1270 ,
1273 1244 1355 1272 quam
1374 1232 1448 1272 quod
1477 1235 1634 1272 exspectatis
1656 1233 1685 1262 in

945 1272 1021 1302 caelo.
1042 1272 1097 1302 Sed
1110 1273 1178 1302 forte
1194 1272 1273 1309 dicis,
1294 1274 1364 1310 Quis
1382 1279 1468 1313 potest
1483 1273 1543 1302 blas
1563 1272 1685 1302 hematus

945 1311 1119 1348 mendaciter,
1134 1322 1187 1341 non
1205 1312 1292 1342 dicam
1312 1313 1439 1353 gaudere,
1451 1311 1498 1341 sed
1511 1323 1543 1342 ve
1568 1323 1686 1351 magna-

945 1350 1052 1381 nimiter
1068 1351 1158 1381 ferrc?
1170 1352 1300 1391 Quisquis
1317 1363 1385 1382 vana
1404 1352 1488 1391 gloria
1501 1362 1553 1381 non
1568 1352 1685 1381 delecta-

945 1397 1000 1420 tur.
1014 1392 1069 1428 Qui
1080 1391 1155 1421 enim
1172 1391 1336 1432 concupiscit
1354 1402 1414 1429 quae
1427 1391 1455 1420 in
1473 1391 1536 1421 caelo
1552 1399 1624 1428 sunt,
1641 1402 1687 1437 op-

964 1431 1054 1460 robria
1080 1442 1133 1461 non
1158 1431 1233 1461 timet
1253 1433 1279 1461 in
1300 1432 1385 1461 terris-
1398 1445 1404 1460 :
1423 1442 1472 1460 nec
1496 1432 1594 1470 cogitat
1618 1431 1687 1470 quid

945 1442 1090 1509 lhquantur
1101 1471 1222 1500 homines
1235 1478 1347 1511 propter
1360 1471 1461 1510 ipsum,
1474 1470 1522 1499 sed
1555 1470 1601 1499 uid
1612 1470 1686 1510 judi-

945 1517 987 1539 cet
999 1511 1072 1538 Deus
1089 1509 1123 1539 de
1140 1511 1208 1549 ipso.
1225 1511 1281 1546 Qui
1293 1511 1365 1539 enim
1379 1510 1483 1540 laetatur
1494 1481 1621 1538 deqaude
1635 1510 1685 1538 ho-

946 1550 1060 1584 minum,
1074 1556 1101 1578 et
1112 1556 1241 1588 quantum
1251 1550 1366 1584 laetatur,
1378 1556 1481 1578 tantum
1496 1550 1667 1579 contristatur
1678 1561 1684 1578 ε

946 1588 993 1618 ille
1006 1595 1033 1618 et
1051 1588 1087 1617 de
1099 1588 1295 1627 vituperatione
1310 1588 1449 1617 homiuum
1467 1588 1648 1623 contristatur,
1662 1595 1688 1617 et

947 1634 1050 1656 tantum
1064 1628 1246 1664 contristatur,
1259 1635 1388 1666 quantum
1401 1628 1515 1657 laetatur.
1531 1627 1586 1663 Qui
1599 1634 1687 1657 autem

948 1667 982 1696 de
996 1667 1075 1696 laude
1088 1667 1228 1696 hominum
1243 1677 1296 1697 non
1311 1667 1461 1702 extollitur,
1475 1677 1523 1695 nec
1533 1666 1567 1696 de
1577 1667 1687 1712 vitupe-

949 1706 1050 1736 ratione
1077 1706 1247 1736 humiliatur.
1280 1706 1472 1745 Unusquisque
1503 1706 1551 1735 ubi
1575 1706 1688 1745 gloriam

950 1745 1045 1785 quaerit
1054 1768 1062 1782 ‚
1090 1745 1148 1775 illic
1173 1746 1249 1775 timet
1275 1747 1466 1776 confusionem.
1495 1745 1551 1782 Qui
1575 1745 1689 1785 gloriam

949 1785 1045 1825 quaerit
1058 1786 1085 1815 in
1100 1785 1190 1823 terris,
1204 1786 1386 1815 confusionem
1399 1786 1475 1815 timet
1489 1786 1518 1814 in
1532 1786 1619 1815 terris.
1635 1786 1691 1822 Qui

950 1833 1038 1855 autem
1050 1826 1163 1865 gloriam
1176 1835 1228 1855 non
1241 1826 1337 1864 quaerit
1355 1825 1405 1854 nisi
1417 1824 1603 1855 tantummodo
1616 1825 1690 1865 apud

950 1867 1049 1901 Deum,
1065 1865 1112 1895 ille
1124 1875 1176 1894 non
1193 1866 1269 1895 timet
1287 1865 1479 1900 confusionem,
1501 1864 1553 1894 nisi
1573 1871 1691 1894 tanturn-

951 1905 1031 1934 modo
1039 1906 1101 1935 Dei.
1114 1906 1144 1934 Si
1157 1904 1234 1934 miles
1243 1905 1395 1945 periculum
1408 1904 1474 1934 belli
1485 1904 1610 1941 sustinet,
1625 1904 1692 1935 dum

952 1948 1058 1984 ”sperat
1070 1944 1190 1974 victoriae
1209 1944 1326 1985 praedam
1340 1957 1346 1973 :
1360 1952 1460 1983 quanto
1478 1943 1563 1989 magis
1575 1954 1623 1974 vos
1643 1954 1694 1982 op-

972 1984 1061 2013 rohria
1075 1983 1169 2013 mundi
1185 1993 1239 2014 non
1252 1984 1355 2014 debetis
1373 1985 1476 2022 timere,
1489 1994 1536 2022 qui
1551 1984 1625 2023 regni
1639 1993 1694 2013 cae-

994 2024 1026 2053 tis
1039 2023 1180 2064 praemium
1194 2024 1352 2064 exspectatis
1362 2024 1376 2052 ἶν’

1054 2122 1187 2152 Homitia
1198 2122 1311 2152 decima
1325 2133 1360 2152 ex
1375 2123 1470 2162 capite
1480 2124 1595 2163 quinto.
1643 2143 1648 2149 .

997 2216 1046 2245 15.
1062 2214 1120 2244 Vos
1131 2216 1198 2244 estis
1209 2214 1256 2244 sal
1268 2221 1360 2244 terroe.
1378 2214 1463 2252 Quod
1476 2217 1500 2243 si
1510 2214 1557 2243 sal
1571 2224 1696 2243 evanue-

956 2257 1005 2292 rit,
1021 2257 1052 2284 in
1073 2265 1130 2294 quo
1144 2255 1287 2284 salietur?
1305 2261 1354 2283 etc.
1369 2255 1454 2290 Quasi
1473 2253 1698 2292 interrogantibus

958 2294 1096 2334 apostolis,
1111 2293 1146 2323 ad
1159 2304 1227 2332 quos
1241 2293 1275 2323 sit
1289 2293 1376 2322 omnia
1390 2293 1439 2322 ista
1454 2293 1591 2331 loquutus,
1608 2298 1699 2319 utrum

960 2334 1116 2374 generaliter
1129 2333 1164 2363 ad
1184 2334 1316 2378 populum
1325 2355 1332 2368 ,
1347 2339 1390 2361 aut
1415 2331 1449 2360 ad
1477 2332 1549 2370 ipsos
1574 2343 1580 2359 ε
1608 2330 1699 2358 volens

960 2373 1097 2403 ostendere
1110 2383 1238 2412 quoniam
1253 2372 1286 2401 ad
1301 2372 1373 2411 ipsos
1387 2371 1522 2410 praecipue
1536 2370 1591 2398 haec
1605 2369 1699 2412 loque-

960 2413 1050 2447 batur,
1062 2412 1150 2448 addit,
1166 2412 1195 2441 V
1193 2422 1224 2440 os
1238 2413 1306 2441 estis
1317 2411 1363 2439 sal
1384 2417 1475 2440 terrae-
1493 2409 1549 2438 Hoc
1569 2407 1642 2446 quod
1656 2406 1699 2436 di-

963 2453 1010 2489 cit,
1022 2453 1079 2481 Vos
1094 2454 1162 2481 estis
1181 2451 1228 2480 sal
1238 2457 1336 2485 teme,
1352 2448 1387 2477 ad
1413 2447 1483 2476 illud
1498 2447 1615 2486 respicit,
1630 2445 1702 2484 quod

965 2491 1088 2531 superius
1099 2491 1171 2520 dixit
1187 2502 1193 2518 z
1209 2490 1280 2526 Quia
1300 2488 1393 2516 doctor
1413 2486 1538 2515 omnibus
1557 2486 1704 2516 virtutibus
1714 2494 1816 2515 omnihus

205 2590 215 2600 π
234 2582 263 2606 V.
277 2583 307 2607 D.
319 2589 400 2615 sperat
412 2583 468 2607 inde
478 2591 564 2616 capere
570 2582 750 2616 proedam,non
764 2582 836 2608 male.
850 2583 919 2609 Editi
932 2584 957 2609 in
970 2592 1047 2617 marg.
1059 2588 1142 2615 sper-at
1157 2582 1182 2605 in
1196 2587 1298 2613 corpor-e
1310 2578 1433 2609 nroerlam,
1448 2586 1586 2610 perperam.

1516 2611 1565 2641 51.

1707 2141 1746 2157 UK

1773 2462 1855 2482 novior
