1890 2826
562 206 597 230 IN
624 207 740 239 ILLUD,
768 206 838 230 VIDI
863 206 1041 239 Domuum,
1071 208 1196 232 Romu„
1224 208 1272 232 IV·

135 269 192 308 ἅμα
204 270 243 309 τῷ
256 267 322 309 ἁγίῳ
335 267 380 298 καὶ
392 269 482 308 ἀγαθῷ
492 268 630 307 Πνεύματι
641 289 649 304 ,
660 270 705 298 νῦν
719 267 764 297 καὶ
778 268 819 297 ἀεὶ
830 290 838 305 ,
853 267 899 297 καὶ

133 314 239 349 εἰς.τοὺς
252 316 349 348 αἰῶνας
363 316 416 344 τῶν
430 314 540 345 αἰώνων.
555 315 647 355 Ἀμήν.

132 411 196 441 ΕΙΣ
209 412 260 441 ΤΟ
283 413 412 443 ΡΗΤΟΝ
432 414 509 443 ΤΟΥ
522 414 737 444 ΠΡΟΦΗΤΟΥ
759 414 901 443 ΗΣΑΙΟΥ

171 457 203 487 τὸ
210 458 286 498 λέγον
294 470 301 477 ·
309 458 432 498 Ἐγένετο
438 462 483 488 τοῦ
494 461 623 496 ἐνιαυτοῦ,
631 455 661 488 οὗ
671 460 799 490 ἀπέθανεν
809 459 901 494 Ὀζίας

172 507 187 534 ὁ
202 504 333 543 βασιλεὺς,
345 500 413 534 εἶδον
420 505 469 534 τὸν
479 505 576 546 Κύριον
591 505 739 545 καθήμενον
753 506 797 535 ἐπὶ
811 506 902 546 θρόνου

175 552 277 591 ὑψηλοῦ
291 551 336 581 καὶ
355 551 503 591 ἐπηρμένω
515 564 521 570 ·
539 552 584 581 καὶ
605 552 711 586 ἔπαινος
730 554 779 588 τῆς
802 552 903 586 πόλεως

173 599 221 632 τῆς
235 597 249 613 *
258 596 424 636 Ἀντιοχείας·
444 597 488 627 καὶ
506 598 576 628 κατὰ
589 598 744 629 κωλυόντων
757 599 803 628 τὸν
816 598 902 638 γάμον

174 642 260 676 ἔνθεος
272 642 411 677 ἀπόδειξις.

427 743 563 772 ΟΜΙΛΙΑ
578 742 610 772 δ’.

175 827 306 867 Λαμπρὸν
325 829 389 867 ἡμῖν
411 828 525 869 τήμερον
547 828 579 858 τὸ
601 827 708 868 θέατρον
728 828 819 868 γέγονε
829 850 836 864 ,
858 829 904 858 καὶ

136 872 243 912 φαιδρὸς
256 875 270 902 ὁ
283 873 416 913 σύλλογος.
430 874 467 903 Τι’
477 885 540 904 ποτε
550 874 602 914 ἄρα
615 874 646 904 τὸ
659 874 742 904 αἴτιον
752 886 759 911 ;
770 876 834 904 Τῶν
843 875 905 915 χθὲς

135 918 296 958 σπερμάτων
317 919 433 959 καρπὸς,
448 922 462 949 ὁ
476 919 591 959 σήμερον
605 920 737 960 θερισμός.
758 920 827 954 Χθὲς
841 922 905 960 ἐφυ-

135 963 276 1003 τεύσαμεν,
289 965 334 994 καὶ
348 965 463 1006 σήμερον
483 968 632 1006 τρυγῶμεν.
651 968 692 996 Οὐ
706 966 758 1007 γὰρ
771 969 821 1006 γῆν
836 967 904 1007 ἄψυ-

135 1022 185 1050 χον
198 1014 374 1051 γεωργοῦμεν,
394 1011 438 1041 ἵνα
454 1011 569 1052 βραδύνῃ
579 1033 587 1047 ,
601 1012 669 1042 ἀλλὰ
684 1012 771 1052 ψυχὰς
784 1013 903 1052 λογικάς.

137 1058 197 1086 Οὔκ
217 1056 274 1086 ἔστι
295 1056 370 1097 φύσις
384 1059 401 1093 ἡ
421 1057 554 1096 μέλλουσα
564 1080 572 1093 ,
588 1057 657 1086 ἀλλὰ
669 1057 683 1074 ¹¹
693 1058 771 1097 χάρις
784 1060 802 1093 ἡ
821 1058 906 1098 ταχύ-

137 1102 376 1136 νουσαζΕὔτακτος
391 1105 456 1142 ἡμῖν
466 1105 480 1132 ὁ
489 1103 561 1138 λαὸς,
575 1103 698 1143 φιλήκοος
709 1106 723 1132 ὁ
735 1103 825 1142 δῆμος.
838 1103 906 1136 Χθὲς

137 1147 296 1184 ἐκλήθησαν,
308 1148 353 1178 καὶ
368 1148 482 1188 σήμερον
494 1151 692 1187 στεφανοῦνται.
709 1150 766 1184 Τῆς
779 1148 840 1188 χθὲς
854 1160 907 1177 πα-

139 1193 277 1233 ραινέσεως
289 1195 303 1223 ὁ
315 1194 415 1234 καρπὸς
425 1197 442 1230 ἡ
455 1194 569 1234 σήμερον
582 1194 694 1230 ὑπακοή.
709 1193 760 1224 Διὰ
770 1197 848 1223 τοῦτο
861 1194 906 1224 καὶ

137 1241 215 1278 ἡμεῖς
235 1240 302 1278 μετὰ
320 1240 466 1280 προθυμίας
487 1239 521 1269 τὰ
540 1240 682 1280 σπέρματα
694 1240 905 1279 καταὸάλλομεν,

137 1284 178 1314 ὅτι
191 1285 308 1325 καθαρὰν
324 1287 426 1325 ὁρῶμεν
447 1285 495 1322 ἰ-λν
509 1285 632 1326 ἄρουραν,
652 1286 767 1325 οὐδαμοῦ
790 1286 903 1315 ἄκανθαν

137 1330 344 1370 ἀποπνίγουσαν,
366 1331 425 1361 οὐδὲ
446 1331 504 1361 ὁδὸν
518 1331 704 1370 πατουμένην,
727 1331 786 1361 οὐδὲ
805 1331 904 1371 πέτραν

137 1375 238 1415 ἄγονον,
252 1376 320 1406 ἀλλὰ
335 1377 442 1416 βαθεῖάν
459 1389 519 1412 ,τινα
533 1377 578 1406 καὶ
591 1377 706 1417 λιπαρὰν
720 1377 821 1418 χώραν,
838 1380 904 1416 ὁμοῦ

137 1422 281 1462 δεχομένην
296 1422 330 1452 τὰ
343 1423 497 1463 σπέρματα,
509 1423 555 1453 καὶ
568 1424 611 1453 τὸν
627 1424 726 1463 στάχυν
740 1426 804 1463 ἡμῖν
818 1425 904 1464 παρέ-

135 1479 244 1508 χουσαν.
258 1470 284 1498 Τ
285 1472 353 1499 αὕτα
365 1469 441 1509 λέγω
458 1469 515 1507 ἀεὶ,
535 1469 581 1499 καὶ
604 1469 688 1509 λέγων
702 1471 732 1499 οὗ
749 1470 885 1509 παύσομαι
897 1482 909 1489 ·’

137 1514 177 1543 ὅτι
192 1514 321 1553 ἐγκώμιον
335 1517 383 1551 τῆς
394 1515 496 1548 πόλεως
506 1517 553 1551 τῆς
565 1515 695 1556 ἡμετέρας
704 1538 711 1552 ,
724 1517 774 1556 οὐχ
785 1516 826 1546 ὅτι
839 1516 904 1556 σύγ-

137 1560 234 1595 κλητον
255 1560 326 1600 ἔχει,
350 1561 395 1590 καὶ
408 1561 522 1595 ὑπάτους
540 1563 659 1601 ἀριθμεῖν
674 1561 778 1601 ἔχομεν,
793 1563 847 1591 οὐδ’
864 1562 904 1592 ὅτι

138 1605 291 1644 ἀνδριάντας
303 1606 424 1641 πολλοὺς,
435 1607 488 1636 οὐδ’
501 1607 543 1637 ὅτι
559 1607 642 1636 ὠνίων
656 1607 791 1647 ἀφθονίαν,
799 1609 852 1637 οὐδ’
864 1608 906 1638 ὅτι

1629 210 1640 231 1
1651 198 1696 246 '39

955 279 990 299 no
1002 268 1105 309 Spiritu
1118 267 1215 307 hono‘r,
1222 269 1308 310 gloria
1316 276 1343 299 et
1351 269 1583 310 imperium,nunc
1594 277 1620 300 et
1630 281 1696 300 sem-

955 326 1015 356 per,
1029 322 1056 345 et
1067 316 1094 345 in
1106 317 1202 346 saecula
1214 316 1383 346 sacculorum.
1399 317 1494 346 Amen.

920 416 939 441 C
954 415 1153 446 EJUSDEM
1163 416 1216 446 IN
1229 416 1304 446 ch
1311 414 1400 449 TUM
1418 415 1547 445 ILLUD
1558 416 1695 454 ISAIAE,

996 462 1108 492 Factum
1126 468 1165 491 est
1178 471 1258 498 anno,
1271 472 1325 501 quo
1343 468 1464 498 mortuus
1485 468 1525 491 est
1538 462 1618 492 Ozias
1637 474 1696 502 rex,

995 507 1054 539 vidi
1077 507 1224 537 Dominum
1244 507 1380 537 sedentem
1403 507 1432 536 in
1454 507 1522 537 solio
1543 508 1650 538 excelso
1671 517 1696 539 et

996 554 1083 593 elato;
1098 560 1126 583 et
1140 553 1206 582 laus
1219 554 1346 583 civitatis
1359 553 1543 589 Antiochioe;
1557 560 1586 583 et
1595 555 1699 584 adver-

995 610 1045 630 sus
1059 610 1107 629 eos
1121 601 1172 639 qui
1189 600 1344 639 prohibent
1360 600 1478 639 nuptias
1491 600 1699 631 demonstratio

996 646 1109 677 divina.

1211 739 1372 768 HOMlLtA
1391 739 1446 769 tv.

998 826 1010 853 1
1035 823 1198 854 Praeclartim
1222 825 1301 854 nobis
1325 824 1406 854 hodie
1439 824 1574 854 theatrum
1605 825 1698 862 adest,

923 884 943 908 n
957 870 1117 910 magnificus
1133 870 1283 910 alacrisque
1303 878 1397 900 coetus.
1410 870 1486 908 Quid
1498 871 1605 900 tandem
1619 878 1656 900 est
1670 872 1700 901 in

957 916 1057 946 causa?
1071 917 1203 946 sementis
1214 917 1273 946 heri
1290 917 1365 946 factae
1381 917 1495 953 fructus,
1507 916 1589 945 hodie
1608 917 1702 947 messis

958 969 1007 992 est.
1019 963 1084 993 Heri
1098 963 1290 1002 plantavimus,
1304 963 1385 992 hodie
1404 962 1537 992 metimus.
1551 963 1612 992 Non
1630 964 1702 993 enim

958 1016 1056 1038 terram
1066 1009 1211 1038 inanimam
1222 1009 1348 1046 colimus,
1357 1016 1388 1038 ut
1400 1009 1476 1038 tarde
1488 1009 1639 1048 fructificet,
1654 1010 1703 1040 sed

959 1055 1062 1084 animas
1084 1054 1187 1084 ratione
1205 1054 1341 1094 praeditas.
1366 1055 1428 1084 Non
1451 1062 1491 1084 est
1514 1062 1620 1093 natura,
1641 1067 1702 1095 quae

960 1107 1111 1137 cunctatur,
1124 1099 1171 1129 sed
1193 1100 1288 1140 gratia,
1304 1110 1363 1139 quae
1379 1101 1519 1130 accelerat.
1534 1102 1617 1131 Recte
1630 1113 1703 1132 com-

960 1146 1064 1186 positus
1085 1147 1171 1179 nobis=
1182 1146 1312 1186 populus,
1331 1145 1460 1175 audiendi
1486 1146 1604 1177 studiosa
1624 1148 1704 1188 plebs

961 1200 1010 1224 est.
1032 1193 1099 1224 Heri
1111 1193 1199 1224 vocati
1219 1199 1292 1230 sunt,
1305 1192 1387 1222 hodie
1408 1199 1578 1224 coronantur.
1597 1194 1703 1225 Admo-

958 1239 1069 1269 nitionis
1089 1239 1219 1268 hesternae
1243 1239 1347 1268 fruetus
1369 1237 1534 1268 hodiernum
1560 1247 1600 1270 est
1620 1241 1703 1270 obse-

959 1285 1063 1325 quium.
1073 1285 1154 1315 Unde
1167 1294 1216 1314 nos
1228 1294 1336 1323 quoque
1346 1283 1460 1313 libenter
1469 1284 1569 1314 semina
1575 1285 1703 1325 jacimus,

959 1332 1022 1371 quia
1041 1342 1142 1371 purum
1161 1330 1287 1362 videmus
1311 1341 1419 1368 arvum,
1439 1340 1492 1359 non
1513 1331 1618 1371 spinam
1641 1343 1702 1372 quae

924 1389 942 1413 Ε
959 1379 1082 1415 suffocat,
1097 1388 1185 1416 neque
1196 1377 1269 1408 viam
1283 1387 1343 1416 quae
1356 1376 1486 1414 calcatur,
1501 1387 1588 1417 neque
1598 1386 1702 1419 petram

959 1424 1088 1461 sterilem,
1099 1423 1147 1453 sed
1161 1422 1326 1463 profundum
1339 1433 1370 1452 ac
1389 1422 1517 1463 pinguem
1534 1434 1640 1463 agrum,
1653 1426 1702 1465 qui

959 1470 1042 1500 simul
1052 1477 1078 1500 et
1091 1480 1180 1500 semen
1201 1469 1306 1512 recipit,
1322 1476 1348 1499 et
1365 1469 1465 1510 spicam
1483 1469 1562 1499 nobis
1581 1471 1700 1501 exhibet.

958 1518 1022 1547 Haec
1033 1527 1137 1556 semper
1150 1516 1258 1555 loquor,
1270 1525 1318 1544 nec
1332 1515 1408 1552 toqui
1422 1514 1544 1546 desinam
1559 1529 1566 1545 ι
1580 1517 1638 1547 haec
1652 1528 1701 1547 no—

957 1569 1019 1592 strae
1037 1562 1154 1592 civitatis
1165 1562 1223 1591 laus
1235 1568 1285 1598 est,
1299 1571 1352 1591 non
1364 1561 1440 1600 quod
1453 1570 1575 1592 senatum
1592 1564 1699 1601 habeat,

958 1618 1012 1638 non
1034 1607 1109 1647 quod
1129 1607 1251 1637 consules
1274 1617 1414 1638 numerare
1443 1608 1575 1648 possimus
1587 1631 1595 1646 ‚
1614 1617 1701 1648 neque

137 1649 233 1684 θέσεως
245 1650 463 1696 ἐπιτηδειότηταῇ
476 1653 535 1681 ἀλλ’
549 1652 590 1682 ὅτι
603 1654 686 1691 δῆμον
700 1653 756 1693 ἔχει
770 1653 903 1693 φιλήκοον,
916 1680 951 1698 m
959 1653 1032 1692 quod
1045 1660 1144 1683 statuas
1152 1654 1313 1693 ooxnplures,
1324 1664 1411 1692 neque
1428 1653 1502 1693 quod
1516 1654 1646 1685 mercium
1659 1666 1703 1684 co-

138 1694 183 1724 καὶ
205 1695 282 1729 ναοὺς
295 1698 366 1726 Θεοῦ
389 1698 628 1737 πεπληρωμένους,
651 1698 696 1728 καὶ
717 1701 740 1733 ἡ
755 1699 905 1736 Ἐῑιχλησία
925 1707 945 1730 Α
959 1700 1044 1740 piam,
1053 1709 1139 1737 neque
1151 1699 1226 1737 quod
1238 1699 1320 1728 situm
1337 1699 1433 1729 habeat
1446 1699 1616 1730 commodum
1632 1712 1639 1728 z
1653 1701 1702 1730 sed

139 1742 239 1780 μῑλλον
255 1746 267 1758 “
276 1748 362 1782 τρυφᾷ
380 1745 438 1772 καθ’
454 1743 568 1779 ἑκάστην
582 1744 684 1784 ἡμέραν
699 1745 780 1784 λόγον
792 1746 886 1785 ῥέοντα
895 1768 904 1783 ,

137 1787 183 1817 καὶ
196 1787 275 1817 πόθον
294 1788 418 1818 οὐδέποτε
434 1789 628 1828 κορεννύμενον.
643 1789 678 1819 Ἥ
696 1790 747 1830 γὰρ
761 1792 838 1824 πόλις
858 1794 906 1821 οὐκ

138 1833 191 1863 ἀπὸ
205 1835 256 1863 τῶν
273 1835 426 1873 οἰκοδομῶν,
441 1835 510 1864 ἀλλὰ
524 1836 576 1865 ἀπὸ
588 1837 641 1864 τῶν
657 1836 764 1866 ἐνοίκων
776 1837 906 1876 θαυμάζε-

136 1891 189 1908 ται.
204 1879 251 1915 Μή
270 1891 315 1918 μοι
334 1880 405 1919 λέγε,
423 1881 463 1910 ὅτι
477 1883 494 1916 ἠ
508 1881 650 1920 Ῥωμαίων
662 1882 737 1916 πόλις
751 1883 855 1923 μεγάλη
867 1887 906 1924 τῷ

137 1924 242 1964 μεγέθει
254 1937 261 1943 ·
275 1925 344 1955 ἀλλὰ
357 1925 439 1960 δεῖξόν
460 1938 504 1965 μοι
524 1928 578 1956 ἐκεῖ
598 1927 667 1957 οὕτω
685 1928 749 1958 λαὸν
768 1930 903 1969 φιλήκοον,

137 1970 215 2000 Ἐπεὶ
225 1970 270 2000 καὶ
283 1970 317 2000 τὰ
330 1971 437 2011 Σόδομα
448 1972 562 2012 πύργους
576 1969 657 2013 εἶχεν,
671 1976 687 2010 ἡ
703 1973 731 2003 δὲ
743 1975 847 2011 καλύὸη
861 1977 906 2006 τὸν

138 2016 258 2057 Ἀδραάμ
270 2029 276 2033 ·
290 2018 349 2046 ἀλλ’
364 2018 480 2051 ἐλθόντες
495 2019 518 2047 οἱ
535 2019 643 2058 ἄγγελοι
654 2041 663 2056 ,
681 2019 715 2049 τὰ
737 2021 784 2059 μὲν
798 2021 907 2061 Σόδομα

137 2062 314 2103 παρέδραμον,
341 2063 385 2093 ἐπὶ
406 2063 433 2092 δὲ
457 2063 505 2100 τὴν
521 2064 639 2101 καλύὸην
658 2065 838 2106 κατήχθησαν.
865 2066 906 2098 Οὔ

137 2109 189 2149 γὰρ
205 2109 283 2139 οἴκων
296 2109 465 2150 περιφάνειαν
481 2110 598 2147 ἐζήτουν,
613 2111 681 2141 ἀλλὰ
701 2113 789 2152 ψυχῆς
809 2114 906 2154 ἀρετὴν

138 2155 280 2195 περιῄεσαν
293 2157 429 2191 ζητοῦντες
441 2155 486 2185 καὶ
500 2156 607 2190 κάλλος.
624 2157 704 2187 Οὕτω
719 2159 747 2188 δὲ
762 2158 807 2187 καὶ
820 2159 907 2194 ἄλλως

139 2201 157 2235 ἡ
168 2199 264 2239 ἔρημος
277 2196 332 2241 εἶχε
345 2201 389 2231 τὸν
401 2201 535 2239 Ἰωάννην,
549 2205 566 2238 ἡ
584 2203 611 2233 δὲ
624 2203 700 2238 πόλις
713 2204 757 2234 τὸν
769 2204 905 2244 Ἡρώδην·

959 1745 1034 1784 quod
1053 1744 1186 1784 populum
1203 1744 1299 1774 habeat
1312 1744 1440 1784 audiendi
1451 1745 1614 1782 studiosum,
1627 1747 1703 1785 quod

959 1791 1058 1830 templa
1075 1789 1126 1819 Dei
1145 1790 1234 1830 plena,
1249 1790 1323 1829 quod
1343 1789 1470 1820 Ecclesiae
1496 1790 1599 1820 deliciae
1616 1793 1702 1832 magis

961 1840 1083 1866 crescunt
1097 1836 1125 1864 in
1146 1835 1213 1872 dies,
1223 1835 1350 1874 quodque
1366 1846 1514 1866 sermonem
1531 1837 1627 1867 habeat
1639 1848 1704 1878 pro·-

959 1881 1098 1918 fluentem,
1107 1880 1324 1920 desideriumque
1336 1891 1484 1920 numquam
1494 1882 1644 1913 satiantem.
1662 1884 1702 1914 Si-

959 1926 1070 1966 quidem
1087 1926 1183 1956 civitas
1197 1936 1251 1956 non
1272 1927 1307 1956 ab
1324 1926 1456 1964 aedificiis,
1470 1927 1518 1957 sed
1540 1929 1574 1958 ab
1592 1929 1701 1959 inhabi-

1711 465 1799 488 [51:116.
1811 472 1831 492 1,

960 1974 1078 2004 tantibus
1109 1972 1267 2003 admiranda
1290 1973 1424 2004 redditur.
1444 1975 1485 2004 Ne
1510 1975 1579 2005 mihi
1610 1987 1701 2007 narres
1710 1987 1786 2010 Romae
1798 1997 1856 2018 μεε-

961 2021 1143 2050 Romanorum
1159 2019 1261 2049 urbem.
1272 2020 1457 2060 magnitudine
1469 2021 1612 2061 spatiosam
1625 2034 1701 2063 esse;
1712 2019 1755 2056 ¹⁸5¹}
1790 2027 1852 2041 '⁰³¹¹'

960 2065 1008 2096 sed
1029 2065 1138 2096 ostende
1147 2065 1215 2095 mihi
1235 2065 1293 2096 illic
1316 2067 1450 2106 populum
1474 2077 1548 2107 aeque
1571 2069 1703 2109 cupidum

960 2111 1100 2142 audiendi.
1121 2113 1195 2142 Nam
1214 2111 1332 2142 Sodoma
1358 2119 1447 2143 turres
1469 2113 1614 2150 habebant,
1640 2127 1702 2146 cum

1712 2054 1830 2072 civitatem.

961 2157 1100 2188 Abraham
1110 2158 1138 2187 in
1151 2159 1261 2198 tugurio
1275 2166 1425 2188 moraretur
1438 2171 1445 2188 ε
1462 2167 1577 2190 attamen
1590 2163 1700 2192 venien·
1713 2178 1768 2199 Gen.
1792 2177 1828 2201 ¹3,

959 2211 999 2235 tes
1017 2204 1104 2245 angeli
1124 2204 1242 2235 Sodoma
1265 2205 1447 2244 praeteribant,
1461 2213 1487 2236 et
1510 2207 1545 2236 ad
1562 2209 1702 2248 tugurium

142 2244 184 2274 διὰ
196 2247 272 2275 τοῦτο
284 2245 320 2282 “’ἡ
334 2245 430 2287 ἔρημος
443 2248 544 2282 πόλεως
555 2250 792 2290 εὔγνωμονεστέρα.
809 2250 845 2280 Τί
859 2251 906 2287 δή·
925 2253 943 2276 Β
959 2251 1138 2283 divertebant.
1152 2252 1212 2281 Non
1226 2251 1299 2281 enim
1310 2251 1410 2282 aedium
1423 2253 1593 2293 splendorem
1606 2266 1704 2295 quaere-

140 2363 144 2366 ,
171 2335 185 2350 ’⁸
202 2335 246 2368 [Δι
254 2335 311 2362 vide
320 2337 464 2372 nonnum]

173 2374 183 2390 ⁴¹
200 2375 270 2400 Unus
277 2380 343 2410 χάρις
352 2380 366 2406 ἡ
375 2381 408 2409 μὴ
419 2381 451 2411 βρ
456 2380 562 2405 αδὺνουσκ
578 2382 625 2406 ε-Ξτ.
634 2379 734 2404 Ibidem
746 2379 796 2413 alii,
803 2380 896 2407 Savilio

140 2420 267 2446 monente,
280 2418 403 2451 ιῧπροατος
413 2419 467 2448 ἡμῖν
476 2419 488 2443 ὸ
498 2420 558 2447 λαός.

173 2461 186 2475 a
203 2453 241 2478 Ad
253 2461 327 2490 τρυφᾷ
344 2458 408 2488 λόγον
425 2458 506 2490 ῥέοντα
523 2455 576 2482 haec
588 2462 663 2482 notat
674 2457 780 2483 Savilius
794 2467 800 2482 :
815 2468 827 2481 «
842 2459 895 2483 Du-

141 2491 275 2518 r‘msculum
289 2492 366 2518 videri
384 2495 464 2527 possit
475 2502 561 2531 vpupq'ne
574 2498 649 2528 λόγον,
662 2494 749 2521 durius
760 2505 845 2533 τρυφᾷν
857 2504 897 2525 πό-

142 2535 179 2557 θον
193 2543 198 2557 z
212 2530 255 2556 aed
265 2537 326 2564 puto
342 2537 409 2559 πόθον
423 2542 474 2558 non
490 2543 504 2558 a
516 2541 602 2570 τρυρᾷν
614 2533 673 2567 regi,
684 2534 728 2560 sed
739 2544 754 2560 a
765 2539 898 2571 κορεννύμι-

143 2581 178 2596 νον
190 2579 196 2594 2
211 2569 260 2595 hoc
276 2577 327 2603 est,
339 2572 364 2596 in
383 2574 494 2598 oratione
505 2573 622 2598 deliciari
634 2574 744 2607 fluente,
758 2581 781 2599 el
796 2575 895 2601 deside-

144 2609 205 2633 rium
224 2618 360 2644 numquam
376 2612 515 2637 satiante.»
535 2611 607 2638 lurra
624 2612 700 2640 Savil.
719 2616 770 2640 ἀλλ’
790 2619 835 2642 ἀπὸ
855 2621 899 2641 τῶν

945 2346 1033 2370 §volam
1042 2345 1247 2378 χαρακτηρίζεται.

977 2383 991 2402 1³
1008 2382 1080 2407 Unus
1089 2386 1102 2411 ἡ
1111 2384 1287 2417 Ε’ρημοςπόλεως
1294 2384 1320 2412 ἦν
1327 2382 1618 2418 εὖσχημονεστέρα,ῐηε1ἰιιε
1628 2392 1703 2416 quum

945 2423 1154 2456 εὐγνωμονιττίρα,
1167 2426 1195 2445 ut
1211 2419 1306 2445 habent
1324 2420 1380 2452 alii,
1391 2427 1417 2446 et
1430 2421 1507 2446 Editi.
1519 2421 1588 2446 Infra
1608 2422 1705 2455 aliquot

944 2460 1070 2487 Mssa-mm
1078 2462 1183 2488 τοιαύτην
1191 2458 1475 2493 δγκωμιάσωμιν.1ἰ)ἰι1οιη
1485 2459 1616 2493 legendum
1625 2463 1705 2494 suspi-

946 2504 1019 2523 catur
1034 2497 1141 2523 savilius
1153 2502 1197 2525 ἀπὸ
1216 2502 1358 2533 πραγμάτων
1370 2501 1550 2530 καταλυομένων.
1567 2498 1618 2524 Sed
1629 2511 1704 2527 κατα-

949 2541 1067 2571 λυομένην,
1075 2542 1104 2561 ut
1114 2536 1209 2562 habent
1219 2545 1305 2562 omnes
1317 2545 1374 2560 cum
1388 2535 1457 2561 Editi
1472 2542 1524 2562 tum
1535 2538 1701 2572 Manuscripti

948 2582 1013 2601 stare
1025 2581 1116 2608 potest.
