1890 2826
71 429 148 451 arod.
161 426 200 451 33.

73 467 98 482 iz
107 478 110 482 .

72 524 125 545 Aa.
137 531 160 553 9.
177 521 211 544 15.

76 895 151 920 Exod.
167 893 205 916 33.

80 928 114 949 13.

77 983 204 1013 Jmt.7.14.8

82 1550 158 1571 Exod.
171 1548 210 1572 33.

83 1587 112 1602 20

83 1827 159 1847 [hod.
168 1824 207 1848 33·

84 1864 121 1878 22.
135 1857 172 1878 23.

221 216 295 263 494

223 289 338 327 gentem.
356 287 428 315 Inter
442 291 544 315 veteres
566 287 661 325 Moyse
679 295 756 315 nemo
768 284 822 315 fide
835 284 943 325 dignior
958 297 964 314 z

221 335 249 363 in
270 332 463 363 recentioribus
487 342 565 362 nemo
589 331 674 361 Paulo
697 331 851 372 sapientior.
871 333 968 369 Quaere

222 387 339 410 veterem
355 386 464 415 statum,
478 386 503 408 et
516 378 651 408 nominem
669 380 765 418 Moyse
782 378 911 418 majorem
922 389 967 408 re-

222 426 309 466 peries
321 439 327 454 :
341 436 401 454 nam
416 427 520 454 Inveni
540 431 578 462 te,
590 431 618 453 et
629 426 768 454 invenisti
778 426 904 464 gratiam
908 435 968 464 prae

223 474 366 502 omnibus.
378 473 408 501 In
425 472 502 501 Novo
514 471 685 500 Testamento
697 481 775 500 nemo
789 471 873 501 Paulo
886 472 970 512 perfe-

223 520 291 549 ctior
303 532 309 547 ε
323 520 352 548 V
349 529 382 547 as
398 518 470 547 enim
482 518 634 547 electionis
650 523 705 553 est,
718 517 908 557 Christumque
921 517 969 547 ha-

223 565 309 595 hetin
322 565 409 605 seipso
427 565 590 604 loquentem.
613 564 655 594 Ne
668 563 895 603 praetergoediaris
913 571 966 594 ter-

936 222 1071 246 INCEn'rt

1020 284 1129 325 ἀφέντες
1140 286 1217 324 ἡμεῖς
1224 308 1232 321 ,
1243 285 1287 315 ἐπὶ
1301 285 1350 321 τὴν
1361 287 1423 325 ὑγιῆ
1432 283 1478 315 καὶ
1486 285 1610 325 ’ἀσφαλῆ
1623 285 1671 321 τῆς
1680 284 1800 315 πίστεως

1020 332 1215 371 ἐπανέλθωμεν,
1230 332 1275 362 καὶ
1288 332 1414 371 δείξωμεν
1425 332 1469 362 τὸν
1484 332 1580 362 κανόνα
1591 334 1638 368 τῆς
1649 332 1794 368 εὔσεὸείας,

1020 379 1053 407 δι’
1068 380 1150 414 αὐτῆς
1159 380 1207 414 τῆς
1219 378 1344 414 ἀληθείας
1357 378 1537 417 ἐκλάμποντα.
1549 378 1644 412 Οὐδεὶς
1657 378 1794 411 Μωϋσέως

1020 426 1047 454 ἐν
1055 429 1109 458 τοῖς
1119 424 1239 464 ἀρχαίοις
1250 424 1471 465 ἀξιοπιστότερος,
1483 424 1567 458 οὐδεὶς
1577 424 1688 454 Παύλου
1700 425 1727 453 ἐν
1738 428 1792 457 τοῖς

1020 470 1086 503 νέοις
1106 469 1262 510 σοφώτερος.
1277 470 1435 511 Ἐρεύνησον
1453 470 1503 506 τὴν
1518 470 1635 500 παλαιὰν
1655 469 1791 500 κατάστα-

1021 528 1072 551 σιν,
1085 516 1131 545 καὶ
1147 516 1281 551 Μωῢσέως
1295 516 1388 546 οὐδένα
1403 516 1509 556 μείζονα
1522 516 1656 557 εὑρήσεις·
1667 514 1792 555 1’Ἔγνων

1021 562 1071 602 γάρ
1081 574 1110 592 σε
1117 585 1125 597 ,
1138 562 1182 592 καὶ
1197 558 1270 603 εὗρες
1281 563 1360 603 χάριν
1371 563 1445 604 παρὰ
1456 564 1566 596 πάντας.
1576 561 1670 595 Οὐδεὶς
1681 561 1797 591 Παύλου-

225 613 311 641 minos
336 611 440 652 Moysis
465 617 491 640 et
510 609 597 639 Pauli.
622 609 698 647 Quid
719 609 822 639 invenit
841 611 967 650 Moyses,
985 618 1006 642 D
1021 609 1048 637 ἐν
1060 610 1093 647 τῇ
1108 607 1165 647 Νέᾳ
1179 609 1356 649 τελειότερος·
1377 610 1476 642 Σκεῧος
1499 608 1550 649 γάρ
1572 609 1643 637 ἐστιν
1668 608 1793 646 ἐκλογῆς,

225 657 490 698 comprehensionem
513 655 686 691 substantiae,
704 665 737 684 an
762 655 876 694 gloriam
900 656 970 685 Dei?

226 706 350 744 Moyses.
372 704 466 732 fratres
476 726 483 738 ‚
498 702 574 732 venit
587 702 614 730 in
635 701 879 741 concupiscentiam
897 702 948 731 Dei
962 724 969 738 ‚

227 757 256 779 ut
269 751 351 780 homo
371 749 524 790 religiosus,
536 756 562 778 et
575 749 710 788 ignoravit
722 758 751 777 se
761 748 800 778 rei
813 748 970 788 impossibi-

226 797 260 826 lis
273 796 407 826 desiderio
425 795 507 826 teneri
522 808 528 824 :
540 801 654 824 attamen
677 804 726 834 per
738 804 781 829 ea,
796 804 856 832 quae
868 794 944 834 petiit
956 806 971 824 a

226 844 294 880 Deo,
309 842 378 882 quid
396 841 561 872 desideraret
581 841 707 870 ostendit.
727 840 804 878 Quid
826 841 898 870 enim
912 841 972 870 ait?

228 891 363 924 Obsecro,
377 890 517 925 Domine,
532 889 558 917 si
577 889 677 917 inveni
701 889 828 927 gratiam
852 889 884 916 in
904 898 972 917 con-

225 942 324 974 spectu
338 942 404 973 tuo,
421 935 579 975 manifeste
598 934 719 963 videam
740 940 785 970 te,
802 934 922 963 ostende
945 940 974 963 te

227 983 307 1011 mihi.
332 982 426 1011 Frater
447 980 536 1010 eratis
548 979 671 1020 Philippi
696 978 830 1009 dicentis:
846 981 974 1009 Ostende

228 1028 308 1057 nobis
328 1028 461 1063 Patrem,
475 1032 503 1055 et
515 1026 627 1068 snsficit
642 1027 736 1054 nobis.
752 1025 877 1061 Domine,
892 1032 921 1054 tu
932 1025 975 1055 di-

228 1074 308 1111 xisti,
332 1074 476 1102 Invenisti
504 1075 633 1114 gratiam
657 1083 688 1101 m
709 1077 866 1111 conspectu
887 1082 973 1101 meo.-

227 1121 346 1151 ostende
357 1121 431 1149 mihi
442 1121 633 1159 temetipsum,
643 1125 676 1148 ut
688 1120 844 1161 manifeste
855 1120 974 1148 videam
993 1128 1009 1151 Β

231 1174 268 1196 te.
280 1166 361 1196 Vidit
372 1165 483 1206 quidem
494 1176 556 1195 eum
566 1166 594 1194 in
605 1166 685 1201 rubo,
695 1165 764 1195 vidit
771 1176 833 1195 eum
843 1176 878 1195 ex
887 1172 977 1195 monte

232 1213 308 1249 Sina,
324 1212 394 1242 vidit
413 1222 475 1241 eum
499 1211 614 1241 diversis
627 1212 655 1241 in
675 1211 742 1243 locis
756 1219 937 1252 apparentem,
951 1218 977 1241 et

230 1260 313 1290 variis
337 1259 424 1289 modis
445 1259 614 1299 praesentiam
644 1270 722 1289 suam
745 1259 907 1289 indicantem
917 1282 924 1295 ‚
950 1266 977 1288 at

230 1307 323 1335 beatus
337 1306 385 1335 ille
398 1307 507 1345 Moyses
521 1305 607 1345 ipsam
620 1304 713 1334 videre
732 1305 856 1344 cupiebat
875 1311 977 1333 naturae

231 1354 355 1382 formam.
370 1353 439 1381 Nam
460 1351 541 1380 homo
564 1362 626 1381 cum
649 1358 728 1388 esset,
743 1352 862 1381 humana
883 1351 917 1380 de
930 1362 976 1380 su-

233 1410 314 1439 perna
327 1398 374 1428 illa
384 1398 485 1428 virtute
499 1397 702 1437 imaginabatur.
715 1397 790 1427 Deus
803 1404 891 1426 autem
905 1397 976 1426 desi-

1021 654 1066 683 καὶ
1075 655 1206 684 λαλοῦντα
1215 654 1283 695 ἔχων
1292 656 1318 683 ἐν
1329 656 1414 694 ἐαυτῷ
1423 654 1468 684 τὸν
1478 653 1603 692 Χριστόν.
1615 653 1662 689 Μὴ
1677 653 1799 693 ὓπερὸῇς

1021 700 1081 734 τοὺς
1095 703 1141 729 τοῦ
1164 700 1301 734 Μωϋσέως
1322 700 1398 740 ὅρους
1414 699 1460 729 καὶ
1481 702 1526 729 τοῦ
1546 699 1666 729 Παύλου.
1683 698 1719 728 Τί
1735 695 1793 738 εὗρε

1022 748 1140 782 Μωϋσῆς
1148 767 1157 782 ,
1170 746 1320 786 κατάληψιν
1331 745 1421 780 οὐσίας
1430 769 1438 782 ,
1450 745 1467 781 ἢ
1479 745 1554 779 δόξαν
1562 747 1647 782 Θεοῦ;
1661 747 1794 780 Μωῦσῆς,

1023 793 1145 833 ἀδελφοὶ,
1167 789 1246 829 ἦλθεν
1269 794 1305 826 εἷς
1326 791 1467 831 ἐπιθυμίαν
1490 792 1561 821 Θεοῦ
1570 814 1578 828 ,
1600 793 1637 824 ὡς
1659 790 1794 831 ἄνθρωπος

1023 839 1155 879 φιλόθεος,
1176 839 1222 869 καὶ
1241 838 1356 878 ἠγνόησε
1377 837 1434 877 μὲν,
1454 837 1496 867 ὅτι
1515 837 1642 866 ἀδύνατον
1656 836 1801 876 ἕτεέθύμειι

1024 885 1095 924 ὅμως
1117 885 1145 915 δὲ
1165 885 1198 914 δι’
1212 880 1249 914 ὧν
1271 884 1368 924 ᾔτησεν
1392 883 1436 913 τὸν
1459 882 1538 918 Θεὸν,
1563 882 1667 916 ἔδειξεν.
1686 883 1723 912 Τί
1744 882 1796 922 γάρ

1024 943 1105 972 φησι;
1119 931 1222 971 Δέομαι
1231 954 1239 968 ,
1253 931 1335 971 Κύριε
1344 953 1352 967 ,
1367 932 1390 959 εἶ
1404 929 1504 970 εὕρηκα
1515 929 1594 970 χάριν
1613 928 1725 958 ἐνώπιόν
1734 940 1796 964 σου,

1024 978 1148 1016 γνωστῶς
1160 977 1208 1007 ἴδω
1222 989 1266 1013 σε,
1281 976 1424 1017 ἕμφάνισόν
1448 986 1492 1015 μοι
1507 975 1614 1004 σαυτόν.
1628 974 1750 1014 Ἀδελφὸς
1762 970 1800 1010 ἦν

1025 1019 1100 1056 οὗτος
1112 1026 1158 1052 τοῦ
1172 1022 1311 1053 Φιλίππου
1331 1025 1377 1052 τοῦ
1400 1021 1532 1061 λέγοντος·
1556 1020 1646 1055 Δεῖξον
1666 1023 1732 1059 ἡμῖν
1751 1019 1796 1049 τὸν
1818 1048 1821 1051 ⁴

1025 1068 1149 1109 Πατέρα,
1161 1069 1205 1099 καὶ
1218 1070 1293 1109 ἀρκεῖ
1305 1070 1378 1107 ἡμῖν.
1390 1067 1488 1107 Κύριε,
1505 1067 1537 1097 σὺ
1551 1062 1642 1102 εἶπας,
1658 1065 1698 1095 ὅτι
1713 1062 1796 1105 Εῧρες

1026 1115 1103 1155 χάριν
1124 1114 1234 1144 ἐνώπιόν
1259 1125 1326 1153 μου,
1345 1112 1489 1154 ἐμφάνωόν
1516 1125 1559 1152 μοι
1584 1112 1702 1148 σεαυτὸν,
1725 1112 1796 1144 ὅπως

1026 1164 1150 1201 γνωστῶς
1163 1162 1211 1192 ἴδω
1231 1173 1270 1191 σε.
1286 1156 1348 1191 Ei&
1377 1160 1424 1199 μὲν
1448 1159 1500 1200 γὰρ
1520 1160 1598 1191 αὐτὸν
1620 1160 1666 1190 καὶ
1686 1158 1730 1189 ἐπὶ
1749 1160 1798 1193 τῆς

1027 1206 1108 1245 βάτου
1119 1229 1126 1241 ,
1139 1202 1207 1236 εἶδεν
1221 1205 1300 1235 αὒτὸν
1311 1205 1357 1235 καὶ
1371 1207 1402 1235 ἐκ
1415 1207 1461 1234 τοῦ
1476 1205 1552 1246 ὄρους
1563 1206 1631 1235 Σινᾶ
1639 1227 1647 1240 ,
1670 1199 1736 1234 εἶδεν
1747 1203 1798 1231 αὒ-

1027 1251 1071 1279 τὸν
1082 1250 1126 1280 καὶ
1138 1252 1169 1280 ἐκ
1180 1250 1310 1291 διαφόρων
1322 1249 1481 1289 ἐπιφανέντα
1495 1250 1592 1287 τόπων,
1605 1248 1651 1278 καὶ
1670 1247 1801 1288 διαφόρως

1027 1296 1075 1333 τὴν
1090 1297 1244 1336 ἐπιφάνειαν
1258 1298 1339 1326 αὐτοῦ
1361 1295 1555 1335 ἐνδειξάμενον·
1570 1296 1628 1324 ἀλλ’
1641 1297 1656 1324 ὁ
1670 1293 1799 1334 μακάριος

1027 1343 1124 1375 ἐκεῖνος
1138 1343 1255 1377 Μωῦσῆς
1270 1341 1348 1370 αὐτὸν
1363 1343 1427 1371 ἰδεῖν
1446 1342 1534 1371 ἐπόθει
1556 1343 1604 1377 τῆς
1628 1340 1730 1381 φύσεως
1754 1339 1799 1369 τὸν

1027 1390 1200 1428 χαρακτῆρα·
1216 1388 1351 1427 ἄνθρωπος
1366 1387 1414 1422 ὣν,
1425 1387 1576 1428 ἀνθρώπινα
1588 1387 1650 1427 περὶ
1660 1389 1708 1422 τῆς
1717 1389 1801 1426 ὓπερ-

232 1446 339 1475 derium
354 1445 442 1474 fidelis
453 1444 548 1473 famuli
562 1444 734 1484 approbavit,
742 1444 870 1483 flexitque
882 1445 975 1473 huma·
984 1434 1139 1475 ιιδχθσμίου
1160 1434 1294 1472 δυνάμεως
1313 1434 1480 1474 ἕφαντάζετο·
1495 1434 1529 1463 Ὁ
1552 1434 1579 1463 δὲ
1600 1433 1670 1466 Θεὸς
1690 1433 1734 1462 τὸν
1754 1432 1805 1471 μ·ὲν

232 1502 299 1520 num
313 1492 438 1520 affectum
451 1490 629 1530 impossibilia
643 1490 806 1530 cupientem.
817 1490 893 1526 Quid
905 1490 976 1520 enim
994 1482 1011 1505 Α
1029 1480 1107 1510 πόθον
1118 1483 1164 1510 τοῦ
1178 1483 1273 1509 πιστοῦ
1287 1479 1444 1519 θεράποντος
1458 1479 1577 1513 ἕδέξατΨ
1591 1479 1676 1509 πείθῃ
1691 1478 1739 1514 Τὴν
1751 1480 1799 1507 ἀν“

233 1539 269 1567 ait
282 1537 346 1566 illi?
359 1538 453 1567 Nemo
470 1537 585 1565 videbit
596 1537 706 1575 faciem
725 1546 830 1572 meam,
842 1543 871 1565 et
883 1538 976 1566 vivet.

233 1583 421 1614 Desideratum
431 1593 483 1612 non
498 1582 569 1622 capit
582 1582 669 1612 virtus
682 1582 892 1612 desiderantium
906 1594 912 1611 ε
925 1593 978 1613 non

233 1631 280 1659 fert
294 1629 414 1659 mortalis
433 1629 528 1659 oculus
549 1628 728 1658 immortalem
750 1635 886 1657 naturam.
903 1629 978 1666 Quid

232 1686 307 1715 ergo,
319 1675 447 1711 Domine,
463 1674 594 1713 relinquis
617 1674 676 1704 sine
696 1674 792 1704 solatio
805 1685 934 1711 amorem,
949 1686 980 1704 ac

232 1733 266 1752 ne
278 1722 401 1751 umbram
422 1720 534 1760 quidem
545 1720 648 1760 praebes
660 1719 799 1757 desiderii,
815 1720 839 1750 ei
860 1720 907 1759 qui
921 1727 980 1750 tan-

234 1776 291 1797 tum
312 1779 430 1798 amorem
452 1767 542 1796 animo
565 1765 708 1806 concepit?
727 1766 908 1803 Quamobrem
921 1767 959 1796 ait
971 1779 978 1796 t

235 1815 320 1843 Pono
334 1816 365 1843 in
377 1819 473 1853 petra,
485 1819 513 1842 et
531 1818 758 1856 protego'manu
779 1822 844 1841 mea
854 1824 865 1841 .-
876 1819 980 1843 etcum

236 1863 372 1890 transibit
384 1860 481 1900 gloria
495 1870 571 1895 mea,
585 1859 700 1888 videbis
708 1861 888 1898 posteriora.-
899 1868 981 1890 ante-

233 1910 313 1937 riora
335 1918 408 1937 vero
427 1917 486 1935 non
508 1907 634 1935 videbis.
658 1907 719 1936 Non
733 1905 814 1942 dixit,
833 1908 906 1936 Cum
919 1918 981 1947 per-

234 1955 363 1991 transibo,
377 1953 442 1989 sed,
461 1953 534 1982 Cum
557 1954 692 1982 transibit
715 1953 810 1992 gloria
831 1964 906 1983 mea.
921 1955 981 1984 Non

267 2068 278 2079 ³
295 2058 388 2093 Ᾰσραλῆ
408 2064 448 2088 τῆς
465 2061 568 2086 πίστεως.
588 2055 656 2088 Quid
676 2056 793 2089 prohibet
813 2056 845 2082 ad
868 2058 1000 2090 deplorata

235 2098 353 2123 hariolari
361 2097 372 2122 ?
380 2097 525 2130 Cujusmodi
535 2096 649 2128 profecto
657 2102 716 2121 suut
725 2095 803 2121 verba
815 2097 937 2122 Dorothei
946 2099 999 2131 epi-

235 2139 305 2170 scopi
323 2136 357 2162 ad
376 2138 501 2162 Joanuem
525 2134 714 2160 Antiochenum
735 2144 794 2168 cap.
812 2137 859 2160 1⁴5
878 2136 1001 2170 Synodici

236 2175 363 2202 Baluziani
377 2185 382 2199 :
397 2175 451 2210 Qui
463 2174 681 2208 naufragaverunt
694 2183 711 2198 a
722 2176 768 2207 pia
770 2174 833 2208 fide
841 2181 935 2206 noso-a,
949 2185 1001 2210 qua

237 2218 291 2241 unit
306 2216 418 2250 sarparis
433 2215 528 2248 proprii
543 2213 649 2245 fulcita.
669 2214 731 2244 Quae
750 2222 826 2246 porro
846 2214 1002 2241 hariolatio?

237 2256 368 2289 Har-pagis
383 2255 491 2288 pmpriis
511 2263 518 2277 .·
536 2257 566 2279 τὰ
583 2257 699 2288 ἁρπαγαῖς
719 2255 783 2282 ἰδίαις
801 2256 941 2287 ἐρειδόμενα.
956 2254 1002 2280 Co-

237 2296 308 2321 zeter.
717 2303 722 2307 ·

270 2336 284 2355 ¹·
300 2332 375 2367 ἔγνων
394 2337 440 2367 γάρ
457 2344 490 2359 σε.
510 2330 612 2356 Caesarii
631 2331 727 2361 Quaest.
743 2332 790 2356 476
806 2340 811 2354 ε
827 2335 883 2366 πρὸς
901 2335 1002 2363 &mn-25

239 2376 281 2406 (an
294 2378 358 2409 παρὰ
368 2374 468 2402 πάντας)
481 2375 611 2405 ἀνθρώπους
622 2373 689 2402 ἔγνων
701 2380 738 2401 σε,
747 2374 784 2396 καὶ
796 2370 859 2405 εὗρες
866 2375 934 2406 χάριν
949 2375 1003 2397 ἑνώ-

238 2420 288 2441 πιόν
297 2424 351 2447 μου.
367 2411 472 2438 coteler-

272 2461 282 2472 ²
301 2455 376 2481 Οὐδεὶς
388 2454 467 2485 ὄψεται
479 2453 506 2475 τὸ
518 2453 636 2483 πρόσωπόν
647 2458 705 2480 μου,
720 2452 757 2474 καὶ
774 2452 874 2479 ζήσεται.
888 2449 1003 2473 Invenies

239 2491 351 2517 Humilia
362 2488 478 2516 Paschuli
490 2489 521 2513 27
539 2487 566 2513 S.
584 2486 673 2521 Cyrilli
693 2485 743 2512 hoc
756 2492 833 2519 pacto
852 2486 981 2512 laudatum
994 2498 999 2512 :

239 2534 308 2560 οὐδεὶς
319 2535 364 2566 γὰρ
375 2532 463 2563 ὄψεται,
476 2530 547 2563 φησὶν,
557 2528 609 2552 ἰδεῖν
620 2530 647 2552 τὸ
658 2531 777 2560 πρόσωπόν
790 2537 844 2559 μου,
853 2529 891 2552 καὶ
903 2531 1003 2559 ζήσεται,

240 2569 317 2597 verbo
330 2573 381 2596 ἰδεῖν
392 2566 517 2601 superflue
531 2574 563 2590 ex
574 2566 689 2599 margine
702 2564 803 2590 adscito
811 2585 817 2596 ,
831 2574 882 2598 quo
894 2564 1005 2591 indicare

240 2610 354 2636 voluerat
371 2613 491 2639 notator,
505 2605 554 2631 hoc
575 2605 682 2632 verbum
703 2608 754 2632 ἰδεῖν
771 2603 810 2630 bis
825 2614 854 2630 eo
871 2605 921 2631 loci
937 2605 1004 2638 apud

1027 1526 1160 1566 θρωπίνην
1173 1526 1256 1566 ὄρεξιν
1269 1527 1322 1555 τῶν
1337 1525 1472 1555 ἀδυνάτων
1491 1527 1678 1564 ἐπιθυμοῦσαν.
1694 1524 1730 1554 Τί
1743 1524 1795 1564 γάρ

1029 1584 1093 1613 φησι
1102 1572 1167 1613 πρὸς
1181 1572 1277 1608 αὔτόν;
1299 1571 1410 1605 Ὀὐδεὶς
1425 1571 1518 1611 ὄψεται
1531 1571 1561 1601 τὸ
1574 1571 1716 1611 πρόσωπόν
1730 1582 1780 1610 μου
1792 1594 1800 1607 ,

1029 1619 1074 1648 καὶ
1091 1618 1207 1655 ζήσεται.
1221 1618 1261 1647 Οὔ
1274 1622 1357 1658 χωρεῖ
1377 1617 1540 1656 ποθούμενον
1554 1620 1572 1653 ἡ
1586 1620 1639 1647 τῶν
1652 1617 1802 1647 ποθούντων

1031 1665 1157 1704 δύναμις,
1185 1666 1214 1694 οὖ
1230 1663 1302 1704 φέρει
1324 1663 1405 1699 θνητὰ
1427 1663 1484 1704 ὄψις
1506 1664 1555 1700 τὴν
1570 1663 1698 1693 ἀθάνατον
1717 1663 1804 1703 φύσιν.

1031 1710 1067 1740 Τί
1077 1706 1132 1747 οὖν,
1147 1705 1169 1740 ὦ
1184 1709 1309 1740 Δέσποτα
1317 1732 1325 1747 ,
1337 1709 1547 1748 καταλιμπάνεις
1554 1709 1599 1739 τὸν
1611 1709 1689 1739 πόθον
1701 1712 1805 1750 ἀπαρα-

1032 1756 1148 1796 μύθητον
1157 1779 1165 1793 ,
1179 1755 1297 1785 καὶηῦδὲ
1317 1756 1394 1786 σκιὰν
1407 1755 1532 1796 παρέχεις
1550 1758 1598 1792 τῆς
1611 1755 1751 1794 ἐπιθυμίας
1768 1757 1807 1794 τῷ

1032 1801 1219 1843 φανταζομένῳ
1230 1805 1355 1831 τοσοῦτον
1368 1801 1462 1839 πόθον;
1476 1801 1557 1832 αΟθεν
1569 1801 1650 1842 φησί·
1662 1801 1765 1840 Τίθημί
1777 1812 1807 1830 σε

1033 1855 1068 1886 εἷς
1079 1852 1128 1889 τὴν
1139 1852 1251 1893 πέτραν,
1267 1852 1312 1882 καὶ
1327 1852 1452 1886 σκεπάζω
1464 1854 1497 1892 τῇ
1511 1851 1582 1892 χειρί
1595 1863 1646 1891 μου
1655 1863 1662 1870 ·
1676 1851 1722 1881 καὶ
1730 1853 1758 1881 ἐν
1769 1853 1810 1891 τῷ

1032 1903 1212 1944 παρέρχεσθαι
1229 1903 1278 1940 τὴν
1300 1903 1375 1938 δόξαν
1390 1915 1440 1942 μου
1454 1903 1506 1943 ὄψῃ
1525 1902 1560 1932 τὰ
1581 1903 1703 1939 ὀπίσθια,
1722 1902 1757 1932 τὸ.
1778 1902 1806 1931 δὲ

1033 1954 1182 1995 ἐμπρόσθια
1193 1955 1241 1984 οὐκ
1254 1954 1317 1994 ὄψῃ.
1331 1954 1379 1984 Ἐν
1392 1955 1430 1994 τῷ
1444 1953 1642 1994 παρέρχεσθαι,
1656 1954 1703 1983 οὐκ
1724 1948 1806 1991 εἶπεν,

1049 2059 1119 2084 Lxx
1141 2057 1250 2091 positum
1263 2066 1324 2083 esse.
1338 2058 1424 2083 Posset
1440 2063 1524 2083 tamen
1541 2063 1678 2090 utcumque
1693 2058 1788 2089 exponi
1802 2066 1807 2081 ;

1049 2098 1133 2123 Nemo
1143 2098 1266 2132 spectabit
1279 2103 1306 2121 ιιι
1317 2098 1415 2130 videat,
1429 2097 1514 2123 Ne‘mo
1525 2097 1621 2121 videbit
1631 2098 1733 2121 intuitu.
1744 2096 1810 2121 Alibi

1050 2136 1144 2169 absque
1163 2139 1214 2163 ιδιῖν
1230 2138 1294 2161 citat
1304 2157 1311 2169 ,
1331 2135 1545 2169 quemadmodum
1563 2135 1615 2161 alii.
1634 2135 1676 2161 lh.
1696 2140 1737 2169 οὐχ
1752 2140 1808 2171 ὄρεϊ.

1051 2177 1097 2208 [sic
1108 2175 1173 2202 Cod.
1187 2176 1281 2209 Cotel.]
1291 2177 1351 2209 Leg.
1364 2179 1388 2203 οὖ
1400 2181 1483 2211 χωρεῖ,
1495 2181 1581 2208 estque
1592 2175 1675 2200 forsan
1687 2184 1719 2200 ex
1729 2175 1812 2200 dictu-

1051 2216 1120 2240 tione
1135 2221 1206 2241 ortus
1224 2224 1308 2247 error,
1321 2213 1534 2248 quemadmodum
1546 2215 1610 2239 Can.
1622 2214 1740 2239 Africano
1756 2216 1789 2239 99
1804 2223 1809 2238 :

1051 2259 1089 2282 καὶ
1100 2259 1139 2282 ἐὰν
1148 2259 1189 2285 τὴν
1200 2259 1300 2284 αἴσθησιν
1311 2258 1336 2280 ἐκ
1348 2256 1433 2280 τούτων
1442 2258 1685 2288 κατεχρήσαντο,μετὰ
1695 2257 1734 2279 τὸν
1744 2258 1813 2287 βασι-

1052 2297 1112 2321 λικὸν
1121 2300 1189 2327 νόμον
1200 2296 1295 2329 ὀφείλειν
1311 2296 1385 2319 ταῦτα
1394 2296 1601 2319 ἀποκαθίστασθαιῖ
1611 2290 1654 2317 uhi
1665 2292 1754 2318 Canon
1763 2293 1813 2318 La-

1052 2332 1120 2358 tinus
1130 2342 1135 2357 :
1151 2331 1206 2367 Qui
1217 2341 1274 2357 vem
1283 2332 1374 2366 aliqua
1386 2337 1575 2365 usurpaverunt,
1586 2337 1644 2365 post
1653 2331 1732 2365 legum
1742 2340 1813 2356 usur-

1050 2377 1115 2406 pata
1127 2373 1244 2396 conventi
1251 2373 1382 2396 restituant
1389 2380 1398 2395 .·
1411 2370 1487 2402 unde,
1498 2376 1558 2395 utet
1569 2378 1598 2395 ex
1608 2371 1814 2403 interpretatione

1052 2412 1173 2443 Zonarae,
1187 2410 1266 2444 liquet
1277 2408 1450 2442 reponendum
1462 2418 1515 2434 esse
1525 2418 1582 2434 cum
1592 2409 1652 2443 Reg.
1666 2410 1713 2436 Ms.
1726 2414 1764 2437 καὶ
1776 2415 1814 2438 ἐὰν

1053 2455 1109 2480 τινές
1119 2462 1174 2477 τισιν
1184 2454 1209 2476 ἐκ
1220 2452 1306 2476 τούτων
1317 2462 1322 2475 :
1334 2454 1406 2482 patet
1416 2449 1492 2474 etiarn
1509 2449 1610 2474 Graecos
1622 2447 1707 2482 legisse
1718 2456 1762 2474 aut
1771 2451 1816 2476 in-

1054 2489 1176 2514 tellexisse
1189 2490 1306 2514 convenit
1317 2497 1364 2520 pro
1376 2488 1499 2512 conventi.
1510 2487 1620 2512 Accedat
1630 2486 1694 2520 huc,
1706 2490 1727 2513 si
1739 2489 1812 2521 vetis,

1055 2528 1195 2561 exemplum
1207 2527 1325 2553 omnibus
1333 2526 1462 2552 cachinnis
1473 2525 1618 2560 dignum,p.
1630 2527 1676 2552 ⁴78
1688 2527 1810 2553 Thesauri

1054 2568 1169 2599 ascend,
1183 2572 1270 2602 ἐχθρῶν
1287 2569 1434 2600 iustissumo
1446 2568 1495 2592 ὦτα
1507 2575 1511 2590 :
1523 2565 1567 2591 ubi
1578 2565 1699 2593 dictantis
1708 2567 1811 2593 indubia

1054 2615 1123 2631 mens
1136 2609 1273 2639 λαμῖἀνουσι
1286 2612 1354 2632 νῶτα.
1367 2604 1470 2630 coteler.
