1904 2840
131 701 223 718 1.xxvllt

233 163 300 198 812

826 171 911 194 OPUS
936 170 1172 194 IMPERFECTUM

232 245 257 266 te
266 236 376 272 viventi,
385 238 497 275 jamnon
507 232 694 272 quotidianum
707 233 799 262 cibum
813 231 969 269 manducas,
988 236 1007 258 Α
1022 243 1082 262 nem
1096 245 1102 261 :
1119 231 1247 269 secundo,
1260 238 1287 260 ut
1300 231 1322 260 si
1336 230 1484 266 induxerit,
1496 230 1591 260 liberet
1597 229 1632 260 de
1641 229 1764 271 periculo

233 277 279 305 sed
292 277 438 309 multorum
450 274 566 302 dierum.
582 274 636 302 Aut
645 279 717 302 ‘certe
728 273 798 302 sicut
807 283 888 312 supra
900 272 973 302 dixit

233 316 266 345 de
278 314 462 353 eleemosynis,
475 320 521 342 aut
533 312 567 342 de
581 312 708 348 oratione,
719 318 748 341 ut
760 322 812 341 non
823 323 912 341 coram
923 313 972 341 bo—

234 355 351 384 minibus
368 354 495 382 faciamus
515 365 521 381 :
543 362 596 381 non
617 352 681 391 quia
699 352 750 381 hoc
771 352 898 392 possibile
917 358 972 381 erat

234 394 351 430 omnino,
371 393 417 422 sed
436 400 465 421 ut
478 392 572 421 doceat
592 402 640 421 nos
661 392 769 420 omnino
783 391 972 431 spectationem

233 434 372 463 hominum
387 433 477 471 fugere
489 432 571 467 velle,
584 438 614 460 ιιι
625 431 648 460 si
662 431 789 471 possibile
801 438 850 466 est,
867 442 915 460 nec
926 431 971 460 vi-

234 474 328 502 deatur
342 485 348 501 :
362 471 435 511 quod
452 471 580 511 possibile
593 481 646 500 non
657 477 695 500 est
711 482 719 499 ι
732 471 771 500 sic
783 477 811 500 et
822 470 866 500 hic
879 471 974 500 docere

234 524 281 542 nos
292 513 395 547 volens,
410 518 440 540 ut
457 511 491 540 de
505 511 582 540 nullo
594 510 678 540 simus
693 510 720 539 in
734 511 784 539 hoc
796 510 899 540 mundo
918 509 973 539 sol-

234 552 312 587 liciti,
334 552 387 581 nisi
399 551 434 580 de
453 551 510 580 solo
528 550 646 590 simplici
665 550 751 586 victu,
776 550 815 579 sic
837 549 976 579 mandavit

234 602 321 627 orare,
333 592 448 620 Panem
467 597 595 620 nostrum
610 590 813 631 quotidianum
829 591 869 619 da
890 591 973 618 nobis

238 632 320 660 hodie
336 644 343 659 .·
359 641 411 660 non
425 641 487 669 quia
502 630 628 659 illicitum
639 629 774 669 judicavit
794 629 856 669 plus
877 629 976 658 habere

234 671 368 700 hominem
377 670 572 706 Christianum,
579 680 659 708 quam
666 679 761 709 panem
769 669 972 707 quotidianum:

235 710 282 739 sed
295 711 346 740 hoc
367 709 462 739 docere
473 709 572 744 voluit,
588 716 617 738 ut
637 709 659 737 si
678 708 807 748 possibile
826 716 876 744 est,
891 718 976 747 neque

235 761 303 789 pane
315 749 471 788 quotidiano
483 749 545 789 plus
559 749 655 778 habeat
671 760 677 776 z
689 747 762 787 quod
782 748 908 788 possibile
925 757 978 776 non

236 797 283 826 est,
301 797 430 828 quantum
447 788 482 817 ad
508 788 713 833 possibilitatem
733 788 887 817 humanam.
911 788 978 817 Item

236 840 318 867 quare
329 840 380 858 non
390 828 478 858 solum
488 828 569 864 dixit,
582 830 678 857 Panem
692 826 879 866 quotidianum
890 827 924 856 da
933 837 979 855 no-

237 869 290 905 bis,
299 868 345 897 sed
353 868 604 902 addidit,Nostrum
615 878 711 907 panem
717 867 731 895 ἰ)
742 868 853 906 Propter
862 866 930 896 duas
940 877 981 895 ra-

236 905 889 946 tiones.Primum,quoniamomniaquaedatnobis
896 908 980 941 Deus,

238 948 447 982 siveorantibus‚
454 948 512 976 sive
519 946 706 981 militantibus,
713 956 764 974 non
771 946 848 975 nobis
854 945 981 981 solisdat,

240 987 285 1016 scd
299 985 448 1016 etiam‘aliis
461 997 509 1026 per
518 997 576 1021 nos,
588 993 618 1015 ut
628 985 661 1015 de
669 996 711 1022 eo,
721 985 795 1024 quod
803 986 954 1024 accepimus
965 996 980 1014 a

240 1029 307 1061 Deo,
323 1034 424 1066 partem
438 1026 629 1066 impotentibus
643 1025 783 1054 faciamus.
798 1025 853 1062 Qui
869 1035 932 1066 ergo
947 1025 982 1054 dc

241 1066 380 1095 laboribus
398 1066 453 1095 suis
467 1065 647 1104 indigentibus
661 1075 712 1094 non
735 1071 852 1104 praestat,
868 1075 919 1094 non
933 1075 981 1104 po-

241 1113 291 1134 test
308 1105 407 1142 dicere,
422 1107 519 1135 Panem
534 1116 622 1134 meum
636 1105 669 1133 da
682 1102 748 1133 inibi
766 1116 772 1133 :
787 1115 835 1134 nec
849 1104 919 1133 enim
952 1115 980 1133 a-

242 1155 302 1173 nem
313 1156 392 1174 suum
407 1144 589 1174 tantummodo
600 1143 752 1179 manducat,
767 1144 814 1173 sed
826 1144 905 1173 etiam
916 1155 931 1172 a
944 1144 982 1172 ie-

242 1195 318 1213 uum.
335 1184 438 1214 Deinde
462 1184 509 1222 qui
532 1184 565 1212 de
583 1183 686 1223 justitia
707 1183 867 1223 acquisitum
888 1194 982 1223 panem

244 1223 396 1259 manducat,
405 1234 483 1252 suum
491 1234 587 1262 panem
598 1222 754 1251 manducat:
766 1223 812 1261 qui
823 1230 911 1252 autem
921 1234 983 1252 cum

244 1270 361 1302 peccato,
384 1263 512 1292 alienum.
527 1264 576 1291 tn.
592 1263 632 1290 Et
653 1263 765 1291 dimitte
786 1263 865 1291 nobis
885 1264 984 1291 debita

247 1308 356 1338 nostra,
372 1304 446 1330 sicut
459 1309 486 1330 et
502 1311 553 1330 nos
562 1302 734 1330 dimittimus
748 1302 923 1331 debitoribus
937 1312 984 1331 no·

247 1343 324 1370 stris.
347 1342 415 1370 Cum
436 1351 489 1379 qua
502 1351 549 1379 spe
568 1347 626 1370 orat
645 1340 693 1378 qui
710 1340 875 1370 inimicitiam
897 1347 985 1370 servat

246 1381 374 1410 adversus
386 1381 510 1417 alterurn,
525 1392 541 1409 a
554 1390 607 1418 quo
622 1379 731 1408 forsitan
745 1379 824 1408 laesus
837 1380 894 1408 ost?
911 1381 987 1410 Sicut

248 1420 318 1448 enim
331 1420 387 1459 ipse
401 1430 480 1449 orans
494 1419 630 1455 mentitur,
643 1419 710 1448 dicit
721 1419 804 1455 enim,
819 1420 947 1455 Remitto,
961 1426 987 1448 et

249 1470 300 1488 non
312 1460 422 1488 remittit
437 1471 444 1488 :
457 1459 496 1488 sic
506 1459 590 1488 aDeo
601 1459 667 1498 petit
678 1458 885 1497 indulgentiam,
895 1466 921 1488 et
933 1469 987 1488 non

249 1499 291 1527 illi
301 1498 465 1537 indulgetur.
476 1499 506 1528 Si
516 1508 579 1538 ergo
590 1498 637 1536 qui
645 1498 724 1526 laesus
732 1505 782 1533 est,
792 1501 803 1513 ³
812 1498 868 1527 sine
877 1509 924 1538 spe
931 1506 989 1527 orat

249 1540 348 1574 Deum,
363 1538 414 1567 nisi
427 1537 570 1567 indulserit
583 1537 619 1573 ei,
634 1548 648 1566 a
673 1547 727 1575 quo
747 1537 826 1566 laesus
843 1545 883 1566 est
899 1549 905 1566 ε
920 1548 987 1576 quo-

251 1577 342 1614 modo,
365 1584 453 1617 putas,
474 1583 532 1606 orat
544 1576 591 1615 qui
605 1586 656 1605 non
671 1576 758 1605 solum
771 1576 806 1605 ab
819 1576 901 1606 altero
912 1577 991 1606 laesus

251 1627 303 1646 non
317 1623 366 1653 est,
379 1617 423 1645 sed
437 1617 444 1645 i
466 1627 493 1646 se
506 1627 554 1656 per
563 1615 722 1656 injustitiam
731 1615 799 1644 alios
813 1615 887 1645 laedit
895 1623 920 1646 et
928 1626 990 1661 gra-

252 1657 317 1687 vat?
332 1656 386 1686 Sed
399 1667 444 1685 mu
460 1657 477 1685 ti
490 1656 608 1685 nolentes
620 1655 684 1684 dare
699 1655 803 1685 veniam
855 1656 992 1685 ecantthus

253 1698 280 1725 in
293 1707 331 1733 se,
343 1696 451 1734 fugiunt
464 1696 541 1725 istam
550 1695 697 1724 orationem
710 1705 797 1724 orare.
813 1667 895 1725 §iinlti
909 1707 916 1724 ε
952 1696 991 1724 ri-

253 1747 339 1772 mum,
355 1735 480 1773 quoniam
494 1735 541 1774 qui
564 1745 616 1764 non
637 1734 675 1764 sic
694 1741 751 1763 orat
765 1706 992 1773 quemadmod'um

254 1776 346 1805 docuit
360 1775 497 1811 Christus,
518 1785 566 1804 nec
586 1781 625 1803 est
643 1774 752 1805 chrisa
766 1774 926 1814 discipulus.
943 1776 991 1805 Sc-

254 1815 351 1851 cundo,
365 1814 428 1853 quia
442 1825 489 1843 nec
500 1816 577 1844 Pater
588 1813 702 1842 libenter
712 1813 822 1842 exaudit
834 1814 992 1850 orationem,

255 1866 334 1892 quam
352 1854 439 1883 Filius
461 1864 512 1883 non
527 1853 648 1883 dictavit.
669 1853 814 1892 Cognoscit
830 1854 902 1882 enim
916 1856 995 1883 Pater

255 1894 320 1923 Filii
331 1894 371 1923 sui
382 1904 474 1935 sensus
484 1900 509 1922 et
522 1893 615 1928 verba,
626 1902 674 1922 nec
686 1892 799 1932 suscipit
809 1903 868 1931 quae
880 1904 993 1933 usurpa-

256 1934 293 1962 tio
306 1934 421 1962 humana
435 1933 606 1972 excogitavit,
617 1931 664 1961 sed
678 1943 738 1970 quae
752 1932 880 1972 sapientia
894 1933 996 1962 Christi

256 1973 390 2012 exposuit.
404 1973 478 2012 Ergo
496 1973 642 2001 orationem
660 1971 768 2010 quidem
786 1971 874 2001 dicere
897 1979 972 2011 potes
987 1984 993 2000 :

256 2012 448 2042 circumvenire
465 2018 554 2040 autem
580 2018 607 2040 et
622 2010 714 2039 fallere
731 2012 819 2039 Deum
836 2021 888 2040 non
908 2018 995 2051 potes,

257 2062 304 2080 nec
326 2052 424 2091 accipis
443 2050 648 2090 indulgentiam,
677 2049 728 2079 nisi
751 2050 828 2089 prius
851 2051 996 2080 indulseris

257 2091 324 2130 ipse.
341 2093 389 2120 15.
405 2092 445 2120 Et
469 2101 506 2119 ne
526 2100 579 2119 nos
599 2090 723 2118 inducas
742 2091 773 2117 in
793 2092 994 2127 tentationem,

256 2132 307 2159 sed
321 2131 413 2159 libera
427 2141 479 2159 nos
492 2140 512 2159 a
531 2129 620 2159 malo.
636 2128 770 2165 Quoniam
793 2129 878 2158 multa
895 2137 920 2159 et
935 2141 993 2158 ma-

256 2170 352 2208 gnifica
360 2180 439 2208 supra
448 2169 584 2199 mandavit
591 2168 754 2203 hominibus,
761 2175 790 2196 ut
796 2169 882 2198 Deum
891 2171 994 2198 Patrem

256 2220 335 2238 suum
348 2209 446 2244 dicant,
464 2216 494 2238 ut
508 2218 590 2248 genus
602 2217 682 2237 suum
696 2207 730 2236 de
747 2207 811 2235 caelo
824 2215 993 2247 cognoscant,

257 2256 285 2277 ut
300 2259 410 2287 regnum
425 2249 473 2277 Dei
486 2253 576 2288 petant
588 2248 691 2283 venire,
708 2253 737 2275 ut
751 2257 803 2275 non
817 2248 868 2276 sint
887 2248 995 2277 solliciti

257 2288 327 2316 unde
337 2294 488 2327 pascantur,
500 2297 560 2326 quae
569 2286 657 2315 omnia
671 2296 772 2324 magnae
783 2286 838 2325 spei
850 2294 875 2316 et
884 2287 995 2326 justitiae

257 2327 330 2366 signu
338 2334 413 2356 sunt:
425 2327 483 2356 ideo
493 2337 563 2355 nunc
572 2325 682 2355 additur
690 2325 850 2355 humilitatis
860 2326 992 2363 doctrina,

256 2373 285 2394 ut
297 2365 362 2394 dum
375 2366 478 2400 dicunt,
491 2366 536 2394 Ne
550 2375 602 2394 nos
615 2366 735 2393 inducas
746 2366 778 2392 in
793 2367 994 2402 tentationem,

256 2412 413 2443 cognoscant
427 2416 454 2434 se
468 2415 525 2434 esse
539 2405 670 2440 infirmos,
686 2411 711 2432 et
725 2404 901 2433 consideratio
917 2405 996 2434 infir-

257 2445 354 2472 mitatis
367 2455 471 2473 causam
492 2443 657 2483 gloriationis
670 2443 833 2482 exstinguat.
848 2445 910 2473 Duo
934 2455 997 2483 ergo

257 2483 379 2521 petimus,
396 2484 523 2522 primum,
540 2490 569 2512 ut
583 2493 633 2511 non
649 2482 757 2512 inducat
771 2493 819 2512 nos
834 2483 860 2512 in
875 2485 996 2513 tentatio-

292 2582 300 2592 *
318 2574 397 2599 Iidem
410 2577 434 2599 iu
448 2585 526 2608 marg.
540 2577 591 2600 sinc
604 2584 680 2600 causa
695 2581 750 2599 orat

1022 272 1184 302 tentationis.
1200 272 1268 301 Nam
1283 281 1355 306 vere,
1370 270 1394 300 si
1407 269 1556 300 secundum
1568 271 1706 300 veritatem
1716 271 1764 310 ju-

1022 313 1100 341 stitiae
1110 322 1163 340 suae
1175 311 1339 340 examinaret
1348 310 1469 340 homines
1477 311 1560 347 Deus,
1571 310 1662 340 nullus
1674 316 1765 350 posset

1023 351 1080 380 fieri
1091 351 1192 380 salvus.
1200 348 1264 380 Ideo
1272 357 1362 379 autem
1369 349 1481 379 difficile
1494 356 1578 386 tenta,
1591 349 1764 388 sciensssinfir-

1024 391 1140 420 mitatem
1152 397 1279 420 nostram.
1293 392 1346 418 Aut
1357 389 1380 418 si
1386 396 1481 426 tentat,
1492 399 1544 419 non
1555 389 1659 419 tamdiu
1671 395 1764 425 tentat,

1025 430 1154 469 quamdiu
1169 438 1216 459 nos
1228 430 1367 460 vincamus
1381 429 1561 466 tentationem,
1577 429 1624 459 sed
1636 428 1767 468 quamdiu

1024 471 1130 500 vincere
1143 479 1192 498 nos
1207 469 1278 500 velle
1291 468 1456 498 ostendimus
1472 482 1479 498 z
1497 469 1526 498 id
1543 476 1594 505 est,
1609 479 1661 498 non
1674 468 1766 498 virtu·

1024 516 1076 538 tem
1090 517 1206 538 nostram
1218 515 1311 546 tentat,
1321 507 1368 538 sed
1382 509 1548 539 voluntatem
1563 517 1571 536 e
1588 507 1708 549 apostolo
1719 518 1768 538 nos

1026 549 1210 586 confirmante,
1229 556 1254 578 et
1268 549 1373 578 dicente
1387 560 1396 576 τ
1420 549 1552 578 Tentatio
1570 559 1624 579 vos
1645 559 1704 578 non
1717 558 1767 588 ap-
1780 574 1799 588 ¹·
1815 565 1869 588 cm„
1882 571 1904 588 m

1025 590 1196 628 prehendas,-
1213 590 1268 619 nisi
1282 589 1424 617 humana.
1437 589 1551 618 Fidelis
1564 595 1663 618 autem
1676 589 1767 623 Deus,
1780 597 1816 620 ι3.

1028 630 1078 668 qui
1093 639 1152 657 non
1163 630 1292 667 patietur
1299 638 1357 657 vos
1368 629 1476 657 tentari
1487 639 1577 668 supra
1587 629 1620 658 id
1649 628 1708 657 uod
1738 638 1768 658 ο-

1029 670 1108 697 testis
1124 670 1276 705 sustinere,
1291 674 1342 697 etc.
1357 667 1459 698 Volens
1473 668 1545 697 enim
1557 668 1627 707 glori
1648 678 1708 697 care
1740 678 1770 697 o-

1029 707 1139 741 minem,
1160 714 1243 737 tentat
1260 718 1332 744 cum,
1354 717 1407 736 non
1422 714 1452 737 ut
1470 718 1533 737 cum
1549 718 1645 747 magno
1666 706 1772 748 judicio

1030 747 1170 786 glorificet,
1196 747 1244 776 sed
1258 754 1286 776 ut
1308 757 1341 776 ne
1359 747 1416 778 sine
1435 757 1515 777 causa
1532 747 1673 786 glorificet.
1694 747 1772 786 Quo·

1031 788 1110 815 niam
1131 793 1212 816 tuum
1231 794 1273 816 est
1292 797 1421 827 regnum,
1441 794 1470 816 et
1489 789 1596 824 virtus,
1618 793 1647 816 et
1664 788 1770 828 gloria.

997 834 1016 857 B
1031 826 1095 855 Tria
1107 833 1196 855 alitem
1210 827 1266 856 haec
1279 826 1314 855 ad
1327 827 1376 856 tria
1394 837 1454 866 quae
1468 827 1591 867 superius
1604 826 1677 856 dixu
1689 826 1773 866 perti-

1031 866 1120 894 nentia
1141 866 1301 896 introduxit.
1316 867 1452 903 Quoniam
1464 866 1570 896 dixerat
1582 877 1675 907 supra,
1698 866 1773 895 San-

1034 906 1175 944 ctificetur·
1184 907 1285 935 nomen
1295 912 1386 941 tuum,
1393 907 1532 935 adveniat
1545 916 1665 945 regnum
1675 904 1773 946 tuum}

1033 955 1064 974 ac
1077 945 1099 974 si
1111 944 1183 974 dicat
1198 945 1308 982 aliquis,
1323 945 1397 985 Ergo
1414 955 1467 974 non
1481 946 1560 974 habet
1574 947 1648 974 Deus
1661 955 1775 990 regnum

1035 984 1061 1013 in
1069 991 1136 1013 terra
1142 1008 1148 1020 ,
1157 985 1219 1024 quia
1227 985 1308 1014 oratis
1317 991 1344 1014 ut
1352 985 1459 1015 veniat?
1470 986 1493 1014 is
1499 985 1640 1025 respondet
1648 985 1683 1015 ad
1694 985 1774 1022 illud,

1037 1026 1182 1063 Quoniam
1197 1032 1278 1054 tuum
1298 1031 1341 1054 est
1359 1035 1487 1064 regnum.
1506 1026 1573 1054 Item
1591 1025 1719 1064 quoniam
1731 1024 1775 1054 di-

1034 1071 1120 1096 xerat.
1139 1066 1209 1093 Fiat
1222 1065 1363 1094 voluntas
1378 1070 1441 1100 tua,
1459 1066 1534 1099 sicut
1551 1066 1583 1093 in
1607 1065 1679 1094 coelo
1693 1071 1721 1094 et
1744 1067 1776 1094 in

1035 1109 1112 1132 terra
1127 1116 1134 1132 .-
1151 1115 1181 1133 ac
1195 1103 1218 1134 si
1233 1103 1305 1133 dicat
1323 1104 1432 1143 aliquis,
1447 1104 1521 1143 Ergo
1535 1114 1587 1133 non
1601 1110 1687 1144 potest
1703 1105 1777 1134 Deus

1033 1143 1118 1172 facere
1138 1144 1213 1189 quod
1229 1144 1291 1173 vult
1309 1143 1337 1172 in
1350 1144 1438 1176 terris,
1454 1144 1516 1182 quia
1531 1144 1613 1173 oratis
1626 1151 1656 1173 ut
1669 1144 1719 1174 fiat
1728 1154 1776 1174 vo-

1034 1183 1124 1212 luntas
1132 1183 1209 1223 ejus?
1221 1182 1255 1212 nd
1264 1184 1316 1213 hoc
1325 1182 1477 1223 respondet,
1487 1183 1558 1221 Quia
1566 1191 1612 1213 tua
1622 1184 1710 1214 virtus
1720 1189 1776 1213 est:

1035 1230 1169 1261 tamquam
1190 1223 1213 1252 si
1233 1222 1335 1258 dicant,
1358 1224 1419 1253 Non
1442 1223 1502 1252 ideo
1524 1230 1647 1263 optamus
1666 1233 1779 1264 regnum

1034 1268 1110 1291 tuum
1119 1263 1145 1291 in
1156 1263 1244 1298 nobis,
1253 1269 1299 1291 aut
1309 1262 1368 1292 fieri
1380 1263 1545 1292 voluntatem
1555 1270 1629 1292 tuam
1641 1264 1668 1293 in
1678 1263 1756 1293 terris
1768 1274 1776 1291 ε

1034 1301 1096 1339 quia
1108 1309 1159 1330 non
1173 1309 1212 1331 est
1227 1312 1338 1341 regnum
1355 1309 1432 1331 tuum
1450 1303 1477 1332 in
1493 1303 1570 1332 terris
1582 1315 1588 1331 :
1600 1303 1663 1342 quia
1677 1313 1730 1332 non
1741 1308 1782 1331 est

1035 1351 1146 1379 regnum
1158 1347 1236 1370 tuum
1247 1341 1274 1370 in
1288 1341 1401 1378 mundo,
1410 1352 1459 1371 nec
1471 1349 1545 1382 potes
1557 1343 1643 1372 facere
1652 1342 1727 1381 quod
1739 1341 1782 1371 vis

1036 1379 1063 1407 in
1081 1380 1229 1417 terris5sed
1247 1382 1374 1419 quoniam
1394 1392 1505 1420 regnum
1519 1389 1596 1411 tuum
1608 1381 1665 1411 vita
1684 1388 1780 1410 aeterna

1037 1426 1076 1448 est
1087 1442 1094 1453 ,
1117 1426 1143 1448 et
1162 1419 1289 1449 voluntas
1311 1427 1357 1449 tua
1380 1421 1484 1460 justitia
1505 1428 1554 1450 est.
1570 1422 1712 1461 Propterea
1733 1430 1782 1450 nec

1039 1458 1141 1498 redigis
1154 1459 1271 1498 aliquem
1282 1460 1334 1489 sub
1347 1470 1429 1499 regno
1442 1467 1489 1490 tuo
1499 1460 1550 1489 nisi
1563 1460 1620 1500 ipse
1633 1460 1750 1491 voluerit
1772 1472 1779 1488 ε

1039 1508 1087 1527 nec
1108 1499 1226 1538 operaris
1250 1499 1277 1527 in
1290 1499 1382 1538 aliquo
1394 1500 1546 1530 voluntates
1562 1507 1633 1537 tuas,
1654 1500 1706 1529 nisi
1725 1499 1784 1539 ipse

1040 1538 1207 1567 censenserit.
1224 1540 1367 1578 Propterea
1377 1550 1496 1576 oramus,
1511 1546 1542 1569 ιιι
1559 1539 1706 1569 illuminati
1717 1550 1733 1568 a
1743 1547 1781 1575 te,

1041 1577 1157 1606 velimus
1166 1578 1301 1618 suscipere
1310 1589 1423 1618 regnum
1433 1585 1511 1608 tuum
1523 1579 1551 1608 in
1567 1579 1655 1616 nohis,
1672 1586 1699 1608 et
1708 1585 1785 1619 epte<

1042 1627 1102 1645 mus
1122 1617 1207 1646 facere
1224 1618 1388 1648 voluntatem
1407 1625 1491 1648 tuam.
1507 1619 1573 1648 Item
1591 1618 1720 1657 quoniam
1740 1618 1784 1648 di·

1041 1663 1127 1691 xerat,
1146 1657 1260 1686 Panem
1274 1664 1403 1687 nostrum
1424 1659 1628 1698 quotidianum
1641 1659 1681 1687 da
1701 1660 1786 1688 nobis

1044 1696 1130 1725 hodie
1144 1707 1154 1724 .·
1167 1703 1196 1725 et
1207 1697 1321 1726 dimitte
1334 1699 1416 1727 nobis
1430 1699 1529 1727 dehita
1546 1705 1656 1734 nostra,
1671 1700 1746 1728 sicut
1757 1704 1786 1728 et

1045 1745 1097 1765 nos
1117 1736 1288 1766 dimittimus
1301 1737 1478 1767 debitoribus
1491 1741 1596 1767 nostris
1609 1749 1623 1766 .-
1642 1744 1671 1767 et
1682 1748 1721 1766 ne
1733 1747 1787 1767 nos

1043 1776 1166 1804 inducas
1178 1777 1207 1804 in
1218 1779 1419 1814 tentationem,
1427 1778 1480 1806 sed
1489 1778 1582 1807 libem
1591 1787 1643 1807 nos
1655 1788 1675 1807 a
1686 1777 1765 1806 maio
1776 1788 1785 1805 ι

1044 1814 1079 1843 ad
1095 1814 1143 1844 illa
1155 1817 1307 1884 respondet,
1318 1817 1390 1854 Quia
1402 1824 1452 1846 tua·
1460 1824 1498 1846 est
1512 1817 1606 1857 gloria.
1614 1818 1686 1847 Vere
1703 1816 1792 1852 enim,-

1045 1854 1119 1892 quia,
1133 1854 1154 1884 si
1169 1856 1195 1884 ni
1218 1856 1239 1884 il
1258 1856 1331 1886 deest
1351 1857 1508 1886 timentibus
1522 1857 1619 1892 neum,
1638 1857 1689 1887 Dei
1701 1857 1789 1896 gloria

1045 1900 1085 1923 est
1100 1906 1106 1922 :
1123 1894 1146 1923 si
1165 1894 1220 1924 illis
1238 1895 1435 1925 dimittentibus
1447 1895 1616 1925 debitoribus
1628 1896 1695 1932 suis,
1714 1898 1790 1926 Deus

1046 1932 1162 1963 dimittat
1169 1934 1208 1963 eis
1214 1942 1320 1974 peccata
1329 1946 1432 1972 eorum,
1441 1935 1491 1964 Dei
1503 1935 1587 1975 gloria
1596 1942 1635 1965 est
1646 1948 1655 1965 t
1667 1936 1690 1965 si
1698 1943 1787 1965 autem

1014 1979 1032 2002 D
1048 1983 1100 2001 non
1111 1973 1308 2004 dimittentibus
1319 1975 1368 2011 eis,
1379 1974 1508 2012 dimittat,
1520 1985 1572 2004 non
1582 1982 1622 2004 est
1629 1975 1714 2015 gloria
1722 1976 1785 2010 Dei,

1047 2012 1111 2050 quia
1125 2023 1173 2042 nec
1186 2020 1225 2042 est
1234 2014 1479 2059 justumjudicium
1493 2015 1559 2054 ejus.
1572 2015 1663 2044 Sinon
1677 2014 1788 2044 inducat

1048 2051 1075 2080 in
1089 2053 1269 2088 tentationem,
1282 2060 1329 2082 aut
1341 2053 1464 2082 inductos
1473 2053 1495 2082 si
1510 2060 1619 2093 propter
1623 2055 1724 2094 justam
1735 2054 1786 2083 ali-

1047 2101 1127 2129 quam
1137 2102 1244 2120 causam
1254 2093 1358 2127 liberet,
1367 2093 1452 2132 gloria
1465 2094 1513 2122 Dei
1522 2100 1571 2122 est.
1584 2094 1619 2122 Et
1631 2093 1788 2133 generaliter
1815 2108 1819 2111 ’

1047 2131 1178 2169 quicquid
1191 2142 1272 2171 supra
1285 2143 1361 2161 orare
1374 2133 1511 2172 praecepit,
1526 2143 1588 2161 cum
1606 2133 1685 2162 fuerit
1701 2144 1716 2162 a
1730 2135 1788 2162 Deo

1048 2171 1204 2209 praestitum,
1218 2171 1267 2200 Dei
1290 2171 1376 2210 gloria
1390 2179 1439 2201 est.
1456 2173 1502 2202 15.
1519 2172 1550 2201 Si
1572 2174 1650 2201 enim
1671 2183 1730 2202 non
1744 2175 1788 2203 di-

1047 2211 1181 2239 miseritis
1193 2211 1358 2240 hominibus
1373 2219 1495 2250 peccata
1507 2222 1617 2248 eorum,
1630 2223 1684 2241 nec
1698 2214 1792 2242 Pater-

1046 2256 1144 2278 vester
1154 2250 1280 2278 dimittet
1290 2253 1384 2280 vobis.
1399 2253 1466 2280 Nam
1479 2259 1504 2281 et
1517 2251 1641 2291 superius
1659 2263 1722 2282 cum
1739 2252 1802 2282 di-‘

1046 2288 1140 2324 xisset‚
1163 2290 1287 2318 Dimitte
1309 2292 1392 2319 nobis
1415 2291 1513 2320 debita
1534 2297 1644 2328 nostr-a,
1664 2294 1739 2321 sicut
1758 2299 1789 2321 et

1048 2338 1099 2357 nos
1113 2329 1283 2358 dimittimus
1297 2331 1474 2360 debitoribus
1494 2333 1599 2361 nostris
1614 2343 1622 2359 :
1637 2341 1690 2359 non
1702 2331 1785 2368 dixit,

1047 2368 1122 2397 Sicut
1135 2375 1160 2397 et
1178 2379 1226 2397 nos
1237 2368 1417 2406 demittemus,
1437 2377 1467 2399 ut
1480 2371 1554 2410 prius
1567 2370 1643 2399 nohis
1658 2371 1730 2400 Deus
1743 2370 1783 2400 di-

1048 2407 1145 2443 mittat,
1161 2415 1251 2447 postea
1269 2419 1317 2438 nos
1335 2409 1503 2439 debitoribus
1516 2410 1625 2438 nostris.
1640 2409 1696 2439 Scit
1714 2410 1788 2439 enim

1049 2447 1182 2476 Dominus
1194 2458 1285 2477 omnes
1296 2448 1417 2478 homines
1425 2459 1480 2478 esse
1491 2447 1629 2478 mendaces
1642 2460 1649 2476 :
1660 2449 1788 2487 quoniam

1049 2487 1097 2515 etsi
1112 2487 1261 2527 acceperint
1275 2488 1456 2518 remissionem
1469 2487 1569 2528 peccati
1580 2488 1633 2526 sui,
1648 2489 1700 2528 ipsi
1711 2488 1791 2519 debi-
