1904 2840
110 1450 211 1472 Vct-laum
216 1468 220 1472 .

253 184 322 232 766

841 201 846 204 “
853 196 937 220 OPUS
962 195 1198 221 mpuuFEc’ruM

251 270 310 289 mos
320 258 529 298 exactore-,qui
543 268 621 288 omne
631 257 706 298 quod
718 257 870 290 invenerint
882 258 994 299 exigant
1009 261 1030 286 Α
1047 265 1117 290 rent.
1134 259 1205 288 Nam
1218 257 1288 289 siout
1299 267 1378 289 omne
1383 259 1536 290 mitidum
1545 264 1558 278 ¹
1568 271 1696 301 corporea
1709 261 1791 293 usita-

251 301 300 335 ita,
317 305 348 327 ut
367 297 536 337 indulgentia
551 299 608 339 ipsa
628 297 764 328 crudelior
785 309 841 328 esse
857 297 992 335 videatur,

251 349 331 377 quam
355 338 412 378 ipsa
436 338 550 375 exactio,
565 345 595 367 ut
615 337 684 368 nihil
706 337 880 378 indulgentiae
898 338 995 368 habeat

250 385 353 418 praeter·
364 388 472 414 nomen,
485 384 515 406 ut
527 378 648 417 lugentes
663 378 740 407 illam
754 377 875 408 homines
888 384 914 407 et
927 377 995 407 nudi

250 418 407 457 suscipiant.
425 419 498 447 Deus
516 424 605 447 autem
619 425 645 447 et
658 424 721 447 nato
740 417 794 447 sibi
815 417 888 448 Filio
901 417 995 447 volens

251 457 351 486 donare
365 457 393 486 in
406 457 505 487 saeculo
518 457 712 498 indulgentiam
726 464 906 498 peecatorum,
921 467 994 497 pra?-

250 497 326 526 misit
338 497 414 536 quasi
434 503 584 526 exactorem
602 498 734 527 Joannem
747 496 897 537 exigentem
910 503 936 526 et
948 495 994 526 di—

251 543 353 566 centem
368 548 375 566 :
389 539 493 566 Facite
503 537 625 577 fructus
644 537 748 576 dignos
765 538 954 576 peanitentiae.
969 536 994 566 Ο

251 577 366 612 exactio,
381 587 440 615 quae
460 586 512 606 non
533 587 664 616 pauperes
677 576 739 606 fecit
749 583 866 612 exactos,
876 575 924 606 sed
935 585 993 605 ma-

251 615 293 655 gis
306 615 404 645 divites
415 615 514 645 reddit.
528 617 596 645 Nam
610 627 671 645 cum
681 616 742 655 quis
752 615 874 645 debitum
886 615 994 645 'ustitiae

251 665 306 684 suae
315 655 475 692 reddiderit,
489 657 546 685 Deo
557 655 626 684 nibil
637 663 755 695 praestat‚
764 655 813 685 sed
823 656 874 685 sibi
881 626 992 685 lucrum

251 694 345 724 salutis
358 695 482 734 acquirit.
498 694 573 732 Quid
585 696 743 740 autembagit
752 695 905 736 poenitentia
913 695 927 724 Ρ
938 696 993 725 Gor

250 734 389 771 emundat,
402 745 495 764 sensus
513 735 660 770 illuminat,
677 745 779 764 animas
796 734 953 770 sanctificat,
967 741 993 764 et

250 773 284 802 ad
298 775 494 814 susceptionem
501 774 600 804 Christi
612 781 744 814 praeparat
755 775 871 803 humana
879 784 994 813 praeoor-

250 813 307 850 dia,
325 814 553 852 quemadmodum
566 824 662 853 magno
672 813 760 853 judici
774 820 820 843 aut
832 816 887 853 regi
901 813 993 852 aliquo

250 853 278 881 in
288 853 484 892 expeditionem
492 860 615 890 venturo,
628 860 819 893 praeparatores
827 852 992 893 praecedunt,

251 892 362 922 sordida
370 893 496 929 abluunt,
507 892 597 922 diruta
607 903 666 922 com
703 899 781 929 nunt,
796 903 829 922 ne
839 893 906 922 forte
919 892 995 921 inde-

251 943 346 962 corum
355 932 460 971 aliquid
470 932 566 962 videns
576 943 623 961 rex
634 932 668 961 de
680 934 764 962 icatus
774 932 917 962 abhorreat
932 944 940 961 ι
955 932 994 961 sic

251 979 277 1000 et
290 972 407 1001 Domino
421 979 511 1002 nostro
525 971 559 1001 ad
572 972 712 1012 peregrina
734 972 791 1000 loca
804 972 887 1012 hujus
900 971 995 1001 saeeuli

251 1018 376 1046 venturo,
389 1012 523 1051 praecessit
533 1013 660 1047 Joannes,
672 1012 720 1050 qui
731 1011 764 1040 ab
774 1011 900 1041 humanis
907 1010 995 1040 cordi-

251 1051 303 1080 bus
317 1051 477 1091 poenitentiae
488 1051 576 1091 scopis
590 1057 759 1090 peccatorum
773 1051 865 1080 sordes
879 1051 995 1091 ejiceret,

253 1097 278 1120 ct
289 1101 347 1129 quae
359 1102 407 1131 per
419 1091 527 1130 longam
540 1090 643 1127 diaboli
657 1090 928 1131 indisciplinationem
941 1090 996 1120 dis-

253 1131 337 1170 sipata
346 1131 461 1167 fuerant,
476 1130 658 1170 spiritualium
675 1138 868 1171 praeeeptorum
886 1130 995 1160 ordina-

253 1170 325 1199 tione
338 1177 507 1209 componeret
522 1182 528 1198 :
542 1171 650 1209 insuper
658 1181 727 1208 aqua
738 1170 906 1210 baptismatis
916 1169 996 1199 ador-

254 1217 339 1246 naret,
354 1216 384 1238 ut
398 1209 504 1238 veniens
520 1220 567 1238 rex
587 1209 708 1245 caelestis,
725 1209 838 1249 dignum
853 1210 996 1239 transitum

255 1249 387 1278 inveniret
400 1259 447 1288 per
458 1248 538 1278 corda
550 1248 727 1284 credentium,
739 1256 850 1288 propter
860 1249 934 1286 quod
948 1249 994 1278 di-

254 1288 296 1317 xit
311 1300 318 1316 :
334 1289 360 1317 V
361 1299 398 1316 ox
410 1288 565 1316 clamantis
589 1290 621 1316 in
640 1289 763 1323 desrrto,
787 1289 898 1317 Parate
913 1290 996 1317 viam

255 1328 387 1362 Domini,
399 1333 492 1356 rectas
506 1328 597 1363 facite
612 1329 728 1356 semitas
738 1328 810 1365 ejus.
827 1328 890 1357 Vox
905 1335 944 1356 est
956 1338 997 1356 so-

254 1378 306 1396 nus
317 1367 456 1402 confusus,
467 1367 574 1395 nullum
590 1372 722 1396 secretum
737 1366 826 1395 cordis
840 1366 995 1403 osteudens,

256 1407 303 1436 sed
316 1407 369 1435 hoe
381 1405 566 1435 tantummodo
579 1406 742 1445 significans,
751 1406 813 1444 quia
822 1405 882 1435 vult
890 1406 996 1444 aliquid

256 1446 344 1476 dicere
358 1446 405 1474 ille
418 1446 467 1484 qui
482 1446 589 1475 clamat.
612 1445 734 1475 Verbum
755 1452 844 1474 autem
857 1452 896 1474 est
909 1448 1031 1484 sermo-C

255 1485 437 1521 rationabilis,
458 1485 619 1524 mysterium
635 1484 724 1514 cordis
746 1485 877 1524 aperiens.
899 1484 996 1514 Adhuc

253 1536 309 1555 vox
320 1525 389 1554 inter
400 1525 526 1554 animalia
539 1531 565 1552 et
578 1524 700 1552 homines
707 1525 858 1553 communis
870 1531 920 1560 est,
936 1535 998 1554 ver-

254 1565 319 1594 bum
333 1571 423 1594 autem
436 1564 577 1593 hominum
591 1570 706 1592 tantum.
722 1563 788 1592 Ideo
800 1574 864 1603 ergo
881 1565 998 1594 Joannes

255 1603 344 1633 dictus
363 1611 403 1633 est
423 1614 491 1639 vox,
505 1613 558 1632 non
579 1603 711 1632 verbum:
725 1603 787 1641 quia
806 1614 855 1643 per
867 1603 999 1634 Joannem

255 1654 340 1682 neque
348 1642 544 1672 misericordias
557 1653 618 1672 suas
626 1644 709 1678 Deus,
717 1653 804 1681 neque
812 1643 941 1684 justitias,
952 1653 999 1672 ne-

255 1694 308 1721 que
320 1690 380 1712 ante
392 1683 607 1712 constitutionem
621 1681 716 1711 mundi
729 1689 876 1723 praeparata
888 1682 998 1712 consilia

255 1722 458 1758 demonstravit,
473 1722 521 1751 sed
538 1722 588 1751 hoc
609 1721 805 1756 tantummodo,
818 1722 882 1761 quia
893 1722 999 1761 aliquid

257 1763 347 1802 magni
371 1763 457 1791 facere
482 1763 556 1791 Deus
575 1762 602 1791 in
624 1761 783 1791 hominibus
803 1761 996 1792 meditabatur.

257 1803 350 1831 Postea
367 1809 455 1831 autem
470 1812 517 1841 per
529 1801 632 1830 Filium
644 1811 723 1830 suum
736 1801 922 1840 plenissimum
936 1813 996 1842 my-

258 1842 367 1870 sterium
382 1851 436 1870 snae
450 1840 596 1871 voluntatis
609 1840 730 1879 aperuit;
746 1840 806 1870 ideo
820 1848 845 1870 et
858 1840 947 1871 dictus
958 1848 999 1871 est

258 1881 394 1911 Verbum.
420 1881 532 1909 Parate
550 1881 631 1908 viam
658 1879 789 1909 Domini.
813 1880 996 1910 Paenitentiam

259 1931 336 1959 agere
350 1927 529 1960 peccatorum,
540 1926 564 1948 et
573 1920 659 1948 facere
679 1919 782 1949 fructus
799 1920 895 1960 dignos
909 1920 997 1959 poeni-

259 1961 365 1996 tentiae,
386 1960 436 1988 hoc
456 1965 496 1988 est
510 1969 604 1998 parare
626 1958 698 1987 viam
721 1959 847 1994 Domini,
869 1966 896 1988 et
915 1966 998 1989 rectas

181 2007 249 2023 xxxv
259 1999 345 2028 facere
362 1999 470 2027 semitas
483 2008 549 2036 ejus.
566 1999 627 2034 Quo
640 1998 720 2026 modo
734 1999 824 2038 signat
837 2009 929 2028 omnes
942 1999 999 2028 vias

259 2038 369 2067 Domini
390 2037 547 2067 naturaliter
569 2037 597 2066 in
618 2037 772 2067 hominibus
786 2049 842 2068 esse
851 2038 997 2106 plantatas,
1017 2042 1036 2064 D

258 2077 306 2106 sed
323 2083 413 2117 postea
433 2087 481 2116 per
502 2078 694 2105 contumaciam
713 2085 830 2107 nostram
861 2084 932 2106 actas
944 2088 1001 2107 esse

257 2116 386 2151 desertas,
397 2123 423 2145 et
433 2116 576 2145 flexuosas.
590 2117 744 2154 Numquam
755 2118 826 2146 enim
838 2117 900 2146 illas
913 2116 1001 2147 homi-

259 2156 339 2185 nibus
352 2166 475 2195 reparare
489 2155 675 2189 committeret,
690 2156 741 2185 nisi
759 2157 837 2186 sciret
850 2167 894 2186 eas
906 2156 934 2186 in
950 2157 1002 2186 ho-

260 2196 379 2224 minibus
390 2205 462 2231 esse,
478 2202 504 2224 et
524 2195 666 2224 homiuum
684 2196 844 2240 negligentia
859 2206 916 2225 esse
934 2196 1002 2225 sub-

262 2245 358 2264 versas.
371 2235 440 2264 Ecce
450 2234 611 2263 humilitatis
623 2234 705 2274 gratia
721 2245 747 2263 m
763 2235 918 2265 hominibus
927 2236 979 2265 fuit
991 2248 1000 2264 .-

261 2274 308 2303 sed
315 2273 381 2303 dum
389 2274 504 2305 invicem
510 2274 632 2302 homines
640 2284 668 2302 se
675 2274 709 2303 ad
721 2274 930 2313 indignationem
939 2285 1003 2315 pro-

262 2321 373 2350 vocant,
391 2313 553 2349 humilitatis
567 2313 679 2352 gratiam
691 2321 866 2353 corrumpunt
877 2314 1002 2353 3quando

263 2365 289 2383 se
315 2354 383 2383 alter
403 2353 546 2390 humiliat,
569 2353 637 2382 alter
659 2363 723 2382 eum
746 2354 866 2392 accipere
889 2361 1003 2384 recusat.

262 2395 329 2422 Item
340 2394 362 2423 si
377 2393 444 2422 alter
454 2403 482 2422 se
494 2399 585 2422 contra
595 2392 708 2422 alterum
718 2392 885 2429 humiliaret,
897 2393 1004 2423 adinvi-

262 2443 320 2462 cem
333 2433 493 2463 alterutrum
505 2443 533 2462 se
545 2431 580 2462 ad
592 2432 753 2462 humilitatis
776 2432 888 2472 gratiam
900 2434 1004 2463 excita-

1047 298 1118 328 tione
1131 305 1263 335 servatur,
1276 305 1302 328 et
1313 297 1442 329 additura
1456 299 1496 330 sic
1508 307 1534 330 et
1566 301 1632 331 ratia
1643 302 1730 332 omnis
1742 312 1792 343 per

1047 337 1263 367 exercitatione·
1270 337 1390 376 additur,
1398 346 1424 368 et
1433 350 1482 379 per
1489 339 1546 370 desi
1569 340 1622 370 iam
1628 341 1789 372 minoratur.

1047 379 1127 407 Nune
1139 377 1163 407 si
1175 377 1264 407 minor
1276 388 1304 407 se
1317 378 1503 409 humiliaverit
1515 387 1576 410 ante
1588 382 1729 421 majorem,
1743 388 1792 411 aut

1048 427 1152 457 pauper
1164 423 1225 446 ante
1237 416 1361 454 divitem,
1376 428 1428 447 non
1441 420 1546 459 aceepit
1557 419 1637 450 illum
1649 421 1727 460 quasi
1737 421 1790 450 hu-

1048 455 1170 485 militatis
1183 456 1324 494 honorem,
1338 457 1387 491 sed
1407 457 1486 498 quasi
1505 458 1628 489 debitum
1639 460 1787 500 potestatis.

1049 496 1101 527 Vis
1114 503 1203 526 autem
1216 496 1284 525 scire
1303 496 1367 535 quia
1389 503 1450 527 ante
1468 497 1628 529 humilitatis
1642 499 1726 539 gratia
1738 499 1792 529 fuit

1049 535 1076 565 in
1090 535 1188 566 nobis?
1202 535 1283 565 Unde
1295 535 1442 567 didicimus
1461 537 1576 578 subjecti
1597 549 1654 568 esse
1671 538 1791 579 potenti-
1825 538 1829 541 ’

1047 575 1118 604 bus?
1132 576 1199 605 Item
1225 575 1382 615 sapientiam
1409 577 1561 607 habuerunt
1583 578 1716 616 homines,
1741 577 1791 608 sed

1048 614 1115 644 dum
1135 615 1291 655 sapientiam
1304 626 1380 645 suam
1394 626 1446 646 non
1468 615 1504 646 ad
1521 617 1690 648 ad‘uvandos
1699 628 1729 647 se
1738 628 1791 663 per

1047 664 1124 683 suam
1136 655 1292 694 sapientiam
1302 656 1469 694 exercebant,
1479 655 1528 686 sed
1535 667 1551 686 a
1581 657 1791 691 circumvenien-

1047 693 1108 728 dos,
1134 694 1263 734 sapientia
1282 695 1393 725 illorum
1416 695 1523 726 inventa
1542 704 1582 726 est
1598 707 1655 727 esse
1674 696 1788 726 malitia.

1047 732 1128 763 Unde
1151 734 1224 763 enim
1247 741 1349 773 poterat
1375 735 1456 765 homo
1479 735 1580 766 habere
1602 736 1767 766 intellectum
1779 758 1788 774 ‚

1047 772 1182 811 quomodo
1191 773 1269 802 alteri
1279 775 1376 804 faceret
1386 775 1507 805 fraudem
1509 798 1519 812 ,
1529 776 1580 805 uisi
1588 787 1603 805 a
1611 777 1667 806 Deo
1677 775 1790 815 gratiam

1047 811 1228 852 intelligentiae
1244 814 1407 853 accepisset?
1421 815 1460 844 Ita
1481 815 1552 845 bono
1567 815 1618 845 Dei
1630 815 1700 845 male
1712 822 1790 844 uten-

1012 861 1030 884 Β
1046 857 1096 888 tes,
1110 852 1231 882 fecerunt
1243 863 1300 882 esse
1313 853 1415 883 diaboli
1429 855 1539 884 malum.
1556 855 1711 885 Secundum
1733 854 1791 884 hnc

1046 893 1098 920 tria
1125 898 1208 921 tracta
1229 892 1258 923 in
1284 894 1410 923 omnihus
1435 894 1515 924 rebus
1537 895 1626 924 bonis.
1646 896 1792 934 Postquam

1047 930 1173 966 ostendit,
1184 931 1264 970 quiai
1267 943 1314 972 pse
1323 940 1362 963 est
1373 934 1442 963 Vox.
1450 934 1612 964 clamantis.
1624 937 1655 964 in
1665 935 1790 970 deserto,

1047 969 1151 1006 dicens,
1161 971 1270 1000 Parate
1281 974 1364 1002 viam
1375 974 1507 1008 Domini,
1519 974 1665 1014 prudenter
1675 974 1791 1004 sub'un-

1047 1009 1090 1039 xit
1111 1010 1251 1040 confestim
1267 1017 1294 1041 et
1313 1022 1374 1050 quae
1391 1019 1459 1042 esset
1480 1013 1536 1048 vita
1557 1014 1617 1054 ejus
1637 985 1789 1051 ostendlens,

1047 1049 1111 1088 quia
1124 1050 1220 1080 metito
1238 1061 1330 1080 omnes
1353 1052 1474 1082 homines
1495 1063 1558 1082 eum
1581 1053 1788 1083 venerabantur.

1047 1090 1117 1118 Nam
1131 1088 1188 1129 ipse
1209 1089 1318 1128 quidem
1342 1091 1535 1129 testificabatur
1554 1092 1589 1122 de
1602 1093 1721 1130 Christo,
1736 1093 1792 1123 vita

1049 1135 1138 1158 autem
1152 1130 1211 1168 ejus
1231 1129 1265 1158 de
1286 1130 1356 1170 ipso.
1369 1132 1438 1160 Nam
1450 1132 1635 1162 testimonium
1646 1132 1792 1163 verborum

1049 1167 1107 1207 ejus
1128 1179 1295 1207 nequaquam
1309 1170 1402 1200 fuisset
1415 1170 1551 1209 idoneum,
1568 1172 1620 1202 nisi
1633 1183 1693 1203 eum
1707 1173 1792 1202 mira-

1049 1207 1114 1237 bilis
1138 1209 1200 1244 vitae
1225 1209 1358 1239 institutio
1381 1207 1602 1241 commendasset.
1621 1213 1691 1243 Nam
1714 1223 1792 1243 nemo

1052 1253 1139 1287 potest
1151 1247 1261 1278 alterius
1273 1260 1330 1279 esse
1343 1251 1417 1280 testis
1430 1251 1552 1287 idoneus,
1561 1252 1612 1281 nisi
1625 1253 1702 1292 prior
1710 1253 1793 1283 fuerit

1049 1297 1126 1316 suus.
1142 1288 1208 1325 Ipse
1222 1295 1320 1317 autem
1333 1290 1467 1327 Joannes
1491 1291 1594 1320 habuit
1614 1294 1794 1328 vestimenta

1050 1326 1087 1354 de
1104 1326 1174 1365 pilis
1199 1328 1307 1356 cameli
1317 1340 1329 1357 .-
1348 1335 1377 1357 et
1401 1340 1508 1359 zonam
1528 1332 1683 1369 pelliceam
1708 1342 1795 1372 super

1051 1365 1163 1394 lumbos
1176 1367 1238 1405 ejus
1246 1378 1257 1395 :
1272 1374 1299 1395 et
1313 1368 1440 1398 locustas
1453 1376 1482 1398 et
1494 1370 1553 1398 mel
1570 1372 1715 1408 sylvestre
1724 1372 1792 1400 etk-

1052 1405 1112 1448 ζιαι.
1128 1405 1189 1434 Non
1201 1405 1237 1435 de
1250 1406 1310 1435 lana
1323 1408 1418 1436 cameli
1437 1409 1532 1438 habuit
1545 1410 1745 1446 vestimentum,
1759 1420 1793 1440 ne

1050 1454 1108 1483 lpsa
1123 1444 1251 1474 mollities
1260 1446 1413 1476 vestimenti
1426 1447 1539 1478 delicata
1550 1448 1647 1478 faceret
1661 1450 1791 1487 membra,

1050 1490 1076 1512 et
1089 1483 1146 1522 ipsa
1161 1483 1323 1515 deliciositas
1344 1484 1474 1516 virtutem
1493 1487 1627 1527 patientiae
1640 1488 1772 1518 emolliret
1784 1502 1790 1518 :

1051 1522 1098 1551 sed
1109 1522 1143 1551 de
1163 1524 1345 1563 asperioribus
1355 1525 1418 1555 setis
1431 1527 1538 1564 cameli,
1555 1534 1584 1556 ut
1595 1527 1652 1567 ipsa
1665 1529 1795 1568 asperitas

1051 1561 1087 1591 ad
1109 1562 1236 1592 virtutem
1259 1564 1394 1603 patientie
1418 1566 1539 1595 animum
1561 1574 1697 1597 exerceret
1708 1579 1717 1596 :
1732 1567 1794 1597 ideo

1052 1611 1105 1630 non
1119 1601 1202 1639 dixit,
1214 1604 1255 1632 De
1269 1603 1329 1633 lana
1341 1605 1435 1634 cameli
1451 1618 1459 1634 ι
1474 1605 1533 1642 sed,
1544 1606 1592 1635 De
1597 1607 1667 1646 pilis
1674 1608 1792 1637 cameli.

1051 1642 1122 1670 Nam
1132 1652 1211 1671 omne
1221 1643 1411 1674 vestimentum
1430 1644 1466 1675 ad
1487 1652 1542 1674 tres
1561 1646 1675 1686 pertinet
1687 1657 1793 1684 causas,

1051 1680 1146 1710 autad
1164 1682 1280 1721 speciem
1291 1683 1404 1713 visionis
1425 1695 1471 1714 seu
1495 1684 1532 1714 ad
1554 1696 1650 1716 vanam
1669 1686 1794 1727 gloriam,

1051 1720 1141 1750 autad
1155 1720 1356 1760 delectationem
1366 1724 1497 1763 eorporis,
1510 1725 1600 1754 autad
1611 1732 1794 1766 tegumentum

1051 1759 1191 1790 nuditatis.
1204 1761 1247 1790 Ad
1253 1763 1368 1801 speciem
1375 1763 1487 1793 visionis
1498 1763 1596 1794 habere
1606 1765 1795 1795 vestimentum

1051 1799 1137 1829 servis
1147 1801 1197 1829 Dei
1208 1811 1259 1830 non
1267 1802 1392 1831 convenit
1403 1803 1544 1833 :similiter
1551 1804 1794 1835 addelectationem

1051 1840 1183 1879 corporis,
1198 1842 1255 1870 Deo
1279 1842 1458 1872 servientibus
1482 1853 1536 1873 non
1559 1851 1599 1874 est
1621 1852 1726 1885 aptum.
1741 1844 1796 1875 Sed

1050 1878 1137 1917 quid?
1158 1880 1276 1909 Tantum
1299 1880 1335 1910 ad
1358 1888 1384 1911 te
1404 1890 1541 1912 umentum
1564 1883 1704 1914 nuditatis.
1719 1886 1795 1922 Quo-

1051 1918 1124 1947 niam
1143 1926 1232 1948 autem
1253 1930 1306 1949 non
1329 1920 1363 1950 de
1386 1893 1447 1951 fana
1461 1923 1601 1959 camelina,
1615 1924 1663 1953 sed
1675 1924 1709 1954 de
1734 1923 1796 1964 pilis

1051 1958 1147 1987 cameli
1158 1957 1272 1988 habebat
1285 1960 1484 1998 vestimentum,
1485 1972 1556 2030 “ipse
1567 1963 1700 1993 Dominus
1711 1974 1796 1993 mam-

1052 1997 1128 2026 sestat
1141 1997 1233 2027 dicens
1246 1999 1280 2028 de
1293 2000 1396 2029 Joanne
1411 2013 1419 2030 :
1438 2002 1496 2040 Qu'
1526 2004 1626 2032 existis
1639 2005 1672 2032 in
1685 2004 1796 2033 deserto
1806 2007 1891 2030 Matth-

1054 2037 1158 2065 videre
1168 2040 1181 2065 P
1196 2038 1343 2067 hominem
1363 2041 1502 2070 mollibus
1525 2044 1662 2071 vestitum
1673 2045 1687 2071 Ρ
1700 2043 1770 2072 Non
1786 2054 1794 2070 .·
1807 2045 1830 2068 7·

1056 2085 1123 2104 nam
1138 2077 1180 2113 hi,
1195 2079 1248 2116 qui
1261 2078 1399 2108 mollibus
1420 2082 1596 2116 vestiuntur,
1619 2082 1651 2110 in
1664 2082 1798 2111 domibus

1056 2125 1156 2155 regum
1169 2123 1247 2145 sunt.
1260 2116 1346 2147 Vides
1365 2129 1429 2157 ergo
1445 2119 1509 2157 quia
1527 2120 1579 2149 tale
1592 2120 1707 2151 habebat
1718 2121 1799 2151 vesti-

1059 2163 1190 2192 mentum,
1200 2163 1229 2185 ut
1237 2156 1378 2187 devirtute
1386 2157 1482 2187 animae
1491 2159 1551 2198 ejus
1564 2159 1622 2200 ipse
1630 2161 1738 2190 habitus
1745 2171 1800 2191 cor-

1056 2195 1131 2234 poris
1140 2195 1306 2234 loqueretur.
1316 2198 1358 2226 Et
1371 2208 1447 2226 zona
1461 2199 1587 2237 pellicea
1596 2210 1682 2240 super
1689 2201 1801 2230 lumbos

1058 2235 1130 2279 ejus.
1142 2236 1186 2264 Ex
1193 2236 1306 2281 eoquod
1317 2237 1394 2275 quasi
1407 2248 1457 2277 pro
1469 2248 1540 2268 novo
1553 2239 1656 2278 aliquid
1668 2240 1690 2269 si
1729 2240 1802 2269 ificet

1058 2283 1087 2302 ln
1096 2275 1210 2313 Joanne,
1219 2275 1310 2305 dicens
1320 2289 1327 2305 ε
1336 2277 1364 2306 E
1367 2283 1377 2306 t
1386 2287 1462 2306 zona
1470 2278 1594 2317 pellicea
1602 2281 1680 2309 circa
1769 2289 1802 2308 os

1059 2315 1122 2353 ejus
1131 2327 1139 2343 .-
1151 2315 1266 2345 ostendit
1279 2316 1342 2354 quia
1353 2317 1518 2346 consuetudo
1530 2325 1587 2348 erat
1596 2319 1668 2358 apud
1680 2318 1803 2355 Judaeoe,

1062 2361 1091 2383 ut
1104 2354 1177 2384 zonis
1190 2355 1274 2385 laneis
1288 2362 1437 2385 uterentur.
1453 2357 1517 2386 Ideo
1532 2357 1592 2394 iste,
1608 2358 1684 2396 quasi
1696 2357 1802 2397 aliquid

1060 2392 1156 2424 durius
1175 2396 1262 2424 facere
1284 2396 1389 2432 volens,
1413 2406 1476 2431 zoua
1496 2396 1607 2436 pellicea
1627 2397 1670 2427 ein
1689 2398 1749 2427 ebat
1762 2409 1801 2427 se.

1062 2436 1130 2464 Puto
1143 2434 1216 2473 quod
1230 2436 1344 2465 Joannes
1354 2435 1382 2464 in
1392 2436 1590 2466 conversatione
1600 2447 1673 2477 popu
1687 2438 1694 2467 i
1708 2437 1803 2468 Juda'i-

297 2534 306 2545 α
326 2526 450 2559 corporea
468 2526 606 2550 usitatione.
619 2525 661 2550 Sic
673 2524 759 2549 Editio
775 2524 960 2557 Antuerpiensis
983 2534 1021 2550 re·
1046 2526 1099 2551 Nec
1111 2532 1213 2552 moveat
1224 2526 1356 2552 insolentia
1368 2527 1446 2559 vocis,
1458 2529 1592 2554 usitatione
1603 2538 1609 2554 ε
1621 2538 1680 2556 nam
1695 2530 1803 2564 scriptor

265 2571 318 2596 cte,
331 2566 366 2589 sic
377 2573 477 2596 quoque
487 2564 577 2598 legitur
595 2564 621 2588 in
640 2563 734 2589 Codice
745 2563 822 2588 Vallis
834 2562 878 2588 Dei
889 2583 895 2594 ,
909 2565 1018 2590 secunda
1046 2565 1085 2590 hic
1096 2565 1187 2591 similes
1197 2565 1287 2592 multas
1299 2574 1372 2593 voces
1381 2565 1495 2592 adhib-ct.

267 2613 348 2630 manu.
363 2603 432 2628 Editi
444 2603 547 2629 Parisini
561 2603 687 2636 corporale
707 2603 860 2634 visitatione,
876 2611 1014 2636 perperam.
