1774 2814
755 169 922 192 PRAEFATto
929 183 936 191 .
1582 164 1619 186 ΙΗ

813 297 832 335 §
847 297 882 326 11.

90 424 262 464 Disquisitio
277 424 354 451 circa
367 428 476 460 tempus
489 425 518 449 et
530 419 606 448 diem
620 428 679 458 quo
692 416 868 457 habitasuit
879 417 996 457 egregia
1012 415 1069 444 illa
1083 415 1193 445 Concio
1213 420 1316 444 contra
1331 414 1416 444 ludos
1432 414 1578 445 Circenses
1592 421 1620 445 et

461 465 588 503 theatra,
604 474 694 504 quam
707 474 800 504 nuper
812 469 926 494 erutam
939 462 1095 500 edidimus,
1110 472 1138 502 p.
1156 463 1241 491 272st

120 604 159 634 Ut
169 602 344 642 intelligatur,
355 610 411 642 qua
423 599 452 629 in
468 609 498 629 re
510 597 657 628 difficultas
667 602 798 634 versetur,
811 593 977 625 retractanda
987 600 1050 624 sunt
1060 604 1090 624 ea
1101 604 1161 634 quae
1170 594 1197 624 in
1212 594 1317 626 Monito
1330 594 1462 634 diximus,
1476 595 1619 636 repetenda

82 649 129 679 illa
141 659 200 688 quae
213 648 281 678 circa
301 654 407 687 tempus
428 652 455 676 et
473 644 548 675 diem
567 643 665 674 habitae
678 642 814 673 concionis
833 640 962 670 dicuntur
975 639 1053 670 initio
1065 639 1195 670 homitiae.
1209 641 1272 672 Jam
1284 651 1384 671 annum
1398 651 1483 671 unum
1496 651 1620 671 emensus

80 701 137 724 erat
152 694 359 734 Chrysostomus
379 693 407 722 in
429 691 585 732 episcopatu
607 687 913 728 Constantinopolitano,
936 686 980 716 καὶ
1002 686 1054 726 γὰρ
1074 687 1192 716 ἐνιαυτὸν
1211 687 1265 728 ἔχω
1287 687 1379 717 λοιπὸν
1391 689 1440 723 τῆς
1452 688 1553 721 πόλεως
1571 691 1620 724 τ’ῆς

82 739 220 781 ὑμετέραςε
238 750 300 769 cum
321 738 462 769 ordinatus
474 747 537 777 ergo
555 736 651 766 suisset
662 746 732 765 anno
745 734 816 772 598,
831 741 910 773 atque
932 740 962 763 ut
975 733 1012 762 ait
1029 733 1162 771 Socrates,
1177 735 1218 764 26
1236 734 1388 771 Februarii,
1398 735 1456 775 jam
1469 734 1621 765 secundum

81 785 250 826 episcopatus
267 795 369 815 annum
382 784 486 824 agebat.
500 783 554 814 lllo
564 782 647 823 igitur
656 792 726 811 anno
736 780 802 810 seria
816 786 910 820 quarta
928 779 1104 809 hebdomadae
1117 780 1259 820 cujusdam
1273 783 1449 820 irrumpente
1459 781 1564 820 pluvia
1574 782 1622 810 in-

82 834 165 871 genti
184 838 275 872 atque
285 832 385 861 omnia
395 840 492 861 secum
505 830 650 865 trahente,
661 834 690 858 et
702 829 740 858 ab
755 837 815 864 ore,
838 832 869 856 ut
880 827 925 855 ita
941 827 1050 862 dicam,
1063 826 1258 866 agricolarum
1270 837 1402 856 mensam
1421 829 1561 867 rapiente,
1577 837 1624 857 co-

84 885 178 908 rnutas
190 882 284 918 spicas
303 878 468 918 dejiciente,
482 883 644 915 coeteraque
657 875 757 904 omnia
767 884 819 914 per
838 873 966 903 humidoe
986 875 1115 903 materioe
1137 875 1251 913 copiam
1264 873 1449 911 devastante,
1469 874 1582 903 litaniae
1595 879 1623 903 et

83 925 309 965 supplicationes
325 924 422 963 fuere,
446 929 499 953 etc.
514 921 642 952 Diximus
653 927 743 950 autem
756 926 816 961 post
837 919 1060 959 chrysostomum
1076 919 1132 949 haec
1140 919 1207 948 feria
1218 927 1311 958 quarta
1324 918 1453 949 accidisse
1468 932 1475 948 ε
1491 919 1527 949 ait
1540 920 1621 955 enim,

85 982 137 1001 uno
152 977 256 1001 tanttun
263 970 420 1010 interposito
433 976 493 1009 post
504 974 605 998 tantam
616 966 746 997 alluviem
759 965 815 1003 die,
827 965 907 994 ludos
919 965 1090 995 Circensesin
1102 966 1248 995 Parasceve
1259 965 1344 994 editos
1354 964 1446 1003 fuisse,
1455 971 1517 1005 μιᾶς
1525 965 1623 1005 μεταξὺ

83 1017 222 1057 γενομένης
232 1016 343 1056 ἡμέρας.
363 1017 396 1046 1n
409 1017 554 1045 Parasceve
565 1013 661 1053 igitur,
673 1012 785 1052 quidam
797 1022 832 1041 ex
853 1021 931 1051 grege
950 1011 1164 1041 Christianorum
1182 1010 1275 1040 relicta
1288 1011 1405 1040 ecclesiae
1418 1011 1555 1048 concione,
1582 1012 1624 1041 ad

83 1063 281 1104 spectaculum
291 1063 522 1092 concertantium
533 1069 674 1099 equorum
687 1057 918 1098 transfugerunt,
940 1062 1030 1095 atque
1043 1058 1086 1085 ita
1104 1056 1276 1086 debacchati
1287 1063 1364 1093 sunt,
1374 1063 1406 1086 ut
1418 1064 1508 1087 totam
1525 1059 1624 1088 urbem

84 1110 206 1138 vocibus
217 1108 451 1146 clamoribusque
460 1105 679 1144 repleverint...-
689 1104 735 1132 Ne
746 1104 839 1143 ipsam
854 1103 971 1142 quidem
988 1103 1065 1132 diem
1083 1103 1243 1140 reveriti‚in
1251 1114 1311 1143 qua
1317 1114 1351 1141 sy
1357 1104 1457 1133 mbola
1464 1104 1568 1134 salutis
1576 1115 1623 1145 gc-

86 1156 162 1185 neris
169 1155 261 1184 nostri
270 1157 470 1183 consummata
480 1156 558 1181 sunt.
569 1150 676 1179 Verum
684 1150 715 1178 in
721 1149 910 1184 Parasceve:
917 1159 982 1178 cum
990 1149 1136 1178 Dominus
1145 1155 1210 1178 tuus
1221 1159 1275 1188 pro
1283 1150 1350 1178 orbe
1360 1151 1623 1190 crucifigebatur‚et

85 1201 259 1240 sacnficium
270 1199 331 1228 tale
338 1198 531 1239 offerebatur,
537 1196 693 1235 paradisus
702 1196 903 1234 laperkbatw,
909 1200 938 1223 et
957 1194 1035 1223 latro
1055 1195 1088 1222 in
1104 1196 1260 1234 antiquam
1276 1196 1470 1226 reducebatur
1480 1199 1621 1236 patriam,

87 1246 252 1275 maledictio
264 1243 487 1280 dissolvebatur,
491 1248 643 1281 peccatum
652 1241 814 1277 delebatur,
821 1241 990 1270 diuturnum
1003 1240 1163 1269 tollebatur
1176 1241 1439 1281 bellum,Deusque
1452 1244 1622 1272 reconcilia-

90 1295 177 1322 batur
189 1302 255 1321 cum
266 1289 441 1326 hominibus,
450 1283 539 1326 a‘tque
549 1289 646 1316 omnia
655 1287 847 1316 mutabantur
858 1299 864 1314 :
879 1288 910 1315 in
922 1286 977 1315 illa
987 1287 1034 1314 die
1045 1286 1076 1314 in
1087 1297 1147 1325 qua
1155 1288 1292 1326 jejunare
1301 1290 1469 1326 oportebat,
1480 1290 1624 1330 confiteri,

87 1346 116 1369 et
131 1340 243 1378 gratias
255 1336 403 1377 precando
421 1334 530 1375 referre
545 1336 572 1363 ei
586 1334 638 1373 qui
655 1339 698 1362 tot
714 1334 791 1361 bona
808 1333 871 1362 orbi
885 1332 1008 1361 contulit
1021 1344 1029 1360 :
1042 1339 1112 1362 tunc
1130 1339 1162 1362 tu
1175 1333 1278 1362 relicta
1292 1334 1415 1363 ecclesia
1432 1341 1461 1364 et
1480 1336 1625 1375 sacrificio

87 1383 242 1424 spirituali,
255 1383 448 1423 fratrumque
460 1385 535 1410 coetu
542 1403 553 1417 ,
564 1385 654 1420 atque
659 1379 768 1419 jejunii
782 1380 944 1418 gravitate,
957 1379 1090 1418 captivus
1102 1389 1122 1407 a
1139 1378 1259 1408 diabolo
1275 1380 1316 1408 ad
1331 1379 1409 1409 illud
1426 1381 1625 1420 spectaculum

88 1431 230 1460 abductus
239 1438 281 1459 es.

127 1477 192 1507 1:1ae0
203 1476 240 1506 ita
252 1476 404 1512 παθητικῶς
419 1473 497 1503 effert
509 1471 728 1512 chrysostomus,
744 1478 776 1501 ut
793 1470 944 1511 putaverim
956 1472 1118 1501 Parasceven
1153 1470 1239 1508 illam,
1259 1482 1339 1510 quam
1361 1478 1499 1514 tantopere
1512 1474 1628 1504 celebrat

89 1522 136 1551 ille
146 1544 154 1559 ‚
169 1532 226 1551 esse
237 1521 331 1551 seriam
343 1527 445 1551 sextam
457 1517 631 1549 hebdomadae
637 1524 745 1555 sanctae,
759 1528 791 1547 ac
803 1517 918 1558 proinde
928 1517 977 1546 illa
995 1517 1096 1555 omnia,
1118 1528 1178 1556 quae
1190 1517 1316 1558 pluribus
1330 1526 1446 1549 recenset
1461 1522 1491 1550 S.
1506 1521 1625 1558 antistes,

88 1569 118 1597 in
137 1567 305 1597 hebdomade
318 1573 409 1597 sancta
426 1564 554 1595 accidisse
569 1577 576 1593 ε
592 1564 730 1602 fateorque
742 1574 786 1593 me
798 1563 867 1593 hanc
880 1563 1036 1593 sententiam
1049 1564 1204 1604 amplexum
1217 1564 1310 1594 fuisse.
1332 1566 1437 1596 Verum
1451 1574 1541 1596 contra
1551 1567 1626 1597 illam

89 1613 252 1653 gravissimae
265 1613 408 1652 insurgunt
419 1610 601 1647 difficultates,
613 1620 729 1648 quarum
739 1609 849 1639 alteram
862 1609 951 1650 primo
963 1617 1116 1650 perceptam
1127 1610 1240 1650 exposui
1254 1611 1282 1640 in
1296 1611 1413 1647 Monito,
1424 1620 1516 1651 estque
1530 1614 1625 1654 hujus-

91 1659 166 1688 modi
179 1671 187 1688 ε
199 1660 230 1689 In
245 1659 371 1689 concione
379 1657 417 1687 ait
425 1656 644 1697 Chrysostomns‚
657 1654 709 1694 πρὸ
719 1657 799 1696 τριῶν
810 1657 917 1696 ἡμερῶν
930 1655 1072 1695 ἐπομὸρία,
1086 1662 1156 1685 ante
1170 1663 1226 1686 tres
1239 1658 1302 1686 dies
1314 1659 1404 1687 imber
1415 1660 1527 1699 ingens.
1539 1661 1630 1689 lmber

89 1712 179 1736 autem
195 1705 244 1735 illc
263 1703 365 1734 decidit
376 1703 443 1733 feria
462 1709 556 1741 quarta
569 1701 757 1738 hebdomadis,
770 1702 865 1740 quinta
882 1702 948 1731 seria
960 1701 1030 1730 nihil
1043 1709 1206 1731 memoratur
1217 1703 1356 1741 accidisse,
1371 1704 1399 1733 in
1412 1705 1556 1735 Parasceve
1567 1706 1630 1735 ludi

91 1758 224 1791 equestres
236 1749 335 1780 multos
346 1759 382 1779 ex
393 1747 533 1778 catholicis
545 1746 735 1783 abduxerunt3
748 1747 865 1777 sabbato
876 1747 958 1776 iidem
973 1747 1024 1787 ipsi
1041 1747 1187 1777 Christiani
1206 1748 1372 1779 theatrorum
1389 1751 1540 1790 spectacula
1552 1751 1629 1781 adie-

90 1803 164 1827 runt.
176 1795 247 1827 Hinc
258 1806 323 1826 vero
335 1794 410 1834 sequi
425 1793 532 1824 videtur
543 1793 612 1822 hanc
622 1793 763 1822 homiliam
776 1792 834 1833 ipsa
844 1792 889 1822 die
901 1793 1044 1822 Dominica
1055 1792 1176 1822 habitam
1189 1794 1283 1830 fuisse,
1297 1795 1367 1824 inter
1375 1806 1457 1834 quam
1468 1796 1541 1826 diem
1552 1803 1578 1827 et
1590 1797 1629 1827 fe-

90 1843 158 1873 riam
165 1849 287 1882 quartam
293 1839 484 1882 praecedentem
494 1845 567 1869 retro
573 1838 738 1868 numerando
749 1838 1006 1868 tresintercedebant
1016 1838 1074 1868 dies
1079 1838 1152 1879 pleni
1161 1846 1186 1868 et
1198 1839 1304 1879 integri,
1314 1841 1472 1878 Sabbatum,
1484 1843 1629 1873 parasceve

91 1896 117 1919 et
130 1889 196 1919 seria
209 1888 312 1928 quinta.
325 1886 380 1917 Sed
392 1886 416 1916 si
429 1885 542 1915 homilia
551 1885 579 1914 in
591 1885 636 1914 die
646 1891 736 1914 sancto
749 1884 857 1914 Paschae
873 1884 965 1914 habita
978 1884 1069 1922 suerit,
1089 1895 1139 1914 cur
1158 1895 1191 1914 ne
1210 1886 1324 1916 verbum
1337 1887 1447 1926 quidem
1461 1889 1488 1917 in
1502 1889 1628 1918 concione

92 1942 145 1966 tota
156 1935 192 1967 de
203 1932 395 1964 resurrectione
405 1931 515 1962 Domini
530 1931 662 1961 hahetur?
679 1932 748 1961 Nam
763 1930 812 1961 etsi
831 1930 887 1961 dici
905 1931 1015 1961 fortasse
1035 1930 1118 1972 possit
1138 1932 1359 1973 chrysostomum
1380 1934 1429 1964 illo
1447 1934 1502 1973 die,
1517 1936 1627 1965 utindi—

91 1982 243 2022 gnationem
254 1991 331 2010 suam
348 1979 376 2009 in
389 1989 445 2015 eos,
457 1977 506 2018 qui
515 1978 616 2007 theatra
629 1977 727 2008 diebus
739 1977 837 2008 sanctis
850 1977 981 2015 adierant,
1005 1984 1171 2016 exonerant,
1185 1978 1339 2009 concionem
1352 1980 1491 2021 habuisse,
1506 1982 1628 2022 nihilque

91 2027 169 2058 aliud
180 2027 327 2067 cogitasse:
343 2035 376 2055 an
391 2025 479 2066 potuit
490 2024 519 2054 in
531 2023 578 2054 die
588 2030 679 2054 sancto
696 2024 805 2054 Paschae
818 2023 888 2053 nihil
901 2023 1010 2053 omnino
1032 2023 1067 2053 de
1080 2030 1151 2054 tanta
1169 2024 1323 2055 celebritate
1343 2037 1376 2056 ne
1388 2028 1504 2068 carptim
1516 2029 1627 2068 quidem

92 2074 187 2113 loqui?
199 2073 230 2104 Si
244 2071 347 2104 veroin
361 2078 514 2112 sequentem
525 2070 598 2100 diem
610 2070 752 2100 homiliam
765 2070 913 2107 mittamus,
928 2069 981 2099 alia
995 2077 1119 2110 exsurget
1136 2070 1293 2111 difficuhas5
1308 2083 1361 2102 non
1375 2074 1446 2103 enim
1459 2082 1513 2104 tres
1526 2081 1628 2104 tantum

93 2120 162 2158 dies,
175 2119 224 2150 sed
234 2125 350 2159 quatuor
362 2118 435 2159 pleni
449 2124 474 2148 et
486 2117 581 2157 integri
601 2115 775 2155 intercedent3
793 2126 824 2146 ac
832 2115 894 2145 licet
911 2115 966 2145 dici
979 2116 1064 2156 possit
1076 2116 1299 2156 chrysostomum
1312 2125 1364 2148 tres
1377 2119 1480 2150 dixisse
1493 2120 1552 2150 dies
1574 2131 1626 2150 non

93 2164 273 2207 supputando,
287 2164 334 2194 sed
354 2171 460 2204 tempus
473 2163 578 2193 circiter
599 2162 769 2202 assignando,
794 2168 864 2192 certe
890 2162 938 2193 vix
963 2161 991 2191 in
1010 2161 1131 2192 animum
1145 2163 1271 2194 inducere
1290 2165 1388 2205 possis,
1404 2166 1627 2207 chrysostomum

94 2218 185 2242 contra
204 2221 249 2242 eos
267 2211 315 2250 qui
337 2211 364 2240 in
378 2211 522 2240 Parasceve
534 2208 570 2238 ad
593 2208 672 2238 ludos
687 2208 825 2238 Circenses
839 2215 1017 2246 accurrerant,
1031 2216 1057 2239 et
1070 2209 1188 2240 sabbato
1208 2209 1308 2241 theatra
1326 2211 1458 2242 obscoenis
1470 2214 1630 2254 spectaculis

95 2257 174 2296 plena
186 2256 317 2295 adierant,
327 2255 397 2286 nihil
408 2255 510 2286 dixisse
523 2255 557 2285 de
571 2254 709 2286 Paschatis
722 2253 767 2284 die
777 2254 923 2285 Sabbatum
937 2254 1008 2284 illud
1026 2254 1190 2295 insequente,
1206 2256 1228 2286 si
1243 2267 1305 2288 vere
1315 2257 1408 2287 fuisset
1419 2258 1470 2288 illa
1483 2258 1629 2290 hebdomas

94 2309 196 2333 sancta.
576 2331 583 2338 ,

136 2349 225 2378 Altera
238 2357 324 2387 neque
334 2349 421 2378 minor
438 2358 473 2378 ex
482 2347 573 2379 verbis
593 2347 659 2387 ipsis
670 2346 854 2387 chrysostomi
867 2348 954 2377 oritur
970 2346 1127 2377 difficultas.
1143 2347 1235 2378 Imber
1246 2348 1293 2378 ille
1307 2348 1411 2390 ingens,
1426 2351 1524 2390 inquit,
1539 2352 1629 2382 omnia

132 2467 140 2478 ¹
159 2463 249 2495 [Nota
259 2460 350 2494 quihus
360 2460 457 2486 numeri
468 2459 629 2493 praeflguntur
641 2458 700 2497 Chr.
714 2460 756 2484 Fr.
768 2458 880 2484 Matthaei
891 2465 959 2485 sunt.
972 2459 1086 2484 'situlum
1097 2459 1156 2484 libri
1168 2459 1224 2485 vide
1236 2461 1309 2493 infra,
1322 2470 1348 2494 p.
1362 2463 1420 2493 27⁴,
1432 2468 1487 2489 not.
1501 2462 1529 2497 *J

130 2508 140 2520 ι
157 2503 216 2528 1120
227 2500 260 2526 de
270 2499 340 2525 nullo
351 2499 401 2525 alio
411 2499 452 2525 die
462 2498 542 2532 accipi
554 2504 668 2532 possunt,
678 2498 725 2524 nisi
734 2498 767 2524 de
777 2498 818 2524 die
830 2499 931 2525 Veneris
943 2505 1003 2525 ante
1015 2499 1118 2524 Pascha.
1130 2500 1185 2525 Hoc
1196 2499 1263 2525 enim
1275 2499 1316 2525 die
1325 2509 1352 2526 ea
1366 2500 1513 2527 acciderunt
1525 2512 1580 2536 quae
1589 2504 1630 2530 hic

98 2546 231 2572 memorat,
239 2546 268 2565 ut
279 2544 416 2564 constatex
427 2538 505 2564 literis
516 2539 603 2565 sacris.
616 2539 669 2564 Nec
679 2539 745 2565 enim
755 2539 843 2572 quovis
853 2538 895 2565 die
906 2539 1008 2564 Veneris
1020 2538 1073 2565 hac
1085 2545 1152 2573 gesta
1165 2546 1232 2565 sunt.
1243 2539 1348 2565 Accedit
1359 2540 1427 2574 quod
1439 2540 1530 2568 diserte
1543 2546 1631 2570 memi—

99 2583 136 2608 nit
144 2582 227 2615 jejunii
238 2581 335 2613 magni,
350 2588 391 2604 scu
403 2578 630 2613 quadragesimalis.
