1904 2840
611 170 644 193 IN
672 168 881 194 MA'rrnAEUM.
910 167 1028 190 flotin„
1057 169 1165 192 XXXI!-

128 237 211 267 nobis
226 237 308 265 viam
324 243 419 269 ειιαιη,
431 239 461 262 et
480 232 695 261 ambulabimus
718 233 750 260 in
769 240 814 259 ea.
830 230 866 259 Et
883 232 903 255 A
919 229 997 258 mone
1013 242 1020 258 τ
1035 232 1074 259 In
1095 231 1178 260 mille
1197 233 1295 261 virum
1318 231 1426 262 bonum
1449 233 1580 261 invenies

126 272 224 306 curatae
242 281 304 304 sunt
316 279 406 313 gentes
418 272 446 302 in
465 271 567 301 finibus
581 271 738 301 Judaeorum
751 269 786 298 ad
802 279 866 298 con-

125 315 257 345 fusionem
271 311 474 353 ipsorum‚wquia
487 318 576 350 gentes
583 310 693 349 quidem
704 310 769 339 etin
779 309 867 340 aliena

125 361 243 393 sequutae
261 360 325 383 sunt
344 351 494 388 Christum,
509 350 597 381 Judaei
619 357 708 379 autem
724 349 752 378 in
767 348 868 377 finibus

126 394 183 423 suis
198 393 372 423 constitutum
391 397 560 421 tentaverunt
580 396 606 419 et
618 389 786 429 repulerunt,
801 394 827 417 et
840 389 867 417 in

126 433 347 463 fornicationibus
374 431 431 461 suis
458 429 643 469 corporalibus
667 427 868 458 fornicationem

127 483 203 503 suam
221 471 333 502 confessi
352 477 414 505 sunt
431 469 612 509 spiritualem,
626 468 744 498 diceutes
760 467 811 497 :Si
833 468 869 496 li-

127 520 172 542 cet
181 514 247 542 viro
255 513 401 541 dimittere
414 519 534 539 uxorem
546 519 629 538 suam
638 517 821 548 quacumque
831 517 868 551 ese

127 555 237 582 causa?
251 552 323 589 Quia
341 561 396 581 nou
418 555 503 589 potest
521 549 610 577 animo
633 558 689 577 esse
709 553 806 582 castus,
820 557 868 585 qui

126 602 158 621 co
193 602 239 621 ore
251 598 292 621 est
303 591 420 621 lascivus
435 601 442 617 τ
457 589 510 618 1100
522 595 571 622 est,
582 597 634 616 non
645 593 731 627 potest
743 587 800 616 Deo
811 596 868 616 esse

119 631 180 661 'fide
194 632 226 669 's,
238 631 285 670 qui
308 631 386 660 uxori
407 639 461 658 suae
478 627 598 668 perfidus
617 633 656 656 est
667 639 675 655 ε
690 627 761 656 510111
773 636 820 655 1100
833 637 869 655 ex

126 670 234 701 diverso
252 670 440 700 conscientiam
461 673 559 702 servat,
576 666 623 705 qui
642 667 697 695 Deo
716 665 797 694 fidem
815 675 868 694 uon

127 717 226 747 servat,
238 709 286 739 sed
306 710 390 738 altera
409 708 520 737 alterius
540 705 722 735 fornicationis
735 711 774 734 est
790 715 869 734 aceu-

127 750 221 779 satrix.
236 750 306 779 Nam
320 749 371 778 etsi
388 747 496 777 interim
514 756 567 776 non
585 745 776 785 praevaricatur
789 744 868 774 lasci-

127 800 188 825 vus,
200 796 287 818 tamen
297 790 354 829 jam
368 788 397 817 in
409 798 442 816 eo
454 792 568 816 statutus
577 791 657 814 estut
689 785 868 819 raevaricetur,

127 829 152 859 si
162 828 300 868 corruptio
310 826 490 868 persuasionis
503 825 650 855 accesserit.
686 831 697 853 t
706 823 749 852 illi
759 823 869 862 quidem
884 828 903 851 B

127 868 274 898 secuudum
279 878 386 897 carnem
392 866 600 904 interrogabant,
605 874 665 903 quae
674 864 729 903 pati
736 863 870 892 mereban-

127 915 173 937 tur
179 907 325 937 secundum
331 907 458 947 spiritum
467 917 473 933 :
484 904 516 934 Si
524 905 590 934 licet
599 905 744 933 dimittere
751 913 870 932 uxorem

128 957 312 987 quacumque
323 957 360 975 ex
371 955 461 975 causa
469 946 482 972 Ρ
495 944 618 974 Christus
632 950 720 972 autem
734 942 871 981 respoudit

127 987 176 1023 eis,
184 986 258 1025 quod
265 986 350 1015 facere
358 995 404 1015 eos
410 994 464 1014 nou
476 983 597 1020 decebat,
606 982 698 1012 dicens
710 995 716 1010 :
734 983 872 1020 Quicum--

129 1037 186 1066 que
198 1027 339 1055 dimiserit
352 1034 483 1059 uxorem,
491 1025 548 1052 nisi
561 1025 597 1052 ob
611 1021 871 1066 causamsornica-

129 1067 227 1103 tionis,
240 1072 269 1094 et
282 1065 376 1093 aliam
391 1065 518 1099 duxerit,
528 1063 698 1091 moechatur.
710 1062 786 1090 Sicut
799 1060 872 1090 enim

129 1115 240 1135 uxorem
257 1114 427 1143 quocumque
441 1101 521 1132 modo
534 1108 627 1131 contra
638 1101 803 1131 voluntatem
818 1100 873 1129 viri

129 1151 249 1184 agentem
269 1143 383 1183 dignum
395 1149 434 1172 est
454 1141 594 1181 repellere,
609 1151 662 1170 non
676 1147 715 1169 est
727 1146 815 1169 autem
826 1141 872 1179 ju-

130 1191 202 1213 stum
214 1190 344 1222 quantum
355 1182 389 1211 ad
403 1182 560 1221 gravitatem
574 1181 638 1217 viri,
653 1180 704 1208 nisi
717 1179 753 1208 ob
765 1190 873 1209 causam

130 1222 311 1252 fornicationis
327 1234 335 1251 ε
352 1223 390 1252 510
409 1229 436 1251 et
455 1220 587 1256 Ecclesia,
604 1229 773 1258 quocumque
793 1218 874 1250 modo

129 1269 220 1292 contra
230 1262 398 1291 voluntatem
409 1261 492 1300 egerit
503 1259 615 1296 Christi,
624 1258 706 1298 digna
719 1265 759 1288 est
771 1257 852 1297 abjici
864 1271 871 1288 ε

130 1312 184 1331 11011
197 1308 284 1331 31110111
297 1301 423 1341 abjicitur
434 1306 543 1340 propter
555 1299 781 1337 longanimitatem
794 1297 875 1327 Chri-

131 1342 176 1378 sti,
191 1341 244 1370 nisi
257 1341 314 1370 sola
331 1351 410 1370 causa
426 1338 654 1378 transgressionis.
670 1338 747 1368 Sicut
766 1337 837 1366 enim
850 1338 874 1367 si

130 1381 255 1410 Christus
268 1380 346 1420 prius
364 1379 508 1408 dimisisset
530 1377 679 1407 Ecclesiam
703 1376 872 1414 Judaeorum,
887 1407 891 1410 ὲ

130 1430 182 1449 11011
196 1421 235 1449 015
244 1419 450 1449 subministrans
461 1428 509 1458 per
521 1417 674 1457 Scripturas
687 1417 808 1446 notitiam
819 1427 873 1445 suae
888 1423 907 1447 C

129 1459 291 1495 divinitatis,
302 1459 360 1498 ipse
379 1458 491 1488 faciebat
509 1467 567 1486 eam
581 1456 731 1485 adulteram
744 1467 807 1485 011111
819 1455 873 1485 diis

129 1499 273 1535 extraneis,
294 1498 420 1536 quoniam
441 1503 546 1532 natura,
569 1496 738 1525 rationabilis
760 1502 786 1525 et
807 1495 872 1524 sub-

130 1538 188 1567 dita
207 1539 264 1567 Deo
283 1543 381 1573 creata,
395 1537 453 1565 sine
473 1537 529 1564 Deo
549 1545 602 1564 non
625 1541 712 1573 potest
732 1544 788 1563 esse
812 1546 818 1562 ε
835 1534 873 1563 510

130 1578 239 1607 Christo
251 1587 355 1615 semper
372 1575 410 1604 eis
423 1574 560 1604 scientiam
573 1584 628 1602 suae
646 1572 795 1602 divinitatis
808 1573 873 1601 sub-

131 1616 310 1650 ministrante,
325 1614 452 1653 quoniam
460 1624 525 1653 syna
544 1623 594 1652 oga
608 1622 736 1652 spernens
746 1612 874 1641 transibat

132 1655 167 1685 ad
180 1654 264 1691 idola,
279 1653 470 1683 inexcusabilis
483 1652 536 1682 adu
551 1659 606 1681 tera
618 1658 722 1691 reperta
741 1658 791 1680 est.
806 1652 872 1680 Pro-

131 1702 191 1736 pter
199 1693 272 1733 quod
282 1693 382 1733 repulit
393 1692 542 1727 Christum,
553 1701 605 1720 non
617 1690 716 1731 repulit
727 1700 783 1719 eam
798 1690 874 1720 Chri-

131 1742 189 1765 stus
205 1746 212 1762 :
228 1744 280 1762 non
294 1743 462 1772 quacumque
475 1742 510 1761 ex
522 1741 613 1766 causa,
626 1730 673 1760 sed
686 1737 797 1770 propter
809 1739 872 1759 cau-

131 1785 187 1804 sam
198 1772 380 1803 fornicationis
397 1771 482 1812 ipsius
493 1772 506 1800 'e
522 1770 585 1809 quia
599 1779 651 1799 non
666 1770 765 1806 solum,
780 1769 873 1798 relicto

131 1813 249 1849 Christe,
259 1811 368 1842 diabolo
381 1821 409 1841 se
419 1810 569 1850 conjunxit,
581 1808 628 1838 sed
641 1810 720 1838 etiam
730 1809 870 1844 interfecit,

131 1864 181 1894 pro
195 1862 250 1891 quo
261 1852 328 1881 mori
342 1850 483 1880 debuerat.
499 1849 541 1879 Ab
558 1848 635 1878 initio
652 1848 724 1878 enim
737 1849 810 1877 Deus
828 1858 872 1887 ge-

131 1893 192 1922 nuit
200 1892 339 1923 Christum
353 1902 360 1919 z
375 1889 472 1919 deinde
484 1888 584 1918 creavit
596 1888 741 1923 hominem,
753 1887 871 1916 rationa-

130 1933 214 1962 bilem
237 1938 356 1960 naturam
381 1929 539 1969 angelorum
560 1934 586 1957 et
608 1927 769 1964 animarum,
794 1927 871 1965 quasi

131 1973 284 2012 conjugem,
299 1977 325 1999 et
341 1976 473 2009 potentem
487 1967 620 2007 suscipere
640 1967 752 1996 verbum
773 1965 869 2006 ipsius.

131 2012 197 2043 Ideo
215 2011 313 2041 clamat
325 2010 378 2039 :.6.
401 2008 486 2047 Quod
506 2008 586 2036 Deus
607 2008 770 2042 con'unxit,
785 2007 871 2035 homo
887 2012 905 2035 1)

133 2063 193 2081 non
202 2056 323 2090 separet.
335 2050 370 2078 Et
380 2048 472 2078 multis
483 2045 593 2086 quidem
604 2018 692 2075 mociis
701 2045 781 2075 homo
793 2056 870 2085 sepa-

132 2098 184 2127 rat,
202 2089 274 2129 quod
293 2088 434 2129 conjunxit
454 2089 535 2117 Deus.
561 2085 676 2123 Quando
698 2085 769 2114 enim
789 2084 871 2123 ¹’quis

132 2130 213 2159 audet
224 2129 313 2158 dicere
326 2135 373 2157 aut
389 2128 473 2156 facere
487 2125 591 2164 aliquid
610 2135 658 2164 per
671 2124 744 2163 quod
758 2124 871 2154 scanda-

133 2169 205 2198 lizati
225 2167 346 2197 homines
358 2166 482 2196 recedant
497 2176 513 2194 a
527 2165 646 2200 Christo,
661 2164 741 2193 homo
754 2170 869 2203 separat,

133 2207 208 2246 quod
219 2208 291 2236 Deus
310 2206 459 2245 conjunxit.
475 2204 530 2235 Sed
548 2211 574 2234 et
593 2204 615 2233 si
629 2203 721 2232 nullus
741 2203 807 2231 alter
821 2202 871 2232 1100

134 2246 222 2281 faciat,
235 2246 292 2285 ipsc
315 2252 404 2274 autem
422 2245 504 2273 homo
525 2253 635 2283 peccans
647 2253 663 2271 a
676 2244 733 2271 Deo
754 2241 869 2279 recedat,

133 2286 264 2326 repellens
276 2284 408 2323 Spiritum
426 2284 484 2328 ejus
495 2294 511 2311 a
524 2293 562 2318 se,
574 2282 655 2311 homo
675 2281 782 2311 videtur
793 2291 871 2320 sepa-

131 2336 203 2355 rasse
216 2323 288 2363 qnod
304 2324 375 2352 Deus
389 2322 537 2361 conjunxit.
556 2322 604 2350 10.
622 2321 731 2349 Dicunt
745 2321 774 2348 ei
781 2321 874 2353 disci<

130 2365 194 2404 puli
208 2376 219 2393 .-
228 2364 260 2393 St
270 2365 312 2392 ita
325 2368 367 2391 est
378 2372 468 2391 causa
481 2362 541 2390 viri
554 2370 618 2389 cum
633 2370 732 2395 uxore,
746 2370 805 2388 non
818 2370 868 2388 ex-

131 2404 211 2441 pedit
235 2404 352 2431 nubere.
375 2401 518 2430 Audientcs
540 2399 690 2438 cogitabant
715 2398 788 2438 apud
811 2409 838 2427 se
862 2411 868 2428 :

134 2442 236 2471 Mulier
251 2442 320 2471 bona
333 2440 443 2470 difficile
457 2439 602 2475 invenitur,
619 2444 779 2478 protestante
791 2438 868 2468 Salo-

167 2535 180 2553 b
198 2533 278 2558 Iidem
296 2534 322 2559 in
340 2542 418 2567 marg.
434 2532 499 2566 Quis
519 2532 601 2555 dicere
621 2535 665 2555 aut
679 2530 767 2564 facere
788 2530 890 2563 aliquid

135 2578 270 2604 proesumtl.

1596 159 1664 206 873

1603 245 1613 262 .·
1633 233 1750 260 inEccle.
1773 243 1797 266 7.

919 270 1054 298 omnibus
1077 276 1174 299 autem
1197 271 1243 300 bis
1262 271 1411 301 mulierem
1436 282 1496 300 non
1520 273 1661 301 invenies.
1673 275 1713 300 29·

918 307 993 344 Quid
1005 314 1094 337 autem
1108 316 1148 338 est
1161 309 1238 339 aliud
1247 311 1356 348 mulier,
1371 311 1424 341 nisi
1437 311 1560 341 amicitiae
1573 311 1663 341 inimi-
1713 319 1813 350 Mulieris

919 357 960 378 ca.
976 348 1156 388 ineffugabilis
1170 360 1258 389 poena,
1266 352 1444 382 necessarium
1455 350 1568 388 malum,
1583 357 1662 380 natu-
1673 351 1747 387 ’ΜΞ-Ὤ,
1779 351 1817 372 de·

920 386 985 416 ralis
1007 388 1128 424 tentatio,
1151 389 1338 419 desiderabilis
1365 391 1513 429 calamitas,
1538 386 1773 420 domesti-⁵⁰'¹1'¹¹⁰·

920 436 982 455 cum
1005 427 1173 467 periculum,
1194 428 1351 459 delectabile
1373 430 1578 467 detrimentum,
1599 430 1665 459 mali

921 473 1027 510 natura,
1046 467 1111 496 boni
1133 468 1222 508 colore
1243 468 1370 509 depicta?
1389 470 1462 510 Ergo
1482 470 1505 499 si
1524 469 1660 499 dimittere

921 505 996 534 1113111
1010 513 1148 546 peccatum
1164 514 1213 543 est,
1226 519 1332 538 necesse
1347 515 1386 538 est
1403 516 1444 545 ut,
1458 516 1505 538 aut
1525 509 1664 539 dimitten-

921 551 976 580 tes,
998 545 1161 576 adulterium
1187 547 1302 576 alterum
1331 548 1476 586 faciamus,
1499 556 1546 578 aut
1572 555 1664 578 tenen-

921 590 975 620 tes,
988 585 1158 624 quotidianas
1184 597 1288 626 pugnas
1308 594 1335 617 et
1355 587 1546 618 amaritudines
1563 588 1663 617 habea-

921 634 993 653 mus.
1008 624 1072 654 Ideo
1090 625 1286 665 responderunt
1301 640 1307 656 :
1325 627 1356 656 Si
1374 629 1418 656 ita
1436 634 1478 656 est
1498 629 1557 656 viri
1577 637 1668 657 causa

921 672 986 693 cum
998 674 1099 700 uxore,
1109 675 1167 694 non
1180 667 1295 705 expedit
1309 667 1425 696 nubere.
1442 668 1521 697 Tunc
1534 667 1667 697 Dominus

921 712 974 732 non
984 703 1065 740 dixit,
1081 704 1144 743 quia
1158 705 1277 745 expedit,
1292 706 1339 735 sed
1350 707 1435 746 magis
1447 707 1589 742 consensit,
1603 708 1667 745 quia

921 752 974 771 non
985 743 1096 783 expedit
1108 756 1115 772 =
1128 744 1176 773 sed
1188 745 1372 775 infirmitatem
1383 746 1472 775 carnis
1483 746 1614 786 aspiciens
1624 745 1667 775 di-

921 782 962 811 xit
974 794 980 810 :
992 785 1024 812 11
1035 805 1040 811 .
1056 783 1125 812 Νοη
1138 786 1237 814 omnes
1246 787 1365 824 capiunt
1378 787 1500 815 verbum
1513 787 1601 822 istud,
1617 786 1670 815 sed

922 823 1027 860 quibus
1047 823 1148 852 datum
1170 830 1222 853 est.
1238 825 1298 854 Non
1311 824 1392 861 dixit,
1408 825 1469 854 Non
1491 836 1582 855 omues
1599 836 1668 865 pos-

906 869 987 898 ‚sunt
1005 875 1011 891 :
1027 861 1086 897 sed,
1101 863 1170 891 Non
1183 874 1282 893 omnes
1300 866 1419 903 capiunt
1435 877 1441 893 ε
1462 864 1491 894 111
1505 872 1554 901 est,
1568 866 1668 894 Omnes

922 901 1032 939 quidem
1043 912 1137 941 capere
1153 910 1275 942 possunt,
1288 903 1335 932 sed
1349 913 1401 932 non
1415 910 1501 933 tamen
1515 914 1606 934 omues
1621 915 1669 933 ca—

923 951 986 980 pere
999 941 1104 971 volunt.
1120 942 1212 971 Palma
1226 943 1361 982 proposita
1375 950 1424 977 est.
1438 943 1493 980 Qui
1504 944 1670 983 concupiscit

923 980 1047 1020 gloriam,
1062 990 1115 1010 non
1129 982 1227 1021 cogitat
1242 982 1277 1011 de
1293 982 1394 1011 labore.
1403 984 1489 1012 Nemo
1505 983 1631 1020 vinceret,
1645 983 1668 1012 si

924 1030 1015 1049 omnes
1035 1020 1187 1059 periculum
1206 1031 1303 1061 pugnae
1326 1021 1459 1051 timerent.
1477 1023 1521 1052 Ex
1543 1033 1574 1051 eo
1594 1022 1768 1060 quodcum-1

924 1059 1035 1098 quidam
1047 1069 1098 1088 non
1112 1067 1234 1099 possunt,
1245 1068 1271 1090 et
1278 1072 1293 1089 a
1302 1061 1440 1101 proposito
1450 1061 1617 1091 continentia}
1625 1073 1670 1091 ca-

923 1099 1003 1135 dunt,
1019 1109 1071 1127 non
1089 1098 1217 1128 debemus
1231 1100 1302 1130 circa
1323 1100 1452 1130 virtutem
1466 1101 1591 1131 castitatis
1608 1102 1668 1131 fieri

924 1138 1067 1178 pigriores.
1083 1138 1112 1168 Si
1125 1139 1196 1168 enim
1210 1139 1323 1178 quidam
1335 1139 1363 1168 in
1378 1151 1468 1185 pugna
1480 1140 1602 1171 cadentes
1615 1152 1669 1171 nou

925 1178 1079 1207 exanimant
1087 1185 1205 1215 caeteros,
1218 1178 1266 1208 sed
1274 1179 1367 1208 dicunt
1378 1180 1434 1209 illis
1443 1181 1480 1209 sic
1492 1179 1585 1210 datum
1599 1181 1668 1210 fuis-

926 1228 964 1255 se,
977 1228 1032 1247 rem
1041 1227 1093 1247 uon
1107 1218 1243 1258 applicant
1253 1229 1360 1259 pugnae,
1371 1218 1415 1249 sed
1426 1220 1529 1249 homini
1547 1233 1552 1248 :
1570 1227 1669 1259 quanto

926 1258 1010 1296 magis
1025 1267 1080 1286 nos*
1093 1258 1244 1287 cadentium
1262 1258 1431 1304 negligentia?
1444 1259 1577 1299 imputare
1586 1260 1668 1289 dehe-

927 1307 1003 1333 mus,
1026 1306 1078 1326 non
1102 1296 1255 1326 difficultati
1279 1298 1464 1337 Virginitatis?
1477 1299 1559 1336 Quod
1580 1306 1670 1328 autem

925 1335 1004 1372 dicit,
1017 1336 1128 1374 Quibus
1137 1337 1239 1366 datum
1252 1343 1305 1374 est,
1317 1347 1369 1366 non
1383 1337 1434 1367 hoc
1443 1338 1587 1378 siguificat,
1601 1338 1670 1378 quo-

926 1375 1000 1404 niam
1019 1375 1183 1414 quibusdam
1202 1375 1293 1413 datur,
1308 1377 1470 1415 quibusdam
1491 1388 1543 1407 non
1564 1378 1644 1408 datur
1661 1391 1667 1406 :

926 1414 974 1444 sed
985 1414 1056 1444 illud
1069 1415 1194 1451 ostendit,
1208 1416 1272 1454 quia
1283 1416 1334 1446 nisi
1345 1417 1479 1446 auxilium
1493 1418 1586 1456 gratiae
1598 1428 1670 1447 acce-

925 1454 1056 1493 perimus,
1071 1454 1140 1484 nihil
1153 1465 1187 1484 ex
1199 1455 1276 1484 nobis
1288 1456 1420 1485 valemus.
1432 1457 1566 1493 Quoniam
1579 1464 1669 1486 autem

925 1493 1078 1523 volentibus
1103 1494 1187 1533 gratia
1211 1503 1264 1522 11011
1292 1494 1454 1534 denegatur,
1479 1496 1506 1523 in
1529 1496 1668 1535 evangelio

925 1532 1057 1561 Dominus
1070 1531 1136 1561 dicit
1150 1545 1156 1560 :
1174 1533 1269 1561 Petite
1285 1539 1313 1561 et
1323 1535 1443 1563 dabitur·
1454 1535 1555 1563 vobis.-
1564 1537 1667 1574 quaeri-
1678 1547 1764 1569 Mueck.
1778 1554 1800 1576 7,

927 1576 966 1605 te,
981 1577 1008 1599 et
1026 1573 1180 1600 invenietis
1191 1584 1200 1599 .·
1214 1572 1341 1610 pulsate,
1355 1579 1383 1601 et
1402 1575 1547 1612 aperietur
1569 1575 1665 1604 vobis.
1678 1585 1700 1607 7-
1711 1578 1734 1600 8-

928 1610 1029 1639 Omnis
1038 1612 1114 1639 enim
1123 1612 1173 1648 qui
1179 1612 1262 1650 petit,
1272 1613 1378 1651 accipit
1385 1624 1393 1640 .·
1403 1618 1431 1641 et
1439 1614 1490 1652 qui
1498 1615 1612 1653 quaerit,
1619 1615 1666 1642 in·

928 1650 1005 1678 venit
1012 1662 1025 1684 ‚·
1039 1656 1067 1678 et
1085 1650 1220 1689 pulsanti
1236 1653 1392 1696 aperietur.
1409 1652 1493 1681 Debet
1514 1659 1604 1682 autem
1616 1663 1666 1683 vo-

925 1688 1013 1718 luntas
1032 1689 1188 1734 praecedere,
1202 1696 1228 1719 et
1240 1700 1278 1719 sic
1291 1691 1412 1730 sequitur
1426 1692 1518 1729 gratia.
1536 1693 1605 1721 Nam
1619 1703 1667 1722 nec

926 1728 1009 1766 gratia
1022 1738 1079 1758 51110
1092 1729 1229 1759 voluntate
1241 1730 1346 1768 aliquid
1360 1737 1496 1770 operatur,
1508 1741 1556 1767 nec
1566 1732 1666 1761 volun-

925 1773 965 1796 tas
979 1767 1035 1796 sine
1049 1768 1132 1813 gratia
1143 1775 1240 1808 potest.
1253 1770 1322 1799 Nam
1336 1777 1362 1799 et
1374 1777 1444 1799 terra
1458 1780 1510 1799 non
1525 1772 1665 1809 germinat,

925 1806 977 1836 nisi
987 1807 1107 1846 pluviam
1122 1808 1278 1848 susceperit,
1288 1819 1336 1838 nec
1349 1809 1443 1848 pluvia
1456 1810 1599 1840 fructificat
1609 1810 1665 1840 sine

925 1853 1003 1875 terra.
1018 1847 1152 1877 msam
1172 1849 1315 1885 eunuchi,
1333 1850 1387 1888 qui
1404 1852 1446 1878 sic
1467 1851 1531 1878 nati
1548 1856 1615 1879 szmt
1628 1861 1665 1879 ex

919 1892 1005 1915 vutero
1028 1888 1129 1916 matris
1150 1897 1208 1917 suoe
1229 1899 1237 1916 .·
1259 1894 1288 1916 et
1307 1895 1375 1917 sunt
1395 1890 1521 1918 eunuchi
1528 1912 1536 1926 ,
1556 1892 1607 1929 qui
1628 1890 1665 1918 ab

924 1926 1088 1955 hominibus
1096 1926 1175 1966 fiunt
1191 1938 1198 1955 :
1215 1934 1243 1956 et
1256 1934 1324 1956 sunt
1338 1929 1474 1965 eunuchi,
1490 1931 1540 1968 qui
1559 1931 1665 1969 seipsos

922 1966 1068 1995 eunuchos
1081 1966 1222 2006 fecerunt
1241 1974 1355 2012 propter
1374 1978 1494 2007 regnum
1515 1969 1662 1998 caelorum.

923 2007 1070 2042 Tamquam
1086 2005 1109 2034 si
1124 2005 1199 2035 dicat
1211 2006 1309 2045 aliquis
1326 2018 1331 2035 :
1347 2007 1421 2044 Quid
1433 2007 1513 2044 dicis,
1528 2009 1663 2038 Domine?

922 2044 944 2074 si
958 2055 992 2073 ex
1005 2055 1172 2084 quacumque
1188 2055 1267 2075 causa
1280 2047 1420 2086 contigerit
1433 2047 1536 2076 homini
1552 2058 1664 2077 uxorem

923 2094 975 2113 non
996 2084 1107 2120 habere,
1126 2094 1159 2113 an
1178 2085 1345 2115 continentiae
1367 2086 1475 2116 habebit
1495 2087 1663 2116 mercedem?

924 2125 984 2153 Non
995 2134 1110 2163 semper.
1126 2123 1202 2154 Sicut
1219 2125 1290 2154 euim
1306 2133 1442 2165 peccatum
1455 2126 1512 2155 siue
1526 2127 1663 2156 voluntate

923 2173 991 2203 opus
1005 2172 1057 2192 non
1075 2163 1149 2199 facit,
1164 2163 1200 2192 ita
1216 2165 1319 2204 justitia
1332 2176 1367 2194 ex
1379 2176 1459 2205 opere
1476 2176 1527 2194 non
1539 2176 1662 2195 consum-

923 2209 1022 2239 matur,
1040 2202 1091 2231 nisi
1110 2209 1137 2232 01
1155 2202 1279 2233 voluntas
1290 2204 1406 2233 affuerit.
1421 2205 1502 2233 Multi
1515 2206 1586 2233 enim
1600 2214 1659 2233 cor-

923 2252 987 2281 pore
999 2240 1109 2280 quidem
1130 2242 1243 2272 castitati
1260 2243 1376 2279 student,
1390 2243 1554 2272 adulterium
1572 2250 1659 2272 autem

922 2280 1060 2310 voluntate
1071 2282 1248 2311 committunt.
1260 2282 1319 2311 Nisi
1330 2283 1401 2311 enim
1411 2293 1445 2311 ex
1457 2283 1594 2312 voluntate
1604 2282 1660 2310 sola

921 2319 1060 2349 fornicatio
1073 2328 1311 2356 consummaretur,
1321 2332 1465 2359 numquam
1477 2321 1607 2349 Dominus
1618 2319 1659 2348 di-

922 2366 991 2389 ceret
1006 2372 1012 2389 =
1032 2359 1093 2400 Qui
1105 2362 1213 2389 viderit
1233 2361 1380 2389 mulierem
1398 2361 1439 2388 ad
1456 2361 1658 2397 concupiscen-
1671 2365 1756 2386 March.
1769 2364 1792 2387 5.

923 2400 993 2428 dum
1014 2410 1086 2436 eam,
1107 2401 1265 2429 moechatus
1284 2406 1328 2428 est
1349 2409 1414 2427 eam
1436 2400 1467 2427 in
1489 2399 1574 2427 corde
1594 2409 1657 2428 suo.
1670 2397 1708 2420 2⁸·

923 2439 995 2478 Ergo
1008 2439 1134 2469 voluntas
1146 2439 1222 2467 ¹¹sine
1240 2448 1318 2477 opere
1332 2438 1482 2476 frequenter
1496 2444 1595 2476 peccat.
1609 2438 1661 2467 Illa

946 2537 956 2549 ⁰
975 2529 1017 2555 Sic
1033 2528 1107 2554 iidem
1125 2529 1150 2552 in
1170 2536 1247 2560 marg.
1264 2527 1365 2552 habent.
1378 2526 1445 2552 Edit?
1457 2533 1539 2552 11111οι11
1558 2528 1582 2553 111
1596 2534 1670 2553 1οι111Δ

915 2570 967 2593 sine
983 2576 1090 2600 corpore,
1100 2567 1172 2592 maie.
