1890 2826
234 158 299 204 Ι74

227 240 404 270 quascumque
432 237 495 261 sunt
524 230 658 271 ejusmodi
677 242 684 259 ε
706 240 758 259 non
783 230 855 260 enim
879 229 969 260 omnia
1021 230 1211 269 κατεπείγοντα
1226 230 1351 271 βαδίζειν.
1362 230 1442 261 Δίδου
1455 231 1516 271 γὰρ,
1531 231 1594 272 φησι
1604 253 1612 268 ,
1626 231 1697 271 σοφῷ
1711 232 1792 270 ἀφορ-

227 284 291 307 sunt
308 277 505 318 percurrenda,
529 287 563 307 ne
579 276 713 318 prolixior
731 276 779 306 fiat
794 275 881 306 oratio
892 299 900 314 ‚
922 275 970 306 sed
1022 275 1084 315 μὴν,
1099 277 1144 307 καὶ
1165 277 1311 318 σοφώτερος
1334 277 1419 307 ἔσται.
1434 277 1501 318 Ἄρα
1524 278 1575 307 τῶν
1598 277 1685 316 μέσων
1707 275 1792 306 ταῦτά

227 322 358 356 vobiqu
373 323 416 353 his
435 323 497 353 data
511 323 658 360 occasione,
672 321 707 352 ad
726 332 757 352 ea
774 332 834 361 quae
854 332 902 352 nos
922 333 968 351 ur·
1024 322 1082 352 ἐστι
1095 322 1192 359 πάντα,
1201 325 1237 357 ὡς
1249 324 1350 357 τούτοις
1362 323 1407 353 καὶ
1421 325 1458 357 εἰς
1469 323 1558 359 καλὸν,
1569 322 1634 352 Ι*καὶ
1647 324 1684 356 εἰς
1698 321 1790 358 κακὸν,

226 375 290 407 gent
307 368 420 399 dicenda
439 369 604 410 pergendum
619 375 669 398 est.
688 370 739 398 Da
759 367 846 406 enim,
861 367 966 407 inquit,
986 373 1005 397 C
1024 369 1048 397 οἱ
1061 368 1194 408 χρώμενοι
1219 369 1332 399 δύναιντ’
1345 370 1387 399 ἄν.
1403 369 1469 400 Ὅτι
1489 369 1542 409 γὰρ
1563 370 1616 398 τῶν
1629 368 1717 408 μέσων
1735 367 1792 398 ἐστὶ

78 418 153 441 Ριον-
165 425 215 449 9·9·
225 416 350 454 sapienti
367 418 561 452 occasionem,
576 422 604 445 et
618 416 777 455 sapientior
795 416 860 445 erit.
882 415 970 454 Igitur
1023 419 1126 452 ταῦτα,
1148 413 1184 447 ὧν
1206 420 1221 447 ὁ
1241 419 1368 456 πλοῦτος,
1382 418 1475 452 ἔδειξεν
1490 420 1504 447 ὁ
1524 417 1644 458 Ἀδραὰμ
1654 440 1663 456 ,
1678 419 1715 452 εἰς
1735 417 1792 446 δέον

224 471 268 491 res
284 460 379 492 mediae
397 468 459 491 sunt
475 462 532 492 haec
551 462 661 492 omnia:
676 461 715 492 sie
726 461 813 492 uthis
825 462 853 491 in
866 462 970 491 bonum
1024 464 1097 503 αὐτῷ
1109 463 1285 503 χρησάμενος.
1298 464 1402 499 Ἔδειξε
1417 464 1444 494 δὲ
1465 464 1510 494 καὶ
1523 464 1568 494 ἐπὶ
1584 466 1630 494 τοῦ
1643 463 1765 504 Λαζάρου
1779 465 1793 492 ὃ

225 513 253 536 ot
265 506 294 536 in
311 507 413 537 malum
426 507 547 537 homines
559 508 599 538 uti
611 507 725 548 possint.
744 507 827 545 Quod
837 507 908 537 enim
927 507 969 536 hae
1024 508 1158 546 πλούσιος,
1174 509 1219 539 ἐπὶ
1238 510 1357 551 ἀπωλείᾳ
1371 513 1419 547 τῆς
1439 511 1533 540 ἑαυτοῦ
1548 511 1664 551 κεφαλῆς
1685 509 1718 539 τὰ
1731 509 1794 539 ὄντα

226 564 269 583 res
286 554 342 585 sint
362 554 474 591 mediae,
498 561 528 585 ut
543 554 647 586 divitiae
655 578 665 592 ,
680 554 798 587 ostendit
814 554 967 593 Abraham,
1024 554 1187 590 δαπανήσας.
1201 555 1273 585 Οὔτε
1287 552 1331 586 οὖν
1352 557 1433 586 καλὸν
1453 557 1543 589 ἁπλῶς
1559 558 1574 586 ὁ
1592 557 1720 592 πλοῦτος,
1733 555 1794 586 οὔτε
1809 576 1818 581 ,

226 600 275 638 qui
292 607 323 630 ut
340 610 409 640 opus
425 608 481 631 erat
501 601 566 641 ipsis
586 608 625 631 est
644 611 727 630 usus:
741 600 857 631 ostendit
878 607 904 630 et
922 601 970 631 ille
1023 600 1115 630 κακόν.
1131 602 1166 630 Εἰ
1178 601 1259 630 καλὸν
1273 597 1304 637 ἦν
1316 602 1424 638 ἁπλῶς,
1443 603 1502 632 ἀλλ’
1515 602 1575 642 οὐχὶ
1589 601 1679 640 μέσον,
1693 603 1741 632 οὔκ
1762 601 1793 630 ἂν

226 646 274 684 qui
297 646 391 676 Lazari
412 647 482 678 vixit
493 654 569 678 aetate
582 648 676 682 divos,
698 647 746 686 qui
764 647 792 676 in
812 647 906 687 capitis
925 648 969 677 sui
1023 649 1037 676 ὁ
1056 646 1100 676 ἐπὶ
1114 650 1160 676 τοῦ
1182 647 1305 687 Λαζάρου
1327 648 1451 682 πλούσιος
1472 650 1582 678 τοιαῦτα
1599 647 1737 682 ἐκολάζετο
1750 659 1756 666 ·
1768 649 1792 677 εἶ

225 692 372 731 pernicicm
385 693 524 724 facultates
538 693 679 734 impendit.
696 694 791 732 Neque
801 693 904 723 bonum
917 693 970 734 igi·
1023 692 1104 722 κακὸν
1119 689 1162 730 ἦν,
1176 695 1226 724 οὔκ
1247 693 1278 722 ἂν
1294 694 1414 734 Ἀὅραὰμ
1432 694 1514 729 οὕτως
1533 694 1692 733 εὐδοκίμησε
1710 693 1793 724 πλού-

224 743 270 767 ιιιι·
286 738 410 768 absolute
421 746 484 769 sunt
497 739 600 770 divitiae
613 750 699 779 neque
712 739 824 769 malum.
841 739 871 770 Si
888 740 968 770 abso-
1023 750 1079 772 σιος
1089 739 1138 768 ὤν.
1154 740 1281 770 Τοιοῦτόν
1292 752 1318 769 τι
1331 740 1376 770 καὶ
1388 743 1404 777 ἡ
1419 740 1493 775 νόσος
1505 741 1586 771 ἐστίν.
1603 742 1638 770 Εἰ
1652 740 1703 780 γὰρ
1714 739 1796 770 κακὸν

216 784 281 827 ,Ιιιιε
301 785 403 814 bonum
420 792 517 823 essent,
537 796 623 825 neque
642 796 685 816 res
705 785 812 822 mediae,
827 785 905 815 dives
918 786 969 815 ille
1023 780 1056 820 ἦν
1069 788 1086 821 ἡ
1102 785 1176 819 νόσος
1187 806 1195 820 ,
1208 785 1262 815 ἔδει
1274 786 1320 815 καὶ
1330 785 1443 816 1’τοῖἰτον
1455 787 1537 817 κακὸν
1553 782 1620 816 εἶναι
1632 787 1676 816 τὸν
1691 787 1795 826 ἔχοντα.

225 829 274 868 qui
286 836 361 860 aetate
374 831 468 861 Lazari
481 831 563 868 vixit,
577 838 631 862 tam
646 831 723 872 gravi
736 831 871 872 supplicio
887 832 970 872 puni·
986 838 1005 862 D
1023 830 1089 871 Ἄρα
1107 831 1153 861 καὶ
1171 832 1301 871 Τιμόθεος
1325 832 1434 871 ἔμελλεν
1448 828 1514 862 εἶναι
1526 833 1595 863 κατὰ
1606 836 1684 862 τοῦτο
1697 833 1777 866 κακὸς
1786 855 1795 870 ,

226 882 270 904 tus
286 886 339 905 non
357 883 444 906 esset:
468 877 493 906 si
510 877 614 908 malum
633 885 730 915 essent,
747 879 899 916 Abraham,
923 878 970 918 qui
1024 878 1125 917 ἐσχάτῃ
1140 878 1211 918 νόσῳ
1223 879 1354 909 παλαίων,
1369 879 1442 919 Οἶνῳ
1461 879 1512 919 γὰρ
1532 879 1613 919 ὀλίγῳ
1628 882 1701 920 χρῶ,
1715 879 1796 920 φησὶ,

226 921 303 951 dives
318 922 372 953 fuit
381 945 388 959 ,
408 933 461 952 non
481 929 537 953 tam
555 924 669 954 celebris
690 924 795 954 fuisset.
817 925 885 954 Tale
903 925 971 964 quid
1024 922 1068 952 διὰ
1079 924 1124 953 τὸν
1138 924 1274 965 στόμαχόν
1286 936 1332 954 σου
1341 947 1349 961 ,
1363 925 1409 954 καὶ
1422 925 1469 958 τὰς
1478 925 1580 958 πυκνάς
1594 937 1641 955 σου
1653 926 1796 959 ἀσθενείας.

226 974 266 996 est
278 967 358 997 etiam
373 968 496 998 morbus.
519 970 591 999 Nam
604 969 627 999 si
642 969 745 999 malum
758 977 826 1000 esset
841 971 968 1007 morbus,
1023 970 1059 998 Et
1081 969 1109 998 δὲ
1135 972 1164 999 οὐ
1188 971 1266 1010 μόνον
1288 971 1368 1005 κακὸς
1390 973 1438 1001 οὐκ
1464 967 1497 1008 ἦν
1515 973 1649 1009 ἐντεῦθεν,
1664 971 1733 1002 ἀλλὰ
1751 972 1796 1001 καὶ

226 1020 361 1054 oporteret
382 1021 408 1044 et
421 1015 524 1045 malurn
535 1026 591 1045 esse
603 1022 745 1056 aegrotum.
757 1016 852 1055 Itaque
873 1016 971 1046 Timo-
1024 1016 1122 1045 πολλοῦ
1144 1020 1238 1055 μισθοῦ
1261 1017 1417 1057 προσθήκην
1438 1018 1589 1057 ἑλοίμὸανε,
1611 1019 1735 1056 γενναίως
1748 1019 1797 1055 τὴν

227 1061 306 1090 theus
326 1071 433 1100 quoqne
451 1062 538 1092 malus
561 1072 618 1092 esse
639 1061 792 1099 debuisset,
807 1062 855 1102 qui
875 1063 971 1093 morbo
1023 1061 1172 1101 ἆρῥωστίαν
1195 1062 1316 1102 ἐνέγκας,
1339 1063 1448 1100 εὔδηλον
1471 1064 1512 1093 ὅτι
1532 1066 1562 1094 οὗ
1584 1065 1666 1095 κακὸν
1680 1068 1696 1101 ἦ
1710 1065 1795 1099 ⁹6⁶0<-

80 1125 100 1141 ,,
115 1120 175 1142 Tim.
194 1118 217 1142 5⁴
229 1107 387 1146 gravissimo
413 1108 627 1138 conflictabatur.
662 1109 739 1139 Vino
759 1110 831 1138 enim
857 1110 972 1139 modico
1025 1107 1079 1137 Καὶ
1087 1107 1174 1148 ἕτερος
1182 1108 1209 1137 δὲ
1217 1108 1422 1149 προφήτηςτοὺς
1431 1109 1671 1150 ὀφθαλμοὺςνοσῶν
1679 1111 1797 1141 διετέλει·

80 1150 118 1173 ²³·
229 1159 319 1191 utere,
330 1153 428 1192 inquit,
440 1160 558 1194 propter
565 1156 757 1191 stomachum,
766 1162 793 1184 el
795 1157 971 1197 frequentes
1025 1153 1084 1185 ἀλλ’
1097 1156 1127 1184 οὔ
1135 1153 1211 1185 κατὰ
1223 1158 1300 1186 τοῦτο
1312 1155 1393 1189 κακὸς
1401 1178 1409 1193 ,
1422 1156 1491 1186 ἀλλὰ
1505 1156 1550 1185 καὶ
1562 1157 1725 1198 προεφήτευε
1733 1179 1741 1194 ,
1753 1158 1799 1187 καὶ

228 1206 295 1229 tuas
324 1200 521 1240 infirmitates.
548 1201 631 1239 Quod
658 1201 681 1231 si
705 1211 759 1232 nou
780 1202 861 1233 modo
884 1203 971 1232 malus
1024 1201 1058 1230 τὰ
1082 1201 1213 1239 μέλλοντα
1237 1201 1378 1242 προεώρα,
1404 1202 1448 1231 καὶΙ
1470 1202 1545 1232 οὐδὲν
1567 1206 1584 1240 ἡ
1606 1203 1680 1238 νόσος
1700 1206 1737 1238 εἷς
1750 1204 1798 1241 τὴν

227 1245 329 1275 idcirco
341 1255 392 1275 non
407 1245 468 1284 fuit,
485 1246 532 1276 sed
544 1253 571 1276 et
583 1247 714 1277 mercedis
733 1247 825 1277 multae
840 1248 970 1278 accessio-
987 1257 1006 1281 Ε
1025 1246 1122 1287 ἀρετὴν
1148 1247 1252 1287 ἐγένετο
1272 1247 1393 1287 κώλυμα·
1409 1248 1479 1278 Ἀλλ’
1495 1249 1554 1280 οὐδὲ
1573 1252 1590 1286 ἡ
1608 1250 1694 1290 ὖγίεῑα
1708 1251 1799 1284 ἅπλῶς

228 1301 290 1321 nem
303 1292 416 1332 accepit,
438 1298 468 1322 ut
484 1291 614 1332 patienter
634 1292 817 1323 infirmitatem
830 1292 906 1323 illam
927 1300 971 1323 ιιι-
1026 1293 1117 1330 καλὸν,
1130 1292 1161 1322 ἂν
1175 1293 1213 1332 μή
1223 1306 1263 1327 τις
1277 1295 1315 1328 εἷς
1329 1294 1386 1324 δέον
1405 1295 1568 1335 κεχρημένος
1587 1297 1655 1335 αὐτῇ
1669 1296 1723 1334 εἴη,
1739 1296 1800 1326 ἀλλ’

227 1337 272 1374 lit,
282 1337 409 1367 morbum
422 1338 515 1378 utique
533 1338 636 1368 malum
657 1348 710 1368 non
728 1349 785 1369 esse
801 1339 973 1370 menifestum
1027 1341 1064 1373 εἰς
1085 1339 1211 1379 ἐργασίαν
1232 1340 1362 1380 πονηρὰν,
1377 1340 1395 1376 ἢ
1414 1342 1450 1374 εἷς
1464 1341 1557 1381 ἀργίαν
1577 1342 1700 1379 ἀνόνητον
1713 1354 1720 1361 ·
1740 1341 1799 1372 οὐδὲ

229 1390 280 1415 est.
298 1384 377 1414 Alius
389 1394 497 1423 quoque
507 1384 639 1425 propbeta
652 1385 738 1415 oculis
753 1393 883 1426 perpetuo
895 1386 974 1417 labo-
1025 1386 1076 1427 γὰρ
1098 1388 1176 1416 τοῦτο
1197 1386 1344 1417 ἀνεύθυνον.
1365 1387 1414 1417 Διὸ
1427 1388 1472 1417 καὶ
1489 1390 1504 1418 ὁ
1524 1389 1631 1423 Παῦλος
1639 1388 1732 1427 ἔλεγεν
1743 1400 1750 1407 ·
1765 1388 1803 1418 Εἴ

106 1442 140 1463 A„
152 1441 221 1463 sacal,
231 1429 324 1460 rabat:
341 1440 390 1460 nec
409 1437 496 1460 tamen
518 1437 628 1471 propter
649 1431 700 1461 hoc
723 1432 811 1462 malus
830 1439 903 1471 erat,
926 1432 974 1462 sed
1026 1444 1066 1466 τις
1087 1434 1117 1462 οὖ
1132 1431 1202 1462 θέλει
1216 1432 1387 1473 ἐργάζεσθαι,
1409 1433 1476 1473 μηδὲ
1489 1434 1608 1464 ἐσθιέτω.
1622 1434 1702 1465 Ἀλλὰ
1716 1437 1799 1466 ταῦτα

79 1473 257 1526 ὶῖἑὶῗὲἶώυοι
269 1476 455 1516 prophetabat,
470 1483 497 1507 et
508 1477 597 1507 futura
610 1477 787 1518 praevidobnt,
803 1489 889 1518 neque
902 1490 974 1509 mor·
1027 1481 1080 1508 τῶν
1105 1478 1194 1517 μέσων
1218 1478 1291 1513 ἐστὶ,
1315 1479 1387 1519 παρὰ
1407 1479 1468 1513 τοὺς
1489 1480 1644 1520 χρωμένους
1665 1481 1730 1510 ποτὲ
1751 1481 1800 1520 μὲν

231 1523 283 1552 bus
299 1522 341 1552 illi
358 1522 469 1562 aliquod
483 1522 519 1552 ad
530 1523 658 1553 virtutem
673 1524 897 1564 impedimentum
911 1526 976 1554 affe-
1027 1526 1118 1559 τοῦτο,
1139 1523 1204 1553 ποτὲ
1219 1523 1246 1553 δὲ
1269 1525 1353 1553 ἐκεῖνο
1366 1525 1521 1564 εγινόμενα.
1541 1526 1596 1555 Καὶ
1610 1526 1638 1556 τί
1654 1527 1693 1556 δεῖ
1712 1527 1799 1566 λέγειν

230 1568 316 1598 rebat.
339 1570 375 1598 At
386 1578 474 1609 neque
493 1568 591 1599 sanitas
608 1569 731 1600 absolute
743 1570 845 1600 bonum
858 1578 908 1609 est,
923 1570 976 1600 nisi
1027 1569 1142 1609 ὑγίειαν,
1156 1569 1202 1599 καὶ
1215 1569 1300 1607 νόσον,
1321 1570 1367 1600 καὶ
1387 1572 1519 1607 πλοῦτον,,
1533 1571 1578 1602 καὶ
1601 1572 1693 1602 πενίαν
1705 1585 1714 1609 ;
1728 1574 1802 1604 Αὐτὸ

230 1613 292 1653 quis
305 1624 335 1643 ea
349 1620 378 1643 ut
391 1621 507 1655 oportet,
522 1624 576 1644 non
589 1613 625 1644 ad
639 1614 796 1656 inprobum
808 1616 913 1646 facinus
930 1617 976 1647 vel
1026 1615 1078 1655 γὰρ
1091 1617 1177 1652 τοῦτο,
1192 1615 1207 1645 ὃ
1220 1617 1291 1645 δοκεῖ
1305 1620 1360 1650 τοῖς
1373 1617 1480 1650 πολλοῖς
1491 1612 1558 1647 εἶναι
1569 1619 1622 1647 τῶν
1637 1619 1742 1657 ἀγαθῶν
1756 1630 1799 1648 κε·

231 1660 267 1690 ad
291 1660 387 1690 inutile
412 1661 498 1691 otium
521 1667 613 1691 utatur
627 1673 635 1690 ε
658 1672 743 1701 neque
766 1662 838 1692 enim
860 1662 976 1693 crimine
1027 1661 1148 1702 φάλαιον,
1160 1661 1206 1691 καὶ
1217 1664 1270 1692 τῶν
1283 1665 1373 1692 κακῶν
1387 1666 1402 1693 ὁ
1413 1663 1543 1704 κολοφὼν,
1559 1667 1573 1694 ὁ
1585 1664 1709 1702 θάνατος,
1720 1666 1800 1706 λέγω,

232 1708 284 1738 hoc
307 1706 397 1747 ipsum
415 1714 501 1738 vacat.
524 1707 657 1745 Quocirca
678 1708 780 1738 Paulus
798 1709 879 1739 etiam
898 1709 1017 1749 dioc-¹52
1029 1707 1073 1737 καὶ
1084 1709 1102 1743 ἡ
1115 1707 1184 1744 ζωὴ,
1197 1708 1257 1738 οὗδὲ
1269 1711 1354 1738 ταῦτα
1367 1710 1458 1743 ἁπλῶς
1478 1710 1562 1748 ἔσται,
1577 1711 1646 1741 ἀλλὰ
1660 1711 1706 1742 καὶ
1716 1715 1800 1743 ταῦτα

83 1770 106 1784 2.
118 1761 222 1784 nesse».
232 1753 280 1783 bat
292 1765 299 1782 ε
315 1753 351 1782 Si
366 1755 432 1793 quis
450 1763 511 1783 non
523 1754 592 1784 vult
603 1756 727 1794 operari,
742 1764 795 1784 nec
808 1756 976 1786 manducet.
990 1756 1011 1780 Α
1028 1755 1081 1783 τῶν
1094 1753 1191 1793 μέσων,
1202 1754 1276 1795 παρὰ
1285 1754 1334 1790 τὴν
1342 1755 1452 1795 γνώμην
1463 1757 1517 1785 τῶν
1530 1757 1675 1797 χρωμένων
1686 1757 1801 1798 ἑκάτερα

568 169 594 192 S.
621 167 762 192 JOANMS
787 167 971 192 cnm‘sos'r.
1000 168 1156 192 ARCIHEP.
1183 167 1452 193 CONSTANTINOP.

86 1800 121 1815 '⁰'
235 1802 341 1831 Verum
362 1800 420 1829 haec
439 1799 532 1830 media
545 1807 608 1831 sunt
628 1807 655 1830 et
674 1800 870 1839 indifferentia,
887 1808 914 1831 et
927 1813 978 1842 pro

234 1847 337 1876 ratione
361 1857 455 1876 corum
477 1846 526 1885 qui
545 1846 584 1876 eis
605 1853 720 1876 utuntur
740 1846 886 1885 aliquando
909 1847 976 1886 hoc,

233 1892 381 1931 aliquando
392 1892 464 1922 illud
478 1892 555 1922 fiunt.
569 1891 644 1929 Quid
657 1902 723 1923 vero
736 1892 830 1922 attinet
838 1893 978 1924 sanitatem

233 1948 441 1967 commemorare
453 1948 484 1967 ac
499 1937 636 1974 morbum,
657 1937 769 1968 divitias
787 1945 813 1967 et
833 1946 977 1980 pauperta-

235 1983 308 2019 tem?
331 1984 389 2013 Hoc
412 1983 484 2013 onim
507 1983 618 2023 ipsum,
641 1982 715 2022 quod
737 1983 821 2023 vulgo
844 1984 978 2015 bonorum

234 2030 356 2061 omnium
375 2037 457 2070 caput
474 2035 611 2067 censetur,
626 2035 652 2060 et
670 2030 805 2059 malorum
826 2031 976 2072 colophon,

234 2088 307 2107 mors
323 2077 445 2116 inquam,
458 2082 485 2105 et
497 2077 564 2113 vita,
585 2085 671 2114 neque
690 2082 753 2105 sunt
770 2076 827 2106 baec
841 2077 978 2115 absolute,

235 2123 282 2153 scd
293 2130 320 2153 et
338 2124 397 2164 ipsa
415 2122 505 2152 media
517 2129 592 2159 sunt,
606 2128 634 2151 et
651 2128 733 2162 prout
752 2132 845 2152 eorum
858 2123 909 2153 fert
922 2123 981 2153 ani-

236 2180 314 2205 mus,
337 2169 385 2208 qui
405 2169 444 2198 eis
461 2175 591 2205 utuntur,
606 2168 733 2198 alterutra
748 2168 827 2198 fiunt.
851 2170 980 2210 Exempli

1029 1803 1113 1829 ταῦτα
1123 1799 1256 1839 γινόμενα.
1267 1796 1333 1830 Οἶόν
1346 1813 1372 1830 τι
1384 1801 1456 1841 λέγω
1466 1813 1473 1820 ·
1485 1802 1516 1831 τὸ
1530 1804 1576 1842 ζῇν
1588 1804 1680 1841 καλὸν,
1690 1803 1753 1834 &av
1765 1806 1802 1839 εἷς

1028 1845 1086 1875 δέον
1098 1845 1235 1886 χρώμενος
1246 1848 1318 1886 αὐτῷ
1331 1859 1371 1881 τις
1382 1847 1423 1883 εἴη
1432 1860 1438 1866 ·
1454 1848 1517 1878 ὅταν
1531 1848 1559 1878 δὲ
1571 1850 1608 1882 εἰς
1619 1850 1801 1890 ἁμαρτήματα

1028 1891 1074 1921 καὶ
1087 1891 1270 1931 παρανομίας,
1284 1893 1373 1922 οὐκέτι
1389 1892 1421 1922 ἂν
1438 1894 1478 1930 εἴη
1492 1893 1584 1930 καλὸν,
1606 1895 1675 1925 ἀλλὰ
1697 1895 1801 1935 βέλτιον

1029 1937 1079 1967 τὸν·
1096 1939 1213 1967 τοιοῦτον
1234 1939 1402 1975 τελευτῆσαι.
1429 1940 1516 1969 Πάλιν
1530 1940 1544 1970 ὃ
1557 1941 1665 1975 πολλοῖς
1690 1942 1802 1981 φευκτὸν

1029 1978 1097 2013 εἶναι
1114 1983 1201 2020 δοκεῖ,
1219 1984 1319 2024 μυρίων
1341 1987 1447 2025 ἀγαθῶν
1466 1985 1562 2025 γένοιτ’
1581 1987 1612 2016 ἂν
1633 1986 1726 2025 αἴτιον,
1739 1987 1802 2017 ὅταν

1030 2028 1116 2061 αἰτίαν
1134 2029 1183 2070 ἔχῃ
1197 2030 1245 2066 τὴν
1259 2031 1454 2071 προσήκουσαν.
1475 2032 1531 2062 Καὶ
1546 2033 1669 2068 δηλοῦσιν
1691 2034 1716 2062 οἱ
1729 2033 1802 2073 μοίρ-

1029 2086 1116 2115 τυρις,
1131 2074 1157 2104 οἳ
1170 2075 1276 2105 πάντων
1286 2076 1338 2106 εἰσὶ
1347 2077 1391 2106 διὰ
1402 2077 1450 2114 τὴν
1461 2078 1586 2114 τελευτὴν
1600 2078 1803 2119 μακαριώτεροι.

1032 2121 1084 2150 Διὰ
1097 2120 1130 2158 δὴ
1148 2124 1226 2150 τοῦτο
1245 2123 1260 2150 ὁ
1280 2123 1386 2156 Παῦλος
1399 2123 1450 2164 οὖχ
1463 2124 1554 2158 ἁπλῶς
1575 2124 1702 2163 ἐπεθύμει
1714 2126 1760 2163 ζῇν
1776 2126 1803 2154 ἐν

1033 2168 1151 2208 Χριστῷ,
1169 2168 1228 2196 ἀλλ’
1248 2167 1339 2204 ἐπειδὴ
1354 2171 1432 2199 τοῦτο
1446 2170 1518 2210 αὐτῷ
1532 2171 1632 2210 καρπὸς
1647 2171 1734 2211 ἔργου.
1750 2170 1804 2200 Καὶ

237 2226 336 2245 causa:
351 2215 453 2245 bonum
476 2221 516 2244 est
535 2214 636 2251 vivere,
652 2215 675 2243 si
694 2213 755 2253 quis
776 2224 807 2243 eo
828 2221 858 2244 ut
877 2223 981 2256 oportet
995 2215 1014 2238 Β
1034 2212 1060 2242 τί
1075 2211 1219 2254 αἱρήσομαι
1233 2212 1284 2253 γὰρ
1294 2234 1302 2248 ‚
1317 2213 1408 2253 φησὶν,
1424 2216 1454 2244 οὗ
1468 2215 1602 2257 γνωρίζω·
1617 2217 1762 2257 συνέχομαι
1777 2215 1805 2245 δὲ

238 2268 329 2292 utatur
343 2274 351 2291 ι
365 2272 430 2290 cum
447 2271 512 2290 vero
525 2259 560 2289 ad
573 2266 680 2299 peccata
691 2259 737 2289 vel
750 2259 913 2299 iniquitates,
927 2272 980 2291 non

234 2309 293 2348 jam
303 2308 407 2337 bonum
419 2313 471 2344 est,
493 2305 539 2336 sed
553 2306 639 2335 multo
652 2306 749 2335 melius
770 2306 868 2344 fuerit,
887 2314 918 2336 ut
933 2309 981 2346 qui

237 2353 371 2395 ejusmodi
387 2360 428 2384 est
445 2352 584 2383 moriatur.
607 2353 712 2382 Rursus
737 2351 823 2391 illud,
842 2353 916 2392 quod
936 2355 980 2383 fu-

273 2455 283 2465 ³
301 2450 344 2472 καὶ
365 2450 394 2475 εἰς
405 2449 472 2472 »mv
488 2448 508 2472 οἱ
519 2444 633 2480 χρώμενοι
647 2446 742 2470 δύναιντ’
753 2448 788 2470 ὀὲν.
803 2443 910 2470 Savilius
927 2451 1001 2477 putat.

1035 2259 1066 2288 ἐκ
1085 2259 1137 2287 τῶν
1160 2257 1221 2294 δύο,
1241 2258 1290 2295 τὴν
1305 2260 1445 2299 ἐπιθυμίαν
1462 2261 1531 2301 ἔχων
1552 2265 1599 2291 τοῦ
1614 2264 1743 2294 ἀναλῦσαι
1761 2265 1806 2294 καὶ

1037 2303 1084 2334 σὺν
1105 2305 1215 2344 Χριστῷ
1235 2299 1302 2334 εἶναι
1315 2317 1322 2323 ·
1335 2306 1427 2346 πολλῷ
1440 2306 1491 2347 γὰρ
1511 2308 1613 2398 gamno
1626 2313 1747 2349 κρεῖσσον
1756 2322 1762 2328 ·
1776 2311 1808 2339 τὸ

1039 2355 1065 2385 δὲ
1080 2356 1213 2395 ἐπιμεῖναι
1232 2357 1266 2395 τῇ
1288 2356 1367 2396 σαρκὶ
1387 2357 1532 2396 ἄναγκαιότ
1607 2359 1641 2388 δι’
1655 2361 1732 2399 ὑμᾶς.
1754 2361 1806 2390 Διὰ

1083 2447 1097 2466 ¹²
1114 2450 1156 2473 Καὶ
1168 2450 1255 2473 τοῦτον.
1268 2445 1413 2480 Legendum
1428 2454 1492 2474 esset.
1507 2452 1544 2475 καὶ
1556 2451 1649 2482 ταύτην,
1669 2449 1806 2476 secundum

240 2485 372 2518 legendum
382 2489 418 2511 mi
431 2489 460 2514 εἰς
471 2489 538 2510 κακὸν
545 2488 643 2519 χρῆσθιι
655 2485 792 2513 δύναιντ’ἅν,
806 2489 831 2508 ct
844 2491 901 2509 vere
913 2484 1000 2509 melius
1050 2487 1240 2519 grammaticum
1251 2487 1348 2511 seriem.

242 2525 342 2550 haberet
355 2538 359 2551 ;
376 2524 419 2550 sed
433 2524 608 2557 Mauuscriptis
619 2522 734 2551 destituti
743 2521 805 2548 nihil
818 2529 915 2549 mutare
925 2524 999 2549 audc-

242 2573 304 2588 inus.

1082 2533 1092 2544 Ε
1110 2530 1226 2558 Γινόμενα.
1247 2525 1280 2551 In
1296 2525 1384 2551 Graeco
1397 2526 1531 2560 exemplari
1543 2533 1655 2561 γινόμενον
1667 2528 1803 2563 tegebatur.
