1890 2826
63 2331 145 2352 ruauh.
158 2330 179 2353 5.

927 220 1062 244 SPURIA.

203 417 289 456 Quod
297 427 356 445 non
364 419 400 445 sit
409 414 606 444 accedendum
619 414 662 443 ad
670 414 797 450 theatra,
803 412 939 452 quodque
947 410 984 461 ¹⁵2⁷
994 412 1040 444 Εἰς
1053 411 1083 441 τὸ
1095 411 1132 450 μὴ
1144 411 1299 447 πλησιάζειν
1313 412 1441 453 θεάτροις,
1451 413 1496 443 καὶ
1506 412 1547 442 ὅτι
1559 413 1666 453 μοιχοὺς
1680 414 1764 453 &qn-¹9.

239 463 272 492 id
288 463 378 502 plane
394 460 543 491 adulteros
558 460 679 489 reddere
692 459 787 488 soleat
795 464 938 496 spectato-

239 519 294 545 res,
307 510 401 547 sitque
414 507 626 536 dissensionum
638 515 675 535 ac
688 505 784 534 litium
796 513 900 541 causa,-
913 510 940 533 et

239 555 276 583 de
289 553 321 582 A
323 553 472 582 brahamo.

240 649 268 676 1.
291 646 393 676 Multos
415 652 482 685 puto
507 655 618 681 eorum,
642 644 689 683 qui
713 654 761 674 nos
785 654 871 684 nuper
893 644 941 674 de-

199 692 338 716 seruerunt
345 692 371 715 et
381 684 416 714 ad
428 685 476 714 illa
490 683 638 723 iniquitatis
650 684 728 724 plena
742 683 843 714 theatra
856 695 940 714 acces-

198 732 300 761 serunt,
312 724 394 754 hodie
400 723 502 754 adesse.
511 723 694 764 Optaremque
702 723 763 753 illos
773 724 844 754 clare
851 733 939 762 nosse,

199 773 229 796 ut
243 777 257 795 a
271 765 353 794 sacris
372 764 513 794 liminibus
529 763 703 804 expellerem,
715 773 768 792 non
788 770 818 793 ut
834 774 939 804 semper

198 813 274 835 extra
288 811 435 841 manerem,
445 803 495 833 sed
509 810 539 832 ut
546 802 678 832 emendati
692 813 786 833 rursus
797 802 936 833 intrarent.

198 843 425 884 Quandoquidem
444 850 532 884 patres
550 843 640 882 lapsos
658 842 730 872 filios
749 853 819 882 saepe
832 842 939 873 edomo

198 885 320 924 exigunt,
330 890 356 913 et
369 894 384 912 a
402 893 492 912 mensa
515 889 615 919 arcent,
632 892 685 911 non
700 889 730 911 ut
749 882 788 912 sic
829 889 938 922 erpetuo

197 924 241 953 his
255 924 406 964 priventur,
424 922 472 952 sed
486 929 516 952 ut
529 922 578 952 hac
597 921 768 961 castigatione
786 893 828 951 ad,
842 922 938 952 melio—

198 975 255 993 rem
276 964 380 1003 frugem
392 962 503 998 redacti,
523 972 586 991 cum
602 961 662 1001 pari
676 960 773 991 decore
786 961 939 1001 honoreque

199 1003 234 1032 ad
262 1010 400 1043 paternam
428 1000 602 1031 hereditatem
630 1007 807 1031 revertantur.
831 1001 890 1030 Hoc
913 1008 940 1030 et

199 1049 319 1082 pastores
337 1042 437 1071 faciunt
453 1051 460 1069 =
476 1040 564 1071 scabie
581 1040 674 1080 plenas
692 1050 756 1070 oves
775 1051 791 1070 a
809 1040 880 1070 sanis
898 1051 939 1070 se-

199 1089 346 1120 questrant,
359 1088 388 1110 ut
402 1081 524 1121 deposito
540 1080 647 1116 morbo,
665 1091 758 1110 rursus
772 1079 808 1109 ad
821 1079 883 1110 illas
896 1091 938 1110 re-

199 1122 344 1158 ducantur,
371 1131 403 1149 ne
427 1121 520 1150 morbo
546 1120 696 1149 laborantes
720 1126 807 1150 totum
833 1130 940 1160 gregem

200 1161 330 1190 inficiant.
352 1160 456 1189 Idcirco
475 1170 523 1189 nos
548 1159 678 1189 vellemus
699 1159 761 1188 illos
780 1169 858 1189 nosse
872 1172 879 1189 z
893 1159 941 1189 sed

200 1200 304 1229 etiamsi
322 1199 383 1228 illos
404 1210 449 1228 cor
469 1198 538 1228 oreis
555 1198 642 1227 oculis
661 1198 813 1228 discernere
826 1209 879 1228 non
892 1210 940 1229 va-

200 1240 314 1276 leamus,
335 1249 421 1267 sermo
442 1210 503 1267 illos
523 1237 615 1276 utique
631 1237 779 1277 dignoscet,
799 1245 826 1267 et
847 1249 941 1268 eorum

201 1285 270 1307 tacta
293 1277 453 1307 conscientia
480 1276 603 1306 suadebit
624 1276 680 1305 illis
699 1284 729 1306 ut
783 1277 938 1315 rediamur,

201 1318 299 1347 docens
315 1317 394 1346 illum
412 1316 500 1345 solum
522 1316 594 1344 intus
611 1326 679 1350 esse,
694 1316 741 1355 qui
779 1316 871 1355 ignum
890 1317 941 1347 hoc

203 1358 262 1386 loco
275 1356 341 1396 gerit
354 1355 491 1393 animum;
506 1354 586 1386 illum
600 1365 663 1384 vero
677 1356 724 1393 qui
737 1356 871 1395 corruptis
885 1367 942 1386 mo-

204 1397 279 1425 ribus
293 1396 320 1424 in
335 1395 386 1424 hoc
407 1401 476 1423 coetu
493 1400 628 1430 versatur,
653 1394 757 1424 etiamsi
783 1405 880 1434 corpus
902 1397 942 1425 in-

203 1435 364 1470 troduxerit,
379 1441 466 1463 tamen
479 1433 626 1473 expellitur
638 1440 664 1462 ct
675 1444 716 1462 ma
738 1434 760 1464 is
775 1434 941 1472 eliminatur,

203 1486 284 1513 quam
307 1475 327 1503 ii
339 1474 386 1513 qui
402 1473 503 1503 exclusi
523 1479 594 1508 sunt,
608 1483 639 1501 ac
659 1483 711 1502 non
735 1484 779 1503 um
797 1480 944 1514 potuerunt

203 1525 283 1544 sacrae
301 1523 398 1542 mensae
410 1518 544 1542 consortes
556 1522 621 1541 esse.
634 1512 680 1542 Illi
694 1513 765 1542 euim
785 1513 831 1552 qui
846 1525 943 1544 secun-

203 1554 270 1583 dum
288 1553 394 1583 divinas
406 1552 476 1591 leges
491 1551 598 1591 expulsi
612 1558 675 1580 sunt
691 1559 717 1581 et
732 1560 808 1582 extra
824 1561 941 1592 manent,

205 1594 311 1623 iuterim
323 1599 409 1622 tamen
423 1591 493 1620 bona
507 1601 553 1630 spe
567 1597 629 1620 sunt
644 1602 651 1618 ε
665 1591 688 1620 si
703 1592 775 1621 enim
788 1593 873 1622 velint
886 1605 943 1634 pec-

204 1640 261 1662 eata
281 1631 424 1671 corrigere,
438 1641 486 1670 per
501 1630 659 1666 Ecclesiam,
673 1642 688 1659 a
702 1642 756 1670 qua
774 1632 943 1670 exciderunt,

204 1678 347 1712 potuerunt
363 1681 425 1700 cum
444 1680 513 1709 pura
534 1670 693 1699 conscicntia
713 1681 822 1700 rursum
843 1672 943 1704 redire.

205 1712 260 1748 Qui
273 1718 362 1740 autem
375 1709 529 1749 semetipsos
546 1709 734 1749 deturparunt,
745 1710 868 1750 jussique
882 1721 945 1743 sunt

206 1762 258 1780 non
273 1751 349 1791 prius
359 1749 493 1784 accedere,
509 1759 591 1787 quam
604 1749 696 1778 sordes
707 1760 742 1779 ex
754 1751 869 1790 peccatis
883 1762 945 1782 con-

206 1798 302 1820 tractas
316 1789 489 1830 deposuerint
505 1800 511 1817 τ
526 1787 623 1818 deinde
639 1788 808 1828 impudenter
825 1798 943 1830 agentes,

208 1835 316 1874 gravius
340 1834 458 1870 vulnus,
474 1834 614 1872 majusque
636 1833 714 1862 ulcus
733 1834 863 1865 efficiunt.
884 1837 944 1866 Non

207 1879 278 1908 enim
295 1880 330 1908 ita
340 1888 448 1918 peccare
470 1886 552 1916 grave
564 1882 614 1912 est,
630 1883 660 1905 ut
670 1884 730 1916 post
741 1885 880 1917 peccatum
894 1881 946 1910 im-

208 1922 340 1961 pudenter
361 1931 456 1960 agere,
479 1930 528 1949 nec
551 1919 736 1959 obtemperare
763 1923 946 1955 sacerdotibus

209 1964 366 2005 hujusmodi
381 1970 510 2003 praecepta
533 1961 669 1991 dantibus.
686 1964 721 1993 Et
746 1965 820 2003 quod
843 1973 947 1998 tantum

208 2015 347 2047 peccatum
369 2007 551 2042 admiserunt,
564 2005 668 2044 inquies
681 2029 688 2044 ,
705 2015 735 2037 ut
749 2020 764 2038 a
778 2010 860 2040 sacris
873 2011 947 2042 hisce

208 2054 289 2094 septis
308 2050 475 2092 ejiciantur?
488 2049 602 2088 Ecquod
623 2061 725 2088 quaeras
751 2052 828 2082 aliud
855 2065 947 2094 pecca-

208 2102 266 2125 tum
290 2095 415 2135 gravius,
441 2104 539 2132 quam,
565 2103 627 2122 cum
652 2105 680 2123 se
700 2095 780 2135 plane
811 2097 946 2128 adulteros

207 2139 318 2169 fecerint
331 2161 338 2175 ‚
367 2136 536 2177 impudenter
567 2144 702 2176 tamquam
731 2140 840 2171 rabidos
868 2153 945 2173 canes

209 2183 244 2213 ad
267 2192 369 2212 sacram
391 2191 510 2210 mensam
536 2180 657 2210 insilire?
673 2183 710 2211 Ac
736 2184 759 2212 si
777 2184 818 2214 vis
844 2185 947 2216 discere

209 2226 336 2256 adulterii
354 2224 483 2260 modum,
499 2233 552 2252 non
575 2234 666 2253 meum
691 2227 825 2265 proferam
848 2240 947 2260 sermo-

209 2281 283 2305 nem,
295 2269 342 2299 sed
354 2268 413 2308 ejus
421 2267 527 2307 quinos
536 2267 570 2296 de
582 2274 636 2296 tota
647 2268 702 2297 vita
711 2269 883 2308 judicaturus
894 2281 944 2303 est,

213 2317 271 2352 Qui
284 2314 450 2353 respexerit,
465 2311 561 2350 inquit,
583 2312 732 2341 mulierem
749 2315 790 2343 ad
809 2320 946 2356 concupi-

208 2359 347 2388 scendum
360 2367 436 2393 eam,
445 2356 511 2396 jam
522 2355 680 2385 moechatus
691 2363 734 2386 est
746 2368 811 2387 eam
821 2361 852 2388 in
862 2362 947 2390 corde

208 2413 270 2432 suo.
285 2400 367 2439 Quod
382 2400 406 2430 si
419 2399 517 2429 mulier
535 2409 595 2438 quae
608 2399 675 2428 sorte
688 2399 715 2429 in
735 2401 793 2430 foro
818 2404 946 2441 occurrit,

208 2445 359 2486 quoquovis
369 2443 450 2474 modo
469 2443 504 2472 sit
522 2443 628 2478 vestita,
643 2453 670 2472 se
683 2444 816 2475 curiosius
841 2447 948 2477 intuen-

208 2499 261 2521 tem
272 2501 340 2530 saepc
353 2489 410 2518 solo
424 2493 566 2527 conspectu
580 2487 666 2526 cepit:
683 2487 728 2525 qui
744 2498 796 2517 non
815 2490 947 2530 simplici-

209 2543 258 2571 ter,
273 2545 321 2563 nec
330 2532 440 2563 fortuito
459 2541 532 2567 casu,
544 2530 591 2560 sed
609 2537 682 2560 tanto
701 2531 801 2569 studio,
816 2540 846 2562 ut
859 2534 945 2574 ipsam

206 2578 354 2609 Ecclesiam
373 2575 530 2616 despiciant,
549 2574 609 2604 ideo
627 2574 695 2604 illuc
722 2576 877 2613 ascendunt,
892 2579 944 2607 ibi-

206 2619 319 2659 drtuque
332 2617 378 2646 diu
401 2622 518 2653 manent,
537 2622 562 2645 et
580 2614 725 2645 infamibus
746 2615 801 2645 illis
823 2618 944 2648 mulieri-

1034 456 1172 495 τισμένους
1178 461 1256 493 ποιεῖ,
1265 457 1311 487 καὶ
1319 457 1361 488 ὅτι
1374 458 1487 498 ἀθυμίας
1497 458 1580 489 αἴτιον
1590 459 1635 488 καὶ
1647 459 1765 499 πολέμου

1035 505 1124 532 τοῦτο·
1140 502 1184 533 καὶ
1198 504 1235 535 εἷς
1246 502 1291 533 τὸν
1305 503 1436 544 Ἀὸραάμ.

1719 644 1765 674 καὶ

994 682 1059 721 πρὸς
1079 683 1114 713 τὰ
1140 683 1237 723 θέατρα
1263 685 1311 719 τῆς
1338 682 1504 723 παρανομίας
1527 683 1765 722 αὖτομολησάντων

993 727 1115 761 παρεῖναι
1125 723 1253 763 τήμερον.’
1265 723 1316 752 Καὶ
1331 722 1478 762 ἐὸουλόμην
1492 721 1588 752 εἰδέναι
1600 722 1708 757 τούτους
1719 735 1766 753 σα-

1013 763 1064 799 ῶς,
1078 762 1145 792 ὥστε
1163 763 1256 796 αὐτοὺς
1267 764 1319 792 τῶν
1333 764 1410 803 ἱερῶν
1423 762 1546 792 ἑκὸαλεῖν
1558 762 1705 803 προθύρων,
1716 764 1767 803 οὐχ

1005 813 1036 831 να
1065 802 1177 841 μένωσιν
1200 802 1250 836 ἔξω
1274 803 1413 839 διηνεκῶς,
1437 803 1495 831 ἀλλ’
1521 801 1566 831 ἵνα
1585 802 1767 842 ὃιορθωθέντις

995 842 1156 872 ἐπανέλθωσι
1171 842 1262 872 πάλιν.
1278 842 1356 872 Ἐπεὶ
1374 842 1420 871 καὶ
1438 840 1550 882 πατέρες
1563 843 1660 876 παῖδας
1677 843 1766 883 σφαλ-

994 880 1119 920 λομένους
1140 883 1189 917 τῆς
1209 882 1293 915 οἰκίας
1312 881 1471 911 ἑκὸάλλουσι
1494 881 1631 918 πολλάκις,
1651 881 1697 911 καὶ
1718 884 1766 918 τῆς

994 921 1126 961 τραπέζης
1149 921 1320 961 ἀπείργωσι,
1344 923 1395 961 οὐχ
1420 920 1463 950 ἵνα
1485 920 1528 950 διὰ
1547 920 1645 954 παντὸς
1666 921 1767 951 τούτων

995 960 1151 997 ἐκπέσωσιν,
1161 962 1220 990 ἀλλ’
1232 961 1275 990 ἵνα
1290 960 1407 1000 βελτίους
1417 962 1450 1000 τῇ
1464 960 1583 1000 νουθεσίᾳ
1595 960 1680 1000 ταύτῃ
1711 961 1768 991 ενό-

996 1011 1079 1039 μενοι,
1087 1000 1155 1039 μετὰ
1168 1002 1216 1036 τῆς
1229 1000 1415 1041 προσηκούσης
1428 999 1504 1036 δόξης
1516 1000 1563 1029 καὶ
1575 1002 1656 1039 τιμῆς
1665 1002 1700 1030 ἐπ
1722 1001 1767 1030 τὸν

995 1042 1118 1080 πατρῷον
1144 1039 1308 1070 ἐπανέλθωσι
1331 1038 1440 1080 κλῆρον.
1461 1041 1549 1069 Τοῦτο
1578 1039 1623 1069 καὶ
1644 1039 1768 1079 ποιμένες

995 1082 1112 1110 ποιοῦσι·
1122 1079 1157 1109 τὰ
1167 1079 1257 1120 ψώρας
1267 1078 1477 1119 ἐμπεπλησμένα
1487 1078 1609 1119 πρόὸατα
1618 1081 1670 1108 τῶν
1682 1082 1767 1119 ὒγιαι-

994 1120 1091 1171 νόντων
1111 1119 1290 1188 ἀπείργουσιγ,
1310 1119 1353 1148 ἵνα
1374 1118 1523 1158 ἀποθέμενα
1541 1118 1589 1154 τὴν
1608 1119 1767 1159 ἆῤῥωοτίαν,

995 1171 1047 1228 KZ?
1060 1157 1768 1238 μῗισῗῖὲῖῦῗξῖἰῗντὲγῖἶῆἷίῖζῖἶαῖπῖἶιῗῖἓσζῦἕὲ

995 1238 1144 1278 ἇρῤωστίας
1162 1238 1270 1274 ἐκείνης.
1281 1237 1333 1268 Διά
1353 1250 1395 1268 τοι
1405 1240 1483 1267 τοῦτο
1499 1237 1545 1267 καὶ
1563 1240 1642 1276 ἡμεῖς
1657 1231 1768 1268 &gauld—

997 1281 1063 1315 μεθα
1080 1277 1187 1311 τούτους
1205 1277 1315 1307 εἰδέναι·
1330 1278 1388 1307 ἀλλ’
1403 1277 1484 1307 εἶκαὶ
1504 1277 1541 1316 μὴ
1563 1281 1616 1311 τοῖς
1634 1279 1769 1314 αἰσθητοῖς

995 1319 1138 1357 ὀφθαλμοῖς
1153 1316 1245 1350 αὐτοὺς
1259 1318 1391 1356 διακρῖναι
1404 1316 1547 1355 δυνάμεθα,
1556 1319 1570 1346 ὁ
1582 1317 1659 1356 λόγος
1676 1317 1769 1350 αὐτοὺς

996 1356 1171 1395 ἐπιγνώσεται
1183 1355 1297 1392 πάντως,
1306 1356 1352 1385 καὶ
1365 1359 1411 1385 τοῦ
1425 1356 1570 1389 συνειδότος
1582 1357 1668 1386 αὐτῶν
1678 1358 1770 1386 ἐπιλα-

997 1395 1121 1434 ὅόμενος,
1134 1395 1221 1424 πείσει
1247 1395 1342 1435 ῥαδίως
1366 1395 1472 1427 ἑκόντας
1496 1394 1588 1428 αὐτοὺς
1609 1395 1768 1431 ὑπεξελθεῖν,

998 1435 1128 1464 διδάσκων
1142 1433 1182 1463 ὅτι
1199 1436 1296 1468 ἐκεῖνος
1308 1435 1379 1464 ἔνδον
1399 1434 1456 1464 ἐστὶ
1470 1434 1556 1473 μόνος,
1570 1437 1584 1464 ὁ
1597 1437 1645 1470 τῆς
1658 1436 1769 1464 ἐνταῦθα

998 1474 1134 1514 διατριὸἦς
1154 1473 1227 1508 ἀξίαν
1249 1474 1372 1514 παρέχων
1394 1473 1442 1510 τὴν
1465 1473 1588 1512 γνώμην·
1610 1476 1646 1508 ὡς
1665 1477 1679 1504 ὁ
1701 1474 1770 1513 μετὰ

997 1513 1130 1547 πολιτείας
1157 1512 1348 1553 διεφθαρμένης
1374 1516 1420 1542 τοῦ
1442 1514 1512 1553 ἱεροῦ
1533 1513 1626 1543 τούτου
1683 1514 1769 1555 τέχων

999 1553 1141 1592 συλλόγου,
1154 1552 1202 1582 κᾶν
1216 1553 1246 1582 τὸ
1260 1556 1299 1583 σῶ
1322 1565 1339 1582 α
1355 1554 1467 1582 ἐνταῦθα
1479 1552 1586 1592 εἷσάγη,
1595 1553 1752 1590 ἐκὸεὸληται
1761 1576 1769 1589 ,

998 1593 1104 1622 καὶτῶν
1114 1594 1358 1631 ἀποκεκλεισμενων
1373 1592 1422 1627 ἔξω
1436 1592 1484 1622 καὶ
1494 1585 1605 1629 μηδέπω
1619 1593 1769 1632 δυναμένων

999 1634 1046 1667 τῆς
1065 1634 1136 1672 ἱερᾶς
1191 1636 1300 1672 τασχεῖν
1318 1631 1451 1672 τραπέζης
1472 1633 1572 1670 μᾶλλον
1594 1632 1770 1669 ἀπελήλαται.

1000 1671 1114 1702 Ἐκεῖνοι
1133 1643 1191 1711 μζνε
1198 1671 1250 1711 γὰρ
1262 1673 1286 1701 οἱ
1304 1671 1373 1701 κατὰ
1389 1671 1449 1704 τοὺς
1463 1673 1508 1700 τοῦ
1531 1673 1601 1702 Θεοῦ
1618 1672 1712 1711 νόμους
1727 1674 1771 1702 ἐκ·

999 1711 1155 1746 ἕληθέντες,
1171 1711 1217 1740 καὶ
1239 1711 1359 1751 μένοντες
1375 1710 1440 1747 ἔξω,
1452 1710 1518 1745 τέως
1539 1711 1659 1751 χρηστὰς
1681 1712 1772 1752 ἔχουσι

1000 1750 1046 1784 τὰς
1059 1751 1181 1784 ἐλπίδας·
1195 1751 1243 1780 κᾶν
1256 1750 1309 1799 γὰρ
1324 1751 1420 1781 θέλωσι
1432 1752 1472 1780 διο
1489 1750 1623 1782 θώσασθαι
1635 1751 1668 1781 τὰ
1681 1763 1771 1792 παρα-

1000 1790 1143 1830 πτώματα,
1155 1790 1201 1823 διὰ
1211 1793 1259 1826 τῆς
1272 1791 1444 1826 Ἐκκλησίας,
1460 1762 1492 1828 {Z
1503 1790 1636 1829 ἐξέπεσον,
1650 1790 1772 1827 δυνήσον-

1034 643 1153 677 Πολλοὺς
1164 639 1238 682 οἶμαι
1250 645 1302 673 τῶν
1317 643 1409 684 πρῴην
1422 642 1622 673 καταλιπόντων
1635 646 1706 683 ἡμᾶς

975 1838 978 1843 ’
1001 1842 1046 1860 ται
1063 1830 1130 1869 μετὰ
1149 1832 1264 1870 καθαροῦ
1283 1833 1329 1860 τοῦ
1348 1830 1493 1863 συνειδότος
1510 1830 1591 1860 πάλιν
1611 1831 1771 1862 ἐπανελθεῖν.

1002 1871 1037 1899 Οἱ
1055 1869 1083 1900 δὲ
1098 1870 1256 1909 μολύναντες
1269 1869 1384 1905 ἑαυτοὺς,
1398 1869 1444 1899 καὶ
1457 1870 1637 1904 κελευσθέντες
1651 1870 1688 1910 μὴ
1703 1869 1772 1910 πρό-

1002 1921 1076 1949 τερον
1095 1910 1234 1946 ε’πιὸἧναι,
1259 1908 1308 1943 ἕως
1321 1908 1352 1938 ἂν
1373 1910 1593 1950 ἅποκαθάρωνται
1611 1909 1660 1946 τὴν
1675 1910 1772 1946 κηλῖδα

1002 1948 1050 1985 τὴν
1073 1950 1103 1979 ἐκ
1127 1951 1180 1978 τῶν
1205 1949 1418 1989 ἁμαρτημάτων,
1439 1945 1496 1979 εἶτα
1526 1950 1771 1989 ἀναισχυντοῦντες,

1002 1988 1187 2028 χαλεπώτερον
1212 1989 1242 2018 τὸ
1261 1992 1368 2028 τραῦμα
1389 1989 1543 2028 ἐργάζονται
1563 1988 1610 2018 καὶ
1631 1991 1718 2027 μεῖζον
1741 1989 1772 2018 τὸ

1002 2028 1087 2061 ἕλκος.
1102 2030 1142 2058 Οὐ
1154 2028 1205 2068 γὰρ
1219 2027 1288 2058 οὕτω
1300 2028 1331 2057 τὸ
1344 2029 1505 2067 ἁμαρτάνειν
1519 2027 1576 2057 ἐστὶ
1588 2029 1718 2077 χαλεπὸν,
1735 2030 1772 2062 ὡς

1001 2070 1018 2103 ἡ
1033 2067 1102 2106 μετὰ
1115 2067 1163 2104 τὴν
1182 2068 1313 2107 ἁμαρτίαν
1328 2068 1508 2107 ἀναισχυντία,
1518 2067 1564 2096 καὶ
1583 2079 1613 2097 το
1635 2067 1673 2107 μὴ
1686 2068 1773 2098 πείθε-

1002 2109 1062 2136 σθαι
1075 2111 1129 2140 τοῖς
1143 2108 1241 2147 ἱερεῦσι
1253 2107 1287 2136 τὰ
1303 2109 1413 2136 τοιαῦτα
1424 2107 1570 2138 κελεύουσι.
1579 2106 1632 2136 Καὶ
1643 2107 1669 2136 τί
1680 2110 1771 2137 τοσοῦ-

1001 2158 1046 2175 τον
1063 2147 1217 2187 ἡμάρτηται
1230 2147 1346 2181 τούτοις,
1378 2145 1448 2184 ησὶν,
1460 2147 1529 2177 ὥστε
1543 2146 1636 2180 αὖτοὺς
1650 2147 1772 2177 ἔκὸαλεῖν

1002 2189 1054 2216 τῶν
1069 2187 1145 2226 ἱερῶν
1163 2186 1262 2215 τούτων
1273 2158 1435 2226 περιὸἕλωη
1447 2186 1502 2217 Καὶ
1510 2186 1587 2216 ποίαν
1603 2186 1694 2226 ἑτέραν
1707 2187 1773 2216 ταύ-

1002 2237 1050 2261 της
1069 2228 1155 2261 ζητεῖς
1175 2226 1281 2265 μείζονα
1299 2225 1441 2266 ἁμαρτίαν,
1455 2226 1517 2256 ὅταν
1538 2226 1646 2266 μοιχοὺς
1666 2226 1774 2260 ἑαυτοὺς

1003 2265 1214 2306 ἀπηρτισμένους
1231 2265 1403 2303 ποιήσαντες,
1417 2267 1542 2302 ἀναιδῶς,
1557 2266 1677 2305 καθάπερ
1699 2266 1775 2299 κύνες

1002 2306 1156 2340 λυττῶντες,
1165 2306 1314 2342 ἐπιπηδῶσι
1326 2308 1358 2344 τῇ
1372 2307 1431 2346 ἱερᾷ
1440 2305 1634 2346 τραπέζῃςΚαὶ
1647 2307 1670 2335 εἰ
1685 2305 1773 2344 βούλει

1003 2348 1094 2382 μαθεῖν
1108 2345 1208 2375 καὶτὸν
1219 2345 1315 2384 τρόπον
1326 2347 1374 2380 τῆς
1387 2345 1517 2385 μοιχείας,
1531 2346 1579 2375 οὐκ
1590 2345 1652 2384 ἐμὸν
1666 2346 1718 2384 ἐρῶ
1732 2356 1773 2374 σοι

1001 2384 1088 2423 λόγον,
1102 2385 1160 2414 ἀλλ’
1180 2386 1259 2414 αὑτοῦ
1278 2388 1323 2414 τοῦ
1339 2385 1479 2423 μέλλοντος
1492 2388 1568 2424 ἡμῶν
1589 2384 1703 2418 δικάζειν
1723 2384 1772 2420 τὴν

1002 2424 1070 2459 ζωὴν
1085 2424 1203 2454 ἅπασαν·
1214 2424 1248 2454 Ὁ
1261 2424 1312 2464 γὰρ
1331 2424 1481 2465 ἐμὸλέψας,
1494 2424 1573 2464 φησὶ,
1587 2428 1699 2463 γυναῖκα
1707 2423 1772 2463 πρὸς

1001 2462 1031 2491 τὸ
1048 2465 1210 2502 ἐπιθυμῆσαι
1230 2465 1324 2499 αὐτ-ῆς,
1345 2464 1396 2499 ἤδη
1420 2463 1574 2503 ἐμοίχευσεν
1595 2463 1676 2499 αὐτὴν
1695 2464 1723 2492 ἐν
1736 2466 1769 2503 τῇ

1001 2503 1096 2542 καρδία
1117 2504 1205 2532 αὐτοῦ.
1227 2505 1261 2532 Εἰ
1281 2504 1307 2532 δὲ
1328 2506 1345 2539 ἡ
1368 2503 1421 2532 ἀπὸ
1442 2502 1607 2542 ταύτομάτου
1631 2502 1700 2532 κατὰ
1721 2503 1770 2539 τὴν

1001 2541 1096 2581 ἀγορὰν
1118 2543 1262 2582 ἐντυχοῦσα
1281 2542 1360 2582 γυνὴ,
1373 2542 1417 2571 καὶ
1438 2544 1473 2575 ὡς
1493 2542 1585 2582 ἔτυχεν
1606 2542 1769 2581 ἐσταλμένη,

1000 2581 1043 2609 τὸν
1066 2581 1210 2620 περιέργως
1233 2582 1321 2611 ἰδόντα
1344 2578 1397 2611 εἷλε
1415 2582 1542 2615 πολλάκις
1560 2583 1593 2620 τῇ
1618 2584 1664 2617 τῆς
1685 2583 1767 2621 ὅψεως

1000 2620 1110 2660 θεωρίᾳ,
1126 2623 1149 2649 οἱ
1171 2622 1206 2659 μὴ
1231 2622 1331 2659 ἁπλῶς,
1349 2621 1416 2660 μηδὲ
1436 2621 1489 2651 ἀπὸ
1507 2622 1686 2661 ταύτομάτου,
1707 2623 1765 2651 ἀλλ’
