1904 2840
262 209 333 245 806

852 215 937 240 OPUS
963 215 1198 239 IMPERFECTUM

262 284 300 312 sic
311 292 359 311 nec
372 291 440 321 opus
450 278 560 320 justitiae
573 285 658 319 potest
670 277 763 308 celari.
774 277 849 318 Ergo
864 287 917 307 non
929 277 1000 307 elee-
1018 280 1038 303 Α
1054 277 1137 306 nibus
1148 275 1322 313 contradixit,
1333 282 1359 305 et
1371 275 1472 316 repulit
1480 275 1625 306 consilium
1637 268 1739 314 carnis,
1748 277 1796 307 ille

262 331 372 361 inosyna
386 322 487 359 ingrata
507 326 546 348 est
566 325 626 348 ante
646 319 745 353 Deum,
763 327 823 356 quae
845 317 1003 346 bominibus

262 361 319 391 visa
332 361 424 396 suerit,
438 359 484 388 sed
498 369 557 398 quae
574 357 634 387 ideo
647 358 713 387 facta
724 357 815 392 fuerit,
827 364 857 386 ut
869 357 903 386 ab
916 356 1003 385 homi-

263 401 343 429 nihus
365 399 498 429 videatur.
507 399 622 438 Utputa‚
637 397 724 427 omnis
737 397 818 426 homo
831 396 879 435 qui
892 395 1003 435 aliquod

263 450 330 480 opus
341 440 412 476 facit,
423 440 500 479 cujus
513 448 592 467 causa
605 437 667 466 facit
678 436 707 466 id
719 436 793 475 quod
803 436 877 472 facit,
885 436 911 464 in
924 435 1004 465 corde

262 490 312 508 suo
319 479 337 508 il
343 479 393 508 lius
401 479 495 519 aspicit
506 485 531 506 et
542 487 693 517 personam.
701 477 772 506 Ecce
778 476 843 505 sacis
853 476 1003 515 epistolam,

263 527 292 548 nt
319 519 436 557 aliquem
460 518 558 547 salutes
581 517 698 546 amic-um
712 527 720 553 ;
742 515 885 555 quamdiu.
895 515 1003 551 scribis,

262 569 366 598 semper
387 560 414 588 in
429 557 509 587 corde
521 564 569 586 tuo
583 556 662 585 amici
676 556 751 585 illius
763 555 840 585 vides
853 565 1003 595 personam,

262 605 373 639 propter
386 608 467 637 quem
488 596 584 627 scribis
607 596 758 636 epistolam.
770 596 839 625 Item
853 594 949 624 artifex
963 601 1003 623 te-

263 649 327 668 nens
346 649 415 678 opus
429 638 457 667 in
470 647 562 673 manu,
577 646 682 676 semper
700 646 760 665 cum
776 646 830 675 prae
850 634 936 663 oculis
949 634 1005 663 suis

263 678 354 715 habet,
369 678 416 717 qui
430 678 454 707 ei
468 687 536 716 opus
558 675 692 706 commisit
704 674 866 710 faciendum,
882 674 948 703 dum
961 683 1005 702 co-

264 718 329 756 gitat
354 718 489 756 quomodo
509 715 580 745 illud
596 715 682 745 facere
695 713 833 743 mandavit
848 726 854 742 ε
869 714 908 743 sic
920 720 945 743 et
958 713 1006 752 qui

265 765 374 797 propter
388 759 474 786 Deum
489 756 683 795 eleemosynam
697 754 771 790 facit,
786 753 920 782 neminem
931 753 1006 783 videt

264 798 292 825 in
316 797 396 826 corde
420 807 480 833 suo,
503 795 554 826 nisi
576 804 716 835 personam
739 793 789 822 Dei
811 792 1006 829 tantummodo,

265 844 375 877 propter
388 847 467 875 quem
478 835 549 865 facit.
566 834 632 864 ldeo
645 833 694 863 etsi
708 833 826 863 evenerit
839 839 868 862 ut
889 832 1007 871 quibus-

1054 316 1288 356 propterhomines
1294 326 1346 345 non
1351 315 1460 346 videtur
1466 316 1558 346 fecisse
1565 327 1572 344 :
1580 316 1643 355 quia
1647 316 1797 347 secundum

1054 366 1159 385 carnem
1173 355 1282 395 quidem
1298 355 1394 391 voluit,
1410 355 1558 385 secundum
1571 355 1686 385 animam
1706 363 1797 386 autem

1055 396 1152 424 noluit.
1165 397 1199 425 Et
1213 395 1287 434 quod
1300 395 1438 435 cogitavit,
1469 396 1538 425 assio
1551 395 1639 424 carnis
1651 403 1707 426 est:
1723 396 1797 435 quod

1054 435 1145 474 elegit,
1157 435 1293 475 judicium
1313 435 1419 464 animae.
1461 445 1505 464 am
1525 437 1547 465 si
1571 441 1680 475 propter
1699 445 1798 466 vanam

1055 475 1142 504 carnis
1157 475 1397 515 concupiscentiam
1410 475 1526 504 dicimus
1539 474 1733 515 eleemosynam
1755 475 1797 504 fa-

1056 521 1124 543 ctam
1139 525 1195 543 esse
1208 515 1350 553 ingratam,
1365 514 1472 544 nullum
1485 514 1587 544 bonum
1598 514 1715 544 hominis
1727 525 1800 545 acce-

1055 554 1157 621 ptabile
1166 561 1251 593 potest
1261 565 1318 583 esse
1328 561 1388 583 ante
1397 555 1495 591 Deum,
1508 564 1570 583 cum
1580 554 1686 584 nullum
1695 554 1799 584 bonum

1067 593 1140 622 ibere
1152 594 1233 623 homo
1247 594 1332 623 facere
1347 601 1443 634 potest,
1457 593 1503 623 sed
1517 604 1621 633 semper
1634 600 1725 623 contra
1738 605 1797 624 ma-

1056 632 1095 662 las
1107 634 1335 673 concupiscentias
1347 633 1436 663 carnis
1448 633 1574 663 certando
1597 633 1736 663 faciamus·
1747 634 1800 664 bo-

1056 682 1132 702 num.
1148 674 1217 710 Quis
1233 680 1321 702 autem
1335 680 1374 703 est
1384 674 1466 702 homo
1479 679 1567 702 castus
1578 672 1592 701 Ρ
1607 672 1738 712 numquid
1751 674 1800 712 qui
1812 702 1814 707 ,

1056 722 1109 741 non
1123 713 1306 752 concupiscit?
1317 713 1395 742 Absit
1407 724 1415 741 i
1430 712 1478 742 sed
1498 713 1545 751 qui
1557 713 1800 753 concupiscentiam

1056 762 1132 780 suam
1146 752 1239 782 vincit.
1264 753 1333 789 Quis
1356 759 1396 782 est
1415 752 1590 781 mansuetus?
1604 751 1738 791 numquid
1750 753 1800 792 qui

1057 801 1110 820 non
1124 791 1267 822 irascitur?
1279 791 1372 821 Absit:
1387 791 1434 821 sed
1444 791 1492 831 qui
1505 792 1620 821 refrenat
1633 791 1801 822 iracundiam

1056 841 1144 860 suam.
1159 832 1204 862 Sic
1217 842 1269 861 non
1283 832 1330 860 ille
1344 839 1453 872 propter
1471 831 1563 861 Deum
1587 831 1696 861 videtur
1716 832 1802 862 facere

266 877 329 906 dam
363 876 519 906 raesentibus
531 874 621 910 faciat,
628 880 715 903 tamen
729 873 835 902 animus
847 873 906 912 ejus
919 872 1007 901 homi-
1023 883 1041 906 B
1057 870 1262 911 eleemosynam,
1275 872 1321 910 qui
1337 872 1480 900 humanam
1501 871 1614 916 gloriam
1635 881 1689 901 non
1702 882 1801 902 concu-

267 927 312 946 nes
336 917 344 945 i
359 917 398 945 los
423 925 475 946 non
501 914 587 951 videt,
611 913 661 942 etsi
683 913 740 952 ipse
758 911 884 942 videatur
903 912 937 940 ab
957 911 1006 941 eis.

267 957 421 995 Numquam
431 954 549 984 transisti
567 964 614 994 per
628 953 698 983 viam
719 950 824 990 aliquid
837 951 966 990 cogitans,
982 958 1008 980 et

267 1004 282 1024 a
296 996 389 1025 multis
403 994 513 1034 quidem
531 992 687 1022 hominibus
707 991 782 1021 visus
795 1001 834 1027 es,
850 991 908 1031 ipse
919 998 1008 1020 autem

267 1036 373 1065 nullum
388 1034 490 1070 vidisti,
505 1032 643 1063 intendens
663 1032 691 1060 in
715 1030 744 1060 id
764 1031 837 1069 quod
851 1030 1008 1070 cogitabas?

267 1076 339 1112 Quia
352 1075 457 1104 animus
479 1075 536 1103 sine
556 1082 666 1112 corpore
687 1070 760 1111 apud
781 1071 899 1110 seipsum
923 1077 1009 1110 potest

267 1115 358 1144 videi-e
373 1114 445 1153 quod
457 1113 564 1152 cogitat,
576 1121 674 1151 corpus
688 1118 775 1140 autem
791 1111 847 1140 sine
861 1110 950 1139 animo
963 1110 1008 1139 ni-

266 1154 307 1183 hil
331 1160 416 1194 potest
436 1153 537 1182 videre.
554 1152 628 1191 Ergo
651 1150 775 1179 similiter
794 1156 820 1179 et
839 1160 854 1179 e
873 1149 1008 1179 contrario

267 1194 325 1222 fieri
339 1199 434 1233 potest,
445 1199 474 1221 ut
487 1192 559 1230 quis,
571 1190 653 1220 nullis
664 1190 852 1229 praesentibus,
864 1190 1008 1229 eleemosy-

268 1243 330 1261 nam
343 1233 431 1267 saciat,
444 1239 469 1261 et
483 1238 581 1266 tamen,
596 1230 771 1270 praesentibus
785 1229 950 1264 hominibus,
962 1229 1008 1259 vi-

268 1272 362 1300 deatur
381 1271 492 1301 fecisse;
508 1277 536 1299 ut
556 1277 602 1298 uta
621 1269 791 1308 qui'proptei·
803 1268 925 1297 homines
938 1269 1007 1298 elee-

268 1321 405 1351 mosynam
419 1310 482 1339 facit
498 1322 504 1338 z
522 1281 554 1338 id,
562 1315 612 1341 est.
626 1308 673 1346 qui
687 1307 819 1336 desiderat
834 1314 863 1336 ut
876 1308 910 1336 ah
923 1307 1007 1337 homi-

268 1351 349 1379 nibus
358 1350 493 1385 videatur,
506 1358 609 1388 semper
620 1347 648 1375 in
662 1346 741 1375 corde
754 1356 803 1375 suo
817 1357 943 1386 personas
956 1347 1007 1375 ho-

268 1391 372 1418 minum
381 1389 455 1418 videt
467 1401 474 1417 z
487 1388 548 1417 ideo
557 1386 606 1416 etsi
616 1386 733 1416 evenerit
745 1392 775 1414 ut
786 1386 896 1415 faciente
908 1396 938 1414 eo
949 1386 1008 1415 nul-

269 1429 312 1458 lus
334 1429 368 1458 sit
387 1438 513 1468 praesem,
527 1434 615 1456 tamen
629 1436 718 1455 coram
740 1425 895 1454 hominihus
916 1425 1009 1454 fecisse

1057 910 1147 949 piscit,
1163 910 1211 940 sed
1223 911 1270 949 qui
1284 911 1429 940 humanam
1443 911 1556 950 gloriam
1579 911 1673 941 animae
1695 918 1801 942 contra-

1058 949 1174 979 dictione
1197 951 1351 990 confringit.
1368 950 1496 989 Alioquin
1511 950 1538 980 in
1552 951 1626 980 omni
1640 962 1720 991 opere
1728 952 1800 982 bono

1058 1000 1105 1018 nec
1130 990 1260 1019 habemus
1284 990 1434 1020 mercedem
1444 1011 1452 1025 ‚
1478 990 1532 1019 nisi
1557 990 1636 1020 malis
1660 991 1801 1022 contrariis

1059 1039 1202 1069 urgeamur
1215 1040 1264 1069 per
1277 1040 1393 1059 carnem.
1409 1030 1442 1059 In
1457 1029 1531 1059 omni
1550 1029 1622 1059 enim
1635 1040 1716 1070 opere
1729 1031 1801 1062 bono

1058 1068 1214 1098 scandalum
1227 1069 1331 1098 diaboli
1345 1069 1464 1109 positum
1475 1076 1522 1105 est,
1535 1069 1606 1099 sicut
1617 1071 1668 1099 scri
1690 1077 1748 1100 tum
1761 1078 1802 1100 est

1057 1108 1092 1138 de
1102 1108 1269 1138 daemonibus
1281 1121 1287 1137 ε
1299 1109 1395 1138 Juxta
1406 1109 1539 1138 semitam
1548 1109 1660 1139 scanda
1673 1119 1692 1139 a
1699 1120 1801 1150 posue·
1814 1116 1881 1139 Psal.
1898 1122 1904 1139 i

1058 1154 1128 1178 runt
1144 1149 1217 1177 mihi
1231 1161 1239 1177 .·
1256 1155 1288 1177 ut
1302 1149 1392 1188 ipsum
1405 1148 1508 1177 honum
1528 1158 1582 1177 non
1604 1148 1640 1178 sit
1663 1159 1800 1186 secui-um,
1828 1163 1835 1169 ·

1058 1188 1081 1217 si
1095 1188 1184 1217 solum
1199 1199 1206 1216 ε
1219 1187 1267 1217 scd
1276 1188 1355 1228 juxta
1370 1188 1471 1217 malum
1484 1188 1613 1228 positum,
1623 1198 1732 1229 semper
1743 1196 1802 1219 ten-

1058 1234 1142 1256 tatum
1164 1227 1209 1262 sit,
1231 1235 1256 1257 et
1279 1228 1431 1268 probatum.
1446 1229 1523 1258 Sicut
1542 1228 1614 1258 enim
1637 1229 1802 1268 ubicumque

1057 1267 1139 1295 fuerit
1151 1267 1281 1303 triticum,
1296 1277 1400 1297 necesse
1413 1274 1452 1296 est
1466 1275 1496 1297 ut
1516 1267 1688 1297 inveniantur
1705 1268 1763 1299 illic
1775 1276 1803 1299 et

1056 1306 1176 1335 zizania:
1192 1306 1231 1336 sic
1254 1307 1417 1346 ubicumque
1434 1307 1515 1336 fuerit
1537 1308 1638 1336 bonum
1661 1308 1723 1345 Dei,
1743 1307 1803 1339 illic

1057 1346 1108 1374 erit
1121 1352 1147 1374 et
1159 1346 1315 1375 scandalum
1330 1346 1443 1375 inimici.
1457 1346 1531 1383 Quid
1546 1357 1610 1386 ergo
1621 1347 1636 1376 ἶ)
1652 1348 1721 1377 Ecce
1734 1358 1800 1388 pro-

1058 1384 1169 1423 posuisti
1191 1385 1278 1414 facere
1296 1386 1503 1425 eleemosynam,
1515 1385 1562 1415 sed
1575 1386 1696 1416 ascendit
1718 1398 1801 1428 super

1058 1434 1105 1452 cor
1130 1430 1208 1452 tuum
1231 1424 1301 1453 velle
1327 1424 1482 1453 hominibus
1502 1435 1642 1465 apparere,
1666 1427 1801 1466 numquid

268 1468 386 1504 videtur,
402 1467 465 1506 quia
478 1478 524 1496 cor
534 1467 593 1506 ejus
609 1475 713 1504 semper
730 1464 870 1493 hominum
885 1475 1009 1505 personas
1024 1477 1042 1500 C
1059 1462 1140 1492 debes
1161 1464 1319 1493 subtrahere
1332 1474 1441 1493 manum
1454 1470 1544 1497 tuam;
1554 1471 1585 1494 ut
1598 1474 1631 1494 ne
1643 1465 1691 1494 des
1709 1465 1801 1496 locum

267 1508 386 1537 videbat.
400 1507 523 1546 Alioqui
534 1516 593 1534 non
606 1505 749 1533 habebitis
762 1505 920 1533 mercedem
930 1505 1010 1543 apud

268 1548 388 1576 Patrem
401 1552 542 1576 vestrum.
559 1545 595 1574 Et
607 1543 762 1572 mandatum
778 1543 835 1579 dat,
857 1550 882 1572 et
903 1553 1008 1583 poenam

267 1587 403 1627 proponit,
418 1593 448 1615 ut
461 1585 604 1616 vanitatem
619 1583 764 1611 humanam
786 1582 835 1611 etsi
859 1593 912 1611 non
935 1593 1010 1612 amor

262 1626 373 1666 justitiae
386 1632 467 1662 tenet,
482 1625 525 1654 vel
537 1624 618 1653 timor
628 1622 720 1651 damni
731 1622 854 1652 refrenet.
869 1623 924 1652 Scit
937 1623 1008 1651 enim

267 1666 398 1696 Dominus
416 1663 579 1694 vanitatibus
603 1661 738 1692 subditam
757 1672 813 1691 esse
827 1661 915 1691 carnis
928 1669 1006 1691 natu-

267 1717 324 1735 ram
340 1718 347 1734 z
363 1705 426 1744 quia
441 1704 528 1734 omnis
549 1703 629 1732 homo
643 1708 775 1740 quantum
790 1701 824 1730 ad
838 1712 946 1731 carnem
958 1701 1007 1730 de-

265 1746 377 1774 lectatur
398 1744 553 1773 hominibus
573 1751 708 1782 apparere.
723 1741 783 1770 Non
795 1741 867 1770 enim
886 1741 943 1770 fieri
958 1752 1007 1781 po-

264 1792 324 1820 test,
339 1791 367 1814 ut
376 1794 437 1813 caro
448 1790 508 1812 nata
521 1782 555 1811 de
566 1782 681 1811 vanitate
691 1790 743 1809 non
755 1781 789 1809 sit
800 1781 924 1810 vanitatis
933 1791 1007 1810 ama-

265 1825 320 1853 trix
335 1835 401 1853 :nec
414 1823 546 1853 Dominus
572 1821 725 1850 admoneoet
743 1830 802 1857 nos,
819 1827 848 1849 ut
869 1830 902 1849 ne
919 1831 1008 1849 coram

265 1864 420 1893 hominihus
439 1863 577 1896 faciamus,
598 1859 651 1889 nisi
673 1859 752 1888 sciret
771 1870 862 1889 ornnes
886 1860 1007 1889 homines

265 1904 335 1933 velle
348 1914 437 1932 coram
459 1901 616 1931 hominibus
640 1900 735 1928 facere.
751 1900 820 1935 Quis
833 1899 941 1928 mandat
954 1899 1005 1928 ali-

265 1944 321 1979 cui,
335 1945 376 1972 Ne
388 1941 536 1978 forniceris,
554 1940 604 1969 nisi
619 1949 698 1978 quein
717 1938 844 1978 intelligit
859 1949 915 1968 esse
929 1939 1006 1968 lasci-

264 1983 348 2012 vum?
362 1984 424 2022 quis
442 1980 550 2011 mandat
573 1979 666 2014 alicui,
688 1978 778 2007 Nolite
799 1978 938 2014 inebriari,
954 1978 1007 2007 nisi

265 2033 343 2060 quein
357 2023 492 2052 ebriosum
515 2030 571 2049 esse
593 2017 744 2056 cognoscit?
759 2017 803 2048 Sic
821 2024 846 2046 et
859 2018 1007 2047 admonitio

1058 1513 1133 1532 vanae
1153 1503 1318 1542 cogitationi,
1336 1503 1427 1533 dicens
1440 1503 1514 1543 apud
1525 1511 1550 1533 te
1563 1517 1569 1533 z
1587 1505 1687 1534 Melius
1699 1512 1739 1534 est
1753 1516 1801 1536 nec

1058 1543 1143 1571 facere
1155 1542 1267 1578 bonum,
1283 1553 1316 1572 ne
1331 1550 1433 1573 tantum
1446 1543 1568 1572 inveniat·
1580 1551 1690 1584 propter
1712 1545 1801 1574 homi-

1058 1592 1104 1610 nes
1114 1581 1223 1611 facere?
1236 1583 1314 1612 Absit
1323 1595 1330 1611 e
1343 1582 1391 1612 sed
1402 1583 1499 1627 perfice
1507 1593 1575 1623 opus
1585 1590 1675 1620 tuum,
1689 1594 1723 1614 ne
1732 1584 1801 1614 dum

1058 1621 1100 1650 vis
1108 1621 1263 1660 cogitationi
1275 1633 1348 1651 vanae
1359 1629 1491 1658 resistere,
1502 1622 1597 1662 perdas
1605 1633 1673 1663 opus
1683 1624 1798 1654 bonum.

1059 1660 1159 1691 Veniat
1171 1661 1221 1690 tibi
1236 1661 1264 1690 in
1277 1669 1402 1699 mentem,
1415 1661 1488 1700 quod
1503 1663 1635 1692 Dominus
1648 1663 1686 1692 ait
1698 1662 1733 1693 de
1747 1663 1799 1693 tri-

1054 1700 1111 1729 tico
1124 1707 1149 1729 et
1161 1700 1269 1730 zizaniis
1284 1713 1290 1730 ε
1306 1702 1397 1731 Sinite
1419 1709 1544 1741 utraque
1564 1713 1689 1732 crescere
1709 1713 1801 1744 usque
1813 1709 1900 1734 Manli.

1059 1740 1100 1768 ad
1114 1750 1245 1776 messem,
1259 1752 1295 1770 ne
1305 1742 1490 1771 eradicantes
1503 1743 1631 1778 zizania,
1641 1743 1731 1772 simul
1740 1753 1803 1772 era-
1811 1741 1851 1765 3⁰·

1059 1780 1161 1809 dicetis
1183 1787 1211 1809 et
1236 1783 1376 1810 triticum.
1390 1781 1524 1810 Triticum
1538 1788 1578 1811 est
1590 1783 1662 1811 enim
1675 1782 1802 1813 voluntas

1057 1819 1137 1856 bona,
1158 1830 1240 1858 quam
1257 1820 1368 1850 seminat
1386 1822 1461 1850 Deus
1474 1820 1502 1849 in
1516 1820 1625 1851 homine
1640 1834 1647 1851 ε
1669 1821 1802 1852 zizanium

1058 1865 1146 1888 autem
1160 1866 1199 1888 est
1213 1860 1337 1898 cogitatio
1351 1860 1432 1897 mala,
1448 1871 1530 1899 quain
1543 1860 1668 1891 diabolus
1682 1861 1800 1891 semina-

1056 1898 1096 1927 vit
1109 1909 1156 1938 pei·
1169 1909 1285 1928 carnem.
1297 1901 1367 1930 Cum
1384 1910 1448 1939 ergo
1471 1900 1544 1929 omni
1569 1901 1698 1930 voluntati
1723 1901 1800 1930 bonae

1056 1937 1189 1967 adhaereat
1199 1946 1225 1967 et
1235 1938 1400 1969 desiderium
1409 1940 1522 1977 malum,
1533 1941 1556 1969 si
1567 1940 1687 1970 volueris
1700 1941 1800 1970 malam

1056 1978 1242 2007 coffitationem
1273 1985 1346 2007 tuam
1378 1978 1412 2007 ad
1441 1979 1551 2019 plenum
1578 1980 1688 2015 tollere,
1717 1980 1799 2010 simul

1056 2001 1129 2046 tollis
1149 2024 1174 2047 et
1195 2027 1264 2062 opus
1276 2018 1388 2047 bonum.
1403 2019 1473 2062 Nam
1498 2025 1525 2048 et
1548 2019 1606 2058 ipse
1628 2019 1886 2050 diaboluseonxxin

265 2062 364 2091 Christi
376 2062 410 2091 de
420 2059 547 2100 fugienda
554 2058 668 2088 vanitate
679 2056 869 2086 demonstratio
879 2064 918 2086 est
929 2058 1005 2087 vani·
1021 2065 1040 2088 D
1056 2056 1168 2086 consilio
1181 2058 1323 2087 seminavit
1340 2058 1470 2086 zizanium
1484 2068 1564 2087 suum
1578 2058 1605 2087 in
1630 2059 1721 2088 tritico
1735 2060 1797 2095 Dei,

263 2102 324 2131 tatis
349 2102 483 2130 humanae.
499 2101 621 2128 Attamen
645 2096 763 2133 mandat,
783 2097 848 2135 quia
870 2097 919 2126 etsi
943 2107 1005 2127 cai-o

262 2151 331 2170 vana
343 2142 487 2171 vanitatem
502 2137 646 2173 desiderat,
662 2142 687 2165 et
701 2142 803 2179 terrena
816 2136 934 2165 conditio
946 2137 1004 2175 glo-

262 2181 329 2210 riam
343 2191 418 2210 suam
433 2179 528 2219 quaerit
540 2178 568 2206 in
581 2183 662 2212 terra,
681 2185 743 2214 quia
758 2186 810 2204 non
824 2182 910 2215 potest
921 2183 1004 2205 terre-

262 2221 323 2250 stris
338 2228 431 2250 natura
466 2219 560 2248 loriam
575 2215 726 2245 desiderare
744 2215 875 2244 caelestem
891 2228 898 2244 z
914 2222 1002 2244 tamen

261 2261 348 2289 anima
362 2270 421 2299 quae
437 2230 471 2288 (fe
487 2257 599 2287 veritate
612 2262 672 2284 nata
687 2261 736 2288 est,
753 2262 838 2295 potest
849 2256 940 2294 fugere
954 2266 1002 2284 va-

260 2299 369 2329 nitatem
382 2307 524 2328 terrenam.
537 2297 607 2326 Caro
628 2295 722 2323 animae
746 2294 863 2333 subjecta
883 2301 933 2330 est,
948 2305 1002 2324 non

260 2339 347 2368 anima
362 2338 445 2368 carni.
458 2339 527 2367 Caro
540 2335 612 2365 enim
631 2334 761 2364 adversus
771 2334 887 2362 animam
901 2341 1002 2364 certare

259 2386 355 2417 potest,
372 2378 478 2408 vincere
491 2386 542 2405 non
557 2380 653 2415 potest,
674 2374 725 2403 nisi
747 2373 804 2413 ipsa
828 2373 917 2402 anima
936 2384 1001 2402 con-

259 2418 370 2447 senserit
391 2424 419 2446 ut
430 2417 562 2446 vincatur.
582 2413 677 2443 Anima
689 2420 778 2442 autem
791 2411 920 2441 adversus
940 2423 999 2442 car-

259 2467 318 2486 nem
333 2464 357 2486 ct
370 2463 462 2491 certat,
474 2462 501 2485 et
512 2454 605 2484 vincit.
618 2453 692 2492 Ergo
701 2460 727 2481 et
739 2451 785 2491 qui
799 2451 877 2491 plena
890 2452 1000 2490 quidem

259 2497 395 2525 voluntate
403 2507 453 2535 pro
463 2502 513 2524 iter
522 2493 643 2523 homines
655 2492 730 2528 facit,
737 2492 783 2521 ille
792 2498 901 2531 propter
910 2492 998 2520 homi-

258 2544 303 2563 nes
315 2536 405 2564 sccisse
418 2507 527 2565 videtui·
539 2547 545 2562 :
558 2543 639 2573 super
647 2532 725 2600 ciffus
737 2538 825 2560 autem
839 2541 885 2560 cor
898 2531 998 2570 cogita-

258 2574 295 2602 tio
309 2574 417 2612 quidem
442 2585 509 2603 vana
528 2571 655 2608 ascendit,
687 2570 822 2600 esiderans
842 2570 998 2599 hominibus

258 2623 394 2651 apparere,
408 2613 495 2642 anima
508 2619 596 2641 autem
607 2611 757 2650 intelligens
771 2610 846 2640 vanis
856 2610 998 2649 cogitatio—

1058 2100 1086 2124 ut
1098 2097 1186 2125 attrita
1200 2097 1300 2126 zizania
1317 2097 1375 2136 ejus
1395 2097 1524 2126 suffocent
1536 2097 1655 2126 triticum
1669 2098 1719 2127 Dei
1732 2111 1739 2127 i
1753 2106 1800 2128 aut

1055 2136 1078 2164 si
1092 2136 1153 2174 quis
1177 2135 1295 2165 voluerit
1316 2136 1420 2165 diaboli
1444 2135 1574 2165 zizanium
1598 2137 1704 2174 tollere,
1717 2137 1800 2168 simul

1054 2174 1171 2204 eradicet
1190 2182 1216 2204 et
1230 2175 1349 2205 triticum
1363 2176 1424 2205 Dei.
1440 2176 1582 2214 Numquid
1599 2183 1626 2206 et
1649 2177 1798 2213 continens,

1054 2222 1101 2244 aut
1112 2215 1155 2244 vir
1173 2225 1200 2251 o,
1213 2225 1276 2243 mox
1291 2222 1320 2244 ut
1337 2215 1513 2256 concupierit,
1525 2216 1580 2256 jam
1596 2216 1712 2246 cecidit?
1723 2217 1800 2246 Tan-

1053 2261 1111 2283 tum
1138 2266 1155 2294 p
1167 2265 1216 2283 ena
1240 2255 1377 2284 voluntate
1400 2265 1452 2284 non
1477 2255 1665 2295 concupiscat,
1679 2263 1710 2286 ut
1732 2256 1800 2286 velit

1054 2294 1165 2334 implere
1176 2294 1418 2334 concupiscentiam
1429 2305 1505 2324 suam
1515 2307 1523 2324 ι
1532 2295 1554 2324 si
1564 2302 1654 2324 autem
1664 2305 1699 2325 ex
1709 2305 1799 2325 neces-

1052 2333 1128 2363 sitate
1135 2334 1222 2363 cai-nis
1229 2334 1393 2374 concupivit,
1402 2341 1427 2364 ct
1433 2334 1595 2364 contradixit
1603 2336 1798 2374 concupiscen-

1052 2374 1095 2402 tiae
1118 2384 1184 2410 suae,
1199 2383 1252 2402 non
1274 2375 1410 2413 peccavit,
1425 2373 1473 2403 sed
1494 2374 1578 2413 magis
1604 2374 1746 2412 gloriosior
1759 2381 1799 2404 est

1052 2413 1173 2449 effectus,
1187 2414 1250 2451 quia
1264 2414 1329 2443 vicit
1342 2420 1478 2452 tamquam
1492 2413 1514 2442 si
1529 2423 1581 2442 non
1597 2413 1690 2443 fuisset
1702 2414 1798 2454 pulsa-

1052 2459 1106 2481 tus.
1122 2452 1197 2489 Quid
1211 2463 1274 2493 ergo
1291 2452 1358 2482 dicit
1370 2451 1530 2497 Scriptura?
1543 2453 1607 2482 Sine
1633 2461 1663 2481 ut
1682 2460 1799 2483 mature-

1051 2498 1125 2522 scant
1137 2499 1250 2531 utraque
1262 2505 1269 2521 ε
1284 2492 1312 2521 id
1326 2499 1376 2528 est,
1386 2491 1513 2532 Adimple
1523 2502 1592 2532 opus
1605 2498 1694 2529 tuum,
1706 2500 1733 2522 et
1743 2492 1797 2523 duc

1050 2531 1084 2561 ad
1106 2532 1253 2571 perfectum
1269 2543 1276 2559 :
1292 2538 1316 2561 et
1330 2532 1367 2561 sic
1393 2531 1440 2560 illa
1454 2530 1565 2570 quidem
1585 2541 1655 2561 vana
1669 2532 1796 2571 cogitatio

1050 2571 1127 2609 quasi
1143 2571 1274 2600 zizanium
1295 2572 1462 2606 exsiccatur,
1477 2570 1505 2599 id
1519 2578 1574 2607 est,
1591 2571 1717 2607 solvitur,
1731 2582 1796 2601 eva-

1047 2617 1155 2646 cuatur,
1163 2617 1189 2640 et
1199 2611 1267 2651 perit
1281 2622 1287 2638 2
1300 2611 1402 2639 bonurn
1411 2617 1498 2640 autem
1512 2621 1580 2650 opus
1589 2611 1665 2650 quasi
1676 2611 1794 2640 triticum
