1890 2826
72 1032 141 1067 ῌιιιη,
155 1037 190 1054 Ιο.

73 1260 145 1283 Num.
164 1267 187 1282 ιι

75 1292 84 1303 ,,

78 1685 149 1708 Num.
167 1691 202 1708 ιι.

80 1724 118 1747 29.

80 1923 205 1978 {²5:¹23ss

81 2103 221 2128 Num.12.2.

232 174 300 221 39⁰
577 183 607 206 s.
633 183 774 207 somnis
800 182 982 208 cnnvsosr.

229 248 294 275 Deo.
322 246 502 286 Praecepitquc
526 246 610 281 Deus,
624 256 687 276 eum
709 245 823 284 quinon
841 252 929 286 posset
942 246 970 274 in

228 293 314 332 primo
326 303 416 322 mense
429 292 567 322 immolare
579 292 689 332 pascha,
702 292 747 322 vel
765 292 840 331 quod
851 292 969 321 immun·

227 339 279 368 dus
297 346 374 375 esset,
390 340 433 369 vel
449 339 523 378 quod
536 339 562 368 in
583 339 664 379 longo
685 338 792 375 itinere,
813 339 841 370 iu
853 338 971 368 secundo

227 396 316 415 mense
339 386 436 421 facere,
460 385 562 414 decima
585 385 660 414 tertia
684 384 738 414 die.
755 384 785 415 Si
807 385 868 424 quis
886 395 968 419 vero,

226 431 345 461 mundus
356 443 418 461 cuin
429 432 472 467 sit,
483 432 567 461 necin
583 432 668 471 longo.
679 431 783 469 itinere,
796 431 863 462 noiit
872 431 970 472 pascha

224 478 310 508 facere
332 479 358 507 in
381 479 469 518 primo
490 489 590 515 mense,
614 478 665 508 sub
678 485 786 519 peccato
807 477 868 507 erit.
891 479 968 515 Lex,

224 524 324 562 inquit,
341 535 393 552 una
407 524 443 553 sit
453 523 570 554 advenae«
578 530 605 553 et
626 524 769 564 indigenae.
785 525 858 554 Cum
872 534 968 553 ascen-

224 569 298 598 deret
320 570 415 606 nubes,
439 576 524 599 castra
545 570 689 600 movebant
708 570 894 606 Israfflitae,›et
919 569 968 598 ubi

223 615 308 644 nubes
329 615 426 649 stabat,
451 615 510 644 illic
538 623 622 644 castra
645 616 823 645 metabantur.
852 615 970 646 Jubetur

223 663 332 700 Moyses
352 661 438 690 facere
457 661 536 690 tubas
556 669 710 701 argenteas,
736 661 771 691 ita
786 669 816 691 ut
838 672 888 702 per
906 661 968 690 illas

222 706 417 745 significaretur
430 707 545 747 populo,
558 707 728 746 quandonam
742 707 874 748 proficisci
889 717 968 747 opor-

224 759 298 790 teret,
323 753 431 792 quando
455 763 615 794 congregare
637 754 769 794 populum
788 754 815 782 in
834 753 924 787 bellis,
941 753 969 782 in

1014 183 1168 208 Aucnlm‘.
1196 182 1452 208 CONSTANTINOP
1457 199 1464 207 .

1025 243 1166 285 δυνάμενον
1178 247 1206 276 ἐν
1217 248 1255 287 τῷ
1266 246 1364 287 πρώτῳ
1379 246 1444 287 μηνὶ
1463 246 1534 276 θύειν
1547 246 1578 277 τὸ
1588 246 1681 288 πάσχα
1689 269 1698 284 ,
1717 247 1734 285 ἢ
1754 247 1797 278 διὰ

1024 292 1054 321 τὸ
1066 292 1215 332 ἀκάθαρτον
1227 288 1335 329 εἶναι,ἢ
1345 293 1388 323 διὰ
1401 293 1432 322 τὸ
1444 294 1470 322 ἐν
1483 294 1535 334 ὁδῷ
1547 299 1638 334 μακρᾷ
1646 294 1798 334 τυγχάνειν,

1024 340 1062 379 τῷ
1077 339 1190 380 δευτέρῳ
1211 339 1275 379 μηνὶ
1288 344 1383 376 ποιεῖν,
1405 341 1439 379 τῇ
1463 340 1747 380 τεσσαρεσκαιδεκάτῃ.
1762 341 1797 370 Εἰ

990 389 1007 412 Ε
1025 384 1054 414 δέ
1066 397 1106 419 τις
1116 385 1161 415 καὶ
1173 385 1286 426 καθαρὸς
1299 385 1346 422 ὢν,
1358 385 1403 415 καὶ
1417 387 1464 415 οὐκ
1477 385 1513 415 ὢν
1527 386 1554 415 ἐν
1569 391 1660 427 μακρᾷ
1673 387 1743 426 ὁδῷ,
1758 386 1796 426 μὴ

1025 430 1147 470 βούλοιτο
1164 436 1249 462 ποιεῖν
1266 431 1297 461 τὸ
1317 431 1411 471 πάσχα
1425 432 1452 460 ἐν
1474 434 1512 472 τῷ
1534 431 1633 472 πρώτῳ
1648 431 1726 471 μηνὶ,
1745 431 1798 461 ὕπὸ

1023 477 1155 518 ἁμαρτίαν
1177 477 1262 508 ἔσται.
1286 477 1392 517 Νόμος,
1412 478 1502 518 φησὶν,
1516 474 1552 511 εἷς
1566 478 1636 508 ἔστω
1657 481 1695 519 τῷ
1714 490 1797 519 προσ·

1022 522 1112 563 ηλύτῳ
1121 523 1167 553 καὶ
1177 525 1216 564 τῷ
1228 522 1376 563 αὖτόχθονι.
1393 523 1491 554 Ἥνίκα
1503 523 1638 553 ἀνέὲαινεν
1652 527 1670 560 ἡ
1683 524 1794 565 νεφέλη,

1023 570 1124 609 ἀπῇρον
1139 571 1164 599 οἱ
1178 569 1230 599 υἱοὶ
1242 569 1362 609 Ἰσραὴλ,
1384 570 1429 599 καὶ
1442 566 1472 600 οὗ
1487 570 1518 599 ἂν
1533 570 1597 607 ἔστη
1609 593 1617 608 ,
1633 572 1687 601 ἐκεῖ
1697 583 1798 611 παρεν-

1023 614 1145 644 έὸαλλον.
1180 614 1325 645 Κελεύεται
1348 617 1467 652 Μωϋσῆς
1501 619 1612 652 ποιῆσαι
1649 617 1799 657 σάλπιγγας
1826 623 1830 625 “

1024 662 1156 700 ἀργυρᾶς,
1171 660 1240 691 ὥστε
1254 662 1287 690 δι’
1302 662 1388 691 αὐτῶν
1403 661 1541 700 σημαίνειν
1562 664 1601 702 τῷ
1621 663 1678 703 λαῷ
1688 684 1698 699 ,
1717 662 1797 699 ἡνίκα

1025 707 1126 746 ἀπᾶραι
1140 706 1211 744 δέοι,
1228 706 1306 743 ἡνίκα
1320 711 1477 746 συναγαγεῖν
1487 707 1532 737 τὸν
1545 708 1609 738 λαὸν
1623 709 1650 737 ἐν
1661 707 1796 748 πολέμοις,

1023 753 1049 781 ἐν
1062 751 1177 789 θυσίαις,
1190 752 1342 792 χρήσασθαι
1355 757 1413 786 ταῖς
1427 752 1553 793 σάλπιγξι
1563 752 1672 787 ταύταις
1690 754 1717 783 ἐν
1736 756 1795 794 ἑορ-

222 800 372 835 sac1·ificiis‚
397 799 580 839 utendumque
593 811 650 829 esse
671 800 773 830 dicitur
785 800 828 830 his
842 799 915 829 tubis
942 800 968 828 in
980 802 1096 834 munit,
1111 799 1138 827 ἐν
1152 798 1302 837 νεομηνίαις
1311 819 1319 833 ,
1334 799 1361 828 ἐν
1378 798 1606 838 ὁλοκαυτώμασιν.
1620 798 1668 832 Ὡς
1686 798 1714 828 δὲ
1734 799 1798 835 ἐξῆ-

222 846 307 882 festis,
323 846 349 875 in
363 846 520 883 neomeniis,
532 847 559 876 in
573 846 747 876 holocaustis.
759 847 797 876 Ut
810 853 898 875 autem
909 857 971 886 pro-
989 842 1008 864 Α
1026 855 1072 883 ραν
1085 844 1109 872 οἶ
1123 843 1176 872 υἱοὶ
1188 843 1313 883 Ἰσραὴλ,
1332 843 1478 884 παρεκάλει
1489 844 1533 874 τὸν
1547 847 1558 860 ⁸
1567 844 1667 874 ’1ωὸὰὸ
1680 846 1798 880 Μωῦσῆς

222 893 284 922 fecti
306 899 369 922 sunt
382 893 434 922 filii
454 893 547 930 Israel,
571 893 683 932 rogabat
697 894 805 933 Moyses
824 893 914 923 Jobah
935 893 969 922 fi-

223 940 291 968 lium
306 939 425 978 Raguel,
444 939 492 978 qui
505 946 532 968 et
553 939 652 970 Jothor
665 938 817 975 dicebatur,
833 945 863 968 ut
876 938 929 967 sibi
946 945 972 968 et

222 985 273 1014 viae
295 992 321 1014 et
341 985 537 1025 promissorum
555 986 690 1014 bonorum
711 995 821 1014 consors
842 992 918 1015 esset:
945 991 972 1014 et

223 1042 284 1061 cum
306 1042 366 1061 arca
384 1032 555 1069 eveheretur,
575 1031 647 1061 dixit
669 1033 792 1071 Moyses:
820 1032 970 1071 Exsurge,

222 1080 358 1115 Domine,
369 1079 547 1118 dissipentur
555 1080 664 1108 inimici
673 1080 726 1115 tm',
730 1079 858 1119 fugiant
869 1088 968 1108 omnes

223 1126 275 1163 qui
286 1131 314 1154 te
327 1125 461 1154 oderunt.
473 1126 509 1154 Et
525 1125 705 1154 murmuravit
719 1125 847 1165 populus,
862 1132 889 1154 et
902 1135 974 1155 com-

222 1171 301 1200 busta
315 1178 354 1200 est
368 1181 429 1211 pars
443 1178 608 1205 castrorum3
621 1178 646 1199 et
658 1178 768 1200 vocatus
779 1178 818 1200 est
832 1171 907 1200 locus
922 1172 972 1200 ln-

224 1216 358 1246 cendium.
370 1219 548 1255 Precatusque
558 1224 597 1245 est
607 1218 725 1256 Moyses,
735 1224 760 1245 ct
772 1217 884 1245 cessavit
895 1217 973 1246 ultio.

226 1264 405 1302 petebantque
427 1273 530 1298 carnes,
556 1269 582 1291 et
605 1262 731 1291 dicebaut
745 1274 752 1290 :
775 1264 975 1292 Restm-damur

225 1310 357 1348 piscium,
373 1318 445 1349 quos
459 1309 677 1337 comedebamus
689 1310 720 1336 in
730 1309 875 1348 Aegypto,
889 1319 974 1338 cucu-

227 1365 347 1391 merum,
361 1361 390 1383 et
402 1364 558 1393 peponum,
573 1360 601 1382 et
621 1364 773 1393 porrorum
790 1361 819 1383 el
839 1365 975 1394 ceparum

225 1409 252 1430 et
262 1402 412 1430 alliorum.
427 1401 516 1430 Nunc
525 1406 624 1430 autem
638 1402 738 1429 anima
752 1407 853 1429 nostra
866 1402 953 1430 arida
962 1415 972 1437 ;

227 1447 301 1476 nihil
313 1453 418 1486 proeter
428 1456 538 1475 manna
551 1447 708 1485 respiciunt
720 1447 800 1475 oculi
812 1448 914 1476 nostri.
935 1448 974 1477 Ut

225 1500 313 1523 autem
328 1493 486 1522 seditionem
505 1502 598 1521 eorum
612 1492 729 1531 graviter
750 1493 861 1529 ferebat,
876 1500 902 1522 et
915 1494 972 1522 Deo

226 1539 400 1579 supplicavit,
423 1537 529 1567 addidit
549 1538 573 1566 ei
591 1537 757 1577 septuaginta
783 1538 909 1574 seniores,
925 1539 972 1578 qui

227 1593 330 1626 partem
349 1584 477 1625 vituperii
492 1595 553 1615 cum
564 1584 612 1613 illo
625 1585 734 1613 ferrent.
747 1585 825 1614 Tunc
838 1585 902 1614 Jesu
914 1585 972 1614 filio

228 1633 305 1662 Nave
327 1632 442 1667 dicente,
466 1631 584 1661 Prohibe
608 1630 696 1659 filium
718 1630 808 1660 Eldad
823 1638 848 1660 et
869 1631 972 1661 Modad

230 1689 263 1708 ne
279 1679 450 1719 prophetent,
472 1677 509 1706 ait
529 1678 659 1717 Moyses.-
683 1677 766 1706 Num
779 1678 928 1707 oemularis
941 1684 973 1707 ιιι

228 1735 281 1765 pro
293 1735 338 1754 me
356 1727 369 1752 Ρ
380 1725 422 1753 Et
433 1725 498 1763 quis
511 1723 625 1751 dederit
638 1729 670 1752 ut
685 1729 762 1752 totus
771 1723 897 1763 populus
908 1725 972 1753 Do-

230 1774 302 1801 mini
321 1772 469 1811 prophetae
488 1772 569 1799 sint?
589 1770 667 1799 Tunc
685 1769 804 1799 ascendit
820 1770 944 1800 coturnix
959 1781 974 1799 a

230 1818 359 1853 Domino,
372 1824 398 1846 et
415 1815 597 1845 comederunt.
613 1815 648 1844 Et
661 1825 754 1845 carnes
770 1822 845 1845 erant
858 1815 886 1844 in
907 1815 975 1846 den—

231 1864 304 1892 tibus
316 1873 420 1895 eorum.
435 1861 593 1901 priusquam
606 1860 758 1889 deficerent.
782 1861 839 1890 Hoc
860 1861 886 1890 iu
902 1861 977 1891 Psal-

232 1919 277 1938 mo
290 1909 370 1937 etiam
383 1908 486 1936 dictum
508 1912 564 1935 ost:
582 1905 694 1934 Adhuc
708 1915 775 1934 esca
798 1916 897 1936 eorum
916 1915 977 1936 erat

233 1957 264 1984 in
278 1965 326 1984 ore
340 1956 478 1993 ipsorum,
488 1958 516 1981 et
528 1954 574 1980 ira
588 1952 645 1980 Dei
664 1953 795 1981 ascendit
808 1963 893 1992 super
908 1963 974 1983 eos:

232 2008 259 2030 et
270 2002 374 2030 occidit
388 2002 419 2029 in
430 1999 562 2038 pluribus
579 2008 687 2027 eorum.
705 2000 827 2028 Vocatus
838 2006 926 2028 autem
937 2007 976 2029 est

232 2047 277 2077 hic
290 2047 367 2077 locus
379 2045 508 2086 Sepulcra
533 2044 763 2083 concupiscentiae.
779 2046 856 2075 Tunc
866 2046 976 2085 loquuta

232 2101 271 2124 est
290 2101 380 2123 contra
399 2094 522 2131 Moysem
535 2091 622 2120 Maria
637 2091 728 2120 dicens
740 2103 746 2119 τ
761 2093 840 2121 Num
855 2095 909 2132 ipsi
922 2094 979 2123 soli

234 2142 372 2181 loquutus
386 2144 429 2168 est
442 2139 524 2167 Deus
535 2139 548 2164 ?
561 2138 630 2166 Cum
645 2137 759 2166 dixisset
771 2149 835 2167 vero
851 2140 934 2176 Deus,
950 2150 978 2169 se

265 2253 275 2265 ⁸
293 2246 325 2270 In
336 2242 421 2269 Bibliis
432 2242 525 2268 Graecis
537 2241 626 2275 {egitur
635 2239 704 2272 ὸὲάὸ,
714 2246 739 2265 et
750 2241 775 2266 in
787 2241 892 2267 Hebraeo
910 2246 988 2274 33η.

231 2287 405 2322 Lugdunensis
415 2293 514 2318 quoque
524 2283 610 2309 Codex
621 2283 696 2310 ἰωὸάὸ
704 2282 789 2308 habet.

1023 889 1079 918 υἱὸν
1090 889 1224 929 Ῥαγουὴλ
1234 889 1278 919 τὸν
1292 889 1337 919 καὶ
1347 889 1429 930 Ἰοθὸρ
1435 911 1444 926 ,
1458 889 1527 920 ὥστε
1535 892 1608 931 αὐτῷ
1619 890 1664 920 καὶ
1675 893 1722 927 τ’ῆς
1735 891 1797 921 ὁδοῦ

1024 938 1197 972 κοινωνῆσαι,
1211 935 1257 966 καὶ
1277 939 1330 966 τῶν
1350 937 1564 977 ἐπαγγελθέντων
1581 939 1685 978 ἀγαθῶν
1697 939 1798 972 αὐτοῖς·

1024 981 1070 1010 καὶ
1080 982 1108 1009 ἐν
1121 983 1159 1021 τῷ
1174 980 1284 1023 ᾇξαίρειν
1295 981 1345 1018 τὴν
1352 982 1490 1018 ᾳιὸωτὸν,
1503 978 1561 1013 εἷπε
1575 986 1693 1020 Μωῦσῆς
1701 995 1707 1002 ·
1721 984 1800 1018 Ἐξε-

1025 1026 1134 1067 γέρθητι
1144 1049 1152 1062 ,
1167 1027 1266 1068 Κύριε,
1288 1029 1568 1068 διασκορπισθήτωσαν
1584 1031 1609 1060 οἱ
1627 1029 1716 1070 ἐχθροί
1733 1041 1780 1059 σου
1791 1050 1800 1065 ,

1026 1076 1180 1114 φυγὲτωσαν
1194 1073 1290 1107 πάντες
1300 1075 1325 1103 οἱ
1337 1074 1475 1113 μισοῦντές
1494 1087 1534 1105 σε.
1557 1075 1611 1105 Καὶ
1634 1076 1771 1115 ἐγόγγυζεν
1785 1078 1800 1105 ὁ

1025 1119 1087 1152 λαὸς
1095 1141 1102 1154 ,
1115 1118 1160 1148 καὶ
1174 1118 1291 1155 κατεκάη
1303 1119 1382 1160 μέρος
1392 1121 1440 1155 τῆς
1449 1120 1620 1160 παρεμὸολῆς
1627 1144 1636 1158 ,
1646 1121 1692 1150 καὶ
1700 1121 1800 1157 ἐκλήθη

1025 1166 1039 1194 ὁ
1053 1165 1132 1199 τόπος
1142 1164 1319 1205 ἐμπυρισμός.
1332 1165 1386 1194 Καὶ
1399 1165 1497 1201 ηὔξατο
1508 1168 1642 1202 Μωῦσῆς,
1655 1166 1701 1197 καὶ
1715 1167 1800 1197 ἐπαύ-

1026 1222 1090 1240 σατο
1111 1213 1128 1246 ἡ
1156 1211 1282 1251 τιμωρία.
1302 1210 1354 1240 Καὶ
1381 1211 1490 1248 ἐζήτουν
1515 1211 1596 1252 κρέα,
1622 1212 1668 1243 καὶ
1696 1213 1800 1253 ἔλεγον·

1027 1255 1218 1295 Ἐμνήσθημεν
1233 1256 1293 1290 τοὺς
1309 1258 1395 1296 ἰχθῦς,
1416 1256 1461 1291 οὓς
1477 1257 1603 1297 ἠσθίομεν
1617 1260 1643 1288 ἐν
1655 1258 1800 1299 Αἰγύπτῳ,

1026 1302 1086 1336 τοὺς
1100 1301 1219 1339 σικύους,
1233 1303 1278 1332 καὶ
1291 1302 1351 1337 τοὺς
1364 1302 1496 1340 πέπονας,
1510 1304 1544 1334 τὰ
1557 1304 1663 1345 πράσα,
1677 1304 1690 1322 ⁸³
1699 1304 1733 1335 τὰ
1743 1305 1801 1346 xp&

991 1350 1008 1373 B
1027 1347 1142 1386 μυα,τὰ
1156 1348 1277 1388 σκόροδα.
1297 1350 1353 1379 Νῦν
1372 1349 1400 1378 δὲ
1417 1351 1434 1385 ἡ
1447 1349 1521 1389 ψυχὴ
1541 1352 1618 1389 ἡμῶν
1639 1351 1799 1392 κατάξηρος·

1025 1394 1099 1423 οὐδὲν
1111 1393 1182 1430 πλὴν
1198 1396 1234 1428 εἷς
1256 1395 1286 1424 τὸ
1306 1395 1392 1434 μάννα
1405 1396 1429 1425 οἱ
1449 1396 1580 1435 ὀφθαλμοὶ
1600 1398 1687 1436 ἡμῶν.
1703 1397 1750 1431 Ὡς
1772 1398 1799 1428 δὲ

1024 1439 1166 1480 ἐὸαρύνετο
1174 1440 1223 1477 τὴν
1235 1441 1407 1471 ἀντιστασίαν
1422 1442 1518 1478 αὖτῶν,
1533 1443 1578 1472 καὶ
1592 1443 1747 1484 ἐνιτύγιανε
1760 1446 1800 1484 τῷ

1023 1487 1104 1527 Θεῷ,
1118 1487 1290 1526 προστίθησιν
1305 1489 1378 1528 αὐτῷ
1392 1487 1576 1528 ἑὸδομήκοντα
1591 1489 1798 1531 πρεσὸυτέρους,

1023 1532 1093 1562 ὥστε
1109 1533 1343 1572 συλλαμβάνεσθαι
1359 1535 1432 1575 αὐτῷ
1455 1536 1482 1564 ἐν
1500 1537 1534 1575 τῇ
1556 1537 1638 1575 ἀρχῇ.
1660 1537 1730 1566 Τότε
1752 1541 1798 1566 τοῦ

1023 1577 1112 1613 Ἰησοῦ
1134 1581 1180 1608 τοῦ
1196 1580 1272 1615 Ναυῆ
1288 1579 1422 1613 εἰπόντος·
1442 1580 1560 1610 κώλυσον
1572 1581 1616 1611 τὸν
1630 1581 1686 1612 υἱὸν
1699 1581 1800 1612 Ἐλδὰδ

1023 1623 1068 1653 καὶ
1078 1623 1179 1653 Μωδὰδ
1186 1627 1232 1654 τοῦ
1240 1625 1425 1665 προφητεύειν,
1432 1626 1510 1667 φησὶν
1522 1629 1537 1657 ὁ
1545 1628 1671 1664 Μωϋσῆς·
1681 1630 1693 1644 ⁶
1701 1629 1800 1665 Ζηλοῖς

1025 1669 1056 1699 σύ
1067 1681 1126 1709 μοι;
1139 1669 1192 1699 Καὶ
1203 1669 1244 1704 τίς
1255 1671 1292 1711 δῷ
1300 1670 1404 1701 ἅπαντα
1415 1672 1459 1701 τὸν
1468 1672 1532 1702 λαὸν
1541 1673 1640 1713 Κυρίου
1648 1674 1799 1714 προφήταςς

1025 1715 1095 1745 Τότε
1116 1716 1197 1752 ἄνέὸη
1215 1717 1401 1758 ὀρτυγομήτρα
1413 1718 1486 1758 παρὰ
1501 1719 1600 1759 Κυρίου
1609 1743 1618 1757 ,
1630 1720 1676 1750 καὶ
1689 1721 1794 1761 ἔφαγον.

1027 1763 1080 1792 Καὶ
1091 1762 1125 1792 τὰ
1134 1763 1199 1803 κρέα
1209 1759 1241 1799 ἦν
1253 1765 1280 1793 ἐν
1290 1769 1344 1797 τοῖς
1352 1766 1454 1794 ὀδοῦσιν
1465 1767 1561 1802 αὐτῶν,
1572 1766 1634 1807 πρὶν
1642 1767 1660 1803 ἢ
1671 1769 1799 1798 ἐκλιπεῖν.

1028 1810 1115 1838 Τοῦτο
1128 1809 1159 1838 τὸ
1175 1811 1201 1839 ἐν
1213 1811 1312 1850 ψαλμῷ
1326 1810 1472 1851 εἰρημένον·
1484 1811 1547 1842 Ἔτι
1558 1815 1605 1848 τῆς
1618 1813 1740 1854 βρώσεως
1753 1814 1799 1844 οὗ·

1000 1857 1013 1880 3
1029 1867 1077 1890 σης
1091 1857 1118 1884 ἐν
1137 1858 1176 1896 τῷ
1197 1856 1310 1895 στόματι
1321 1858 1418 1894 αὐτῶν,
1433 1858 1478 1887 καὶ
1491 1858 1557 1898 ὀργὴ
1570 1862 1616 1888 τοῦ
1631 1862 1702 1890 Θεοῦ
1716 1861 1797 1898 ἅνέὸη

1028 1902 1071 1931 ἐπ’
1085 1901 1178 1935 αὐτούς
1188 1914 1195 1920 ·
1209 1902 1254 1931 καὶ
1269 1902 1421 1932 ἀπέκτεινεν
1442 1903 1489 1933 “gv
1502 1909 1557 1938 τοῖς
1571 1906 1689 1935 πλείοσιν
1703 1909 1799 1936 αὐτῶν.

1029 1947 1149 1983 Ἐκλήθη
1167 1947 1195 1977 δὲ
1211 1949 1226 1977 ὁ
1239 1948 1318 1981 τόπος
1339 1944 1413 1982 οὗτος
1425 1949 1552 1988 μνήματα
1566 1951 1713 1990 ἐπιθυμίας.
1729 1952 1798 1982 Τότε

1029 1993 1194 2029 κατελάλησε
1213 1996 1252 2034 τῷ
1273 1995 1384 2024 Μωῦσεῖ
1397 1995 1503 2036 Μαρία,
1521 1995 1649 2035 λέγουσα·
1662 1997 1710 2034 Μὴ
1726 1999 1798 2039 αὐτῷ

1029 2039 1101 2079 μόνῳ
1114 2039 1242 2075 ἐλάλησεν
1261 2042 1275 2069 ὁ
1293 2039 1375 2076 Θεός;
1395 2041 1486 2070 Εἰπὼν
1502 2041 1530 2071 δὲ
1541 2044 1555 2071 ὁ
1565 2042 1651 2079 Θεὸς,
1671 2043 1711 2073 ὅτι
1727 2046 1799 2085 αὐτῷ

1029 2089 1101 2128 μόνῳ
1114 2091 1258 2129 προφητῶν
1274 2088 1403 2124 ἐλάλησεν
1425 2089 1522 2126 οὕτως,
1543 2090 1671 2121 ἓπέὸαλεν
1690 2092 1735 2122 ἐπὶ
1749 2092 1798 2128 τὴν

1029 2140 1144 2179 Μαριὰμ.
1154 2138 1265 2179 λέπραν,
1276 2139 1322 2168 καὶ
1336 2139 1471 2173 Μωῦσέως
1483 2140 1617 2176 δεηθέντος
1630 2141 1698 2182 ὑπὲρ
1707 2144 1798 2179 αὐτῆς,

1041 2252 1140 2276 quoque
1160 2244 1309 2276 interpretes
1330 2249 1424 2269 veteres
1445 2244 1582 2270 secundum
1600 2244 1732 2271 lectionem
1752 2248 1802 2272 He—

1039 2282 1150 2307 braicam
1169 2286 1353 2314 flfl’jnvnn.
1372 2283 1423 2309 Sed
1440 2285 1466 2309 in
1485 2286 1658 2310 vetustissimis
1674 2286 1799 2319 exempla-

265 2328 278 2347 h
296 2328 327 2352 111
346 2324 432 2351 Bihliis
450 2324 543 2349 Graecis
560 2322 650 2356 legitur
675 2327 713 2348 καὶ
731 2327 762 2348 τὰ
781 2328 889 2357 κρόμμυα
905 2328 942 2350 καὶ
960 2329 990 2350 τὰ
1039 2324 1108 2349 ribus
1122 2325 1216 2350 Graecis
1228 2325 1313 2351 multis
1329 2325 1457 2360 legebatur
1474 2331 1496 2353 ἐν
1507 2334 1553 2357 τοῖς
1568 2331 1665 2355 πλείοσιν
1676 2332 1758 2361 αὐτῶν,
1771 2331 1798 2354 in

232 2368 322 2402 σκόρδα.
336 2364 414 2390 Libro
425 2363 500 2388 tertio
511 2361 545 2387 ad
557 2362 692 2394 stagirium
703 2362 734 2386 T.
749 2363 772 2391 1,
785 2371 810 2394 p.
830 2363 887 2392 208,
901 2363 930 2393 E,
945 2362 986 2388 fin,

230 2405 319 2439 legitur
331 2403 406 2429 etiam
419 2404 523 2438 σκόροδα,
532 2407 560 2426 ut
572 2400 623 2426 hic.

263 2452 272 2463 e
291 2445 322 2468 In
335 2442 421 2468 Bibliis
437 2441 530 2467 Graecis
549 2445 583 2473 μὴ
605 2442 680 2471 ζηλοῖς
698 2443 748 2472 ἐμέ.
768 2438 867 2464 Ibidem
885 2439 986 2473 Lugdu-

229 2484 312 2508 nensis
323 2486 390 2510 παντὶ
401 2487 432 2515 τῷ
445 2484 492 2514 λαῷ
503 2483 586 2515 Κυρίου
595 2484 720 2513 προφήτας.

262 2523 276 2542 d
293 2524 325 2547 In
341 2520 426 2547 Bibliis
437 2520 530 2546 Graecis
542 2517 611 2543 Edit.
629 2518 704 2542 Rom.
725 2521 747 2542 ἐν
758 2523 803 2546 τοῖς
815 2522 886 2544 niuem
898 2521 970 2543 αὐτῶν
978 2537 984 2548 ,

230 2564 255 2585 in
266 2561 402 2594 pinguibus
414 2568 505 2584 eorum.
515 2557 632 2591 Vulgata,
643 2558 749 2589 pingues
761 2565 852 2587 eorum,
866 2557 936 2582 etsie
944 2557 986 2582 alii

1036 2362 1151 2396 pluribus
1161 2372 1251 2388 eorum.
1265 2365 1320 2395 Qua
1331 2365 1362 2390 de
1374 2374 1400 2390 re
1413 2365 1469 2391 vide
1481 2367 1662 2401 Hieronymum
1674 2368 1754 2400 Epist.
1764 2368 1796 2393 ad

1037 2402 1140 2427 Suniam
1153 2409 1179 2428 et
1189 2403 1290 2428 Fretell.
1300 2410 1326 2429 et
1336 2406 1500 2438 Augustinum
1511 2407 1537 2431 in
1548 2406 1660 2432 Pealmos
1667 2406 1716 2432 hoc
1729 2407 1795 2433 loco.

1037 2440 1194 2467 Thedoretus
1204 2443 1278 2468 etiam
1298 2447 1320 2469 ἐν
1337 2451 1382 2474 τοῖς
1399 2448 1496 2472 πλείοσιν
1511 2449 1597 2478 airam,
1610 2445 1653 2470 uhi
1669 2447 1797 2479 Interpres

1037 2481 1121 2512 vertit,
1132 2482 1241 2515 pingues
1257 2491 1352 2514 eorum,
1362 2492 1413 2508 non
1425 2490 1541 2510 accurate
1558 2493 1626 2510 sane.
1641 2486 1796 2518 Interpreta-

1036 2520 1104 2544 tione
1115 2526 1198 2545 autem
1212 2522 1236 2546 in
1251 2521 1341 2546 Psaim.
1353 2524 1394 2554 77,
1405 2532 1482 2556 quam
1497 2524 1562 2550 inter
1572 2525 1656 2557 spuria
1669 2525 1796 2559 ablegavi-

1036 2567 1099 2590 mns,
1115 2563 1136 2585 ἐν
1148 2566 1193 2589 τοῖς
1206 2564 1302 2588 πλείοσιν
1314 2565 1386 2588 αὐτῶν
1398 2562 1495 2596 legitur.
