1904 2840
624 227 658 250 ΙΝ
685 225 887 250 MATTHAEUM
894 241 901 249 .

931 224 1050 248 nomn.
1079 223 1154 248 xm.

1595 214 1666 262 809

133 297 213 318 conse
222 287 291 316 sicut
298 286 460 327 publicanus
472 287 500 316 in
509 288 620 328 templo,
631 298 717 327 neque
728 288 867 328 impuden-
887 290 905 313 Α
922 297 971 326 per
987 297 1034 316 cor
1054 287 1113 325 ejus
1137 285 1284 316 inducens:
1299 292 1326 316 et
1342 286 1389 316 ille
1407 287 1455 326 qui
1478 287 1590 327 suscipit
1607 299 1662 324 eas,

131 334 172 356 ter
185 326 276 356 oculos
286 326 362 356 tollat
373 326 408 356 ad
416 327 522 363 caelum,
534 334 566 356 ut
577 328 704 357 notabilis
717 329 763 358 fiat
779 340 786 356 :
798 334 824 357 et
833 328 871 357 ita

130 376 210 404 quem
220 376 297 396 nemo
305 366 382 396 audit
393 366 560 403 clamantem,
570 377 648 397 nemo
656 369 752 408 aspicit
763 369 815 397 tale.
822 368 871 397 ali-

129 405 197 444 quid
212 406 361 443 facientem,
373 413 400 435 et
422 406 491 436 inter
510 407 608 436 multos
628 413 711 444 stans,
723 408 750 436 in
769 413 870 437 secreto

128 452 178 474 est.
200 446 242 474 Et
259 447 292 475 in
312 446 430 485 angulis
449 446 623 485 platearum.
641 447 702 476 Non
727 447 812 484 dixit,
838 448 868 481 ln

127 484 224 524 plateis
240 497 246 513 :
261 486 319 522 sed,
336 487 375 515 In
387 486 505 526 angulis
516 487 682 524 platearum
695 498 704 514 .-
716 494 746 516 ut
759 497 793 516 ne
805 487 828 516 si
841 486 868 515 in

128 524 224 563 plateis
246 526 391 561 oraverint,
403 526 480 564 quasi
495 525 662 555 simulatores
675 526 814 565 religionis
821 526 866 556 vi-

128 570 325 604 tuperarentur,
333 564 379 594 sed
390 565 418 594 in
428 566 543 604 angulis,
552 572 582 594 ut
591 564 734 594 videantur
741 566 868 595 absconse

127 613 212 633 orare.
222 604 318 633 Astuta
330 604 447 634 vanitas!
457 605 552 635 Sciunt
563 604 634 633 enim
644 605 707 643 quia
717 605 768 635 lioc
777 605 867 645 ipsum

126 642 253 673 absconse
275 654 352 673 orare
368 644 533 674 laudabilius
553 651 612 673 est:
631 644 690 674 ideo
712 644 817 685 fingunt
838 655 866 674 se

126 682 288 712 abscondere
298 690 327 712 ut
337 683 483 723 dupliciter
493 683 645 714 laudentur.
660 684 792 720 Primum,
802 685 865 723 quia

125 730 202 751 orant
209 734 219 760 ;
240 723 371 759 secundm
391 725 454 762 quia
481 724 607 753 absconse
627 730 704 752 orant
727 735 734 751 :
761 731 786 753 et
810 735 864 753 am-

125 761 198 800 plius
213 772 241 791 se
261 763 428 792 manifestant
443 775 491 804 per
503 763 555 792 hoc
569 763 658 802 ipsum
671 763 743 802 quod
754 774 783 793 se
799 764 863 793 ahs-

124 801 254 831 condunt.
269 802 335 838 Dic,
351 803 501 843 hypocrita,
515 802 624 841 utquid
636 802 678 832 vis
701 809 730 832 ut
747 803 864 832 videaris

124 841 223 870 orans?
237 843 331 871 Nonne
347 844 410 881 quia
431 842 577 873 laudabilis
595 853 637 871 res
657 849 696 871 est
715 843 810 872 orare?
825 845 863 873 Ut

86 882 89 884 '
124 880 193 948 quid
201 891 267 920 ergo
280 891 333 910 non
350 892 392 911 vls
405 893 461 912 esse
470 881 629 918 laudabilis,
643 882 747 920 quivis
761 890 789 912 ut
799 883 862 911 lau-
877 886 894 909 B

0 1917 23 1937 εί.
32 1913 56 1944 4.
67 1914 107 1937 32.

0 2112 38 2135 ul.
49 2111 107 2142 45.

51 2308 75 2331 §a

144 920 218 949 eris?
232 923 258 950 0
273 921 374 950 insania
387 921 527 951 vanitatis!
540 932 596 951 esse
610 921 716 958 nolunt,
732 922 804 960 quod
818 922 862 951 de-

123 958 240 989 siderant
261 971 400 1000 apparere.
419 962 519 991 Amen
537 962 602 990 dico
622 961 717 998 vobis,
728 972 862 1001 percepe-

124 1006 192 1028 runt
222 1001 380 1029 mercedem
401 1011 496 1030 suam.
522 1001 716 1039 Unusquisque
743 1001 790 1030 ubi
815 1011 860 1030 se-

123 1038 217 1075 minat,
232 1039 270 1068 ibi
286 1047 383 1069 metet:
397 1047 422 1070 et
435 1041 509 1079 quod
529 1041 651 1074 seminat,
666 1041 718 1070 hoc
730 1047 756 1069 et
768 1048 858 1070 metet.

123 1079 175 1107 Pro
194 1085 234 1108 ter
244 1079 366 1109 homines
377 1087 464 1116 orant,
479 1091 530 1109 non
542 1086 651 1120 propter
664 1080 754 1109 Deum
766 1091 773 1108 :
787 1081 826 1110 sic
835 1088 861 1110 et

122 1117 159 1146 ab
197 1118 344 1155 ominibus,
361 1130 413 1148 non
427 1131 442 1148 a
458 1121 512 1149 Deo
526 1119 680 1148 laudantur.
696 1119 861 1149 Mendaciter

122 1164 210 1194 orant,
226 1168 287 1187 cum
307 1168 359 1187 non
377 1166 452 1188 orent
466 1171 472 1187 :
485 1166 511 1188 et
526 1159 688 1188 mendaciter
704 1159 859 1195 laudantur,

121 1206 183 1226 cum
197 1207 250 1226 non
261 1198 313 1227 sint
324 1198 487 1227 laudabiles:
497 1199 611 1239 speciem
624 1209 735 1228 vacuam
747 1199 859 1238 religio-

121 1236 164 1264 nis
171 1236 333 1274 vendunt,et
342 1238 454 1267 verbum
464 1249 580 1268 vacuum
592 1237 680 1267 laudis
690 1245 790 1268 emunt.
806 1240 862 1269 Sic-

122 1281 153 1304 ut
164 1276 250 1305 oratio
271 1287 364 1306 eorum
377 1278 465 1306 Deum
483 1289 534 1307 non
549 1277 673 1314 delectat,
685 1279 728 1307 sic
738 1289 786 1308 nec
800 1278 860 1308 laus

121 1314 260 1345 hominum
274 1327 319 1346 cos
340 1316 462 1346 adornat.
475 1317 557 1354 Quod
570 1317 642 1347 enim
655 1317 682 1346 in
694 1318 777 1347 verbo
787 1320 859 1358 posi-
869 1331 876 1339 ·

121 1360 179 1384 tum
203 1362 251 1391 est,
266 1355 369 1385 tamdiu
391 1363 441 1391 est,
457 1357 587 1395 quamdiu
608 1356 709 1386 dicitur
721 1357 834 1387 verbum
849 1369 856 1385 :

120 1404 182 1423 cum
195 1401 283 1424 autem
301 1395 407 1424 finitum
429 1396 510 1426 fuerit
522 1396 646 1432 verbum,
662 1396 756 1426 finitur
769 1404 794 1426 et
807 1397 856 1426 bo—

119 1442 196 1468 num,
210 1434 284 1472 quod
348 1435 415 1464 itum
433 1442 491 1465 emt
503 1436 530 1465 in
542 1436 634 1466 verbo.
646 1437 674 1465 6.
694 1437 736 1465 Tu
759 1443 857 1466 autem

119 1483 184 1503 cum
196 1483 272 1504 oras.
288 1445 398 1513 'pgsqffi
412 1474 466 1510 vis,
483 1482 512 1504 ut
523 1475 689 1512 exaudiaris,
705 1486 758 1505 non
770 1483 800 1505 ut
814 1476 856 1506 vi-
873 1481 892 1504 c

118 1512 223 1543 dearis:
250 1514 298 1553 qui
319 1525 376 1544 esse
399 1514 442 1543 vis
464 1515 619 1550 laudabilis,
633 1525 685 1543 non
705 1525 854 1555 apparere:

117 1553 203 1591 quiin
213 1554 324 1582 auribus
335 1555 396 1589 Dei,
408 1563 460 1583 non
472 1554 500 1582 in
512 1554 598 1583 oculis
612 1554 752 1583 hominum
766 1554 857 1592 loque-

118 1592 167 1621 ris.
177 1594 261 1621 Intra
274 1594 306 1620 in
316 1593 481 1622 cubiculum
492 1600 583 1629 tuum,
596 1599 624 1621 et
635 1593 741 1622 claude
751 1596 857 1622 ostium

121 1637 212 1661 tuum.
228 1633 267 1661 Ut
287 1642 365 1660 nemo
377 1632 413 1661 sit
432 1631 482 1664 ibi,
497 1632 547 1661 nisi
562 1639 600 1667 tu,
614 1632 660 1670 qui
674 1642 745 1667 oras,
760 1639 784 1661 et
797 1632 855 1669 ille,

119 1681 199 1710 quem
211 1681 271 1700 oras
287 1682 295 1698 .-
311 1677 336 1700 et
343 1671 443 1710 nequis
454 1678 541 1700 tecum
549 1671 584 1700 sit
591 1671 669 1707 alter,
682 1678 775 1717 praeter
781 1682 854 1709 eum,

118 1720 199 1750 quem
224 1710 401 1740 necessarium
427 1710 518 1740 habes.
534 1711 620 1740 Testis
645 1720 718 1739 enim
737 1718 865 1741 orantem·

118 1757 222 1790 gravat,
237 1760 290 1779 non
304 1749 416 1790 adjuvat
433 1762 439 1778 :
453 1750 519 1788 quia
539 1751 611 1779 Deus
622 1750 788 1779 orationibus
802 1761 855 1780 non

118 1789 237 1828 exigitur
247 1811 255 1825 ,
281 1789 329 1819 sed
354 1789 487 1829 placatur.
515 1789 637 1819 Alterum
658 1789 719 1818 dico
744 1790 855 1829 alterius

118 1828 219 1858 cordis.
232 1829 382 1866 Quiautem
395 1828 516 1869 ejusdem
530 1836 592 1858 sunt
603 1828 702 1864 cordis,
715 1829 764 1858 etsi
775 1830 855 1859 multi

118 1868 217 1898 suerint
237 1875 365 1905 oratores,
380 1879 465 1898 unum
478 1875 551 1905 sunt,
565 1868 628 1907 quia
650 1879 720 1898 unus
742 1869 854 1908 spiritus

118 1914 176 1937 orat
188 1907 216 1936 in
230 1908 364 1944 omnibus,
376 1908 446 1938 sicut
457 1907 559 1937 dictum
580 1914 620 1937 est
633 1920 640 1937 :
656 1909 791 1938 Omnium
802 1919 854 1938 au-

119 1954 176 1977 tem
199 1948 377 1977 credentium
403 1955 464 1976 erat
488 1957 540 1976 cor·
559 1958 649 1977 unum
663 1968 672 1983 ‚
702 1954 731 1976 et
755 1950 854 1977 anima

117 1997 189 2016 una.
214 1987 314 2017 Melius
330 1987 387 2016 haec
401 1987 472 2017 enim
496 1998 509 2016 s
530 1987 671 2017 iritualiter
695 1987 854 2027 intelligun-

117 2033 162 2056 tur
186 2025 222 2055 ad
239 2027 355 2056 animam
369 2026 451 2056 dicta.
468 1998 632 2056 Guliiculum
655 2027 726 2056 enim
746 2034 786 2057 est
808 2037 854 2056 cor

117 2065 162 2095 vel
182 2065 332 2096 intellectus
354 2066 474 2103 interior,
490 2066 519 2095 id
537 2073 586 2103 est,
601 2066 750 2106 spiritualis
770 2077 776 2094 ι
798 2066 854 2096 sic-
868 2073 888 2096 1)

118 2113 148 2135 ut
160 2105 290 2145 scriptum
304 2113 361 2135 est:
380 2106 451 2144 Quoe
474 2106 571 2136 dicitis
592 2108 624 2134 in
649 2107 784 2135 cordibus
798 2117 851 2134 ve—

117 2147 196 2180 stris,
218 2151 247 2174 et
268 2148 300 2174 in
325 2145 469 2175 cubilibus
491 2147 598 2175 vestris
617 2147 852 2185 compungimini.

118 2183 226 2214 Ostium
241 2191 329 2214 autem
349 2191 388 2214 est
406 2195 498 2215 sensus
517 2185 632 2214 carnalis
653 2185 784 2221 exterior,
805 2195 854 2224 per

118 2233 199 2262 quem
219 2223 308 2252 omnia
328 2224 398 2252 bona
415 2225 460 2253 vel
479 2224 550 2254 mala
572 2235 652 2264 super
672 2225 787 2253 animam
810 2226 853 2253 in-

118 2269 199 2292 trant.
226 2263 302 2292 Sicut
327 2263 354 2291 in
378 2263 499 2293 Canticis
523 2273 558 2292 cx
590 2274 702 2302 persona
730 2263 855 2292 Ecclesiae

102 2301 248 2349 .sapientia
272 2301 337 2331 dicit
354 2313 360 2329 :
375 2305 387 2318 ¹
400 2303 478 2331 Ecce
500 2303 623 2331 dilectus
655 2312 734 2332 meus
756 2303 855 2341 pulsat

120 2348 235 2376 ostium,
250 2342 344 2380 Aperi
358 2342 439 2377 mihi,
453 2351 535 2370 soror
547 2351 622 2376 mea,
632 2343 767 2380 proxima
778 2343 853 2370 mea'.

119 2381 212 2410 Pulsat
224 2387 314 2410 autem
327 2380 450 2410 Christus
463 2379 598 2409 hominem
611 2381 794 2410 Christianum
809 2387 855 2409 aut

120 2430 167 2459 per
181 2420 333 2460 Scripturas
343 2419 461 2457 divinas,
473 2426 519 2448 aut
532 2419 615 2448 bonas
626 2419 797 2459 cogitationes
804 2430 853 2449 su-

151 2517 162 2528 ·
180 2509 210 2534 V.
224 2510 255 2535 D.
268 2509 336 2535 Em
342 2510 429 2544 fi‘ater
438 2519 514 2535 meus.
527 2509 595 2535 Editi
607 2510 632 2534 in
644 2518 723 2544 marg.
734 2510 870 2544 Eccesra-

920 326 1009 367 aperit
1018 326 1125 356 Christo
1140 338 1146 353 ι
1162 326 1209 364 qui
1223 333 1311 355 autem
1325 326 1447 366 expellit,
1457 327 1570 357 claudit.
1581 329 1599 358 J
1602 327 1664 357 ubet

923 376 987 404 ergo
1000 373 1029 395 ut
1041 366 1130 395 anima
1142 366 1296 395 interiorem
1308 366 1472 406 ingrediatur
1485 366 1661 404 intellectum,

912 405 1028 444 'quando
1042 412 1100 434 orat
1108 417 1116 443 3
1133 413 1162 434 ut
1175 406 1244 435 nihil
1257 406 1363 444 cogitet,
1378 406 1429 435 nisi
1443 405 1478 435 de
1491 417 1544 445 quo
1555 414 1623 441 orat,
1636 414 1662 436 et

920 455 1000 483 quem
1011 451 1088 484 orat5
1103 452 1132 474 ut
1142 445 1249 474 claudat
1260 446 1358 474 ostium
1372 456 1464 475 sensus
1477 446 1520 475 sui
1532 447 1658 482 carnalis,

920 490 950 512 ut
960 494 1051 514 omnoe
1062 485 1234 523 cogitationes
1245 485 1364 514 carnales
1376 492 1403 514 et
1415 485 1609 515 sollicitudines
1621 486 1658 516 so-

918 533 962 552 ras
977 524 1114 553 excludat.
1122 525 1152 554 Si
1170 531 1258 553 autem
1274 534 1352 553 orans
1367 524 1401 554 dc
1412 525 1565 554 carnalibus
1576 526 1657 555 rebus

902 575 906 577 “
918 563 1266 602 cogitaveris‚nonintroisti
1279 563 1306 592 in
1318 564 1469 593 interiorem
1480 565 1655 603 intellectum,

916 612 965 631 nec
977 603 1097 632 clausisti
1111 603 1208 636 ostium
1218 613 1327 632 sensus:
1343 611 1369 633 et
1384 603 1443 632 ideo
1453 604 1531 633 tacite
1542 615 1603 634 cum
1614 616 1656 635 co-

915 642 1090 680 gitationibus
1110 642 1255 682 superfluis
1274 643 1362 671 anima
1380 643 1507 681 loquens,
1527 645 1656 674 orationis

915 681 1004 724 perdit
1017 683 1030 699 *
1040 689 1152 722 tempus.
1168 681 1322 712 Secundum
1336 683 1387 711 hoc
1407 689 1432 711 et
1447 682 1517 711 illud
1531 685 1655 723 superius
1666 689 1789 716 ’fructus-

914 721 999 749 intelli
1043 729 1140 761 potest.
1151 723 1183 751 ln
1195 721 1282 750 media
1296 722 1367 751 enim
1379 732 1512 762 synagoga
1527 730 1595 760 orat,
1608 724 1655 762 qui

914 760 940 788 in
949 732 1039 790 medilo
1047 761 1230 790 multitudinis
1240 761 1370 790 malarum
1380 761 1571 800 cogitationum
1584 771 1653 799 orat,

913 799 1034 839 undique
1057 800 1242 830 mundialibus
1261 801 1492 830 sollicitudinibus
1505 803 1654 832 circumda·

913 845 965 869 tus.
977 841 1093 877 Quando
1106 840 1263 870 enimorans
1276 840 1375 879 cogitat
1382 841 1415 870 de
1430 851 1524 878 uxore,
1533 841 1566 871 de
1580 843 1652 878 filiis,

912 878 1104 920 demancipiis,
1118 880 1153 909 de
1170 879 1261 915 domo,
1277 879 1312 909 de
1325 880 1548 920 possessionibus,
1565 882 1599 910 de
1611 893 1654 921 pe-

911 919 1030 955 coribns,
1049 920 1084 949 de
1099 919 1206 955 militia,
1228 919 1262 948 de
1276 919 1362 956 lucro,
1378 920 1412 949 dc
1436 920 1533 959 capsis,
1548 928 1574 950 et
1593 922 1653 951 aliis

910 968 970 996 quae
982 966 1046 988 sunt
1066 958 1289 995 innumerabilia,
1303 970 1362 997 quae
1381 971 1463 999 super
1485 970 1530 988 cor
1549 961 1654 990 incaute

910 998 1030 1027 orantisb
1040 998 1187 1028 ascendunt
1200 1010 1207 1027 :
1222 1009 1310 1028 nonne
1323 999 1372 1027 tibi
1383 999 1558 1029 videtin-haec
1571 1011 1654 1041 syna-

909 1047 976 1076 goga
986 1038 1239 1067 malorumPOmnes
1246 1038 1378 1067 enimistae
1387 1039 1468 1067 variae
1476 1040 1576 1079 species
1584 1041 1653 1079 cogi-

910 1077 1040 1106 tationum
1051 1077 1152 1107 diversi
1162 1084 1225 1107 sunt
1235 1077 1370 1106 immundi
1379 1078 1499 1117 spiritus.
1510 1080 1652 1115 Quomodo

910 1126 974 1156 ergo
996 1127 1048 1146 non
1073 1117 1101 1146 in
1123 1116 1212 1146 media
1239 1127 1374 1157 synagoga
1395 1125 1454 1146 orat
1473 1118 1561 1147 anima
1588 1126 1631 1148 tua
1642 1142 1650 1155 ‚

910 1156 1018 1194 quando
1025 1163 1064 1186 tot
1075 1167 1166 1186 secum
1174 1156 1327 1186 immundos
1337 1157 1447 1196 spiritus
1459 1157 1583 1188 babuerit
1591 1170 1652 1199 spc-

911 1202 1023 1225 ctatores
1042 1203 1068 1225 et
1081 1196 1283 1235 colloquentes?
1297 1198 1443 1226 Possumus
1465 1197 1613 1237 intelligere
1626 1206 1652 1228 et

911 1235 1009 1265 ostium
1014 1235 1112 1265 domus
1119 1246 1148 1266 os
1157 1236 1288 1281 corporis,
1296 1243 1326 1265 ut
1333 1246 1386 1265 non
1397 1236 1513 1266 clamosa
1523 1248 1589 1267 voce
1596 1249 1651 1268 ore-

910 1285 970 1304 mus
984 1277 1083 1313 Deum,
1097 1275 1145 1305 sed
1156 1275 1291 1305 desiderio
1302 1276 1393 1304 tacito.
1410 1277 1477 1305 Nam
1488 1287 1521 1305 ex
1535 1277 1651 1307 clamosa

910 1315 1030 1344 oratione
1041 1315 1126 1344 multa
1137 1315 1207 1344 mala
1222 1321 1378 1351 nascuntur,
1391 1315 1508 1344 maxime
1519 1316 1574 1346 haec
1586 1318 1648 1347 tria.

908 1354 1041 1392 Primum,
1053 1354 1101 1393 qui
1114 1354 1229 1384 clamose
1239 1361 1309 1391 orat,
1324 1364 1377 1383 non
1391 1354 1475 1384 credit
1489 1357 1577 1385 Deum
1594 1358 1650 1386 ubi-

908 1403 961 1431 que
983 1405 1040 1423 esse
1049 1416 1058 1429 ,
1083 1401 1109 1423 et
1134 1395 1262 1424 absconsa
1287 1393 1393 1423 audire.
1416 1394 1480 1423 Ideo
1504 1395 1650 1435 dupliciter

907 1434 995 1463 Deum
1009 1434 1137 1471 honorat,
1149 1434 1197 1473 qui
1211 1434 1338 1463 absconse
1349 1440 1407 1463 orat
1421 1444 1428 1461 τ
1444 1434 1571 1473 primum,
1586 1437 1649 1474 quia

907 1479 966 1502 orat
981 1485 988 1501 :
1005 1473 1133 1510 secundo,
1146 1473 1210 1512 quia
1223 1472 1309 1502 credit
1326 1483 1387 1502 eum
1401 1474 1528 1502 absconsa
1541 1475 1646 1513 audire,

907 1512 976 1541 sicut
988 1519 1014 1541 et
1027 1512 1113 1541 audit.
1127 1513 1196 1542 Nam
1218 1514 1291 1541 Deus
1304 1522 1357 1541 non
1376 1523 1441 1542 voce
1455 1513 1570 1542 clamosa
1582 1515 1648 1553 pul-

907 1551 1006 1580 sandus
1019 1558 1068 1586 est,
1082 1551 1129 1580 sed
1142 1551 1301 1580 conscientia
1315 1557 1384 1580 recta
1398 1551 1549 1590 placandus
1560 1564 1568 1580 .-
1583 1554 1647 1592 quia

906 1600 959 1619 non
976 1597 1015 1619 est
1032 1591 1108 1620 vocis
1121 1590 1239 1626 auditor,
1252 1589 1299 1619 sed
1312 1590 1411 1619 cordis.
1424 1591 1579 1621 Secundum
1599 1604 1646 1622 au-

906 1635 959 1658 tem
969 1630 1081 1666 malum,
1092 1629 1166 1668 quod
1176 1629 1302 1669 mysteria
1313 1635 1474 1659 secretarum
1487 1631 1646 1670 petitionum

905 1675 1024 1705 tuarum,
1037 1679 1104 1708 quas
1129 1670 1196 1698 sorte
1216 1678 1270 1697 non
1287 1669 1425 1736 oportebat
1443 1669 1557 1699 alterum
1578 1672 1647 1702 scire

905 1715 1000 1747 praeter
1010 1715 1036 1737 te
1049 1715 1075 1737 et
1090 1710 1187 1744 Deum,
1203 1708 1230 1736 in
1239 1708 1300 1737 auri
1321 1718 1352 1736 us
1363 1708 1494 1738 bonorum
1506 1709 1646 1740 hominum

905 1755 930 1777 et
941 1747 1074 1777 malorum
1085 1747 1218 1779 audienda
1226 1747 1380 1782 committis,
1390 1755 1415 1777 et
1430 1759 1481 1777 non
1495 1749 1582 1779 solum
1592 1761 1645 1780 uon

903 1787 1006 1817 audiris
1013 1798 1028 1816 a
1036 1788 1104 1822 Deo,
1113 1787 1177 1826 quia
1191 1786 1389 1825 indisciplinate
1400 1788 1490 1823 orasti,
1499 1789 1546 1818 sed
1555 1790 1645 1820 adhuc

904 1827 939 1856 ab
956 1826 1112 1856 hominibus
1122 1826 1264 1859 derideris.
1275 1826 1375 1864 quibus
1385 1827 1511 1857 absconsa
1529 1835 1574 1858 tua
1587 1840 1643 1859 ma-

903 1866 1030 1896 nifestati.
1053 1866 1175 1896 Tertium
1199 1876 1263 1896 vero
1289 1865 1389 1895 malum
1403 1889 1410 1903 ,
1439 1867 1502 1906 quia
1529 1868 1644 1899 clamose

904 1916 994 1942 orans,
1005 1906 1086 1951 juxta
1093 1912 1119 1935 te
1131 1905 1245 1935 alterum
1258 1915 1311 1934 non
1322 1907 1454 1945 permittis
1463 1918 1547 1937 orare.
1563 1909 1645 1938 Voci-

903 1946 955 1975 bus
969 1956 1040 1974 enim
1053 1945 1106 1974 tuis
1119 1945 1191 1985 rapis
1205 1955 1311 1974 sensum
1327 1945 1403 1975 illius
1414 1946 1449 1975 ad
1468 1955 1528 1977 tuos
1541 1958 1644 1977 sermo-

903 1995 961 2020 nes,
974 1991 1000 2014 et
1013 1984 1073 2013 ideo
1096 1995 1148 2014 non
1162 1984 1250 2014 solum
1263 1995 1316 2014 non
1334 1985 1483 2023 exaudiris,
1498 1987 1561 2025 quia
1575 1987 1644 2017 male

903 2035 963 2054 oras
979 2035 985 2052 ε
1012 2023 1059 2053 sed
1083 2024 1172 2054 adhuc
1190 2030 1326 2064 peccatum
1348 2025 1465 2065 colligis,
1480 2026 1545 2056 dum
1568 2038 1644 2056 orare

903 2064 970 2094 alios
989 2074 1042 2092 non
1059 2063 1200 2103 permittis.
1214 2064 1259 2094 Sic
1271 2074 1334 2103 ergo
1348 2075 1405 2101 ora,
1418 2065 1487 2095 sicut
1505 2066 1603 2096 audisti
1615 2067 1643 2096 in

903 2103 973 2132 libro
991 2105 1146 2142 Regnorum
1168 2104 1272 2132 Annam
1295 2111 1425 2139 orantem,
1446 2116 1503 2143 quae
1528 2106 1643 2146 figuram

904 2143 1028 2182 portabat
1046 2142 1190 2179 Ecclesiae,
1211 2142 1246 2172 de
1268 2153 1320 2180 qua
1342 2143 1445 2173 dictum
1467 2153 1526 2175 est:
1549 2147 1642 2174 Labia
1656 2154 1776 2182 1.Reg.1.

905 2183 1021 2222 quidem
1034 2183 1096 2221 ejus
1110 2183 1312 2218 movebantur,
1321 2193 1382 2213 vox
1396 2191 1491 2213 autem
1504 2187 1565 2224 ejus
1582 2196 1641 2213 non
1655 2186 1690 2210 13-

905 2222 1089 2251 audiebatur.
1107 2222 1147 2250 Et
1153 2228 1237 2261 pater
1248 2228 1313 2251 tuus
1326 2225 1377 2261 qui
1385 2224 1508 2252 videtin
1520 2226 1642 2253 abscou-

905 2271 949 2297 so,
965 2261 1064 2292 reddet
1079 2261 1249 2306 tibipalam.
1260 2263 1299 2291 Ut
1310 2269 1373 2291 tunc
1386 2271 1543 2301 cognoscant
1557 2264 1644 2292 homi-

905 2311 952 2330 nes
965 2299 1049 2339 cquid
1062 2307 1153 2334 orasti,
1166 2311 1227 2330 cum
1245 2300 1363 2330 viderint
1376 2308 1400 2330 te
1419 2302 1550 2341 accepisse
1570 2302 1643 2340 quod

906 2339 996 2370 orasti.
1009 2341 1036 2368 ’1.
1053 2340 1176 2369 Orantes
1191 2346 1289 2369 autem
1303 2340 1395 2370 nolite
1413 2342 1536 2369 multum
1551 2343 1580 2370 lo
1602 2343 1642 2375 ui,

907 2381 980 2409 sicut
991 2380 1099 2408 ethnici
1100 2380 1234 2420 jaciunt.
1247 2381 1322 2416 Quos
1334 2387 1411 2408 orant
1424 2380 1535 2417 gentiles
1549 2352 1643 2410 videa-

907 2429 979 2455 mus,
990 2425 1019 2448 ut
1029 2418 1146 2448 sciamus
1159 2429 1240 2457 quare
1254 2418 1292 2447 sic
1305 2425 1391 2447 orant.
1402 2420 1487 2447 Orant
1498 2418 1643 2455 daemones,

896 2516 921 2536 et
934 2509 1002 2538 Editi
1013 2511 1039 2534 in
1050 2518 1129 2542 marg.

122 2555 202 2578 trum,
213 2557 267 2581 quae
279 2548 389 2574 fortassis
405 2555 442 2574 est
455 2557 511 2573 vcra
524 2549 607 2579 lectio,
620 2548 753 2574 efformata
765 2557 795 2573 ex
811 2557 874 2575 voce
930 2557 940 2568 ο
960 2548 1032 2583 Quid
1042 2550 1130 2578 orasti,
1146 2548 1181 2572 sic
1193 2547 1268 2572 iidem
1281 2548 1306 2572 in
1324 2555 1414 2579 σιω-5.,
1428 2557 1482 2580 quae
1495 2548 1568 2574 lectio
1581 2551 1651 2575 serici

122 2590 244 2619 ἀδῄριῧὸς.
899 2586 1115 2612 accommodatior
1125 2584 1224 2611 videtur
1237 2584 1288 2617 illa,
1300 2594 1374 2618 quam
1389 2585 1456 2610 Editi
1469 2588 1493 2611 in
1508 2593 1576 2612 textu
1588 2597 1651 2621 pm:-

156 2628 168 2646 1,
189 2626 338 2651 Ascendunt
351 2637 357 2651 :
368 2633 443 2660 'iulus
459 2628 556 2651 modica
569 2626 614 2650 ribi
628 2627 732 2651 videtur·
746 2628 786 2652 Sic
800 2628 829 2653 V.
842 2628 872 2653 D.
900 2627 997 2656 serunt,
1011 2633 1083 2658 quem
1095 2625 1179 2648 erasti.
