1890 2826
653 186 810 222 srnopsffi
836 195 1023 219 semp-ruam.
1049 196 1173 220 sauma.

131 264 226 298 αὐτῶν,
250 265 285 297 εἰς
307 264 386 298 αὐτὰς
408 266 490 294 ἐλθεῖν
505 264 552 299 τὴν
567 262 754 302 κληρονομίαν,
781 260 826 289 καὶ
849 259 898 294 τὴν

1625 189 1692 235 393

953 257 1074 296 quaedam
1089 259 1151 288 filiae
1165 261 1281 300 Salpaad
1294 272 1328 290 ex
1340 261 1415 290 tribu
1427 264 1548 292 Manasse
1560 270 1692 302 rogantes,

131 309 302 349 κατάσχεσιν.
318 309 485 350 Προσέταξεν
496 309 592 342 ὁΙΘεὸς
613 308 703 337 λαὸεῖν
726 306 817 339 αὐτοῖς.
841 304 898 334 Κᾶν
915 304 936 328 G
953 314 1014 332 cum
1035 311 1110 343 pater
1130 316 1224 335 eorum
1245 306 1309 336 filiis
1330 307 1456 337 masculis
1477 308 1559 337 orbus
1574 315 1694 337 mortuus

130 366 169 388 τις
183 355 301 394 ἀποθάνῃ
317 355 354 394 μὴ
367 356 435 396 ἔχων
448 355 512 391 υἱὸν,
526 358 542 390 ἡ
555 354 672 394 θυγάτηρ
687 352 897 391 κληρονομείτω·

130 401 257 440 θυγατρὸς
281 401 309 430 δὲ
320 402 367 431 σῦκ
381 401 474 437 οὔσης,
489 402 600 440 ἀδελφοῦ
616 399 643 429 δὲ
657 400 704 428 οὔκ
717 399 788 431 ὄντος
801 421 808 431 ,
820 398 896 426 ἀδελ-

130 446 178 486 φὸς
200 449 246 476 τοῦ
268 447 377 487 πατρός.
394 447 531 477 Δείκνυσιν
545 450 559 476 ὁ
573 446 643 479 Θεὸς
658 445 760 483 Μωῦσῇ
781 443 834 473 ἀπὸ
853 445 898 471 τοῦ

130 492 205 532 ὄρους
222 494 269 522 τοῦ
293 495 305 509 ²
313 491 395 523 Ναυὼ
405 493 454 529 τὴν
465 495 514 532 γῆν
528 494 576 527 τῆς
587 491 744 531 ἐπαγγελίας
754 513 762 526 ,
781 489 825 519 καὶ
838 499 898 528 χει-

132 542 273 577 ροτονεῖται
290 538 393 574 Ἰησοῦς
406 542 420 568 δ
435 540 481 568 τοῦ
500 539 577 574 Ναυῆ
596 540 632 571 εἷς
654 537 701 573 τὴν
722 537 801 565 αὐτοῦ
816 534 898 569 τάξιν.

131 583 202 613 Τότε
215 584 363 614 ἐντέλλεται
376 589 430 618 τοῖς
441 587 506 619 υἱοῖς
514 585 626 625 Ἰσραὴλ
637 583 698 624 περὶ
710 581 898 620 ὁλοκαυτωμά-

130 641 193 665 των,
216 632 312 659 θυσιῶν
326 632 378 659 τῶν
398 632 457 660 καθ’
477 631 589 671 ἡμέραν,
613 632 665 659 τῶν
688 631 714 658 ἐν
740 627 898 662 σαὸὅάτοις,

129 677 184 705 τῶν
203 676 231 705 ἐν
245 676 411 715 νεομηνίαις,
435 679 487 706 τῶν
510 679 537 706 ἐν
557 678 594 717 τῷ
614 676 722 716 πάσχα,
743 677 796 704 τῶν
816 675 843 704 ἐν
864 675 898 713 τῇ

129 721 219 761 ἡμέρᾳ
231 724 284 751 τῶν
297 722 459 761 ἑὸδομάδων,
474 725 526 753 τῶν
541 724 567 752 ἐν
582 724 620 762 τῷ
635 721 738 761 ἐὸδόμῳ
749 720 822 759 μηνί.
835 721 900 749 Δια-

132 767 222 797 τάσσει
231 767 276 797 καὶ
285 767 346 808 περὶ
359 770 454 808 εὗχῶν,
465 769 609 804 τουτέστιν,
623 763 659 797 ὧν
674 767 705 796 ἄν
725 779 764 800 τις
778 765 897 803 τάξηται.

951 357 1030 386 esset,
1053 357 1082 380 ut
1094 351 1129 380 ad
1146 363 1173 381 se
1192 352 1326 382 hereditas
1344 353 1447 382 veniret
1460 360 1538 391 atque
1552 354 1692 393 possessio.

951 396 1080 436 Praecepit
1096 399 1169 427 Deus
1183 405 1213 427 ut
1226 398 1287 428 illas
1299 398 1457 439 acciperent.
1473 398 1509 428 Et
1529 399 1551 427 si
1566 398 1627 437 quis
1639 399 1694 428 sine

952 441 1009 470 filio
1027 442 1124 480 obiret,
1144 444 1286 474 mandavit
1299 451 1329 474 ut
1349 445 1406 475 filia
1421 452 1488 474 esset
1499 445 1594 481 heres;
1610 445 1632 473 si
1648 455 1695 474 nec

951 487 1037 516 filiam
1061 489 1186 525 haberet,
1207 491 1301 527 fratem
1323 491 1345 520 si
1365 492 1474 520 fratrem
1494 501 1546 520 non
1569 491 1677 521 haberet
1689 515 1694 523 .

952 534 1035 574 patris
1048 534 1139 564 frater.
1152 536 1275 566 Ostendit
1288 538 1362 566 Deus
1373 537 1465 576 Moysi
1475 547 1509 566 ex
1518 544 1607 566 monte
1620 539 1697 567 Navo

955 586 1056 609 terram
1080 581 1274 620 promissionis,
1297 589 1321 611 et
1344 582 1370 612 in
1385 583 1443 622 ejus
1461 582 1550 612 locum
1564 582 1621 612 dux
1635 593 1697 612 conv

951 627 1073 656 stituitur
1086 629 1164 658 Jesus
1178 628 1251 657 filius
1265 630 1350 658 Nave.
1366 629 1444 658 Tunc
1458 629 1614 668 praecipitur
1635 629 1698 658 filiis

950 674 1034 703 Israe'l
1047 673 1082 702 de
1094 673 1268 711 holocaustis,
1281 674 1316 703 de
1326 674 1464 704 sacrificiis
1473 675 1652 713 quotidianis,
1665 676 1700 704 de

951 718 1008 748 illis
1028 730 1088 758 quae
1111 719 1139 748 in
1154 720 1265 749 sabbato
1275 743 1282 756 ,
1298 719 1333 749 de
1346 721 1400 749 illis
1414 731 1474 759 quae
1489 720 1517 749 in
1534 722 1678 750 neomeniis
1690 745 1696 754 ,

950 763 986 793 de
999 764 1032 794 iis
1041 775 1100 804 quae
1114 765 1141 794 in
1154 766 1265 805 pascha,
1281 765 1315 795 de
1330 766 1362 795 iis
1376 776 1435 805 quae
1450 766 1477 794 in
1489 766 1533 795 die
1547 767 1694 796 hebdoma-

131 813 201 843 Τότε
214 813 392 848 ἐξοπλίζονται
409 814 510 844 δώδεκα
525 815 643 855 χιλιάδες
656 815 686 843 ἐκ
696 816 749 842 τῶν
764 813 897 852 Ἰσραηλι-
913 813 934 836 D
951 809 1058 846 darum,
1072 810 1106 840 de
1119 811 1152 840 iis
1163 821 1223 850 quae
1237 812 1351 851 septimo
1365 822 1464 842 mense.
1482 812 1606 852 Praecipit
1619 813 1698 842 etiam

131 860 184 887 τῶν
197 859 266 888 κατὰ
281 860 461 895 Μαδιανιτῶν,
479 861 524 898 καὶ
545 859 640 893 Φινεὲς
661 861 718 898 μετ’
735 860 830 894 αὐτῶν,
851 857 898 887 καὶ

131 906 280 944 ἀναιροῦσιν
294 906 388 939 αὐτοὺς
397 929 406 943 ,
421 907 466 936 καὶ
482 906 560 935 πέντε
581 907 696 946 βασιλεῖς
710 905 839 943 Μαδιὰμ,
853 904 898 933 καὶ

130 948 175 977 τὸν
187 949 304 988 Βαλαὰμ
316 950 360 980 τὸν
373 950 477 990 μάντιν.
494 951 546 980 Καὶ
560 951 709 990 ἅπήρξαντο
719 951 757 989 τῷ
769 950 832 989 Θεῷ
844 950 897 977 τῶν

130 994 243 1030 σκύλων,
252 995 298 1024 καὶ
306 995 341 1025 τὰ
348 995 428 1025 λοιπὰ
440 996 572 1035 διένειμαν
584 998 694 1028 ἑαυτοῖς.
705 993 898 1034 Προσελθόντες

129 1041 147 1075 ἡ
158 1040 227 1080 φυλὴ
244 1041 359 1080 Ῥουὸὶμ
375 1042 420 1071 καὶ
439 1042 509 1078 Γὰδ,
530 1043 575 1071 καὶ
594 1043 625 1071 τὸ
639 1042 722 1080 ἥμισυ
747 1042 795 1075 τῆς
815 1041 898 1079 φυλῆς

131 1086 264 1121 Μανασσῆ
273 1109 281 1122 ,
307 1087 386 1125 ᾔτουν
410 1088 484 1127 παρὰ
512 1087 647 1120 Μωΰσέως
672 1086 721 1122 τὴν
744 1085 827 1125 πέραν
851 1087 897 1114 τοῦ

132 1131 262 1170 Ἰορδάνου
277 1132 379 1172 χώραν.
393 1132 428 1162 ‘O
448 1133 475 1162 δὲ
489 1133 584 1168 ἔδωκε,
607 1132 732 1172 πρότερον
758 1132 899 1170 συνομολο-

130 1177 268 1215 γησάντοιν
291 1179 396 1207 ἐκείνων
411 1179 596 1219 συμμαχήσειν
609 1183 663 1212 τοῖς
677 1181 777 1211 λοιποῖς
791 1178 899 1217 Ἰσραη-

131 1222 232 1259 λίταις,
253 1224 298 1253 καὶ
314 1224 486 1260 διαδήσεσθαι
498 1225 541 1254 τὸν
560 1224 694 1264 Ἰορδάνην
719 1225 775 1263 μεθ’
800 1223 898 1259 ὅπλων,

130 1268 199 1298 ὥστε
212 1270 365 1308 πολεμῆσαι
378 1270 444 1310 ὖπὲρ
458 1272 510 1300 τῶν
526 1271 644 1310 ἀδελφῶν
658 1272 752 1299 αὐτῶν.
767 1269 899 1298 Ἐνταῦθα

131 1315 261 1354 διηγεῖται
274 1318 391 1352 Μωῦσῆς
404 1316 457 1346 ἀπὸ
475 1316 610 1355 Αἰγύπτου
628 1316 676 1348 ἕως
698 1311 776 1351 ἦλθον
791 1315 898 1354 ἀντικρὺ

131 1360 244 1401 Ὶεριχώ.
258 1361 426 1391 Ἐντέλλεται
438 1364 525 1395 αὐτοῖς
538 1362 607 1391 ὥστε
620 1361 801 1401 ἐξολοθρεῢσαι
811 1360 899 1389 πάντα

130 1407 164 1436 τὰ
175 1407 270 1436 εἴδωλα
277 1409 329 1437 τῶν
342 1409 430 1437 ἐθνῶν.
441 1408 521 1447 Λέγει
531 1409 618 1440 αὐτοῖς
631 1407 746 1446 καὶπερὶ
758 1409 811 1436 τῶν
822 1406 899 1446 ὁρίων

130 1455 178 1488 ἰ-’ῆς
188 1455 253 1493 γῆς,
266 1453 346 1483 πόθεν
367 1454 508 1494 ἄρχονται,
528 1455 573 1483 καὶ
586 1457 637 1483 ποῦ
651 1455 822 1493 πληροῦνται.
842 1454 898 1482 Πα-

131 1498 269 1537 ραγγέλλει
286 1499 313 1528 δὲ
328 1500 373 1529 καὶ
386 1500 447 1539 περὶ
461 1502 508 1536 τῆς
521 1502 585 1539 γῆς,
599 1495 630 1535 ἧς
649 1499 701 1528 ἔδει
714 1499 774 1532 τοὺς
788 1499 901 1531 Λευίτας

130 1543 231 1579 λαὸεῖν,
249 1545 294 1573 καὶ
306 1545 368 1584 περὶ
382 1547 434 1574 τῶν
449 1545 475 1580 ἓξ
488 1545 590 1575 πόλεων
609 1547 662 1574 τῶν
677 1545 901 1585 φυγαδευτηρίων,

130 1588 200 1618 ὥστε
217 1589 262 1619 τὸν
282 1590 409 1623 ἀκουσίως
431 1593 557 1621 ἀνελόντα
577 1593 630 1621 ἐκεῖ
647 1591 830 1631 καταφεύγειν,
855 1591 901 1620 καὶ

132 1634 347 1665 ἀπαλλάσσεσθαι
361 1637 493 1673 κινδύνου,
510 1638 613 1676 μένοντι
626 1639 695 1673 ἐκεῖ,
714 1638 762 1670 ἕως
782 1637 813 1666 ἂν
834 1639 900 1666 ‹im-

131 1679 195 1719 θάνῃ
208 1682 222 1709 ὁ
233 1680 317 1720 ἱερεὺς
330 1683 344 1710 ὁ
354 1682 445 1721 μέγας.
455 1682 520 1712 Ἐὰν
534 1683 566 1718 δὴ
581 1684 638 1722 ἁλῷ
648 1682 697 1716 ἔξω
708 1684 760 1711 τῶν
771 1682 838 1723 ὅρων
852 1684 899 1718 τῆς

950 857 985 886 de
1003 857 1089 894 votis;
1110 857 1140 887 id
1156 864 1208 894 est,
1228 857 1262 886 de
1281 858 1315 887 iis
1335 868 1393 896 quae
1416 858 1550 898 quispiam
1564 859 1701 892 offerenda>

950 902 1127 932 constituerit.
1149 904 1227 932 Tunc
1240 910 1380 933 armantur
1393 903 1535 934 duodecim
1549 905 1624 934 mille
1644 905 1697 934 viri

949 959 984 978 ex
1004 949 1139 978 Israelitis
1153 956 1246 978 contra
1265 949 1439 987 Madianitas,
1459 957 1485 979 et
1508 950 1620 980 Phinees
1635 962 1696 980 cum

949 995 1014 1030 illis,
1026 995 1242 1034 interficiuntque
1256 1005 1301 1024 eos
1315 1002 1340 1024 et
1354 996 1473 1034 quinque
1485 1006 1559 1035 reges
1566 997 1696 1033 Maiiam,

950 1047 976 1070 et
990 1041 1099 1070 Balaam
1112 1047 1212 1070 vatem.
1230 1041 1265 1070 Et
1279 1041 1414 1080 primitias
1425 1042 1579 1071 obtulerunt
1591 1044 1647 1072 Deo
1662 1043 1695 1071 de

950 1086 1055 1126 spoliis,
1075 1093 1222 1126 caeteraque
1235 1087 1305 1117 inter
1322 1098 1350 1117 se
1360 1087 1519 1117 diviserunt.
1535 1087 1697 1117 Accedentes

950 1132 1038 1161 tribus
1048 1133 1146 1162 Ruben
1159 1143 1188 1161 er
1201 1132 1274 1169 Gad‚
1295 1139 1321 1162 et
1334 1133 1448 1162 dimidia
1460 1134 1547 1162 tribus
1562 1135 1695 1166 Manasse,

950 1178 1075 1218 petebant
1087 1189 1103 1208 a
1116 1180 1211 1218 Moyse
1224 1179 1371 1218 regionem,
1387 1190 1447 1218 quae
1461 1187 1500 1209 est
1513 1186 1586 1209 trans
1601 1180 1698 1210 Jorda-

951 1234 1022 1253 nom.
1038 1224 1088 1253 Ille
1106 1235 1170 1254 vero
1185 1223 1271 1260 dedit,
1286 1235 1350 1254 cum
1362 1225 1440 1264 prius
1460 1225 1500 1254 illi
1514 1226 1699 1265 promisissent

951 1280 978 1300 se
993 1281 1055 1299 cum
1067 1270 1178 1308 reliquis
1191 1270 1320 1300 Israelitis
1333 1278 1498 1310 pugnaturos
1509 1281 1566 1300 esse
1575 1295 1582 1307 ‚
1599 1273 1699 1302 Jorda-

950 1325 1064 1354 nemque
1081 1326 1144 1345 cum
1161 1316 1243 1346 armis
1261 1317 1419 1346 transituros
1433 1339 1440 1354 ,
1453 1324 1484 1346 ut
1497 1317 1627 1347 bellarent
1647 1331 1697 1359 pro

950 1362 1078 1391 fratribus
1091 1362 1158 1392 suis.
1181 1362 1232 1392 Hic
1245 1363 1424 1392 narrationem
1442 1363 1510 1392 texit
1524 1365 1631 1403 Moyses
1646 1366 1695 1394 iti-

950 1408 1023 1437 neris
1035 1408 1069 1437 ab
1081 1408 1199 1448 AEgypto
1216 1430 1224 1444 ,
1236 1408 1322 1437 donec
1336 1416 1467 1439 venerunt
1480 1420 1494 1438 e
1509 1410 1616 1449 regione
1627 1411 1697 1440 Jeri-

950 1453 1011 1482 cho.
1028 1453 1163 1484 Jubentur
1173 1454 1216 1483 illi
1238 1454 1415 1483 exterminare
1432 1455 1521 1484 omnia
1541 1455 1613 1484 idola
1633 1467 1696 1495 gen-

950 1500 1030 1530 tium.
1050 1501 1183 1540 Loquitur
1196 1501 1275 1531 etiam
1290 1502 1346 1530 illis
1364 1501 1399 1531 de
1411 1503 1532 1532 terminis
1546 1510 1635 1540 terrae,
1650 1505 1695 1533 ubi

951 1547 1081 1587 incipiant
1101 1555 1127 1577 et
1149 1549 1197 1577 ubi
1219 1548 1351 1577 desinant.
1375 1549 1500 1589 Praecipit
1521 1551 1601 1579 etiam
1625 1551 1695 1580 circa

952 1599 1061 1630 tei-ram,
1083 1604 1165 1632 quam
1187 1594 1295 1623 Levitas
1313 1595 1433 1634 accipere
1454 1596 1607 1634 oportebat,
1623 1597 1696 1626 etde

950 1649 998 1668 sex
1011 1639 1127 1669 urbibus
1141 1639 1248 1678 refugii,
1270 1640 1306 1669 ita
1325 1647 1354 1669 ut
1368 1640 1390 1668 is
1405 1641 1452 1679 qui
1466 1648 1561 1680 praeter
1573 1642 1696 1671 volunta-

949 1692 1003 1715 tem
1023 1685 1174 1722 occidisset,
1196 1685 1264 1714 illuc
1283 1686 1446 1725 confugeret,
1466 1694 1492 1715 et
1505 1687 1562 1716 sine
1576 1688 1696 1727 periculo

131 1725 246 1762 πόλεως,
262 1727 307 1756 καὶ
321 1727 433 1767 φονεύσῃ
448 1729 525 1758 αὐτὸν
539 1731 554 1758 ὁ
567 1729 693 1768 συγγενὴς
708 1731 754 1757 τοῦ
768 1740 895 1768 πεφονευ-
905 1751 941 1769 ³³⁶
950 1738 1017 1761 esset
1037 1731 1076 1760 ibi
1089 1740 1209 1767 manens,
1228 1730 1313 1760 donec
1333 1738 1482 1761 moreretur
1502 1733 1623 1762 sacerdos
1637 1745 1695 1763 ma-

132 1772 210 1811 μένου
221 1795 229 1808 ,
241 1774 271 1802 οὗ
283 1773 361 1803 δώσει
375 1773 461 1810 δίκην.
479 1775 533 1804 Καὶ
553 1774 702 1814 διαλέγεται
717 1774 819 1814 βραχέα
838 1775 899 1814 περὶ
914 1779 933 1801 Α
950 1787 1028 1817 gnus.
1053 1777 1082 1807 Si
1097 1783 1186 1806 autem
1208 1777 1426 1806 exli-aterminos
1447 1777 1522 1807 urhis
1540 1786 1694 1817 caperetur,

132 1821 184 1848 τῶν
197 1818 284 1858 νόμων
297 1821 350 1848 τῶν
363 1820 424 1859 περὶ
439 1819 524 1860 φόνων
538 1820 674 1859 κειμένων.
699 1819 899 1859 Προσέρχονται

131 1866 156 1894 ot
170 1865 295 1905 ἄρχοντες
308 1867 355 1901 τῆς
364 1868 447 1906 φυλῆς
460 1868 591 1902 Μανασσῆ
605 1866 724 1905 λέγοντες
735 1867 775 1905 τῷ
785 1868 898 1905 Μωϋσῇ·

132 1910 223 1947 ἐπειδὴ
238 1911 307 1945 ἔδοξε
323 1912 371 1945 τὰς
384 1912 527 1952 θυγατέρας
545 1912 674 1942 Σαλπαὰδ
688 1912 779 1941 λαὸεἷν
793 1913 899 1951 κλῆρον,

132 1959 154 1986 εἰ
169 1957 286 1996 συμὸαίη
302 1958 382 1991 αὐτὰς
396 1961 548 1997 γαμηῆναι
569 1958 642 1998 ἀνδρὶ
656 1958 683 1992 ἐξ
696 1957 787 1998 ἑτέρας
800 1959 899 1998 φυλῆς,

131 2003 157 2032 τί
168 2003 210 2032 ἵνα
218 2004 340 2043 γίνηται;
362 2004 536 2034 ἀπελεύσεται
549 2004 600 2045 γὰρ
613 2007 626 2034 ὁ
638 2006 733 2044 κλῆρος
748 2007 795 2040 τῆς
803 2004 901 2043 ἡμετέ·

132 2061 178 2089 ρας
195 2051 279 2090 φυλῆς
298 2052 334 2083 εἷς
347 2050 448 2085 ἐκείνην
469 2050 517 2085 τὴν
543 2051 635 2091 φυλήν.
661 2050 730 2080 Τότε
753 2050 897 2091 προσέταξε

132 2097 265 2132 Μωῦσῆς,
292 2098 323 2126 ἐκ
346 2099 393 2132 τῆς
418 2097 484 2130 ἰδίας
510 2099 593 2137 φυλῆς
615 2101 727 2136 γυναῖκα
753 2097 897 2135 λαμὸάνειν

132 2142 228 2182 ἄνδρα,
254 2143 297 2172 ἵνα
324 2143 362 2182 μὴ
385 2143 582 2183 μεταφέρωνται
605 2146 631 2172 αἱ
651 2143 823 2184 κληρονομίαι
846 2144 900 2174 ἀπὸ

132 2189 215 2227 φυλῆς
228 2190 265 2221 εἷς
276 2189 368 2228 φυλήν.

949 1830 976 1852 et
997 1822 1129 1852 occideret
1151 1832 1213 1851 eum
1233 1829 1361 1862 cognatus
1379 1823 1476 1859 occisi,
1493 1823 1538 1853 hic
1552 1834 1604 1853 non
1619 1824 1696 1854 daret

949 1879 1051 1909 poenas.
1073 1869 1110 1899 Et
1127 1878 1214 1908 pauca
1235 1868 1358 1906 loquitur
1382 1868 1417 1898 de
1433 1869 1538 1908 legibus
1558 1870 1629 1900 circa
1646 1882 1696 1900 cae-

949 1914 1007 1944 des.
1025 1913 1161 1944 Accedunt
1172 1913 1306 1954 principes
1318 1914 1407 1944 tribus
1429 1917 1551 1945 Manasse
1578 1916 1695 1947 dicentes

950 1960 1056 2001 Moysi:
1068 1959 1203 1997 Quoniam
1215 1959 1305 1989 visum
1323 1967 1362 1989 est
1376 1967 1405 1989 ut
1421 1961 1484 1990 filiae
1495 1962 1610 2002 Salpaad
1626 1964 1696 1993 acci—

951 2013 1043 2047 perent
1061 2005 1246 2042 hereditatem,
1261 2005 1285 2034 si
1302 2006 1443 2046 contigerit
1461 2018 1504 2036 eas
1518 2008 1617 2038 nubere
1636 2010 1695 2039 viro

950 2064 984 2082 ex
1003 2053 1086 2082 altera
1106 2052 1191 2089 tribu,
1206 2051 1273 2091 quid
1293 2052 1362 2082 fiet?
1374 2063 1431 2082 sors
1452 2054 1523 2082 enim
1537 2054 1626 2084 tribus
1647 2066 1696 2084 no-

949 2106 1009 2129 strae
1022 2098 1111 2128 exibit
1125 2098 1152 2127 in
1165 2098 1240 2127 illam
1254 2097 1367 2127 tribum.
1385 2099 1462 2128 Tunc
1478 2100 1603 2140 praecepit
1617 2102 1697 2141 Moy-

950 2156 1002 2182 ses,
1023 2151 1054 2174 ut
1073 2144 1116 2175 vir
1135 2144 1249 2183 quisque
1270 2154 1303 2173 ex
1326 2155 1374 2173 sua
1396 2144 1469 2174 tribu
1494 2156 1604 2175 uxorem
1628 2148 1696 2176 acci-

950 2197 1043 2231 peret,
1066 2200 1100 2219 ne
1121 2189 1327 2219 transferrentur
1349 2189 1508 2220 hereditates
1535 2203 1549 2220 a
1573 2192 1645 2220 tribu
1668 2193 1694 2220 in

951 2236 1064 2266 tribum.

164 2354 174 2365 τ·
194 2346 224 2371 lu
236 2345 305 2373 Edit.
315 2346 390 2371 Rom.
401 2345 490 2379 legitur
503 2349 587 2373 Ναὸαύ.
601 2346 651 2372 Sed
663 2348 688 2372 in
701 2347 800 2381 vulgata
811 2347 888 2372 Aba·
903 2365 906 2368 -
937 2349 1003 2381 opsia
1025 2349 1222 2375 Deuteronomii.
1234 2349 1282 2373 Hic
1292 2348 1394 2374 Cois-lin.
1409 2355 1472 2374 Nauos
1487 2349 1560 2373 hahet
1569 2368 1575 2378 ‚
1587 2348 1688 2381 Lugdu—

133 2385 188 2416 rim,
195 2383 333 2412 secundum
345 2384 495 2410 Hebraicam
505 2385 645 2411 veritatem.
656 2385 718 2411 Vide
730 2387 755 2411 in
763 2386 811 2411 fine
822 2386 888 2421 Syn-

939 2388 1022 2414 nensis
1031 2396 1090 2414 vero
1100 2387 1186 2413 Codex
1199 2391 1286 2414 Ναεάτ.
