1904 2840
651 218 686 241 m
712 218 915 242 MATTRAEUM.

944 220 1063 244 nomn.
1090 222 1213 246 xxxtx.
1628 226 1693 262 901

161 278 245 308 fanus
253 283 343 307 antem
353 277 491 314 lactentes,
504 287 552 307 uec
565 277 717 317 intelligere
723 279 840 319 aliquid,
852 290 902 310 nec
917 283 938 307 Α
955 281 1018 311 liter
1028 284 1196 322 repausabat.
1207 285 1275 314 Nam
1288 291 1441 315 sanctorum
1450 285 1570 316 virorum
1579 293 1630 324 est,
1644 297 1697 317 non

161 316 272 346 laudare
280 324 401 357 possunt.
411 319 549 347 Lactentes
556 324 646 347 autem
654 317 824 356 dicebantur,
836 331 903 358 quo-

160 356 233 386 niam
245 356 324 395 quasi
347 356 424 386 lactis
434 356 576 393 suavitate,
589 357 624 386 ita
644 358 812 388 mirabilium
827 359 903 389 dele-

160 395 274 427 ctatione
293 395 402 426 excitati
419 396 588 433 clamabant,
606 397 675 427 sicut
689 398 820 438 scriptum
839 406 898 428 est:

8 436 77 467 Rud-
98 437 150 461 ¹3⁰-
159 434 208 465 Sic
220 435 352 465 exaltavi
372 437 502 465 animam
515 446 621 472 meam,
638 439 714 467 siwt
732 439 901 469 ablactatus

8 474 32 492 8.

9 557 146 589 1.Cor.2.4.

49 675 136 699 Ianua-1

159 484 247 514 super
258 482 380 505 matrem
395 486 489 505 suam.
502 477 556 506 Lac
568 476 640 506 enim
654 476 754 507 dicitur
765 488 833 524 opus
845 478 900 507 mi—

157 514 324 552 raculorum,
335 515 411 555 panis
417 522 507 545 autem
515 515 637 546 doctrina
647 517 766 556 perfect-'e
773 517 897 557 justitiae,

155 553 226 584 sicut
239 554 278 584 ait
289 555 427 595 apostolus
441 566 448 582 z
471 556 512 585 Et
531 558 656 586 verbum
670 567 778 593 meum,
789 563 816 586 et
826 567 898 597 proe-

155 594 265 623 dicatio
287 605 352 624 mea
365 617 374 631 ,
403 605 464 624 non
488 596 521 624 in
540 598 728 635 persuasione
747 597 898 636 sapientiae

154 635 250 669 verbi,
260 635 351 663 sedin
360 638 524 665 ostensione
533 636 651 674 spiritus
659 642 688 665 et
693 637 822 666 virtutis.
829 637 897 666 Item

155 680 215 712 post
226 673 363 703 modicum
376 674 415 704 sic
427 674 494 704 dicit
509 686 516 703 ε
534 675 573 707 Et
583 686 598 704 e
649 686 709 705 non
719 677 802 715 potui
815 676 898 716 loqui

123 723 128 730 ·
155 714 240 742 vobis
249 715 335 753 quasi
341 714 553 752 spiritualibus,
559 725 589 744 se
618 725 702 755 quast
709 714 878 745 carnalibus
884 727 896 744 .-

155 754 242 790 quasi
247 754 379 792 parvulis
385 755 418 782 in
430 755 544 783 Christo
557 755 604 783 lac
611 756 696 784 vobis
705 761 805 793 potum
815 755 895 791 dedi,

154 801 215 821 non
232 803 340 822 escam.
355 793 451 823 Omnis
465 793 550 833 prima
566 793 687 824 inductio
707 794 783 830 fidei,
797 793 825 823 id
846 802 896 831 est,

153 831 269 876 simplex
283 831 414 869 doctrina,
430 833 472 862 lac
493 832 604 868 dicitur,
622 834 749 872 quoniam
768 834 838 864 sicut
855 834 896 864 lac

152 880 212 901 sme
225 872 317 901 labore
329 879 356 902 et
367 873 424 902 siue
436 883 516 912 opere
531 871 653 902 dentium
671 873 858 910 manducatur,
871 881 896 904 et
910 881 928 905 B

153 911 359 941 manducantem
372 912 503 942 suavitate
515 922 564 941 sua
577 911 690 942 delectat
704 923 711 941 τ
725 913 764 943 sic
777 920 803 943 et
814 913 895 943 mira-

153 949 220 980 bilia
241 951 348 981 nullum
361 951 481 981 laborem
495 951 651 981 videntibus
664 960 779 992 ponunt,
790 952 838 982 sed
851 953 895 983 vi-

152 989 245 1021 dentes
255 990 432 1021 admiratione
442 991 583 1027 delectant,
597 999 623 1021 et
634 992 669 1021 ad
682 992 763 1022 fidem
775 992 895 1022 molliter

150 1028 275 1061 invitant.
290 1031 370 1060 Panis
382 1038 470 1061 autem
478 1031 642 1071 perfectioris
653 1031 802 1061 doctrinam
813 1032 893 1072 justi-

150 1069 194 1098 tia
204 1070 438 1111 significat‚quam
451 1071 571 1111 accipere
581 1078 768 1112 nonpossunt,
783 1071 833 1101 nisi
847 1083 894 1102 ex-

147 1110 251 1140 ercitati
264 1120 357 1140 sensus
370 1110 440 1140 circa
453 1121 496 1140 res
516 1111 669 1150 spirituales
684 1123 691 1139 ε
707 1111 833 1150 quoniam
845 1112 893 1151 qui

147 1148 346 1187 audit,ueeesse
355 1150 436 1180 babet
443 1151 512 1180 intra
520 1161 549 1179 se
562 1151 719 1180 tractatibus
729 1151 891 1189 quibusdam

148 1188 282 1219 discutere
295 1195 321 1219 et
342 1189 466 1220 meditari
481 1202 488 1220 ε
502 1190 579 1228 quasi
592 1190 755 1229 quibusdam
765 1190 892 1221 dentibus

62 1248 69 1255 .
113 1248 119 1254 -
147 1229 336 1268 spiritualibus
352 1229 463 1259 molere.
478 1229 559 1260 Unde
572 1237 598 1259 et
606 1230 652 1259 lex
662 1230 824 1260 ruminantia
834 1232 893 1260 ani-

149 1268 231 1298 malia
244 1269 332 1299 voluit
345 1280 404 1299 esse
415 1269 525 1299 munda.
541 1269 593 1299 Illa
606 1270 676 1299 enim
691 1281 750 1300 esca
762 1270 892 1300 doctrinae

149 1317 203 1337 non
215 1315 319 1338 tantum
332 1309 484 1339 carnalibus
497 1310 590 1340 suavis
601 1317 651 1346 est,
665 1317 795 1349 quantum
805 1311 891 1350 spiri-

148 1347 270 1377 tualibus
284 1349 359 1379 utilis
371 1355 411 1378 est
422 1348 458 1379 ad
477 1349 600 1378 salutem.
618 1349 696 1379 Sicut
713 1349 784 1379 enim
798 1350 891 1380 intanti

148 1387 171 1416 si
183 1387 290 1417 dederis
307 1388 485 1428 fragmentum
504 1389 583 1429 panis
593 1411 601 1426 ,
617 1389 744 1428 quoniam
766 1396 891 1429 angustas

147 1427 228 1457 habet
247 1428 348 1464 fauces,
360 1428 491 1458 offocatur
504 1429 590 1468 magis
601 1439 681 1468 quam
696 1429 816 1458 nutritur
830 1442 837 1458 ε
852 1430 891 1459 sic

145 1474 174 1497 ct
186 1466 291 1497 homini
314 1468 468 1508 imperfecto
483 1468 512 1497 in
536 1468 603 1506 fide,
615 1475 643 1498 et
661 1479 745 1508 puero
758 1469 890 1506 sensibus,
907 1478 925 1502 c

146 1507 172 1536 si
180 1506 276 1537 altiora
286 1508 412 1548 mysteria
423 1508 559 1546 sapientise
570 1508 688 1538 volueris
698 1508 797 1543 dicere,
803 1519 890 1547 angu-

145 1554 216 1576 stam
226 1547 328 1577 habens
338 1547 420 1577 fidem
429 1554 454 1577 et
459 1557 575 1585 sensum,
589 1558 631 1576 ma
652 1547 674 1576 is
683 1547 888 1585 scandalizatur,

148 1597 230 1625 quam
242 1585 402 1616 aedificatur.
414 1587 450 1617 Et
462 1587 605 1625 quemadm
645 1597 690 1615 um
703 1586 763 1616 viro
775 1587 892 1626 perfecto

149 1625 174 1654 si
181 1625 288 1655 dederis
299 1626 350 1662 lac,
357 1627 446 1655 fauces
453 1625 562 1664 quidem
573 1627 597 1666 ej
601 1637 632 1655 us
639 1625 762 1663 delectat,
771 1626 891 1655 membra

150 1672 239 1695 autem
250 1667 311 1705 ejus
324 1676 377 1695 uon
389 1666 527 1695 consonat.
544 1667 584 1694 Dc
598 1675 666 1705 pane
676 1666 747 1694 enim
760 1665 891 1705 scriptum

146 1712 203 1742 cst,
212 1715 265 1735 nou
279 1704 314 1734 de
325 1705 475 1744 laete,qnia
487 1706 617 1735 confortat
628 1715 686 1734 cor.
701 1705 731 1735 Si
743 1712 832 1734 autem
843 1716 892 1744 pa-

149 1755 212 1774 nem
225 1744 376 1780 manducet,
388 1755 442 1774 non
463 1751 566 1774 tantum
586 1745 674 1774 fauces
688 1745 747 1784 ejus
766 1744 890 1782 delectat,

144 1791 279 1823 quantum
290 1791 397 1825 praestat
408 1784 433 1813 ei
451 1784 579 1814 virtutem
592 1795 598 1811 :
622 1784 661 1813 sic
671 1790 697 1813 et
707 1784 766 1814 viro
778 1784 892 1824 perfecto

149 1825 178 1854 in
192 1824 258 1862 fide,
268 1833 298 1855 et
311 1831 417 1854 maturo
436 1824 569 1862 sensibus,
582 1823 606 1853 si
629 1823 759 1853 miracula
773 1824 892 1853 ostende-

149 1864 199 1901 ris,
213 1864 361 1894 delectatur
377 1863 488 1903 quidem
507 1870 627 1904 aspectu,
642 1863 711 1892 nihil
725 1870 814 1893 autem
828 1874 890 1903 pro-

148 1903 206 1933 ficit
213 1903 239 1933 ei
248 1904 284 1933 ad
297 1903 498 1933 aedificationem
510 1914 614 1940 sensus,
622 1909 669 1932 aut
682 1903 804 1932 notitiam
814 1903 888 1932 veri-

147 1944 226 1981 tatis;
240 1944 264 1973 si
274 1950 363 1973 autem
376 1944 490 1974 verbum
503 1942 637 1983 sapientiae
646 1943 800 1982 exposueris
813 1942 849 1979 ei,
864 1949 890 1972 et

148 1983 252 2012 ratione
274 1983 432 2020 delectatur,
446 1990 473 2012 et
494 1982 641 2012 aedificatur
657 1982 684 2011 in
705 1981 768 2011 fide.
786 1983 834 2011 17.
848 1984 890 2012 Et

146 2023 258 2052 relictis
271 2024 312 2052 eis
325 2024 398 2052 abiit
413 2023 504 2063 foras
522 2028 605 2051 extra
619 2023 766 2051 civitatem
784 2024 816 2050 in
831 2023 889 2050 Be·-

148 2063 338 2099 thaniam,.et
362 2063 468 2092 mansit
488 2063 529 2091 ibi
543 2072 549 2088 =
572 2069 602 2091 ut
620 2061 767 2091 recedendo
780 2072 890 2106 compe-
905 2069 924 2092 D

145 2109 241 2139 sceret,
249 2112 316 2141 quos
329 2101 514 2142 respondendo
525 2112 578 2130 non
586 2101 674 2142 potuit
687 2114 694 2130 z
711 2101 775 2140 quia
787 2101 889 2130 malitia

147 2151 201 2171 non
214 2142 391 2182 compescitur
403 2141 581 2178 sermonibus,
597 2141 644 2170 sed
661 2141 803 2170 excitatur.
826 2142 890 2170 Ma-

147 2180 206 2210 lum
225 2181 297 2210 enim
317 2182 452 2211 bominem
475 2181 574 2210 melius
594 2181 684 2210 locum
705 2180 795 2210 dando
814 2187 889 2219 potes

148 2220 269 2256 vincere,
288 2231 369 2259 quam
394 2219 590 2260 respondendo.
615 2222 684 2250 Nam
705 2220 726 2249 si
752 2219 890 2249 contendis

146 2259 356 2289 irrationabilem
369 2260 470 2289 ratione
491 2259 607 2304 placare,
622 2266 648 2288 et
666 2259 746 2288 illum
765 2269 817 2288 non
830 2258 890 2302 pla-

147 2310 202 2335 cas,
215 2306 241 2328 et
253 2299 370 2339 teipsum
382 2299 527 2328 subvenis.
543 2299 582 2327 Et
597 2300 705 2327 mansit
728 2300 779 2327 ibi.
794 2297 891 2327 Noluit

147 2349 253 2368 manere
266 2338 294 2367 in
306 2338 468 2374 Jerusalem,
476 2337 510 2366 de
522 2348 575 2376 qua
586 2338 642 2376 jam
654 2337 791 2367 voluntate
804 2347 888 2366 reces-

146 2385 227 2416 serat,
240 2389 299 2417 quae
317 2378 344 2407 in
357 2384 468 2408 monem
482 2376 590 2406 Domini
602 2376 644 2405 sui
654 2377 711 2421 jam
723 2386 817 2406 manus
840 2387 888 2405 ar—

147 2425 230 2448 matas
245 2417 361 2454 tenebat,
377 2417 490 2461 seipsam
510 2415 595 2455 magis
607 2426 726 2444 occisura
735 2426 819 2454 quam
832 2417 888 2445 Do-

146 2458 266 2495 minum
281 2456 329 2487 sed
342 2463 438 2486 mansit
448 2454 522 2495 apud
534 2457 694 2484 Lazarumet
706 2465 810 2484 sorores
817 2455 886 2494 ejus,

148 2502 179 2525 ut
190 2496 248 2526 illic
261 2497 436 2536 requiesceret
447 2494 631 2535 corporaliter,
645 2494 692 2524 ubi
715 2501 741 2523 et
763 2494 888 2534 spiritua—

184 2597 194 2609 ·
210 2589 240 2615 ln
258 2588 322 2614 Cod.
335 2589 366 2613 V.
380 2590 411 2614 Ι).
426 2589 478 2614 haec
490 2587 598 2614 nomilia
619 2587 768 2620 praecedenti
784 2587 903 2620 jungitur.

307 2646 380 2665 Tou.
404 2646 447 2664 νι.

954 321 994 350 ibi
1007 332 1125 360 quaerere
1145 323 1319 361 mansionem,
1335 325 1383 354 ubi
1406 325 1534 355 clariores
1556 333 1619 356 sunt
1631 326 1695 363 viri,
1703 338 1768 355 cnxu

953 360 1001 390 sed
1015 361 1062 390 ubi
1076 361 1212 392 fideliores
1225 375 1232 391 z
1244 373 1292 393 nec
1313 363 1431 402 gaudent
1446 365 1494 395 ubi
1505 365 1592 406 epulae
1615 366 1696 406 largae

954 407 1026 438 sunt,
1041 400 1091 431 sed
1113 402 1159 431 ubi
1173 402 1298 432 sanctitas
1308 403 1397 433 floret.

1083 508 1095 521 ³
1106 505 1241 534 Humilia
1255 507 1358 535 xxxix.
1375 517 1412 536 ex
1426 517 1490 547 cap.
1503 510 1568 548 xxj.

992 595 1041 625 18.
1054 597 1146 626 Mane
1159 603 1255 626 autem
1266 604 1411 627 revertens
1422 602 1453 628 in
1462 600 1619 639 civitatem,
1629 612 1693 633 esu-

951 636 1013 670 n‘it,
1035 636 1084 664 19.
1102 642 1130 664 et
1154 637 1258 665 videns
1270 637 1329 675 fici
1343 639 1474 667 arborem
1497 651 1586 670 unam
1610 652 1692 672 secus

950 677 1044 711 viam,
1059 676 1189 704 vemtad
1201 686 1277 712 eam,
1294 683 1323 705 et
1336 678 1413 706 nihil
1422 679 1534 708 invenit
1546 682 1577 708 in
1587 691 1623 710 ea
1636 683 1692 711 nisi

940 714 1027 755 solia
1039 720 1163 750 tantum,
1178 722 1205 744 et
1223 716 1265 744 ait
1277 716 1324 744 illi
1334 728 1345 744 .-
1361 717 1528 756 Numquam
1539 729 1576 748 ex·
1589 726 1616 748 te
1619 722 1692 761 sm-

950 759 1014 783 ctus
1028 761 1169 783 nascatur
1188 756 1221 784 in
1231 757 1448 794 sempiternum,
1464 764 1513 787 etc.
1534 759 1594 788 Non
1614 760 1692 798 quasi

950 792 1031 822 homo
1044 795 1143 829 cibum,
1156 794 1204 823 sed
1222 795 1302 833 quasi
1316 796 1389 824 Deus
1404 796 1519 826 salutem
1534 798 1690 836 humanam,

950 842 1002 862 non
1020 833 1097 872 quasi
1110 833 1234 873 indigens
1245 835 1341 872 quaerit
1361 842 1477 865 nostram
1488 837 1632 876 justitiam,
1643 839 1690 869 sed

949 873 1025 910 quasi
1035 873 1186 903 misericors
1195 873 1328 903 desiderat
1339 881 1455 904 nostram
1465 876 1588 906 salutem.
1602 878 1631 907 si
1642 889 1690 908 au-

948 918 1001 940 tem
1014 912 1091 950 quasi
1104 913 1185 942 homo
1194 914 1329 943 esuriisset
1343 915 1445 950 cibum,
1454 925 1600 955 numquam
1614 928 1691 948 mane

948 952 1106 981 esuriisset:
1131 952 1179 982 sed
1196 952 1258 982 ideo
1280 953 1315 982 ad
1338 954 1389 983 hoc
1408 965 1485 984 mane
1508 956 1611 994 esuriit,
1625 958 1690 996 quia

947 1000 1052 1031 semper
1066 992 1178 1028 esuriit,
1198 993 1245 1031 qui
1255 993 1388 1032 justitiam
1402 994 1512 1024 illorum
1524 996 1627 1033 esuriit,
1643 1005 1689 1027 aut

946 1030 1063 1060 aliorum
1075 1031 1199 1069 salutem.
1213 1032 1312 1062 Merito
1331 1044 1394 1072 ergo
1407 1034 1514 1063 veniens
1528 1035 1560 1064 ad
1582 1043 1688 1075 gentem

946 1070 1068 1100 Judaeam
1083 1071 1217 1108 Christus,
1232 1082 1309 1102 mane
1329 1073 1480 1110 esuriebat,
1500 1084 1561 1104 cum
1588 1086 1636 1115 per
1649 1083 1689 1106 tot

946 1110 1033 1139 millia
1045 1121 1175 1140 annorum
1187 1112 1295 1141 nullum
1311 1112 1418 1141 'ustitiae
1428 1124 1483 1142 snae
1501 1113 1636 1144 desiderat
1648 1117 1689 1146 ci·

945 1149 1023 1179 bum.
1038 1151 1130 1179 Mane
1151 1158 1260 1180 autem.
1280 1152 1292 1181 1
1333 1158 1383 1189 est,
1398 1152 1506 1182 initium
1522 1153 1688 1185 duodecimae

945 1189 1028 1226 horae,
1047 1189 1082 1219 de
1105 1201 1158 1229 qua
1182 1201 1264 1230 supra
1281 1191 1387 1230 loquuti
1404 1202 1509 1222 sumus.
1525 1193 1611 1224 Vides
1624 1205 1688 1235 ergo

936 1230 1008 1268 'quia
1023 1230 1182 1260 mutationes
1195 1231 1252 1259 istae
1265 1231 1356 1260 saeculi
1371 1231 1452 1271 hujus
1461 1239 1492 1262 et
1501 1232 1573 1262 borae
1583 1233 1688 1263 dicun-

945 1275 1000 1306 tur,
1015 1276 1041 1298 et
1053 1269 1111 1298 dies
1127 1282 1134 1299 :
1150 1276 1177 1299 et
1189 1270 1211 1299 si
1225 1270 1376 1300 consideres
1388 1281 1437 1310 per
1458 1271 1563 1312 singula
1577 1274 1686 1312 saecula,

945 1309 1022 1346 quasi
1048 1315 1075 1338 et
1094 1319 1187 1345 mane,
1209 1310 1328 1339 invenies
1350 1310 1408 1339 fieri
1428 1317 1455 1340 et
1474 1322 1594 1351 vespere.
1618 1313 1688 1343 Ecce

944 1348 1044 1377 sactum
1053 1355 1092 1377 est
1106 1358 1184 1377 mane
1194 1359 1275 1388 super
1289 1349 1385 1384 Adam,
1397 1349 1506 1388 quando
1512 1351 1615 1382 creavit
1626 1364 1689 1382 eum

945 1387 1089 1424 Dominus,
1103 1394 1130 1416 et
1139 1387 1214 1417 dedit
1225 1389 1249 1418 ei
1270 1388 1424 1418 mandatum
1437 1389 1544 1419 'ustitiae
1555 1392 1631 1430 quasi
1646 1393 1688 1422 Ιιι-

944 1438 1012 1456 cem.
1029 1426 1133 1456 Deinde
1146 1428 1230 1467 magis
1241 1435 1321 1467 atque
1334 1429 1419 1467 magis
1453 1430 1573 1459 ominum
1584 1431 1689 1471 iniqui-

945 1473 997 1496 tate
1006 1473 1149 1503 crescente,
1161 1474 1187 1496 et
1196 1468 1271 1506 quasi
1286 1475 1361 1497 nocte
1372 1468 1503 1506 veniente,
1511 1470 1616 1509 justitia
1626 1482 1689 1510 qua-

945 1506 969 1534 si
983 1506 1032 1535 lux
1046 1506 1152 1535 recessit
1170 1506 1205 1535 ab
1221 1507 1270 1536 eis.
1285 1509 1386 1536 Iterum
1403 1508 1502 1537 factum
1521 1516 1561 1539 est
1573 1510 1688 1540 alterum

942 1555 1032 1581 mane,
1040 1545 1147 1583 quando
1161 1545 1293 1575 Dominus
1305 1547 1413 1575 veniens
1421 1547 1455 1575 ad
1467 1548 1524 1577 Noe
1535 1556 1688 1588 propterte-

945 1584 1109 1623 paratIOnem
1118 1584 1220 1621 saeculi,
1235 1584 1270 1614 ad
1283 1596 1344 1614 eum
1353 1592 1379 1614 et
1392 1585 1427 1614 ad
1441 1586 1512 1616 filios
1525 1588 1583 1626 ejus
1595 1590 1687 1627 posuit

942 1623 1054 1663 justitiae
1067 1630 1252 1653 testamentum
1262 1647 1270 1662 ‚
1289 1625 1365 1663 quasi
1388 1625 1490 1655 lumen.
1515 1627 1615 1657 Iterum
1629 1639 1688 1658 cre·

945 1670 1033 1692 scente
1041 1663 1180 1692 hominum
1189 1663 1338 1702 iniquitate,
1347 1665 1423 1703 quasi
1430 1672 1506 1695 nocte
1513 1667 1682 1705 praevalente,

946 1702 1053 1732 recessit
1065 1702 1100 1731 ab
1122 1702 1160 1731 eis
1177 1703 1229 1740 sol,
1246 1703 1275 1732 id
1286 1710 1334 1739 est,
1347 1704 1479 1734 Dominus
1490 1715 1551 1734 cum
1567 1706 1628 1736 luce
1636 1707 1683 1746 ju-

943 1742 1023 1771 stitiae
1030 1743 1201 1772 suae.Iterum
1211 1750 1344 1772 revertens
1353 1743 1461 1773 reduxit
1474 1745 1581 1774 tertium
1595 1756 1684 1783 mane,

944 1781 1045 1820 eligens
1055 1782 1201 1817 Abraham,
1214 1789 1239 1811 et
1251 1782 1390 1812 ostendens
1399 1783 1425 1812 ei
1435 1784 1511 1822 quasi
1523 1784 1613 1815 lumen
1625 1787 1683 1815 ani-

945 1831 994 1849 mae
1007 1821 1128 1850 notitiam
1149 1821 1278 1859 veritatis,
1288 1832 1388 1861 ponens
1401 1829 1586 1854 testamentum
1605 1825 1633 1854 in
1653 1836 1684 1855 eo

944 1860 1154 1890 circumcisionis
1167 1868 1192 1890 et
1205 1861 1280 1890 fidei.
1296 1863 1362 1890 Item
1374 1863 1533 1901 praevalente
1545 1864 1685 1903 iniquitate

941 1900 1021 1938 quasi
1034 1907 1110 1930 nocte
1119 1900 1249 1937 veniente,
1257 1901 1364 1930 recessit
1374 1902 1409 1931 ab
1417 1902 1466 1938 eis,
1473 1903 1580 1941 quando
1589 1904 1638 1933 filii
1649 1906 1685 1934 ls-

944 1939 999 1968 rael
1007 1939 1155 1970 secundum
1168 1940 1241 1970 idola
1249 1941 1441 1981 AEgyptiorum
1453 1942 1588 1972 vivebant.
1596 1945 1684 1973 Num-

944 1990 1024 2018 quam
1044 1979 1116 2008 enim
1129 1979 1287 2009 afflixissent
1309 1991 1354 2009 eos
1366 1981 1499 2021 AEgypfii,
1516 1983 1538 2011 si
1552 1990 1684 2021 quantum

943 2019 978 2048 ad
991 2019 1106 2058 primam
1120 2019 1214 2048 faciem
1227 2019 1276 2049 lux
1288 2020 1381 2049 fuisset
1391 2020 1418 2049 in
1434 2022 1481 2049 eis.
1497 2022 1564 2051 Item
1579 2022 1683 2052 rediens

943 2065 1039 2097 quarto
1050 2069 1127 2088 mane
1150 2060 1276 2099 apparuit
1286 2060 1369 2095 Mosi,
1378 2067 1408 2089 >et
1420 2060 1536 2091 educens
1554 2062 1637 2091 Israeli
1650 2062 1684 2091 de

943 2098 1074 2143 AEgypto,
1089 2098 1178 2127 lucem
1203 2099 1270 2138 legis
1288 2099 1404 2137 ostendit
1414 2100 1463 2129 eis.
1474 2101 1540 2129 Item
1552 2108 1683 2131 crescente

943 2138 1083 2176 iniquitate
1096 2137 1173 2176 quasi
1194 2145 1270 2168 nocte
1292 2139 1448 2176 novissima,
1462 2139 1571 2170 deducti
1584 2141 1683 2170 suntin

922 2180 925 2182 ’
944 2177 1124 2217 captivitatem
1139 2177 1190 2206 filii
1204 2178 1297 2207 Israe'l.
1313 2179 1460 2208 Revertens
1478 2179 1573 2208 iterum
1587 2180 1681 2209 Domi—

944 2227 995 2246 nus
1006 2217 1115 2246 reduxit
1133 2217 1257 2255 quintum
1277 2228 1364 2254 mane,
1379 2229 1506 2248 revocans
1518 2219 1588 2247 filios
1602 2220 1682 2248 Israel

943 2256 978 2286 de
990 2256 1152 2296 captivitate,
1166 2264 1316 2286 restaurans
1329 2258 1434 2296 plebem
1454 2269 1501 2297 per
1521 2257 1680 2294 zorobabel,

940 2302 970 2325 et
982 2306 1030 2336 per
1043 2297 1136 2326 Jesum
1150 2296 1237 2325 filium
1251 2296 1393 2333 Josedcch,
1407 2297 1440 2325 de
1453 2304 1546 2326 caetcro
1558 2307 1683 2335 reparans

943 2335 1028 2374 legem
1050 2345 1099 2375 per
1112 2335 1227 2365 Esdram
1249 2336 1415 2375 prophetam.
1430 2337 1529 2364 Iterum
1552 2342 1683 2364 crescente

943 2374 1083 2413 iniquitate
1104 2375 1180 2414 quasi
1202 2382 1277 2404 nocte
1289 2376 1421 2410 veniente,
1436 2374 1569 2402 subtraxit
1591 2374 1625 2402 ab
1644 2375 1682 2403 cis

943 2414 1075 2444 Dominus
1089 2413 1297 2444 misericordiam
1312 2424 1387 2442 suam
1401 2413 1476 2450 quasi
1489 2413 1574 2441 lucem
1577 2434 1586 2447 ,
1602 2419 1627 2442 et
1639 2414 1682 2442 sa-

942 2454 978 2483 cti
992 2461 1055 2484 sunt
1066 2454 1163 2483 iterum
1181 2453 1233 2482 sub
1252 2454 1434 2481 Romanorum
1449 2458 1585 2490 potestate.
1600 2452 1682 2481 Sexto

943 2501 1030 2524 autem
1054 2504 1130 2523 mane
1145 2502 1267 2522 reversus
1284 2498 1323 2520 est
1343 2490 1466 2520 Christus
1480 2490 1513 2519 ad
1534 2490 1643 2521 Judaeos
1656 2499 1683 2521 et
