1890 2826
96 1005 155 1027 lsai.
165 1004 187 1026 6.
202 1010 223 1027 ι.

98 1283 157 1305 Ism‘.
171 1291 193 1313 7.
206 1281 230 1306 3.

252 143 317 185 142

247 219 357 253 propter
370 212 516 250 hominem,
529 222 584 243 non
604 213 686 243 homo
706 221 816 255 propter
833 214 939 244 caelum.
956 214 991 244 Id

247 259 421 299 perspicuum
429 266 468 288 est
477 270 512 288 ex
521 259 555 289 iis
566 270 624 298 quae
636 259 698 289 fecit
705 257 839 290 Christus.
846 262 907 291 Non
919 262 990 291 enim

248 305 350 334 caeleste
361 316 459 345 corpus
468 306 602 335 assumsit.
610 307 716 336 Verum
727 317 760 335 ne
769 306 796 335 in
807 307 918 346 longum
927 318 990 347 pro-

248 350 330 381 ducto
344 362 473 388 sermone,
485 363 580 381 rursus
587 352 669 381 hodie
676 353 754 382 vohis
761 351 894 382 debitores
904 354 991 384 disce-

248 399 345 429 damus
351 398 434 439 (scitis
442 398 513 427 enim
521 409 601 437 quam
609 398 693 428 multa
701 398 848 428 simusheri
856 400 990 439 polliciti),

248 445 401 486 persolvere
412 445 497 484 parati
506 442 609 474 sumus.
622 446 691 474 Nam
702 452 811 485 propter
824 456 868 475 eos
880 446 991 485 quinon

250 492 361 522 aderant
382 491 549 520 distuleram.
564 490 698 528 Quoniam
719 491 801 532 igitur
824 492 870 531 qui
895 492 988 522 abfue-

250 545 318 575 rant,
332 549 381 568 suo
394 544 457 567 sunt
476 537 564 567 officio
578 537 723 577 perfuncti,
738 549 839 577 suaque
853 538 992 578 praesentia

248 585 327 614 nohis
340 594 456 614 mensam
467 583 647 613 exhibuerunt
657 590 832 621 sumtuosam,
844 595 902 624 age,
911 595 994 625 appo-

248 641 344 660 namus
357 630 478 667 obsonia,
492 629 603 659 obsonia
615 629 724 668 quidem
734 629 809 659 haud
822 630 911 670 putria
923 643 930 661 ι
943 630 992 660 etsi
1009 631 1026 654 Β

249 677 320 707 enim
341 676 463 705 hesterna
490 676 554 712 sint,
566 676 623 705 hare
637 675 747 705 obsonia
759 686 811 705 non
825 683 992 716 putrescunt.

249 723 431 760 Quamobrem
439 722 565 752 tandem?
579 723 640 752 Non
651 729 713 752 sunt
721 733 813 752 carnes
822 730 848 752 ut
856 724 993 764 corrumpi

250 776 359 809 queant,
379 769 426 798 sed.
450 768 583 798 sententiae
608 779 713 808 semper
733 768 867 798 florentes.
893 770 993 799 Carnes

249 815 466 854 enim,quoniam
475 825 572 855 corpus
579 821 652 851 sunt,
665 822 891 855 corrumpuntur:
901 823 993 845 contra

249 862 394 896 sententiae,
415 861 439 890 si
460 867 593 896 maneant,
619 860 770 890 redduntur
792 861 991 900 fragrantiores.

250 907 326 944 Quid
339 907 424 947 igitur
439 915 493 937 erat
504 907 578 946 quod
591 906 649 936 heri
659 906 799 936 diximus?
814 907 955 946 Siquidem
967 915 993 938 et

249 954 286 984 ita
299 965 348 983 nos
361 953 419 983 heri
436 953 578 995 participes
591 964 687 982 mensae
709 954 821 991 suimus,
838 961 868 983 ut
882 954 994 993 quinon

249 1000 404 1037 adsuerunt,
419 999 488 1028 nihil
499 998 651 1028 detrimenti
662 999 716 1028 sint
730 999 811 1038 passi.
827 1001 869 1028 Et
877 1001 994 1038 factum

249 1053 291 1075 est
308 1048 339 1075 in
359 1057 439 1075 anno
462 1056 519 1086 quo
532 1051 662 1074 mortuus
680 1051 722 1074 est
735 1046 823 1075 Ozias
842 1055 906 1083 rex,
929 1047 994 1075 vidi

249 1094 411 1122 Dominum
423 1092 570 1122 sedentem
590 1093 622 1119 in
641 1092 715 1120 solio
729 1092 844 1121 excelso
863 1099 892 1122 et
903 1093 992 1122 elato.

249 1139 318 1176 Quis
331 1139 388 1168 haec
402 1138 543 1177 loquitur?
556 1138 638 1168 Isaias
649 1138 696 1167 ille
704 1145 837 1177 spectator
848 1139 994 1169 caelestium

249 1185 402 1225 Seraphim,
422 1183 471 1223 qui
488 1183 622 1214 connubio
637 1185 748 1224 junctus
759 1184 821 1221 fuit,
843 1195 891 1214 nec
908 1192 996 1214 tamen

249 1231 378 1260 exstinxit
387 1230 510 1270 gratiam.
524 1229 680 1259 Attendistis
688 1231 836 1270 prophetae,
847 1237 872 1260 et
883 1231 996 1260 audistis

252 1277 408 1316 prophetam
420 1275 514 1311 hodie,
529 1277 601 1312 Exi,
617 1282 647 1305 tu
667 1283 695 1305 et
708 1277 895 1317 Jasubfilius
917 1283 994 1307 tuus.

250 1324 306 1352 Nec
314 1323 363 1352 ista
373 1329 476 1362 oportet
486 1329 700 1362 praetercurrere.
710 1323 764 1352 Exi
771 1330 800 1352 tu
807 1330 832 1353 et
840 1324 913 1354 filius
921 1331 994 1354 tuus.

248 1372 323 1401 Itane
336 1371 425 1400 filium
433 1371 548 1400 habebat
559 1370 709 1410 propbeta?
722 1371 752 1400 Si
766 1371 854 1400 filium
867 1371 994 1409 habebat,

249 1417 365 1446 habebat
379 1424 404 1446 et
428 1427 553 1452 uxorem,
570 1423 600 1446 ut
619 1416 754 1456 intelligas
772 1427 823 1446 non
838 1428 894 1447 esse
911 1419 995 1448 malas

249 1463 368 1502 nuptias,
378 1462 425 1491 sed
431 1462 529 1491 malam
538 1472 593 1491 esse
601 1462 796 1492 scortationem.
808 1463 862 1493 Sed
869 1464 995 1502 quoniam

250 1520 312 1539 cum
322 1509 482 1548 quibusdam
491 1508 649 1537 disserimus
657 1508 783 1546 dicentes,
793 1510 853 1538 Cur
862 1520 913 1539 non
926 1517 996 1541 recte

249 1556 339 1587 vivis?
353 1567 434 1595 quam
455 1555 490 1584 ob
508 1566 565 1584 rem
577 1565 629 1584 non
645 1563 753 1595 praestas
765 1556 849 1586 vitam
863 1557 995 1596 probam?

249 1602 305 1640 Qui
324 1613 444 1642 possum,
464 1601 601 1640 inquiunt,
619 1601 672 1630 nisi
689 1601 826 1632 divertam
848 1603 882 1632 ab
902 1614 995 1639 uxore,
1012 1605 1031 1628 D

248 1649 301 1679 nisi
312 1650 370 1679 vale
383 1648 480 1678 dixero
492 1648 595 1685 liberis,
605 1648 657 1677 nisi
668 1649 758 1678 valere
765 1650 869 1689 jussero
877 1651 997 1690 negotia?

250 1695 451 1734 Quamobrem?
460 1705 524 1724 num
535 1695 622 1724 obstat
632 1694 835 1725 matrimonium
844 1697 858 1724 Ξ)
867 1697 998 1737 Adjutrix

248 1742 298 1771 tibi
311 1741 372 1771 data
386 1748 425 1771 est
438 1752 515 1776 uxor,
530 1751 584 1769 non
597 1740 761 1771 insidiatrix.
775 1743 871 1772 Annon
882 1743 997 1775 habebat

251 1799 363 1817 uxorem
381 1787 533 1827 propheta?
550 1787 644 1825 Neque
661 1793 749 1816 tamen
769 1788 887 1828 Spiritus
905 1785 1019 1829 gratiae'·

252 1835 374 1864 obstabat
382 1835 459 1874 conju
463 1834 549 1873 gium,
561 1833 608 1863 sed
616 1844 679 1863 cum
689 1844 772 1863 uxore
783 1835 936 1866 convictum
947 1837 995 1867 ha-

253 1880 343 1917 behat,
351 1887 376 1909 et
386 1887 443 1909 erat
450 1879 535 1908 nihilo
546 1879 636 1908 minus
640 1879 782 1919 propheta.
791 1882 898 1920 Moyses
911 1893 997 1913 nonne

253 1937 365 1955 uxorem
387 1925 521 1954 hahebat?
536 1926 572 1955 Et
594 1932 680 1954 tamen
703 1926 726 1955 is
751 1933 854 1965 petram
878 1928 1001 1969 dirupit,¹

251 1983 339 2001 aerem
347 1972 510 2008 immutavit,
519 1982 582 2000 cum
588 1973 646 2001 Deo
655 1972 870 2011 colloquebatur,
877 1974 996 2006 divinam

251 2010 320 2046 iram
334 2017 468 2046 cohibuit.
485 2017 621 2046 Abraham
635 2028 722 2046 nonne
736 2018 850 2048 habebat
865 2022 997 2051 uxorem?
1013 2019 1032 2042 Ε

252 2061 289 2091 Et
307 2068 393 2090 tamen
419 2067 494 2100 pater
511 2061 596 2089 factus
615 2068 654 2090 est
673 2061 792 2100 gentium
815 2069 840 2091 et
859 2063 997 2102 Ecclesiae,

252 2108 361 2138 sustulit
383 2107 470 2136 filium
486 2107 570 2142 Isaac,
585 2114 610 2135 et
627 2107 672 2136 hic
693 2107 736 2136 illi
754 2108 808 2138 fuit
828 2110 997 2149 egregiorum

252 2154 401 2182 facinorum
415 2152 534 2182 materia.
545 2153 642 2182 Nonne
655 2153 754 2182 obtulit
765 2154 864 2190 filium,
879 2156 998 2196 conjugii

252 2198 389 2229 fructum?
403 2209 490 2228 nonne
510 2199 594 2228 factus
613 2206 652 2228 est
664 2204 750 2239 pater,
765 2207 791 2229 et
812 2200 866 2229 Dei
887 2203 997 2231 amans?

253 2256 342 2275 annon
358 2244 435 2274 licuit
455 2244 548 2274 videre
567 2245 731 2275 sacerdotem
750 2256 764 2274 e
777 2246 833 2275 suis
851 2246 999 2277 visceribus

254 2292 311 2320 fieri
320 2291 334 2320 i’
345 2291 506 2328 sacrificum,
520 2290 640 2329 inquam,
651 2291 729 2320 simul
750 2298 776 2320 et
792 2299 894 2332 patrem
902 2293 916 2322 Ρ
926 2288 999 2323 vinci

588 152 618 176 S.
646 151 786 176 JoANNJs
810 152 990 177 CHRYSOST.
1018 153 1174 179 ARCHIBP.
1203 155 1471 181 CONSTANTINOP-

1044 216 1179 256 ἄνθρωπος
1192 217 1235 247 διὰ
1249 218 1293 248 τὸν
1308 218 1425 258 οὐρανόν,
1447 218 1501 249 Καὶ
1521 220 1548 254 ἐξ
1557 214 1595 249 ὧν
1614 219 1691 254 αὐτὸς
1704 220 1812 257 ἐποίησε

1045 262 1131 297 δῆλον.
1146 266 1157 278 ‘¹
1167 262 1298 303 Οὐράνιον
1312 263 1363 302 γὰρ
1376 264 1455 302 σῶμα
1463 265 1511 293 οὐκ
1525 263 1652 294 ἀνέλαὸεν
1665 267 1679 294 6
1692 264 1815 305 Χριστός.

1046 307 1115 337 Ἀλλ’
1131 308 1173 338 ἵνα
1194 309 1231 347 μὴ
1247 309 1406 348 μηκύνοντες
1425 309 1469 339 τὸν
1482 309 1569 349 λόγον,
1589 310 1668 340 πάλιν
1681 310 1816 351 χρεωσταὶ

1047 354 1262 394 ἀναχωρήσωμεν
1282 355 1398 395 σήμερον
1408 355 1483 394 (ἴστε
1498 354 1548 395 γὰρ
1561 355 1661 396 ὅσαπερ
1674 356 1736 396 χθὲς
1750 359 1816 385 ὓπε-

1046 399 1164 438 σχόμεθα
1172 401 1191 436 ),
1215 400 1376 429 καταὸαλεῖν
1397 399 1588 439 ἑτοιμάσωμεν.
1611 399 1663 429 Διὰ
1683 399 1734 440 γὰρ
1756 399 1818 433 τοὺς

1046 446 1249 486 ἀπολειφθέντας
1264 446 1442 485 ἀνεὸαλόμην.
1457 446 1535 475 Ἐπεὶ
1548 441 1592 475 οῦν
1606 447 1630 475 οἱ
1644 446 1816 487 ἀπολειφθέν-

1045 502 1087 523 τες
1098 490 1132 520 τὰ
1144 493 1243 520 ἑαυτῶν
1255 492 1423 532 ἐπλήρωσαν,
1434 491 1479 522 καὶ
1494 490 1548 531 1’τῇ
1560 492 1692 532 παρουσίᾳ
1704 495 1769 531 ἡμῖν
1782 494 1816 532 τῇ

1046 538 1145 571 ἑαυτῶν
1158 537 1314 577 ἐχαρίσαντο
1324 537 1455 577 τράπεζαν
1466 538 1678 578 πεπληρωμένην
1692 539 1744 567 τῶν
1756 538 1817 567 ἄνα-

1045 581 1186 620 λωμάτων,
1197 582 1259 623 φέρε
1269 583 1311 619 δὴ,
1323 583 1357 613 τὰ
1367 583 1420 623 ὄψα
1431 585 1601 623 παραθῶμεν,
1612 584 1664 624 ὄψα
1673 585 1723 623 οὐχ
1732 583 1803 613 ἕωλα
1810 595 1817 602 ·

1047 629 1069 656 εἷ
1091 627 1142 667 γὰρ
1166 629 1210 658 καὶ
1235 629 1344 669 χθεσινὰ
1365 624 1414 665 ἧν,
1429 631 1488 659 ἀλλ’
1507 631 1536 660 οὗ
1550 630 1667 670 γίνονται
1689 630 1767 659 ἕωλα.
1782 629 1819 659 Τί

1047 673 1144 709 δήποτε
1151 686 1160 710 ;
1185 675 1245 704 Οὗκ
1267 673 1324 704 ἔστι
1343 674 1424 714 κρέα,
1438 675 1482 705 ἵνα
1496 677 1645 716 διαφθαρῇ,
1666 675 1735 705 ἀλλὰ
1754 675 1819 711 νοή-

1047 732 1119 759 ματα
1131 721 1256 756 διηνεκῶς
1271 723 1407 750 ἀνθοῦντα.
1418 721 1461 751 T&
1474 720 1521 761 μὲν
1533 721 1584 762 γὰρ
1595 721 1660 761 κρέα
1672 721 1819 762 φθείρεται·

1047 768 1125 805 σῶμα
1137 767 1189 807 γάρ
1203 768 1261 796 ἐστι
1273 779 1279 786 ·
1293 766 1328 796 τὰ
1342 767 1368 797 δὲ
1380 767 1503 806 νοήματα
1517 767 1645 807 μένοντα,
1657 766 1819 807 εὖωδέστερα

1045 812 1224 842 καθίστανται.
1240 812 1276 842 Τί
1295 809 1338 843 οῦν
1354 810 1396 850 ἦν,
1411 814 1428 843 ἃ
1442 814 1503 854 χθὲς
1517 813 1679 853 εἰρήκαμεν;
1695 813 1749 843 Καὶ
1768 813 1820 853 γὰρ

1046 859 1091 888 καὶ
1103 862 1179 898 ἡμεῖς
1192 859 1252 899 χθὲς
1269 860 1457 899 ἀπελαύσαμεν
1475 860 1622 899 τραπέζης,
1644 860 1689 889 καὶ
1706 861 1730 889 οἱ
1750 861 1820 890 ἄπο-

1046 905 1193 945 λειφθέντες
1213 907 1261 935 οὔκ
1276 906 1471 945 ἐζημιώθησαν.
1486 906 1540 936 Καὶ
1553 905 1656 945 ἐγένετο
1669 908 1715 935 τοῦ
1731 907 1820 935 ἐνιαυ-

1047 953 1102 986 τοῦ,
1117 946 1146 979 οὗ
1160 951 1287 981 ἀπέθανεν
1301 951 1391 986 Ὀζίας
1402 955 1416 982 6
1429 951 1561 992 βασιλεὺς,
1576 947 1644 981 εἶδον
1662 952 1706 981 τὸν
1721 951 1820 991 Κύριον

1047 997 1196 1035 καθήμενον
1220 992 1264 1027 ἐπὶ
1287 992 1377 1038 θρόνου
1398 999 1499 1038 ὑψηλοῦ
1519 997 1565 1028 καὶ
1592 997 1752 1037 ἐπηρμένου.
1771 997 1820 1031 Τίς

1046 1043 1131 1072 ταῦτά
1157 1055 1254 1084 φησιν;
1273 1043 1400 1079 ἹῙσαΐας,
1419 1045 1433 1073 6
1452 1044 1547 1083 θεωρὸς
1570 1045 1623 1073 τῶν
1637 1044 1790 1084 Σεραφεὶμ,
1805 1046 1820 1073 6

1047 1089 1125 1129 γάμῳ
1134 1090 1272 1128 ὁμιλήσας,
1287 1089 1332 1119 καὶ
1345 1090 1392 1127 τὴν
1404 1090 1482 1130 χάριν
1496 1090 1533 1129 μὴ
1548 1090 1656 1124 σὸέσας.
1670 1090 1729 1121 Καὶ·
1737 1102 1821 1130 προσ-

1048 1135 1181 1175 εσχήκατε
1203 1137 1241 1175 τῷ
1259 1135 1381 1176 προφήτῃ
1390 1158 1398 1172 ,
1420 1136 1466 1166 καὶ
1479 1135 1611 1172 ἠκούσατε
1624 1138 1670 1165 τοῦ
1683 1135 1820 1176 προφήτου

1049 1182 1164 1222 σήμερον
1183 1194 1189 1201 ·
1221 1181 1331 1217 Ἔξελθε
1344 1206 1354 1220 ,
1381 1182 1413 1212 σὺ
1441 1182 1486 1212 καὶ
1514 1182 1621 1215 Ἰασοὶιὸ
1645 1184 1660 1211 6
1683 1182 1738 1216 υἱός
1764 1193 1819 1211 σου.

1049 1228 1202 1268 Ἀναγκαῖον
1223 1229 1268 1259 καὶ
1282 1231 1366 1259 ταῦτα
1381 1228 1418 1268 μὴ
1439 1229 1631 1269 παραδραμεῖν.
1645 1228 1755 1263 Ἔξελθε
1765 1251 1774 1265 ,
1788 1227 1820 1258 σὺ

1048 1274 1093 1304 καὶ
1114 1277 1127 1304 6
1146 1275 1199 1309 υἱός
1221 1287 1277 1306 σου.
1294 1275 1358 1306 Υῖὸν
1382 1271 1452 1316 εἶχεν
1466 1278 1481 1306 6
1493 1274 1649 1316 προφήτηςῑ
1671 1277 1776 1305 Οὐκοῦν
1797 1277 1821 1304 εἰ

1048 1321 1113 1357 υἱὸν,
1127 1322 1172 1351 καὶ
1185 1322 1368 1362 γυναῖκα,,ἴνα
1392 1321 1477 1362 μάθῃς
1488 1345 1496 1359 ,
1511 1325 1522 1338 ⁰
1532 1321 1574 1351 ὅτι
1586 1322 1615 1351 οὖ
1630 1322 1729 1362 φαῦλον
1743 1324 1757 1351 6
1769 1321 1821 1361 γά-

1048 1379 1113 1407 μος,
1141 1368 1210 1398 ἀλλὰ
1230 1368 1311 1398 κακὸν
1333 1371 1350 1405 ἡ
1372 1368 1489 1409 πορνεία.
1505 1367 1575 1398 Ἀλλ’
1600 1367 1692 1404 ἐπειδὴ
1714 1369 1822 1402 πολλοῖς

1047 1426 1102 1443 τισι
1116 1414 1305 1454 διαλεγόμεθα,
1322 1414 1366 1444 καὶ
1379 1414 1501 1455 λέγομεν,
1513 1413 1557 1444 διὰ
1566 1413 1597 1451 ,τί
1611 1413 1648 1453 μὴ
1663 1415 1745 1454 ὀρθῶς
1759 1414 1821 1452 ζῇς,

1049 1460 1092 1488 διὰ
1105 1459 1131 1489 τί
1151 1460 1188 1499 μὴ
1205 1460 1260 1500 βίον
1275 1461 1372 1501 ἀκριὸἧ
1391 1459 1586 1496 ἔπιδείκνυσαι;
1608 1461 1665 1493 πῶς
1679 1458 1819 1498 δύναμαι,

1049 1505 1138 1545 φησὶν,
1154 1505 1200 1535 ἐὰν
1222 1505 1259 1545 μὴ
1278 1506 1451 1546 ἀποτάξωμαι
1471 1505 1590 1545 γυναικὶ,
1605 1505 1649 1535 ἐὰν
1666 1505 1703 1544 μὴ
1718 1505 1819 1535 ἀποτά-

1050 1551 1134 1589 ξωμαι
1148 1552 1278 1589 παιδίοις,
1294 1552 1339 1581 ἐὰν
1355 1551 1392 1591 μὴ
1407 1552 1581 1591 ἀποτάξωμαι
1594 1551 1754 1591 πράγμασι;
1769 1550 1822 1580 Διὰ

1049 1596 1091 1633 τί,
1107 1597 1144 1636 μὴ
1157 1597 1269 1637 κώλυμα
1280 1601 1294 1628 6
1307 1598 1405 1637 γάμος;
1420 1598 1518 1633 Βοηθός
1532 1610 1574 1627 σοι
1588 1597 1692 1627 δέδοται
1704 1600 1721 1633 ἡ
1735 1596 1819 1637 γυνὴ,
1843 1600 1846 1603 ’

1050 1643 1087 1682 μὴ
1102 1643 1248 1678 ἐπίὸουλος.
1258 1643 1292 1673 Ὁ
1305 1644 1443 1684 προφήτης
1456 1646 1485 1673 οὖ
1496 1648 1609 1683 γυναῖκα
1623 1639 1679 1684 εἶχε
1686 1657 1695 1681 ;
1709 1644 1762 1673 Καὶ
1774 1645 1822 1673 οὐκ

1050 1689 1152 1728 ἐγένετο
1166 1689 1279 1728 κώλυμα
1291 1690 1356 1719 ι’τοῦ
1374 1689 1531 1729 Πνεύματος
1545 1692 1559 1720 6
1576 1690 1660 1729 γάμος
1671 1702 1678 1709 ·
1692 1689 1761 1719 ἀλλὰ
1776 1690 1822 1720 καὶ

1050 1734 1146 1774 ὡμίλει
1159 1738 1192 1775 τῇ
1205 1736 1324 1775 γυναικὶ,
1341 1736 1386 1766 καὶ
1402 1736 1539 1777 προφήτης
1553 1732 1597 1773 ἦν.
1612 1736 1647 1767 ‘O
1660 1738 1778 1772 Μωῦσῆς
1792 1738 1821 1778 οὗ

1050 1782 1254 1822 γυναῖκαηέσχῆ
1276 1782 1330 1811 Καὶ
1349 1782 1446 1822 πέτρας
1465 1782 1573 1824 ἔῤῥηξε,
1595 1782 1640 1812 καὶ
1656 1782 1722 1823 ἀέρα
1742 1782 1822 1823 μετέ,-

1051 1827 1131 1863 ὅαλε,
1151 1827 1196 1856 καὶ
1217 1829 1280 1868 Θεῷ
1303 1828 1441 1867 διελέγετο,
1461 1829 1506 1857 καὶ
1519 1828 1645 1864 θεήλατον
1659 1828 1739 1868 ὀργὴν
1759 1828 1822 1857 ἀνέ-

1051 1874 1163 1902 στειλεν.
1180 1873 1214 1903 ‘O
1229 1873 1349 1913 Ἀδραὰμ
1363 1874 1422 1913 οὐχὶ
1441 1879 1552 1913 γυναῖκα
1565 1875 1646 1915 ἔσχε,
1659 1874 1713 1904 Καὶ
1731 1874 1821 1914 πατὴρ

1051 1918 1153 1958 ἐγένετο
1171 1920 1260 1955 ἐθνῶν,
1284 1919 1328 1949 καὶ
1348 1921 1396 1955 τῆς
1410 1920 1571 1957 Ἐκκλησίας
1584 1930 1591 1939 ·
1604 1920 1649 1950 τὸν
1662 1920 1714 1960 γὰρ
1729 1920 1822 1950 Ἰσαὰκ

1050 1965 1105 1994 υἱὸν
1119 1959 1175 2004 εἶχε
1184 1986 1192 2000 ,
1205 1964 1250 1994 καὶ
1264 1964 1341 1998 αὐτὸς
1352 1965 1454 2004 ἐγένετο
1465 1965 1676 2006 κατορθωμάτων
1689 1966 1821 2000 ὑπόθεσις.

1051 2011 1110 2040 Οὔκ
1121 2010 1246 2050 ἀνήνεγκε
1259 2010 1290 2040 τὸ
1303 2011 1418 2048 παιδίον,
1430 2012 1474 2040 τὸν
1485 2012 1585 2051 καρπὸν
1599 2015 1644 2041 τοῦ
1655 2012 1759 2051 γάμου,
1773 2014 1822 2042 οὐκ

1050 2054 1153 2094 ἐγένετο
1173 2055 1219 2084 καὶ
1232 2056 1321 2096 πατὴρ
1344 2056 1389 2086 καὶ
1407 2057 1539 2098 φιλόθεος;
1554 2059 1602 2087 οὐκ
1620 2054 1652 2094 ἦν
1674 2059 1737 2087 ἰδεῖν
1749 2059 1822 2098 ἱερέα

1050 2100 1078 2135 ἐξ
1092 2101 1194 2130 οἰκείων
1209 2102 1368 2142 σπλάγχνων
1381 2103 1536 2142 γενόμενον;
1551 2103 1623 2144 ἱερέα
1641 2104 1687 2134 καὶ
1700 2105 1822 2144 πατέρας

1051 2146 1127 2187 φύσιν
1142 2147 1298 2186 νικωμένην,
1318 2148 1363 2178 καὶ
1386 2149 1524 2186 εὐλάὸειαν
1538 2153 1685 2190 κρατοῦσαν
1694 2164 1702 2188 3
1719 2151 1823 2190 σπλάγ-

1051 2205 1103 2233 χνα
1124 2193 1291 2232 πατούμενα,
1306 2195 1351 2224 καὶ
1364 2195 1557 2234 κατορθώματα
1575 2197 1670 2232 :saec-72
1689 2196 1823 2237 περιγινό-

1053 2250 1134 2277 μενα,
1150 2239 1193 2269 καὶ
1208 2239 1252 2269 τὸν
1265 2240 1368 2280 πατέρα
1382 2239 1507 2280 λυόμενον
1515 2264 1523 2277 ,
1537 2242 1582 2271 καὶ
1594 2242 1710 2282 φιλόθεον
1723 2254 1823 2283 στεφα-

1052 2286 1193 2326 νούμενον;
1217 2288 1265 2317 οὔκ
1286 2284 1351 2322 εἶδες
1376 2288 1434 2318 δ’λον
1456 2289 1599 2329 φιλόπαιδα
1617 2290 1663 2319 καὶ
1687 2291 1824 2331 φιλόθεον;

255 2344 388 2374 naturam,
411 2337 518 2367 vincere
538 2337 682 2376 pietatem?
702 2338 805 2367 viscera
824 2340 976 2369 conculcari
988 2363 1042 2384 ,124
1053 2337 1119 2376 μήτι
1132 2337 1262 2368 ἐκώλυσεν
1276 2341 1290 2368 6
1301 2339 1399 2378 γάμος;
1415 2339 1451 2370 Τί
1465 2339 1492 2370 δὲ
1507 2343 1525 2376 ἡ
1542 2340 1631 2381 μήτηρ
1644 2343 1696 2370 τῶν
1710 2343 1823 2371 Μακκα-

256 2382 353 2423 piaque
365 2383 432 2412 facta
441 2382 695 2423 superare'z'Patrem
705 2383 855 2424 dejici,Dei
866 2392 996 2415 amantem
1015 2395 1035 2416 A
1054 2387 1150 2424 6αίων;
1168 2389 1227 2428 οὐχὶ
1240 2388 1305 2428 γυνὴ
1326 2385 1357 2425 ἦν
1367 2401 1376 2426 3
1391 2390 1450 2430 οὐχὶ
1469 2390 1538 2420 ἑπτὰ
1552 2391 1648 2421 δέδωκε
1667 2393 1763 2425 παῖδας
1783 2394 1822 2431 τῷ

289 2490 299 2501 t·
317 2482 365 2507 Alii
375 2483 432 2506 Mss.
440 2481 476 2515 [et.
486 2481 562 2507 Savil.
576 2482 600 2506 in
611 2482 691 2514 textu]
703 2485 803 2517 οὐράνιον
814 2487 901 2518 fimet
911 2483 1012 2517 melius,

258 2521 299 2546 sed
313 2522 431 2545 Erasmus
445 2520 504 2554 legit
517 2523 623 2556 οὐρανοῦ,
640 2526 668 2545 ut
685 2520 761 2546 babet
773 2522 859 2549 Morel.
873 2524 915 2555 [et
927 2532 1013 2557 margo

257 2561 327 2592 Saxa]
338 2559 413 2584 Paulo
426 2565 482 2592 post
495 2558 568 2584 iidem
581 2562 725 2592 [Ambra-ari:-

1096 2486 1111 2505 Ι»
1129 2485 1175 2510 Alii
1185 2486 1242 2510 Mss.
1257 2491 1298 2516 τὴν
1307 2490 1433 2521 παρουσίαν
1444 2490 1497 2520 ἡμῖν
1508 2492 1549 2518 τὴν
1561 2490 1654 2515 ἑαυτῶν.

1098 2531 1109 2543 c
1126 2524 1193 2549 Alius
1206 2529 1240 2551 ὅτι
1250 2528 1275 2551 οὗ
1287 2529 1368 2559 ,φαῦλος
1377 2529 1480 2560 &Wag-

1097 2563 1110 2582 ‘1
1127 2564 1189 2588 Tres
1200 2564 1257 2588 MSS.
1271 2568 1310 2590 τοῦ
1321 2567 1447 2597 πνεύματος
1459 2570 1472 2597 ἡ
1482 2571 1553 2600 χάρις,
1566 2564 1637 2590 male.
