<?xml version="1.0" encoding="UTF-8"?>
<!DOCTYPE html PUBLIC "-//W3C//DTD XHTML 1.0 Transitional//EN"
    "http://www.w3.org/TR/xhtml1/DTD/xhtml1-transitional.dtd">
<html xmlns="http://www.w3.org/1999/xhtml" xml:lang="en" lang="en">
 <head>
  <title>
</title>
<meta http-equiv="Content-Type" content="text/html;charset=utf-8" />
  <meta name='ocr-system' content='tesseract 3.04.00' />
  <meta name='ocr-capabilities' content='ocr_page ocr_carea ocr_par ocr_line ocrx_word'/>
</head>
<body>
  <div class='ocr_page' id='page_1' title='image "./operaomniaquaeex06johnuoft_0907.png"; bbox 0 0 1904 2840; ppageno 0'>
   <div class='ocr_carea' id='block_1_1' title="bbox 630 171 1650 219">
    <p class='ocr_par' dir='ltr' id='par_1_1' title="bbox 630 171 1650 219">
     <span class='ocr_line' id='line_1_1' title="bbox 630 171 1650 219; baseline 0.005 -19"><span class='ocrx_word' id='word_1_1' title='bbox 630 179 663 201; x_wconf 73' lang='lat' dir='ltr'><em>iu</em></span> <span class='ocrx_word' id='word_1_2' title='bbox 690 177 894 202; x_wconf 72' lang='lat' dir='ltr'><em>MATTflAEum.</em></span> <span class='ocrx_word' id='word_1_3' title='bbox 923 177 1043 201; x_wconf 64' lang='lat' dir='ltr'><em>uoluit.</em></span> <span class='ocrx_word' id='word_1_4' title='bbox 1072 179 1180 203; x_wconf 84' lang='lat' dir='ltr'>xxxv.</span> <span class='ocrx_word' id='word_1_5' title='bbox 1583 171 1650 219; x_wconf 88' lang='lat'><em>887</em></span> 
     </span>
    </p>
   </div>
   <div class='ocr_carea' id='block_1_2' title="bbox 112 239 1780 675">
    <p class='ocr_par' dir='ltr' id='par_1_2' title="bbox 116 239 1651 284">
     <span class='ocr_line' id='line_1_2' title="bbox 116 239 1651 284; baseline 0.003 -14"><span class='ocrx_word' id='word_1_6' title='bbox 116 242 233 278; x_wconf 85' lang='lat' dir='ltr'><em>petatis.</em></span> <span class='ocrx_word' id='word_1_7' title='bbox 253 239 381 270; x_wconf 76' lang='lat' dir='ltr'><em>Potestis</em></span> <span class='ocrx_word' id='word_1_8' title='bbox 391 240 489 270; x_wconf 75' lang='lat' dir='ltr'><em>biber-e</em></span> <span class='ocrx_word' id='word_1_9' title='bbox 501 239 632 275; x_wconf 76' lang='lat' dir='ltr'><strong><em>calicem,</em></strong></span> <span class='ocrx_word' id='word_1_10' title='bbox 651 249 737 279; x_wconf 88' lang='lat' dir='ltr'><em>quem</em></span> <span class='ocrx_word' id='word_1_11' title='bbox 749 248 800 278; x_wconf 78' lang='lat' dir='ltr'><em>ego</em></span> <span class='ocrx_word' id='word_1_12' title='bbox 812 239 857 267; x_wconf 79' lang='lat' dir='ltr'><em>bi·</em></span> <span class='ocrx_word' id='word_1_13' title='bbox 876 241 896 264; x_wconf 78' lang='grc' dir='ltr'><strong>Α</strong></span> <span class='ocrx_word' id='word_1_14' title='bbox 914 249 1015 275; x_wconf 79' lang='lat' dir='ltr'><em>omnes,</em></span> <span class='ocrx_word' id='word_1_15' title='bbox 1028 247 1054 269; x_wconf 87' lang='lat' dir='ltr'><em>et</em></span> <span class='ocrx_word' id='word_1_16' title='bbox 1073 241 1259 280; x_wconf 87' lang='lat' dir='ltr'><em>relinquerunt</em></span> <span class='ocrx_word' id='word_1_17' title='bbox 1269 253 1332 273; x_wconf 87' lang='lat' dir='ltr'><em>cum</em></span> <span class='ocrx_word' id='word_1_18' title='bbox 1347 255 1353 272; x_wconf 93' lang='lat'><strong>:</strong></span> <span class='ocrx_word' id='word_1_19' title='bbox 1370 251 1470 283; x_wconf 87' lang='lat' dir='ltr'><em>quanto</em></span> <span class='ocrx_word' id='word_1_20' title='bbox 1480 244 1565 284; x_wconf 78' lang='lat' dir='ltr'><em>magis</em></span> <span class='ocrx_word' id='word_1_21' title='bbox 1574 255 1651 275; x_wconf 86' lang='lat' dir='ltr'><em>scan-</em></span> 
     </span>
    </p>

    <p class='ocr_par' dir='ltr' id='par_1_3' title="bbox 122 278 1651 322">
     <span class='ocr_line' id='line_1_3' title="bbox 122 278 1651 322; baseline 0.005 -14"><span class='ocrx_word' id='word_1_22' title='bbox 122 281 233 309; x_wconf 83' lang='lat' dir='ltr'><em>biturus</em></span> <span class='ocrx_word' id='word_1_23' title='bbox 245 289 310 308; x_wconf 87' lang='lat' dir='ltr'><em>sum</em></span> <span class='ocrx_word' id='word_1_24' title='bbox 320 281 334 307; x_wconf 74' lang='lat' dir='ltr'><em>i·</em></span> <span class='ocrx_word' id='word_1_25' title='bbox 347 279 463 308; x_wconf 81' lang='lat' dir='ltr'><em>Dicunt</em></span> <span class='ocrx_word' id='word_1_26' title='bbox 479 281 507 308; x_wconf 87' lang='lat' dir='ltr'><em>ei</em></span> <span class='ocrx_word' id='word_1_27' title='bbox 518 290 527 307; x_wconf 74' lang='grc' dir='ltr'><strong><em>ε</em></strong></span> <span class='ocrx_word' id='word_1_28' title='bbox 549 279 720 308; x_wconf 83' lang='lat' dir='ltr'><strong><em>Possumus.</em></strong></span> <span class='ocrx_word' id='word_1_29' title='bbox 735 279 787 307; x_wconf 75' lang='lat'><em>25.</em></span> <span class='ocrx_word' id='word_1_30' title='bbox 802 278 858 307; x_wconf 82' lang='lat' dir='ltr'><em>Ait</em></span> <span class='ocrx_word' id='word_1_31' title='bbox 912 278 1047 308; x_wconf 75' lang='lat' dir='ltr'><em>dalizandi</em></span> <span class='ocrx_word' id='word_1_32' title='bbox 1073 281 1178 310; x_wconf 83' lang='lat' dir='ltr'><em>fuerant</em></span> <span class='ocrx_word' id='word_1_33' title='bbox 1189 305 1196 319; x_wconf 87' lang='lat'><strong>‚</strong></span> <span class='ocrx_word' id='word_1_34' title='bbox 1221 282 1243 311; x_wconf 89' lang='lat' dir='ltr'><em>si</em></span> <span class='ocrx_word' id='word_1_35' title='bbox 1266 283 1418 322; x_wconf 83' lang='lat' dir='ltr'><em>praemoniti</em></span> <span class='ocrx_word' id='word_1_36' title='bbox 1440 294 1493 313; x_wconf 90' lang='lat' dir='ltr'><em>non</em></span> <span class='ocrx_word' id='word_1_37' title='bbox 1512 284 1623 315; x_wconf 80' lang='lat' dir='ltr'><em>tuissent</em></span> <span class='ocrx_word' id='word_1_38' title='bbox 1636 286 1651 315; x_wconf 77' lang='grc' dir='ltr'><em>Ξ)</em></span> 
     </span>
    </p>

    <p class='ocr_par' dir='ltr' id='par_1_4' title="bbox 117 318 1650 361">
     <span class='ocr_line' id='line_1_4' title="bbox 117 318 1650 361; baseline 0.004 -13"><span class='ocrx_word' id='word_1_39' title='bbox 117 319 180 349; x_wconf 88' lang='lat' dir='ltr'><em>illis</em></span> <span class='ocrx_word' id='word_1_40' title='bbox 199 331 208 347; x_wconf 68' lang='grc' dir='ltr'><strong><em>ε</em></strong></span> <span class='ocrx_word' id='word_1_41' title='bbox 222 319 350 349; x_wconf 83' lang='lat' dir='ltr'><em>Calicem</em></span> <span class='ocrx_word' id='word_1_42' title='bbox 366 318 487 357; x_wconf 86' lang='lat' dir='ltr'><em>&#39;quidem</em></span> <span class='ocrx_word' id='word_1_43' title='bbox 502 329 597 347; x_wconf 88' lang='lat' dir='ltr'><em>meum</em></span> <span class='ocrx_word' id='word_1_44' title='bbox 619 318 735 353; x_wconf 86' lang='lat' dir='ltr'><em>bibetis,</em></span> <span class='ocrx_word' id='word_1_45' title='bbox 757 318 857 346; x_wconf 86' lang='lat' dir='ltr'><em>sedere</em></span> <span class='ocrx_word' id='word_1_46' title='bbox 910 318 1051 356; x_wconf 87' lang='lat' dir='ltr'>Numquid</span> <span class='ocrx_word' id='word_1_47' title='bbox 1064 329 1116 349; x_wconf 92' lang='lat' dir='ltr'><em>non</em></span> <span class='ocrx_word' id='word_1_48' title='bbox 1129 330 1158 349; x_wconf 87' lang='lat' dir='ltr'><em>se</em></span> <span class='ocrx_word' id='word_1_49' title='bbox 1179 330 1407 361; x_wconf 77' lang='lat' dir='ltr'><em>praeparaverunt,</em></span> <span class='ocrx_word' id='word_1_50' title='bbox 1422 333 1487 353; x_wconf 89' lang='lat' dir='ltr'><em>num</em></span> <span class='ocrx_word' id='word_1_51' title='bbox 1501 330 1650 356; x_wconf 86' lang='lat' dir='ltr'><em>statuerunt</em></span> 
     </span>
    </p>

    <p class='ocr_par' dir='ltr' id='par_1_5' title="bbox 117 356 1649 401">
     <span class='ocr_line' id='line_1_5' title="bbox 117 356 1649 401; baseline 0.005 -14"><span class='ocrx_word' id='word_1_52' title='bbox 117 364 215 388; x_wconf 85' lang='lat' dir='ltr'><em>autem</em></span> <span class='ocrx_word' id='word_1_53' title='bbox 228 359 269 388; x_wconf 86' lang='lat' dir='ltr'><em>ad</em></span> <span class='ocrx_word' id='word_1_54' title='bbox 277 359 427 388; x_wconf 72' lang='lat' dir='ltr'><em>dexteram</em></span> <span class='ocrx_word' id='word_1_55' title='bbox 441 369 547 395; x_wconf 87' lang='lat' dir='ltr'><em>meam,</em></span> <span class='ocrx_word' id='word_1_56' title='bbox 560 358 612 387; x_wconf 81' lang='lat' dir='ltr'><em>vel</em></span> <span class='ocrx_word' id='word_1_57' title='bbox 619 359 779 394; x_wconf 84' lang='lat' dir='ltr'><em>sinistram,</em></span> <span class='ocrx_word' id='word_1_58' title='bbox 795 367 855 386; x_wconf 84' lang='lat' dir='ltr'><em>non</em></span> <span class='ocrx_word' id='word_1_59' title='bbox 910 356 938 386; x_wconf 88' lang='lat' dir='ltr'><em>in</em></span> <span class='ocrx_word' id='word_1_60' title='bbox 957 357 1046 387; x_wconf 88' lang='lat' dir='ltr'><em>animo</em></span> <span class='ocrx_word' id='word_1_61' title='bbox 1069 369 1118 388; x_wconf 89' lang='lat' dir='ltr'><em>suo</em></span> <span class='ocrx_word' id='word_1_62' title='bbox 1132 366 1162 389; x_wconf 91' lang='lat' dir='ltr'><em>ut</em></span> <span class='ocrx_word' id='word_1_63' title='bbox 1184 370 1237 390; x_wconf 89' lang='lat' dir='ltr'><em>nou</em></span> <span class='ocrx_word' id='word_1_64' title='bbox 1250 363 1478 401; x_wconf 75' lang='lat' dir='ltr'><em>expavescerent?</em></span> <span class='ocrx_word' id='word_1_65' title='bbox 1492 363 1523 393; x_wconf 82' lang='lat' dir='ltr'><em>Si</em></span> <span class='ocrx_word' id='word_1_66' title='bbox 1536 364 1607 394; x_wconf 91' lang='lat' dir='ltr'><em>enim</em></span> <span class='ocrx_word' id='word_1_67' title='bbox 1620 375 1649 395; x_wconf 85' lang='lat' dir='ltr'><em>se</em></span> 
     </span>
    </p>

    <p class='ocr_par' dir='ltr' id='par_1_6' title="bbox 115 398 1648 441">
     <span class='ocr_line' id='line_1_6' title="bbox 115 398 1648 441; baseline 0.004 -14"><span class='ocrx_word' id='word_1_68' title='bbox 115 403 158 427; x_wconf 82' lang='lat' dir='ltr'><em>est</em></span> <span class='ocrx_word' id='word_1_69' title='bbox 173 408 268 427; x_wconf 86' lang='lat' dir='ltr'><em>meum</em></span> <span class='ocrx_word' id='word_1_70' title='bbox 280 398 353 428; x_wconf 84' lang='lat' dir='ltr'><em>dare</em></span> <span class='ocrx_word' id='word_1_71' title='bbox 366 399 463 433; x_wconf 79' lang='lat' dir='ltr'><em>vobis,</em></span> <span class='ocrx_word' id='word_1_72' title='bbox 480 399 533 427; x_wconf 87' lang='lat' dir='ltr'><em>sed</em></span> <span class='ocrx_word' id='word_1_73' title='bbox 543 399 648 438; x_wconf 85' lang='lat' dir='ltr'><em>quibus</em></span> <span class='ocrx_word' id='word_1_74' title='bbox 663 403 800 437; x_wconf 75' lang='lat' dir='ltr'><em>paratum</em></span> <span class='ocrx_word' id='word_1_75' title='bbox 813 403 856 426; x_wconf 81' lang='lat' dir='ltr'><em>est</em></span> <span class='ocrx_word' id='word_1_76' title='bbox 909 406 962 426; x_wconf 87' lang='lat' dir='ltr'><em>non</em></span> <span class='ocrx_word' id='word_1_77' title='bbox 994 406 1176 437; x_wconf 84' lang='lat' dir='ltr'><em>raeparassent,</em></span> <span class='ocrx_word' id='word_1_78' title='bbox 1191 410 1243 429; x_wconf 90' lang='lat' dir='ltr'><em>non</em></span> <span class='ocrx_word' id='word_1_79' title='bbox 1258 401 1441 441; x_wconf 85' lang='lat' dir='ltr'><em>promisissent</em></span> <span class='ocrx_word' id='word_1_80' title='bbox 1455 412 1507 432; x_wconf 87' lang='lat' dir='ltr'><em>una</em></span> <span class='ocrx_word' id='word_1_81' title='bbox 1522 414 1584 433; x_wconf 85' lang='lat' dir='ltr'><em>cum</em></span> <span class='ocrx_word' id='word_1_82' title='bbox 1597 405 1648 434; x_wconf 90' lang='lat' dir='ltr'><em>Pe-</em></span> 
     </span>
    </p>

    <p class='ocr_par' dir='ltr' id='par_1_7' title="bbox 112 436 1780 675">
     <span class='ocr_line' id='line_1_7' title="bbox 116 436 1780 479; baseline 0.003 -13"><span class='ocrx_word' id='word_1_83' title='bbox 116 446 138 466; x_wconf 84' lang='lat' dir='ltr'><em>a</em></span> <span class='ocrx_word' id='word_1_84' title='bbox 149 438 240 467; x_wconf 83' lang='lat' dir='ltr'><em>Patre</em></span> <span class='ocrx_word' id='word_1_85' title='bbox 246 439 422 468; x_wconf 58' lang='lat' dir='ltr'><em>meoAEAEJ-Jt</em></span> <span class='ocrx_word' id='word_1_86' title='bbox 431 438 583 467; x_wconf 80' lang='lat' dir='ltr'><strong><em>audientes</em></strong></span> <span class='ocrx_word' id='word_1_87' title='bbox 593 437 855 474; x_wconf 77' lang='lat' dir='ltr'><em>decem‚indignati</em></span> <span class='ocrx_word' id='word_1_88' title='bbox 910 442 950 465; x_wconf 89' lang='lat' dir='ltr'><em>tro</em></span> <span class='ocrx_word' id='word_1_89' title='bbox 986 436 1092 470; x_wconf 78' lang='lat' dir='ltr'><em>iceutes,</em></span> <span class='ocrx_word' id='word_1_90' title='bbox 1106 439 1212 469; x_wconf 84' lang='lat' dir='ltr'><em>Parati</em></span> <span class='ocrx_word' id='word_1_91' title='bbox 1224 450 1322 470; x_wconf 86' lang='lat' dir='ltr'><em>sumus</em></span> <span class='ocrx_word' id='word_1_92' title='bbox 1336 448 1428 471; x_wconf 85' lang='lat' dir='ltr'><em>tecum</em></span> <span class='ocrx_word' id='word_1_93' title='bbox 1447 444 1490 471; x_wconf 84' lang='lat' dir='ltr'><em>ire</em></span> <span class='ocrx_word' id='word_1_94' title='bbox 1502 453 1536 472; x_wconf 89' lang='lat' dir='ltr'><em>us</em></span> <span class='ocrx_word' id='word_1_95' title='bbox 1558 454 1594 472; x_wconf 87' lang='lat' dir='ltr'><em>ue</em></span> <span class='ocrx_word' id='word_1_96' title='bbox 1605 445 1648 473; x_wconf 87' lang='lat' dir='ltr'><em>ad</em></span> <span class='ocrx_word' id='word_1_97' title='bbox 1655 448 1732 471; x_wconf 80' lang='lat' dir='ltr'><em>Marc.</em></span> <span class='ocrx_word' id='word_1_98' title='bbox 1745 449 1780 479; x_wconf 73' lang='lat'><em>14.</em></span> 
     </span>
     <span class='ocr_line' id='line_1_8' title="bbox 114 454 1694 520; baseline 0.005 -15"><span class='ocrx_word' id='word_1_99' title='bbox 114 483 185 507; x_wconf 83' lang='lat' dir='ltr'><em>sunt</em></span> <span class='ocrx_word' id='word_1_100' title='bbox 197 478 234 506; x_wconf 82' lang='lat' dir='ltr'><em>de</em></span> <span class='ocrx_word' id='word_1_101' title='bbox 246 478 358 507; x_wconf 83' lang='lat' dir='ltr'><em>duobus</em></span> <span class='ocrx_word' id='word_1_102' title='bbox 360 478 521 519; x_wconf 83' lang='lat' dir='ltr'><em>fratribus.</em></span> <span class='ocrx_word' id='word_1_103' title='bbox 536 477 586 507; x_wconf 74' lang='lat'><em>25.</em></span> <span class='ocrx_word' id='word_1_104' title='bbox 602 478 689 506; x_wconf 77' lang='lat' dir='ltr'><em>Iesus</em></span> <span class='ocrx_word' id='word_1_105' title='bbox 700 482 854 506; x_wconf 77' lang='lat' dir='ltr'><em>autemvo-</em></span> <span class='ocrx_word' id='word_1_106' title='bbox 909 483 1040 505; x_wconf 82' lang='lat' dir='ltr'><em>mortem.</em></span> <span class='ocrx_word' id='word_1_107' title='bbox 1056 477 1111 507; x_wconf 89' lang='lat' dir='ltr'><em>Sed</em></span> <span class='ocrx_word' id='word_1_108' title='bbox 1131 478 1158 508; x_wconf 89' lang='lat' dir='ltr'><em>in</em></span> <span class='ocrx_word' id='word_1_109' title='bbox 1175 478 1223 508; x_wconf 88' lang='lat' dir='ltr'><em>illa</em></span> <span class='ocrx_word' id='word_1_110' title='bbox 1236 480 1303 509; x_wconf 88' lang='lat' dir='ltr'><em>hora</em></span> <span class='ocrx_word' id='word_1_111' title='bbox 1326 480 1394 510; x_wconf 77' lang='lat' dir='ltr'><em>fides</em></span> <span class='ocrx_word' id='word_1_112' title='bbox 1419 491 1514 510; x_wconf 89' lang='lat' dir='ltr'><em>eorum</em></span> <span class='ocrx_word' id='word_1_113' title='bbox 1536 454 1643 520; x_wconf 77' lang='lat' dir='ltr'><em>defecit,</em></span> <span class='ocrx_word' id='word_1_114' title='bbox 1655 480 1694 502; x_wconf 85' lang='lat'><em>³¹·</em></span> 
     </span>
     <span class='ocr_line' id='line_1_9' title="bbox 115 516 853 556; baseline -0.001 -11"><span class='ocrx_word' id='word_1_115' title='bbox 115 518 195 545; x_wconf 81' lang='lat' dir='ltr'><em>cavit</em></span> <span class='ocrx_word' id='word_1_116' title='bbox 211 527 259 546; x_wconf 89' lang='lat' dir='ltr'><em>eos</em></span> <span class='ocrx_word' id='word_1_117' title='bbox 275 517 317 546; x_wconf 87' lang='lat' dir='ltr'><em>ad</em></span> <span class='ocrx_word' id='word_1_118' title='bbox 335 527 375 553; x_wconf 89' lang='lat' dir='ltr'><em>se,</em></span> <span class='ocrx_word' id='word_1_119' title='bbox 387 523 417 547; x_wconf 83' lang='lat' dir='ltr'><em>et</em></span> <span class='ocrx_word' id='word_1_120' title='bbox 435 519 499 546; x_wconf 87' lang='lat' dir='ltr'><em>ait:</em></span> <span class='ocrx_word' id='word_1_121' title='bbox 511 516 596 545; x_wconf 82' lang='lat' dir='ltr'><em>Scitis</em></span> <span class='ocrx_word' id='word_1_122' title='bbox 618 517 688 556; x_wconf 82' lang='lat' dir='ltr'><em>quia</em></span> <span class='ocrx_word' id='word_1_123' title='bbox 709 517 853 555; x_wconf 78' lang='lat' dir='ltr'><strong><em>principes</em></strong></span> 
     </span>
     <span class='ocr_line' id='line_1_10' title="bbox 113 556 852 595; baseline 0 -11"><span class='ocrx_word' id='word_1_124' title='bbox 113 557 242 595; x_wconf 83' lang='lat' dir='ltr'><em>gentium</em></span> <span class='ocrx_word' id='word_1_125' title='bbox 262 557 453 586; x_wconf 82' lang='lat' dir='ltr'><em>dominantur·</em></span> <span class='ocrx_word' id='word_1_126' title='bbox 468 566 567 586; x_wconf 87' lang='lat' dir='ltr'><em>eorum</em></span> <span class='ocrx_word' id='word_1_127' title='bbox 583 567 594 584; x_wconf 88' lang='grc'><em>.-</em></span> <span class='ocrx_word' id='word_1_128' title='bbox 608 562 636 585; x_wconf 84' lang='lat' dir='ltr'><em>et</em></span> <span class='ocrx_word' id='word_1_129' title='bbox 655 557 706 595; x_wconf 88' lang='lat' dir='ltr'><em>qui</em></span> <span class='ocrx_word' id='word_1_130' title='bbox 726 556 852 594; x_wconf 84' lang='lat' dir='ltr'><em>majores</em></span> 
     </span>
     <span class='ocr_line' id='line_1_11' title="bbox 113 595 852 634; baseline -0.003 -10"><span class='ocrx_word' id='word_1_131' title='bbox 113 602 192 632; x_wconf 83' lang='lat' dir='ltr'><em>sunt,</em></span> <span class='ocrx_word' id='word_1_132' title='bbox 206 602 378 634; x_wconf 81' lang='lat' dir='ltr'><em>potestatem</em></span> <span class='ocrx_word' id='word_1_133' title='bbox 391 602 526 626; x_wconf 77' lang='lat' dir='ltr'><strong><em>exercent</em></strong></span> <span class='ocrx_word' id='word_1_134' title='bbox 538 597 570 624; x_wconf 83' lang='lat' dir='ltr'><em>iri</em></span> <span class='ocrx_word' id='word_1_135' title='bbox 581 606 629 625; x_wconf 88' lang='lat' dir='ltr'><em>eos</em></span> <span class='ocrx_word' id='word_1_136' title='bbox 638 597 652 623; x_wconf 79' lang='grc' dir='ltr'><strong><em>Ρ</em></strong></span> <span class='ocrx_word' id='word_1_137' title='bbox 665 596 715 626; x_wconf 64' lang='lat'><em>26.</em></span> <span class='ocrx_word' id='word_1_138' title='bbox 730 595 798 624; x_wconf 85' lang='lat' dir='ltr'><em>Non</em></span> <span class='ocrx_word' id='word_1_139' title='bbox 808 596 852 623; x_wconf 84' lang='lat' dir='ltr'><em>ita</em></span> 
     </span>
     <span class='ocr_line' id='line_1_12' title="bbox 112 635 854 675; baseline 0 -13"><span class='ocrx_word' id='word_1_140' title='bbox 112 636 168 663; x_wconf 80' lang='lat' dir='ltr'><em>erit</em></span> <span class='ocrx_word' id='word_1_141' title='bbox 179 636 257 665; x_wconf 75' lang='lat' dir='ltr'><em>inter</em></span> <span class='ocrx_word' id='word_1_142' title='bbox 280 646 342 665; x_wconf 83' lang='lat' dir='ltr'><em>vos.</em></span> <span class='ocrx_word' id='word_1_143' title='bbox 354 635 413 665; x_wconf 81' lang='lat' dir='ltr'><em>Sed</em></span> <span class='ocrx_word' id='word_1_144' title='bbox 436 637 612 675; x_wconf 82' lang='lat' dir='ltr'><em>quicumque</em></span> <span class='ocrx_word' id='word_1_145' title='bbox 631 635 759 664; x_wconf 79' lang='lat' dir='ltr'><em>voluerit</em></span> <span class='ocrx_word' id='word_1_146' title='bbox 776 635 854 663; x_wconf 78' lang='lat' dir='ltr'><em>inter</em></span> 
     </span>
    </p>
   </div>
   <div class='ocr_carea' id='block_1_3' title="bbox 907 517 1795 678">
    <p class='ocr_par' dir='ltr' id='par_1_8' title="bbox 907 517 1645 560">
     <span class='ocr_line' id='line_1_13' title="bbox 907 517 1645 560; baseline 0.011 -16"><span class='ocrx_word' id='word_1_147' title='bbox 907 522 933 560; x_wconf 69' lang='lat' dir='ltr'><em>et</em></span> <span class='ocrx_word' id='word_1_148' title='bbox 950 517 1171 555; x_wconf 74' lang='lat' dir='ltr'><strong>praeparationem</strong></span> <span class='ocrx_word' id='word_1_149' title='bbox 1191 519 1287 548; x_wconf 79' lang='lat' dir='ltr'><em>animae</em></span> <span class='ocrx_word' id='word_1_150' title='bbox 1304 519 1444 549; x_wconf 86' lang='lat' dir='ltr'><em>absorbuit</em></span> <span class='ocrx_word' id='word_1_151' title='bbox 1455 521 1534 550; x_wconf 81' lang='lat' dir='ltr'><em>timor</em></span> <span class='ocrx_word' id='word_1_152' title='bbox 1553 533 1645 552; x_wconf 86' lang='lat' dir='ltr'><em>carna-</em></span> 
     </span>
    </p>

    <p class='ocr_par' dir='ltr' id='par_1_9' title="bbox 907 555 1795 678">
     <span class='ocr_line' id='line_1_14' title="bbox 907 555 1644 597; baseline 0.011 -14"><span class='ocrx_word' id='word_1_153' title='bbox 907 555 952 583; x_wconf 85' lang='lat' dir='ltr'><em>hs.</em></span> <span class='ocrx_word' id='word_1_154' title='bbox 979 556 1034 586; x_wconf 85' lang='lat' dir='ltr'><em>Vel</em></span> <span class='ocrx_word' id='word_1_155' title='bbox 1049 556 1110 585; x_wconf 89' lang='lat' dir='ltr'><em>ideo</em></span> <span class='ocrx_word' id='word_1_156' title='bbox 1131 557 1253 597; x_wconf 85' lang='lat' dir='ltr'><em>praedicit</em></span> <span class='ocrx_word' id='word_1_157' title='bbox 1271 558 1309 587; x_wconf 85' lang='lat' dir='ltr'><em>eis</em></span> <span class='ocrx_word' id='word_1_158' title='bbox 1331 559 1463 596; x_wconf 78' lang='lat' dir='ltr'><em>futurum,</em></span> <span class='ocrx_word' id='word_1_159' title='bbox 1481 567 1510 589; x_wconf 90' lang='lat' dir='ltr'><em>ut</em></span> <span class='ocrx_word' id='word_1_160' title='bbox 1523 561 1556 590; x_wconf 84' lang='lat' dir='ltr'><em>ah</em></span> <span class='ocrx_word' id='word_1_161' title='bbox 1569 561 1644 591; x_wconf 84' lang='lat' dir='ltr'><em>exitu</em></span> 
     </span>
     <span class='ocr_line' id='line_1_15' title="bbox 907 596 1795 641; baseline 0.009 -18"><span class='ocrx_word' id='word_1_162' title='bbox 907 596 1116 634; x_wconf 67' lang='lat' dir='ltr'><em>cognoscatur-1·</em></span> <span class='ocrx_word' id='word_1_163' title='bbox 1141 597 1307 641; x_wconf 67' lang='lat' dir='ltr'><em>praescientia</em></span> <span class='ocrx_word' id='word_1_164' title='bbox 1330 598 1388 637; x_wconf 77' lang='lat' dir='ltr'><em>ejus</em></span> <span class='ocrx_word' id='word_1_165' title='bbox 1413 611 1420 627; x_wconf 70' lang='grc' dir='ltr'><em>τ</em></span> <span class='ocrx_word' id='word_1_166' title='bbox 1445 610 1480 629; x_wconf 81' lang='lat' dir='ltr'><em>cx</em></span> <span class='ocrx_word' id='word_1_167' title='bbox 1503 602 1645 639; x_wconf 86' lang='lat' dir='ltr'><em>praescien-</em></span> <span class='ocrx_word' id='word_1_168' title='bbox 1677 611 1795 638; x_wconf 69' lang='lat' dir='ltr'><em>†proesen-</em></span> 
     </span>
     <span class='ocr_line' id='line_1_16' title="bbox 907 634 1698 678; baseline 0.01 -16"><span class='ocrx_word' id='word_1_169' title='bbox 907 634 943 662; x_wconf 86' lang='lat' dir='ltr'><em>tia</em></span> <span class='ocrx_word' id='word_1_170' title='bbox 958 641 1047 664; x_wconf 86' lang='lat' dir='ltr'><em>autem</em></span> <span class='ocrx_word' id='word_1_171' title='bbox 1064 636 1123 674; x_wconf 84' lang='lat' dir='ltr'><em>ejus</em></span> <span class='ocrx_word' id='word_1_172' title='bbox 1143 636 1309 675; x_wconf 81' lang='lat' dir='ltr'><em>intelligatur</em></span> <span class='ocrx_word' id='word_1_173' title='bbox 1317 636 1445 667; x_wconf 88' lang='lat' dir='ltr'><em>divinitas</em></span> <span class='ocrx_word' id='word_1_174' title='bbox 1458 639 1516 678; x_wconf 85' lang='lat' dir='ltr'><em>ejus</em></span> <span class='ocrx_word' id='word_1_175' title='bbox 1531 652 1538 668; x_wconf 90' lang='lat'>:</span> <span class='ocrx_word' id='word_1_176' title='bbox 1554 641 1644 670; x_wconf 88' lang='lat' dir='ltr'><em>eonsi-</em></span> <span class='ocrx_word' id='word_1_177' title='bbox 1655 640 1698 661; x_wconf 68' lang='lat'><strong><em>‘¹¹¹-</em></strong></span> 
     </span>
    </p>
   </div>
   <div class='ocr_carea' id='block_1_4' title="bbox 0 1201 7 2071">
    <p class='ocr_par' dir='ltr' id='par_1_10' title="bbox 0 1201 7 2071">
     <span class='ocr_line' id='line_1_17' title="bbox 0 1201 7 2071; baseline 0 0"><span class='ocrx_word' id='word_1_178' title='bbox 0 1201 7 2071; x_wconf 95' lang='lat' dir='ltr'><em> </em></span> 
     </span>
    </p>
   </div>
   <div class='ocr_carea' id='block_1_5' title="bbox 6 2034 21 2077">
    <p class='ocr_par' dir='ltr' id='par_1_11' title="bbox 6 2034 21 2077">
     <span class='ocr_line' id='line_1_18' title="bbox 6 2034 11 2044; baseline 0 0"><span class='ocrx_word' id='word_1_179' title='bbox 6 2034 11 2044; x_wconf 74' lang='grc' dir='ltr'>ι</span> 
     </span>
     <span class='ocr_line' id='line_1_19' title="bbox 8 2058 21 2077; baseline 0 -2"><span class='ocrx_word' id='word_1_180' title='bbox 8 2058 21 2077; x_wconf 61' lang='grc' dir='ltr'><em>,ἥ</em></span> 
     </span>
    </p>
   </div>
   <div class='ocr_carea' id='block_1_6' title="bbox 0 2083 7 2280">
    <p class='ocr_par' dir='ltr' id='par_1_12' title="bbox 0 2083 7 2280">
     <span class='ocr_line' id='line_1_20' title="bbox 0 2083 7 2170; baseline 0 0"><span class='ocrx_word' id='word_1_181' title='bbox 0 2083 7 2170; x_wconf 95' lang='lat' dir='ltr'><em>  </em></span> 
     </span>
     <span class='ocr_line' id='line_1_21' title="bbox 0 2170 6 2280; baseline 0 0"><span class='ocrx_word' id='word_1_182' title='bbox 0 2170 6 2280; x_wconf 95' lang='lat' dir='ltr'><em>  </em></span> 
     </span>
    </p>
   </div>
   <div class='ocr_carea' id='block_1_7' title="bbox 6 2257 79 2282">
    <p class='ocr_par' dir='ltr' id='par_1_13' title="bbox 6 2257 79 2282">
     <span class='ocr_line' id='line_1_22' title="bbox 6 2257 79 2282; baseline 0 -3"><span class='ocrx_word' id='word_1_183' title='bbox 6 2257 79 2282; x_wconf 58' lang='lat' dir='ltr'><em>fivil-</em></span> 
     </span>
    </p>
   </div>
   <div class='ocr_carea' id='block_1_8' title="bbox 0 2280 5 2795">
    <p class='ocr_par' dir='ltr' id='par_1_14' title="bbox 0 2280 5 2795">
     <span class='ocr_line' id='line_1_23' title="bbox 0 2280 5 2795; baseline 0 0"><span class='ocrx_word' id='word_1_184' title='bbox 0 2280 5 2795; x_wconf 95' lang='lat' dir='ltr'><em> </em></span> 
     </span>
    </p>
   </div>
   <div class='ocr_carea' id='block_1_9' title="bbox 109 674 851 830">
    <p class='ocr_par' dir='ltr' id='par_1_15' title="bbox 109 674 851 830">
     <span class='ocr_line' id='line_1_24' title="bbox 111 674 851 715; baseline -0.001 -13"><span class='ocrx_word' id='word_1_185' title='bbox 111 684 167 703; x_wconf 71' lang='lat' dir='ltr'><em>‘uos</em></span> <span class='ocrx_word' id='word_1_186' title='bbox 181 675 360 715; x_wconf 74' lang='lat' dir='ltr'><em>major-fieri,</em></span> <span class='ocrx_word' id='word_1_187' title='bbox 374 677 412 706; x_wconf 88' lang='lat' dir='ltr'><em>sit</em></span> <span class='ocrx_word' id='word_1_188' title='bbox 420 682 518 705; x_wconf 79' lang='lat' dir='ltr'><em>vester</em></span> <span class='ocrx_word' id='word_1_189' title='bbox 530 677 671 704; x_wconf 80' lang='lat' dir='ltr'><em>minister.</em></span> <span class='ocrx_word' id='word_1_190' title='bbox 684 675 734 703; x_wconf 75' lang='lat'><em>2⁷.</em></span> <span class='ocrx_word' id='word_1_191' title='bbox 749 674 792 703; x_wconf 79' lang='lat' dir='ltr'><em>Ee</em></span> <span class='ocrx_word' id='word_1_192' title='bbox 799 675 851 712; x_wconf 85' lang='lat' dir='ltr'><em>qui</em></span> 
     </span>
     <span class='ocr_line' id='line_1_25' title="bbox 111 714 850 754; baseline -0.001 -12"><span class='ocrx_word' id='word_1_193' title='bbox 111 714 240 744; x_wconf 81' lang='lat' dir='ltr'><em>voluerit</em></span> <span class='ocrx_word' id='word_1_194' title='bbox 253 716 331 744; x_wconf 78' lang='lat' dir='ltr'><em>inter</em></span> <span class='ocrx_word' id='word_1_195' title='bbox 340 725 395 746; x_wconf 81' lang='lat' dir='ltr'><em>vos</em></span> <span class='ocrx_word' id='word_1_196' title='bbox 405 717 515 754; x_wconf 87' lang='lat' dir='ltr'><em>primus</em></span> <span class='ocrx_word' id='word_1_197' title='bbox 527 724 599 750; x_wconf 81' lang='lat' dir='ltr'><em>esse,</em></span> <span class='ocrx_word' id='word_1_198' title='bbox 613 716 668 744; x_wconf 85' lang='lat' dir='ltr'><em>erit</em></span> <span class='ocrx_word' id='word_1_199' title='bbox 687 720 785 743; x_wconf 83' lang='lat' dir='ltr'><em>vester</em></span> <span class='ocrx_word' id='word_1_200' title='bbox 794 723 850 742; x_wconf 65' lang='lat' dir='ltr'><em>seri·</em></span> 
     </span>
     <span class='ocr_line' id='line_1_26' title="bbox 113 754 848 786; baseline -0.004 -3"><span class='ocrx_word' id='word_1_201' title='bbox 113 763 175 783; x_wconf 82' lang='lat' dir='ltr'><em>vus.</em></span> <span class='ocrx_word' id='word_1_202' title='bbox 191 755 242 786; x_wconf 80' lang='lat'><em>28.</em></span> <span class='ocrx_word' id='word_1_203' title='bbox 253 754 334 785; x_wconf 81' lang='lat' dir='ltr'><em>Sicut</em></span> <span class='ocrx_word' id='word_1_204' title='bbox 348 755 444 784; x_wconf 86' lang='lat' dir='ltr'><em>Filius</em></span> <span class='ocrx_word' id='word_1_205' title='bbox 455 755 582 785; x_wconf 74' lang='lat' dir='ltr'><em>hominis</em></span> <span class='ocrx_word' id='word_1_206' title='bbox 592 764 652 783; x_wconf 83' lang='lat' dir='ltr'><em>non</em></span> <span class='ocrx_word' id='word_1_207' title='bbox 663 754 748 783; x_wconf 81' lang='lat' dir='ltr'><em>venit</em></span> <span class='ocrx_word' id='word_1_208' title='bbox 759 754 848 781; x_wconf 85' lang='lat' dir='ltr'><em>mini-</em></span> 
     </span>
     <span class='ocr_line' id='line_1_27' title="bbox 109 794 848 830; baseline 0 -9"><span class='ocrx_word' id='word_1_209' title='bbox 109 795 207 828; x_wconf 79' lang='lat' dir='ltr'><em>strari,</em></span> <span class='ocrx_word' id='word_1_210' title='bbox 218 795 270 824; x_wconf 81' lang='lat' dir='ltr'><em>sed</em></span> <span class='ocrx_word' id='word_1_211' title='bbox 284 796 458 830; x_wconf 82' lang='lat' dir='ltr'><em>ministrare,</em></span> <span class='ocrx_word' id='word_1_212' title='bbox 472 800 501 824; x_wconf 83' lang='lat' dir='ltr'><em>et</em></span> <span class='ocrx_word' id='word_1_213' title='bbox 522 794 595 823; x_wconf 86' lang='lat' dir='ltr'><em>dare</em></span> <span class='ocrx_word' id='word_1_214' title='bbox 611 794 742 822; x_wconf 80' lang='lat' dir='ltr'><em>animam</em></span> <span class='ocrx_word' id='word_1_215' title='bbox 765 802 848 822; x_wconf 89' lang='lat' dir='ltr'><em>suam</em></span> 
     </span>
    </p>
   </div>
   <div class='ocr_carea' id='block_1_10' title="bbox 109 831 886 873">
    <p class='ocr_par' dir='ltr' id='par_1_16' title="bbox 109 831 886 873">
     <span class='ocr_line' id='line_1_28' title="bbox 109 831 886 873; baseline 0.003 -13"><span class='ocrx_word' id='word_1_216' title='bbox 109 833 142 861; x_wconf 84' lang='lat' dir='ltr'><em>in</em></span> <span class='ocrx_word' id='word_1_217' title='bbox 149 833 374 872; x_wconf 77' lang='lat' dir='ltr'><em>redemptionem</em></span> <span class='ocrx_word' id='word_1_218' title='bbox 379 844 433 873; x_wconf 84' lang='lat' dir='ltr'><em>pro</em></span> <span class='ocrx_word' id='word_1_219' title='bbox 447 833 558 869; x_wconf 76' lang='lat' dir='ltr'><em>multis,</em></span> <span class='ocrx_word' id='word_1_220' title='bbox 570 839 597 862; x_wconf 84' lang='lat' dir='ltr'><em>ct</em></span> <span class='ocrx_word' id='word_1_221' title='bbox 609 832 724 871; x_wconf 88' lang='lat' dir='ltr'><em>reliqua.</em></span> <span class='ocrx_word' id='word_1_222' title='bbox 733 831 849 861; x_wconf 79' lang='lat' dir='ltr'><em>¹’Omnis</em></span> <span class='ocrx_word' id='word_1_223' title='bbox 867 838 886 862; x_wconf 87' lang='lat' dir='ltr'>B</span> 
     </span>
    </p>
   </div>
   <div class='ocr_carea' id='block_1_11' title="bbox 101 872 880 1660">
    <p class='ocr_par' dir='ltr' id='par_1_17' title="bbox 101 872 880 1660">
     <span class='ocr_line' id='line_1_29' title="bbox 109 872 849 911; baseline 0 -11"><span class='ocrx_word' id='word_1_224' title='bbox 109 872 196 911; x_wconf 84' lang='lat' dir='ltr'><em>gloria</em></span> <span class='ocrx_word' id='word_1_225' title='bbox 209 873 261 904; x_wconf 87' lang='lat' dir='ltr'><em>Dei</em></span> <span class='ocrx_word' id='word_1_226' title='bbox 282 880 309 904; x_wconf 69' lang='grc' dir='ltr'><strong>α</strong></span> <span class='ocrx_word' id='word_1_227' title='bbox 333 873 420 903; x_wconf 82' lang='lat' dir='ltr'><em>omnis</em></span> <span class='ocrx_word' id='word_1_228' title='bbox 446 873 518 903; x_wconf 79' lang='lat' dir='ltr'><em>salus</em></span> <span class='ocrx_word' id='word_1_229' title='bbox 531 872 672 902; x_wconf 83' lang='lat' dir='ltr'><em>hominum</em></span> <span class='ocrx_word' id='word_1_230' title='bbox 696 872 723 901; x_wconf 90' lang='lat' dir='ltr'><em>iu</em></span> <span class='ocrx_word' id='word_1_231' title='bbox 746 872 849 901; x_wconf 81' lang='lat' dir='ltr'><em>Christi</em></span> 
     </span>
     <span class='ocr_line' id='line_1_30' title="bbox 109 912 849 952; baseline 0 -12"><span class='ocrx_word' id='word_1_232' title='bbox 109 918 196 942; x_wconf 87' lang='lat' dir='ltr'><em>morte</em></span> <span class='ocrx_word' id='word_1_233' title='bbox 209 913 293 952; x_wconf 87' lang='lat' dir='ltr'><em>posita</em></span> <span class='ocrx_word' id='word_1_234' title='bbox 305 912 445 942; x_wconf 83' lang='lat' dir='ltr'><em>est.Nulla</em></span> <span class='ocrx_word' id='word_1_235' title='bbox 457 912 530 942; x_wconf 84' lang='lat' dir='ltr'><em>enim</em></span> <span class='ocrx_word' id='word_1_236' title='bbox 541 919 581 942; x_wconf 88' lang='lat' dir='ltr'><em>est</em></span> <span class='ocrx_word' id='word_1_237' title='bbox 593 922 645 948; x_wconf 86' lang='lat' dir='ltr'><em>res,</em></span> <span class='ocrx_word' id='word_1_238' title='bbox 660 922 720 950; x_wconf 86' lang='lat' dir='ltr'><em>quae</em></span> <span class='ocrx_word' id='word_1_239' title='bbox 732 912 849 950; x_wconf 85' lang='lat' dir='ltr'><em>amplius</em></span> 
     </span>
     <span class='ocr_line' id='line_1_31' title="bbox 108 950 847 992; baseline 0.004 -13"><span class='ocrx_word' id='word_1_240' title='bbox 108 950 144 980; x_wconf 90' lang='lat' dir='ltr'><em>ad</em></span> <span class='ocrx_word' id='word_1_241' title='bbox 154 951 268 983; x_wconf 68' lang='lat' dir='ltr'><em>salum</em></span> <span class='ocrx_word' id='word_1_242' title='bbox 276 952 416 981; x_wconf 85' lang='lat' dir='ltr'><em>homiuum</em></span> <span class='ocrx_word' id='word_1_243' title='bbox 427 952 567 992; x_wconf 83' lang='lat' dir='ltr'><em>pertineat,</em></span> <span class='ocrx_word' id='word_1_244' title='bbox 577 962 658 990; x_wconf 81' lang='lat' dir='ltr'><em>quam</em></span> <span class='ocrx_word' id='word_1_245' title='bbox 668 961 739 980; x_wconf 89' lang='lat' dir='ltr'><em>mors</em></span> <span class='ocrx_word' id='word_1_246' title='bbox 749 951 847 990; x_wconf 77' lang='lat' dir='ltr'><em>ipsimi.</em></span> 
     </span>
     <span class='ocr_line' id='line_1_32' title="bbox 108 990 850 1035; baseline 0 -16"><span class='ocrx_word' id='word_1_247' title='bbox 108 991 165 1020; x_wconf 80' lang='lat' dir='ltr'><em>Nec</em></span> <span class='ocrx_word' id='word_1_248' title='bbox 174 998 234 1022; x_wconf 79' lang='lat' dir='ltr'><em>esta</em></span> <span class='ocrx_word' id='word_1_249' title='bbox 249 991 255 997; x_wconf 81' lang='grc'><strong>”</strong></span> <span class='ocrx_word' id='word_1_250' title='bbox 276 991 325 1021; x_wconf 89' lang='lat' dir='ltr'><em>uid</em></span> <span class='ocrx_word' id='word_1_251' title='bbox 335 990 422 1024; x_wconf 83' lang='lat' dir='ltr'><em>aliud,</em></span> <span class='ocrx_word' id='word_1_252' title='bbox 431 998 541 1031; x_wconf 86' lang='lat' dir='ltr'><em>propter</em></span> <span class='ocrx_word' id='word_1_253' title='bbox 552 991 625 1029; x_wconf 88' lang='lat' dir='ltr'><em>quod</em></span> <span class='ocrx_word' id='word_1_254' title='bbox 635 990 721 1028; x_wconf 82' lang='lat' dir='ltr'><em>magis</em></span> <span class='ocrx_word' id='word_1_255' title='bbox 728 992 784 1035; x_wconf 68' lang='lat' dir='ltr'><em>Deo</em></span> <span class='ocrx_word' id='word_1_256' title='bbox 790 1001 850 1035; x_wconf 71' lang='lat' dir='ltr'><em>gra-</em></span> 
     </span>
     <span class='ocr_line' id='line_1_33' title="bbox 107 1028 844 1070; baseline -0.003 -10"><span class='ocrx_word' id='word_1_257' title='bbox 107 1028 158 1060; x_wconf 78' lang='lat' dir='ltr'><em>tias</em></span> <span class='ocrx_word' id='word_1_258' title='bbox 168 1041 248 1070; x_wconf 81' lang='lat' dir='ltr'><em>agere</em></span> <span class='ocrx_word' id='word_1_259' title='bbox 273 1031 497 1069; x_wconf 79' lang='lat' dir='ltr'><em>ebeamus,quam</em></span> <span class='ocrx_word' id='word_1_260' title='bbox 527 1037 617 1068; x_wconf 78' lang='lat' dir='ltr'><em>ropter</em></span> <span class='ocrx_word' id='word_1_261' title='bbox 627 1035 740 1059; x_wconf 87' lang='lat' dir='ltr'><em>mortem</em></span> <span class='ocrx_word' id='word_1_262' title='bbox 750 1040 844 1069; x_wconf 85' lang='lat' dir='ltr'><em>ipsius.</em></span> 
     </span>
     <span class='ocr_line' id='line_1_34' title="bbox 106 1069 849 1111; baseline -0.001 -12"><span class='ocrx_word' id='word_1_263' title='bbox 106 1069 172 1100; x_wconf 86' lang='lat' dir='ltr'><em>Ideo</em></span> <span class='ocrx_word' id='word_1_264' title='bbox 183 1081 247 1100; x_wconf 88' lang='lat' dir='ltr'><em>cum</em></span> <span class='ocrx_word' id='word_1_265' title='bbox 260 1071 340 1100; x_wconf 87' lang='lat' dir='ltr'><em>turba</em></span> <span class='ocrx_word' id='word_1_266' title='bbox 356 1070 472 1111; x_wconf 86' lang='lat' dir='ltr'><em>plurima</em></span> <span class='ocrx_word' id='word_1_267' title='bbox 487 1070 503 1098; x_wconf 85' lang='lat' dir='ltr'>s</span> <span class='ocrx_word' id='word_1_268' title='bbox 526 1070 609 1098; x_wconf 88' lang='lat' dir='ltr'><em>elium</em></span> <span class='ocrx_word' id='word_1_269' title='bbox 623 1079 684 1098; x_wconf 87' lang='lat' dir='ltr'><em>euin</em></span> <span class='ocrx_word' id='word_1_270' title='bbox 694 1076 849 1108; x_wconf 76' lang='lat' dir='ltr'><em>sequeretur</em></span> 
     </span>
     <span class='ocr_line' id='line_1_35' title="bbox 108 1109 846 1149; baseline 0 -11"><span class='ocrx_word' id='word_1_271' title='bbox 108 1109 136 1138; x_wconf 90' lang='lat' dir='ltr'><em>in</em></span> <span class='ocrx_word' id='word_1_272' title='bbox 149 1110 203 1146; x_wconf 85' lang='lat' dir='ltr'><em>via,</em></span> <span class='ocrx_word' id='word_1_273' title='bbox 222 1109 366 1140; x_wconf 80' lang='lat' dir='ltr'><em>duodecim</em></span> <span class='ocrx_word' id='word_1_274' title='bbox 378 1109 513 1149; x_wconf 82' lang='lat' dir='ltr'><em>apostolos</em></span> <span class='ocrx_word' id='word_1_275' title='bbox 525 1109 596 1139; x_wconf 87' lang='lat' dir='ltr'><em>solos</em></span> <span class='ocrx_word' id='word_1_276' title='bbox 610 1109 673 1138; x_wconf 86' lang='lat' dir='ltr'><em>tulit</em></span> <span class='ocrx_word' id='word_1_277' title='bbox 693 1109 721 1138; x_wconf 89' lang='lat' dir='ltr'><em>in</em></span> <span class='ocrx_word' id='word_1_278' title='bbox 735 1115 846 1146; x_wconf 87' lang='lat' dir='ltr'><em>secreto,</em></span> 
     </span>
     <span class='ocr_line' id='line_1_36' title="bbox 107 1148 847 1188; baseline -0.003 -9"><span class='ocrx_word' id='word_1_279' title='bbox 107 1156 134 1180; x_wconf 82' lang='lat' dir='ltr'><em>et</em></span> <span class='ocrx_word' id='word_1_280' title='bbox 153 1149 209 1179; x_wconf 84' lang='lat' dir='ltr'><em>illis</em></span> <span class='ocrx_word' id='word_1_281' title='bbox 222 1149 408 1179; x_wconf 85' lang='lat' dir='ltr'><em>tantummodo</em></span> <span class='ocrx_word' id='word_1_282' title='bbox 427 1150 522 1178; x_wconf 85' lang='lat' dir='ltr'><em>mortis</em></span> <span class='ocrx_word' id='word_1_283' title='bbox 540 1159 595 1178; x_wconf 78' lang='lat' dir='ltr'><em>suae</em></span> <span class='ocrx_word' id='word_1_284' title='bbox 606 1148 775 1178; x_wconf 81' lang='lat' dir='ltr'><em>annuntiavit</em></span> <span class='ocrx_word' id='word_1_285' title='bbox 785 1159 847 1188; x_wconf 86' lang='lat' dir='ltr'><em>my-</em></span> 
     </span>
     <span class='ocr_line' id='line_1_37' title="bbox 106 1188 846 1229; baseline -0.001 -12"><span class='ocrx_word' id='word_1_286' title='bbox 106 1188 232 1219; x_wconf 75' lang='lat' dir='ltr'><em>sterium:</em></span> <span class='ocrx_word' id='word_1_287' title='bbox 240 1189 304 1227; x_wconf 84' lang='lat' dir='ltr'><em>quia</em></span> <span class='ocrx_word' id='word_1_288' title='bbox 309 1199 414 1229; x_wconf 82' lang='lat' dir='ltr'>semper</span> <span class='ocrx_word' id='word_1_289' title='bbox 419 1188 560 1228; x_wconf 79' lang='lat' dir='ltr'><em>pretiosior</em></span> <span class='ocrx_word' id='word_1_290' title='bbox 570 1188 709 1217; x_wconf 81' lang='lat' dir='ltr'><em>thesaurus</em></span> <span class='ocrx_word' id='word_1_291' title='bbox 715 1188 742 1216; x_wconf 92' lang='lat' dir='ltr'><em>in</em></span> <span class='ocrx_word' id='word_1_292' title='bbox 751 1188 846 1217; x_wconf 84' lang='lat' dir='ltr'><em>melio-</em></span> 
     </span>
     <span class='ocr_line' id='line_1_38' title="bbox 106 1226 847 1266; baseline 0 -10"><span class='ocrx_word' id='word_1_293' title='bbox 106 1228 184 1259; x_wconf 81' lang='lat' dir='ltr'><em>ribus</em></span> <span class='ocrx_word' id='word_1_294' title='bbox 206 1228 278 1258; x_wconf 75' lang='lat' dir='ltr'><em>vasis</em></span> <span class='ocrx_word' id='word_1_295' title='bbox 294 1228 453 1258; x_wconf 83' lang='lat' dir='ltr'><em>includitur.</em></span> <span class='ocrx_word' id='word_1_296' title='bbox 468 1227 551 1257; x_wconf 84' lang='lat' dir='ltr'><em>Multi</em></span> <span class='ocrx_word' id='word_1_297' title='bbox 573 1226 684 1266; x_wconf 90' lang='lat' dir='ltr'><em>quidem</em></span> <span class='ocrx_word' id='word_1_298' title='bbox 703 1227 756 1256; x_wconf 90' lang='lat' dir='ltr'><em>viri</em></span> <span class='ocrx_word' id='word_1_299' title='bbox 771 1234 847 1257; x_wconf 84' lang='lat' dir='ltr'><em>erant</em></span> 
     </span>
     <span class='ocr_line' id='line_1_39' title="bbox 105 1266 845 1308; baseline -0.001 -12"><span class='ocrx_word' id='word_1_300' title='bbox 105 1278 168 1297; x_wconf 89' lang='lat' dir='ltr'><em>cum</em></span> <span class='ocrx_word' id='word_1_301' title='bbox 181 1278 212 1298; x_wconf 87' lang='lat' dir='ltr'><em>eo</em></span> <span class='ocrx_word' id='word_1_302' title='bbox 226 1290 234 1304; x_wconf 94' lang='lat'><em>,</em></span> <span class='ocrx_word' id='word_1_303' title='bbox 259 1267 306 1297; x_wconf 79' lang='lat' dir='ltr'><em>scd</em></span> <span class='ocrx_word' id='word_1_304' title='bbox 330 1274 441 1308; x_wconf 87' lang='lat' dir='ltr'><em>propter</em></span> <span class='ocrx_word' id='word_1_305' title='bbox 454 1267 634 1297; x_wconf 70' lang='lat' dir='ltr'><em>modicitatem</em></span> <span class='ocrx_word' id='word_1_306' title='bbox 655 1266 719 1296; x_wconf 80' lang='lat' dir='ltr'><em>fidei</em></span> <span class='ocrx_word' id='word_1_307' title='bbox 732 1277 787 1296; x_wconf 80' lang='lat' dir='ltr'><em>suae</em></span> <span class='ocrx_word' id='word_1_308' title='bbox 800 1266 845 1296; x_wconf 89' lang='lat' dir='ltr'><em>in-</em></span> 
     </span>
     <span class='ocr_line' id='line_1_40' title="bbox 105 1305 845 1344; baseline 0 -9"><span class='ocrx_word' id='word_1_309' title='bbox 105 1307 176 1337; x_wconf 87' lang='lat' dir='ltr'><em>firmi</em></span> <span class='ocrx_word' id='word_1_310' title='bbox 183 1318 192 1344; x_wconf 88' lang='lat'>;</span> <span class='ocrx_word' id='word_1_311' title='bbox 213 1307 304 1337; x_wconf 82' lang='lat' dir='ltr'><em>multae</em></span> <span class='ocrx_word' id='word_1_312' title='bbox 314 1307 451 1342; x_wconf 87' lang='lat' dir='ltr'><em>mulieres,</em></span> <span class='ocrx_word' id='word_1_313' title='bbox 464 1306 514 1336; x_wconf 86' lang='lat' dir='ltr'><em>etsi</em></span> <span class='ocrx_word' id='word_1_314' title='bbox 527 1306 555 1335; x_wconf 90' lang='lat' dir='ltr'><em>in</em></span> <span class='ocrx_word' id='word_1_315' title='bbox 566 1305 620 1335; x_wconf 88' lang='lat' dir='ltr'><em>fide</em></span> <span class='ocrx_word' id='word_1_316' title='bbox 631 1306 722 1341; x_wconf 79' lang='lat' dir='ltr'><em>fortes,</em></span> <span class='ocrx_word' id='word_1_317' title='bbox 731 1306 845 1335; x_wconf 74' lang='lat' dir='ltr'><em>infirmae</em></span> 
     </span>
     <span class='ocr_line' id='line_1_41' title="bbox 103 1345 845 1384; baseline -0.003 -8"><span class='ocrx_word' id='word_1_318' title='bbox 103 1352 192 1376; x_wconf 89' lang='lat' dir='ltr'><em>tamen</em></span> <span class='ocrx_word' id='word_1_319' title='bbox 207 1346 236 1375; x_wconf 86' lang='lat' dir='ltr'><em>in</em></span> <span class='ocrx_word' id='word_1_320' title='bbox 255 1357 333 1376; x_wconf 85' lang='lat' dir='ltr'><em>sexu.</em></span> <span class='ocrx_word' id='word_1_321' title='bbox 356 1346 387 1377; x_wconf 88' lang='lat' dir='ltr'><em>Si</em></span> <span class='ocrx_word' id='word_1_322' title='bbox 405 1346 542 1376; x_wconf 77' lang='lat' dir='ltr'><em>audissent</em></span> <span class='ocrx_word' id='word_1_323' title='bbox 563 1345 627 1384; x_wconf 84' lang='lat' dir='ltr'><em>quia</em></span> <span class='ocrx_word' id='word_1_324' title='bbox 646 1345 707 1375; x_wconf 88' lang='lat' dir='ltr'><em>ideo</em></span> <span class='ocrx_word' id='word_1_325' title='bbox 719 1345 845 1375; x_wconf 84' lang='lat' dir='ltr'><em>Christus</em></span> 
     </span>
     <span class='ocr_line' id='line_1_42' title="bbox 102 1384 843 1426; baseline 0 -12"><span class='ocrx_word' id='word_1_326' title='bbox 102 1385 260 1415; x_wconf 76' lang='lat' dir='ltr'><em>ascendebat</em></span> <span class='ocrx_word' id='word_1_327' title='bbox 271 1386 478 1426; x_wconf 80' lang='lat' dir='ltr'><em>Jerosolymam,</em></span> <span class='ocrx_word' id='word_1_328' title='bbox 492 1391 522 1414; x_wconf 87' lang='lat' dir='ltr'><em>ut</em></span> <span class='ocrx_word' id='word_1_329' title='bbox 535 1384 737 1420; x_wconf 79' lang='lat' dir='ltr'><em>interficeretur,</em></span> <span class='ocrx_word' id='word_1_330' title='bbox 752 1391 778 1414; x_wconf 88' lang='lat' dir='ltr'><em>et</em></span> <span class='ocrx_word' id='word_1_331' title='bbox 791 1385 843 1414; x_wconf 88' lang='lat' dir='ltr'><em>viri</em></span> 
     </span>
     <span class='ocr_line' id='line_1_43' title="bbox 101 1423 880 1464; baseline -0.003 -10"><span class='ocrx_word' id='word_1_332' title='bbox 101 1426 211 1455; x_wconf 81' lang='lat' dir='ltr'><em>forsitan</em></span> <span class='ocrx_word' id='word_1_333' title='bbox 224 1425 397 1455; x_wconf 82' lang='lat' dir='ltr'><em>turbarentur</em></span> <span class='ocrx_word' id='word_1_334' title='bbox 425 1431 516 1464; x_wconf 79' lang='lat' dir='ltr'><em>ropter</em></span> <span class='ocrx_word' id='word_1_335' title='bbox 527 1424 708 1454; x_wconf 79' lang='lat' dir='ltr'><em>infirmitatem</em></span> <span class='ocrx_word' id='word_1_336' title='bbox 727 1423 802 1460; x_wconf 88' lang='lat' dir='ltr'><em>fidei,</em></span> <span class='ocrx_word' id='word_1_337' title='bbox 817 1431 843 1454; x_wconf 89' lang='lat' dir='ltr'><em>et</em></span> <span class='ocrx_word' id='word_1_338' title='bbox 861 1428 880 1452; x_wconf 86' lang='lat' dir='ltr'><strong>G</strong></span> 
     </span>
     <span class='ocr_line' id='line_1_44' title="bbox 102 1436 843 1505; baseline -0.003 -11"><span class='ocrx_word' id='word_1_339' title='bbox 102 1465 229 1494; x_wconf 84' lang='lat' dir='ltr'><em>mulieres</em></span> <span class='ocrx_word' id='word_1_340' title='bbox 238 1471 348 1505; x_wconf 85' lang='lat' dir='ltr'><em>propter</em></span> <span class='ocrx_word' id='word_1_341' title='bbox 359 1436 501 1494; x_wconf 75' lang='lat' dir='ltr'><em>moiiitiem</em></span> <span class='ocrx_word' id='word_1_342' title='bbox 509 1474 564 1493; x_wconf 79' lang='lat' dir='ltr'><em>suae</em></span> <span class='ocrx_word' id='word_1_343' title='bbox 578 1469 688 1493; x_wconf 81' lang='lat' dir='ltr'><em>naturae.</em></span> <span class='ocrx_word' id='word_1_344' title='bbox 705 1464 773 1493; x_wconf 86' lang='lat' dir='ltr'><em>Nam</em></span> <span class='ocrx_word' id='word_1_345' title='bbox 782 1474 843 1503; x_wconf 92' lang='lat' dir='ltr'><em>pro-</em></span> 
     </span>
     <span class='ocr_line' id='line_1_45' title="bbox 101 1503 843 1544; baseline -0.001 -11"><span class='ocrx_word' id='word_1_346' title='bbox 101 1504 161 1544; x_wconf 88' lang='lat' dir='ltr'><em>prie</em></span> <span class='ocrx_word' id='word_1_347' title='bbox 173 1505 279 1534; x_wconf 83' lang='lat' dir='ltr'><em>animus</em></span> <span class='ocrx_word' id='word_1_348' title='bbox 289 1504 413 1534; x_wconf 81' lang='lat' dir='ltr'><em>mulieris</em></span> <span class='ocrx_word' id='word_1_349' title='bbox 430 1503 521 1533; x_wconf 81' lang='lat' dir='ltr'><em>mollis</em></span> <span class='ocrx_word' id='word_1_350' title='bbox 531 1509 581 1535; x_wconf 80' lang='lat' dir='ltr'><em>est,</em></span> <span class='ocrx_word' id='word_1_351' title='bbox 594 1509 621 1532; x_wconf 91' lang='lat' dir='ltr'><em>et</em></span> <span class='ocrx_word' id='word_1_352' title='bbox 633 1503 661 1531; x_wconf 90' lang='lat' dir='ltr'><em>in</em></span> <span class='ocrx_word' id='word_1_353' title='bbox 674 1503 722 1532; x_wconf 87' lang='lat' dir='ltr'><em>tali</em></span> <span class='ocrx_word' id='word_1_354' title='bbox 736 1503 843 1542; x_wconf 84' lang='lat' dir='ltr'><em>negotio</em></span> 
     </span>
     <span class='ocr_line' id='line_1_46' title="bbox 102 1541 843 1582; baseline -0.004 -9"><span class='ocrx_word' id='word_1_355' title='bbox 102 1543 182 1573; x_wconf 85' lang='lat' dir='ltr'><em>citius</em></span> <span class='ocrx_word' id='word_1_356' title='bbox 187 1543 319 1573; x_wconf 82' lang='lat' dir='ltr'><em>excitatur</em></span> <span class='ocrx_word' id='word_1_357' title='bbox 328 1543 356 1572; x_wconf 91' lang='lat' dir='ltr'><em>iu</em></span> <span class='ocrx_word' id='word_1_358' title='bbox 364 1543 504 1582; x_wconf 76' lang='lat' dir='ltr'><em>lacrymas.</em></span> <span class='ocrx_word' id='word_1_359' title='bbox 510 1543 571 1572; x_wconf 83' lang='lat' dir='ltr'><em>Non</em></span> <span class='ocrx_word' id='word_1_360' title='bbox 578 1541 759 1577; x_wconf 84' lang='lat' dir='ltr'><em>recordamur,</em></span> <span class='ocrx_word' id='word_1_361' title='bbox 770 1541 843 1580; x_wconf 90' lang='lat' dir='ltr'><em>quod</em></span> 
     </span>
     <span class='ocr_line' id='line_1_47' title="bbox 117 1580 843 1617; baseline -0.004 -5"><span class='ocrx_word' id='word_1_362' title='bbox 117 1594 133 1612; x_wconf 94' lang='lat' dir='ltr'><em>u</em></span> <span class='ocrx_word' id='word_1_363' title='bbox 169 1583 227 1612; x_wconf 85' lang='lat' dir='ltr'><em>rius</em></span> <span class='ocrx_word' id='word_1_364' title='bbox 239 1593 302 1612; x_wconf 88' lang='lat' dir='ltr'><em>cum</em></span> <span class='ocrx_word' id='word_1_365' title='bbox 314 1582 349 1611; x_wconf 89' lang='lat' dir='ltr'><em>de</em></span> <span class='ocrx_word' id='word_1_366' title='bbox 371 1589 458 1613; x_wconf 86' lang='lat' dir='ltr'><em>morte</em></span> <span class='ocrx_word' id='word_1_367' title='bbox 475 1581 582 1611; x_wconf 85' lang='lat' dir='ltr'><em>Christi</em></span> <span class='ocrx_word' id='word_1_368' title='bbox 606 1582 700 1611; x_wconf 87' lang='lat' dir='ltr'><em>Petrus</em></span> <span class='ocrx_word' id='word_1_369' title='bbox 714 1580 843 1617; x_wconf 84' lang='lat' dir='ltr'><em>audisset,</em></span> 
     </span>
     <span class='ocr_line' id='line_1_48' title="bbox 103 1619 843 1660; baseline -0.004 -9"><span class='ocrx_word' id='word_1_370' title='bbox 103 1621 139 1651; x_wconf 83' lang='lat' dir='ltr'><em>do</em></span> <span class='ocrx_word' id='word_1_371' title='bbox 151 1632 196 1651; x_wconf 87' lang='lat' dir='ltr'><em>ore</em></span> <span class='ocrx_word' id='word_1_372' title='bbox 207 1628 356 1651; x_wconf 83' lang='lat' dir='ltr'><em>commotus</em></span> <span class='ocrx_word' id='word_1_373' title='bbox 365 1631 419 1650; x_wconf 85' lang='lat' dir='ltr'><em>non</em></span> <span class='ocrx_word' id='word_1_374' title='bbox 433 1620 523 1650; x_wconf 86' lang='lat' dir='ltr'><em>timuit</em></span> <span class='ocrx_word' id='word_1_375' title='bbox 539 1620 628 1660; x_wconf 86' lang='lat' dir='ltr'><em>ipsum</em></span> <span class='ocrx_word' id='word_1_376' title='bbox 640 1620 787 1649; x_wconf 88' lang='lat' dir='ltr'><em>Dominum</em></span> <span class='ocrx_word' id='word_1_377' title='bbox 801 1619 843 1648; x_wconf 90' lang='lat' dir='ltr'><em>in-</em></span> 
     </span>
    </p>
   </div>
   <div class='ocr_carea' id='block_1_12' title="bbox 87 1660 845 1702">
    <p class='ocr_par' dir='ltr' id='par_1_18' title="bbox 87 1660 845 1702">
     <span class='ocr_line' id='line_1_49' title="bbox 87 1660 845 1702; baseline -0.005 -10"><span class='ocrx_word' id='word_1_378' title='bbox 87 1687 91 1691; x_wconf 96' lang='lat'>.</span> <span class='ocrx_word' id='word_1_379' title='bbox 103 1671 224 1702; x_wconf 81' lang='lat' dir='ltr'><em>crepare,</em></span> <span class='ocrx_word' id='word_1_380' title='bbox 237 1660 347 1691; x_wconf 72' lang='lat' dir='ltr'><em>dicensi</em></span> <span class='ocrx_word' id='word_1_381' title='bbox 363 1661 511 1700; x_wconf 80' lang='lat' dir='ltr'><em>Propitius</em></span> <span class='ocrx_word' id='word_1_382' title='bbox 526 1665 587 1689; x_wconf 85' lang='lat' dir='ltr'><em>esto</em></span> <span class='ocrx_word' id='word_1_383' title='bbox 601 1660 665 1693; x_wconf 81' lang='lat' dir='ltr'><em>tibi,</em></span> <span class='ocrx_word' id='word_1_384' title='bbox 681 1665 709 1688; x_wconf 91' lang='lat' dir='ltr'><em>et</em></span> <span class='ocrx_word' id='word_1_385' title='bbox 721 1660 777 1688; x_wconf 81' lang='lat' dir='ltr'><em>hoc</em></span> <span class='ocrx_word' id='word_1_386' title='bbox 791 1661 845 1688; x_wconf 86' lang='lat' dir='ltr'><em>tibi</em></span> 
     </span>
    </p>
   </div>
   <div class='ocr_carea' id='block_1_13' title="bbox 103 1698 846 2022">
    <p class='ocr_par' dir='ltr' id='par_1_19' title="bbox 103 1698 846 2022">
     <span class='ocr_line' id='line_1_50' title="bbox 106 1698 845 1731; baseline -0.005 0"><span class='ocrx_word' id='word_1_387' title='bbox 106 1712 165 1731; x_wconf 85' lang='lat' dir='ltr'><em>non</em></span> <span class='ocrx_word' id='word_1_388' title='bbox 178 1703 242 1730; x_wconf 85' lang='lat' dir='ltr'><em>erit.</em></span> <span class='ocrx_word' id='word_1_389' title='bbox 259 1701 289 1731; x_wconf 91' lang='lat' dir='ltr'><em>Si</em></span> <span class='ocrx_word' id='word_1_390' title='bbox 302 1711 332 1730; x_wconf 89' lang='lat' dir='ltr'><em>er</em></span> <span class='ocrx_word' id='word_1_391' title='bbox 352 1710 368 1730; x_wconf 91' lang='lat' dir='ltr'><em>o</em></span> <span class='ocrx_word' id='word_1_392' title='bbox 381 1701 476 1730; x_wconf 85' lang='lat' dir='ltr'><em>Petrus</em></span> <span class='ocrx_word' id='word_1_393' title='bbox 496 1699 523 1728; x_wconf 92' lang='lat' dir='ltr'><em>in</em></span> <span class='ocrx_word' id='word_1_394' title='bbox 537 1705 621 1728; x_wconf 75' lang='lat' dir='ltr'><em>morte</em></span> <span class='ocrx_word' id='word_1_395' title='bbox 633 1698 736 1728; x_wconf 86' lang='lat' dir='ltr'><em>Christi</em></span> <span class='ocrx_word' id='word_1_396' title='bbox 750 1699 845 1728; x_wconf 79' lang='lat' dir='ltr'><em>turba-</em></span> 
     </span>
     <span class='ocr_line' id='line_1_51' title="bbox 103 1711 844 1780; baseline -0.005 -9"><span class='ocrx_word' id='word_1_397' title='bbox 103 1747 148 1771; x_wconf 86' lang='lat' dir='ltr'><em>tus</em></span> <span class='ocrx_word' id='word_1_398' title='bbox 158 1747 215 1777; x_wconf 82' lang='lat' dir='ltr'><em>est,</em></span> <span class='ocrx_word' id='word_1_399' title='bbox 230 1740 308 1780; x_wconf 87' lang='lat' dir='ltr'><em>cujus</em></span> <span class='ocrx_word' id='word_1_400' title='bbox 320 1711 431 1769; x_wconf 63' lang='lat' dir='ltr'><em>aim-ius</em></span> <span class='ocrx_word' id='word_1_401' title='bbox 443 1738 510 1769; x_wconf 83' lang='lat' dir='ltr'><em>fides</em></span> <span class='ocrx_word' id='word_1_402' title='bbox 523 1745 612 1779; x_wconf 86' lang='lat' dir='ltr'><em>posset</em></span> <span class='ocrx_word' id='word_1_403' title='bbox 634 1737 765 1767; x_wconf 86' lang='lat' dir='ltr'><em>sustinere</em></span> <span class='ocrx_word' id='word_1_404' title='bbox 776 1739 844 1768; x_wconf 88' lang='lat' dir='ltr'><em>tanti</em></span> 
     </span>
     <span class='ocr_line' id='line_1_52' title="bbox 104 1777 844 1819; baseline -0.004 -9"><span class='ocrx_word' id='word_1_405' title='bbox 104 1780 168 1810; x_wconf 87' lang='lat' dir='ltr'><em>mali</em></span> <span class='ocrx_word' id='word_1_406' title='bbox 193 1780 314 1810; x_wconf 86' lang='lat' dir='ltr'><em>dolorem</em></span> <span class='ocrx_word' id='word_1_407' title='bbox 325 1779 340 1808; x_wconf 80' lang='lat' dir='ltr'><em>i’</em></span> <span class='ocrx_word' id='word_1_408' title='bbox 364 1779 388 1809; x_wconf 80' lang='lat' dir='ltr'><em>si</em></span> <span class='ocrx_word' id='word_1_409' title='bbox 410 1786 484 1819; x_wconf 87' lang='lat' dir='ltr'><em>petra</em></span> <span class='ocrx_word' id='word_1_410' title='bbox 507 1777 654 1807; x_wconf 88' lang='lat' dir='ltr'><em>immobilis</em></span> <span class='ocrx_word' id='word_1_411' title='bbox 677 1787 745 1817; x_wconf 88' lang='lat' dir='ltr'><em>pene</em></span> <span class='ocrx_word' id='word_1_412' title='bbox 769 1788 844 1807; x_wconf 81' lang='lat' dir='ltr'><em>com-</em></span> 
     </span>
     <span class='ocr_line' id='line_1_53' title="bbox 104 1816 843 1858; baseline -0.005 -9"><span class='ocrx_word' id='word_1_413' title='bbox 104 1826 175 1849; x_wconf 90' lang='lat' dir='ltr'><em>mota</em></span> <span class='ocrx_word' id='word_1_414' title='bbox 188 1826 237 1855; x_wconf 85' lang='lat' dir='ltr'><em>est,</em></span> <span class='ocrx_word' id='word_1_415' title='bbox 251 1818 387 1858; x_wconf 90' lang='lat' dir='ltr'><em>quomodo</em></span> <span class='ocrx_word' id='word_1_416' title='bbox 398 1825 468 1848; x_wconf 87' lang='lat' dir='ltr'><em>teri-a</em></span> <span class='ocrx_word' id='word_1_417' title='bbox 487 1818 611 1847; x_wconf 83' lang='lat' dir='ltr'><em>sufferret</em></span> <span class='ocrx_word' id='word_1_418' title='bbox 632 1816 761 1856; x_wconf 84' lang='lat' dir='ltr'><em>impetum</em></span> <span class='ocrx_word' id='word_1_419' title='bbox 773 1823 843 1846; x_wconf 89' lang='lat' dir='ltr'><em>tem-</em></span> 
     </span>
     <span class='ocr_line' id='line_1_54' title="bbox 104 1857 841 1899; baseline -0.004 -10"><span class='ocrx_word' id='word_1_420' title='bbox 104 1859 212 1899; x_wconf 84' lang='lat' dir='ltr'><em>pestatis</em></span> <span class='ocrx_word' id='word_1_421' title='bbox 218 1859 233 1888; x_wconf 76' lang='lat' dir='ltr'><em>&#39;z’</em></span> <span class='ocrx_word' id='word_1_422' title='bbox 241 1860 319 1889; x_wconf 80' lang='lat' dir='ltr'><em>Ecce</em></span> <span class='ocrx_word' id='word_1_423' title='bbox 329 1859 511 1888; x_wconf 83' lang='lat' dir='ltr'><em>ascendimus</em></span> <span class='ocrx_word' id='word_1_424' title='bbox 520 1857 841 1894; x_wconf 74' lang='lat' dir='ltr'><em>Jerosolymam.Ecce‚</em></span> 
     </span>
     <span class='ocr_line' id='line_1_55' title="bbox 104 1895 842 1935; baseline -0.004 -7"><span class='ocrx_word' id='word_1_425' title='bbox 104 1898 274 1928; x_wconf 83' lang='lat' dir='ltr'><em>contestantis</em></span> <span class='ocrx_word' id='word_1_426' title='bbox 285 1906 325 1928; x_wconf 86' lang='lat' dir='ltr'><em>est</em></span> <span class='ocrx_word' id='word_1_427' title='bbox 345 1908 443 1934; x_wconf 87' lang='lat' dir='ltr'><em>sermo,</em></span> <span class='ocrx_word' id='word_1_428' title='bbox 456 1904 487 1926; x_wconf 92' lang='lat' dir='ltr'><em>ut</em></span> <span class='ocrx_word' id='word_1_429' title='bbox 503 1897 659 1926; x_wconf 83' lang='lat' dir='ltr'><em>memoriam</em></span> <span class='ocrx_word' id='word_1_430' title='bbox 671 1895 842 1935; x_wconf 80' lang='lat' dir='ltr'><em>praescientiae</em></span> 
     </span>
     <span class='ocr_line' id='line_1_56' title="bbox 104 1934 843 1978; baseline -0.001 -12"><span class='ocrx_word' id='word_1_431' title='bbox 104 1937 187 1978; x_wconf 80' lang='lat' dir='ltr'><em>hujus</em></span> <span class='ocrx_word' id='word_1_432' title='bbox 200 1938 229 1967; x_wconf 92' lang='lat' dir='ltr'><em>in</em></span> <span class='ocrx_word' id='word_1_433' title='bbox 237 1938 364 1968; x_wconf 82' lang='lat' dir='ltr'><em>cordibus</em></span> <span class='ocrx_word' id='word_1_434' title='bbox 375 1936 431 1966; x_wconf 85' lang='lat' dir='ltr'><em>suis</em></span> <span class='ocrx_word' id='word_1_435' title='bbox 443 1935 597 1966; x_wconf 83' lang='lat' dir='ltr'><em>recondant.</em></span> <span class='ocrx_word' id='word_1_436' title='bbox 605 1935 758 1974; x_wconf 84' lang='lat' dir='ltr'><em>Tamquam</em></span> <span class='ocrx_word' id='word_1_437' title='bbox 765 1935 788 1964; x_wconf 88' lang='lat' dir='ltr'><em>si</em></span> <span class='ocrx_word' id='word_1_438' title='bbox 798 1934 843 1965; x_wconf 91' lang='lat' dir='ltr'><em>di-</em></span> 
     </span>
     <span class='ocr_line' id='line_1_57' title="bbox 106 1974 846 2022; baseline -0.007 -15"><span class='ocrx_word' id='word_1_439' title='bbox 106 1985 159 2014; x_wconf 88' lang='lat' dir='ltr'><em>cat,</em></span> <span class='ocrx_word' id='word_1_440' title='bbox 177 1977 247 2007; x_wconf 77' lang='lat' dir='ltr'><em>Ecce</em></span> <span class='ocrx_word' id='word_1_441' title='bbox 260 1987 330 2006; x_wconf 90' lang='lat' dir='ltr'><em>nunc</em></span> <span class='ocrx_word' id='word_1_442' title='bbox 341 1977 398 2022; x_wconf 82' lang='lat' dir='ltr'><em>jain</em></span> <span class='ocrx_word' id='word_1_443' title='bbox 408 1976 485 2006; x_wconf 88' lang='lat' dir='ltr'><em>tertia</em></span> <span class='ocrx_word' id='word_1_444' title='bbox 498 1975 558 2006; x_wconf 86' lang='lat' dir='ltr'><em>vice</em></span> <span class='ocrx_word' id='word_1_445' title='bbox 571 1974 686 2015; x_wconf 76' lang='lat' dir='ltr'><em>praedico</em></span> <span class='ocrx_word' id='word_1_446' title='bbox 700 1974 777 2004; x_wconf 85' lang='lat' dir='ltr'><em>vobis</em></span> <span class='ocrx_word' id='word_1_447' title='bbox 790 1985 846 2015; x_wconf 87' lang='lat' dir='ltr'><em>my-</em></span> 
     </span>
    </p>
   </div>
   <div class='ocr_carea' id='block_1_14' title="bbox 104 2013 882 2057">
    <p class='ocr_par' dir='ltr' id='par_1_20' title="bbox 104 2013 882 2057">
     <span class='ocr_line' id='line_1_58' title="bbox 104 2013 882 2057; baseline -0.005 -11"><span class='ocrx_word' id='word_1_448' title='bbox 104 2017 214 2052; x_wconf 78' lang='lat' dir='ltr'><em>sterium</em></span> <span class='ocrx_word' id='word_1_449' title='bbox 235 2016 364 2057; x_wconf 76' lang='lat' dir='ltr'><em>passionis</em></span> <span class='ocrx_word' id='word_1_450' title='bbox 376 2026 441 2046; x_wconf 77' lang='lat' dir='ltr'><em>meae</em></span> <span class='ocrx_word' id='word_1_451' title='bbox 453 2015 561 2050; x_wconf 79' lang='lat' dir='ltr'><em>suturae,</em></span> <span class='ocrx_word' id='word_1_452' title='bbox 576 2021 606 2043; x_wconf 91' lang='lat' dir='ltr'><em>ut</em></span> <span class='ocrx_word' id='word_1_453' title='bbox 627 2014 709 2044; x_wconf 86' lang='lat' dir='ltr'><em>altius</em></span> <span class='ocrx_word' id='word_1_454' title='bbox 730 2013 844 2043; x_wconf 87' lang='lat' dir='ltr'><em>insideat</em></span> <span class='ocrx_word' id='word_1_455' title='bbox 863 2019 882 2043; x_wconf 84' lang='lat' dir='ltr'>D</span> 
     </span>
    </p>
   </div>
   <div class='ocr_carea' id='block_1_15' title="bbox 105 2053 843 2100">
    <p class='ocr_par' dir='ltr' id='par_1_21' title="bbox 105 2053 843 2100">
     <span class='ocr_line' id='line_1_59' title="bbox 105 2053 843 2100; baseline -0.005 -14"><span class='ocrx_word' id='word_1_456' title='bbox 105 2057 240 2086; x_wconf 80' lang='lat' dir='ltr'><em>mentibus</em></span> <span class='ocrx_word' id='word_1_457' title='bbox 250 2056 355 2092; x_wconf 85' lang='lat' dir='ltr'><em>vestris,</em></span> <span class='ocrx_word' id='word_1_458' title='bbox 365 2054 532 2100; x_wconf 78' lang='lat' dir='ltr'><em>frequentius</em></span> <span class='ocrx_word' id='word_1_459' title='bbox 543 2053 697 2093; x_wconf 87' lang='lat' dir='ltr'><em>repetitum.</em></span> <span class='ocrx_word' id='word_1_460' title='bbox 712 2054 747 2083; x_wconf 88' lang='lat' dir='ltr'><em>Et</em></span> <span class='ocrx_word' id='word_1_461' title='bbox 761 2064 843 2092; x_wconf 85' lang='lat' dir='ltr'><em>quare</em></span> 
     </span>
    </p>
   </div>
   <div class='ocr_carea' id='block_1_16' title="bbox 5 2086 846 2254">
    <p class='ocr_par' dir='ltr' id='par_1_22' title="bbox 5 2086 846 2254">
     <span class='ocr_line' id='line_1_60' title="bbox 7 2086 844 2156; baseline -0.006 -30"><span class='ocrx_word' id='word_1_462' title='bbox 7 2086 96 2156; x_wconf 45' lang='lat' dir='ltr'><em>{Qua-20</em></span> <span class='ocrx_word' id='word_1_463' title='bbox 105 2096 162 2126; x_wconf 87' lang='lat' dir='ltr'><em>illis</em></span> <span class='ocrx_word' id='word_1_464' title='bbox 172 2136 178 2141; x_wconf 31' lang='lat'>⁸</span> <span class='ocrx_word' id='word_1_465' title='bbox 187 2095 322 2142; x_wconf 41' lang='lat' dir='ltr'><em>praedicit·</em></span> <span class='ocrx_word' id='word_1_466' title='bbox 336 2095 466 2136; x_wconf 77' lang='lat' dir='ltr'><em>passionis</em></span> <span class='ocrx_word' id='word_1_467' title='bbox 492 2104 546 2123; x_wconf 84' lang='lat' dir='ltr'><em>suae</em></span> <span class='ocrx_word' id='word_1_468' title='bbox 567 2093 724 2134; x_wconf 87' lang='lat' dir='ltr'><em>mysterium</em></span> <span class='ocrx_word' id='word_1_469' title='bbox 735 2094 749 2122; x_wconf 69' lang='grc' dir='ltr'><em>Ξ)</em></span> <span class='ocrx_word' id='word_1_470' title='bbox 773 2093 844 2130; x_wconf 89' lang='lat' dir='ltr'><em>Quia</em></span> 
     </span>
     <span class='ocr_line' id='line_1_61' title="bbox 47 2142 97 2156; baseline 0 -4"><span class='ocrx_word' id='word_1_471' title='bbox 47 2142 56 2156; x_wconf 68' lang='lat'><strong>¹</strong></span> <span class='ocrx_word' id='word_1_472' title='bbox 87 2146 97 2152; x_wconf 64' lang='grc' dir='ltr'>ι</span> 
     </span>
     <span class='ocr_line' id='line_1_62' title="bbox 5 2164 846 2218; baseline -0.006 -13"><span class='ocrx_word' id='word_1_473' title='bbox 5 2164 99 2218; x_wconf 41' lang='grc' dir='ltr'><em>ἐφ’·</em></span> <span class='ocrx_word' id='word_1_474' title='bbox 107 2182 181 2204; x_wconf 86' lang='lat' dir='ltr'><em>extra</em></span> <span class='ocrx_word' id='word_1_475' title='bbox 194 2171 409 2214; x_wconf 76' lang='lat' dir='ltr'><em>spem,⁸nimium</em></span> <span class='ocrx_word' id='word_1_476' title='bbox 428 2173 518 2213; x_wconf 82' lang='lat' dir='ltr'><em>gravis</em></span> <span class='ocrx_word' id='word_1_477' title='bbox 535 2180 575 2202; x_wconf 88' lang='lat' dir='ltr'><em>est</em></span> <span class='ocrx_word' id='word_1_478' title='bbox 588 2183 594 2199; x_wconf 72' lang='grc' dir='ltr'><strong>ε</strong></span> <span class='ocrx_word' id='word_1_479' title='bbox 607 2182 689 2211; x_wconf 89' lang='lat' dir='ltr'><em>quam</em></span> <span class='ocrx_word' id='word_1_480' title='bbox 704 2182 768 2201; x_wconf 85' lang='lat' dir='ltr'><em>vero</em></span> <span class='ocrx_word' id='word_1_481' title='bbox 785 2179 846 2201; x_wconf 89' lang='lat' dir='ltr'><em>ante</em></span> 
     </span>
     <span class='ocr_line' id='line_1_63' title="bbox 40 2214 846 2254; baseline -0.006 -9"><span class='ocrx_word' id='word_1_482' title='bbox 40 2234 98 2254; x_wconf 53' lang='lat' dir='ltr'><em>pr.-</em></span> <span class='ocrx_word' id='word_1_483' title='bbox 108 2214 336 2253; x_wconf 80' lang='lat' dir='ltr'><em>cognoscimus,ei</em></span> <span class='ocrx_word' id='word_1_484' title='bbox 347 2223 527 2253; x_wconf 63' lang='lat' dir='ltr'><em>praeparamus</em></span> <span class='ocrx_word' id='word_1_485' title='bbox 538 2222 586 2242; x_wconf 83' lang='lat' dir='ltr'><em>nos</em></span> <span class='ocrx_word' id='word_1_486' title='bbox 599 2218 690 2241; x_wconf 86' lang='lat' dir='ltr'><em>contra</em></span> <span class='ocrx_word' id='word_1_487' title='bbox 702 2221 771 2248; x_wconf 89' lang='lat' dir='ltr'><em>eam,</em></span> <span class='ocrx_word' id='word_1_488' title='bbox 783 2222 846 2241; x_wconf 89' lang='lat' dir='ltr'><em>cum</em></span> 
     </span>
    </p>
   </div>
   <div class='ocr_carea' id='block_1_17' title="bbox 107 2132 845 2174">
    <p class='ocr_par' dir='ltr' id='par_1_23' title="bbox 107 2132 845 2174">
     <span class='ocr_line' id='line_1_64' title="bbox 107 2132 845 2174; baseline -0.005 -9"><span class='ocrx_word' id='word_1_489' title='bbox 107 2146 194 2165; x_wconf 81' lang='lat' dir='ltr'><em>omnis</em></span> <span class='ocrx_word' id='word_1_490' title='bbox 217 2135 375 2172; x_wconf 81' lang='lat' dir='ltr'><em>adversitas,</em></span> <span class='ocrx_word' id='word_1_491' title='bbox 393 2145 454 2174; x_wconf 83' lang='lat' dir='ltr'><em>quae</em></span> <span class='ocrx_word' id='word_1_492' title='bbox 470 2133 562 2164; x_wconf 90' lang='lat' dir='ltr'><em>subito</em></span> <span class='ocrx_word' id='word_1_493' title='bbox 580 2133 668 2163; x_wconf 86' lang='lat' dir='ltr'><em>evenit</em></span> <span class='ocrx_word' id='word_1_494' title='bbox 688 2132 845 2162; x_wconf 87' lang='lat' dir='ltr'><em>hominibus</em></span> 
     </span>
    </p>
   </div>
   <div class='ocr_carea' id='block_1_18' title="bbox 108 2250 851 2530">
    <p class='ocr_par' dir='ltr' id='par_1_24' title="bbox 108 2250 851 2530">
     <span class='ocr_line' id='line_1_65' title="bbox 108 2250 844 2294; baseline -0.008 -10"><span class='ocrx_word' id='word_1_495' title='bbox 108 2254 291 2294; x_wconf 85' lang='lat' dir='ltr'><em>supervenerit</em></span> <span class='ocrx_word' id='word_1_496' title='bbox 303 2263 350 2282; x_wconf 80' lang='lat' dir='ltr'><em>exs</em></span> <span class='ocrx_word' id='word_1_497' title='bbox 401 2252 518 2281; x_wconf 82' lang='lat' dir='ltr'><em>tantibus</em></span> <span class='ocrx_word' id='word_1_498' title='bbox 534 2251 620 2288; x_wconf 86' lang='lat' dir='ltr'><em>nobis,</em></span> <span class='ocrx_word' id='word_1_499' title='bbox 634 2250 720 2280; x_wconf 88' lang='lat' dir='ltr'><em>levior</em></span> <span class='ocrx_word' id='word_1_500' title='bbox 739 2250 844 2279; x_wconf 89' lang='lat' dir='ltr'><em>inveni-</em></span> 
     </span>
     <span class='ocr_line' id='line_1_66' title="bbox 109 2263 849 2332; baseline -0.008 -8"><span class='ocrx_word' id='word_1_501' title='bbox 109 2301 164 2330; x_wconf 86' lang='lat' dir='ltr'><em>tur,</em></span> <span class='ocrx_word' id='word_1_502' title='bbox 177 2304 258 2332; x_wconf 87' lang='lat' dir='ltr'><em>quam</em></span> <span class='ocrx_word' id='word_1_503' title='bbox 271 2299 338 2322; x_wconf 86' lang='lat' dir='ltr'><em>esset</em></span> <span class='ocrx_word' id='word_1_504' title='bbox 347 2263 448 2326; x_wconf 53' lang='lat' dir='ltr'><em>imm,</em></span> <span class='ocrx_word' id='word_1_505' title='bbox 461 2290 484 2320; x_wconf 79' lang='lat' dir='ltr'><em>si</em></span> <span class='ocrx_word' id='word_1_506' title='bbox 499 2290 636 2330; x_wconf 81' lang='lat' dir='ltr'><em>repentina</em></span> <span class='ocrx_word' id='word_1_507' title='bbox 642 2289 768 2320; x_wconf 76' lang='lat' dir='ltr'><em>venisset.</em></span> <span class='ocrx_word' id='word_1_508' title='bbox 783 2289 849 2318; x_wconf 85' lang='lat' dir='ltr'><em>Ideo</em></span> 
     </span>
     <span class='ocr_line' id='line_1_67' title="bbox 108 2328 848 2373; baseline -0.009 -10"><span class='ocrx_word' id='word_1_509' title='bbox 108 2343 173 2373; x_wconf 80' lang='lat' dir='ltr'><em>ergo</em></span> <span class='ocrx_word' id='word_1_510' title='bbox 184 2333 289 2362; x_wconf 87' lang='lat' dir='ltr'><em>nuntiat</em></span> <span class='ocrx_word' id='word_1_511' title='bbox 303 2332 358 2361; x_wconf 83' lang='lat' dir='ltr'><em>illis</em></span> <span class='ocrx_word' id='word_1_512' title='bbox 370 2330 404 2360; x_wconf 87' lang='lat' dir='ltr'><em>de</em></span> <span class='ocrx_word' id='word_1_513' title='bbox 418 2340 466 2359; x_wconf 83' lang='lat' dir='ltr'><em>sua</em></span> <span class='ocrx_word' id='word_1_514' title='bbox 479 2336 563 2358; x_wconf 88' lang='lat' dir='ltr'><em>morte</em></span> <span class='ocrx_word' id='word_1_515' title='bbox 569 2329 671 2364; x_wconf 79' lang='lat' dir='ltr'><em>sutura,</em></span> <span class='ocrx_word' id='word_1_516' title='bbox 686 2335 714 2357; x_wconf 87' lang='lat' dir='ltr'><em>ut</em></span> <span class='ocrx_word' id='word_1_517' title='bbox 721 2339 783 2357; x_wconf 87' lang='lat' dir='ltr'><em>cuin</em></span> <span class='ocrx_word' id='word_1_518' title='bbox 789 2328 848 2357; x_wconf 85' lang='lat' dir='ltr'><em>dies</em></span> 
     </span>
     <span class='ocr_line' id='line_1_68' title="bbox 109 2367 849 2412; baseline -0.009 -9"><span class='ocrx_word' id='word_1_519' title='bbox 109 2373 157 2403; x_wconf 90' lang='lat' dir='ltr'><em>ille</em></span> <span class='ocrx_word' id='word_1_520' title='bbox 175 2372 308 2412; x_wconf 80' lang='lat' dir='ltr'><em>passionis</em></span> <span class='ocrx_word' id='word_1_521' title='bbox 331 2369 482 2405; x_wconf 81' lang='lat' dir='ltr'><em>advenerit,</em></span> <span class='ocrx_word' id='word_1_522' title='bbox 494 2378 547 2398; x_wconf 91' lang='lat' dir='ltr'><em>non</em></span> <span class='ocrx_word' id='word_1_523' title='bbox 567 2368 628 2398; x_wconf 81' lang='lat' dir='ltr'><em>illos</em></span> <span class='ocrx_word' id='word_1_524' title='bbox 642 2367 731 2397; x_wconf 87' lang='lat' dir='ltr'><em>turbet</em></span> <span class='ocrx_word' id='word_1_525' title='bbox 749 2378 849 2407; x_wconf 83' lang='lat' dir='ltr'><em>cogno-</em></span> 
     </span>
     <span class='ocr_line' id='line_1_69' title="bbox 109 2406 849 2451; baseline -0.011 -8"><span class='ocrx_word' id='word_1_526' title='bbox 109 2419 220 2448; x_wconf 76' lang='lat' dir='ltr'><em>scentes,</em></span> <span class='ocrx_word' id='word_1_527' title='bbox 234 2411 297 2451; x_wconf 89' lang='lat' dir='ltr'><em>quia</em></span> <span class='ocrx_word' id='word_1_528' title='bbox 311 2409 420 2440; x_wconf 89' lang='lat' dir='ltr'><em>omnino</em></span> <span class='ocrx_word' id='word_1_529' title='bbox 438 2414 514 2438; x_wconf 89' lang='lat' dir='ltr'><em>erant</em></span> <span class='ocrx_word' id='word_1_530' title='bbox 536 2414 660 2437; x_wconf 90' lang='lat' dir='ltr'><em>ventura.</em></span> <span class='ocrx_word' id='word_1_531' title='bbox 675 2406 704 2436; x_wconf 85' lang='lat' dir='ltr'><em>si</em></span> <span class='ocrx_word' id='word_1_532' title='bbox 724 2407 795 2436; x_wconf 86' lang='lat' dir='ltr'><em>euim</em></span> <span class='ocrx_word' id='word_1_533' title='bbox 808 2413 849 2436; x_wconf 86' lang='lat' dir='ltr'><em>to·</em></span> 
     </span>
     <span class='ocr_line' id='line_1_70' title="bbox 110 2446 850 2491; baseline -0.009 -9"><span class='ocrx_word' id='word_1_534' title='bbox 110 2452 178 2482; x_wconf 81' lang='lat' dir='ltr'><em>tiens</em></span> <span class='ocrx_word' id='word_1_535' title='bbox 189 2450 337 2491; x_wconf 69' lang='lat' dir='ltr'><em>premuniti</em></span> <span class='ocrx_word' id='word_1_536' title='bbox 349 2448 462 2490; x_wconf 85' lang='lat' dir='ltr'><em>apostoli</em></span> <span class='ocrx_word' id='word_1_537' title='bbox 480 2446 514 2477; x_wconf 88' lang='lat' dir='ltr'><em>de</em></span> <span class='ocrx_word' id='word_1_538' title='bbox 527 2453 613 2476; x_wconf 86' lang='lat' dir='ltr'><em>morte</em></span> <span class='ocrx_word' id='word_1_539' title='bbox 623 2447 683 2486; x_wconf 86' lang='lat' dir='ltr'><em>ejus</em></span> <span class='ocrx_word' id='word_1_540' title='bbox 695 2446 794 2482; x_wconf 79' lang='lat' dir='ltr'><em>futura,</em></span> <span class='ocrx_word' id='word_1_541' title='bbox 808 2453 850 2475; x_wconf 91' lang='lat' dir='ltr'><em>ta-</em></span> 
     </span>
     <span class='ocr_line' id='line_1_71' title="bbox 110 2484 851 2530; baseline -0.008 -9"><span class='ocrx_word' id='word_1_542' title='bbox 110 2501 171 2521; x_wconf 89' lang='lat' dir='ltr'><em>men</em></span> <span class='ocrx_word' id='word_1_543' title='bbox 193 2489 300 2530; x_wconf 82' lang='lat' dir='ltr'><em>quando</em></span> <span class='ocrx_word' id='word_1_544' title='bbox 313 2488 520 2529; x_wconf 86' lang='lat' dir='ltr'><em>comprehensus</em></span> <span class='ocrx_word' id='word_1_545' title='bbox 533 2493 583 2523; x_wconf 87' lang='lat' dir='ltr'><em>est,</em></span> <span class='ocrx_word' id='word_1_546' title='bbox 594 2484 764 2516; x_wconf 79' lang='lat' dir='ltr'><em>scandalizati</em></span> <span class='ocrx_word' id='word_1_547' title='bbox 788 2492 851 2516; x_wconf 85' lang='lat' dir='ltr'><em>sunt</em></span> 
     </span>
    </p>
   </div>
   <div class='ocr_carea' id='block_1_19' title="bbox 144 2562 631 2600">
    <p class='ocr_par' dir='ltr' id='par_1_25' title="bbox 144 2562 631 2600">
     <span class='ocr_line' id='line_1_72' title="bbox 144 2562 631 2600; baseline -0.012 -6"><span class='ocrx_word' id='word_1_548' title='bbox 144 2570 158 2589; x_wconf 84' lang='lat'><em>¹·</em></span> <span class='ocrx_word' id='word_1_549' title='bbox 176 2569 207 2594; x_wconf 77' lang='lat' dir='ltr'><em>In</em></span> <span class='ocrx_word' id='word_1_550' title='bbox 218 2567 248 2593; x_wconf 83' lang='lat' dir='ltr'><em>V.</em></span> <span class='ocrx_word' id='word_1_551' title='bbox 261 2567 292 2592; x_wconf 81' lang='lat' dir='ltr'><em>l).</em></span> <span class='ocrx_word' id='word_1_552' title='bbox 303 2569 384 2592; x_wconf 79' lang='lat' dir='ltr'><em>omnis</em></span> <span class='ocrx_word' id='word_1_553' title='bbox 395 2566 477 2600; x_wconf 78' lang='lat' dir='ltr'><em>gloria</em></span> <span class='ocrx_word' id='word_1_554' title='bbox 491 2565 541 2590; x_wconf 71' lang='lat' dir='ltr'><em>Dei</em></span> <span class='ocrx_word' id='word_1_555' title='bbox 552 2562 631 2589; x_wconf 82' lang='lat' dir='ltr'><em>abest.</em></span> 
     </span>
    </p>
   </div>
   <div class='ocr_carea' id='block_1_20' title="bbox 906 672 1727 715">
    <p class='ocr_par' dir='ltr' id='par_1_26' title="bbox 906 672 1727 715">
     <span class='ocr_line' id='line_1_73' title="bbox 906 672 1727 715; baseline 0.01 -13"><span class='ocrx_word' id='word_1_556' title='bbox 906 672 1009 702; x_wconf 88' lang='lat' dir='ltr'><em>deratio</em></span> <span class='ocrx_word' id='word_1_557' title='bbox 1015 681 1104 703; x_wconf 87' lang='lat' dir='ltr'><em>autem</em></span> <span class='ocrx_word' id='word_1_558' title='bbox 1111 674 1262 705; x_wconf 88' lang='lat' dir='ltr'><em>divinitatis</em></span> <span class='ocrx_word' id='word_1_559' title='bbox 1273 677 1331 715; x_wconf 90' lang='lat' dir='ltr'><em>ejus</em></span> <span class='ocrx_word' id='word_1_560' title='bbox 1342 678 1471 707; x_wconf 84' lang='lat' dir='ltr'><em>confortet</em></span> <span class='ocrx_word' id='word_1_561' title='bbox 1483 678 1564 708; x_wconf 86' lang='lat' dir='ltr'><em>fldem</em></span> <span class='ocrx_word' id='word_1_562' title='bbox 1573 680 1581 709; x_wconf 91' lang='lat' dir='ltr'><em>i</em></span> <span class='ocrx_word' id='word_1_563' title='bbox 1603 691 1645 709; x_wconf 91' lang='lat' dir='ltr'><em>so-</em></span> <span class='ocrx_word' id='word_1_564' title='bbox 1654 678 1727 695; x_wconf 60' lang='lat'><em>⁰¹³¹</em></span> 
     </span>
    </p>
   </div>
   <div class='ocr_carea' id='block_1_21' title="bbox 897 713 1647 2527">
    <p class='ocr_par' dir='ltr' id='par_1_27' title="bbox 897 713 1647 2527">
     <span class='ocr_line' id='line_1_74' title="bbox 906 713 1646 755; baseline 0.011 -14"><span class='ocrx_word' id='word_1_565' title='bbox 906 723 966 742; x_wconf 89' lang='lat' dir='ltr'><em>rum</em></span> <span class='ocrx_word' id='word_1_566' title='bbox 988 713 1016 742; x_wconf 90' lang='lat' dir='ltr'><em>in</em></span> <span class='ocrx_word' id='word_1_567' title='bbox 1035 720 1154 754; x_wconf 88' lang='lat' dir='ltr'><em>tempore</em></span> <span class='ocrx_word' id='word_1_568' title='bbox 1188 716 1300 744; x_wconf 87' lang='lat' dir='ltr'><em>assionis</em></span> <span class='ocrx_word' id='word_1_569' title='bbox 1318 717 1375 755; x_wconf 86' lang='lat' dir='ltr'><em>ejus</em></span> <span class='ocrx_word' id='word_1_570' title='bbox 1394 729 1400 745; x_wconf 75' lang='lat' dir='ltr'><em>z</em></span> <span class='ocrx_word' id='word_1_571' title='bbox 1427 724 1457 746; x_wconf 89' lang='lat' dir='ltr'><em>ut</em></span> <span class='ocrx_word' id='word_1_572' title='bbox 1470 724 1556 747; x_wconf 84' lang='lat' dir='ltr'><em>totum</em></span> <span class='ocrx_word' id='word_1_573' title='bbox 1575 719 1646 749; x_wconf 89' lang='lat' dir='ltr'><em>ilud</em></span> 
     </span>
     <span class='ocr_line' id='line_1_75' title="bbox 906 725 1645 798; baseline 0.009 -17"><span class='ocrx_word' id='word_1_574' title='bbox 906 752 979 791; x_wconf 87' lang='lat' dir='ltr'><em>quod</em></span> <span class='ocrx_word' id='word_1_575' title='bbox 999 753 1150 792; x_wconf 85' lang='lat' dir='ltr'><em>patiebatur</em></span> <span class='ocrx_word' id='word_1_576' title='bbox 1162 725 1353 795; x_wconf 64' lang='lat' dir='ltr'><em>dispensationi</em></span> <span class='ocrx_word' id='word_1_577' title='bbox 1367 757 1514 786; x_wconf 82' lang='lat' dir='ltr'><em>voluntatis</em></span> <span class='ocrx_word' id='word_1_578' title='bbox 1526 759 1584 798; x_wconf 88' lang='lat' dir='ltr'><em>ejus</em></span> <span class='ocrx_word' id='word_1_579' title='bbox 1595 769 1645 798; x_wconf 84' lang='lat' dir='ltr'><em>ap-</em></span> 
     </span>
     <span class='ocr_line' id='line_1_76' title="bbox 906 792 1646 831; baseline 0.009 -11"><span class='ocrx_word' id='word_1_580' title='bbox 906 792 1047 831; x_wconf 87' lang='lat' dir='ltr'><em>plicarent,</em></span> <span class='ocrx_word' id='word_1_581' title='bbox 1074 803 1128 822; x_wconf 89' lang='lat' dir='ltr'><em>non</em></span> <span class='ocrx_word' id='word_1_582' title='bbox 1147 795 1297 824; x_wconf 87' lang='lat' dir='ltr'><em>necessitati</em></span> <span class='ocrx_word' id='word_1_583' title='bbox 1316 802 1428 825; x_wconf 81' lang='lat' dir='ltr'><em>naturae.</em></span> <span class='ocrx_word' id='word_1_584' title='bbox 1448 797 1527 826; x_wconf 85' lang='lat' dir='ltr'><em>Ecce</em></span> <span class='ocrx_word' id='word_1_585' title='bbox 1543 807 1646 827; x_wconf 85' lang='lat' dir='ltr'><em>ascen-</em></span> 
     </span>
     <span class='ocr_line' id='line_1_77' title="bbox 906 832 1646 874; baseline 0.009 -14"><span class='ocrx_word' id='word_1_586' title='bbox 906 832 1012 862; x_wconf 86' lang='lat' dir='ltr'><em>dimus.</em></span> <span class='ocrx_word' id='word_1_587' title='bbox 1026 834 1065 861; x_wconf 81' lang='lat' dir='ltr'><em>Ac</em></span> <span class='ocrx_word' id='word_1_588' title='bbox 1082 833 1104 862; x_wconf 91' lang='lat' dir='ltr'><em>si</em></span> <span class='ocrx_word' id='word_1_589' title='bbox 1124 832 1208 870; x_wconf 82' lang='lat' dir='ltr'><em>dicat,</em></span> <span class='ocrx_word' id='word_1_590' title='bbox 1223 833 1323 864; x_wconf 88' lang='lat' dir='ltr'><em>Videte</em></span> <span class='ocrx_word' id='word_1_591' title='bbox 1334 836 1397 874; x_wconf 87' lang='lat' dir='ltr'><em>quia</em></span> <span class='ocrx_word' id='word_1_592' title='bbox 1413 836 1564 866; x_wconf 86' lang='lat' dir='ltr'><em>voluntarie</em></span> <span class='ocrx_word' id='word_1_593' title='bbox 1576 837 1646 867; x_wconf 89' lang='lat' dir='ltr'><em>vado</em></span> 
     </span>
     <span class='ocr_line' id='line_1_78' title="bbox 904 872 1647 915; baseline 0.009 -15"><span class='ocrx_word' id='word_1_594' title='bbox 904 872 940 901; x_wconf 90' lang='lat' dir='ltr'><em>ad</em></span> <span class='ocrx_word' id='word_1_595' title='bbox 956 878 1079 902; x_wconf 85' lang='lat' dir='ltr'><em>mortem.</em></span> <span class='ocrx_word' id='word_1_596' title='bbox 1095 874 1180 902; x_wconf 83' lang='lat' dir='ltr'><em>Nemo</em></span> <span class='ocrx_word' id='word_1_597' title='bbox 1194 884 1237 902; x_wconf 91' lang='lat' dir='ltr'><em>me</em></span> <span class='ocrx_word' id='word_1_598' title='bbox 1253 882 1330 904; x_wconf 85' lang='lat' dir='ltr'><em>vocat</em></span> <span class='ocrx_word' id='word_1_599' title='bbox 1349 875 1554 915; x_wconf 84' lang='lat' dir='ltr'><em>Jerosolymam,</em></span> <span class='ocrx_word' id='word_1_600' title='bbox 1569 887 1647 907; x_wconf 88' lang='lat' dir='ltr'><em>nemo</em></span> 
     </span>
     <span class='ocr_line' id='line_1_79' title="bbox 905 911 1644 955; baseline 0.008 -16"><span class='ocrx_word' id='word_1_601' title='bbox 905 921 948 939; x_wconf 89' lang='lat' dir='ltr'><em>me</em></span> <span class='ocrx_word' id='word_1_602' title='bbox 960 911 1095 948; x_wconf 86' lang='lat' dir='ltr'><em>admonet,</em></span> <span class='ocrx_word' id='word_1_603' title='bbox 1110 912 1215 942; x_wconf 89' lang='lat' dir='ltr'><em>nullius</em></span> <span class='ocrx_word' id='word_1_604' title='bbox 1227 914 1363 953; x_wconf 86' lang='lat' dir='ltr'><em>potestatis</em></span> <span class='ocrx_word' id='word_1_605' title='bbox 1377 922 1539 955; x_wconf 64' lang='lat' dir='ltr'><em>praeceptum</em></span> <span class='ocrx_word' id='word_1_606' title='bbox 1552 916 1644 952; x_wconf 88' lang='lat' dir='ltr'><em>timeo,</em></span> 
     </span>
     <span class='ocr_line' id='line_1_80' title="bbox 904 950 1646 1000; baseline 0.008 -21"><span class='ocrx_word' id='word_1_607' title='bbox 904 950 1007 980; x_wconf 89' lang='lat' dir='ltr'><em>nullius</em></span> <span class='ocrx_word' id='word_1_608' title='bbox 1020 951 1154 981; x_wconf 74' lang='lat' dir='ltr'><em>violentiae</em></span> <span class='ocrx_word' id='word_1_609' title='bbox 1167 953 1323 982; x_wconf 83' lang='lat' dir='ltr'><em>necessitate</em></span> <span class='ocrx_word' id='word_1_610' title='bbox 1334 955 1492 994; x_wconf 86' lang='lat' dir='ltr'><em>compellor.</em></span> <span class='ocrx_word' id='word_1_611' title='bbox 1503 956 1573 984; x_wconf 91' lang='lat' dir='ltr'><em>Cum</em></span> <span class='ocrx_word' id='word_1_612' title='bbox 1582 966 1646 1000; x_wconf 76' lang='lat' dir='ltr'><em>ergo</em></span> 
     </span>
     <span class='ocr_line' id='line_1_81' title="bbox 904 990 1646 1031; baseline 0.007 -12"><span class='ocrx_word' id='word_1_613' title='bbox 904 990 1006 1019; x_wconf 86' lang='lat' dir='ltr'><em>venerit</em></span> <span class='ocrx_word' id='word_1_614' title='bbox 1027 991 1197 1020; x_wconf 85' lang='lat' dir='ltr'><em>tenebrarum</em></span> <span class='ocrx_word' id='word_1_615' title='bbox 1211 999 1336 1031; x_wconf 69' lang='lat' dir='ltr'><em>potestas,</em></span> <span class='ocrx_word' id='word_1_616' title='bbox 1349 1004 1411 1022; x_wconf 85' lang='lat' dir='ltr'><em>cuin</em></span> <span class='ocrx_word' id='word_1_617' title='bbox 1424 993 1549 1024; x_wconf 88' lang='lat' dir='ltr'><em>videritis</em></span> <span class='ocrx_word' id='word_1_618' title='bbox 1562 1005 1605 1024; x_wconf 90' lang='lat' dir='ltr'><em>me</em></span> <span class='ocrx_word' id='word_1_619' title='bbox 1618 1005 1646 1024; x_wconf 86' lang='lat' dir='ltr'><em>in</em></span> 
     </span>
     <span class='ocr_line' id='line_1_82' title="bbox 904 1029 1646 1069; baseline 0.007 -11"><span class='ocrx_word' id='word_1_620' title='bbox 904 1039 983 1059; x_wconf 89' lang='lat' dir='ltr'><em>cruce</em></span> <span class='ocrx_word' id='word_1_621' title='bbox 996 1029 1170 1069; x_wconf 84' lang='lat' dir='ltr'><em>pendentem,</em></span> <span class='ocrx_word' id='word_1_622' title='bbox 1182 1041 1215 1060; x_wconf 91' lang='lat' dir='ltr'><em>ne</em></span> <span class='ocrx_word' id='word_1_623' title='bbox 1226 1031 1362 1062; x_wconf 82' lang='lat' dir='ltr'><em>aestimctis</em></span> <span class='ocrx_word' id='word_1_624' title='bbox 1377 1043 1421 1061; x_wconf 86' lang='lat' dir='ltr'><em>me</em></span> <span class='ocrx_word' id='word_1_625' title='bbox 1440 1033 1575 1063; x_wconf 87' lang='lat' dir='ltr'><em>hominem</em></span> <span class='ocrx_word' id='word_1_626' title='bbox 1588 1045 1646 1064; x_wconf 87' lang='lat' dir='ltr'><em>esse</em></span> 
     </span>
     <span class='ocr_line' id='line_1_83' title="bbox 903 1070 1645 1115; baseline 0.008 -18"><span class='ocrx_word' id='word_1_627' title='bbox 903 1075 1018 1098; x_wconf 90' lang='lat' dir='ltr'><em>tantum.</em></span> <span class='ocrx_word' id='word_1_628' title='bbox 1032 1070 1100 1099; x_wconf 89' lang='lat' dir='ltr'><em>Nam</em></span> <span class='ocrx_word' id='word_1_629' title='bbox 1111 1070 1161 1099; x_wconf 89' lang='lat' dir='ltr'><em>etsi</em></span> <span class='ocrx_word' id='word_1_630' title='bbox 1179 1081 1255 1115; x_wconf 80' lang='lat' dir='ltr'><em>posse</em></span> <span class='ocrx_word' id='word_1_631' title='bbox 1266 1072 1345 1108; x_wconf 89' lang='lat' dir='ltr'><em>mori,</em></span> <span class='ocrx_word' id='word_1_632' title='bbox 1357 1072 1474 1102; x_wconf 88' lang='lat' dir='ltr'><em>hominis</em></span> <span class='ocrx_word' id='word_1_633' title='bbox 1487 1079 1543 1108; x_wconf 87' lang='lat' dir='ltr'><em>est;</em></span> <span class='ocrx_word' id='word_1_634' title='bbox 1557 1079 1645 1103; x_wconf 84' lang='lat' dir='ltr'><em>tamen</em></span> 
     </span>
     <span class='ocr_line' id='line_1_84' title="bbox 903 1108 1645 1152; baseline 0.007 -15"><span class='ocrx_word' id='word_1_635' title='bbox 903 1108 974 1138; x_wconf 87' lang='lat' dir='ltr'><em>velle</em></span> <span class='ocrx_word' id='word_1_636' title='bbox 991 1108 1071 1146; x_wconf 88' lang='lat' dir='ltr'><em>mori,</em></span> <span class='ocrx_word' id='word_1_637' title='bbox 1086 1109 1203 1139; x_wconf 83' lang='lat' dir='ltr'><em>hominis</em></span> <span class='ocrx_word' id='word_1_638' title='bbox 1223 1120 1275 1140; x_wconf 88' lang='lat' dir='ltr'><em>non</em></span> <span class='ocrx_word' id='word_1_639' title='bbox 1297 1118 1347 1140; x_wconf 88' lang='lat' dir='ltr'><em>est.</em></span> <span class='ocrx_word' id='word_1_640' title='bbox 1365 1113 1403 1141; x_wconf 90' lang='lat' dir='ltr'><em>Ut</em></span> <span class='ocrx_word' id='word_1_641' title='bbox 1424 1112 1491 1150; x_wconf 91' lang='lat' dir='ltr'><em>quid</em></span> <span class='ocrx_word' id='word_1_642' title='bbox 1509 1119 1599 1152; x_wconf 87' lang='lat' dir='ltr'><em>putas,</em></span> <span class='ocrx_word' id='word_1_643' title='bbox 1610 1113 1645 1142; x_wconf 89' lang='lat' dir='ltr'><em>ab</em></span> 
     </span>
     <span class='ocr_line' id='line_1_85' title="bbox 903 1147 1645 1193; baseline 0.008 -17"><span class='ocrx_word' id='word_1_644' title='bbox 903 1147 997 1177; x_wconf 88' lang='lat' dir='ltr'><em>itinere</em></span> <span class='ocrx_word' id='word_1_645' title='bbox 1015 1148 1162 1179; x_wconf 86' lang='lat' dir='ltr'><em>declinavit</em></span> <span class='ocrx_word' id='word_1_646' title='bbox 1185 1150 1329 1179; x_wconf 85' lang='lat' dir='ltr'><em>seorsum?</em></span> <span class='ocrx_word' id='word_1_647' title='bbox 1349 1151 1491 1189; x_wconf 85' lang='lat' dir='ltr'><em>Numquid</em></span> <span class='ocrx_word' id='word_1_648' title='bbox 1511 1162 1564 1181; x_wconf 90' lang='lat' dir='ltr'><em>non</em></span> <span class='ocrx_word' id='word_1_649' title='bbox 1594 1163 1645 1193; x_wconf 90' lang='lat' dir='ltr'><em>po-</em></span> 
     </span>
     <span class='ocr_line' id='line_1_86' title="bbox 901 1188 1643 1231; baseline 0.007 -15"><span class='ocrx_word' id='word_1_650' title='bbox 901 1193 968 1217; x_wconf 81' lang='lat' dir='ltr'><em>terat</em></span> <span class='ocrx_word' id='word_1_651' title='bbox 983 1189 1011 1217; x_wconf 91' lang='lat' dir='ltr'><em>in</em></span> <span class='ocrx_word' id='word_1_652' title='bbox 1032 1188 1128 1218; x_wconf 88' lang='lat' dir='ltr'><em>itinere</em></span> <span class='ocrx_word' id='word_1_653' title='bbox 1145 1189 1304 1219; x_wconf 87' lang='lat' dir='ltr'><em>constitutus</em></span> <span class='ocrx_word' id='word_1_654' title='bbox 1317 1190 1375 1219; x_wconf 84' lang='lat' dir='ltr'><em>haec</em></span> <span class='ocrx_word' id='word_1_655' title='bbox 1389 1190 1481 1220; x_wconf 86' lang='lat' dir='ltr'><em>eadem</em></span> <span class='ocrx_word' id='word_1_656' title='bbox 1502 1191 1540 1220; x_wconf 84' lang='lat' dir='ltr'><em>eis</em></span> <span class='ocrx_word' id='word_1_657' title='bbox 1556 1191 1643 1231; x_wconf 79' lang='lat' dir='ltr'><em>loqui,</em></span> 
     </span>
     <span class='ocr_line' id='line_1_87' title="bbox 901 1227 1645 1268; baseline 0.007 -13"><span class='ocrx_word' id='word_1_658' title='bbox 901 1237 962 1256; x_wconf 88' lang='lat' dir='ltr'><em>cum</em></span> <span class='ocrx_word' id='word_1_659' title='bbox 976 1227 1029 1256; x_wconf 88' lang='lat' dir='ltr'><em>sint</em></span> <span class='ocrx_word' id='word_1_660' title='bbox 1046 1227 1207 1268; x_wconf 84' lang='lat' dir='ltr'><em>paucissima</em></span> <span class='ocrx_word' id='word_1_661' title='bbox 1219 1229 1321 1258; x_wconf 77' lang='lat' dir='ltr'><em>verba?</em></span> <span class='ocrx_word' id='word_1_662' title='bbox 1339 1229 1396 1259; x_wconf 88' lang='lat' dir='ltr'><em>Sed</em></span> <span class='ocrx_word' id='word_1_663' title='bbox 1412 1229 1558 1260; x_wconf 86' lang='lat' dir='ltr'><em>declinavit</em></span> <span class='ocrx_word' id='word_1_664' title='bbox 1572 1241 1645 1261; x_wconf 81' lang='lat' dir='ltr'><em>seor-</em></span> 
     </span>
     <span class='ocr_line' id='line_1_88' title="bbox 901 1267 1645 1307; baseline 0.007 -12"><span class='ocrx_word' id='word_1_665' title='bbox 901 1276 961 1296; x_wconf 87' lang='lat' dir='ltr'><em>sum</em></span> <span class='ocrx_word' id='word_1_666' title='bbox 978 1267 1012 1295; x_wconf 87' lang='lat' dir='ltr'><em>ab</em></span> <span class='ocrx_word' id='word_1_667' title='bbox 1028 1267 1134 1303; x_wconf 85' lang='lat' dir='ltr'><em>itinere,</em></span> <span class='ocrx_word' id='word_1_668' title='bbox 1147 1268 1258 1297; x_wconf 80' lang='lat' dir='ltr'><em>forsitan</em></span> <span class='ocrx_word' id='word_1_669' title='bbox 1271 1269 1356 1298; x_wconf 86' lang='lat' dir='ltr'><em>sciens</em></span> <span class='ocrx_word' id='word_1_670' title='bbox 1373 1269 1445 1307; x_wconf 90' lang='lat' dir='ltr'><em>quod</em></span> <span class='ocrx_word' id='word_1_671' title='bbox 1459 1276 1571 1299; x_wconf 89' lang='lat' dir='ltr'><em>ventura</em></span> <span class='ocrx_word' id='word_1_672' title='bbox 1589 1278 1645 1300; x_wconf 86' lang='lat' dir='ltr'><em>erat</em></span> 
     </span>
     <span class='ocr_line' id='line_1_89' title="bbox 901 1306 1643 1350; baseline 0.008 -17"><span class='ocrx_word' id='word_1_673' title='bbox 901 1312 984 1335; x_wconf 84' lang='lat' dir='ltr'><em>mater</em></span> <span class='ocrx_word' id='word_1_674' title='bbox 997 1306 1116 1336; x_wconf 84' lang='lat' dir='ltr'><em>filiorum</em></span> <span class='ocrx_word' id='word_1_675' title='bbox 1134 1306 1257 1337; x_wconf 75' lang='lat' dir='ltr'><em>zebedaei</em></span> <span class='ocrx_word' id='word_1_676' title='bbox 1275 1318 1337 1337; x_wconf 88' lang='lat' dir='ltr'><em>cum</em></span> <span class='ocrx_word' id='word_1_677' title='bbox 1357 1308 1421 1337; x_wconf 87' lang='lat' dir='ltr'><em>filiis</em></span> <span class='ocrx_word' id='word_1_678' title='bbox 1439 1309 1505 1347; x_wconf 89' lang='lat' dir='ltr'><em>suis,</em></span> <span class='ocrx_word' id='word_1_679' title='bbox 1519 1316 1548 1339; x_wconf 91' lang='lat' dir='ltr'><em>ut</em></span> <span class='ocrx_word' id='word_1_680' title='bbox 1568 1317 1643 1350; x_wconf 84' lang='lat' dir='ltr'><em>pete-</em></span> 
     </span>
     <span class='ocr_line' id='line_1_90' title="bbox 900 1346 1643 1388; baseline 0.007 -14"><span class='ocrx_word' id='word_1_681' title='bbox 900 1352 1003 1375; x_wconf 84' lang='lat' dir='ltr'><em>remea</em></span> <span class='ocrx_word' id='word_1_682' title='bbox 1025 1356 1085 1384; x_wconf 79' lang='lat' dir='ltr'><em>quae</em></span> <span class='ocrx_word' id='word_1_683' title='bbox 1108 1346 1256 1385; x_wconf 89' lang='lat' dir='ltr'><em>petierunt,</em></span> <span class='ocrx_word' id='word_1_684' title='bbox 1272 1353 1298 1376; x_wconf 88' lang='lat' dir='ltr'><em>et</em></span> <span class='ocrx_word' id='word_1_685' title='bbox 1320 1346 1445 1377; x_wconf 85' lang='lat' dir='ltr'><em>audirent</em></span> <span class='ocrx_word' id='word_1_686' title='bbox 1461 1359 1491 1378; x_wconf 89' lang='lat' dir='ltr'><em>ea</em></span> <span class='ocrx_word' id='word_1_687' title='bbox 1513 1359 1574 1388; x_wconf 82' lang='lat' dir='ltr'><em>quae</em></span> <span class='ocrx_word' id='word_1_688' title='bbox 1594 1360 1643 1379; x_wconf 88' lang='lat' dir='ltr'><em>au-</em></span> 
     </span>
     <span class='ocr_line' id='line_1_91' title="bbox 899 1383 1641 1427; baseline 0.008 -14"><span class='ocrx_word' id='word_1_689' title='bbox 899 1383 1022 1419; x_wconf 88' lang='lat' dir='ltr'><em>dierunt,</em></span> <span class='ocrx_word' id='word_1_690' title='bbox 1044 1392 1075 1415; x_wconf 89' lang='lat' dir='ltr'><em>ut</em></span> <span class='ocrx_word' id='word_1_691' title='bbox 1089 1393 1250 1425; x_wconf 87' lang='lat' dir='ltr'><em>praepararet</em></span> <span class='ocrx_word' id='word_1_692' title='bbox 1275 1386 1314 1415; x_wconf 84' lang='lat' dir='ltr'><em>eis</em></span> <span class='ocrx_word' id='word_1_693' title='bbox 1339 1387 1428 1416; x_wconf 90' lang='lat' dir='ltr'><em>locum</em></span> <span class='ocrx_word' id='word_1_694' title='bbox 1447 1387 1483 1416; x_wconf 88' lang='lat' dir='ltr'><em>ad</em></span> <span class='ocrx_word' id='word_1_695' title='bbox 1502 1388 1641 1427; x_wconf 85' lang='lat' dir='ltr'><em>eundum,</em></span> 
     </span>
     <span class='ocr_line' id='line_1_92' title="bbox 899 1423 1643 1465; baseline 0.007 -12"><span class='ocrx_word' id='word_1_696' title='bbox 899 1423 932 1453; x_wconf 90' lang='lat' dir='ltr'><em>ad</em></span> <span class='ocrx_word' id='word_1_697' title='bbox 954 1424 1112 1464; x_wconf 87' lang='lat' dir='ltr'><em>petendum,</em></span> <span class='ocrx_word' id='word_1_698' title='bbox 1134 1431 1161 1454; x_wconf 87' lang='lat' dir='ltr'><em>et</em></span> <span class='ocrx_word' id='word_1_699' title='bbox 1179 1424 1215 1454; x_wconf 82' lang='lat' dir='ltr'><em>ad</em></span> <span class='ocrx_word' id='word_1_700' title='bbox 1234 1425 1408 1456; x_wconf 82' lang='lat' dir='ltr'><em>audiendum.</em></span> <span class='ocrx_word' id='word_1_701' title='bbox 1430 1428 1643 1465; x_wconf 54' lang='lat' dir='ltr'><em>Forsitansnim</em></span> 
     </span>
     <span class='ocr_line' id='line_1_93' title="bbox 898 1463 1642 1503; baseline 0.008 -11"><span class='ocrx_word' id='word_1_702' title='bbox 898 1470 924 1492; x_wconf 88' lang='lat' dir='ltr'><em>et</em></span> <span class='ocrx_word' id='word_1_703' title='bbox 946 1463 1134 1503; x_wconf 85' lang='lat' dir='ltr'><em>applicuerunt</em></span> <span class='ocrx_word' id='word_1_704' title='bbox 1161 1464 1217 1500; x_wconf 88' lang='lat' dir='ltr'><em>ibi,</em></span> <span class='ocrx_word' id='word_1_705' title='bbox 1237 1464 1322 1494; x_wconf 88' lang='lat' dir='ltr'><em>donec</em></span> <span class='ocrx_word' id='word_1_706' title='bbox 1346 1466 1474 1496; x_wconf 86' lang='lat' dir='ltr'><em>mulieres</em></span> <span class='ocrx_word' id='word_1_707' title='bbox 1494 1474 1566 1496; x_wconf 87' lang='lat' dir='ltr'><em>retro</em></span> <span class='ocrx_word' id='word_1_708' title='bbox 1592 1478 1642 1498; x_wconf 84' lang='lat' dir='ltr'><em>ve-</em></span> 
     </span>
     <span class='ocr_line' id='line_1_94' title="bbox 898 1503 1642 1543; baseline 0.007 -12"><span class='ocrx_word' id='word_1_709' title='bbox 898 1503 999 1532; x_wconf 83' lang='lat' dir='ltr'><em>nientes</em></span> <span class='ocrx_word' id='word_1_710' title='bbox 1014 1510 1191 1532; x_wconf 86' lang='lat' dir='ltr'><em>occurrerent.</em></span> <span class='ocrx_word' id='word_1_711' title='bbox 1210 1504 1267 1533; x_wconf 88' lang='lat' dir='ltr'><em>Nec</em></span> <span class='ocrx_word' id='word_1_712' title='bbox 1280 1504 1352 1533; x_wconf 87' lang='lat' dir='ltr'><em>enim</em></span> <span class='ocrx_word' id='word_1_713' title='bbox 1361 1505 1492 1535; x_wconf 85' lang='lat' dir='ltr'><em>credibile</em></span> <span class='ocrx_word' id='word_1_714' title='bbox 1505 1513 1555 1543; x_wconf 87' lang='lat' dir='ltr'><em>est,</em></span> <span class='ocrx_word' id='word_1_715' title='bbox 1570 1507 1642 1536; x_wconf 84' lang='lat' dir='ltr'><em>mix-</em></span> 
     </span>
     <span class='ocr_line' id='line_1_95' title="bbox 898 1541 1639 1585; baseline 0.007 -15"><span class='ocrx_word' id='word_1_716' title='bbox 898 1548 938 1570; x_wconf 83' lang='lat' dir='ltr'><em>tas</em></span> <span class='ocrx_word' id='word_1_717' title='bbox 958 1552 1021 1571; x_wconf 86' lang='lat' dir='ltr'><em>cum</em></span> <span class='ocrx_word' id='word_1_718' title='bbox 1043 1541 1102 1581; x_wconf 84' lang='lat' dir='ltr'><em>ipso</em></span> <span class='ocrx_word' id='word_1_719' title='bbox 1120 1542 1270 1572; x_wconf 83' lang='lat' dir='ltr'><em>ambulasse</em></span> <span class='ocrx_word' id='word_1_720' title='bbox 1286 1544 1422 1581; x_wconf 59' lang='lat' dir='ltr'><em>mulieres,</em></span> <span class='ocrx_word' id='word_1_721' title='bbox 1436 1544 1485 1574; x_wconf 89' lang='lat' dir='ltr'><em>sed</em></span> <span class='ocrx_word' id='word_1_722' title='bbox 1503 1545 1583 1585; x_wconf 83' lang='lat' dir='ltr'><em>longo</em></span> <span class='ocrx_word' id='word_1_723' title='bbox 1596 1546 1639 1575; x_wconf 92' lang='lat' dir='ltr'><em>in-</em></span> 
     </span>
     <span class='ocr_line' id='line_1_96' title="bbox 899 1580 1640 1624; baseline 0.007 -15"><span class='ocrx_word' id='word_1_724' title='bbox 899 1580 1012 1610; x_wconf 85' lang='lat' dir='ltr'><em>tervallo</em></span> <span class='ocrx_word' id='word_1_725' title='bbox 1034 1580 1069 1609; x_wconf 88' lang='lat' dir='ltr'><em>de</em></span> <span class='ocrx_word' id='word_1_726' title='bbox 1091 1581 1170 1620; x_wconf 85' lang='lat' dir='ltr'><em>longe</em></span> <span class='ocrx_word' id='word_1_727' title='bbox 1194 1581 1320 1611; x_wconf 84' lang='lat' dir='ltr'><em>mulieres</em></span> <span class='ocrx_word' id='word_1_728' title='bbox 1345 1591 1500 1621; x_wconf 84' lang='lat' dir='ltr'><em>sequentes,</em></span> <span class='ocrx_word' id='word_1_729' title='bbox 1514 1591 1540 1613; x_wconf 90' lang='lat' dir='ltr'><em>et</em></span> <span class='ocrx_word' id='word_1_730' title='bbox 1559 1585 1640 1624; x_wconf 85' lang='lat' dir='ltr'><em>longo</em></span> 
     </span>
     <span class='ocr_line' id='line_1_97' title="bbox 900 1619 1640 1660; baseline 0.008 -12"><span class='ocrx_word' id='word_1_731' title='bbox 900 1619 1041 1649; x_wconf 85' lang='lat' dir='ltr'><em>intervallo</em></span> <span class='ocrx_word' id='word_1_732' title='bbox 1056 1620 1171 1660; x_wconf 86' lang='lat' dir='ltr'><em>separati</em></span> <span class='ocrx_word' id='word_1_733' title='bbox 1191 1620 1261 1650; x_wconf 85' lang='lat' dir='ltr'><em>inter</em></span> <span class='ocrx_word' id='word_1_734' title='bbox 1272 1631 1300 1650; x_wconf 89' lang='lat' dir='ltr'><em>se</em></span> <span class='ocrx_word' id='word_1_735' title='bbox 1313 1621 1503 1652; x_wconf 81' lang='lat' dir='ltr'><em>ambulabant:</em></span> <span class='ocrx_word' id='word_1_736' title='bbox 1517 1624 1640 1654; x_wconf 87' lang='lat' dir='ltr'><em>Christus</em></span> 
     </span>
     <span class='ocr_line' id='line_1_98' title="bbox 899 1658 1639 1699; baseline 0.007 -11"><span class='ocrx_word' id='word_1_737' title='bbox 899 1659 971 1688; x_wconf 91' lang='lat' dir='ltr'><em>enim</em></span> <span class='ocrx_word' id='word_1_738' title='bbox 987 1666 1013 1688; x_wconf 84' lang='lat' dir='ltr'><em>et</em></span> <span class='ocrx_word' id='word_1_739' title='bbox 1033 1658 1161 1698; x_wconf 89' lang='lat' dir='ltr'><em>discipuli</em></span> <span class='ocrx_word' id='word_1_740' title='bbox 1180 1659 1222 1689; x_wconf 86' lang='lat' dir='ltr'><em>sui</em></span> <span class='ocrx_word' id='word_1_741' title='bbox 1255 1660 1327 1696; x_wconf 90' lang='lat' dir='ltr'><em>rimi,</em></span> <span class='ocrx_word' id='word_1_742' title='bbox 1340 1669 1478 1699; x_wconf 88' lang='lat' dir='ltr'><em>sequentes</em></span> <span class='ocrx_word' id='word_1_743' title='bbox 1497 1670 1585 1692; x_wconf 87' lang='lat' dir='ltr'><em>autem</em></span> <span class='ocrx_word' id='word_1_744' title='bbox 1604 1663 1639 1693; x_wconf 88' lang='lat' dir='ltr'><em>de</em></span> 
     </span>
     <span class='ocr_line' id='line_1_99' title="bbox 898 1670 1638 1740; baseline 0.007 -13"><span class='ocrx_word' id='word_1_745' title='bbox 898 1698 978 1737; x_wconf 84' lang='lat' dir='ltr'><em>louge</em></span> <span class='ocrx_word' id='word_1_746' title='bbox 996 1698 1131 1728; x_wconf 87' lang='lat' dir='ltr'><em>mulieres.</em></span> <span class='ocrx_word' id='word_1_747' title='bbox 1145 1698 1209 1729; x_wconf 87' lang='lat' dir='ltr'><em>Sine</em></span> <span class='ocrx_word' id='word_1_748' title='bbox 1221 1670 1306 1728; x_wconf 53' lang='lat' dir='ltr'><em>dliibio</em></span> <span class='ocrx_word' id='word_1_749' title='bbox 1322 1710 1386 1740; x_wconf 83' lang='lat' dir='ltr'><em>ergo</em></span> <span class='ocrx_word' id='word_1_750' title='bbox 1404 1701 1479 1731; x_wconf 85' lang='lat' dir='ltr'><em>nulla</em></span> <span class='ocrx_word' id='word_1_751' title='bbox 1492 1702 1545 1731; x_wconf 86' lang='lat' dir='ltr'><em>alia</em></span> <span class='ocrx_word' id='word_1_752' title='bbox 1559 1713 1638 1732; x_wconf 85' lang='lat' dir='ltr'><em>causa</em></span> 
     </span>
     <span class='ocr_line' id='line_1_100' title="bbox 897 1738 1637 1775; baseline 0.005 -7"><span class='ocrx_word' id='word_1_753' title='bbox 897 1739 976 1768; x_wconf 70' lang='lat' dir='ltr'><em>Jaeus</em></span> <span class='ocrx_word' id='word_1_754' title='bbox 990 1748 1108 1768; x_wconf 85' lang='lat' dir='ltr'><em>seorsum</em></span> <span class='ocrx_word' id='word_1_755' title='bbox 1122 1738 1240 1775; x_wconf 85' lang='lat' dir='ltr'><em>secessit,</em></span> <span class='ocrx_word' id='word_1_756' title='bbox 1254 1738 1307 1768; x_wconf 88' lang='lat' dir='ltr'><em>nisi</em></span> <span class='ocrx_word' id='word_1_757' title='bbox 1322 1746 1352 1768; x_wconf 89' lang='lat' dir='ltr'><em>ut</em></span> <span class='ocrx_word' id='word_1_758' title='bbox 1364 1739 1412 1769; x_wconf 89' lang='lat' dir='ltr'><em>illa</em></span> <span class='ocrx_word' id='word_1_759' title='bbox 1425 1741 1542 1771; x_wconf 86' lang='lat' dir='ltr'><em>adeundi</em></span> <span class='ocrx_word' id='word_1_760' title='bbox 1556 1742 1637 1772; x_wconf 84' lang='lat' dir='ltr'><em>licen-</em></span> 
     </span>
     <span class='ocr_line' id='line_1_101' title="bbox 898 1777 1635 1819; baseline 0.008 -13"><span class='ocrx_word' id='word_1_761' title='bbox 898 1777 963 1806; x_wconf 89' lang='lat' dir='ltr'><em>tiam</em></span> <span class='ocrx_word' id='word_1_762' title='bbox 977 1777 1117 1807; x_wconf 87' lang='lat' dir='ltr'><em>inveniret.</em></span> <span class='ocrx_word' id='word_1_763' title='bbox 1133 1778 1239 1808; x_wconf 83' lang='lat' dir='ltr'><em>Sciebat</em></span> <span class='ocrx_word' id='word_1_764' title='bbox 1257 1778 1328 1807; x_wconf 88' lang='lat' dir='ltr'><em>enim</em></span> <span class='ocrx_word' id='word_1_765' title='bbox 1346 1779 1520 1819; x_wconf 82' lang='lat' dir='ltr'><em>cogitationes</em></span> <span class='ocrx_word' id='word_1_766' title='bbox 1530 1791 1635 1819; x_wconf 86' lang='lat' dir='ltr'><em>eorum,</em></span> 
     </span>
     <span class='ocr_line' id='line_1_102' title="bbox 898 1816 1636 1862; baseline 0.007 -16"><span class='ocrx_word' id='word_1_767' title='bbox 898 1823 924 1846; x_wconf 90' lang='lat' dir='ltr'><em>et</em></span> <span class='ocrx_word' id='word_1_768' title='bbox 936 1816 1047 1846; x_wconf 88' lang='lat' dir='ltr'><em>consilia</em></span> <span class='ocrx_word' id='word_1_769' title='bbox 1060 1827 1165 1854; x_wconf 87' lang='lat' dir='ltr'><em>eorum,</em></span> <span class='ocrx_word' id='word_1_770' title='bbox 1184 1827 1243 1862; x_wconf 83' lang='lat' dir='ltr'><em>quae</em></span> <span class='ocrx_word' id='word_1_771' title='bbox 1263 1818 1348 1847; x_wconf 77' lang='lat' dir='ltr'><em>facere</em></span> <span class='ocrx_word' id='word_1_772' title='bbox 1368 1819 1512 1858; x_wconf 84' lang='lat' dir='ltr'><em>cupiebant</em></span> <span class='ocrx_word' id='word_1_773' title='bbox 1525 1833 1532 1849; x_wconf 91' lang='lat'>:</span> <span class='ocrx_word' id='word_1_774' title='bbox 1545 1829 1571 1851; x_wconf 89' lang='lat' dir='ltr'><em>et</em></span> <span class='ocrx_word' id='word_1_775' title='bbox 1583 1831 1636 1850; x_wconf 88' lang='lat' dir='ltr'><em>non</em></span> 
     </span>
     <span class='ocr_line' id='line_1_103' title="bbox 897 1856 1637 1905; baseline 0.008 -20"><span class='ocrx_word' id='word_1_776' title='bbox 897 1856 986 1885; x_wconf 89' lang='lat' dir='ltr'><em>solum</em></span> <span class='ocrx_word' id='word_1_777' title='bbox 1005 1856 1152 1897; x_wconf 64' lang='lat' dir='ltr'><em>praedicens</em></span> <span class='ocrx_word' id='word_1_778' title='bbox 1169 1856 1313 1896; x_wconf 81' lang='lat' dir='ltr'><em>discipulis</em></span> <span class='ocrx_word' id='word_1_779' title='bbox 1331 1858 1388 1887; x_wconf 87' lang='lat' dir='ltr'><em>suis</em></span> <span class='ocrx_word' id='word_1_780' title='bbox 1400 1859 1435 1888; x_wconf 88' lang='lat' dir='ltr'><em>de</em></span> <span class='ocrx_word' id='word_1_781' title='bbox 1453 1870 1500 1888; x_wconf 86' lang='lat' dir='ltr'><em>sua</em></span> <span class='ocrx_word' id='word_1_782' title='bbox 1515 1861 1637 1905; x_wconf 79' lang='lat' dir='ltr'><em>passione</em></span> 
     </span>
     <span class='ocr_line' id='line_1_104' title="bbox 897 1895 1634 1936; baseline 0.008 -12"><span class='ocrx_word' id='word_1_783' title='bbox 897 1896 999 1933; x_wconf 84' lang='lat' dir='ltr'><em>sutura,</em></span> <span class='ocrx_word' id='word_1_784' title='bbox 1017 1895 1064 1925; x_wconf 86' lang='lat' dir='ltr'><em>sed</em></span> <span class='ocrx_word' id='word_1_785' title='bbox 1079 1896 1158 1925; x_wconf 85' lang='lat' dir='ltr'><em>etiam</em></span> <span class='ocrx_word' id='word_1_786' title='bbox 1170 1903 1265 1936; x_wconf 83' lang='lat' dir='ltr'><em>aptans</em></span> <span class='ocrx_word' id='word_1_787' title='bbox 1277 1896 1398 1936; x_wconf 81' lang='lat' dir='ltr'><em>petiturae</em></span> <span class='ocrx_word' id='word_1_788' title='bbox 1413 1899 1520 1928; x_wconf 82' lang='lat' dir='ltr'><em>mulieri</em></span> <span class='ocrx_word' id='word_1_789' title='bbox 1534 1900 1634 1936; x_wconf 90' lang='lat' dir='ltr'><em>locum,</em></span> 
     </span>
     <span class='ocr_line' id='line_1_105' title="bbox 898 1934 1638 1974; baseline 0.008 -11"><span class='ocrx_word' id='word_1_790' title='bbox 898 1935 1062 1974; x_wconf 83' lang='lat' dir='ltr'><em>praescientia</em></span> <span class='ocrx_word' id='word_1_791' title='bbox 1073 1945 1120 1964; x_wconf 79' lang='lat' dir='ltr'><em>sua</em></span> <span class='ocrx_word' id='word_1_792' title='bbox 1132 1934 1301 1965; x_wconf 78' lang='lat' dir='ltr'><em>divinitatem</em></span> <span class='ocrx_word' id='word_1_793' title='bbox 1312 1936 1543 1968; x_wconf 79' lang='lat' dir='ltr'><em>ostendit.Aliter:</em></span> <span class='ocrx_word' id='word_1_794' title='bbox 1559 1941 1638 1969; x_wconf 82' lang='lat' dir='ltr'><em>Ecce</em></span> 
     </span>
     <span class='ocr_line' id='line_1_106' title="bbox 898 1975 1638 2012; baseline 0.008 -9"><span class='ocrx_word' id='word_1_795' title='bbox 898 1975 1082 2004; x_wconf 82' lang='lat' dir='ltr'><em>ascendimus</em></span> <span class='ocrx_word' id='word_1_796' title='bbox 1102 1975 1333 2012; x_wconf 73' lang='lat' dir='ltr'><em>lerosolymam,</em></span> <span class='ocrx_word' id='word_1_797' title='bbox 1351 1983 1379 2005; x_wconf 88' lang='lat' dir='ltr'><em>et</em></span> <span class='ocrx_word' id='word_1_798' title='bbox 1397 1978 1492 2007; x_wconf 86' lang='lat' dir='ltr'><em>Filius</em></span> <span class='ocrx_word' id='word_1_799' title='bbox 1513 1979 1638 2008; x_wconf 73' lang='lat' dir='ltr'><em>hominis</em></span> 
     </span>
     <span class='ocr_line' id='line_1_107' title="bbox 900 2015 1638 2055; baseline 0.007 -12"><span class='ocrx_word' id='word_1_800' title='bbox 900 2015 1032 2044; x_wconf 84' lang='lat' dir='ltr'><em>tradetur·</em></span> <span class='ocrx_word' id='word_1_801' title='bbox 1049 2015 1225 2053; x_wconf 84' lang='lat' dir='ltr'><em>principibus</em></span> <span class='ocrx_word' id='word_1_802' title='bbox 1241 2016 1424 2045; x_wconf 83' lang='lat' dir='ltr'><em>sacerdotum</em></span> <span class='ocrx_word' id='word_1_803' title='bbox 1442 2023 1470 2046; x_wconf 83' lang='lat' dir='ltr'><em>et</em></span> <span class='ocrx_word' id='word_1_804' title='bbox 1482 2020 1594 2055; x_wconf 84' lang='lat' dir='ltr'><em>scribis,</em></span> <span class='ocrx_word' id='word_1_805' title='bbox 1609 2025 1638 2048; x_wconf 87' lang='lat' dir='ltr'><em>et</em></span> 
     </span>
     <span class='ocr_line' id='line_1_108' title="bbox 900 2054 1638 2092; baseline 0.008 -10"><span class='ocrx_word' id='word_1_806' title='bbox 900 2054 1137 2083; x_wconf 81' lang='lat' dir='ltr'><em>condemnabunt</em></span> <span class='ocrx_word' id='word_1_807' title='bbox 1158 2064 1225 2084; x_wconf 82' lang='lat' dir='ltr'><em>eum</em></span> <span class='ocrx_word' id='word_1_808' title='bbox 1248 2062 1357 2092; x_wconf 86' lang='lat' dir='ltr'><em>morte,</em></span> <span class='ocrx_word' id='word_1_809' title='bbox 1382 2062 1410 2085; x_wconf 75' lang='lat' dir='ltr'><em>et</em></span> <span class='ocrx_word' id='word_1_810' title='bbox 1435 2057 1552 2087; x_wconf 85' lang='lat' dir='ltr'><em>tradent</em></span> <span class='ocrx_word' id='word_1_811' title='bbox 1572 2069 1638 2088; x_wconf 87' lang='lat' dir='ltr'><em>eum</em></span> 
     </span>
     <span class='ocr_line' id='line_1_109' title="bbox 899 2093 1639 2135; baseline 0.008 -14"><span class='ocrx_word' id='word_1_812' title='bbox 899 2095 1033 2133; x_wconf 83' lang='lat' dir='ltr'><em>gentibus</em></span> <span class='ocrx_word' id='word_1_813' title='bbox 1046 2093 1088 2122; x_wconf 83' lang='lat' dir='ltr'><em>ad</em></span> <span class='ocrx_word' id='word_1_814' title='bbox 1104 2093 1301 2123; x_wconf 85' lang='lat' dir='ltr'><em>deludendum</em></span> <span class='ocrx_word' id='word_1_815' title='bbox 1316 2101 1345 2123; x_wconf 84' lang='lat' dir='ltr'><em>et</em></span> <span class='ocrx_word' id='word_1_816' title='bbox 1361 2096 1597 2135; x_wconf 81' lang='lat' dir='ltr'><em>crucifigendum,</em></span> <span class='ocrx_word' id='word_1_817' title='bbox 1610 2104 1639 2127; x_wconf 83' lang='lat' dir='ltr'><em>et</em></span> 
     </span>
     <span class='ocr_line' id='line_1_110' title="bbox 901 2133 1637 2173; baseline 0.007 -12"><span class='ocrx_word' id='word_1_818' title='bbox 901 2134 987 2162; x_wconf 80' lang='lat' dir='ltr'><em>tertia</em></span> <span class='ocrx_word' id='word_1_819' title='bbox 1005 2133 1053 2162; x_wconf 86' lang='lat' dir='ltr'><em>die</em></span> <span class='ocrx_word' id='word_1_820' title='bbox 1068 2138 1206 2172; x_wconf 79' lang='lat' dir='ltr'><em>resurget.</em></span> <span class='ocrx_word' id='word_1_821' title='bbox 1218 2134 1258 2162; x_wconf 89' lang='lat' dir='ltr'><em>Ne</em></span> <span class='ocrx_word' id='word_1_822' title='bbox 1269 2141 1347 2173; x_wconf 88' lang='lat' dir='ltr'><em>putes</em></span> <span class='ocrx_word' id='word_1_823' title='bbox 1357 2134 1430 2172; x_wconf 85' lang='lat' dir='ltr'><em>quod</em></span> <span class='ocrx_word' id='word_1_824' title='bbox 1443 2142 1507 2165; x_wconf 87' lang='lat' dir='ltr'><em>tunc</em></span> <span class='ocrx_word' id='word_1_825' title='bbox 1519 2143 1637 2166; x_wconf 84' lang='lat' dir='ltr'><em>tantum-</em></span> 
     </span>
     <span class='ocr_line' id='line_1_111' title="bbox 900 2171 1639 2211; baseline 0.005 -10"><span class='ocrx_word' id='word_1_826' title='bbox 900 2171 980 2202; x_wconf 84' lang='lat' dir='ltr'><em>modo</em></span> <span class='ocrx_word' id='word_1_827' title='bbox 990 2172 1114 2202; x_wconf 85' lang='lat' dir='ltr'><em>Christus</em></span> <span class='ocrx_word' id='word_1_828' title='bbox 1126 2171 1241 2201; x_wconf 82' lang='lat' dir='ltr'><em>traditus</em></span> <span class='ocrx_word' id='word_1_829' title='bbox 1253 2180 1292 2202; x_wconf 82' lang='lat' dir='ltr'><em>est</em></span> <span class='ocrx_word' id='word_1_830' title='bbox 1303 2173 1484 2204; x_wconf 86' lang='lat' dir='ltr'><em>sacerdotibus</em></span> <span class='ocrx_word' id='word_1_831' title='bbox 1495 2183 1520 2205; x_wconf 84' lang='lat' dir='ltr'><em>et</em></span> <span class='ocrx_word' id='word_1_832' title='bbox 1533 2176 1639 2211; x_wconf 82' lang='lat' dir='ltr'><em>scribis,</em></span> 
     </span>
     <span class='ocr_line' id='line_1_112' title="bbox 900 2210 1641 2250; baseline 0.005 -10"><span class='ocrx_word' id='word_1_833' title='bbox 900 2218 926 2240; x_wconf 88' lang='lat' dir='ltr'><em>et</em></span> <span class='ocrx_word' id='word_1_834' title='bbox 946 2210 1192 2241; x_wconf 84' lang='lat' dir='ltr'><em>condemnaverunt</em></span> <span class='ocrx_word' id='word_1_835' title='bbox 1216 2222 1278 2241; x_wconf 90' lang='lat' dir='ltr'><em>eum</em></span> <span class='ocrx_word' id='word_1_836' title='bbox 1305 2219 1400 2250; x_wconf 87' lang='lat' dir='ltr'><em>morte,</em></span> <span class='ocrx_word' id='word_1_837' title='bbox 1420 2221 1448 2243; x_wconf 87' lang='lat' dir='ltr'><em>et</em></span> <span class='ocrx_word' id='word_1_838' title='bbox 1472 2215 1641 2244; x_wconf 86' lang='lat' dir='ltr'><em>tradiderunt</em></span> 
     </span>
     <span class='ocr_line' id='line_1_113' title="bbox 901 2249 1638 2293; baseline 0.001 -14"><span class='ocrx_word' id='word_1_839' title='bbox 901 2261 963 2280; x_wconf 89' lang='lat' dir='ltr'><em>eum</em></span> <span class='ocrx_word' id='word_1_840' title='bbox 982 2251 1106 2289; x_wconf 81' lang='lat' dir='ltr'><em>gentibus</em></span> <span class='ocrx_word' id='word_1_841' title='bbox 1125 2249 1158 2279; x_wconf 87' lang='lat' dir='ltr'><em>ad</em></span> <span class='ocrx_word' id='word_1_842' title='bbox 1170 2250 1355 2281; x_wconf 86' lang='lat' dir='ltr'><em>deludendum</em></span> <span class='ocrx_word' id='word_1_843' title='bbox 1366 2259 1392 2281; x_wconf 87' lang='lat' dir='ltr'><em>et</em></span> <span class='ocrx_word' id='word_1_844' title='bbox 1403 2254 1618 2293; x_wconf 81' lang='lat' dir='ltr'><em>crucifigendum</em></span> <span class='ocrx_word' id='word_1_845' title='bbox 1631 2265 1638 2280; x_wconf 69' lang='grc' dir='ltr'>ι</span> 
     </span>
     <span class='ocr_line' id='line_1_114' title="bbox 902 2289 1640 2326; baseline 0.003 -8"><span class='ocrx_word' id='word_1_846' title='bbox 902 2289 947 2319; x_wconf 90' lang='lat' dir='ltr'><em>sed</em></span> <span class='ocrx_word' id='word_1_847' title='bbox 962 2296 986 2319; x_wconf 81' lang='lat' dir='ltr'><em>et</em></span> <span class='ocrx_word' id='word_1_848' title='bbox 998 2300 1070 2319; x_wconf 88' lang='lat' dir='ltr'><em>nunc</em></span> <span class='ocrx_word' id='word_1_849' title='bbox 1083 2290 1210 2326; x_wconf 80' lang='lat' dir='ltr'><em>traditur,</em></span> <span class='ocrx_word' id='word_1_850' title='bbox 1225 2298 1251 2320; x_wconf 83' lang='lat' dir='ltr'><em>et</em></span> <span class='ocrx_word' id='word_1_851' title='bbox 1264 2298 1348 2320; x_wconf 87' lang='lat' dir='ltr'><em>morte</em></span> <span class='ocrx_word' id='word_1_852' title='bbox 1365 2292 1518 2321; x_wconf 84' lang='lat' dir='ltr'><em>damnatur.</em></span> <span class='ocrx_word' id='word_1_853' title='bbox 1534 2293 1570 2322; x_wconf 91' lang='lat' dir='ltr'><em>Et</em></span> <span class='ocrx_word' id='word_1_854' title='bbox 1583 2299 1640 2321; x_wconf 84' lang='lat' dir='ltr'><em>tra-</em></span> 
     </span>
     <span class='ocr_line' id='line_1_115' title="bbox 901 2329 1639 2370; baseline 0.001 -12"><span class='ocrx_word' id='word_1_855' title='bbox 901 2329 976 2358; x_wconf 89' lang='lat' dir='ltr'><em>ditur</em></span> <span class='ocrx_word' id='word_1_856' title='bbox 989 2329 1114 2368; x_wconf 82' lang='lat' dir='ltr'><em>gentibus</em></span> <span class='ocrx_word' id='word_1_857' title='bbox 1127 2329 1162 2359; x_wconf 89' lang='lat' dir='ltr'><em>ad</em></span> <span class='ocrx_word' id='word_1_858' title='bbox 1173 2329 1357 2359; x_wconf 83' lang='lat' dir='ltr'><em>deludendum</em></span> <span class='ocrx_word' id='word_1_859' title='bbox 1380 2337 1406 2360; x_wconf 86' lang='lat' dir='ltr'><em>et</em></span> <span class='ocrx_word' id='word_1_860' title='bbox 1417 2331 1639 2370; x_wconf 79' lang='lat' dir='ltr'><em>crucifigendum.</em></span> 
     </span>
     <span class='ocr_line' id='line_1_116' title="bbox 901 2368 1640 2399; baseline 0 -1"><span class='ocrx_word' id='word_1_861' title='bbox 901 2368 1026 2398; x_wconf 81' lang='lat' dir='ltr'><em>christus</em></span> <span class='ocrx_word' id='word_1_862' title='bbox 1047 2369 1120 2398; x_wconf 86' lang='lat' dir='ltr'><em>enim</em></span> <span class='ocrx_word' id='word_1_863' title='bbox 1135 2369 1249 2399; x_wconf 86' lang='lat' dir='ltr'><em>verbum</em></span> <span class='ocrx_word' id='word_1_864' title='bbox 1271 2377 1310 2398; x_wconf 89' lang='lat' dir='ltr'><em>est</em></span> <span class='ocrx_word' id='word_1_865' title='bbox 1328 2370 1458 2399; x_wconf 82' lang='lat' dir='ltr'><em>veritatis.</em></span> <span class='ocrx_word' id='word_1_866' title='bbox 1474 2370 1551 2399; x_wconf 88' lang='lat' dir='ltr'><em>Sicut</em></span> <span class='ocrx_word' id='word_1_867' title='bbox 1569 2369 1640 2398; x_wconf 87' lang='lat' dir='ltr'><em>enim</em></span> 
     </span>
     <span class='ocr_line' id='line_1_117' title="bbox 901 2408 1643 2438; baseline 0.001 -2"><span class='ocrx_word' id='word_1_868' title='bbox 901 2414 965 2437; x_wconf 89' lang='lat' dir='ltr'><em>tunc</em></span> <span class='ocrx_word' id='word_1_869' title='bbox 978 2408 1090 2437; x_wconf 84' lang='lat' dir='ltr'><em>tradidit</em></span> <span class='ocrx_word' id='word_1_870' title='bbox 1103 2410 1176 2438; x_wconf 88' lang='lat' dir='ltr'><em>Deus</em></span> <span class='ocrx_word' id='word_1_871' title='bbox 1189 2408 1326 2438; x_wconf 81' lang='lat' dir='ltr'><em>Christum</em></span> <span class='ocrx_word' id='word_1_872' title='bbox 1339 2408 1521 2438; x_wconf 87' lang='lat' dir='ltr'><em>sacerdotibus</em></span> <span class='ocrx_word' id='word_1_873' title='bbox 1533 2415 1560 2438; x_wconf 87' lang='lat' dir='ltr'><em>et</em></span> <span class='ocrx_word' id='word_1_874' title='bbox 1573 2409 1643 2438; x_wconf 89' lang='lat' dir='ltr'><em>scri-</em></span> 
     </span>
     <span class='ocr_line' id='line_1_118' title="bbox 901 2446 1643 2487; baseline 0 -11"><span class='ocrx_word' id='word_1_875' title='bbox 901 2447 955 2483; x_wconf 88' lang='lat' dir='ltr'><em>bis,</em></span> <span class='ocrx_word' id='word_1_876' title='bbox 969 2446 1005 2476; x_wconf 91' lang='lat' dir='ltr'><em>ad</em></span> <span class='ocrx_word' id='word_1_877' title='bbox 1022 2447 1241 2477; x_wconf 80' lang='lat' dir='ltr'><em>manifestandam</em></span> <span class='ocrx_word' id='word_1_878' title='bbox 1259 2446 1338 2476; x_wconf 84' lang='lat' dir='ltr'><em>fidem</em></span> <span class='ocrx_word' id='word_1_879' title='bbox 1360 2454 1522 2484; x_wconf 87' lang='lat' dir='ltr'><em>sanctorum,</em></span> <span class='ocrx_word' id='word_1_880' title='bbox 1539 2454 1565 2476; x_wconf 88' lang='lat' dir='ltr'><em>et</em></span> <span class='ocrx_word' id='word_1_881' title='bbox 1582 2457 1643 2487; x_wconf 88' lang='lat' dir='ltr'><em>per-</em></span> 
     </span>
     <span class='ocr_line' id='line_1_119' title="bbox 903 2485 1644 2527; baseline -0.001 -11"><span class='ocrx_word' id='word_1_882' title='bbox 903 2486 995 2519; x_wconf 83' lang='lat' dir='ltr'><em>fidiam</em></span> <span class='ocrx_word' id='word_1_883' title='bbox 1018 2487 1174 2527; x_wconf 87' lang='lat' dir='ltr'><em>iniquorum</em></span> <span class='ocrx_word' id='word_1_884' title='bbox 1190 2499 1197 2516; x_wconf 88' lang='lat'><strong>:</strong></span> <span class='ocrx_word' id='word_1_885' title='bbox 1214 2486 1295 2515; x_wconf 84' lang='lat' dir='ltr'><em>fidem</em></span> <span class='ocrx_word' id='word_1_886' title='bbox 1313 2485 1422 2524; x_wconf 85' lang='lat' dir='ltr'><em>quidem</em></span> <span class='ocrx_word' id='word_1_887' title='bbox 1443 2492 1606 2523; x_wconf 83' lang='lat' dir='ltr'><em>sanctorum,</em></span> <span class='ocrx_word' id='word_1_888' title='bbox 1622 2486 1644 2516; x_wconf 91' lang='lat' dir='ltr'><em>si</em></span> 
     </span>
    </p>
   </div>
   <div class='ocr_carea' id='block_1_22' title="bbox 1438 2597 1488 2633">
    <p class='ocr_par' dir='ltr' id='par_1_28' title="bbox 1438 2597 1488 2633">
     <span class='ocr_line' id='line_1_120' title="bbox 1438 2597 1488 2633; baseline -0.04 -7"><span class='ocrx_word' id='word_1_889' title='bbox 1438 2597 1488 2633; x_wconf 83' lang='lat'><em>57.</em></span> 
     </span>
    </p>
   </div>
  </div>
 </body>
</html>
