1890 2826
621 170 778 194 SYNOPSIS
805 171 994 194 scnu’TunAE.
1019 171 1144 194 SACRAE.

104 237 180 271 πόλις
202 233 426 276 εἷδωλολατρεύσῃ
435 257 444 271 ,
467 233 635 273 πανώλεθρον
661 233 745 269 αὐτὴν
771 237 867 263 ποιεῖν.

105 282 173 312 Τίνα
195 282 233 311 δεῖ
250 281 354 318 ἐσθίειν,
377 281 423 311 καὶ
447 280 507 310 τίνα
525 282 712 319 παραιτεῖσθαι
738 282 871 319 παραινεῖ.

104 327 172 367 Περὶ
193 327 308 368 ἀφέσεως
324 329 410 367 χρεῶν
433 328 583 365 νομοθετεῖ,
605 325 666 365 περὶ
688 325 805 365 ἀφέσεως
826 324 872 353 καὶ

105 373 252 414 ἐλευθερίας
265 376 317 403 τῶν
337 373 518 409 δουλευόντων,
532 372 594 412 περὶΙ
608 371 792 412 πρωτοτόκων,
809 370 873 410 περὶ

105 422 150 449 τοῦ
162 419 264 460 πάσχα.
278 421 409 449 Ἐνταῦθα
422 423 515 461 κεῖται
525 418 556 447 τὸ
566 441 574 455 ,
594 419 653 447 “Οὗ
667 417 766 456 δυνήσῃ
778 416 808 445 τὸ
822 415 873 444 πά-

106 478 160 506 σχα
173 471 256 495 ποιεῖν
270 467 298 495 ἐν
316 466 426 506 οὐδεμιᾷ
441 467 495 494 τῶν
507 464 610 494 πόλεων
624 459 662 494 ὧν
675 463 771 504 Κύριος
782 465 796 492 ὁ
806 461 875 495 Θεός

107 524 154 542 σου
169 512 260 542 δίδωσί
281 522 339 547 σοι,
360 513 418 541 ἀλλ’
434 513 471 545 εἷς
487 511 531 540 τὸν
552 510 631 540 τόπον
646 509 675 540 ὃν
690 510 721 539 ἂν
735 508 874 544 ἐκλέξηται

107 559 204 599 Κύριος
217 561 231 588 ὁ
244 558 314 592 Θεός
327 569 383 588 σου.
393 557 462 598 Περὶ
481 559 530 593 τ’ἥς
551 559 605 587 τῶν
627 557 790 595 ἑὸδομάδων,
813 555 874 595 περὶ

106 607 155 641 τῆς
167 606 220 634 τῶν
234 607 429 644 σκηνοπηγιῶν,
443 604 504 644 περὶ
522 606 630 644 κριτῶν,
650 603 712 643 περὶ
735 601 874 642 βασιλέων,

107 650 133 680 εἴ
144 661 209 680 ποτε
228 650 326 680 ἔλθοιεν
348 651 384 683 εἷς
405 649 545 688 ἐπιθυμίαν
563 652 610 679 τοῦ
632 647 787 688 βασιλεῦσαί
807 658 874 676 τινα.

107 697 175 737 Περὶ
187 698 314 731 Λευιτῶν,
327 695 373 725 καὶ
386 691 423 725 ὧν
436 695 569 736 ὀφείλουσι
581 694 736 734 λαμὸάνειν.
750 692 818 733 Περὶ
829 695 875 722 τοῦ

109 743 147 782 μὴ
163 743 216 772 δεῖν
236 746 291 776 τοῖς
307 741 458 782 λεγομένοις
476 741 669 782 Ι’καθαρισταῖς
682 741 846 780 κεχρῆσθαι,
857 738 875 774 ἢ

109 789 255 825 ἐπαοιδοῑς,
267 787 285 824 ἢ
300 788 434 827 μαντείαις
443 811 451 825 ,
465 787 482 824 ἢ
496 787 630 823 κληδόσιν,
644 786 662 822 ἢ
673 791 727 819 τοῖς
740 785 877 819 τοιούτοις.

110 835 242 864 Ἐνταῦθα
266 839 352 864 κεῖται
373 834 418 870 τὸ,
441 833 586 874 Προφήτην
607 835 671 871 ὓμῖν
694 831 838 867 ἀναστήσει
865 834 879 860 ὁ

109 882 179 915 θεὸς
200 882 237 914 ὣς
255 879 313 920 ἐμέ.
333 879 385 909 Καὶ
399 879 461 920 περὶ
480 882 534 909 τῶν
547 878 761 920 φυγαδευτηρίων
775 877 878 907 πόλεων

111 928 288 957 διατάττεται.
315 927 448 957 Ἐνταῦθα
471 931 574 963 κεῖται,
595 926 660 956 Ἐπὶ
683 925 813 964 στόματος
835 924 880 954 δύο

111 974 251 1014 μαρτύρων
265 973 312 1003 καὶ
324 976 405 1014 τριῶν
418 973 579 1010 σταθήσεται
591 979 644 1002 πᾶν
660 974 741 1012 ῥ’ἠμα.
754 971 807 1001 Καὶ
818 970 880 1011 περὶ

109 1023 163 1050 τῶν
183 1020 477 1061 ψευδομαρτυρούντων,
517 1020 544 1049 τί
570 1021 609 1049 δεῖ
634 1019 748 1058 πάσχειν
774 1017 878 1050 αὐτούς.

111 1066 287 1100 Ἐπιστάντος
306 1066 424 1104 πολέμου
438 1091 444 1101 ,
458 1065 531 1105 λέγει
543 1064 603 1094 τίνα
614 1066 652 1094 δεῖ
666 1064 820 1102 ἐκπέμπειν,
836 1062 880 1092 καὶ

112 1113 149 1152 μὴ
163 1113 267 1154 ἀφιέναι
280 1114 459 1151 συμπολεμεῖν
483 1113 579 1144 αὐτοῖς.
603 1112 733 1150 Παραινεῖ
748 1109 784 1148 μὴ
805 1110 881 1137 ἀναι-

112 1162 212 1199 ρεῖσθαι
224 1158 283 1192 τοὺς
293 1158 434 1198 πολεμίως
446 1157 655 1192 ὑποπίπτοντας,
669 1155 740 1191 πλὴν
749 1157 802 1184 τῶν
814 1155 881 1184 ἑπτὰ

111 1207 201 1235 ἐθνῶν.
218 1205 271 1234 Καὶ
287 1205 335 1238 τὰς
354 1205 402 1244 μὲν
416 1203 505 1234 πόλεις
527 1203 646 1237 ἁπάσας,
663 1201 770 1231 ἐπειδὰν
788 1201 881 1237 ἕλητε,

111 1252 194 1292 φησὶ,
209 1251 364 1287 σκυλεύετε,
385 1249 420 1279 τὰ
441 1250 537 1290 ἄῤῥενα
552 1249 619 1288 μόνα
632 1250 807 1288 ἀναιροῦντες.
830 1247 881 1277 Ἐκ

112 1299 140 1327 δὲ
153 1297 262 1333 τούτων,
277 1293 314 1326 ὦν
326 1296 375 1333 τὴν
386 1298 437 1335 γῆν
448 1297 651 1335 κληρονομεῖτε,
687 1293 768 1329 ηδένα
781 1293 882 1333 ζωγρή-

111 1356 176 1380 σητε
190 1344 347 1383 ἐμπνέοντα.
358 1341 521 1382 Καρποφόρα
533 1340 597 1375 ξύλα
611 1340 649 1379 μὴ
659 1339 777 1379 τέμνετε,
792 1339 881 1379 φησὶν,

112 1392 148 1424 εἷς
161 1390 191 1420 τὸ
202 1390 283 1426 πῆξαι
297 1389 404 1429 χάρακα
417 1389 444 1417 ἐν
455 1386 604 1427 πολιορκίᾳ.
624 1386 660 1416 Εἴ
672 1398 713 1419 τις
726 1387 818 1426 εὑρεθῇ
832 1397 880 1415 πε-

111 1435 282 1477 φονευμένος,
295 1437 310 1464 ὁ
325 1435 352 1464 δὲ
363 1433 490 1474 φονεύσας
507 1432 543 1472 μὴ
557 1432 690 1473 φαίνοιτο,
708 1435 842 1471 νομοθετεῖ
854 1431 881 1460 τί

104 1483 150 1512 ,δεῖ
163 1482 288 1521 γίνεσθαι.
302 1481 368 1511 Ἐὰν
382 1479 410 1509 δέ
422 1491 462 1513 τις
475 1479 521 1508 δύο
534 1478 602 1519 ἔχων
613 1483 754 1517 γυναῖκας,
767 1478 815 1514 τὴν
833 1478 880 1517 μὲν

113 1528 227 1568 μισήσῃ,
243 1527 370 1567 ἀγαπήσῃ
381 1526 409 1556 δὲ
419 1525 468 1561 ἢν
482 1525 583 1565 ἑτέραν,
597 1524 643 1554 καὶ
656 1524 746 1564 συμὸῇ
767 1524 811 1553 τὸν
833 1526 881 1559 τῆς

112 1575 272 1614 μισουμένης
283 1570 348 1603 εἶναι
357 1572 534 1613 πρωτότοκον,
551 1571 588 1610 μὴ
607 1571 785 1611 προτιμείσθω
801 1572 880 1600 αὐτοῦ

111 1623 126 1650 δ
145 1623 193 1656 τῆς
217 1619 401 1659 ἠγαπημένης.
423 1618 489 1657 Περὶ
514 1619 571 1647 υἱοῦ
593 1619 724 1649 ἀπειθοῧς.
749 1617 880 1646 Ἐνταῦθα

111 1671 210 1702 κεῖται,
222 1665 454 1704 *Ἐπικατάρατος
464 1668 516 1696 πᾶς
527 1665 542 1692 ὁ
554 1663 722 1703 κρεμάμενος
735 1662 779 1691 ἐπὶ
790 1662 877 1697 ξύλου.

1596 161 1665 209 595

925 233 1035 262 necione
1050 233 1165 263 deleant.
1181 235 1273 264 Monet
1286 244 1345 273 quae
1357 234 1531 270 comedenda,
1545 246 1604 274 quae
1623 246 1665 265 rc-

925 278 1044 318 spuenda
1054 279 1117 308 sint.
1131 281 1227 319 Legem
1237 280 1283 310 dat
1294 280 1327 310 de
1338 280 1492 310 remissione
1501 281 1665 319 debitorum,

925 325 961 354 de
973 325 1126 355 remissione
1140 333 1166 355 et
1179 326 1301 356 libertate
1311 337 1462 364 servorum,
1478 327 1512 357 de
1531 329 1666 369 primoge-

927 371 1000 407 uitis,
1012 370 1046 400 dc
1063 372 1196 411 paschate.
1218 373 1270 402 Hic
1278 374 1350 413 jacet
1367 373 1439 403 illud
1453 386 1460 403 :
1474 375 1544 404 Non
1559 377 1668 414 poteris
1679 382 1816 406 De111.16.5.

925 418 1152 458 paschasacere
1161 420 1193 447 in
1204 419 1269 448 ulla
1280 420 1408 456 civitate,
1421 430 1511 459 quam
1526 421 1670 451 Dominus

930 463 1010 492 Deus
1026 469 1091 492 tuus
1105 464 1156 492 dat
1169 465 1232 501 tibi,
1246 466 1299 494 sed
1312 467 1344 494 in
1358 466 1432 502 loco,
1449 476 1535 505 quem
1553 467 1671 506 elegerit

931 509 1074 537 Dominus
1088 510 1167 538 Deus
1181 517 1256 540 tuus.
1272 512 1313 540 De
1326 511 1552 549 hebdomadibus,
1566 512 1601 542 de
1615 523 1674 542 scc-

927 554 1061 594 nopegiis,
1076 554 1110 584 de‘
1120 555 1270 594 judicibus,
1282 556 1316 585 de
1326 557 1446 596 regibus;
1460 558 1484 587 si
1494 558 1601 596 quando
1615 559 1672 588 vel-

928 601 985 630 lent
1002 602 1054 631 sibi
1074 612 1163 641 regem
1177 602 1294 641 aliquem
1309 604 1479 634 constituere.
1497 606 1538 634 Dc
1560 605 1673 639 Levitis,

930 647 1017 686 deque
1027 647 1060 677 iis
1070 658 1129 687 quae
1138 648 1257 688 accipere
1269 648 1378 679 debent.
1394 649 1476 687 Quod
1490 660 1543 679 non
1556 658 1677 690 oporteat

931 693 987 723 illis
997 694 1049 730 uti,
1059 694 1108 733 qui
1117 695 1277 732 catharistae,
1290 706 1337 724 seu
1351 695 1521 725 mundatores
1536 703 1675 731 vocantur,

931 750 985 770 non
997 741 1219 778 incantatoribus,
1234 753 1286 771 non
1299 742 1523 777 divinationibus,
1539 754 1591 773 non
1604 744 1677 783 ‘omi--

931 787 1019 824 nibus,
1029 795 1076 817 aut
1088 788 1234 818 similibus.
1246 789 1298 819 Hic
1308 791 1379 830 jacet
1393 789 1482 819 illud:
1496 791 1674 830 Prophetam
1688 800 1755 822 Dent.
1769 799 1804 822 ¹8.

931 835 1016 863 ‘vobis
1025 837 1181 864 suscitabit
1193 836 1283 871 Deus,
1298 842 1330 864 ut
1341 846 1392 875 ego
1402 846 1476 865 sitm.
1491 836 1586 873 Deque
1601 837 1674 865 urbi·
1685 830 1724 882 55·
1762 867 1769 881 ¹
1785 859 1814 888 [ἦ

931 880 984 910 bus
998 881 1095 921 refugii
1109 881 1277 922 praecipitur.
1292 882 1343 911 Hic
1356 882 1454 921 legitur
1468 882 1539 911 illud
1554 895 1561 911 z
1577 885 1614 911 In
1628 894 1677 912 ore
1685 870 1754 913 [iiiii]
1766 897 1801 921 ¹9·
1822 876 1827 881 ι

933 929 1055 957 duorum
1069 930 1182 958 testium
1193 930 1245 958 vel
1260 930 1346 958 trium
1355 935 1501 958 statuetur
1515 939 1600 958 omne
1609 940 1676 959 ver·
1689 922 1724 945 ¹⁵·

935 976 1012 1004 bum.
1029 975 1065 1004 Et
1077 974 1112 1004 de
1123 975 1197 1004 salsis
1209 975 1330 1011 testibus,
1350 975 1418 1013 quid
1431 975 1473 1004 illi
1484 976 1540 1014 pati
1553 975 1677 1005 debeant.

932 1021 1050 1050 Instante
1063 1021 1136 1050 bello
1152 1021 1219 1050 dicit
1242 1031 1321 1060 quem
1342 1021 1461 1050 emittere
1481 1028 1611 1060 oporteat,
1631 1032 1679 1051 nec

933 1066 1002 1095 ferre
1013 1074 1042 1096 ut
1055 1077 1118 1096 cum
1132 1067 1198 1107 ipsis
1211 1074 1323 1107 pugnet.
1339 1067 1468 1096 Hortatur
1477 1078 1510 1096 ne
1520 1067 1680 1097 interficiant

934 1112 1022 1142 hostes
1037 1113 1064 1141 in
1081 1123 1174 1142 eorum
1188 1123 1283 1142 manus
1295 1112 1429 1149 cadentes,
1445 1113 1562 1153 exceptis
1579 1120 1679 1153 septem

934 1158 1068 1197 gentibus.
1089 1159 1125 1188 Et
1144 1159 1225 1188 urbes
1245 1158 1356 1197 quidem
1374 1169 1477 1195 omnes,
1492 1159 1591 1197 inquit,
1617 1170 1680 1189 cum

935 1205 1070 1245 ceperitis,
1089 1205 1209 1245 diripite,
1231 1204 1418 1244 masculosqne
1434 1212 1535 1234 tantum
1555 1205 1678 1235 occidite.

936 1252 980 1281 Ex
993 1251 1036 1280 his
1046 1261 1121 1288 vcro,
1134 1247 1252 1290 quorum
1264 1258 1363 1280 terram
1376 1251 1532 1291 possidetis,
1548 1253 1680 1281 neminem

936 1293 1032 1327 vivere
1047 1297 1191 1327 concedite.
1213 1297 1375 1326 Fructiferas
1396 1297 1505 1326 arbores
1525 1308 1557 1326 ne
1578 1298 1682 1336 caeditc,

935 1343 1035 1382 inquit,
1051 1343 1085 1372 ad
1100 1342 1236 1384 figendum
1248 1343 1352 1372 vallum
1370 1344 1395 1371 in
1413 1343 1564 1373 obsidione.
1579 1344 1608 1374 Si
1621 1345 1682 1383 quis

935 1390 1039 1419 occisus
1059 1390 1220 1430 reperiatur,
1238 1400 1288 1419 nec
1301 1395 1427 1430 appareat
1440 1390 1463 1418 is
1477 1390 1524 1429 qui
1539 1390 1679 1427 interfecit,

936 1436 1002 1476 quid
1014 1437 1166 1466 faciendum
1175 1437 1210 1466 sit
1220 1436 1278 1476 lege
1286 1436 1386 1465 statuit.
1396 1436 1425 1466 Si
1433 1437 1494 1475 quis
1502 1436 1570 1466 duas
1580 1437 1682 1466 habens

936 1494 1045 1519 uxores,
1053 1483 1133 1512 aliam
1141 1483 1239 1519 oderit,
1250 1483 1331 1512 aliam
1340 1482 1479 1518 dilexerit,
1489 1483 1682 1523 contigeritque

936 1536 965 1558 ut
975 1540 1075 1570 pcrosae
1085 1529 1159 1558 filius
1167 1530 1201 1558 sit
1210 1529 1404 1569 primogenitus
1418 1541 1426 1557 ε
1436 1539 1468 1557 ne
1476 1529 1517 1558 illi
1529 1531 1682 1569 praeferatur

936 1576 959 1605 is
977 1576 1024 1614 qui
1039 1586 1074 1605 ex
1087 1575 1184 1605 dilecta
1200 1582 1278 1604 natus
1288 1582 1337 1604 est.
1351 1575 1391 1604 Dc
1411 1574 1469 1603 filio
1482 1574 1680 1614 inobsequentc.

936 1622 987 1651 Hic
994 1622 1064 1662 jacet
1078 1621 1147 1650 illud
1160 1633 1168 1649 ι
1181 1621 1357 1650 Maledictus
1368 1621 1461 1649 omnis
1472 1622 1523 1660 qui
1533 1623 1640 1660 pendet
1649 1624 1680 1650 in
1689 1629 1758 1651 Dent.
1773 1635 1811 1652 ει.

938 1668 1029 1708 ligno.
1042 1667 1111 1704 Quia
1121 1677 1184 1706 ergo
1196 1665 1348 1695 maledictio
1359 1666 1463 1705 prolata
1473 1673 1529 1696 erat
1539 1667 1566 1695 in
1575 1678 1619 1696 eos
1632 1669 1677 1706 qui
1687 1661 1740 1713 ἐι).
1751 1691 1774 1713 3.
1792 1692 1830 1714 13.

898 1208 917 1233 C

112 1712 189 1742 Ἐπεὶ
203 1707 247 1741 οὖν
261 1711 346 1741 ἔκειτο
356 1710 461 1750 κατάρα
479 1713 533 1742 τοῖς
547 1708 584 1747 μὴ
597 1708 760 1748 φυλάσσουσι
774 1708 818 1737 τὸν
833 1708 879 1737 νό-
897 1718 916 1742 Ῑ)
935 1724 987 1743 non
1001 1719 1138 1743 servarent
1150 1712 1247 1751 legem,
1261 1712 1438 1740 Maledictus
1453 1714 1545 1741 omnis
1558 1715 1610 1753 qui
1621 1724 1679 1742 non
1687 1724 1756 1745 Deae.
1774 1730 1811 1752 27.

111 1770 170 1797 μον,
187 1757 400 1796 Ἐπικατάρατος
419 1760 472 1788 πᾶς
493 1755 520 1788 ὃς
541 1756 589 1784 οὐκ
610 1754 719 1793 ἐμμένει
742 1759 808 1783 πᾶσι
825 1759 880 1788 τοῖς

110 1803 301 1844 γεγραμμένοις
322 1804 349 1831 ἔν
370 1803 409 1842 τῷ
429 1800 524 1840 βιὲλίῳ
542 1800 644 1840 τούτῳ·
662 1800 782 1840 περὶτοῦ
798 1799 878 1839 νόμου

110 1850 193 1890 λέγων
215 1851 344 1885 Μωῦοῆς·
360 1847 405 1878 καὶ
418 1847 466 1883 τὴν
481 1847 599 1887 κατάραν
624 1846 726 1882 ἐκείνην
749 1848 797 1876 οὔκ
820 1847 879 1882 ἐνῆν

110 1897 202 1927 λαὸεῖν
214 1897 258 1926 τὸν
274 1894 401 1935 Χριστόν·
416 1893 555 1933 ἐπλήρωσε
570 1893 620 1933 γὰρ
634 1893 678 1923 τὸν
691 1894 780 1932 νόμον,
795 1893 880 1923 κατά-

112 1955 160 1984 ραν
185 1941 302 1981 κατάρας
327 1939 508 1976 ἀντηλλάξατο
540 1938 698 1979 κρεμασθεὶς
721 1939 765 1968 ἐπὶ
795 1938 880 1973 ξύλου.

112 1987 180 2028 Περὶ
193 1992 239 2018 τοῦ
254 1987 291 2026 μὴ
312 1987 365 2016 δεῖν
381 1985 447 2025 μηδὲ
462 1987 515 2014 τῶν
529 1986 630 2025 ἐχθρῶν
644 1985 678 2014 τὰ
692 1985 776 2024 ἄλογα
793 1996 879 2024 παρο-

113 2039 170 2075 ρᾷν,
184 2033 230 2064 καὶ
242 2033 321 2073 ἕτερα
333 2028 468 2072 νομοθετεῖ
477 2053 485 2067 ,
499 2030 545 2060 καὶ
557 2030 619 2071 περὶ
629 2033 751 2070 γαμικῶν
765 2031 881 2070 διαλέγε-

111 2098 155 2116 ται
168 2085 264 2125 νόμων,
278 2085 324 2114 καὶ
337 2082 464 2122 τιμωρίας
474 2082 563 2117 τίθησι
576 2081 644 2111 κατὰ
658 2084 710 2111 τῶν
723 2080 881 2120 ὑδριζόντων

111 2137 147 2169 εἰς
168 2134 323 2175 παρθένους.
343 2133 425 2167 Τίνας
438 2132 535 2162 κωλύει
550 2131 587 2171 μὴ
605 2131 714 2161 εἰσιέναι
734 2133 770 2164 εἷς
783 2132 880 2167 ἐκκλη-

142 2227 154 2243 ⁴¹
172 2228 202 2251 In
214 2225 300 2251 Bibliis
311 2225 401 2259 legitur
413 2228 438 2251 οὗ
449 2227 527 2259 δωήσῃ
536 2227 599 2250 θῦσαι
610 2228 636 2250 τὸ
646 2228 732 2256 πάσχα.

143 2267 157 2286 b
175 2267 234 2290 llaec
245 2273 299 2298 quoe
311 2265 337 2289 in
349 2265 545 2289 Deuteronomio
556 2262 683 2288 habentur
699 2271 721 2286 c.
738 2262 777 2292 ⁴8,
791 2270 815 2286 v.
833 2261 870 2290 10,

110 2308 151 2340 οὔχ
163 2308 305 2340 &protiverat
324 2307 347 2329 h
358 2307 390 2329 σοὶ
401 2307 568 2338 περικαθαίρων
579 2307 618 2328 τὸν
630 2307 676 2329 :aba
692 2305 768 2332 αὐτοῦ,
782 2304 819 2326 καὶ
831 2305 872 2330 τὴν

111 2349 225 2380 θυγατέρα
236 2347 304 2370 αὑτοῦ
322 2347 345 2369 ὲν
363 2347 426 2378 πυρί,
441 2351 490 2366 uua
507 2350 568 2367 voce
584 2342 701 2374 exprimit
715 2345 869 2376 καθαρισταῐς.

143 2389 153 2400 ’
169 2383 342 2418 &mxu-&paros
355 2389 400 2411 πᾶς
416 2385 428 2408 ὁ
444 2385 585 2416 κρεμάμενος
604 2386 652 2405 etc.
670 2382 728 2405 Iloez:
749 2379 870 2412 ipsissima

110 2421 235 2448 habemur
246 2422 435 2448 Commentario
445 2420 622 2454 Chrysostomi
634 2420 659 2443 in
672 2419 751 2450 Epist.
767 2417 800 2443 ad
817 2419 867 2443 Ga-

110 2461 174 2487 latas
184 2463 259 2487 Tom.
273 2462 293 2486 V
310 2460 433 2486 Editionis
446 2465 590 2492 postremae,
603 2457 647 2483 sed
663 2457 774 2490 pluribus
790 2466 869 2483 enun-

113 2502 174 2526 tiata
194 2500 280 2526 iisdem
299 2508 362 2532 stepo
380 2498 474 2524 verbis,
498 2499 613 2529 Quorum
637 2505 722 2521 sensus
743 2496 783 2521 hic
807 2502 844 2522 est
863 2506 868 2520 ε

111 2539 226 2565 Christus
243 2548 289 2564 uos
310 2538 416 2564 redemit
430 2547 445 2562 a
462 2536 598 2562 maledicto
615 2535 684 2570 legis,
697 2545 711 2560 a
731 2535 868 2561 maledicto

113 2577 206 2604 scilicet
218 2578 260 2604 illo
280 2579 354 2604 Dent.
374 2579 417 2609 27,
428 2578 469 2608 26,
483 2576 639 2601 Maledictus
657 2577 738 2600 omnis
757 2577 802 2609 qni
820 2585 870 2600 nou

936 1767 1035 1789 manet
1047 1761 1079 1788 in
1089 1760 1224 1788 omnibus
1234 1759 1345 1797 scriptis
1356 1759 1388 1787 in
1402 1759 1457 1787 hoc
1471 1759 1558 1794 libro;
1573 1759 1608 1789 de
1621 1760 1679 1800 lege
1688 1753 1726 1776 ²⁶·

933 1808 1053 1847 loquitur
1066 1809 1184 1847 Moyses,
1198 1815 1248 1834 nec
1257 1811 1360 1845 poterat
1372 1805 1497 1835 Christus
1511 1805 1537 1835 in
1551 1806 1620 1836 hanc
1635 1807 1679 1836 in·

935 1864 1042 1884 currere
1060 1852 1286 1889 maledictionem;
1306 1851 1430 1891 implevit
1449 1862 1563 1891 namque
1581 1852 1677 1892 legem,

935 1899 1151 1930 maledictionem
1170 1897 1357 1927 maledictione
1371 1899 1557 1935 commutavit,
1573 1909 1680 1939 snspen-

936 1956 981 1976 sus
995 1946 1021 1975 in
1033 1945 1118 1985 ligno.
1133 1944 1215 1982 Quod
1224 1954 1277 1973 non
1293 1951 1413 1983 oporteat
1426 1945 1505 1973 etiam
1520 1944 1621 1973 inimici
1631 1945 1678 1985 ju-

937 1999 1024 2022 menta
1044 1991 1188 2032 despicere.
1214 1991 1274 2020 Alia
1297 2001 1404 2030 quoque
1425 1991 1572 2028 constituit,
1599 1999 1626 2020 et
1646 1991 1681 2020 de

937 2038 1107 2079 nuptialibus
1118 2038 1223 2077 legibus
1236 2036 1368 2073 edisserit,
1383 2047 1529 2076 poenasque
1542 2038 1680 2067 constituit

937 2091 1028 2114 contra
1047 2082 1189 2114 violatores
1212 2083 1361 2123 virginum.
1388 2085 1462 2120 Quos
1482 2084 1623 2123 prohibeat
1646 2084 1680 2112 ab

937 2131 1057 2170 ingressu
1077 2130 1103 2160 in
1117 2129 1266 2168 ecclesiam5
1281 2129 1315 2158 de
1331 2129 1392 2159 aliis
1410 2140 1517 2168 quoque
1533 2130 1604 2170 leges
1615 2130 1677 2165 sert,

920 2227 1003 2246 manet
1014 2222 1045 2246 >in
1060 2221 1175 2246 omnibus
1190 2221 1290 2254 scriptis
1310 2221 1335 2244 in
1355 2219 1402 2244 hoc
1418 2219 1481 2245 libro
1492 2230 1499 2244 :
1516 2221 1573 2252 quia
1593 2219 1643 2252 ipse
1663 2229 1677 2244 a

920 2260 972 2293 lege
988 2259 1110 2286 servanda
1128 2268 1174 2285 nos
1183 2260 1327 2292 exemit3et
1339 2267 1389 2292 quo
1406 2265 1481 2291 pacto
1499 2258 1607 2284 exemit?
1621 2260 1679 2284 Sus-

921 2309 1010 2332 pensus
1022 2301 1048 2325 in
1066 2299 1148 2333 ligno,
1171 2305 1197 2324 et
1212 2301 1248 2324 sic
1264 2298 1334 2324 aliud
1355 2298 1516 2323 maledictum
1531 2298 1571 2323 ille
1589 2298 1678 2327 subiit,

894 2361 897 2363 .
920 2338 983 2364 illud
999 2348 1103 2371 nempe,
1114 2339 1274 2363 Maledictus
1290 2338 1369 2362 omnis
1381 2339 1426 2370 qui
1438 2337 1531 2370 pendet
1547 2338 1573 2360 ιἰι
1593 2336 1678 2369 ligno,-

921 2380 963 2412 qui
975 2385 1059 2404 tamen
1070 2377 1130 2403 illud
1145 2387 1195 2402 non
1205 2383 1344 2403 meruerat:
1357 2385 1415 2401 nam
1429 2375 1505 2408 legem
1518 2374 1677 2406 implevernt3

919 2426 977 2443 cum
988 2423 1071 2443 autem
1084 2426 1130 2442 nos
1142 2418 1193 2450 ejus
1205 2417 1280 2447 jussis
1293 2421 1406 2447 parentes
1420 2413 1498 2446 legem
1515 2421 1565 2437 non
1578 2413 1679 2444 implea-

920 2465 983 2488 mus,
998 2456 1159 2481 maledictum
1180 2454 1242 2479 illud
1257 2454 1326 2486 legis,
1337 2452 1407 2485 quod
1426 2453 1450 2476 in
1467 2460 1512 2475 nos
1530 2451 1620 2476 cadere
1636 2452 1679 2476 de-

921 2495 1025 2528 buerat,
1037 2496 1086 2521 alio
1098 2493 1235 2520 maledicto
1248 2492 1299 2525 ipse
1312 2491 1485 2523 compensavit
1494 2511 1499 2521 ‚
1511 2499 1641 2522 suspensus
1656 2493 1679 2515 in

921 2536 997 2569 ligno,
1013 2541 1087 2567 atque
1105 2535 1139 2558 ita
1154 2531 1358 2557 maledictionem
1371 2527 1552 2554 'maledictione
1564 2538 1677 2555 commu-

925 2576 997 2600 tavit.
