1890 2826
743 182 775 205 IN

87 246 164 280 Ἴσως
185 245 231 276 καὶ
253 244 327 275 αὐτοὶ
341 248 395 278 τοῖς
417 245 505 278 αὐτοῖς
518 243 683 274 ἐκοινώνουν.
699 239 776 277 Εἶδες
799 244 852 273 τῶν

87 293 207 333 πονηρῦν
215 291 264 328 τὴν
273 290 400 331 τιμωρίαν
411 303 420 328 ;
431 284 498 324 εἶδες
505 291 558 319 τῶν
569 289 677 320 δικαίων
686 289 720 319 τὰ
733 289 835 320 ἔπαθλα
843 302 851 327 ;

804 183 994 206 DANJELEM.

1627 175 1644 183 ι-

1578 184 1645 221 27³

902 245 960 283 filii
973 255 1083 283 eorum,
1095 252 1122 275 et
1141 256 1246 276 uxores
1264 256 1362 276 eorum
1376 259 1384 275 .-
1396 253 1424 276 et
1438 256 1498 275 non
1506 257 1645 287 pervene-

905 298 974 320 rant
988 284 1030 322 ad
1043 295 1242 332 pavimentum
1260 295 1330 331 laci,
1344 304 1410 323 cum
1421 294 1564 324 dominati
1578 303 1645 325 sunt

86 337 219 371 Πάντοθεν
241 336 365 367 παιδεύω
374 359 382 374 ,
407 335 535 366 πάντοθεν
548 336 694 375 οἰκοδομοῦ.
716 330 799 369 Εἶδες·
810 335 852 365 ὅτι
870 339 888 362 Β
904 348 1004 368 eor-um
1017 339 1127 375 leones,
1136 346 1164 369 et
1171 342 1272 369 omnia
1283 350 1350 369 ossa
1360 348 1458 369 comm
1470 342 1646 370 comminue-

86 382 134 414 κᾶν
147 383 281 423 καταλίπῃ
293 382 362 417 Θεὸς
369 404 378 419 ,
396 383 440 412 ἐπὶ
451 382 578 423 χρησίμῳ
588 385 665 412 τοῦτο
675 385 754 412 ποιεῖ.
765 382 851 422 Περι-

85 428 187 469 εγένετο
205 428 287 470 πυρός
294 441 302 448 ·
325 428 490 470 περιεγένετο
506 428 612 469 θηρίων.
630 427 738 464 Μηκέτι
759 427 851 458 λοιπὸν

85 474 218 515 ἔξετάσῃς,
227 474 272 505 διὰ
281 475 308 505 τί
317 475 431 511 λέοντες,
443 474 489 505 καὶ
501 474 652 516 παρδάλεις,
666 474 711 504 καὶ
724 474 759 504 τὰ
771 473 852 504 λοιπὰ

85 521 178 563 θηρία;
191 522 319 563 Καθάπερ
331 522 388 562 γὰρ
405 521 495 561 δήμιοί
507 533 575 555 τινες
588 521 662 561 παρὰ
674 520 722 555 τὰς
736 520 852 560 πλευρὰς

85 570 197 602 ἑστῶτες
208 571 255 598 τοῦ
269 568 380 606 Δανιὴλ,
393 568 484 608 ὥσπερ
501 568 529 597 ἐν
544 567 607 608 θείῳ
617 567 678 597 ’τινὶ
690 567 736 597 καὶ
748 568 852 608 φρικτῷ

85 614 246 655 δικαστηρίῳ
266 618 344 645 τοῦτο
362 618 496 648 ποιοῦντες
505 625 512 634 ·
530 614 613 648 οὕτως
634 614 682 644 οὐκ
700 612 851 652 ἐτόλμησαν

83 659 198 700 διορύξαι
206 660 253 694 τὰς
262 660 377 702 πλευρὰς
384 663 430 690 τοῦ
441 660 552 690 δικαίω.
561 661 603 689 Οὐ
612 659 663 700 γὰρ
672 659 789 695 ἤκουσαν
797 660 851 689 ἐπι-

83 706 217 745 τάγματος
229 707 363 736 δικαστοῦ.
377 706 490 742 Ἐπειδὴ
506 705 534 736 δὲ
549 705 610 739 τοὺς
631 705 726 739 ἄλλους
747 705 852 741 ἔὸαλον,

83 751 252 786 ἐπιτάξαντος
261 755 306 782 τοῦ
317 753 399 787 Θεοῦ,
407 752 565 792 διέφθειραν,
574 751 628 782 Καὶ
637 751 671 781 τὰ
679 753 745 782 ὀστᾶ
754 752 852 789 αὐτῶν,

83 798 158 838 φησὶ,
166 797 318 828 ἕλέπτυναν.
328 797 379 832 Τίς
389 797 510 838 ἐχαλίνου
520 798 606 827 αὖτῶν
614 797 648 827 τὰ
660 797 780 837 στόματα
789 809 797 834 ;
811 798 850 832 τίς

83 846 182 884 τροφῆς
193 843 390 884 παρακειμένης
413 843 575 884 ἀποσχέσθαι
599 842 735 873 ἐκέλευσεν
745 855 755 883 3
775 848 851 878 ποῖος

903 390 982 414 runt.
999 386 1060 423 Qua
1075 385 1109 415 de
1132 397 1210 416 causa
1223 386 1274 415 filii
1285 393 1311 415 et
1324 396 1423 416 uxores
1435 387 1568 426 p‘ereunt?
1579 387 1646 425 quid

904 438 1081 470 pcccavemnt
1101 432 1166 461 isti?
1188 433 1313 462 Fortasse
1334 432 1376 462 illi
1397 442 1506 471 quoque
1524 432 1646 462 criminis

903 478 1048 519 participes
1058 486 1142 509 erant.
1159 479 1246 510 Vides
1259 480 1445 520 improborum
1457 479 1623 520 supplicium
1631 481 1645 509 :³

902 523 981 554 vides
993 525 1129 564 justorum
1145 525 1277 565 praemia?
1289 525 1418 565 Undique
1430 525 1550 561 erudire,
1564 525 1644 554 undi-

902 579 956 608 que
967 570 1111 600 aedificare.
1126 570 1213 601 Vides
1226 578 1292 610 quot
1307 572 1432 610 quamvis
1445 573 1518 601 Deus
1531 571 1644 607 deserat,

903 615 939 644 ad
953 615 1096 646 utilitatem
1106 623 1223 646 nostram
1238 617 1268 647 id
1288 618 1360 647 facit.
1372 618 1517 658 Supcravit
1537 618 1624 657 ignem
1637 631 1644 653 ;

903 662 1041 703 superavit
1062 663 1142 693 feras.
1165 665 1206 694 Ne
1223 664 1352 704 deinceps
1372 664 1503 703 inquiras,
1523 664 1559 693 ad
1579 664 1647 703 quid

904 708 1003 747 leones,
1018 716 1044 739 et
1057 709 1184 749 pan·di,et
1202 710 1314 749 reliquae
1331 710 1413 740 ferae?
1426 711 1496 740 Sunt
1511 710 1583 740 enim
1599 721 1648 741 ve-

904 754 956 785 luti
974 755 1112 785 carnifices
1129 755 1239 795 quidam
1253 756 1289 786 ad
1304 756 1387 786 latera
1404 755 1525 786 Danielis
1534 763 1643 791 stantes.

902 808 1038 841 tamquam
1051 802 1079 832 in
1088 801 1183 832 divino
1194 802 1312 842 quodam
1325 813 1356 832 ac
1369 802 1504 833 horrendo
1515 803 1646 833 tribunati

901 847 931 877 id
941 854 1063 888 agentes:
1084 848 1119 877 ad
1129 848 1203 878 hunc
1216 848 1327 878 modum
1338 859 1391 879 non
1402 849 1460 879 ausi
1474 856 1537 879 sunt
1548 850 1647 890 perso—

82 890 152 920 οὕτω
160 891 299 931 φιλόσοφος
305 890 484 931 &xpm-rhesis<
492 892 571 929 λιμοῦ
578 890 739 928 κελεύοντος,
748 890 849 926 καὶτῆς
867 897 886 921 C
901 894 965 924 dere
978 894 1063 924 latera
1072 894 1140 935 justi
1153 895 1218 925 viri.
1233 896 1295 925 Non
1314 895 1387 924 enim
1401 902 1555 935 acceperant
1564 895 1643 936 judi-

82 936 181 970 λύσεως
194 939 240 966 τοῦ
254 938 334 976 λιμοῦ
344 936 479 977 παρούσης
489 958 498 972 ,
513 936 550 975 μὴ
566 936 597 965 ἂν
608 937 717 972 θελῆσαι
728 938 807 966 λ’ῧσαι
819 936 850 966 τὸ

83 982 164 1012 δεινόν
176 994 184 1019 ;
200 982 288 1012 Πάλιν
308 982 498 1023 διαγράμματα
510 1004 518 1018 ,
537 981 618 1012 πάλιν
631 982 757 1022 κήρυγμα
770 985 849 1018 θεῖον,

82 1028 162 1058 πάλιν
172 1031 191 1064 ἡ
204 1028 247 1059 διὰ
257 1029 310 1058 τῶν
323 1029 405 1069 ἔργων
419 1027 560 1067 μαρτυρία.

389 1362 478 1392 ΚΕΦ.
494 1361 526 1396 ζ’.

118 1448 165 1479 Ἐν
177 1450 216 1489 τῷ
228 1448 326 1489 πρώτῳ
339 1449 392 1478 ἔτει
403 1448 547 1488 Βαλτάσαρ
562 1447 690 1488 βασιλέως
705 1447 846 1478 Χαλδαίων

77 1494 179 1531 Δανιὴλ
196 1495 314 1525 ἐνύπνιον
331 1490 398 1525 εἶδεν
410 1507 417 1514 ·
430 1495 476 1525 καὶ
489 1497 518 1524 αἱ
536 1494 640 1535 ὁράσεις
663 1496 712 1530 τῆς
729 1495 846 1534 κεφαλῆς

77 1542 157 1571 αὐτοῦ
169 1542 214 1571 ἐπὶ
226 1544 274 1578 τῆς
285 1542 376 1577 κοίτης
387 1543 476 1578 αὐτοῦ’,
488 1541 534 1571 καὶ
543 1541 574 1571 τὸ
586 1541 706 1571 ἐνύπνιον
719 1540 844 1581 ἔγραψεν.

77 1587 157 1627 Ἀρχὴ
166 1587 251 1626 λόγων
263 1589 352 1617 αὐτοῦ.
359 1587 413 1618 Καὶ
422 1587 571 1627 ἀποκριθεὶς
581 1582 653 1617 εἶπεν
661 1599 667 1606 ·
679 1587 733 1626 ἐγὼ
744 1587 846 1623 Δανιὴλ

77 1634 203 1673 ἐθεώρουν
215 1634 242 1662 ἐν
254 1636 287 1673 τῇ
299 1633 388 1674 ὁράσει
400 1642 449 1672 μοι)
460 1635 509 1668 τῆς
516 1633 622 1666 νυκτός·
633 1633 678 1662 καὶ
688 1632 743 1662 ἰδοὺ
756 1635 780 1662 οἱ
791 1633 848 1662 τέσ-

76 1691 155 1719 σαρες
167 1679 258 1718 ἄνεμοι
269 1682 314 1708 τοῦ
326 1681 435 1720 οὐρανοῦ
447 1679 627 1718 προσέὸαλλον
639 1680 676 1712 εἷς
688 1678 736 1714 τὴν
748 1678 846 1708 θάλασ-

76 1736 125 1754 σαν
132 1724 180 1760 τὴν
191 1725 318 1764 μεγάλην.
327 1724 380 1754 Καὶ
386 1725 502 1764 τέσσαρα
510 1723 588 1764 θηρία
595 1724 699 1764 μεγάλα
709 1723 844 1753 ἀνέὸαινεν

76 1772 106 1800 ἐκ
119 1772 168 1806 τ’ἥς
185 1770 320 1806 θαλάσσης
331 1792 339 1807 ,
354 1770 509 1811 διαφέροντα
523 1769 655 1806 ἀλλήλων.
670 1770 710 1799 Τὸ
731 1771 845 1809 πρῶτον,

75 1816 140 1846 ὡσεὶ
153 1815 258 1852 λέαινα,
272 1815 318 1846 καὶ
329 1816 415 1856 πτερὰ
429 1817 509 1852 αὐτῆς
519 1816 583 1845 ὡσεὶ
598 1817 685 1845 ἀετοῦ.
697 1815 844 1856 Ἐθεώρουν

77 1862 126 1896 ἕως
138 1857 168 1891 οὗ
189 1862 338 1896 ἐξετίλαντο
350 1862 385 1892 τὰ
397 1861 483 1902 πτερὰ
504 1863 586 1898 αὐτῆς
597 1883 605 1898 ,
618 1862 663 1892 καὶ
676 1861 773 1902 ἐξήρθη
792 1862 846 1891 ἀπὸ

76 1910 124 1943 τῆς
136 1910 193 1947 γῆς,
201 1908 246 1938 καὶ
259 1908 303 1938 ἐπὶ
316 1909 403 1938 ποδῶν
415 1907 553 1948 ἀνθρώπου
566 1907 674 1944 ἐστάθη,
691 1908 737 1937 καὶ
750 1907 846 1948 καρδία

77 1954 213 1994 ἀνθρώπου
227 1954 303 1991 ἐδόθη
315 1956 391 1995 αὔΰῇ.
406 1954 460 1984 Καὶ
479 1954 533 1984 ἰδοὺ
549 1954 637 1994 θηρίον
652 1954 741 1994 ἕτερον
755 1954 844 1994 ὅμοιον

77 2001 167 2040 α’ρκῳ,
187 2000 232 2029 καὶ
249 2002 286 2034 εἷς
309 2000 387 2041 μέρος
400 2000 427 2030 ἓν
440 2001 538 2037 ἐστάθη
549 2013 556 2019 ·
570 2000 615 2030 καὶ
629 2000 690 2040 τρία
703 2000 804 2040 πλευρὰ
817 2001 845 2029 ἐν

78 2047 117 2086 τῷ
137 2045 249 2085 στόματι
273 2047 370 2083 αὖτ’ἥς,
390 2045 440 2075 ἀνὰ
458 2045 538 2086 μέσον
554 2047 607 2075 τῶν
621 2046 732 2076 ὀδόντων
751 2047 844 2081 αὐτῆς.

77 2091 131 2121 Καὶ
143 2091 224 2125 οὕτως
242 2091 331 2131 ἔλεγον
344 2093 410 2132 αι’ντῇ
421 2104 428 2110 ·
445 2091 546 2122 ἀνάστα
556 2115 563 2128 ,
579 2091 647 2132 φάγε
661 2091 760 2132 σάρκας
777 2093 845 2121 πολ-

77 2137 134 2170 λάς.
145 2136 251 2167 Ὀπίσω
263 2137 354 2167 τούτου
377 2138 513 2178 ἐθεώρουν,
527 2138 571 2168 καὶ
586 2138 640 2167 ἰδοὺ
655 2137 743 2178 ἕτερον
755 2137 845 2178 θηρίον

77 2183 141 2212 ὡσεὶ
165 2182 293 2222 πάρδαλις
303 2194 311 2202 ·
333 2184 379 2213 καὶ
398 2186 465 2224 αὐτῇ
486 2185 571 2224 πτερὰ
592 2184 708 2224 τέσσαρα
725 2186 844 2213 πετεινοῦ

78 2228 200 2267 ὑπεράνω
211 2230 306 2264 αὐτῆς,
321 2229 366 2258 καὶ
379 2230 504 2270 τέσσαρες
516 2230 628 2270 κεφαλαὶ
639 2232 678 2270 τῷ
692 2230 784 2270 θηρίῳ,
798 2230 844 2259 καὶ

78 2274 182 2308 ἐξουσία
195 2274 270 2310 ἐδόθη
283 2276 365 2314 αὐτῷ.
378 2275 484 2305 Ὀπίσω
496 2275 588 2305 τούτου
603 2276 728 2316 ἐθεώρουν
742 2277 769 2305 ἐν
784 2276 846 2316 ὁρά-

79 2331 143 2358 ματι
155 2322 203 2355 τῆς
215 2320 307 2353 νυκτὸς
317 2343 325 2356 ,
346 2320 391 2350 καὶ
404 2320 458 2350 ἰδοὺ
472 2321 561 2361 θηρίον
576 2321 710 2362 τέταρτον,
724 2321 844 2362 φοὸερὸν,

79 2366 125 2395 καὶ
138 2365 278 2405 ἔκθαμὸον,
299 2366 344 2395 καὶ
364 2365 472 2406 ἰσχυρὸν
485 2369 629 2407 περισσῶς·
643 2368 688 2397 καὶ
708 2370 732 2397 οἱ
746 2367 847 2401 ὀδόντες

80 2413 159 2442 αὐτοῦ
183 2413 286 2452 σιδηροῖ
308 2412 352 2441 καὶ
367 2412 477 2451 μεγάλοι
489 2425 496 2432 ·
517 2413 614 2450 ἐσθίον,
637 2414 682 2444 καὶ
699 2415 829 2454 λεπτῦνον·
838 2426 844 2432 ·

81 2457 126 2487 καὶ
138 2457 170 2487 τὰ
184 2458 309 2488 ἐπίλοιπα
322 2463 376 2491 τοῖς
398 2458 461 2487 ποσὶ
475 2458 615 2488 συνεπάτει
626 2471 633 2477 ·
647 2459 693 2488 καὶ
707 2459 769 2489 αὐτὸ
788 2460 846 2493 δια-

81 2503 158 2544 φέρον
170 2507 302 2544 περισσῶς
322 2503 394 2544 παρὰ
408 2504 495 2534 πάντα
511 2503 545 2533 τὰ
558 2504 637 2544 θηρία
654 2505 688 2534 τὰ
701 2505 847 2545 ἔμπροσθεν

84 2551 162 2579 αὐτοῦ
172 2561 179 2568 ·
192 2550 237 2579 καὶ
248 2550 347 2590 κέρατα
358 2552 436 2579 αὐτοῦ
446 2549 520 2579 δέκα.
531 2550 694 2590 Προσενόουν
704 2555 758 2585 τοῖς
769 2551 847 2592 κέρα-

81 2607 121 2625 σιν
135 2597 213 2626 αὖτοῦ
225 2609 231 2615 ·
247 2597 291 2626 καὶ
302 2596 356 2625 ἰδοὺ
370 2596 448 2636 κέρας
463 2596 550 2636 ἕτερον
564 2596 655 2636 μικρὸν
668 2597 804 2629 ἀνέὸαινεν
818 2600 845 2628 ἐν

864 1731 884 1753 D

865 2331 883 2354 E

901 940 940 970 cis
951 940 1118 971 mandatum.
1131 942 1276 980 Postquam
1288 951 1354 971 vero
1368 941 1416 970 alii
1430 941 1457 970 in
1469 941 1557 971 lacum
1571 941 1645 971 missi

901 992 974 1023 sunt,
994 987 1051 1016 Deo
1073 986 1197 1026 jubentc,
1217 997 1262 1016 eos
1287 986 1485 1024 interfecerunt,
1510 988 1552 1016 Et
1578 998 1645 1017 ossa

902 1041 1002 1061 eorum
1011 1054 1019 1069 ,
1042 1031 1140 1070 inquit,
1165 1034 1405 1062 comminuerunt.
1433 1033 1502 1070 Quis
1526 1033 1645 1063 frenabat

902 1077 1023 1116 ipsorum
1037 1078 1102 1107 ora?
1115 1077 1176 1116 quis
1188 1078 1312 1118 praecepit
1320 1079 1443 1118 apposito
1456 1078 1518 1108 cibo
1528 1079 1645 1109 abstine-

901 1122 953 1152 re?
965 1123 1028 1162 quis
1041 1123 1221 1163 philosophus
1238 1123 1305 1153 adeo
1319 1130 1480 1164 temperans,
1495 1131 1524 1153 ut
1537 1135 1645 1164 pressus

901 1168 981 1205 fame,
996 1168 1129 1198 solutione
1141 1175 1230 1198 antem
1243 1169 1321 1198 samis
1333 1176 1472 1209 praesente,
1488 1169 1556 1199 nolit
1567 1181 1596 1199 sc
1609 1170 1644 1199 ab

902 1224 933 1243 eo
944 1214 1015 1244 malo
1028 1214 1142 1244 liberare
1151 1215 1165 1244 3‘
1179 1215 1284 1244 Rursus
1297 1215 1395 1253 edicta,
1410 1227 1504 1246 rursus
1518 1216 1644 1247 divinum

901 1260 1075 1300 praeconium,
1089 1270 1183 1290 rursus
1196 1262 1378 1291 testimonium
1389 1273 1439 1302 per
1452 1273 1493 1293 res
1506 1263 1589 1303 ipsas.

1158 1359 1292 1389 CAPUT.
1319 1360 1385 1390 vn.

940 1446 969 1473 1.
991 1446 1029 1473 In
1052 1446 1145 1484 primo
1167 1454 1247 1473 anno
1267 1445 1435 1474 Baltasar-is
1457 1447 1532 1485 regis
1550 1447 1644 1476 Chal-

899 1490 1028 1520 daeorum
1057 1491 1171 1521 Daniel
1198 1494 1344 1521 somnium
1368 1492 1446 1521 vidit
1470 1505 1479 1521 .·
1501 1499 1530 1522 et
1556 1494 1645 1522 visio-

900 1546 950 1565 nes
969 1531 1074 1577 capitis
1095 1538 1158 1576 ejus
1182 1539 1215 1566 in
1226 1537 1317 1567 cubili
1335 1538 1398 1577 ejus
1418 1549 1426 1566 .-
1450 1544 1480 1567 et
1500 1537 1646 1568 somnium

899 1583 1024 1622 scripsit.
1045 1584 1227 1623 Principium
1247 1593 1412 1613 sermonum
1432 1585 1506 1623 ejus.
1535 1586 1576 1614 Ee
1597 1595 1644 1614 re—

900 1629 1046 1665 spondens
1059 1629 1135 1658 dixit
1150 1641 1158 1657 .-
1174 1631 1205 1659 2.
1219 1630 1285 1669 Ego
1296 1630 1409 1659 Daniel
1421 1631 1598 1668 aspiciebam
1612 1633 1661 1666 in,

899 1683 965 1703 mea
996 1676 1122 1710 visione,
1141 1681 1226 1704 nocte
1239 1685 1247 1702 .-
1262 1681 1292 1704 et
1316 1685 1382 1704 ecce
1405 1682 1534 1714 quatuor·
1561 1679 1644 1706 venti

899 1720 967 1749 caeli
983 1722 1134 1750 irruebant
1151 1722 1184 1748 in
1198 1730 1279 1750 mare
1297 1731 1446 1761 magnum.
1461 1723 1492 1751 5.
1510 1723 1553 1752 Ec
1570 1734 1644 1763 qua-

899 1773 966 1796 tuor
983 1767 1081 1795 bestiae
1099 1766 1225 1805 grandes
1243 1767 1441 1796 ascendebant
1462 1769 1493 1796 in
1505 1771 1591 1805 mari,
1603 1769 1644 1797 di-

899 1823 992 1843 versae
1003 1815 1080 1842 inter
1087 1822 1128 1842 se.
1143 1813 1175 1842 4.
1187 1813 1291 1842 Prima
1301 1813 1405 1842 similis
1424 1813 1534 1851 leaenoe,
1547 1820 1575 1843 et
1586 1815 1645 1844 ala»

897 1861 960 1899 ejus
981 1859 1066 1888 velut
1093 1859 1152 1888 aloe
1173 1859 1293 1898 aquiloe.
1322 1858 1525 1899 Aspiciebam,
1550 1861 1644 1890 donec

897 1906 1007 1935 evulsoe
1025 1912 1094 1935 sunt
1107 1906 1164 1935 aloe
1177 1906 1240 1945 ejus
1251 1917 1259 1933 ι
1271 1911 1298 1935 et
1308 1906 1428 1935 sublata
1444 1912 1487 1935 est
1501 1907 1538 1935 dc
1552 1913 1641 1943 terra,

898 1958 926 1981 et
947 1954 979 1980 in
997 1952 1120 1991 pedibus
1139 1952 1266 1980 hominis
1283 1952 1374 1988 stetit,
1395 1958 1423 1981 et
1445 1962 1498 1981 cor·
1515 1953 1643 1983 hominis

901 1998 1004 2027 datum
1015 2004 1058 2027 est
1071 1999 1109 2027 ei.
1120 1998 1150 2027 5.
1163 1998 1205 2027 Et
1214 2007 1280 2027 ecce
1292 1999 1385 2027 bestia
1398 1998 1464 2028 alia
1473 1999 1578 2028 similis
1591 2010 1643 2029 ur·-

898 2054 942 2078 50‚
957 2045 1040 2073 et‘in
1058 2050 1171 2083 partam
1192 2055 1281 2074 unam
1307 2046 1398 2082 stetit,
1417 2051 1446 2074 et
1466 2046 1524 2074 tria
1548 2045 1644 2075 latera

898 2093 929 2120 in
938 2101 988 2120 ore
998 2092 1071 2130 ejus,
1084 2092 1267 2120 inter-dentes
1278 2093 1379 2130 ipsius.
1396 2092 1438 2121 Et
1451 2093 1493 2121 sic
1507 2092 1644 2122 dicebant

898 2138 925 2165 ei
937 2148 946 2163 .·
960 2137 1061 2176 Surge,
1076 2138 1194 2167 comede
1207 2147 1309 2167 carnes
1323 2138 1442 2167 multas.
1458 2139 1488 2167 6.
1502 2139 1576 2168 Post
1587 2140 1644 2168 hoc

899 2184 1087 2222 aspiciebam,
1102 2189 1204 2213 etecce
1221 2183 1284 2212 alla
1302 2185 1395 2213 bestia
1414 2190 1564 2224 tamquam
1575 2196 1643 2224 par-

899 2229 977 2258 dalis
989 2239 997 2256 .·
1013 2235 1040 2258 el
1052 2231 1108 2268 ipsi
1117 2230 1174 2258 aloe
1186 2236 1313 2269 quatuor
1324 2230 1455 2258 volucris
1465 2240 1551 2269 super
1566 2240 1642 2266 eam,

899 2281 927 2304 et
941 2281 1069 2315 quatuor
1092 2276 1190 2315 capita
1203 2277 1312 2311 bestia»,
1328 2282 1355 2305 et
1366 2282 1495 2315 potestas
1509 2277 1581 2305 data
1601 2283 1644 2305 est

901 2322 959 2351 illi.
974 2323 1004 2351 7.
1017 2322 1091 2352 Post
1106 2323 1162 2352 hoc
1177 2324 1351 2362 aspiciebam
1367 2324 1397 2351 in
1410 2324 1524 2352 visione
1538 2325 1642 2357 noctis,

901 2374 930 2397 et
950 2378 1014 2397 ecce
1033 2369 1126 2398 bestia
1143 2374 1260 2408 quarta,
1272 2368 1420 2404 terribilis,
1436 2374 1463 2397 et
1470 2368 1642 2415 stupenda,

900 2420 927 2442 et
935 2414 1028 2454 sortis
1047 2416 1133 2444 nimis
1148 2425 1155 2441 .-
1169 2420 1197 2443 et
1215 2414 1316 2443 dentes
1332 2415 1395 2453 ejus
1411 2413 1517 2453 ferrei,
1530 2419 1557 2440 et
1579 2422 1641 2440 ma-

900 2463 963 2500 gra}
977 2460 1129 2490 comedens
1146 2467 1174 2489 et
1196 2462 1406 2494 comminuens‚·
1421 2465 1450 2487 et
1466 2458 1581 2497 reliqua
1591 2468 1642 2496 pe-

901 2508 985 2536 dihus
999 2509 1059 2536 suis
1072 2505 1266 2535 conculcabat
1279 2517 1286 2533 .·
1301 2511 1328 2533 ει
1340 2506 1402 2543 ipsa
1415 2504 1530 2532 diversa
1548 2503 1641 2532 valde

901 2564 960 2593 prae
979 2553 1111 2583 omnibus
1123 2553 1222 2581 bestiis
1237 2561 1301 2590 quoe
1315 2556 1384 2579 ante
1394 2559 1459 2578 eam
1471 2559 1479 2575 .-
1491 2555 1518 2578 et
1530 2559 1640 2579 cornua

903 2601 964 2638 ejus
987 2600 1095 2628 decem.
1117 2597 1146 2628 8.
1163 2596 1391 2629 considerabam
1415 2604 1524 2624 cornua
1542 2597 1603 2634 ejus
1618 2603 1646 2626 et
