1890 2826
702 154 734 176 IN
761 152 910 177 GENESIM
937 152 1048 176 SERMO
1075 154 1110 176 11.

117 216 144 246 δὲ
156 215 270 248 δικαίως
280 214 416 248 ἀπεικάζει
424 215 458 254 τῇ
470 213 501 243 τὸ
513 213 575 253 μέλι
588 213 787 252 &marozotiam
800 213 884 248 Χείλη

116 256 178 295 γὰρ,
188 254 278 294 φησὶν,
288 254 388 293 ἀνδρῶν
401 253 508 283 δικαίων
518 253 696 287 ἀποστάζωσι
705 253 808 292 σοφίαν.
820 252 884 288 Καὶ,

117 294 216 334 Κηρίον
236 293 342 332 μέλιτος
354 291 435 332 ’λόγοι
461 292 538 323 καλοί
546 305 553 312 ·
575 292 718 332 γλύκασμα
746 292 773 322 δὲ
798 293 884 322 αὐτῶν

117 334 186 367 ἴασις
198 334 296 373 ψυχῆς.
320 333 408 362 Τοῦτο
420 332 516 368 τοίνυν,
536 332 681 372 ἀγαπητοὶ,
699 331 730 361 τὸ
743 331 885 370 γλῦκασμα

116 375 169 403 τῶν
181 374 273 412 ψυχῶν
294 371 375 411 λέγω,
391 372 548 411 ποθήσωμεν
566 371 595 406 ἐξ
607 372 670 407 ὅλης
681 373 780 412 ψυχῆς,
797 371 841 401 καὶ
854 371 884 400 τὸ

117 412 208 452 κηρίον
230 412 403 452 ἐργασώμεθα
424 412 456 442 τὸ
477 412 564 452 νοερὸν
590 413 616 442 ἐν
640 414 680 452 τῷ
706 423 723 441 κ
740 413 814 451 υπτῷ
837 413 884 446 τῆς

116 454 152 492 ψυ
172 454 205 487 ἧς
218 451 395 492 ἐργαστηρίῳ,
408 451 454 481 καὶ
467 451 501 481 τὰ
515 454 571 481 θεῖα
585 451 662 491 λόγια
681 451 716 480 λά
734 463 805 490 ωμεν
818 450 884 490 ὑπὲρ

118 464 179 531 ‘aiffa
192 491 237 521 καὶ
250 491 350 531 κηρίον.
364 491 436 520 Μέλι
453 491 505 531 γὰρ
515 491 583 521 πολὺ
596 490 744 529 ἐσθιόμενον
757 489 885 523 πολλάκις

119 531 280 571 μεταὸάλλει
308 530 339 560 τὸ
367 530 523 570 γλύκασμαΔ
538 533 575 564 εἰς
601 531 725 571 πικρίαν,
751 529 798 560 καὶ
825 530 882 559 δια-

118 570 224 611 στρέφει
245 573 291 600 τοῦ
309 570 446 610 στομάχου
466 570 515 607 τὴν
532 570 627 611 ὄρεξιν,
646 570 692 601 καὶ
711 574 799 600 πᾶσαν
818 571 885 599 ἀνα-

117 611 239 644 σκιυάζει
258 612 304 639 τοῦ
325 609 463 650 ἀνθρώπου
485 609 534 646 τὴν
558 610 720 640 κατάστασιν
730 621 737 628 ·

118 652 190 680 θεοῦ
203 649 402 688 λαμβανόμενος
419 649 501 683 πολὺς
513 651 543 680 οὔ
556 651 627 680 θολοῖ
640 649 688 686 τὴν
701 648 799 689 ψυχὴν,
818 649 886 678 ἀλλὰ

119 689 273 730 θεραπεύει·
294 688 443 728 Γλύκασμα
461 688 512 729 γὰρ
534 690 614 719 αὐτοῦ
632 689 701 722 ἴασις
720 690 816 729 ψυχῆς.
834 689 887 718 Διὰ

119 733 198 759 τοῦτο
211 728 368 768 βουλόμενος
378 731 393 758 ὁ
407 729 485 769 σοφὸς
496 730 593 763 ἐκεῖνος
607 730 748 758 ἀντιθεῖναι
760 729 786 758 δι
840 728 887 768 ρὰν

121 768 225 807 με’λιτος
237 768 284 798 καὶ
296 768 385 808 λόγου,
397 767 477 808 φησίν
486 780 493 787 ·
507 768 621 798 Ἐσθίειν
689 780 697 797 ι
713 767 780 798 πολὺ
792 779 807 797 ο
836 779 887 797 κα-

120 808 176 846 λὸν,
185 813 265 878 ut?
276 808 303 838 δὲ
313 807 367 848 χρὴ
380 807 472 847 λόγους
481 807 607 842 ἐνδόξους.
617 807 744 848 Ἔχωμεν
755 804 810 843 οὖν,
825 809 888 847 ἀγα-

119 847 355 917 mant&
367 846 542 916 &mist
552 846 888 917 ‘⁶²102⁵³Ztss‘13{¹{2⁸‘2={i{33

122 926 169 965 μὲν
182 926 227 956 καὶ
247 899 376 967 διςαφόρων
397 898 738 967 σχηρμάτωνηὲπαρτίζεται,
749 926 777 955 ἓν
791 926 819 956 δὲ
834 926 890 966 ἔχει

121 966 202 996 καλόν
211 978 218 985 ·
233 966 302 996 οὕτω
314 966 360 996 καὶ
371 967 436 1005 ἡμῖν
446 965 516 996 ἔστω
528 966 620 1006 κηρίον
642 968 660 1002 ἡ
674 965 732 996 θεία
744 965 848 1006 Γραφὴ,
861 968 890 995 ἐκ

121 1007 227 1035 πολλῶν
239 1005 286 1044 μὲν
297 1006 342 1035 καὶ
351 1005 481 1045 διαφόρων
493 1005 652 1045 συγκειμένη
662 1008 816 1045 προφητῶν,
827 1005 854 1034 ἓν
863 1005 891 1034 δὲ

123 1045 185 1084 μέλι
198 1045 368 1078 διδασκαλίας
380 1044 575 1079 ἀποστάζουσαι
586 1046 713 1074 Τοιοῦτον
726 1048 791 1083 ἡμῖν
803 1044 848 1074 καὶ
862 1045 892 1074 τὸ

123 1086 175 1114 τῶν
187 1084 308 1125 πατέρων
320 1096 356 1120 κη
374 1084 422 1121 ίον,
436 1086 466 1114 ἐκ
476 1083 606 1124 διαφόρων
619 1084 667 1123 μὲν
679 1085 789 1120 ἡλικιῶν
800 1095 893 1124 συνηρ-

123 1124 261 1162 μοσμένον,
278 1124 341 1163 μίαν
355 1096 383 1154 δὲ
395 1123 474 1173 χάριν
487 1124 532 1152 καὶ
547 1124 610 1163 μίαν
623 1123 804 1163 πνευματικὴν
819 1124 893 1152 διδα-

124 1163 234 1193 σκαλίαν
254 1163 411 1198 ἀποστάζον.
435 1162 512 1193 Αλλὰ
531 1167 615 1193 ταῦτα
637 1163 684 1202 μὲν
703 1165 740 1197 εἷς
760 1166 892 1193 τοσοῦτον.

124 1202 230 1232 Γένοιτο
240 1202 268 1233 δὲ
279 1205 350 1242 ἡμᾶς
362 1204 451 1243 εὐχαῖς
462 1202 508 1232 καὶ
517 1202 668 1242 πρεσὸείαις
678 1206 725 1232 τοῦ
738 1205 825 1232 κοινοῦ
838 1214 894 1232 πα-

123 1242 194 1282 τρὸς,
202 1244 237 1282 τῇ
248 1242 387 1283 φιλοπονία
396 1242 440 1272 τὸν
451 1241 527 1281 λόγον
537 1241 670 1277 αὔξοντας,
680 1243 723 1272 τὸν
736 1246 803 1272 θεῖον
816 1244 895 1282 ἀπερ-

756 609 832 649 λόγος
856 609 919 639 δὲΒ

1611 141 1682 177 623

937 212 1050 243 imiteris
1071 213 1099 243 in
1112 213 1264 253 diligentia,
1279 221 1304 245 te
1323 214 1412 245 docet.
1427 215 1511 244 Vade
1524 215 1564 244 ad
1585 225 1680 254 apem,
1693 225 1762 247 Prov.
1774 225 1788 246 6
1809 225 1832 247 6.

936 259 966 281 et
985 254 1064 282 disce
1084 263 1175 291 quam
1193 255 1231 283 sit
1252 256 1411 294 operatrix.
1424 254 1489 285 Noli
1511 253 1614 284 discere
1626 265 1681 293 quo

936 298 1014 331 pacto
1026 292 1168 322 stimulum
1179 293 1287 330 habeat,
1303 294 1349 323 sed
1368 305 1424 331 quo
1434 300 1512 334 pacto
1532 294 1585 324 mel
1598 294 1681 324 confl-

936 331 999 367 ciat;
1011 341 1073 360 nam
1086 331 1109 361 si
1123 332 1182 371 apis
1194 333 1336 362 stimulum
1347 334 1430 363 fueris
1444 333 1575 370 imitatus,
1590 343 1680 373 repre·

935 371 1034 400 hendet
1044 378 1070 400 te
1082 371 1183 408 David,
1194 372 1287 402 dicens
1302 385 1309 401 ε
1328 374 1435 402 Omnes
1448 379 1548 411 gentes
1560 374 1680 402 circum·
1691 388 1759 409 Psal.
1781 393 1832 416 ¹¹7·

935 411 1077 440 dederunt
1092 421 1148 447 me,
1163 413 1240 442 sicut
1260 413 1459 452 apesfavum,
1474 419 1503 442 et
1516 414 1549 441 in
1563 414 1682 441 nomine
1697 419 1730 441 15.

937 450 1059 479 Domini
1070 450 1150 480 ultus
1164 461 1228 480 sum
1240 461 1299 480 eos.
1314 451 1402 482 Vides
1414 459 1443 481 ut
1462 451 1641 491 percutientes
1654 462 1682 480 se

935 496 1070 529 comparet
1080 490 1125 529 api
1158 491 1278 530 ungenti,
1291 491 1379 530 justos
1396 498 1484 521 autem
1503 491 1632 521 assimilet
1647 491 1682 527 ei,

935 539 997 568 quae
1018 529 1071 558 mel
1090 529 1136 559 stil
1148 530 1192 560 et?
1206 531 1304 560 Labra
1326 531 1409 567 enim,
1424 531 1523 569 inquit,
1534 532 1682 571 justorum
1696 543 1760 565 νων.
1786 549 1822 564 ιο,

935 568 1052 598 stillant
1061 571 1246 608 sapientiam.
1257 570 1304 604 Et,
1314 571 1343 599 F
1342 580 1415 599 avus
1428 571 1523 599 mellis
1538 580 1684 600 sermones
1694 575 1733 598 32-
1747 580 1769 596 et
1783 574 1818 597 ιῦ.

937 609 1052 638 honesti
1066 621 1074 637 .·
1091 609 1216 639 dulcedo
1234 619 1306 638 vero
1320 619 1419 638 eorum
1432 611 1546 639 sanitas
1565 612 1682 640 animoe.
1695 606 1732 633 2'4·

938 649 1013 678 Hane
1027 648 1117 687 itaque
1128 648 1312 686 dnlcedinem,
1325 647 1508 686 dilectissimi,
1521 649 1683 686 animarum,

937 688 1060 727 inquam,
1080 687 1265 718 desideremus
1285 699 1320 717 ex
1342 695 1397 718 tota
1417 688 1517 725 anima,
1540 689 1686 727 favumque

937 727 1087 767 spiritalem
1106 727 1134 756 in
1151 728 1257 758 oeculta
1269 728 1365 757 animae
1379 728 1486 758 officina
1499 728 1684 764 conficiamus,

938 774 964 796 ct
975 767 1081 806 eloquia
1101 766 1195 797 divina
1213 767 1301 808 pluris
1314 778 1396 806 quam
1417 767 1471 797 met
1490 774 1516 797 et
1537 768 1631 797 favum
1644 768 1687 797 fa-

938 806 1050 836 ciamus.
1065 807 1255 846 Saepenumem
1273 807 1304 836 fit
1318 814 1349 836 ut
1358 807 1383 836 si
1396 807 1513 836 multum
1526 807 1615 837 mellis
1637 818 1684 837 co-

939 846 1074 883 medatur,
1089 846 1261 876 dulcedinem
1282 852 1368 876 mutet
1386 846 1414 875 in
1429 846 1647 882 amaritudinem,
1662 853 1688 875 et

939 885 1069 915 stomachi
1095 886 1173 916 vitiet
1194 885 1355 926 appetitum,
1381 896 1540 924 omnemque
1566 886 1687 915 hominis

940 932 1039 954 statum
1059 930 1183 955 evertat:
1199 935 1286 955 sermo
1298 935 1365 955 vero
1386 924 1498 954 divinus
1518 925 1567 955 etsi
1584 926 1687 955 multus

940 964 1097 1004 accipiatur,
1112 965 1229 994 animam
1250 974 1303 994 non
1318 964 1469 1004 perturbat,
1484 964 1531 994 sed
1540 965 1630 1005 potius
1642 976 1688 995 sa-

942 1010 987 1033 nat
1003 1016 1009 1032 :
1026 1003 1162 1033 Dulceda
1180 1004 1253 1033 enim
1267 1005 1330 1043 ejus
1343 1006 1458 1033 sanitas
1476 1006 1593 1034 anima».
1612 1006 1687 1042 Qua·
1698 1014 1767 1038 Prot*
1783 1014 1820 1037 25.

942 1049 1052 1082 propter
1064 1043 1177 1088 Sapiens
1188 1054 1250 1073 cum
1264 1043 1347 1074 vellet
1359 1043 1447 1072 mellis
1461 1049 1487 1072 et
1500 1043 1630 1074 sermonis
1644 1044 1686 1073 in-
1700 1056 1736 1078 ²7·

942 1089 983 1111 ter
990 1093 1018 1112 se
1026 1082 1171 1112 discrimen
1179 1093 1325 1123 opponere,
1334 1083 1399 1112 Mel
1405 1084 1542 1120 multum,
1551 1084 1601 1121 ait,
1613 1093 1689 1113 com-

942 1122 1027 1151 edere
1048 1132 1108 1151 non
1131 1127 1173 1152 est
1189 1124 1308 1158 bonum,
1320 1123 1466 1152 honorare
1487 1129 1586 1152 autem
1604 1133 1688 1162 opor-

943 1167 984 1190 tet
996 1171 1141 1192 sermones
1158 1162 1307 1202 gloriosos.
1320 1162 1432 1200 Semper
1451 1161 1552 1200 itaque,
1565 1162 1689 1192 dilectis-

942 1200 1016 1237 simi,
1036 1207 1172 1239 tamquam
1194 1201 1287 1231 favum
1309 1200 1454 1240 quemdam
1475 1201 1594 1239 varium,
1614 1211 1688 1231 sacra

942 1239 1050 1279 eloquia
1064 1241 1225 1270 retineamus
1240 1252 1247 1269 :
1261 1247 1288 1270 et
1300 1239 1528 1279 quemadmodum
1542 1241 1620 1272 savus
1643 1241 1690 1270 ille

124 1281 248 1321 γάζεσθαι
270 1282 348 1321 νόμον
383 1294 396 1311 ν
416 1284 450 1317 τῆ
473 1282 574 1312 διανοία
593 1282 722 1318 πάντοτε,
741 1282 786 1311 καὶ
809 1286 894 1312 ποιεῖν
908 1284 927 1308 C
942 1278 1058 1309 diversis
1065 1279 1176 1318 quidem
1188 1279 1329 1309 conficitur
1338 1290 1372 1308 ex
1380 1279 1532 1319 generibus,
1545 1291 1629 1310 unum
1640 1292 1689 1310 au-

124 1323 207 1351 ἔκεῖνο
216 1321 247 1351 τὸ
257 1321 310 1351 ὑπὸ
317 1324 363 1351 τοῦ
375 1314 459 1351 Δαυίδ
471 1323 530 1361 εἶρη
567 1332 620 1358 νον,
630 1322 661 1351 τὸ
674 1322 744 1362 ἔχειν
757 1321 802 1350 τὸν
814 1321 892 1360 νόμον

123 1362 170 1390 τοῦ
190 1362 261 1391 Θεοῦ
274 1361 388 1390 πάντοτε
404 1362 432 1390 ἐν
446 1360 522 1401 μέσῳ
534 1363 582 1397 τῆς
595 1361 695 1395 κοιλίας
709 1362 797 1400 ἡμῶν,
811 1361 892 1400 ἤγουν

123 1399 158 1429 τὰ
170 1402 227 1430 θεῖα
240 1400 372 1439 νοήματα,
385 1399 455 1429 ὥστε
469 1400 582 1439 νομίζειν
596 1400 699 1441 φύσεως
715 1400 789 1439 ὅρους
804 1402 892 1440 ἐπιγι-

123 1438 243 1477 νώσκειν,
256 1445 336 1480 τιμᾷν
347 1450 377 1469 τε
388 1439 437 1476 τὴν
448 1440 584 1477 ἆλήθειαν,
597 1444 769 1491 καταφρονεῖν
782 1440 893 1479 κόσμου,

124 1478 170 1508 καὶ
182 1480 244 1519 Θεῷ
259 1479 335 1514 δόξαν
350 1479 526 1517 ἀναπέμπειν,
542 1482 588 1510 ν’ῡν
601 1480 646 1510 καὶ
660 1482 711 1515 ἀει,
726 1479 772 1509 καὶ
786 1481 822 1513 εἰς
835 1480 895 1514 τοὺς

125 1520 221 1552 αἰῶνας
234 1521 287 1549 τῶν
300 1518 413 1549 αἰώνων.
430 1518 524 1557 Ἀμήν.

128 2005 277 2042 Ἀπόδειξις,
290 2006 332 2035 ὅτι
350 2004 399 2041 τὴν
421 2005 508 2034 εἰκόνα
531 2005 579 2041 τὴν
601 2006 658 2034 καθ’
681 2004 807 2043 ὁμοίωσιν
823 2005 899 2044 Θεοῦ,

165 2051 307 2090 γενομένην
325 2050 429 2090 ἔῤῥιψεν
447 2051 462 2079 ὁ
479 2050 614 2091 ἅνθρωπος
631 2052 646 2079 ὁ
662 2050 765 2090 πρῶτος
784 2049 828 2078 διὰ
846 2050 894 2084 τ’ἦς

165 2098 312 2136 παρακοῆς,
335 2095 378 2125 διὰ
401 2095 429 2125 δὲ
447 2098 493 2125 τοῦ
520 2095 578 2125 νέου
600 2094 684 2134 Ἀδὰμ
711 2095 791 2124 πάλιν
813 2094 894 2130 αὐτὴν

169 2141 310 2171 ἀπὲλαὸεν.

168 2232 236 2261 Κατ’
251 2231 339 2260 εἰκόνα
353 2231 424 2261 Θεοῦ
446 2231 491 2260 καὶ
503 2231 628 2269 ὁμοίωσιν
640 2230 774 2270 γεγονέναι
787 2230 832 2259 τὸν
846 2230 893 2259 ἄν·

128 2274 231 2311 θρωπον
251 2270 296 2300 καὶ
316 2272 334 2305 ἡ
355 2269 412 2299 θεία
433 2270 527 2310 Γραφὴ
554 2270 735 2310 παραδέδωκε,
747 2269 792 2299 καὶ
811 2271 825 2298 ὁ
847 2271 894 2304 τῆς

129 2310 299 2343 διδασκαλίας
317 2309 393 2349 λόγος
407 2309 495 2349 ἠρέμα
507 2321 563 2342 πως
576 2314 630 2342 τοῖς
644 2309 814 2349 φιλομαθέσιν
829 2309 893 2338 ὑπέ-

129 2349 204 2384 δειξε.
225 2350 279 2380 Καὶ
301 2349 436 2388 μέμνησθε
459 2349 574 2383 πάντως,
586 2348 613 2378 οἵ
634 2360 664 2387 γε
685 2348 821 2388 φιλόπονοι
841 2350 893 2378 τῶν

130 2391 276 2428 ἀκροατῶν,
295 2389 366 2422 ὅπως
377 2391 442 2427 ἡμῖν
455 2390 470 2418 ὁ
483 2388 544 2428 περὶ
557 2387 657 2417 τούτων
671 2386 796 2424 διηνύσθη
808 2387 893 2427 λόγος,

129 2428 170 2457 ὅτι
188 2429 228 2466 τὸ,
241 2429 309 2458 Κατ’
323 2427 420 2464 εἰκόνα,
433 2427 637 2477 προηγουμένως
659 2428 696 2460 εἷς
716 2426 764 2463 τὴν
779 2429 825 2456 τῶ
844 2429 893 2456 ἆν-

130 2467 235 2506 Ορώπου
254 2467 408 2497 δεσποτείαν
425 2479 470 2497 και
487 2469 524 2500 εἷς
537 2466 586 2502 τὴν
603 2466 709 2496 πάντων
723 2466 808 2507 ἀρχὴν
822 2468 893 2496 ὑπα-

130 2506 265 2545 γορεύεται
274 2518 280 2525 ·
293 2509 312 2543 ἡ
326 2506 354 2536 δὲ
371 2509 386 2536 ὁ
423 2507 494 2539 ίωσις
511 2506 608 2541 ταύτης
620 2507 668 2542 τῆς
681 2505 779 2539 εἰκόνος
793 2507 828 2540 εἰς
846 2507 892 2542 τὴν

130 2548 182 2575 τῶν
202 2547 302 2586 ἀρετῶν
321 2547 379 2576 τελε
391 2558 454 2576 ωσιν
473 2545 674 2585 ἐκλαμὸάνεται.
697 2545 848 2585 Ἀναγκαῖον
866 2547 891 2575 δὲ

942 1325 996 1348 tem
1010 1318 1111 1348 bonum
1122 1319 1203 1348 habet
1218 1330 1225 1347 ε
1242 1318 1281 1348 sie
1295 1325 1321 1348 ct
1339 1319 1417 1348 nobis
1433 1325 1490 1348 esto
1513 1321 1592 1350 favus
1613 1321 1686 1351 Scri·

943 1364 1022 1398 ptura
1028 1358 1132 1395 divina,
1140 1369 1174 1388 ex
1182 1358 1275 1388 multis
1304 1357 1395 1387 uidem
1401 1369 1431 1387 ac
1438 1358 1554 1389 diversis
1566 1367 1690 1391 constans

943 1397 1094 1437 prophetis,
1108 1408 1194 1427 unum
1206 1408 1270 1427 vero
1302 1397 1411 1427 octrinae
1422 1398 1475 1427 mel
1485 1398 1600 1428 stillans.
1614 1400 1690 1430 Talis

942 1443 969 1466 et
981 1436 1058 1466 nobis
1070 1444 1180 1476 patrum
1194 1438 1270 1467 favus
1287 1448 1322 1466 ex
1336 1437 1429 1466 multis
1443 1437 1553 1476 quidem
1566 1439 1690 1469 aetatibus

943 1483 1127 1513 coacervatus,
1140 1486 1221 1506 tinam
1230 1486 1293 1506 vero
1307 1476 1420 1516 gratiam
1434 1486 1567 1516 unamque
1581 1478 1689 1518 spirita-

943 1515 997 1544 lem
1010 1514 1159 1545 doctrinam
1169 1515 1313 1545 distillans.
1326 1516 1432 1545 Verum
1441 1516 1498 1545 haec
1507 1516 1617 1555 quidem
1626 1518 1689 1547 hac-

945 1561 1021 1583 tenus
1037 1566 1044 1582 :
1059 1554 1137 1583 nohis
1158 1565 1223 1584 vero
1240 1554 1369 1593 precibus
1390 1561 1416 1583 et
1453 1555 1588 1586 atrociniis
1615 1566 1688 1586 com·

945 1592 1035 1622 munis
1066 1594 1150 1632 patris
1185 1593 1319 1631 contingat
1326 1615 1335 1629 ,
1363 1599 1393 1622 ut
1448 1594 1566 1634 iligentia
1597 1603 1687 1625 nostra
1711 1605 1841 1628 Communis

945 1641 1095 1661 sermonem
1109 1639 1247 1672 angentes,
1260 1631 1380 1661 divinam
1393 1632 1478 1672 legem
1492 1633 1688 1675 adimpleamus
1698 1641 1773 1673 vaje&
1785 1638 1841 1659 ‘um‘

945 1672 973 1700 in
987 1678 1076 1700 mente
1087 1677 1177 1701 nostra
1194 1671 1291 1710 quovis
1309 1678 1440 1711 tempore,
1454 1672 1536 1712 idque
1547 1674 1686 1712 faciamus,
1699 1667 1838 1719 v¹ss¹“''ffi”⁰.⁵'

946 1710 1020 1749 quod
1032 1720 1047 1739 a
1061 1710 1166 1740 Davide
1177 1710 1281 1741 dictum
1293 1717 1344 1748 est,
1357 1717 1387 1740 ut
1396 1712 1447 1741 Dei
1457 1712 1543 1752 legem
1555 1714 1583 1744 in
1596 1714 1687 1744 medio
1699 1699 1756 1750 ω’,ἳῗ
1791 1708 1841 1721 υ““’

946 1750 1046 1779 ventris
1058 1750 1141 1780 nostri
1153 1760 1256 1790 semper
1269 1750 1425 1787 habeamus,
1439 1751 1497 1781 sive
1509 1752 1616 1783 divinas
1626 1763 1688 1783 sen·
1699 1759 1806 1790 Psnl.39.
1815 1768 1839 1790 9.

946 1789 1053 1826 tentias,
1065 1796 1096 1818 ut
1108 1795 1208 1819 naturae
1221 1790 1349 1820 terminos
1368 1797 1516 1831 statuamus
1534 1803 1688 1833 agnoscere,

945 1839 976 1858 ac
987 1828 1125 1859 veritatem
1134 1829 1232 1866 colere,
1245 1829 1378 1859 mundum
1388 1837 1568 1866 contemnere,
1580 1834 1690 1871 Deoque

946 1867 1059 1935 §loriam
1063 1868 1174 1937 xfferre,
1187 1878 1258 1898 nunc
1265 1875 1292 1898 et
1304 1879 1418 1909 semper,
1432 1876 1457 1899 et
1466 1870 1493 1900 in
1500 1872 1598 1901 saecula
1607 1882 1690 1901 saeeu-

960 1917 1048 1937 orum.
1088 1917 1160 1937 men.

945 2000 1087 2039 Ejusdem
1105 2001 1325 2038 demonstratio,
1341 2003 1468 2040 primum
1482 2004 1627 2033 hominem
1638 2015 1691 2044 per

984 2046 1211 2075 inobedientiam
1229 2047 1367 2086 abjecisse
1384 2049 1541 2088 imaginem
1555 2050 1597 2079 ad
1606 2053 1688 2080 simi-

986 2093 1139 2122 titudinem
1152 2093 1345 2133 Deisactam,
1360 2100 1388 2123 et
1401 2105 1455 2134 per
1477 2106 1587 2127 novum
1605 2098 1689 2126 Ada-

986 2149 1064 2168 mum
1077 2149 1142 2168 eam
1151 2149 1249 2170 rursus
1262 2150 1454 2180 recuperasse.

986 2233 999 2258 t
1008 2252 1015 2259 .
1028 2230 1169 2261 Hominem
1179 2230 1215 2261 ad
1225 2230 1370 2271 imaginem
1381 2239 1407 2261 et
1420 2232 1626 2264 similitudinem
1638 2236 1688 2264 Dei
1702 2246 1757 2266 Gen.
1772 2252 1789 2266 ι.
1800 2251 1838 2274 27.

946 2269 1049 2299 editum
1071 2270 1099 2299 in
1123 2270 1211 2300 lucem
1231 2277 1257 2300 et
1278 2278 1447 2310 procreatum
1469 2282 1525 2300 esse
1548 2283 1610 2302 cum
1630 2274 1689 2313 ipsa

946 2310 1085 2355 Scriptura
1105 2309 1199 2339 divina
1223 2310 1352 2346 tradidit,
1373 2318 1431 2340 tum
1450 2310 1577 2340 doctrinae
1601 2323 1688 2342 sermo

947 2358 1045 2379 sensim
1061 2348 1260 2388 quodammodo
1279 2349 1399 2379 discendi
1413 2349 1519 2389 cupidis
1532 2351 1689 2381 subindica-

947 2388 1000 2418 vit.
1016 2390 1056 2418 Ac
1065 2389 1223 2419 meministis
1233 2389 1342 2418 omnino
1355 2389 1402 2427 qui
1414 2389 1483 2417 inter
1495 2388 1630 2419 auditores
1640 2392 1689 2420 uti-

947 2438 999 2467 que
1009 2427 1193 2468 diligentiores
1200 2428 1273 2465 estis,
1285 2437 1339 2466 quo
1349 2434 1424 2466 pacto
1433 2427 1466 2456 de
1475 2428 1525 2455 hoc
1534 2437 1691 2473 argumento

946 2467 1028 2497 verba
1049 2467 1197 2504 fecerimus,
1216 2474 1241 2496 et
1258 2477 1310 2505 qua
1331 2466 1432 2495 ratione
1450 2466 1478 2495 in
1497 2466 1592 2504 primis
1606 2468 1688 2505 illud,

948 2507 1003 2536 Ad
1011 2509 1180 2547 imaginem,
1190 2506 1224 2535 ad
1236 2505 1352 2535 hominis
1358 2505 1523 2534 dominatum
1531 2506 1589 2535 etin
1601 2518 1691 2538 omncs

949 2557 991 2576 res
1004 2553 1104 2576 creatas
1123 2545 1267 2585 imperium
1285 2544 1451 2574 referendum
1469 2544 1503 2573 sit
1519 2556 1526 2573 τ
1542 2546 1690 2578 similitudo
