1890 2826
232 184 305 232 '598
928 192 1106 216 suvmzmm

234 262 307 291 erat,
334 253 414 283 modo
434 253 554 283 sensibili
574 253 732 292 3loquendo,
757 260 783 283 et
807 252 974 293 intelligendi

229 301 314 330 ⁴modo
331 300 419 340 passio
431 299 466 329 ad
477 309 615 329 ascensum
630 298 831 330 resurrectionis
849 298 972 341 ducebat.

233 347 368 376 Adamum
386 346 456 376 enim
477 346 504 374 in
522 346 657 375 infernum
676 345 819 386 delapsum
837 345 865 375 in
878 346 975 376 caelum

1024 255 1154 290 αἰσθητῶς
1171 255 1188 289 ἡ
1206 253 1262 287 ὁδὸς
1280 253 1334 283 ἀπὸ
1345 252 1449 294 Ἱεριχὼ
1471 254 1507 287 εἰς
1519 252 1689 294 Ἱεροσόλυμα
1704 252 1794 284 ἄνοδον
1813 263 1816 269 ·

1025 294 1080 339 εἶχε
1087 320 1097 336 ,
1119 300 1165 328 καὶ
1178 301 1277 335 νοητῶς
1292 299 1321 329 τὸ
1338 299 1420 333 πάθος
1442 298 1488 329 ἐπὶ
1499 299 1548 336 τὴν
1561 299 1652 329 ἄνοδον
1666 301 1714 335 τῆς
1726 302 1795 329 ἀνα-

1024 345 1140 378 στάσεως
1159 345 1257 385 ἔφερεν.
1270 344 1354 384 Ἀδὰμ
1373 345 1426 385 γὰρ
1446 345 1491 375 τὸν
1502 347 1538 379 εἷς
1558 345 1622 386 ᾅδου
1633 345 1746 375 πεσόντα
1759 347 1795 378 εἰς

233 392 427 430 τοιὉεοὶιειῃοῑ
437 391 513 420 humi
518 392 650 432 jacentem
660 391 804 431 imaginem
816 391 844 421 in
858 391 974 421 sublime
989 394 1008 418 E
1023 391 1131 431 οὐρανὸν
1148 392 1313 426 ἀνεκαλεῖτο,
1334 390 1380 420 καὶ
1402 390 1452 427 τὴν
1471 391 1559 431 χαμαὶ
1569 390 1691 430 κειμένην
1707 391 1794 421 εἰκόνα

219 455 222 459 ·
231 438 367 473 efferebat.
378 438 573 475 Ascendimus
583 438 606 466 J
606 437 810 475 erosolymam.
818 435 876 468 Ubi
886 439 972 475 Deus,

232 483 271 512 ibi
280 490 305 513 et
318 483 426 513 virtutis
437 493 576 521 ascensus;
590 483 638 512 uhi
651 483 765 518 malitia,
775 484 814 513 ibi
825 483 974 523 iniquitatis

233 527 384 558 descensus.
395 528 463 558 Ideo
474 528 564 558 David
575 528 655 566 deviis
668 529 716 568 qui
725 529 874 559 secundum
886 529 973 560 virtu-

84 579 223 615 Jjaat.83.5.
234 581 286 603 tem
299 574 396 604 vivunt
406 574 444 603 ait
458 586 466 603 .·
483 576 568 604 Beati
588 585 697 612 omnes,
718 576 770 615 qui
790 576 926 605 habitant
940 577 973 605 in

86 612 109 632 ὁ·
233 621 318 649 domo
333 626 397 656 tua;
410 622 443 650 in
453 620 561 650 saecula
572 619 744 651 soeculorum
755 620 920 651 laudabunt
933 628 972 651 te.

233 667 341 696 Beatus
360 668 410 695 vir
422 668 504 706 cujus
523 672 565 695 est
579 667 724 696 auxilium
743 668 797 696 abs
809 671 838 696 te
850 679 859 695 .-
870 677 972 696 ascen-

231 714 326 741 siones
341 718 396 742 tuoe
408 715 439 742 in
451 713 537 742 corde
550 714 625 753 ejus.
637 712 835 742 Ascenstones
845 719 911 750 tuae,
921 713 973 747 hoc

231 765 281 796 est,
299 758 350 798 piae
369 759 424 789 illae
438 765 464 789 et
477 759 505 788 in
526 759 610 789 altum
631 766 728 789 evectae
747 760 972 798 ratiocinationes,

230 815 290 843 qum
304 804 330 834 in
344 805 460 835 sublime
473 812 556 846 agunt
567 815 623 843 eos,
638 805 686 844 qni
698 812 768 836 reete
781 805 815 835 de
826 807 883 837 Deo
897 806 971 847 cogi-

1028 438 1064 470 εἷς
1092 436 1156 477 ὕψος
1179 436 1318 476 ἀνήγαγεν.
1342 436 1527 475 Ἀναὸαίνομεν
1550 438 1586 471 εἰς
1613 436 1794 477 Ἱεροσόλυμα.

1026 481 1116 512 “Onon
1137 483 1221 519 Θεὸς,
1243 483 1298 512 ἐκεῖ
1316 483 1416 522 ἀρετῆς
1436 482 1564 516 ἀνάδασις
1575 494 1583 501 ·
1604 482 1670 512 ὅπου
1692 482 1773 513 κακία
1785 504 1794 519 ,

1023 529 1080 565 ,ἐκεῖ
1098 528 1262 568 παρανομίας
1273 528 1428 562 κατάὸασις.
1445 528 1500 559 Διὰ
1512 530 1589 558 τοῦτο
1607 528 1668 569 περὶ
1682 528 1729 568 μὲν
1741 529 1794 559 τῶν

1025 575 1084 603 κατ’
1099 574 1194 614 ἀρετὴν
1206 574 1415 614 πολιτευομένων
1428 574 1508 616 φησὶν
1519 577 1534 605 ὁ
1545 574 1646 605 Δαυίδ·
1659 574 1796 615 Μακάριοι

1024 620 1120 654 πάντες
1133 622 1157 650 οἱ
1170 624 1351 654 κατοικοῦντες
1361 622 1388 650 ἐν
1399 623 1438 661 τῷ
1448 621 1513 661 οἴκῳ
1532 633 1579 652 σου
1588 634 1596 641 ·
1608 623 1644 655 εἰς
1656 620 1718 655 τοὺς
1730 622 1795 651 αἰῶ-

1025 677 1070 699 νας
1081 668 1133 696 τῶν
1144 666 1244 696 αἰώνων
1254 666 1384 696 αἰνέσουσί
1395 678 1434 696 σε.
1445 667 1583 708 Μακάριος
1594 666 1671 707 ἀνὴρ,
1681 662 1712 697 οἷ
1723 667 1795 697 ἔστιν

1025 711 1162 752 ἀντίληψις
1179 714 1251 753 αὐτῷ
1263 712 1338 752 παρὰ
1357 715 1419 742 σοῦ·
1432 714 1460 743 αἱ
1484 712 1624 747 ἀναὸάσεις
1643 724 1690 743 σου
1711 714 1739 742 ἔν
1759 713 1794 752 τῇ

1024 758 1120 798 καρδίᾳ
1139 759 1229 788 αὐτοῦ.
1251 759 1287 788 Αἱ
1298 758 1438 792 ἀναδάσεις
1449 770 1495 789 σου
1504 782 1512 796 ,
1526 758 1670 800 τουτέστιν,
1684 759 1708 788 οἱ
1719 759 1795 789 εὗσε-

1025 803 1079 837 ὅεῖς
1093 804 1139 833 καὶ
1161 804 1303 844 ἀνηγμένοι
1323 805 1463 844 λογισμοὶ,
1482 807 1510 835 οῖ
1529 807 1565 839 εἷς
1579 805 1644 845 ὕψος
1656 804 1796 844 ἀνάγοντες

229 857 296 880 tant.
312 851 360 880 Est
373 861 435 891 crgo
444 850 622 891 temperantiae
632 851 677 881 via
690 851 718 880 in
731 851 848 881 sublime
855 852 1016 892 erigens,m
1024 848 1084 882 τοὺς
1096 850 1183 883 καλῶς
1195 849 1256 890 περὶ
1269 851 1340 880 Θεοῦ
1353 851 1561 890 διανοουμένους·
1573 850 1669 881 Ἔστιν
1681 846 1725 881 οὖν
1737 851 1795 884 ὁδὸς

229 897 392 937 viajustitiae
402 898 431 927 in
444 898 530 927 altum
541 897 641 927 ducens
654 909 662 926 ε
675 897 827 936 omnisque,
843 905 872 927 ut
881 898 917 927 ita
929 898 972 928 di·
987 893 1008 916 A
1025 893 1194 934 σωφροσύνης
1213 897 1249 928 εἰς
1269 894 1332 935 ὕψος
1346 895 1494 935 ἀνοίγουσα,
1506 896 1563 930 ὁδὸς
1579 896 1746 933 δικαιοσύνης
1758 898 1795 930 εἰς

229 954 298 980 cam,
313 943 419 984 pietatis
436 944 483 974 via
498 944 549 973 Dei
566 950 697 973 amantem
711 943 739 973 in
751 944 837 973 altum
853 944 973 982 adducit,

83 1002 153 1024 anch,
163 1003 185 1031 4⁴
197 1010 218 1025 2'
229 989 263 1018 de
275 1000 328 1028 quo
341 989 464 1020 dicebant
478 990 589 1029 gentiles
603 1001 609 1019 :
624 990 736 1027 Venite,
755 990 974 1030 proficiscamur

229 1036 271 1064 ad
281 1042 406 1066 montem
423 1037 553 1073 Domini,
566 1043 594 1066 et
607 1037 648 1066 ad
661 1037 777 1073 domum
792 1037 850 1065 Dei
862 1037 970 1066 Jacob.

228 1081 284 1110 Ubi
297 1081 403 1121 pietatis
420 1081 552 1118 doctrina,
572 1082 610 1111 ibi
632 1092 755 1112 ascensus
768 1089 808 1112 est
822 1094 830 1112 ι
847 1082 894 1112 ubi
907 1093 972 1113 vero

228 1127 340 1164 malitia,
356 1127 395 1157 ihi
416 1128 495 1167 plane
520 1127 671 1158 descensus.
687 1128 720 1158 Id
740 1129 896 1159 testificatur
915 1129 974 1159 Da-

82 1185 217 1214 Bal-294·
229 1172 277 1201 vid
286 1173 417 1212 propheta
439 1173 530 1202 dicens
543 1185 549 1202 :
565 1175 671 1203 Libera
684 1184 729 1203 me
741 1185 760 1204 a
773 1175 973 1205 descendenti-

79 1219 282 1257 Psat.9‚15.bus
303 1220 333 1246 in
354 1218 471 1254 lacum5
492 1225 518 1248 et
543 1230 647 1255 rursus,
666 1220 723 1260 Qui
740 1221 855 1250 exaltas
871 1231 916 1250 me
936 1222 973 1251 de

227 1266 318 1303 portis
339 1266 448 1294 mortis.
473 1265 568 1303 Itaque
584 1264 669 1302 illud,
688 1266 901 1303 Ascendimus,
919 1277 972 1297 non

231 1311 330 1340 frustra
357 1310 461 1339 dictum
484 1317 535 1339 est.
559 1311 638 1339 Ecce
664 1311 859 1341 ascendimus.
888 1313 972 1351 Atqui

226 1355 301 1384 solus
317 1354 351 1384 ad
362 1355 514 1395 passionem
535 1355 618 1385 venit.
636 1358 693 1385 Cur
707 1367 771 1396 ergo
790 1356 816 1385 in
835 1358 972 1387 communi

228 1403 276 1440 ait,
287 1404 484 1433 Ascendimus
494 1406 507 1431 P
516 1403 587 1440 Quia
596 1403 684 1444 passio
696 1404 806 1443 quidem
817 1415 885 1442 mea,
898 1406 971 1436 salus

228 1459 294 1478 vero
307 1449 428 1479 omnium
442 1449 581 1479 hominum
591 1450 741 1479 communis
754 1457 804 1480 est.
816 1450 880 1480 Ideo
894 1451 970 1481 divi-

228 1504 279 1523 nus
291 1495 427 1534 apostolus
438 1496 466 1524 in
476 1505 629 1534 generosam
651 1495 728 1524 illam
740 1502 767 1525 et
776 1495 900 1526 miraculi
912 1497 971 1536 ple-

79 1557 114 1576 Ga
118 1555 135 1577 1.
145 1561 167 1577 2,
183 1561 218 1585 ¹9·
228 1549 289 1568 nam
299 1540 388 1580 erupit
399 1551 504 1578 vocem,
517 1547 545 1570 ut
557 1540 638 1570 modo
651 1540 764 1571 audistis
781 1553 788 1570 ε
806 1543 878 1572 Cum
889 1544 972 1573 Chri-

76 1593 118 1610 20.
227 1591 272 1614 sto
282 1586 437 1626 cmcifixus
457 1596 531 1615 sum.
549 1587 622 1616 Vivo
637 1593 745 1623 autem,
755 1588 821 1626 jam
834 1599 894 1617 non
907 1599 972 1629 ego,

229 1632 304 1660 vivit
315 1641 382 1660 vero
395 1633 426 1660 in
441 1642 486 1661 me
500 1631 642 1661 Christus.
662 1632 800 1670 Alioquin,
817 1643 880 1662 cum
892 1634 974 1664 vellet

228 1677 346 1706 fructum
365 1677 452 1706 crucis
470 1678 621 1715 ostendere,
641 1678 756 1718 subjecit
777 1679 866 1708 statim
883 1680 912 1709 in
930 1691 972 1714 se-

83 1723 375 1762 G11l.3.13.‘1¹¹⁶mibu⁵
392 1736 398 1752 ε
416 1723 548 1753 Christus
569 1735 619 1754 nos
638 1725 757 1754 redemit
779 1736 798 1754 a
818 1726 974 1757 maledicto

233 1769 314 1808 legis,
325 1769 430 1809 sactus
437 1780 491 1809 pro
509 1770 590 1799 nohis
616 1771 828 1809 maledictum.-
837 1774 974 1812 scriptum

84 1832 153 1854 Dm.
166 1839 203 1853 Ἡ,
233 1821 275 1844 est
286 1817 373 1852 enim,
395 1816 575 1846 Maledictus
598 1818 692 1845 omnis
710 1818 763 1855 qui
774 1818 880 1855 pendet
893 1820 924 1847 in
938 1819 974 1847 li-

84 1863 121 1885 23.
232 1871 300 1900 gno,

275 1909 304 1936 9.
322 1906 371 1936 Hic
385 1907 452 1936 mihi
466 1907 609 1947 diligenter
626 1907 817 1946 animadverte,
830 1920 863 1939 ne
888 1911 936 1940 abs
950 1918 976 1942 te

234 1951 354 1981 veritatis
373 1952 511 1991 ,perceptio
533 1952 666 1982 elabatur.
690 1954 878 1985 Contradicent
904 1958 975 1987 enim

86 2011 174 2041 Philip.
188 2013 211 2036 3,
236 1997 324 2027 statim
338 1997 439 2033 Judaei,
448 1997 482 2027 de
494 1998 594 2036 quibus
607 1999 645 2027 ait
657 1999 766 2037 Paulus,
779 2003 896 2030 Inimici
908 2012 974 2032 cru·

90 2045 125 2067 18⁴
142 2052 176 2075 ¹9·
236 2044 278 2071 cis
304 2042 423 2079 Christi,
443 2053 565 2082 quorum
573 2044 650 2083 finis
675 2047 819 2083 interitus,
842 2054 868 2077 et
886 2048 975 2078 statim

236 2087 406 2127 simplicibus
425 2088 552 2127 objicient
568 2100 574 2117 ε
590 2089 619 2118 si
632 2091 789 2121 maledictus
803 2093 851 2132 qui
868 2094 976 2133 pendet,

236 2133 371 2172 quomodo
385 2144 399 2162 a
417 2133 559 2164 maledicto
579 2134 628 2164 tibi
648 2135 859 2167 benedictionem
872 2139 976 2179 imper-

235 2179 280 2208 tiri
290 2186 426 2218 exspectas
434 2179 448 2208 3¹
462 2179 597 2218 quomodo
609 2181 644 2209 ab
653 2191 695 2218 eo,
709 2183 757 2220 qui
770 2184 797 2212 in
808 2192 920 2214 mortem
933 2196 976 2215 ce-

235 2225 312 2262 cidit,
325 2225 409 2255 vitam
422 2226 533 2265 speras?
548 2225 581 2255 Id
593 2227 667 2265 quod
684 2237 806 2267 apparet,
820 2237 850 2260 ut
863 2231 920 2271 ipse
930 2232 977 2262 do-

235 2277 293 2300 ctor
316 2277 406 2300 noster
424 2271 525 2301 Paulus
549 2271 701 2308 confitetur,
723 2275 896 2306 maledictum:
914 2285 974 2308 estz

89 2319 173 2342 cnm.
190 2319 226 2344 ¹3.
235 2316 378 2355 Scriptum
390 2323 432 2346 est
441 2317 531 2351 enim,
541 2318 718 2348 Maledictus
736 2323 830 2349 omnis
845 2324 896 2360 qui
906 2334 977 2361 pen-

85 2350 155 2402 sse'fl‘·
172 2358 210 2373 2¹·
257 2368 285 2390 ει
298 2363 329 2391 in
345 2362 435 2402 ligno.
447 2361 477 2392 Si
489 2362 578 2400 itaque
588 2363 719 2403 scriptum
732 2372 771 2394 est
790 2372 815 2395 et
827 2369 977 2399 testimonio

1023 939 1088 979 ὕψος
1107 939 1236 980 φέρουσα·
1256 941 1301 971 καὶ
1314 946 1406 979 πᾶσα,
1421 944 1458 975 ὡς
1470 944 1563 979 εἰπεῖν,
1582 943 1641 976 ὁδὸς
1660 942 1796 976 senecta<

1023 987 1060 1018 εἰς
1072 985 1103 1014 τὸ
1116 985 1180 1025 ὕψος
1193 987 1276 1016 ἐκεῖνο
1297 991 1456 1027 χειραγωγεῖ
1478 987 1523 1017 τὸν
1537 987 1665 1028 φιλόθεον,
1684 988 1746 1028 περὶ
1764 984 1794 1018 οὗ

1022 1030 1111 1070 ἔλεγον
1125 1033 1149 1060 οἱ
1161 1031 1214 1061 ἀπὸ
1232 1033 1312 1062 ἐθνῶν
1320 1044 1331 1074 ¹·
1346 1033 1428 1062 Δεῦτε
1439 1055 1448 1069 ,
1461 1036 1629 1073 πορευθῶμεν
1643 1035 1680 1068 εἰς
1693 1034 1724 1063 τὸ
1736 1035 1795 1074 ὅρος

1023 1079 1069 1106 τοῦ
1096 1076 1205 1117 Κυρίου,
1226 1077 1271 1107 καὶ
1296 1079 1333 1112 εἰς
1357 1078 1402 1108 τὸν
1426 1074 1497 1108 οἷκον
1525 1082 1572 1109 τοῦ
1592 1080 1664 1110 Θεοῦ
1686 1079 1794 1115 {lauba

1023 1122 1131 1152 ‘'onou
1146 1123 1194 1162 μὲν
1215 1123 1348 1158 εὔσεὸείας
1363 1124 1441 1164 λόγος
1451 1145 1459 1160 ,
1473 1125 1528 1154 ἐκεῖ
1547 1124 1593 1155 καὶ
1605 1125 1695 1159 ἄνοδος
1707 1137 1714 1144 ·
1727 1125 1794 1156 ὅπου

1025 1167 1053 1198 δὲ
1075 1168 1156 1198 κακία
1165 1191 1173 1206 ,
1187 1169 1334 1203 κατάὸασις
1358 1170 1564 1210 ὁμολογουμένη.
1586 1171 1641 1201 Καὶ
1666 1175 1795 1212 μαρτυρεῖ

1024 1214 1108 1244 Δαυὶδ
1121 1217 1135 1244 ὁ
1149 1215 1286 1256 προφήτης
1298 1216 1383 1256 λέγων
1395 1228 1401 1236 ·
1416 1216 1513 1246 Ῥῦσαί
1532 1229 1566 1256 με
1579 1217 1632 1247 ἀπὸ
1644 1219 1696 1247 τῶν
1709 1229 1796 1248 κατα-

1025 1260 1166 1290 ἕαινόντων
1178 1263 1215 1295 εἷς
1228 1262 1325 1292 λάκκον
1336 1274 1343 1281 ·
1356 1262 1401 1292 καὶ
1415 1263 1504 1300 πάλιν,
1515 1263 1550 1294 ‘O
1563 1264 1637 1303 ὖψῶν
1652 1275 1685 1304 με
1699 1265 1730 1295 ἐκ
1742 1266 1795 1294 ’τῶν

1023 1306 1113 1334 πυλῶν
1135 1308 1180 1335 τοῦ
1205 1307 1323 1337 θανάτου.
1346 1307 1432 1338 ’Ώστε
1453 1308 1512 1338 οὐδὲ
1530 1309 1576 1347 τὸ,
1589 1309 1774 1349 Ἀναὸαίνομεν
1785 1332 1795 1346 ,

1025 1350 1155 1390 περιττόν.
1169 1351 1236 1381 Ἰδοὺ
1251 1353 1435 1392 ἀναὸαίνομεν.
1449 1354 1543 1384 Καίτοι
1556 1355 1634 1394 μόνος
1656 1355 1734 1389 αὐτὸς
1750 1355 1796 1386 ἐπὶ

1024 1396 1054 1425 τὸ
1067 1395 1149 1430 πάθος
1166 1396 1282 1436 ἔρχεται.
1300 1398 1353 1428 Διὰ
1367 1398 1392 1427 τί
1406 1394 1451 1429 οὗν
1464 1402 1556 1433 κοινῶς
1567 1422 1576 1436 ,
1590 1396 1793 1439 Ἀναὸαίνομενς

1025 1441 1088 1472 εΌτι
1101 1442 1131 1471 τὸ
1145 1442 1192 1481 μὲν
1212 1443 1295 1477 πάθος
1309 1444 1381 1482 ἐμὸν,
1398 1444 1472 1481 κοινὴ
1488 1445 1516 1475 δὲ
1529 1445 1635 1475 πάντων
1650 1446 1794 1486 ἀνθρώπων

1023 1489 1040 1522 ἡ
1056 1487 1183 1527 σωτηρία.
1197 1488 1249 1518 Διὰ
1261 1491 1337 1518 τοῦτο
1351 1491 1364 1519 ὁ
1378 1492 1445 1523 θεῖος
1454 1490 1600 1525 ἀπόστολος
1611 1490 1660 1527 τὴν
1673 1490 1795 1532 γενναίαν

1024 1533 1125 1570 ἐκείνην
1143 1534 1188 1564 καὶ
1208 1535 1340 1574 θαύματος
1355 1536 1455 1574 μεστὴν
1468 1536 1560 1577 ἔῤῥηξε
1577 1537 1677 1577 φωνὴν,
1691 1539 1727 1570 ὣς
1745 1537 1796 1576 ἅρ-

1024 1579 1086 1613 τίως
1107 1580 1239 1616 ἀκηκόατε
1252 1592 1258 1599 ·
1274 1582 1300 1610 Τ
1300 1583 1322 1621 ᾧ
1338 1582 1446 1622 Χριστῷ
1459 1583 1686 1622 συνεσταύρωμαι.
1699 1583 1746 1612 Ζῶ
1758 1580 1796 1618 δὲ,

1025 1625 1114 1655 οὐκέτι
1127 1625 1195 1665 ἐγὼ,
1209 1627 1240 1666 ζῇ
1261 1626 1289 1655 δὲ
1303 1628 1330 1656 ἐν
1343 1627 1402 1665 ἐμοὶ
1416 1628 1537 1668 Χριστός.
1550 1628 1650 1661 Ἄλλως
1663 1639 1708 1665 τε,
1721 1630 1797 1667 ,βου-

1027 1671 1115 1707 ληθεὶς
1128 1671 1288 1706 ἐνδείξασθαι
1301 1673 1346 1702 καὶ
1359 1673 1402 1703 τὸν
1417 1674 1517 1714 καρπὸν
1529 1676 1574 1703 τοῦ
1588 1676 1718 1714 σταυροῦ,
1730 1674 1798 1711 ἐπιξ-

1012 1729 1107 1757 γγαγεν
1121 1718 1216 1751 εὐθέως
1237 1718 1280 1748 διὰ
1305 1720 1356 1748 τῶν
1370 1719 1462 1759 ἐφεξῆς
1476 1731 1483 1738 ·
1498 1719 1611 1759 Χριστὸς
1622 1722 1694 1760 ἡμᾶς
1706 1720 1797 1760 ἐξηγό-

1030 1775 1107 1802 ρασεν
1127 1764 1157 1792 ἐκ
1180 1766 1227 1799 τῆς
1251 1764 1367 1804 κατάρας
1388 1767 1434 1794 τοῦ
1457 1764 1538 1804 νόμου
1547 1786 1556 1800 ,
1569 1765 1706 1805 γενόμενος
1729 1764 1797 1805 ὑπὲρ

1028 1804 1104 1847 ἡμῶν
1116 1809 1231 1850 κατάρα·
1246 1810 1394 1850 γέγραπται
1414 1810 1482 1850 γὰρ,
1497 1811 1709 1851 Ἐπικατάρατος
1719 1815 1770 1844 πᾶς
1782 1812 1798 1840 ὁ

1028 1854 1195 1894 κρεμάμενος
1206 1855 1251 1885 ἐπὶ
1265 1855 1353 1889 ξύλου.

1069 1910 1202 1940 Ἐνταῦθά
1224 1923 1269 1950 μοι
1293 1912 1408 1953 πρόσεχε
1429 1914 1545 1953 ἀκριῧῶς
1562 1914 1607 1943 τὸν
1622 1916 1691 1950 νοῦν,
1706 1914 1744 1952 μή
1767 1925 1797 1943 σε

1029 1955 1142 1995 διαφύγῃ
1164 1958 1211 1991 τῆς
1235 1958 1359 1993 ἀληθείας
1380 1958 1410 1987 τὸ
1433 1958 1548 1998 θήραμα.
1563 1958 1734 1993 Ἀντιλέξουσι
1747 1958 1798 1999 γὰρ

1029 2001 1122 2034 εὐθέως
1136 2001 1271 2039 Ἰουδαῖοι,
1285 2003 1345 2043 περὶ
1359 1999 1396 2034 ὧν
1407 2015 1486 2044 φησιν
1500 2007 1514 2034 ὁ
1527 2005 1648 2042 Παῦλος,
1663 2006 1698 2034 Οἱ
1710 2005 1799 2045 ἐχθροὶ

1028 2051 1074 2077 τοῦ
1091 2051 1202 2088 σταυροῦ
1217 2053 1263 2079 τοῦ
1277 2051 1405 2090 Χριστοῦ,
1423 2046 1460 2079 ὧν
1474 2050 1505 2079 τὸ
1517 2049 1591 2084 τέλος
1605 2049 1739 2088 ἀπώλεια,
1753 2051 1799 2080 καὶ

1028 2095 1130 2134 ἐροῦσιν
1143 2095 1197 2125 ἔσθ’
1211 2096 1253 2126 ὅτε
1267 2097 1332 2136 πρὸς
1345 2096 1405 2129 τοὺς
1418 2096 1561 2137 ἀκεραίους·
1573 2098 1596 2126 εἰ
1608 2097 1799 2137 ἔπικατάρατος

1028 2142 1043 2169 ὁ
1062 2141 1225 2180 κρεμάμενος
1235 2164 1243 2178 ,
1266 2144 1322 2176 πῶς
1345 2142 1397 2172 ἀπὸ
1410 2145 1455 2172 τοῦ
1470 2143 1664 2183 ἐπικαταράτου
1679 2143 1798 2183 εὐλογίαν

1029 2197 1071 2215 σοι
1089 2186 1243 2222 δοθήσεσθαι
1256 2189 1422 2229 προσδοκᾷς;
1436 2190 1494 2222 πῶς
1512 2189 1539 2219 δὲ
1560 2189 1612 2218 ἀπὸ
1631 2191 1677 2218 τοῦ
1695 2189 1800 2229 θανάτῳ

1030 2233 1205 2267 ὖποπεσόντος
1222 2234 1291 2270 ζωὴν
1305 2235 1456 2274 ἀναμένεις
1472 2236 1512 2265 Τὸ
1525 2235 1690 2275 φαινόμενον,
1705 2237 1740 2269 ὡς
1753 2235 1799 2265 καὶ

1031 2279 1107 2313 αὐτός
1120 2278 1217 2320 1’φηςι-ιν
1225 2283 1239 2310 δ
1253 2282 1409 2315 διδάσκαλος
1419 2284 1496 2321 ἡμῶν
1506 2283 1622 2318 Παῦλος,
1630 2281 1797 2320 ὡμολόγησε,

1030 2325 1134 2365 κατάρα
1148 2326 1204 2356 ἐστί
1215 2338 1221 2345 ·
1242 2326 1395 2367 Γέγραπται
1415 2328 1476 2367 γὰρ,
1488 2327 1700 2368 Ἐπικατάρατος
1709 2328 1723 2355 ὁ
1737 2338 1798 2366 κρε-

1031 2371 1146 2410 μάμενος
1159 2372 1203 2401 ἐπὶ
1218 2372 1303 2406 ξύλου.
1325 2375 1359 2403 Εἰ
1373 2374 1460 2403 τοίνυν
1471 2374 1618 2413 γέγραπται
1631 2372 1676 2402 καὶ
1691 2384 1798 2411 μεμαρ-

234 2408 382 2444 firmatum,
399 2407 536 2446 quomodo
549 2408 699 2438 benedictio
714 2420 730 2438 a
744 2411 885 2442 maledicto
897 2413 978 2444 datur
993 2417 1012 2440 D
1030 2417 1155 2456 τύρηται,
1169 2421 1225 2452 πῶς
1243 2419 1295 2448 ἀπὸ
1307 2422 1354 2449 τοῦ
1367 2419 1560 2458 ἐπικαταράτου
1580 2418 1685 2457 εὐλογία
1699 2418 1798 2447 δίδοται

235 2454 321 2483 crucis
340 2453 510 2483 cultoribus?
534 2454 597 2484 Haec
619 2465 724 2495 semper
747 2455 814 2486 dicit
834 2465 859 2487 et
883 2459 976 2500 objicit

261 2565 273 2576 Β
291 2557 351 2590 Βθς,
365 2562 420 2585 ὅπου
431 2561 474 2591 μὲν
486 2562 595 2589 ἀληθείας
607 2562 676 2592 λόγος,
684 2563 728 2587 ἐκεῖ
739 2564 775 2591 καὶ
785 2563 892 2594 εὐηθείας
904 2565 986 2594 ἄνοδος.

1030 2466 1084 2496 τοῖς
1096 2463 1140 2493 τὸν
1152 2464 1263 2504 σταυρὸν
1281 2464 1435 2504 περιέπουσι
1446 2476 1454 2501 ;
1469 2465 1563 2494 Ταῦτα
1576 2464 1617 2493 ἀεὶ
1631 2465 1676 2494 καὶ
1691 2465 1797 2505 προτεί-

1628 2541 1640 2558 X

1039 2567 1052 2585 Ι)
1064 2566 1130 2598 [Aut
1144 2572 1216 2600 ῃησὶν,
1230 2573 1274 2593 aut
1284 2571 1414 2602 ὡμολόγησε
1425 2567 1559 2594 delendum
1572 2570 1630 2601 δεῖ]
