1904 2840
0 486 38 508 fies
47 490 95 507 teu-

0 524 71 539 inum.

671 168 717 205 ‘m
743 181 951 207 MAT‘ruAEusi.
981 186 1100 209 ιιοΜιι.
1130 186 1181 209 ιιι.

101 248 235 279 Dominus
257 246 378 292 singulos
395 246 518 277 homine·
534 251 627 283 tentat,
642 250 669 274 et
687 251 846 274 cunctorum
862 248 883 271 Δ
901 253 990 277 stueas
1005 247 1041 277 de
1057 259 1141 288 agro,
1165 255 1191 278 et
1213 255 1362 289 comportat
1379 259 1423 279 eas
1444 249 1472 279 in
1490 260 1590 288 aream,
1617 259 1648 282 ut

101 287 183 317 corda
202 286 344 327 dijudicat.
356 286 430 326 Ergo
449 295 502 314 non
526 295 590 314 mox
610 291 641 314 ut
658 283 720 352 quis
733 284 761 312 in
774 294 844 323 aqua

101 327 146 357 vel
153 326 252 367 spiritu
265 326 346 355 suerit
357 325 518 365 baptizatus,
535 324 624 354 statim
642 334 658 352 a
699 323 848 363 perfectum

102 373 142 395 est
154 365 315 410 baptizatus,
326 365 379 394 nisi
389 364 522 394 Dominus
536 375 597 393 eum
612 362 788 393 invisibiliter
800 363 850 392 ba·
862 387 864 389 ,

122 405 244 435 tizaverit
269 405 298 434 in
314 405 377 444 igne
396 403 572 434 tentationis:
596 402 723 442 quoniam
749 402 772 432 si
796 413 848 432 non

102 416 182 474 iiierit
206 445 268 483 quis
294 451 427 479 tentatus,
440 454 494 473 non
519 450 606 483 potest
627 452 685 472 esse
710 442 847 482 probatus.

102 484 210 524 Species
230 491 320 513 autem
339 483 515 513 tentationum
536 489 599 512 sunt
611 482 712 511 multae.
729 482 848 511 Tentan-

103 531 149 553 tur
160 523 259 553 etenim
272 523 394 553 homines
407 530 454 552 aut
468 523 496 553 in
519 521 734 557 infirmitatibus,
754 528 802 550 aut
819 521 848 550 in

102 562 208 593 damnis
226 573 317 593 rerum
335 573 455 599 suarum,
469 569 515 591 aut
530 562 557 591 in
578 561 712 591 mortibus
725 570 848 590 carorum

91 613 235 640 suorum,
255 603 326 632 sicut
348 603 402 632 Job
423 609 450 631 et
476 602 587 631 Tobias.
608 600 665 630 Alii
691 599 849 640 in'cogita-

0 684 63 707 1125.
72 691 94 707 ².

0 842 27 870 a.
37 843 61 871 4.

12 880 47 903 ¹9.

0 1077 22 1101 il.
39 1077 78 1101 65.

102 642 223 672 tionibus
244 642 387 682 perversis,
402 648 449 671 aut
462 641 490 670 in
511 639 681 677 diffidemus,
693 639 763 669 sicut
776 639 849 670 dicit

103 682 237 722 propheta
250 693 258 708 :
271 682 372 711 Proba
395 691 452 717 me,
466 683 602 717 Domine,
617 686 645 709 et
671 685 753 709 tenta
777 690 823 708 me
838 691 847 708 τ

105 731 157 750 ure
169 731 252 750 renes
264 732 352 757 meos,
365 729 392 750 et
407 731 458 750 cor
471 731 567 750 meum
581 731 590 746 .-
606 721 748 759 quoniam
761 720 848 748 mise-

105 761 233 790 ricordia
243 767 296 789 t'ua
307 768 376 790 ante
382 761 487 790 ‘oculos
498 769 577 789 meos
586 765 640 795 est,
650 765 677 787 et
686 759 850 796 complacui

105 802 138 828 in
147 802 273 829 ver-itate
291 801 426 830 tua.1tem
439 799 565 830 Salomon
588 798 655 828 dicit
667 797 702 827 de
714 798 823 828 Christo
839 810 846 827 ε

897 286 956 315 illic
977 288 1084 317 trituret
1106 295 1132 317 et
1154 288 1280 325 ventilet,
1294 295 1320 318 et
1342 288 1475 319 discernat
1496 290 1617 321 triticum
1631 303 1646 321 a

899 326 983 365 paleis
1000 339 1008 355 ι
1032 327 1070 356 sic
1086 334 1112 356 et
1134 328 1268 358 Dominus
1282 329 1390 358 mittens
1409 330 1555 369 apostolos,
1573 338 1647 361 caete-

899 376 996 404 rosque
1011 366 1144 402 doctores,
1159 367 1238 406 quasi
1260 378 1399 404 messores,
1430 368 1533 398 roecidit
1554 374 1646 400 omnes

900 412 992 443 gentes
1005 405 1040 435 de
1052 406 1164 443 mundo,
1175 413 1200 435 et
1213 406 1241 435 in
1252 418 1341 436 aream
1355 380 1482 437 Eccilesiae
1491 417 1644 449 congregat.

898 444 950 473 Hic
967 455 1031 484 ergo
1045 445 1193 475 triturandi
1215 457 1320 481 sumus,
1335 447 1380 476 hic
1389 448 1552 477 ventilandi.
1567 448 1646 479 Sicut

898 485 970 513 enim
988 495 1101 524 granum
1112 485 1206 521 tritici,
1222 485 1359 515 inclusum
1370 487 1397 515 in
1411 487 1497 527 palea,
1508 488 1579 517 foras
1592 499 1646 518 non

897 523 1048 562 egreditur,
1076 525 1127 553 nisi
1153 525 1238 554 fuerit
1254 525 1433 555 trituratum:
1457 527 1496 556 sic
1519 534 1545 557 et
1563 528 1646 559 homo

897 562 931 592 de
951 563 1151 603 impedimentis
1165 563 1350 594 mundialibus
1363 572 1389 594 et
1403 565 1437 595 de
1452 567 1532 596 rebus
1545 578 1644 597 carna-

897 601 989 639 libus,
1003 603 1080 642 quasi
1103 603 1131 632 in
1153 603 1230 647 palea
1249 603 1405 641 involutus,
1435 605 1547 635 difficile
1570 618 1645 647 egre-

897 640 988 679 ditur,
1012 642 1064 671 nisi
1089 643 1172 672 suerit
1194 642 1286 681 aliqua
1311 643 1486 674 tribulatione
1510 654 1639 676 vexatus.

899 682 973 711 Num
986 681 1056 711 sicut
1068 682 1178 721 quidem
1196 682 1307 727 plenum
1320 693 1436 721 granum
1449 695 1514 713 mox
1528 693 1556 714 ut
1577 686 1645 716 levi-

898 727 939 750 ter
960 731 1118 760 percussum
1140 722 1232 757 suerit,
1247 721 1281 751 de
1295 722 1370 762 palea
1384 733 1432 752 sua
1446 724 1538 753 exsilit
1550 725 1620 754 foras
1636 738 1642 754 :

898 761 920 789 si
939 767 1029 789 autem
1049 761 1149 790 subtile
1165 761 1256 798 fuerit,
1278 762 1382 791 tardius
1401 763 1556 802 egreditur:
1571 764 1645 803 quod

897 799 920 828 si
934 810 1050 829 vacuum
1074 801 1172 837 fuerit,
1185 811 1332 839 numquam
1357 802 1501 841 egreditur,
1520 804 1568 833 sed
1586 805 1644 834 illic

108 840 254 878 Quoniam
273 849 339 869 cum
361 842 520 869 tentatione
541 838 674 868 ambulat
683 848 746 867 cum
760 848 805 875 εο,
821 844 850 867 et
865 844 882 867 B
898 841 1046 869 conteritur
1060 840 1088 869 in
1107 839 1183 880 palea
1192 851 1251 877 sua,
1266 848 1292 870 et
1303 841 1340 870 ita
1349 852 1410 886 cum
1423 842 1505 887 paleis
1514 843 1586 873 foras
1597 845 1644 883 ja-

106 880 137 907 in
155 881 258 919 primis
280 879 362 920 eligit
377 889 442 908 eum
457 891 467 907 .-
482 880 613 908 timor-em
631 883 658 906 et
672 884 779 906 metum
794 878 848 906 ad-

105 919 191 948 ducet
205 929 292 957 ευριπ·
308 929 385 954 eum,
398 925 426 948 et
447 919 590 948 cruciabit
600 927 666 947 eum
685 918 716 945 in
731 917 849 947 tribula-

106 960 187 987 tione
196 959 337 988 doctrinoe
344 968 415 995 suoe,
429 958 522 987 donec
535 963 626 987 tentet
635 966 700 985 eum
710 960 741 985 in
760 958 850 986 tribu-

105 998 264 1027 lationibus
279 999 352 1038 ejus,
363 1004 390 1027 et
412 999 513 1027 credat
530 999 637 1026 animoe
657 997 728 1035 ejus.
748 995 805 1025 Alii
821 995 849 1025 in

104 1037 369 1077 persequutionibus,
394 1037 498 1066 dicente
524 1036 654 1076 propheta
683 1045 718 1064 ex
737 1045 850 1075 persona

105 1084 271 1117 martyrum:
286 1078 433 1115 Quoniam
453 1077 584 1115 probasti
601 1084 654 1103 nos
667 1075 764 1110 Deus,
779 1076 849 1113 igne

105 1126 156 1146 nos
164 1118 341 1145 examinasti
351 1137 358 1150 ,
373 1117 447 1145 sicut
467 1117 534 1155 igne
547 1116 733 1144 examinatur
743 1124 848 1153 argen-

105 1163 166 1185 tum
175 1179 183 1193 ,
199 1163 251 1185 etc.
268 1156 349 1185 Unde
362 1155 448 1184 sciens
459 1155 584 1184 Salomon
597 1176 605 1190 ,
618 1154 743 1192 quoniam
757 1163 848 1183 servos

54 1212 59 1217 ·
86 1212 92 1219 ·
103 1195 154 1224 Dei
173 1202 276 1235 oportet
292 1194 398 1230 tentari,
413 1193 537 1223 admonet
550 1193 657 1222 dicens:
675 1193 748 1230 Fili,
764 1202 846 1221 acce-

105 1235 176 1264 dens
184 1235 225 1263 ad
231 1235 399 1263 servitutem
407 1234 475 1273 Dei,
482 1240 529 1262 sta
536 1234 689 1273 injustitia
696 1239 723 1262 et
733 1233 845 1268 timore,
865 1254 869 1256 -

103 1281 131 1303 et
143 1283 277 1314 praepara
290 1275 420 1302 animam
430 1280 508 1302 luam
519 1273 560 1302 ad
567 1274 764 1301 tentationem.
773 1272 809 1301 Et
818 1278 847 1301 ut

102 1313 221 1343 breviter
234 1313 366 1349 dicamus,
382 1313 469 1342 omnis
480 1311 638 1342 adversitas.
649 1322 709 1350 quae
727 1321 776 1340 nos
789 1311 846 1341 sine

102 1360 191 1383 nostra
198 1353 335 1382 ocmsione
345 1351 492 1381 tribulatio
500 1351 552 1381 boc
559 1350 672 1386 mundo,
681 1350 845 1390 baptismum

101 1392 172 1437 ignis
185 1399 225 1421 est
238 1404 245 1420 :
260 1402 342 1430 quam
352 1391 376 1421 si
396 1391 600 1430 magnanimiter
619 1390 788 1425 sustinueris,
804 1390 845 1418 ni-

898 885 986 908 ctatur
1004 891 1010 907 :
1026 879 1065 908 sie
1078 890 1169 909 omnes
1183 880 1295 918 quidem
1311 880 1436 910 homines
1451 892 1477 910 in
1492 883 1572 911 rebus
1585 894 1644 912 car-

898 918 1006 947 nalibus
1017 918 1195 956 delectantur,
1210 919 1280 948 sicut
1299 930 1381 959 grana
1392 920 1418 949 in
1433 921 1517 960 palea.
1533 922 1586 952 Sed
1597 923 1643 961 qui

898 957 986 986 fidelis
1005 965 1055 994 est,
1077 965 1103 987 et
1119 958 1184 987 boni
1206 958 1294 988 cordis
1317 959 1396 988 habet
1410 960 1566 997 medullam,
1580 972 1645 991 mox

898 1003 928 1026 ut
948 997 1044 1026 leviter
1066 997 1211 1027 tribulatus
1233 997 1325 1033 fuerit,
1346 999 1483 1038 negligens
1502 1011 1562 1038 quae
1581 1009 1645 1031 sunt

897 1036 1026 1072 carnalia,
1041 1037 1127 1066 currit
1146 1037 1182 1066 ad
1201 1038 1298 1066 Deum.
1313 1037 1342 1067 si
1356 1045 1445 1067 autem
1463 1039 1568 1069 modice
1581 1041 1643 1070 infi-

896 1074 985 1106 delior
994 1076 1087 1112 fuerit,
1095 1086 1157 1105 cum
1167 1076 1263 1115 grandi
1272 1076 1446 1107 tribulatione
1451 1079 1500 1108 vix
1509 1079 1610 1109 recedit
1617 1087 1644 1110 et

897 1114 972 1144 vadit
984 1114 1019 1144 ad
1035 1116 1132 1144 Deum.
1148 1116 1203 1152 Qui
1215 1123 1306 1145 autem
1316 1116 1433 1147 infidelis
1444 1125 1483 1147 est
1494 1126 1520 1147 et
1528 1130 1640 1157 vacuus,

896 1154 1070 1222 quantumvis
1080 1155 1211 1184 contritus
1219 1155 1309 1192 fuerit,
1322 1156 1392 1186 sicut
1402 1166 1516 1195 granum
1526 1169 1640 1188 vacuum

916 1203 931 1222 e
941 1194 1017 1233 palea
1029 1204 1081 1223 non
1097 1194 1237 1233 egreditur
1251 1207 1259 1224 ε
1272 1194 1311 1224 sic
1324 1205 1373 1224 nec
1385 1196 1432 1225 ille
1444 1196 1478 1226 de
1490 1198 1642 1228 carnalibus

898 1232 990 1269 rebus,
1003 1240 1027 1262 et
1040 1232 1074 1262 de
1086 1233 1284 1273 impedimentis
1299 1234 1482 1265 mundialibus
1494 1247 1639 1276 numquam

1578 190 1643 224 77Ῑ
1692 210 1697 215 -

896 1271 1094 1311 egreditur-‚nec
1105 1273 1198 1302 transit
1204 1273 1263 1303 adD
1269 1283 1331 1302 eum
1336 1274 1393 1310 ,sed
1399 1275 1456 1305 illic
1463 1276 1490 1304 in
1498 1276 1576 1305 malis
1581 1287 1639 1306 con·
1651 1284 1666 1299 ¹
1671 1284 1683 1299 ἰ

898 1311 1007 1356 stitutus
1015 1312 1172 1356 conteritur,
1180 1319 1210 1341 ut
1217 1323 1278 1342 cum
1285 1312 1515 1353 infidelibusquasi
1523 1326 1585 1345 cum
1593 1327 1641 1357 pa-

895 1350 943 1379 leis
952 1351 1022 1395 foras
1031 1351 1196 1391 projiciatur.
1203 1352 1238 1381 Et
1247 1352 1317 1382 sicut
1326 1353 1444 1383 triticum
1453 1354 1573 1394 primum
1581 1357 1642 1395 qui-

894 1389 1115 1427 demtrituratur,
1122 1398 1216 1420 etcum
1224 1392 1379 1421 trituratum
1387 1393 1477 1428 fuerit,
1485 1395 1512 1422 in
1521 1405 1574 1423 uno
1583 1395 1641 1425 loco

101 1431 142 1460 tul
155 1442 327 1461 murmurans
345 1438 437 1461 eontra
456 1432 554 1466 Deum,
570 1430 607 1459 im
629 1436 719 1459 utatur
732 1429 783 1458 tibi
797 1429 844 1458 illa
861 1434 880 1458 C
892 1430 962 1468 jacet
969 1440 1030 1459 cum
1038 1430 1380 1470 paleisconfusuin3postea
1388 1440 1475 1462 autem
1483 1433 1639 1472 ventilatur,

548 1480 602 1508 quo
636 1469 800 1501 commisisti.
815 1469 846 1499 Si

101 1471 214 1501 carnalis
234 1470 345 1500 afflictio
364 1481 412 1510 pro
427 1480 474 1509 pec

562 1508 662 1552 'fficile‚
674 1515 701 1537 et
714 1507 784 1547 ignis
798 1508 845 1537 ille

100 1517 189 1540 autem
204 1521 256 1539 non
267 1510 392 1549 peccasti,
404 1509 478 1547 quod

100 1550 253 1579 tentationis
269 1550 338 1578 circa
356 1549 472 1577 animam
485 1555 559 1577 tuam
572 1558 624 1576 non
636 1548 739 1576 invenit
752 1547 844 1576 sordes

50 1605 62 1613 η
100 1595 269 1627 peccatorum
290 1598 356 1626 quas
376 1586 508 1623 comedat,
532 1586 618 1626 ipsam
634 1586 751 1614 animam
770 1592 844 1614 tuam

99 1628 163 1656 facit
186 1627 398 1667 splendidiorem
421 1638 428 1654 ε
453 1633 478 1654 et
504 1632 604 1663 quanto
631 1625 738 1664 gravior
764 1625 844 1654 fuerit

100 1667 220 1703 tentatio,
235 1673 311 1695 tanto
327 1666 411 1705 magis
429 1665 490 1694 facit
507 1664 652 1694 clarescere
664 1663 788 1693 animam.
808 1664 844 1693 Et

100 1706 129 1734 in
140 1716 209 1744 aqua
221 1705 331 1744 quidam
341 1704 422 1734 semel
432 1703 631 1744 baptizamur,¹’
640 1703 668 1732 in
679 1703 740 1742 igne
754 1710 843 1732 autem

100 1755 168 1784 pene
191 1745 257 1773 dum
276 1744 406 1774 vivimus.
430 1743 506 1773 Sicut
531 1743 602 1772 enim
625 1743 681 1773 vita
702 1749 791 1772 nostra
813 1742 841 1771 in

99 1783 202 1813 mundo
218 1784 270 1813 hoc
290 1794 436 1822 numquam
449 1782 549 1811 munda
569 1789 608 1812 est
625 1793 639 1811 a
654 1789 760 1822 peccato
774 1784 784 1818 (
796 1788 842 1811 aut

99 1823 171 1852 enim
191 1822 320 1859 videndo,
334 1829 380 1852 aut
399 1821 545 1858 audiendo,
565 1829 611 1851 aut
633 1821 779 1860 loquendo,
792 1828 842 1850 ,aut

99 1862 252 1901 cogitando,
268 1873 327 1901 quae
350 1872 402 1891 non
429 1861 593 1901 expediunt,
611 1871 715 1900 semper
736 1861 841 1890 animus

100 1901 276 1938 sordidatur),
287 1902 324 1931 sic
338 1911 484 1939 numquam
495 1911 509 1929 a
523 1901 600 1929 nobis
609 1900 678 1939 ignis
686 1899 841 1929 tribulatio-

99 1941 142 1970 nis
163 1941 285 1970 recedere
302 1947 399 1981 potest.
414 1941 449 1970 Et
465 1950 528 1969 vere
549 1940 674 1980 optabilis
687 1950 729 1968 res
743 1946 782 1968 cst
795 1949 838 1968 sa-

71 2000 76 2006 .
100 1980 246 2020 pientibus‚
261 1990 388 2019 quoniam
400 1980 530 2026 scriptum
544 1986 583 2008 est
596 1980 728 2009 :Beatus
740 1979 836 2016 homo,

100 2030 184 2059 quem
198 2021 343 2049 Dominus
360 2025 488 2059 arguent
502 2025 712 2058 superterram.
731 2019 839 2054 Quam-

98 2059 142 2088 vis
154 2066 252 2095 autem,
267 2058 415 2088 secundum
427 2058 529 2088 exitum
544 2058 593 2093 rei,
609 2058 678 2097 ignis
689 2064 715 2087 et
729 2057 839 2087 ventila-

98 2097 140 2127 bri
160 2109 230 2128 unus
247 2105 286 2128 est
302 2108 393 2128 sensus
409 2110 415 2127 :
431 2105 519 2127 tamen
538 2107 650 2136 sequens
664 2096 838 2136 proprietates

98 2147 262 2174 sermonum,
275 2145 341 2176 puto
359 2137 536 2167 differentiam
555 2137 625 2176 ignis
647 2147 703 2165 esse
716 2143 741 2165 et
753 2136 838 2166 venti-

97 2175 168 2204 labri
182 2187 189 2203 =
202 2183 232 2205 ut
249 2177 336 2206 omnis
359 2176 508 2212 tribulatio,
525 2187 584 2221 quae
606 2175 737 2214 contingit
756 2175 837 2205 Chri—

97 2215 191 2244 stianis
208 2215 356 2244 secundum
376 2226 498 2251 carnem,
520 2222 557 2244 sit
574 2215 723 2254 baptismus
745 2214 835 2253 ignis:

95 2255 269 2293 persequutio
279 2261 368 2283 autem
386 2251 526 2293 gentilium
541 2254 583 2284 vel
606 2254 790 2283 haereticorum
805 2253 839 2282 sit

95 2293 235 2323 ventilatio
265 2293 408 2323 ventilabri
430 2293 552 2322 caelestis.
572 2294 614 2322 Et
634 2293 839 2332 permundabit

97 2342 197 2362 aream
210 2343 305 2369 suam,
315 2338 365 2362 etc.
380 2335 448 2361 Area
459 2338 499 2361 est
511 2332 642 2368 Ecclesia,
656 2331 783 2360 horreum
792 2341 839 2360 au-

96 2377 151 2400 tem
163 2382 274 2411 regnum
287 2372 400 2408 caeleste,
411 2381 473 2410 ager
482 2381 546 2400 vero
558 2370 602 2399 hic
616 2370 746 2399 mundus.
761 2370 838 2400 Sicut

96 2419 160 2450 ergo
179 2411 386 2451 paterfamilias,
406 2411 513 2439 mittens
532 2415 676 2446 messores,
696 2408 772 2438 metit
794 2409 837 2439 se-

130 2503 143 2522 b
160 2501 256 2527 Codex.
273 2502 304 2528 V.
320 2503 351 2528 D.
370 2503 397 2526 in
412 2503 470 2535 Igne
484 2505 567 2525 autem
581 2508 645 2533 pene
660 2500 719 2524 dum
737 2500 853 2524 vivimus.

895 1475 925 1497 ut
934 1479 993 1507 quae
1006 1469 1111 1498 fuerant
1119 1470 1175 1509 jam
1188 1469 1324 1509 disjuncta
1338 1472 1507 1510 corporibus,
1520 1483 1640 1511 separen-

897 1513 942 1536 tur
952 1514 978 1536 et
987 1508 1053 1537 locis
1066 1520 1072 1536 :
1086 1508 1124 1536 sic
1134 1516 1159 1537 et
1169 1509 1287 1548 populus
1296 1510 1322 1538 in
1335 1510 1453 1539 Ecclesia
1463 1508 1509 1540 aut
1523 1512 1641 1542 mothus

894 1547 1040 1575 conteritur
1058 1547 1205 1576 carnalium
1225 1548 1379 1586 passionum
1396 1550 1513 1578 animam
1535 1561 1639 1591 semper

894 1585 1046 1624 urgentium
1055 1596 1063 1622 ς
1072 1592 1118 1614 aut
1128 1587 1348 1625 castigationibus
1355 1589 1550 1627 corporalibus,
1561 1591 1639 1628 quasi

893 1624 978 1663 virgis
995 1624 1157 1662 quibusdam
1167 1636 1176 1661 3
1194 1627 1513 1657 aut³conculcationibus
1533 1629 1640 1668 iniquo-

893 1673 955 1692 rum
964 1670 990 1692 et
997 1664 1186 1703 superborum,
1196 1664 1273 1702 quasi
1284 1665 1402 1695 calcibus
1414 1667 1640 1698 irrationabilium

890 1702 1074 1741 jumentorum
1090 1714 1097 1731 :
1113 1710 1143 1732 ut
1155 1703 1346 1743 disjungantur
1365 1705 1459 1735 fideles
1472 1707 1506 1735 ab
1520 1708 1638 1737 infideli-

893 1741 944 1770 bus
955 1752 1003 1781 per
1020 1741 1141 1771 diversas
1153 1743 1166 1756 *
1175 1743 1367 1773 contritionum
1381 1746 1491 1784 species.
1505 1748 1575 1776 Cum
1587 1758 1636 1776 au-

1674 1762 1684 1769 “
1694 1768 1788 1784 conciis-

892 1786 945 1809 tem
966 1781 1093 1810 disiuncti
1114 1782 1214 1811 fuerint
1236 1783 1270 1811 ab
1292 1784 1407 1813 invicem
1419 1786 1533 1823 actibus,
1549 1786 1638 1816 adhuc
1647 1794 1745 1814 stonum,

891 1820 919 1848 in
935 1830 987 1849 una
1000 1820 1120 1850 Ecclesia
1139 1821 1273 1851 habentur
1291 1823 1440 1852 commixti.
1454 1824 1517 1858 Ideo
1536 1826 1639 1855 orietur

891 1860 1062 1898 persequutio
1084 1861 1161 1898 quasi
1179 1868 1273 1891 ventus
1285 1884 1292 1898 ,
1317 1869 1347 1891 ut
1367 1863 1515 1893 ventilabro
1536 1865 1638 1895 Christi

887 1899 991 1938 jactati,
1013 1899 1059 1937 qui
1076 1899 1134 1944 jam
1154 1899 1282 1939 disjuncti
1299 1901 1403 1931 fuerant
1423 1903 1539 1940 actibus,
1561 1915 1638 1945 sepa-

892 1945 985 1967 rentur
997 1945 1023 1967 et
1036 1938 1102 1968 locis
1120 1951 1127 1967 ε
1144 1945 1174 1968 ut
1183 1940 1251 1969 sicut
1263 1941 1385 1970 triticum
1397 1942 1528 1972 mundum
1538 1943 1565 1972 in
1577 1955 1636 1983 gra-

891 1977 982 2014 nariis,
995 1977 1033 2006 sic
1045 1978 1128 2007 sancti
1140 1979 1244 2018 probati
1254 1979 1281 2008 in
1296 1981 1385 2020 regnis
1399 1982 1548 2011 caelestibus
1559 1994 1636 2023 repo-

857 2023 875 2046 ι)
890 2024 999 2046 nantun-
1014 2017 1100 2047 Vides
1119 2019 1266 2063 ergo-quia
1285 2020 1394 2049 tentatio
1406 2031 1458 2050 non
1473 2021 1572 2062 perdit,
1587 2023 1635 2052 sed

890 2056 1039 2100 manifestat
1049 2066 1105 2091 eos,
1121 2057 1168 2095 qui
1186 2068 1214 2086 111
1235 2069 1300 2103 pace
1322 2070 1374 2088 non
1388 2061 1571 2100 apparebant?
1582 2062 1636 2092 Sed

888 2095 956 2124 forte
978 2095 1057 2131 dicis,
1071 2097 1165 2129 Nonne
1187 2099 1284 2127 melius
1304 2106 1361 2128 erat
1380 2106 1409 2128 ut
1421 2100 1455 2128 ab
1471 2100 1549 2130 initio
1562 2103 1636 2131 Deus

889 2145 980 2164 omnes
994 2134 1090 2164 electos
1108 2135 1230 2166 homines
1247 2137 1282 2167 ad
1296 2138 1523 2168 Christianitatem
1540 2151 1635 2170 vocas-

889 2181 943 2210 set,
968 2180 997 2202 ut
1019 2184 1072 2204 non
1098 2185 1202 2216 semper
1228 2177 1403 2206 ventilaretur
1425 2179 1563 2216 Ecclesia,
1586 2180 1634 2209 sed

889 2213 974 2252 magis
988 2213 1015 2242 in
1028 2224 1093 2253 pace
1108 2215 1284 2245 consisteret?
1297 2216 1381 2246 Audi.
1393 2218 1533 2256 Numquid
1544 2225 1571 2247 tu
1603 2229 1633 2247 o-

889 2258 939 2288 tes,
955 2263 1017 2282 cum
1030 2253 1065 2282 sit
1076 2254 1170 2283 messis
1182 2261 1227 2284 tua
1242 2255 1269 2284 in
1281 2266 1357 2295 agro,
1374 2257 1492 2286 triticum
1516 2268 1530 2286 a
1551 2268 1584 2297 pa
1597 2258 1635 2286 eis

888 2291 1032 2331 separare?
1046 2292 1104 2322 Etsi
1116 2294 1269 2331 tentaveris,
1283 2305 1330 2324 nec
1349 2295 1439 2334 paleas
1457 2306 1471 2324 a
1489 2296 1576 2325 tritico
1590 2306 1634 2324 se-

888 2341 981 2370 paras,
996 2337 1022 2360 et
1046 2331 1165 2362 triticum
1191 2333 1316 2362 similiter
1342 2345 1403 2363 cum
1422 2335 1506 2373 paleis
1531 2333 1632 2372 perdis.

887 2370 933 2400 Sic
954 2380 1007 2400 non
1034 2378 1138 2411 poterat
1161 2372 1237 2409 fieri,
1254 2379 1284 2401 ut
1307 2374 1380 2402 Deus
1402 2372 1436 2401 de
1461 2373 1563 2402 Judaeis
1588 2380 1635 2402 aut

888 2409 1013 2449 gentibus
1022 2411 1080 2450 jam
1096 2410 1193 2441 electos
1209 2412 1265 2441 sine
1277 2414 1420 2441 tentatione
1433 2410 1593 2440 discerneret
1607 2418 1635 2441 et

912 2508 923 2520 ⁸
940 2499 1027 2526 Codex
1042 2500 1073 2525 V.
1086 2501 1118 2526 D.
1136 2506 1162 2525 et
1182 2500 1251 2526 Editi
1270 2501 1295 2525 in
1314 2509 1392 2533 marg.
1407 2501 1639 2527 conculcationibus

98 2540 168 2566 Edu*-
185 2541 210 2565 ἰιι
224 2549 303 2574 marg.
320 2541 346 2564 in
358 2541 418 2574 igne
433 2544 514 2564 autem
534 2547 600 2571 nepe
617 2539 676 2563 dum
691 2538 808 2564 vivimus.
825 2539 856 2564 In
883 2539 1047 2564 inimicorum.
1058 2537 1140 2564 Iidem
1153 2538 1217 2563 infra
1231 2539 1286 2563 ideo
1297 2544 1408 2564 movetur
1414 2542 1579 2572 persequutio.

105 2585 174 2605 textu
186 2587 244 2605 vero
259 2579 285 2603 in
299 2580 356 2612 igne
367 2583 448 2603 autem
460 2585 553 2610 ptenoe.
