1904 2840
124 1242 209 1264 Mauh.
225 1240 249 1264 8.

123 1273 200 1326 {lar-c.
216 1301 239 1324 5.

126 1342 162 1358 12.

124 1400 180 1423 Iob.
198 1406 220 1422 ι.
231 1399 255 1423 6.

127 1759 150 1782 3.
161 1759 268 1788 neg-17.

133 2358 203 2380 Heln«.
211 2365 217 2379 ι
224 2374 228 2379 .
236 2353 271 2386 Ul·

263 166 333 214 692

262 237 413 275 humilitas,
439 235 658 277 incomparabilis
678 234 865 274 eleemosyna,
889 238 915 262 et
936 241 1007 271 quae-

262 288 378 316 cumque
396 276 431 307 ad
444 276 570 307 virtutem
583 274 748 305 conducunt.
766 272 822 304 Sed
834 271 882 302 isse
896 271 1007 311 quidem

263 319 301 348 sic
310 318 431 354 florebat,
442 327 494 346 non
504 315 610 346 divitiis
619 313 797 355 temporaneis
806 319 919 349 tantum,
926 321 1008 351 quan-

264 365 322 387 tum
343 358 451 398 pietate.
467 358 573 387 Verum
594 354 694 394 aliquis
710 354 778 384 forte
795 353 915 393 sapiens,
936 362 1008 381 com-

265 397 340 427 muni
351 408 425 427 more
435 396 539 427 dictum
552 395 705 435 amplexus,
717 404 799 439 opera
810 402 906 432 magna
917 391 1009 428 existi-

265 445 321 467 mat
339 448 405 473 esse,
421 437 525 474 vineas,
540 435 651 471 oliveta,
663 441 719 464 sata
735 443 843 474 jugera,
857 438 884 462 et
896 431 1008 462 similia.

265 479 338 509 Vere
353 488 433 517 opera
447 486 543 506 magna
559 475 568 514 i
589 475 612 504 si
633 481 708 504 erant
726 484 808 514 super
821 479 930 508 terram,
943 471 1008 500 dum

266 519 374 548 floreret
396 516 494 547 caelesti
517 526 548 546 us
591 514 684 544 'vitiis.
699 513 833 548 Diabolus
858 518 959 548 autem,
981 518 1011 541 ut

265 558 388 588 hesterna
398 556 444 587 die
455 556 526 593 dixi,
538 555 666 585 scelestus
676 554 734 590 ille,
745 554 896 593 suspicatus
908 551 1009 592 ipsum,

266 598 336 627 sicut
347 608 410 627 cum
423 596 523 637 opibus
535 595 654 631 floreret,
676 593 754 623 dives
774 599 832 623 erat
849 591 959 627 virtute,
973 591 1011 621 ita

985 170 1099 194 sPtJMA
1108 185 1115 192 .

1059 230 1520 311 ἓξὲαειῖἒῖῗέὴῗωὲὖπῗῖἒῖῗᾼᾛῃ
1530 229 1835 310 ιάζῗέέῗτλέἷοὲίόίἵὶ

1060 310 1778 391 {3⁶321320211302‘321'553503‘“ttamen
1788 321 1836 379 {⁷33

1061 391 1155 430 λόγον,
1176 390 1276 430 νομίζει
1299 391 1365 439 ἔργα
1388 392 1493 430 μεγάλα
1515 386 1583 423 εἶναι
1604 391 1762 430 ἀμπελῶνας
1791 388 1837 418 καὶ

1062 431 1189 464 ἐλαιῶνας
1217 431 1265 460 καὶ
1286 442 1405 471 σποριμα
1433 430 1551 471 πλέθρα,
1573 429 1618 460 καὶ
1643 429 1694 459 ὅσα
1716 432 1835 460 τοιαῦτα.

1063 471 1178 507 Ἀληθῶς
1201 471 1228 500 δὲ
1249 466 1282 504 ἦν
1302 472 1374 511 αὐτῷ
1393 469 1458 510 ἔργα
1474 470 1578 510 μεγάλα
1590 469 1635 499 ἐπὶ
1649 471 1696 505 τῆς
1708 471 1772 509 γῆς,
1793 480 1837 499 κο-

1065 513 1149 549 μῶντι
1169 512 1208 550 τῷ
1227 510 1335 562 πλούτιρ
1362 513 1401 550 τῷ
1421 510 1577 561 ἐπουρανίῳ.
1591 508 1627 539 Ὃ
1649 509 1678 538 δὲ
1702 509 1837 545 διάὸολος,

1063 550 1154 591 ὥσπερ
1168 550 1248 590 ἔφθην
1268 553 1350 580 εἷπων
1362 552 1396 590 τῇ
1409 562 1540 591 πρσιερα,
1549 550 1720 586 ὑποτοπήσας
1735 550 1751 578 ὁ
1762 561 1838 588 παμ-

1065 589 1172 639 μίαρος,
1193 590 1234 620 ὅτι
1258 590 1350 631 ὥσπερ
1373 591 1446 630 αὐτῷ
1467 591 1624 621 πλουτοῦντι
1642 588 1838 625 συνεπλούτησι

267 648 329 667 cum
341 637 377 666 ad
391 642 572 677 paupertatem
589 633 712 680 redactus
733 634 813 669 foret,
833 632 931 662 virtute
944 642 1055 672 [ιω-588
1064 642 1109 660 και
1130 633 1147 666 ἡ
1163 630 1259 670 ἀρετὴ,
1276 630 1346 660 οὕτω
1364 630 1410 660 καὶ
1428 629 1615 671 πτωχεύσαντι
1633 628 1839 669 συμποωχεύσει

266 688 359 718 perem
382 677 508 706 futurum
521 685 595 712 esse,
610 684 701 714 ipsum
714 672 798 703 nudat
818 671 991 702 facultatibus
1002 693 1010 708 ,
1027 681 1047 704 A
1064 670 1110 700 καὶ
1133 670 1168 700 τὰ
1187 672 1233 706 τῆς
1252 673 1466 711 ἀρεῆρηυμνοῐ
1483 670 1562 700 αὐτὸν
1582 671 1636 700 τῶν
1659 668 1785 706 κτεάνων,
1795 668 1839 699 ἵνα

269 725 299 747 ut
319 717 436 747 nudaret
450 715 583 746 virtutum
602 712 766 754 praestantia,
782 712 901 753 petitque
915 722 930 740 a
943 712 1011 748 Deo,

268 765 298 787 ut
316 758 405 798 ipsum
419 762 520 786 tentare
532 755 637 792 liceret,
650 760 679 782 ut
696 753 761 783 hinc
779 759 808 782 tu
821 751 949 781 fiduciam
962 751 1013 780 ha-

268 798 343 834 beas,
355 797 475 835 sciasque
481 794 622 825 diabolum
633 793 738 823 nullam
747 792 847 822 habere
859 797 1014 831 potestatem

269 844 359 867 contra
369 836 565 873 Christianum,
576 845 593 864 n
629 844 662 863 ue
674 839 766 863 contra
779 831 916 861 bominem
927 832 1014 860 Deum

269 877 419 914 timentem,
431 875 484 906 nisi
499 874 530 905 id
543 875 595 915 ipsi
626 884 640 903 e
654 873 719 903 caelo
730 872 911 912 permittatur,
922 870 967 900 vel
980 870 1016 899 ad

270 917 480 957 castigationem,
502 914 546 945 vel
568 920 678 958 propter
699 914 895 942 concessionem
917 910 1012 940 veniae.

270 959 344 987 Deus
357 956 430 986 enim
441 965 502 985 cum
517 961 708 984 correctionem
728 952 807 981 insert
817 972 826 986 ,
839 957 886 980 aut
918 956 1018 979 eccato-

271 1008 333 1026 rum
341 1006 433 1037 poenas
447 994 541 1035 exigit,
555 1001 601 1024 aut
615 993 744 1023 virtutem
759 997 864 1021 exercet
878 1001 891 1019 a
922 989 1017 1019 divina

272 1035 440 1075 exsequenda
459 1044 550 1075 opera.
565 1035 627 1064 Non
640 1032 728 1078 potuit
745 1041 808 1071 ergo
822 1030 948 1061 diabolus
962 1029 1018 1058 im-

273 1087 393 1117 pugnare
406 1075 518 1111 Jobum,
532 1073 618 1103 donec
639 1073 668 1103 id
681 1072 734 1118 ipsi
747 1082 764 1101 a
776 1072 835 1101 Deo
856 1069 1016 1110 permissum

273 1124 324 1146 est.
343 1117 399 1146 Nec
419 1114 537 1151 mireris,
557 1113 666 1150 dilecte,
680 1123 703 1142 si
725 1117 818 1141 contra
840 1110 942 1141 Jobum
964 1119 1018 1139 uon

273 1155 400 1185 habuerit
422 1161 578 1195 potestatem
601 1153 688 1182 donec
705 1151 841 1181 licentiam
861 1149 1016 1190 accepisset.

273 1197 369 1234 Neque
381 1195 453 1224 enim
467 1200 559 1223 contra
569 1203 665 1232 porcos
674 1198 831 1232 potestatem
842 1190 933 1219 habet.
947 1189 1019 1218 Audi

275 1234 411 1273 quomodo
430 1233 514 1272 Legio
530 1233 642 1272 rogabat
653 1242 727 1267 eum,
750 1230 842 1261 dicens
863 1242 869 1258 :
890 1229 923 1259 Sa·
939 1230 1021 1268 ejicis

277 1284 348 1310 nos,
367 1275 502 1313 permitte
526 1282 578 1301 nos
598 1272 679 1300 abire
698 1272 730 1299 in
748 1279 862 1310 porcos.
878 1269 908 1299 Si
929 1275 1020 1298 contra

277 1324 373 1360 porcos
394 1313 464 1342 nihil
477 1311 565 1352 potuit
576 1311 633 1341 sine
644 1310 788 1350 permissu,
811 1307 947 1347 quomodo
967 1318 1021 1337 non

274 1363 367 1393 Jussus
379 1358 533 1393 potestatem
552 1351 648 1380 habeat
659 1356 751 1379 contra
759 1359 804 1378 eos
817 1348 866 1385 qui
878 1347 914 1377 ad
928 1347 1021 1386 imagi·
1036 1363 1054 1387 B

278 1404 338 1423 nem
352 1393 402 1423 Dei
422 1392 485 1421 sacti
503 1398 566 1420 sunt
575 1391 589 1420 Ξ)
603 1392 731 1419 Factum
749 1394 803 1424 est,
816 1387 915 1426 inquit,
931 1393 964 1415 ut
978 1397 1022 1415 eo-

277 1434 345 1462 dem
370 1433 419 1462 die
442 1431 541 1471 angeli
564 1431 622 1460 Dei
643 1431 777 1459 venirent
788 1450 796 1463 ,
817 1433 850 1457 ut
870 1427 1023 1456 adstarent

278 1474 407 1510 Domino
419 1484 431 1501 .·
443 1478 472 1500 et
490 1470 626 1500 diabolus
645 1471 728 1499 stetit
745 1470 779 1497 in
796 1467 891 1496 medio
909 1476 1020 1497 eorum.

277 1515 387 1553 Ergone
397 1523 460 1542 cum
472 1510 593 1579 angelico
606 1509 755 1539 ministerio
767 1507 854 1536 adstat
865 1507 946 1536 etiam
966 1506 1024 1536 dia-

277 1553 368 1588 bolus,
385 1559 412 1582 et
421 1552 450 1581 in
463 1561 506 1581 rne
527 1551 552 1580 io
571 1556 724 1579 sanctorum
743 1547 890 1588 spirituum
904 1546 1023 1575 immun-

277 1594 330 1623 dus
350 1591 461 1633 spiritus
484 1590 578 1620 adest?
598 1590 704 1619 Verum
724 1597 810 1626 neque
831 1586 917 1616 sancti
936 1585 1025 1624 augeli

278 1635 336 1663 Deo
349 1643 381 1662 co
415 1631 526 1661 oraliter
547 1628 718 1664 adstiterunt,
738 1637 823 1666 neque
841 1626 906 1655 item
921 1632 1025 1655 satanas

279 1683 392 1712 corpora
406 1672 454 1701 iter
470 1683 477 1700 :
492 1669 540 1700 sed
553 1679 631 1699 omne
649 1667 830 1698 ministerium
847 1676 897 1706 pro
911 1665 1026 1695 statione

279 1713 388 1743 dicitur.
408 1708 644 1748 Quemadmodum
663 1707 735 1737 enim
752 1706 826 1737 Elias
840 1706 950 1735 interra
963 1716 1024 1735 ver-

281 1764 342 1783 sans
363 1753 421 1782 Deo
436 1750 544 1780 adstare
562 1748 703 1778 dicebatur
715 1769 722 1783 ,
744 1753 774 1775 ut
795 1745 841 1775 ille
862 1746 900 1775 ait
918 1758 925 1775 ε
946 1745 1025 1774 Vivit

281 1794 440 1827 Dominus,
454 1792 486 1820 in
498 1790 581 1829 cujus
597 1794 750 1826 conspectu
764 1786 850 1815 hodie
861 1786 957 1820 adsto,
972 1795 1024 1813 non

282 1832 355 1873 quod
366 1832 393 1860 in
406 1831 502 1860 caelum
514 1827 658 1858 ascendens
670 1825 817 1857 adstiterit;
829 1825 877 1855 sed
887 1825 961 1864 quod
974 1825 1025 1854 Dei

281 1878 413 1914 praecepto
427 1869 590 1899 ministraret
604 1880 610 1896 :
624 1867 663 1896 sic
681 1865 806 1895 diabolus
824 1865 908 1901 stetit,
922 1875 975 1894 non
997 1864 1024 1893 in

282 1913 380 1942 caelesti
391 1911 462 1946 loco,
473 1918 558 1947 neque
569 1918 632 1938 cum
639 1906 762 1946 supernis
768 1905 926 1941 virtutibus,
937 1903 984 1934 sed
994 1911 1024 1933 ut

283 1959 403 1982 creatura
415 1949 467 1979 Dei
475 1949 587 1988 jubetur
601 1945 775 1985 congruentia
790 1945 843 1974 sihi
857 1945 944 1974 facere
961 1954 1025 1983 :quo

284 1999 373 2021 autem
400 1997 470 2025 acto,
479 1987 554 2017 audi.
567 1987 659 2024 Neque
666 1985 738 2014 enim
748 1995 838 2014 meum
847 1984 1024 2015 dictumexci-
1041 1989 1059 2013 C

283 2032 360 2071 piens
395 2030 450 2059 icas
466 2040 472 2056 :
486 2030 528 2057 An
541 2028 616 2056 Deus
628 2025 749 2054 ministro
764 2035 828 2053 usus
842 2030 881 2053 est
893 2023 1002 2053 diabolo
1011 2023 1025 2052 Ρ

283 2071 360 2101 Sicut
374 2070 401 2098 in
415 2066 579 2097 militaribus
598 2064 684 2103 copiis
704 2071 767 2093 sunt
780 2063 912 2096 manifesti
925 2063 1026 2092 milites

282 2110 332 2149 qui
352 2109 387 2139 ad
403 2108 519 2137 honores
541 2105 704 2139 ministrant,
726 2111 842 2142 suntque
863 2103 943 2132 etiam
964 2113 1026 2131 vere

282 2149 394 2184 milites,
406 2147 454 2186 qui
467 2146 503 2175 ad
513 2144 645 2186 supplicia
657 2144 786 2183 segregati
800 2150 863 2172 sunt
877 2155 883 2171 :
898 2142 937 2172 sic
946 2142 1026 2171 etiam

282 2189 318 2219 ad
331 2186 477 2219 ministeria
496 2186 578 2221 bona,
593 2190 619 2213 et
632 2182 667 2212 ad
684 2183 824 2212 hominnm
845 2182 1027 2227 dispensatio-

283 2240 355 2265 nem,
375 2226 464 2267 angeli
483 2224 568 2255 sancti
588 2223 749 2260 minantum
764 2222 799 2250 ad
811 2222 944 2261 supphcia
963 2231 1027 2251 vero

282 2270 319 2299 de
331 2267 431 2307 iniquis
444 2264 600 2295 hominibus
613 2261 742 2292 sumenda
761 2261 894 2291 daemones
914 2261 1027 2290 mittun-

283 2317 328 2339 tur
344 2321 351 2338 :
364 2305 500 2348 quomodo
512 2311 614 2339 autem,
629 2301 706 2331 audi.
721 2303 791 2331 Cum
804 2307 908 2330 sanctos
920 2301 1029 2340 angelos

283 2354 413 2379 memorat
425 2345 536 2381 Paulus,
548 2343 607 2373 ait:
622 2342 732 2372 Nonne
745 2350 844 2370 omnes
856 2347 923 2369 sunt
934 2342 1027 2370 admi-

285 2388 447 2419 nistratorii
460 2387 588 2425 spiritus,
603 2382 643 2411 ad
659 2382 850 2410 ministerium
865 2381 946 2409 missi
964 2390 1028 2418 pro-

282 2437 401 2469 pter-eos
407 2428 458 2468 qui
465 2425 655 2455 hereditatem
663 2422 784 2460 capiunt
791 2419 894 2449 salutis
903 2422 916 2447 Ρ
928 2420 1029 2456 Quam-

284 2470 378 2499 obrem
388 2467 478 2508 palam
493 2471 533 2494 est
545 2469 649 2493 sanctos
663 2460 771 2500 angelos
784 2459 819 2489 ad
831 2458 971 2488 hominum
983 2469 1028 2488 sa-

285 2514 369 2543 lntem
394 2511 562 2548 ministrare3
587 2506 811 2546 acerboswautem
834 2503 970 2532 daemonas
993 2502 1028 2532 ad

1064 710 1192 750 γυμνώσῃ
1212 711 1257 740 καὶ
1270 713 1324 740 τῶν
1344 713 1392 746 τῆς
1413 711 1509 751 ἀρετ-ῆς
1526 708 1777 748 πλεονεκτημάτων,
1793 708 1840 739 καὶ

1067 752 1179 801 αἰτεῖται
1197 750 1341 803 uapdx'ro'o'l
1349 751 1420 780 Θεοῦ
1434 750 1479 801 τον
1500 749 1570 779 κατὰ
1588 752 1635 779 τοῦ
1658 748 1759 778 δικαίου
1779 759 1840 778 πει-

1067 789 1524 866 {tm*1252105‘0‘2522025‘5333
1535 787 1842 869 ῗῖτόἕῖδξέἔῖροῗτῖἷμῇἶ

1066 881 1111 900 νου
1131 869 1176 899 τὸν
1195 870 1275 907 Θεὸν,
1291 872 1304 900 ἐ
1323 882 1336 899 ν
1359 869 1396 909 μὴ
1417 871 1479 901 ἐπιτ
1569 869 1668 899 ἄνωθεν
1704 868 1810 905 ε’νηται,
1823 868 1841 904 ἢ

1068 909 1112 939 διὰ
1124 910 1281 946 παιδείαν,ἢ
1293 910 1336 940 διὰ
1348 910 1528 950 συγχώρησιν.
1539 908 1607 942 Θεὸς
1619 909 1671 949 γὰρ
1681 881 1744 939 δίκαν
1754 908 1841 948 ἐπάγῃ

1067 949 1259 990 παιδευτήρια,
1273 949 1292 986 ἢ
1306 950 1380 986 δίκην
1400 952 1508 979 ἀπαιτεῖ
1527 951 1580 979 τῶν
1599 948 1811 989 ἁμαρτημάτων,
1823 948 1842 984 ἢ

1068 989 1117 1026 τὴν
1138 989 1234 1033 ἀρετὴν
1246 990 1374 1029 γυμνάζει
1391 991 1444 1020 τῶν
1457 989 1533 1020 θείων
1546 989 1769 1029 κατορθωμάτων.
1782 989 1843 1019 Οὔκ

1069 1029 1184 1066 ἠδυνήθη
1197 1033 1240 1060 οὐν
1253 1032 1267 1059 ὁ
1281 1029 1401 1063 διάὸολος
1413 1031 1564 1068 πολεμῆσαι
1580 1030 1619 1068 τῷ
1633 1027 1706 1063 Ἰὼὸ,
1717 1028 1766 1061 ἕως
1778 1029 1842 1058 ἐπε-

1069 1070 1159 1109 τράπη
1173 1069 1247 1110 παρὰ
1260 1072 1306 1099 τοῦ
1320 1071 1400 1100 Θεοῦ.
1415 1069 1469 1099 Καὶ
1487 1068 1525 1108 μὴ
1539 1071 1588 1098 θαυ
1629 1079 1694 1108 σῃς,
1707 1068 1844 1107 ἀγαπητὲ,

1071 1111 1094 1139 εἰ
1103 1109 1173 1139 κατὰ
1187 1113 1232 1141 τοῦ
1245 1109 1307 1139 Ἰὼὸ
1320 1111 1368 1139 οὐκ
1380 1105 1436 1150 εἶχε
1446 1109 1495 1145 τὴν
1507 1107 1583 1143 ἐξουσ
1596 1120 1636 1144 αν,
1637 1107 1680 1160 μὴ
1692 1107 1782 1139 λαὸὼν
1795 1108 1844 1145 τὴν

1072 1149 1228 1190 ἐπιτροπήν.
1249 1149 1320 1180 Οὐδὲ
1344 1149 1395 1202 γὰρ
1419 1148 1488 1179 κατὰ
1514 1147 1610 1188 χοίρων
1635 1159 1692 1188 εχει
1715 1147 1844 1182 ἐξουσίαν.

1071 1188 1164 1219 Ἄκουε
1177 1192 1234 1223 πῶς
1245 1192 1259 1220 ὁ
1270 1190 1378 1229 Αεγεων
1390 1188 1545 1229 παρεκάλει,
1555 1187 1652 1228 λέγων·
1659 1189 1694 1218 Εἰ
1707 1187 1845 1220 ἐκὸάλλεις

1072 1231 1154 1268 ἡμᾶς,
1171 1229 1312 1270 ἐπίτρεψον
1325 1231 1396 1268 ἡμᾶς
1410 1230 1533 1259 ἀπελθεῖν
1552 1230 1589 1262 εἰς
1608 1227 1669 1262 τοὺς
1684 1227 1798 1268 χοίρους.
1811 1229 1846 1258 Εἰ

1074 1269 1101 1298 δὲ
1119 1269 1215 1309 χοίρων
1230 1272 1278 1300 οὐκ
1300 1270 1355 1309 ἔχει
1369 1268 1487 1303 ἐξουσίαν
1506 1268 1543 1308 μὴ
1558 1267 1685 1308 ἐπιτρεπό
1720 1279 1776 1304 νος,
1792 1270 1846 1297 τῶν

1073 1310 1132 1337 κατ’
1155 1309 1243 1339 εἰκόνα
1263 1310 1333 1339 Θεοῦ
1353 1308 1500 1348 γενομένων
1519 1311 1576 1342 πῶς
1595 1308 1652 1348 ἔχει
1672 1309 1684 1337 ἐ
1699 1307 1790 1338 ουσίαν
1807 1307 1846 1346 μὴ

1074 1347 1256 1389 κελευόμενος,
1270 1348 1402 1387 Ἐγένετο,
1416 1348 1505 1388 φησὶν,
1519 1350 1555 1381 ὡς
1568 1351 1586 1384 ἡ
1600 1347 1688 1387 ἡμέρα
1702 1346 1786 1384 afim),
1801 1347 1847 1377 καὶ

1074 1389 1153 1423 ἠλθον
1163 1389 1187 1417 οἱ
1201 1388 1307 1427 ἄγγελοι
1315 1390 1359 1417 τοῦ
1371 1389 1443 1417 Θεοῦ
1456 1389 1624 1427 παραστῆναι
1635 1389 1674 1427 τῷ
1687 1386 1789 1427 Κυρίῳ,
1801 1386 1847 1416 καὶ

1074 1429 1088 1456 ὁ
1101 1426 1221 1460 διᾶὅολος
1235 1428 1298 1463 ἔστη
1314 1428 1341 1457 ἐν
1349 1427 1423 1466 μέσω
1437 1428 1534 1457 αὐτῶν.
1547 1422 1616 1467 Ἆρα
1627 1422 1672 1456 οῧν
1685 1425 1732 1456 σὺν
1747 1429 1780 1462 τῆ
1794 1427 1846 1466 ἀγ-

1074 1468 1167 1507 γελικῇ
1185 1466 1335 1507 λειτουργίᾳ
1348 1456 1511 1507 παρίσταται
1524 1467 1569 1496 καὶ
1581 1469 1595 1496 ὁ
1613 1466 1749 1502 διάὸολος,
1761 1458 1806 1495 καὶ
1820 1467 1847 1495 ἐν

1076 1506 1150 1545 με’σω
1169 1509 1222 1536 τῶν
1242 1507 1323 1547 ἁγίων
1345 1506 1502 1546 πνευμάτων
1523 1506 1555 1536 τὸ
1574 1506 1642 1536 ἀκάθ
1678 1517 1722 1535 τον
1742 1509 1848 1545 πνεῦμα

1075 1535 1255 1586 παρίσταταις
1277 1547 1346 1577 Ἀλλ’
1369 1546 1428 1576 οὔτε
1450 1548 1474 1576 οἱ
1498 1545 1568 1585 ἅγιοι
1596 1517 1703 1586 &stiget
1724 1549 1766 1586 τῷ
1784 1547 1848 1587 Θεῷ

1076 1586 1247 1626 παρέστησαν
1265 1588 1423 1626 σωματυιῶς
1433 1609 1440 1623 ,
1453 1586 1512 1616 οὐδὲ
1524 1588 1538 1615 ὁ
1552 1591 1668 1619 σατανᾶς
1681 1589 1849 1624 σωματικῶς·

1077 1626 1146 1655 ἀλλὰ
1154 1632 1229 1656 πᾶσα
1238 1625 1370 1667 ὑπουργία
1382 1626 1549 1666 παράστασις
1557 1625 1675 1666 λέγε-ποατ
1679 1625 1786 1666 Ἵὶσπερ
1797 1626 1850 1667 γὰρ

1077 1669 1091 1696 ὃ
1103 1666 1198 1700 Ἠλίας
1211 1667 1256 1696 ἐπὶ
1270 1669 1318 1703 τῆς
1333 1668 1384 1719 γῆς
1399 1665 1616 1704 πολιτευόμενος,
1627 1667 1667 1706 τῷ
1685 1667 1750 1706 Θεῷ
1764 1677 1851 1707 ’rupe-⁴

1077 1706 1171 1735 στάναι
1189 1706 1308 1746 ἐλέγετο,
1328 1718 1364 1740 ως
1388 1718 1469 1747 φησι·
1488 1706 1530 1742 Ζῆ
1550 1700 1695 1747 Κύριος,ᾧ
1714 1706 1851 1745 παρέστην

1077 1745 1187 1776 ἐνώπιον
1208 1747 1286 1776 αὐτοῦ
1301 1746 1427 1787 σήμερον,
1441 1748 1493 1786 οὐχ
1543 1763 1551 1776 ι,
1564 1746 1591 1775 ἐν
1606 1747 1724 1786 οὐρανοῖς
1736 1746 1850 1776 ἀνελθὼν

1077 1786 1214 1826 παρέστη,
1228 1788 1287 1816 ιιίλλΙ
1304 1789 1346 1816 ὅτι
1368 1789 1406 1827 τῷ
1427 1786 1489 1827 θείῳ
1512 1785 1674 1825 κελεύσματι
1693 1786 1852 1822 διηκονεῖτο·

1077 1826 1146 1855 οὕτω
1159 1826 1205 1855 καὶ
1219 1826 1338 1860 διάὸολος
1352 1826 1431 1863 ἔστη,
1445 1827 1493 1856 οὐκ
1512 1826 1538 1854 ἐν
1557 1827 1596 1866 τῷ
1619 1825 1731 1866 οὐρανίῳ
1748 1825 1851 1877 χωρίῳ,

1077 1866 1136 1896 οὐδὲ
1151 1867 1178 1895 ἐν
1191 1871 1248 1900 ταῖς
1259 1868 1324 1896 “inre
1329 1867 1466 1906 ρκοσμίαις
1477 1865 1626 1904 δυνάμεσιν,
1636 1866 1696 1895 ἀλλ’
1705 1867 1742 1899 ὣς
1751 1877 1853 1905 κτισμα

1078 1907 1149 1935 Θεοῦ
1161 1906 1296 1936 κελεύεται
1304 1910 1389 1936 ποιεῖν
1399 1906 1434 1936 τὰ
1445 1905 1607 1941 καθήκοντα·
1617 1905 1663 1936 καὶ
1675 1905 1755 1942 ὅπως,
1763 1906 1852 1936 ἄκουε.

1079 1945 1126 1996 ΜΙὴ
1141 1945 1192 1985 γάρ
1207 1958 1256 1984 μου
1271 1946 1288 1975 ἁ
1306 1946 1394 1984 πάσης
1413 1946 1444 1976 τὸ
1461 1948 1547 1986 ῥῆμα,
1559 1945 1605 1975 καὶ
1623 1944 1712 1985 εἴπῃς·
1733 1945 1852 1986 ὑπηρέτῃ

1079 1997 1209 2025 κεχρηται
1223 1985 1298 2014 διαὸο
1324 2014 1329 2026 ¹
1347 1987 1361 2015 ὁ
1373 1986 1455 2022 Θεός;
1468 1985 1575 2025 “ssmep
1590 1985 1634 2015 ἐπὶ
1646 1987 1700 2014 τῶν
1719 1986 1852 2025 ἀνθρωπί-

1079 2037 1129 2054 νων
1143 2025 1265 2059 ἐξουσιῶν
1279 2027 1330 2055 εἷσι
1344 2025 1450 2066 φανεροὶ
1464 2027 1639 2065 στρατιῶται,
1653 2026 1678 2053 οἱ
1690 2029 1748 2059 ταῖς
1763 2031 1854 2064 τιμαῖς

1079 2064 1291 2104 διακονούμενοι,
1301 2065 1347 2094 καὶ
1361 2066 1411 2095 εἰσὶ
1424 2066 1492 2104 ὁμολ
1537 2063 1628 2103 ύμενοι
1642 2066 1817 2104 στρατιῶται,
1828 2067 1854 2095 οἱ

1080 2105 1145 2144 πρὸς
1166 2105 1214 2138 τὰς
1233 2104 1363 2144 τιμωρίας
1381 2075 1574 2145 ἅφωρισιῖέζοι·
1593 2103 1663 2133 οὕτω
1678 2103 1724 2133 καὶ
1742 2105 1854 2135 ἐνταῦθα

1080 2144 1148 2184 πρὸς
1167 2143 1214 2183 μὲν
1234 2144 1281 2177 τὰς
1303 2144 1466 2196 λειτουργίας
1485 2143 1532 2177 τὰς
1547 2144 1655 2183 ἀγαθὰς,
1669 2143 1775 2178 καὶτὰς
1787 2144 1855 2185 ὑπὲρ

1081 2186 1133 2214 τῶν
1146 2183 1290 2223 ἀνθρώπων
1302 2186 1460 2223 οἷκονομιας,
1473 2183 1579 2223 ἄγγελοι
1593 2183 1664 2223 ἅγιοι
1677 2184 1854 2215 ἀποστέλλον-

1081 2236 1137 2253 ται·
1151 2223 1216 2264 πρὸς
1231 2223 1258 2254 δὲ
1271 2224 1318 2257 τὰς
1331 2225 1400 2253 κατὰ
1411 2227 1464 2254 τῶν
1485 2224 1588 2263 ἀνόμων
1608 2222 1752 2263 ἀνθρώπων
1772 2236 1855 2263 τιμω-

1083 2264 1140 2304 ρίας
1153 2263 1274 2302 δαίμονες
1296 2264 1516 2294 ἀποστέλλονται·
1529 2263 1573 2293 καὶ
1587 2263 1674 2300 ὅπως,
1687 2263 1775 2295 ἄκουε.
1787 2265 1855 2293 “Ore

1082 2306 1135 2333 τῶν
1155 2303 1237 2343 ἁγίων
1252 2303 1370 2343 ἀγγέλων
1385 2304 1518 2343 μέμνηται
1539 2305 1660 2340 Παῦλος,
1675 2302 1769 2342 φησίν·
1783 2304 1855 2343 Οὐχὶ

1083 2343 1179 2377 πάντες
1202 2345 1370 2384 λειτουργικὰ
1397 2343 1536 2383 πνεύματά
1559 2344 1639 2379 εἰσιν,
1662 2344 1700 2376 εἰς
1723 2343 1855 2379 διακονίαν

1084 2383 1299 2422 ἀποστελλόμενα
1313 2383 1356 2413 διὰ
1369 2384 1430 2417 τοὺς
1451 2383 1594 2423 μέλλοντας
1611 2383 1784 2422 κληρονομεῖν
1798 2394 1855 2412 σω-

1083 2423 1195 2463 τηρίους
1210 2423 1291 2454 ’Ὀθεν
1304 2424 1382 2459 δῆλον
1396 2424 1436 2453 ὅτι
1449 2425 1474 2453 οἱ
1487 2422 1534 2463 μὲν
1549 2423 1621 2463 ἅγιοι
1631 2422 1739 2462 ἄγγελοι
1753 2424 1854 2463 ὑπηρε-

1083 2467 1159 2493 τοῦσι
1180 2467 1238 2497 ταῖς
1255 2466 1308 2494 τῶν
1331 2463 1475 2504 ἀνθρώπων
1497 2461 1652 2503 οωι-ηρίαις·
1671 2464 1696 2491 οἱ
1718 2461 1747 2492 δὲ
1765 2474 1815 2492 mx
1845 2462 1856 2491 l.

1083 2503 1204 2541 δαίμονες
1217 2507 1275 2537 ταῖς
1291 2503 1360 2534 κατὰ
1370 2505 1423 2533 τῶν
1435 2503 1601 2544 ἁμαρτωλῶν
1614 2502 1762 2542 τιμωρίαις.
1777 2502 1810 2532 ’E
1825 2514 1856 2531 ‹z-

320 2613 329 2623 π
348 2603 390 2628 Sic
409 2603 468 2628 Mss.
484 2608 572 2626 omues
583 2599 619 2631 [et
630 2595 719 2628 SaviL]
737 2599 814 2620 rccte.
827 2592 913 2619 Editio
925 2591 1035 2624 [Morel.]
1046 2595 1197 2624 ὺποκοσμίκις.
