<?xml version="1.0" encoding="UTF-8"?>
<!DOCTYPE html PUBLIC "-//W3C//DTD XHTML 1.0 Transitional//EN"
    "http://www.w3.org/TR/xhtml1/DTD/xhtml1-transitional.dtd">
<html xmlns="http://www.w3.org/1999/xhtml" xml:lang="en" lang="en">
 <head>
  <title>
</title>
<meta http-equiv="Content-Type" content="text/html;charset=utf-8" />
  <meta name='ocr-system' content='tesseract 3.04.00' />
  <meta name='ocr-capabilities' content='ocr_page ocr_carea ocr_par ocr_line ocrx_word'/>
</head>
<body>
  <div class='ocr_page' id='page_1' title='image "./operaomniaquaeex06johnuoft_0207.png"; bbox 0 0 1890 2826; ppageno 0'>
   <div class='ocr_carea' id='block_1_1' title="bbox 398 191 1279 227">
    <p class='ocr_par' dir='ltr' id='par_1_1' title="bbox 398 191 1279 227">
     <span class='ocr_line' id='line_1_1' title="bbox 398 191 1279 227; baseline 0.001 -10"><span class='ocrx_word' id='word_1_1' title='bbox 398 194 433 218; x_wconf 79' lang='lat' dir='ltr'>IN</span> <span class='ocrx_word' id='word_1_2' title='bbox 460 192 572 225; x_wconf 81' lang='lat' dir='ltr'>ILLUD,</span> <span class='ocrx_word' id='word_1_3' title='bbox 602 193 748 225; x_wconf 64' lang='lat' dir='ltr'>Domum,</span> <span class='ocrx_word' id='word_1_4' title='bbox 779 192 846 216; x_wconf 84' lang='lat' dir='ltr'>NON</span> <span class='ocrx_word' id='word_1_5' title='bbox 877 192 936 215; x_wconf 72' lang='lat' dir='ltr'>EST</span> <span class='ocrx_word' id='word_1_6' title='bbox 963 191 996 216; x_wconf 81' lang='lat' dir='ltr'>IN</span> <span class='ocrx_word' id='word_1_7' title='bbox 1024 192 1182 227; x_wconf 80' lang='lat' dir='ltr'>HOMlNE,</span> <span class='ocrx_word' id='word_1_8' title='bbox 1202 193 1279 218; x_wconf 77' lang='lat' dir='ltr'>E&#39;rc.</span> 
     </span>
    </p>
   </div>
   <div class='ocr_carea' id='block_1_2' title="bbox 80 254 853 574">
    <p class='ocr_par' dir='ltr' id='par_1_2' title="bbox 80 254 853 574">
     <span class='ocr_line' id='line_1_2' title="bbox 85 254 847 298; baseline -0.008 -10"><span class='ocrx_word' id='word_1_9' title='bbox 85 257 152 296; x_wconf 70' lang='grc' dir='ltr'>μηδὶ</span> <span class='ocrx_word' id='word_1_10' title='bbox 168 261 246 298; x_wconf 84' lang='grc' dir='ltr'>χεῖρα</span> <span class='ocrx_word' id='word_1_11' title='bbox 260 256 336 296; x_wconf 79' lang='grc' dir='ltr'>ὀρέξῃ</span> <span class='ocrx_word' id='word_1_12' title='bbox 346 279 354 293; x_wconf 91' lang='grc'>,</span> <span class='ocrx_word' id='word_1_13' title='bbox 368 255 468 289; x_wconf 82' lang='grc' dir='ltr'>,παντὸς</span> <span class='ocrx_word' id='word_1_14' title='bbox 483 255 658 294; x_wconf 71' lang='grc' dir='ltr'>ἀπήλλαγμαι</span> <span class='ocrx_word' id='word_1_15' title='bbox 671 254 847 294; x_wconf 83' lang='grc' dir='ltr'>ἐγκλήματος.</span> 
     </span>
     <span class='ocr_line' id='line_1_3' title="bbox 83 299 850 341; baseline -0.007 -8"><span class='ocrx_word' id='word_1_16' title='bbox 83 304 152 334; x_wconf 80' lang='grc' dir='ltr'>Ἀλλ’</span> <span class='ocrx_word' id='word_1_17' title='bbox 167 303 214 332; x_wconf 74' lang='grc' dir='ltr'>οὐκ</span> <span class='ocrx_word' id='word_1_18' title='bbox 226 302 284 332; x_wconf 76' lang='grc' dir='ltr'>ἔστι</span> <span class='ocrx_word' id='word_1_19' title='bbox 298 304 392 340; x_wconf 80' lang='grc' dir='ltr'>ταῦτα,</span> <span class='ocrx_word' id='word_1_20' title='bbox 408 302 456 331; x_wconf 81' lang='grc' dir='ltr'>οὐκ</span> <span class='ocrx_word' id='word_1_21' title='bbox 469 301 540 331; x_wconf 84' lang='grc' dir='ltr'>ἔστιν</span> <span class='ocrx_word' id='word_1_22' title='bbox 551 313 558 320; x_wconf 87' lang='grc'><em>·</em></span> <span class='ocrx_word' id='word_1_23' title='bbox 573 301 711 341; x_wconf 82' lang='grc' dir='ltr'>ἀμήχανον</span> <span class='ocrx_word' id='word_1_24' title='bbox 722 299 774 340; x_wconf 77' lang='grc' dir='ltr'>γὰρ</span> <span class='ocrx_word' id='word_1_25' title='bbox 782 322 790 337; x_wconf 90' lang='grc'>,</span> <span class='ocrx_word' id='word_1_26' title='bbox 806 302 850 328; x_wconf 82' lang='grc' dir='ltr'>θε-</span> 
     </span>
     <span class='ocr_line' id='line_1_4' title="bbox 81 346 850 388; baseline -0.007 -9"><span class='ocrx_word' id='word_1_27' title='bbox 81 348 218 385; x_wconf 77' lang='grc' dir='ltr'>λησάντων</span> <span class='ocrx_word' id='word_1_28' title='bbox 231 350 308 387; x_wconf 81' lang='grc' dir='ltr'>ἡμῶν</span> <span class='ocrx_word' id='word_1_29' title='bbox 321 347 366 378; x_wconf 82' lang='grc' dir='ltr'>καὶ</span> <span class='ocrx_word' id='word_1_30' title='bbox 383 348 568 388; x_wconf 85' lang='grc' dir='ltr'>προελομένων</span> <span class='ocrx_word' id='word_1_31' title='bbox 589 347 634 377; x_wconf 77' lang='grc' dir='ltr'>καὶ</span> <span class='ocrx_word' id='word_1_32' title='bbox 655 346 850 387; x_wconf 79' lang='grc' dir='ltr'>βουληθέντων,</span> 
     </span>
     <span class='ocr_line' id='line_1_5' title="bbox 80 392 852 435; baseline -0.004 -11"><span class='ocrx_word' id='word_1_33' title='bbox 80 395 126 424; x_wconf 78' lang='grc' dir='ltr'>τὸν</span> <span class='ocrx_word' id='word_1_34' title='bbox 139 394 208 425; x_wconf 79' lang='grc' dir='ltr'>θεὸν</span> <span class='ocrx_word' id='word_1_35' title='bbox 221 395 418 434; x_wconf 73' lang='grc' dir='ltr'>ἐγκαταλιπεῖν.</span> <span class='ocrx_word' id='word_1_36' title='bbox 434 395 468 424; x_wconf 85' lang='grc' dir='ltr'>Εἰ</span> <span class='ocrx_word' id='word_1_37' title='bbox 481 393 533 435; x_wconf 79' lang='grc' dir='ltr'>γὰρ</span> <span class='ocrx_word' id='word_1_38' title='bbox 552 398 607 427; x_wconf 83' lang='grc' dir='ltr'>τοῖς</span> <span class='ocrx_word' id='word_1_39' title='bbox 628 393 665 432; x_wconf 87' lang='grc' dir='ltr'>μὴ</span> <span class='ocrx_word' id='word_1_40' title='bbox 685 392 852 433; x_wconf 78' lang='grc' dir='ltr'>βουλομένοις</span> 
     </span>
     <span class='ocr_line' id='line_1_6' title="bbox 80 437 851 481; baseline -0.004 -11"><span class='ocrx_word' id='word_1_41' title='bbox 80 444 204 481; x_wconf 84' lang='grc' dir='ltr'>παραινεῖ</span> <span class='ocrx_word' id='word_1_42' title='bbox 226 442 271 470; x_wconf 85' lang='grc' dir='ltr'>καὶ</span> <span class='ocrx_word' id='word_1_43' title='bbox 290 440 482 480; x_wconf 65' lang='grc' dir='ltr'>συμβουλεύει,</span> <span class='ocrx_word' id='word_1_44' title='bbox 503 439 547 469; x_wconf 78' lang='grc' dir='ltr'>ἵνα</span> <span class='ocrx_word' id='word_1_45' title='bbox 568 439 700 475; x_wconf 83' lang='grc' dir='ltr'>θελήσωσι</span> <span class='ocrx_word' id='word_1_46' title='bbox 722 437 767 468; x_wconf 78' lang='grc' dir='ltr'>καὶ</span> <span class='ocrx_word' id='word_1_47' title='bbox 788 439 851 477; x_wconf 89' lang='grc' dir='ltr'>βου-</span> 
     </span>
     <span class='ocr_line' id='line_1_7' title="bbox 80 484 851 527; baseline -0.003 -11"><span class='ocrx_word' id='word_1_48' title='bbox 80 487 199 524; x_wconf 82' lang='grc' dir='ltr'>ληθῶσι,</span> <span class='ocrx_word' id='word_1_49' title='bbox 212 488 304 527; x_wconf 83' lang='grc' dir='ltr'>πολλῷ</span> <span class='ocrx_word' id='word_1_50' title='bbox 325 488 425 526; x_wconf 79' lang='grc' dir='ltr'>μᾶλλον</span> <span class='ocrx_word' id='word_1_51' title='bbox 443 486 504 520; x_wconf 78' lang='grc' dir='ltr'>τοὺς</span> <span class='ocrx_word' id='word_1_52' title='bbox 523 484 692 526; x_wconf 79' lang='grc' dir='ltr'>αἱρουμένους</span> <span class='ocrx_word' id='word_1_53' title='bbox 704 486 752 515; x_wconf 84' lang='grc' dir='ltr'>οὔκ</span> <span class='ocrx_word' id='word_1_54' title='bbox 767 486 851 524; x_wconf 83' lang='grc' dir='ltr'>ἐγκα-</span> 
     </span>
     <span class='ocr_line' id='line_1_8' title="bbox 80 531 853 574; baseline -0.003 -12"><span class='ocrx_word' id='word_1_55' title='bbox 80 533 250 572; x_wconf 83' lang='grc' dir='ltr'>ταλιμπάνει.</span> <span class='ocrx_word' id='word_1_56' title='bbox 276 533 446 574; x_wconf 71' lang='grc' dir='ltr'>Ἐμὸλέψατε</span> <span class='ocrx_word' id='word_1_57' title='bbox 473 533 540 573; x_wconf 82' lang='grc' dir='ltr'>γὰρ,</span> <span class='ocrx_word' id='word_1_58' title='bbox 567 532 648 573; x_wconf 78' lang='grc' dir='ltr'>φησὶ,</span> <span class='ocrx_word' id='word_1_59' title='bbox 676 533 714 566; x_wconf 82' lang='grc' dir='ltr'>εἷς</span> <span class='ocrx_word' id='word_1_60' title='bbox 739 531 853 572; x_wconf 76' lang='grc' dir='ltr'>ἀρχαίας</span> 
     </span>
    </p>
   </div>
   <div class='ocr_carea' id='block_1_3' title="bbox 80 577 851 620">
    <p class='ocr_par' dir='ltr' id='par_1_3' title="bbox 80 577 851 620">
     <span class='ocr_line' id='line_1_9' title="bbox 80 577 851 620; baseline -0.004 -10"><span class='ocrx_word' id='word_1_61' title='bbox 80 580 184 620; x_wconf 75' lang='grc' dir='ltr'>γενεὰς,</span> <span class='ocrx_word' id='word_1_62' title='bbox 210 580 256 610; x_wconf 81' lang='grc' dir='ltr'>καὶ</span> <span class='ocrx_word' id='word_1_63' title='bbox 278 580 365 616; x_wconf 76' lang='grc' dir='ltr'>ἴδετε,</span> <span class='ocrx_word' id='word_1_64' title='bbox 388 579 448 614; x_wconf 77' lang='grc' dir='ltr'>’τίς</span> <span class='ocrx_word' id='word_1_65' title='bbox 470 579 582 615; x_wconf 84' lang='grc' dir='ltr'>ἤλπισεν</span> <span class='ocrx_word' id='word_1_66' title='bbox 604 578 648 608; x_wconf 78' lang='grc' dir='ltr'>ἐπὶ</span> <span class='ocrx_word' id='word_1_67' title='bbox 671 577 784 619; x_wconf 81' lang='grc' dir='ltr'>Κύριον,</span> <span class='ocrx_word' id='word_1_68' title='bbox 805 577 851 607; x_wconf 80' lang='grc' dir='ltr'>καὶ</span> 
     </span>
    </p>
   </div>
   <div class='ocr_carea' id='block_1_4' title="bbox 904 196 1649 614">
    <p class='ocr_par' dir='ltr' id='par_1_4' title="bbox 904 196 1649 614">
     <span class='ocr_line' id='line_1_10' title="bbox 1582 196 1642 232; baseline 0 -14"><span class='ocrx_word' id='word_1_69' title='bbox 1582 196 1642 232; x_wconf 73' lang='lat'>19¹</span> 
     </span>
     <span class='ocr_line' id='line_1_11' title="bbox 906 254 1647 298; baseline 0.007 -16"><span class='ocrx_word' id='word_1_70' title='bbox 906 254 1022 294; x_wconf 84' lang='lat' dir='ltr'>partium</span> <span class='ocrx_word' id='word_1_71' title='bbox 1037 262 1110 293; x_wconf 85' lang='lat' dir='ltr'>sunt,</span> <span class='ocrx_word' id='word_1_72' title='bbox 1138 257 1286 296; x_wconf 83' lang='lat' dir='ltr'>praestitero</span> <span class='ocrx_word' id='word_1_73' title='bbox 1298 262 1324 286; x_wconf 89' lang='lat' dir='ltr'>et</span> <span class='ocrx_word' id='word_1_74' title='bbox 1351 257 1473 294; x_wconf 86' lang='lat' dir='ltr'>voluero,</span> <span class='ocrx_word' id='word_1_75' title='bbox 1488 263 1515 286; x_wconf 85' lang='lat' dir='ltr'>et</span> <span class='ocrx_word' id='word_1_76' title='bbox 1531 257 1647 298; x_wconf 82' lang='lat' dir='ltr'>elegero,</span> 
     </span>
     <span class='ocr_line' id='line_1_12' title="bbox 905 300 1649 344; baseline 0.007 -16"><span class='ocrx_word' id='word_1_77' title='bbox 905 306 931 328; x_wconf 85' lang='lat' dir='ltr'>et</span> <span class='ocrx_word' id='word_1_78' title='bbox 943 310 1000 329; x_wconf 85' lang='lat' dir='ltr'>rem</span> <span class='ocrx_word' id='word_1_79' title='bbox 1011 300 1096 340; x_wconf 84' lang='lat' dir='ltr'>ipsam</span> <span class='ocrx_word' id='word_1_80' title='bbox 1109 312 1251 342; x_wconf 76' lang='lat' dir='ltr'><strong>aggressus</strong></span> <span class='ocrx_word' id='word_1_81' title='bbox 1263 303 1351 340; x_wconf 80' lang='lat' dir='ltr'>suero,</span> <span class='ocrx_word' id='word_1_82' title='bbox 1366 302 1389 332; x_wconf 88' lang='lat' dir='ltr'>is</span> <span class='ocrx_word' id='word_1_83' title='bbox 1400 313 1465 332; x_wconf 86' lang='lat' dir='ltr'>vero</span> <span class='ocrx_word' id='word_1_84' title='bbox 1475 313 1491 332; x_wconf 92' lang='lat' dir='ltr'>a</span> <span class='ocrx_word' id='word_1_85' title='bbox 1504 304 1582 344; x_wconf 63' lang='lat' dir='ltr'>nujus</span> <span class='ocrx_word' id='word_1_86' title='bbox 1595 315 1649 344; x_wconf 86' lang='lat' dir='ltr'>po·</span> 
     </span>
     <span class='ocr_line' id='line_1_13' title="bbox 906 345 1649 387; baseline 0.007 -14"><span class='ocrx_word' id='word_1_87' title='bbox 906 350 998 374; x_wconf 83' lang='lat' dir='ltr'>testate</span> <span class='ocrx_word' id='word_1_88' title='bbox 1016 345 1114 384; x_wconf 80' lang='lat' dir='ltr'>pendet</span> <span class='ocrx_word' id='word_1_89' title='bbox 1133 353 1255 384; x_wconf 83' lang='lat' dir='ltr'>eventus,</span> <span class='ocrx_word' id='word_1_90' title='bbox 1268 357 1311 377; x_wconf 86' lang='lat' dir='ltr'>me</span> <span class='ocrx_word' id='word_1_91' title='bbox 1333 356 1386 376; x_wconf 88' lang='lat' dir='ltr'>non</span> <span class='ocrx_word' id='word_1_92' title='bbox 1403 346 1549 387; x_wconf 78' lang='lat' dir='ltr'>adjuverit,</span> <span class='ocrx_word' id='word_1_93' title='bbox 1562 357 1649 387; x_wconf 86' lang='lat' dir='ltr'>neque</span> 
     </span>
     <span class='ocr_line' id='line_1_14' title="bbox 906 390 1646 429; baseline 0.005 -13"><span class='ocrx_word' id='word_1_94' title='bbox 906 397 1015 418; x_wconf 83' lang='lat' dir='ltr'>manum</span> <span class='ocrx_word' id='word_1_95' title='bbox 1029 390 1187 429; x_wconf 72' lang='lat' dir='ltr'>porrexerit,</span> <span class='ocrx_word' id='word_1_96' title='bbox 1203 391 1277 420; x_wconf 88' lang='lat' dir='ltr'>omni</span> <span class='ocrx_word' id='word_1_97' title='bbox 1286 401 1347 422; x_wconf 85' lang='lat' dir='ltr'>sum</span> <span class='ocrx_word' id='word_1_98' title='bbox 1371 391 1484 420; x_wconf 84' lang='lat' dir='ltr'>crimine</span> <span class='ocrx_word' id='word_1_99' title='bbox 1508 391 1646 422; x_wconf 77' lang='lat' dir='ltr'>liberatus.</span> 
     </span>
     <span class='ocr_line' id='line_1_15' title="bbox 906 435 1647 477; baseline 0.005 -14"><span class='ocrx_word' id='word_1_100' title='bbox 906 435 1010 464; x_wconf 85' lang='lat' dir='ltr'>Verum</span> <span class='ocrx_word' id='word_1_101' title='bbox 1024 435 1124 466; x_wconf 85' lang='lat' dir='ltr'>nonita</span> <span class='ocrx_word' id='word_1_102' title='bbox 1138 443 1187 473; x_wconf 87' lang='lat' dir='ltr'>est,</span> <span class='ocrx_word' id='word_1_103' title='bbox 1200 437 1280 477; x_wconf 87' lang='lat' dir='ltr'>plane</span> <span class='ocrx_word' id='word_1_104' title='bbox 1290 447 1343 467; x_wconf 87' lang='lat' dir='ltr'>non</span> <span class='ocrx_word' id='word_1_105' title='bbox 1358 444 1396 467; x_wconf 87' lang='lat' dir='ltr'>est</span> <span class='ocrx_word' id='word_1_106' title='bbox 1406 437 1443 467; x_wconf 89' lang='lat' dir='ltr'>ita</span> <span class='ocrx_word' id='word_1_107' title='bbox 1459 448 1466 464; x_wconf 71' lang='grc' dir='ltr'>ε</span> <span class='ocrx_word' id='word_1_108' title='bbox 1483 439 1647 476; x_wconf 82' lang='lat' dir='ltr'>nequeenim</span> 
     </span>
     <span class='ocr_line' id='line_1_16' title="bbox 904 479 1648 524; baseline 0.007 -15"><span class='ocrx_word' id='word_1_109' title='bbox 904 479 963 510; x_wconf 85' lang='lat' dir='ltr'>fieri</span> <span class='ocrx_word' id='word_1_110' title='bbox 974 487 1072 521; x_wconf 84' lang='lat' dir='ltr'>potest,</span> <span class='ocrx_word' id='word_1_111' title='bbox 1086 488 1116 511; x_wconf 84' lang='lat' dir='ltr'>ut</span> <span class='ocrx_word' id='word_1_112' title='bbox 1129 482 1153 511; x_wconf 90' lang='lat' dir='ltr'>si</span> <span class='ocrx_word' id='word_1_113' title='bbox 1173 493 1221 512; x_wconf 89' lang='lat' dir='ltr'>nos</span> <span class='ocrx_word' id='word_1_114' title='bbox 1234 483 1412 521; x_wconf 78' lang='lat' dir='ltr'>voluerimus,</span> <span class='ocrx_word' id='word_1_115' title='bbox 1429 483 1601 524; x_wconf 82' lang='lat' dir='ltr'>elegerimus,</span> <span class='ocrx_word' id='word_1_116' title='bbox 1617 495 1648 514; x_wconf 81' lang='lat' dir='ltr'>ac</span> 
     </span>
     <span class='ocr_line' id='line_1_17' title="bbox 904 527 1647 569; baseline 0.005 -13"><span class='ocrx_word' id='word_1_117' title='bbox 904 527 1088 565; x_wconf 78' lang='lat' dir='ltr'>statuerimus,</span> <span class='ocrx_word' id='word_1_118' title='bbox 1101 530 1175 559; x_wconf 90' lang='lat' dir='ltr'>Deus</span> <span class='ocrx_word' id='word_1_119' title='bbox 1188 539 1236 559; x_wconf 87' lang='lat' dir='ltr'>nos</span> <span class='ocrx_word' id='word_1_120' title='bbox 1261 529 1441 569; x_wconf 86' lang='lat' dir='ltr'>derelinquat.</span> <span class='ocrx_word' id='word_1_121' title='bbox 1455 530 1487 561; x_wconf 85' lang='lat' dir='ltr'>Si</span> <span class='ocrx_word' id='word_1_122' title='bbox 1508 531 1581 560; x_wconf 81' lang='lat' dir='ltr'>euim</span> <span class='ocrx_word' id='word_1_123' title='bbox 1601 541 1647 560; x_wconf 89' lang='lat' dir='ltr'>eos</span> 
     </span>
     <span class='ocr_line' id='line_1_18' title="bbox 904 574 1648 614; baseline 0.007 -12"><span class='ocrx_word' id='word_1_124' title='bbox 904 574 952 612; x_wconf 84' lang='lat' dir='ltr'>qui</span> <span class='ocrx_word' id='word_1_125' title='bbox 972 574 1069 604; x_wconf 87' lang='lat' dir='ltr'>nolunt</span> <span class='ocrx_word' id='word_1_126' title='bbox 1091 575 1213 605; x_wconf 80' lang='lat' dir='ltr'>hortatur</span> <span class='ocrx_word' id='word_1_127' title='bbox 1237 576 1391 607; x_wconf 81' lang='lat' dir='ltr'>etconsulit</span> <span class='ocrx_word' id='word_1_128' title='bbox 1408 576 1457 614; x_wconf 85' lang='lat' dir='ltr'>eis,</span> <span class='ocrx_word' id='word_1_129' title='bbox 1467 583 1499 606; x_wconf 85' lang='lat' dir='ltr'>ut</span> <span class='ocrx_word' id='word_1_130' title='bbox 1524 577 1610 607; x_wconf 85' lang='lat' dir='ltr'>velint</span> <span class='ocrx_word' id='word_1_131' title='bbox 1622 585 1648 607; x_wconf 88' lang='lat' dir='ltr'>et</span> 
     </span>
    </p>
   </div>
   <div class='ocr_carea' id='block_1_5' title="bbox 81 621 1647 667">
    <p class='ocr_par' dir='ltr' id='par_1_5' title="bbox 81 621 1647 667">
     <span class='ocr_line' id='line_1_19' title="bbox 81 621 1647 667; baseline 0 -14"><span class='ocrx_word' id='word_1_132' title='bbox 81 626 267 667; x_wconf 54' lang='grc' dir='ltr'>κώῃσχύνθης</span> <span class='ocrx_word' id='word_1_133' title='bbox 294 626 312 662; x_wconf 83' lang='grc' dir='ltr'>ἢ</span> <span class='ocrx_word' id='word_1_134' title='bbox 334 626 374 659; x_wconf 84' lang='grc' dir='ltr'>τίς</span> <span class='ocrx_word' id='word_1_135' title='bbox 395 626 510 665; x_wconf 83' lang='grc' dir='ltr'>ἐνέμεινε</span> <span class='ocrx_word' id='word_1_136' title='bbox 534 629 592 659; x_wconf 85' lang='grc' dir='ltr'>ταῖς</span> <span class='ocrx_word' id='word_1_137' title='bbox 614 626 732 658; x_wconf 77' lang='grc' dir='ltr'>ἐντολαῖς</span> <span class='ocrx_word' id='word_1_138' title='bbox 755 625 851 659; x_wconf 74' lang='grc' dir='ltr'>αὐτοῦ,</span> <span class='ocrx_word' id='word_1_139' title='bbox 869 627 887 651; x_wconf 87' lang='lat' dir='ltr'>C</span> <span class='ocrx_word' id='word_1_140' title='bbox 903 626 1031 657; x_wconf 71' lang='lat' dir='ltr'>statuant,</span> <span class='ocrx_word' id='word_1_141' title='bbox 1043 621 1130 650; x_wconf 82' lang='lat' dir='ltr'>multo</span> <span class='ocrx_word' id='word_1_142' title='bbox 1150 621 1237 661; x_wconf 79' lang='lat' dir='ltr'>magis</span> <span class='ocrx_word' id='word_1_143' title='bbox 1260 633 1305 652; x_wconf 84' lang='lat' dir='ltr'>eos</span> <span class='ocrx_word' id='word_1_144' title='bbox 1318 622 1367 662; x_wconf 86' lang='lat' dir='ltr'>qui</span> <span class='ocrx_word' id='word_1_145' title='bbox 1380 622 1452 653; x_wconf 84' lang='lat' dir='ltr'>ultro</span> <span class='ocrx_word' id='word_1_146' title='bbox 1469 623 1578 663; x_wconf 77' lang='lat' dir='ltr'>eligent,</span> <span class='ocrx_word' id='word_1_147' title='bbox 1594 633 1647 653; x_wconf 91' lang='lat' dir='ltr'>non</span> 
     </span>
    </p>
   </div>
   <div class='ocr_carea' id='block_1_6' title="bbox 52 669 851 1127">
    <p class='ocr_par' dir='ltr' id='par_1_6' title="bbox 52 669 851 1127">
     <span class='ocr_line' id='line_1_20' title="bbox 80 669 851 714; baseline -0.003 -13"><span class='ocrx_word' id='word_1_148' title='bbox 80 671 126 701; x_wconf 70' lang='lat' dir='ltr'>ml.</span> <span class='ocrx_word' id='word_1_149' title='bbox 142 673 276 713; x_wconf 74' lang='grc' dir='ltr'>ὑπερεῖδεν</span> <span class='ocrx_word' id='word_1_150' title='bbox 291 672 383 709; x_wconf 79' lang='grc' dir='ltr'>αὖτόν;</span> <span class='ocrx_word' id='word_1_151' title='bbox 397 672 451 703; x_wconf 80' lang='grc' dir='ltr'>Καὶ</span> <span class='ocrx_word' id='word_1_152' title='bbox 465 672 544 701; x_wconf 85' lang='grc' dir='ltr'>πάλιν</span> <span class='ocrx_word' id='word_1_153' title='bbox 563 674 577 701; x_wconf 83' lang='grc' dir='ltr'>ὁ</span> <span class='ocrx_word' id='word_1_154' title='bbox 591 670 698 704; x_wconf 80' lang='grc' dir='ltr'>Παῦλός</span> <span class='ocrx_word' id='word_1_155' title='bbox 711 681 801 711; x_wconf 76' lang='grc' dir='ltr'>φησιν,</span> <span class='ocrx_word' id='word_1_156' title='bbox 815 669 851 714; x_wconf 75' lang='grc' dir='ltr'>Ἡ</span> 
     </span>
     <span class='ocr_line' id='line_1_21' title="bbox 81 715 848 759; baseline -0.004 -11"><span class='ocrx_word' id='word_1_157' title='bbox 81 718 109 747; x_wconf 71' lang='grc' dir='ltr'>δὲ</span> <span class='ocrx_word' id='word_1_158' title='bbox 132 718 208 752; x_wconf 77' lang='grc' dir='ltr'>ἐλπὶς</span> <span class='ocrx_word' id='word_1_159' title='bbox 228 720 258 748; x_wconf 81' lang='grc' dir='ltr'>οὗ</span> <span class='ocrx_word' id='word_1_160' title='bbox 280 718 466 759; x_wconf 82' lang='grc' dir='ltr'>καταισχύνει,</span> <span class='ocrx_word' id='word_1_161' title='bbox 488 720 506 754; x_wconf 82' lang='grc' dir='ltr'>ἡ</span> <span class='ocrx_word' id='word_1_162' title='bbox 527 716 602 751; x_wconf 73' lang='grc' dir='ltr'>ἐλπὶς</span> <span class='ocrx_word' id='word_1_163' title='bbox 621 719 639 753; x_wconf 79' lang='grc' dir='ltr'><strong>ἡ</strong></span> <span class='ocrx_word' id='word_1_164' title='bbox 654 718 692 750; x_wconf 82' lang='grc' dir='ltr'>εἰς</span> <span class='ocrx_word' id='word_1_165' title='bbox 708 715 848 747; x_wconf 75' lang='grc' dir='ltr'>τὸνθεόν.</span> 
     </span>
     <span class='ocr_line' id='line_1_22' title="bbox 81 762 851 805; baseline -0.004 -11"><span class='ocrx_word' id='word_1_166' title='bbox 81 763 230 804; x_wconf 72' lang='grc' dir='ltr'>Ἀμήχανον</span> <span class='ocrx_word' id='word_1_167' title='bbox 243 765 295 805; x_wconf 76' lang='grc' dir='ltr'>γὰρ</span> <span class='ocrx_word' id='word_1_168' title='bbox 307 767 354 794; x_wconf 63' lang='lat' dir='ltr'>*tw*</span> <span class='ocrx_word' id='word_1_169' title='bbox 373 764 466 798; x_wconf 79' lang='grc' dir='ltr'>τέλους</span> <span class='ocrx_word' id='word_1_170' title='bbox 485 765 605 794; x_wconf 75' lang='grc' dir='ltr'>ἐκπεσεῖν</span> <span class='ocrx_word' id='word_1_171' title='bbox 622 763 668 793; x_wconf 72' lang='grc' dir='ltr'>τὸν</span> <span class='ocrx_word' id='word_1_172' title='bbox 686 762 735 803; x_wconf 75' lang='grc' dir='ltr'>ὅλῃ</span> <span class='ocrx_word' id='word_1_173' title='bbox 750 762 851 802; x_wconf 79' lang='grc' dir='ltr'>διανοίᾳ</span> 
     </span>
     <span class='ocr_line' id='line_1_23' title="bbox 81 809 850 849; baseline -0.001 -10"><span class='ocrx_word' id='word_1_174' title='bbox 81 810 126 839; x_wconf 82' lang='grc' dir='ltr'>ἐπὶ</span> <span class='ocrx_word' id='word_1_175' title='bbox 145 811 190 840; x_wconf 81' lang='grc' dir='ltr'>τὸν</span> <span class='ocrx_word' id='word_1_176' title='bbox 209 810 278 841; x_wconf 77' lang='grc' dir='ltr'>θεὸν</span> <span class='ocrx_word' id='word_1_177' title='bbox 299 810 453 845; x_wconf 75' lang='grc' dir='ltr'>ἐλπίζοντα,</span> <span class='ocrx_word' id='word_1_178' title='bbox 472 810 520 842; x_wconf 74' lang='grc' dir='ltr'>καὶ,</span> <span class='ocrx_word' id='word_1_179' title='bbox 531 809 567 839; x_wconf 78' lang='grc' dir='ltr'>τὰ</span> <span class='ocrx_word' id='word_1_180' title='bbox 579 811 644 849; x_wconf 87' lang='grc' dir='ltr'>παρ’</span> <span class='ocrx_word' id='word_1_181' title='bbox 659 810 752 838; x_wconf 82' lang='grc' dir='ltr'>ἑαυτοῦ</span> <span class='ocrx_word' id='word_1_182' title='bbox 762 809 850 838; x_wconf 80' lang='grc' dir='ltr'>πάντα</span> 
     </span>
     <span class='ocr_line' id='line_1_24' title="bbox 81 854 851 897; baseline -0.001 -12"><span class='ocrx_word' id='word_1_183' title='bbox 81 856 243 897; x_wconf 75' lang='grc' dir='ltr'>εἰσφέροντα.</span> <span class='ocrx_word' id='word_1_184' title='bbox 262 857 317 887; x_wconf 75' lang='grc' dir='ltr'>Καὶ</span> <span class='ocrx_word' id='word_1_185' title='bbox 337 857 436 894; x_wconf 83' lang='grc' dir='ltr'>πάλιν,</span> <span class='ocrx_word' id='word_1_186' title='bbox 450 857 550 890; x_wconf 77' lang='grc' dir='ltr'>Πιστὸς</span> <span class='ocrx_word' id='word_1_187' title='bbox 570 856 597 885; x_wconf 75' lang='grc' dir='ltr'>δὲ</span> <span class='ocrx_word' id='word_1_188' title='bbox 618 857 632 885; x_wconf 82' lang='grc' dir='ltr'>ὁ</span> <span class='ocrx_word' id='word_1_189' title='bbox 651 855 735 891; x_wconf 82' lang='grc' dir='ltr'>Θεὸς,</span> <span class='ocrx_word' id='word_1_190' title='bbox 758 854 785 888; x_wconf 84' lang='grc' dir='ltr'>ὃς</span> <span class='ocrx_word' id='word_1_191' title='bbox 803 856 851 884; x_wconf 82' lang='grc' dir='ltr'>οὔκ</span> 
     </span>
     <span class='ocr_line' id='line_1_25' title="bbox 81 901 850 943; baseline -0.001 -12"><span class='ocrx_word' id='word_1_192' title='bbox 81 902 154 931; x_wconf 81' lang='grc' dir='ltr'>ἐάσει</span> <span class='ocrx_word' id='word_1_193' title='bbox 174 904 243 941; x_wconf 77' lang='grc' dir='ltr'>ὑμᾶς</span> <span class='ocrx_word' id='word_1_194' title='bbox 254 905 429 943; x_wconf 70' lang='grc' dir='ltr'>πειρασθῆναι</span> <span class='ocrx_word' id='word_1_195' title='bbox 441 902 508 942; x_wconf 71' lang='grc' dir='ltr'>ὑπὲρ</span> <span class='ocrx_word' id='word_1_196' title='bbox 519 902 533 932; x_wconf 83' lang='grc' dir='ltr'>ὃ</span> <span class='ocrx_word' id='word_1_197' title='bbox 546 901 671 938; x_wconf 81' lang='grc' dir='ltr'>δύνασθε,</span> <span class='ocrx_word' id='word_1_198' title='bbox 686 901 756 931; x_wconf 77' lang='grc' dir='ltr'>ἀλλὰ</span> <span class='ocrx_word' id='word_1_199' title='bbox 772 901 850 936; x_wconf 76' lang='grc' dir='ltr'>ποιή-</span> 
     </span>
     <span class='ocr_line' id='line_1_26' title="bbox 82 947 851 989; baseline -0.001 -12"><span class='ocrx_word' id='word_1_200' title='bbox 82 959 123 977; x_wconf 86' lang='grc' dir='ltr'>σει</span> <span class='ocrx_word' id='word_1_201' title='bbox 133 947 181 978; x_wconf 64' lang='lat' dir='ltr'>obv</span> <span class='ocrx_word' id='word_1_202' title='bbox 198 950 237 988; x_wconf 78' lang='grc' dir='ltr'>τῷ</span> <span class='ocrx_word' id='word_1_203' title='bbox 256 950 397 989; x_wconf 78' lang='grc' dir='ltr'>πειρασμῷ</span> <span class='ocrx_word' id='word_1_204' title='bbox 410 948 456 978; x_wconf 87' lang='grc' dir='ltr'>καὶ</span> <span class='ocrx_word' id='word_1_205' title='bbox 469 948 518 985; x_wconf 81' lang='grc' dir='ltr'>τὴν</span> <span class='ocrx_word' id='word_1_206' title='bbox 531 948 649 984; x_wconf 77' lang='grc' dir='ltr'>ἔκὸασιν,</span> <span class='ocrx_word' id='word_1_207' title='bbox 664 951 710 978; x_wconf 78' lang='grc' dir='ltr'>τοῦ</span> <span class='ocrx_word' id='word_1_208' title='bbox 725 947 851 977; x_wconf 86' lang='grc' dir='ltr'>δύνασθαι</span> 
     </span>
     <span class='ocr_line' id='line_1_27' title="bbox 81 993 850 1035; baseline -0.001 -12"><span class='ocrx_word' id='word_1_209' title='bbox 81 996 149 1032; x_wconf 77' lang='grc' dir='ltr'>ὑμᾶς</span> <span class='ocrx_word' id='word_1_210' title='bbox 159 996 321 1035; x_wconf 76' lang='grc' dir='ltr'>ὑπενεγκεῖν.</span> <span class='ocrx_word' id='word_1_211' title='bbox 335 994 389 1025; x_wconf 80' lang='grc' dir='ltr'>Διὰ</span> <span class='ocrx_word' id='word_1_212' title='bbox 397 997 476 1025; x_wconf 75' lang='grc' dir='ltr'>τοῦτο</span> <span class='ocrx_word' id='word_1_213' title='bbox 486 999 610 1034; x_wconf 87' lang='grc' dir='ltr'>παραινεῖ</span> <span class='ocrx_word' id='word_1_214' title='bbox 626 996 704 1035; x_wconf 71' lang='grc' dir='ltr'>σοφός</span> <span class='ocrx_word' id='word_1_215' title='bbox 714 1006 753 1028; x_wconf 89' lang='grc' dir='ltr'>τις</span> <span class='ocrx_word' id='word_1_216' title='bbox 768 993 834 1032; x_wconf 84' lang='grc' dir='ltr'>ἀνὴρ</span> <span class='ocrx_word' id='word_1_217' title='bbox 842 1015 850 1029; x_wconf 92' lang='grc'>,</span> 
     </span>
     <span class='ocr_line' id='line_1_28' title="bbox 81 1039 851 1081; baseline -0.001 -12"><span class='ocrx_word' id='word_1_218' title='bbox 81 1040 164 1080; x_wconf 77' lang='grc' dir='ltr'>λέγων</span> <span class='ocrx_word' id='word_1_219' title='bbox 174 1052 182 1059; x_wconf 90' lang='grc'><em>·</em></span> <span class='ocrx_word' id='word_1_220' title='bbox 192 1040 294 1070; x_wconf 78' lang='grc' dir='ltr'>Τέκνον</span> <span class='ocrx_word' id='word_1_221' title='bbox 302 1064 311 1077; x_wconf 94' lang='grc'>,</span> <span class='ocrx_word' id='word_1_222' title='bbox 328 1042 352 1070; x_wconf 78' lang='grc' dir='ltr'>εἰ</span> <span class='ocrx_word' id='word_1_223' title='bbox 362 1041 500 1081; x_wconf 79' lang='grc' dir='ltr'>προσέρχῃ</span> <span class='ocrx_word' id='word_1_224' title='bbox 515 1040 645 1070; x_wconf 81' lang='grc' dir='ltr'>δουλεύειν</span> <span class='ocrx_word' id='word_1_225' title='bbox 659 1040 750 1079; x_wconf 83' lang='grc' dir='ltr'>Κυρίῳ</span> <span class='ocrx_word' id='word_1_226' title='bbox 762 1061 769 1076; x_wconf 92' lang='grc'>,</span> <span class='ocrx_word' id='word_1_227' title='bbox 784 1039 851 1068; x_wconf 82' lang='grc' dir='ltr'>ἑτοί-</span> 
     </span>
     <span class='ocr_line' id='line_1_29' title="bbox 52 1085 851 1127; baseline -0.001 -12"><span class='ocrx_word' id='word_1_228' title='bbox 52 1099 55 1101; x_wconf 92' lang='grc'><em>·</em></span> <span class='ocrx_word' id='word_1_229' title='bbox 82 1097 166 1124; x_wconf 77' lang='grc' dir='ltr'>μασον</span> <span class='ocrx_word' id='word_1_230' title='bbox 187 1086 237 1123; x_wconf 68' lang='grc' dir='ltr'>τὴν</span> <span class='ocrx_word' id='word_1_231' title='bbox 250 1087 338 1127; x_wconf 80' lang='grc' dir='ltr'>ψυχήν</span> <span class='ocrx_word' id='word_1_232' title='bbox 361 1098 408 1116; x_wconf 89' lang='grc' dir='ltr'>σου</span> <span class='ocrx_word' id='word_1_233' title='bbox 431 1088 467 1120; x_wconf 87' lang='grc' dir='ltr'>εἷς</span> <span class='ocrx_word' id='word_1_234' title='bbox 485 1086 643 1126; x_wconf 82' lang='grc' dir='ltr'>πειρασμόν.</span> <span class='ocrx_word' id='word_1_235' title='bbox 665 1085 779 1115; x_wconf 82' lang='grc' dir='ltr'>Εὔθυνον</span> <span class='ocrx_word' id='word_1_236' title='bbox 802 1085 851 1120; x_wconf 79' lang='grc' dir='ltr'>τὴν</span> 
     </span>
    </p>
   </div>
   <div class='ocr_carea' id='block_1_7' title="bbox 903 664 1797 709">
    <p class='ocr_par' dir='ltr' id='par_1_7' title="bbox 903 664 1797 709">
     <span class='ocr_line' id='line_1_30' title="bbox 903 664 1797 709; baseline 0.004 -15"><span class='ocrx_word' id='word_1_237' title='bbox 903 664 1082 705; x_wconf 79' lang='lat' dir='ltr'>derelinquet.</span> <span class='ocrx_word' id='word_1_238' title='bbox 1090 668 1235 707; x_wconf 67' lang='lat' dir='ltr'>Respicite</span> <span class='ocrx_word' id='word_1_239' title='bbox 1247 668 1518 708; x_wconf 78' lang='lat' dir='ltr'>namque,inquit,in</span> <span class='ocrx_word' id='word_1_240' title='bbox 1529 679 1648 709; x_wconf 78' lang='lat' dir='ltr'>genera·</span> <span class='ocrx_word' id='word_1_241' title='bbox 1657 675 1754 698; x_wconf 60' lang='lat' dir='ltr'>Eccita.</span> <span class='ocrx_word' id='word_1_242' title='bbox 1762 682 1797 698; x_wconf 85' lang='lat'>11.</span> 
     </span>
    </p>
   </div>
   <div class='ocr_carea' id='block_1_8' title="bbox 903 712 1694 848">
    <p class='ocr_par' dir='ltr' id='par_1_8' title="bbox 903 712 1694 848">
     <span class='ocr_line' id='line_1_31' title="bbox 903 712 1694 755; baseline 0.009 -14"><span class='ocrx_word' id='word_1_243' title='bbox 903 713 998 742; x_wconf 77' lang='lat' dir='ltr'>tiones</span> <span class='ocrx_word' id='word_1_244' title='bbox 1008 715 1156 754; x_wconf 81' lang='lat' dir='ltr'>antiquas,</span> <span class='ocrx_word' id='word_1_245' title='bbox 1163 720 1191 744; x_wconf 88' lang='lat' dir='ltr'>et</span> <span class='ocrx_word' id='word_1_246' title='bbox 1202 715 1312 753; x_wconf 77' lang='lat' dir='ltr'>videte,</span> <span class='ocrx_word' id='word_1_247' title='bbox 1325 717 1390 755; x_wconf 88' lang='lat' dir='ltr'>quis</span> <span class='ocrx_word' id='word_1_248' title='bbox 1403 717 1529 755; x_wconf 76' lang='lat' dir='ltr'>speravit</span> <span class='ocrx_word' id='word_1_249' title='bbox 1542 719 1571 747; x_wconf 84' lang='lat' dir='ltr'>in</span> <span class='ocrx_word' id='word_1_250' title='bbox 1584 718 1646 747; x_wconf 89' lang='lat' dir='ltr'>Do·</span> <span class='ocrx_word' id='word_1_251' title='bbox 1660 712 1694 728; x_wconf 78' lang='lat'>¹²·</span> 
     </span>
     <span class='ocr_line' id='line_1_32' title="bbox 903 761 1646 804; baseline 0.009 -17"><span class='ocrx_word' id='word_1_252' title='bbox 903 761 1027 797; x_wconf 84' lang='lat' dir='ltr'>minum,</span> <span class='ocrx_word' id='word_1_253' title='bbox 1041 767 1069 790; x_wconf 82' lang='lat' dir='ltr'>et</span> <span class='ocrx_word' id='word_1_254' title='bbox 1081 763 1221 803; x_wconf 75' lang='lat' dir='ltr'>eonficsus</span> <span class='ocrx_word' id='word_1_255' title='bbox 1231 768 1274 793; x_wconf 82' lang='lat' dir='ltr'>est</span> <span class='ocrx_word' id='word_1_256' title='bbox 1287 765 1357 792; x_wconf 77' lang='lat' dir='ltr'>Paul</span> <span class='ocrx_word' id='word_1_257' title='bbox 1371 765 1438 803; x_wconf 83' lang='lat' dir='ltr'>quis</span> <span class='ocrx_word' id='word_1_258' title='bbox 1446 766 1606 804; x_wconf 79' lang='lat' dir='ltr'>permansit</span> <span class='ocrx_word' id='word_1_259' title='bbox 1614 767 1646 794; x_wconf 85' lang='lat' dir='ltr'>in</span> 
     </span>
     <span class='ocr_line' id='line_1_33' title="bbox 904 807 1647 848; baseline 0.008 -14"><span class='ocrx_word' id='word_1_260' title='bbox 904 807 1051 836; x_wconf 76' lang='lat' dir='ltr'>mandatis</span> <span class='ocrx_word' id='word_1_261' title='bbox 1064 809 1137 848; x_wconf 83' lang='lat' dir='ltr'>ejus,</span> <span class='ocrx_word' id='word_1_262' title='bbox 1151 815 1179 838; x_wconf 85' lang='lat' dir='ltr'>et</span> <span class='ocrx_word' id='word_1_263' title='bbox 1191 809 1321 848; x_wconf 76' lang='lat' dir='ltr'>despexit</span> <span class='ocrx_word' id='word_1_264' title='bbox 1331 819 1397 838; x_wconf 82' lang='lat' dir='ltr'>eum</span> <span class='ocrx_word' id='word_1_265' title='bbox 1412 811 1425 837; x_wconf 77' lang='grc' dir='ltr'><em>Ρ</em></span> <span class='ocrx_word' id='word_1_266' title='bbox 1448 810 1483 839; x_wconf 89' lang='lat' dir='ltr'>Et</span> <span class='ocrx_word' id='word_1_267' title='bbox 1503 820 1597 840; x_wconf 87' lang='lat' dir='ltr'>rursus</span> <span class='ocrx_word' id='word_1_268' title='bbox 1610 811 1647 841; x_wconf 89' lang='lat' dir='ltr'>ait</span> 
     </span>
    </p>
   </div>
   <div class='ocr_carea' id='block_1_9' title="bbox 903 852 1796 896">
    <p class='ocr_par' dir='ltr' id='par_1_9' title="bbox 903 852 1796 896">
     <span class='ocr_line' id='line_1_34' title="bbox 903 852 1796 896; baseline 0.006 -15"><span class='ocrx_word' id='word_1_269' title='bbox 903 852 1015 890; x_wconf 81' lang='lat' dir='ltr'>Paulus,</span> <span class='ocrx_word' id='word_1_270' title='bbox 1026 853 1095 893; x_wconf 87' lang='lat' dir='ltr'>Spes</span> <span class='ocrx_word' id='word_1_271' title='bbox 1117 864 1178 883; x_wconf 84' lang='lat' dir='ltr'>non</span> <span class='ocrx_word' id='word_1_272' title='bbox 1202 854 1369 896; x_wconf 82' lang='lat' dir='ltr'>confundit,</span> <span class='ocrx_word' id='word_1_273' title='bbox 1384 865 1445 895; x_wconf 79' lang='lat' dir='ltr'>spes</span> <span class='ocrx_word' id='word_1_274' title='bbox 1470 855 1598 886; x_wconf 82' lang='lat' dir='ltr'>nimirum</span> <span class='ocrx_word' id='word_1_275' title='bbox 1618 857 1645 886; x_wconf 94' lang='lat' dir='ltr'>in</span> <span class='ocrx_word' id='word_1_276' title='bbox 1657 860 1725 882; x_wconf 84' lang='lat' dir='ltr'><em>Rom.</em></span> <span class='ocrx_word' id='word_1_277' title='bbox 1741 859 1796 883; x_wconf 84' lang='lat'>5.5.</span> 
     </span>
    </p>
   </div>
   <div class='ocr_carea' id='block_1_10' title="bbox 902 899 1646 1033">
    <p class='ocr_par' dir='ltr' id='par_1_10' title="bbox 902 899 1646 1033">
     <span class='ocr_line' id='line_1_35' title="bbox 902 899 1646 943; baseline 0.007 -15"><span class='ocrx_word' id='word_1_278' title='bbox 902 899 1002 928; x_wconf 87' lang='lat' dir='ltr'>Deum.</span> <span class='ocrx_word' id='word_1_279' title='bbox 1014 900 1186 941; x_wconf 81' lang='lat' dir='ltr'>Impossibile</span> <span class='ocrx_word' id='word_1_280' title='bbox 1196 902 1268 931; x_wconf 87' lang='lat' dir='ltr'>enim</span> <span class='ocrx_word' id='word_1_281' title='bbox 1278 908 1328 940; x_wconf 87' lang='lat' dir='ltr'>est,</span> <span class='ocrx_word' id='word_1_282' title='bbox 1344 908 1373 931; x_wconf 86' lang='lat' dir='ltr'>ut</span> <span class='ocrx_word' id='word_1_283' title='bbox 1382 903 1463 931; x_wconf 83' lang='lat' dir='ltr'>finem</span> <span class='ocrx_word' id='word_1_284' title='bbox 1478 903 1646 943; x_wconf 83' lang='lat' dir='ltr'>propositum</span> 
     </span>
     <span class='ocr_line' id='line_1_36' title="bbox 902 945 1643 989; baseline 0.008 -16"><span class='ocrx_word' id='word_1_285' title='bbox 902 954 955 974; x_wconf 89' lang='lat' dir='ltr'>non</span> <span class='ocrx_word' id='word_1_286' title='bbox 968 945 1132 986; x_wconf 74' lang='lat' dir='ltr'>adipiscatur</span> <span class='ocrx_word' id='word_1_287' title='bbox 1143 947 1166 976; x_wconf 91' lang='lat' dir='ltr'>is</span> <span class='ocrx_word' id='word_1_288' title='bbox 1177 947 1225 986; x_wconf 85' lang='lat' dir='ltr'>qui</span> <span class='ocrx_word' id='word_1_289' title='bbox 1238 954 1293 977; x_wconf 75' lang='lat' dir='ltr'>tota</span> <span class='ocrx_word' id='word_1_290' title='bbox 1307 955 1394 977; x_wconf 87' lang='lat' dir='ltr'>mente</span> <span class='ocrx_word' id='word_1_291' title='bbox 1404 948 1431 977; x_wconf 87' lang='lat' dir='ltr'>in</span> <span class='ocrx_word' id='word_1_292' title='bbox 1444 951 1532 978; x_wconf 88' lang='lat' dir='ltr'>Deum</span> <span class='ocrx_word' id='word_1_293' title='bbox 1544 957 1643 989; x_wconf 84' lang='lat' dir='ltr'>sperat,</span> 
     </span>
     <span class='ocr_line' id='line_1_37' title="bbox 902 993 1645 1033; baseline 0.009 -14"><span class='ocrx_word' id='word_1_294' title='bbox 902 996 928 1019; x_wconf 84' lang='lat' dir='ltr'>et</span> <span class='ocrx_word' id='word_1_295' title='bbox 935 1001 993 1029; x_wconf 79' lang='lat' dir='ltr'>quae</span> <span class='ocrx_word' id='word_1_296' title='bbox 999 1002 1109 1021; x_wconf 87' lang='lat' dir='ltr'>suarum</span> <span class='ocrx_word' id='word_1_297' title='bbox 1119 1000 1182 1022; x_wconf 89' lang='lat' dir='ltr'>sunt</span> <span class='ocrx_word' id='word_1_298' title='bbox 1188 993 1305 1033; x_wconf 85' lang='lat' dir='ltr'>partium</span> <span class='ocrx_word' id='word_1_299' title='bbox 1314 1000 1421 1033; x_wconf 57' lang='lat' dir='ltr'>praestat</span> <span class='ocrx_word' id='word_1_300' title='bbox 1428 994 1527 1024; x_wconf 83' lang='lat' dir='ltr'>omnia.</span> <span class='ocrx_word' id='word_1_301' title='bbox 1541 996 1577 1026; x_wconf 86' lang='lat' dir='ltr'>Et</span> <span class='ocrx_word' id='word_1_302' title='bbox 1583 1006 1645 1026; x_wconf 87' lang='lat' dir='ltr'>rur-</span> 
     </span>
    </p>
   </div>
   <div class='ocr_carea' id='block_1_11' title="bbox 903 1037 1797 1080">
    <p class='ocr_par' dir='ltr' id='par_1_11' title="bbox 903 1037 1797 1080">
     <span class='ocr_line' id='line_1_38' title="bbox 903 1037 1797 1080; baseline 0.01 -16"><span class='ocrx_word' id='word_1_303' title='bbox 903 1046 959 1073; x_wconf 84' lang='lat' dir='ltr'>sus,</span> <span class='ocrx_word' id='word_1_304' title='bbox 968 1037 1081 1067; x_wconf 83' lang='lat' dir='ltr'>Fidelis</span> <span class='ocrx_word' id='word_1_305' title='bbox 1095 1044 1193 1067; x_wconf 83' lang='lat' dir='ltr'>autem</span> <span class='ocrx_word' id='word_1_306' title='bbox 1207 1040 1299 1076; x_wconf 85' lang='lat' dir='ltr'>Deus,</span> <span class='ocrx_word' id='word_1_307' title='bbox 1308 1041 1359 1079; x_wconf 85' lang='lat' dir='ltr'>qui</span> <span class='ocrx_word' id='word_1_308' title='bbox 1371 1051 1431 1069; x_wconf 86' lang='lat' dir='ltr'>non</span> <span class='ocrx_word' id='word_1_309' title='bbox 1450 1043 1579 1080; x_wconf 84' lang='lat' dir='ltr'>patietur</span> <span class='ocrx_word' id='word_1_310' title='bbox 1589 1053 1644 1072; x_wconf 87' lang='lat' dir='ltr'>vos</span> <span class='ocrx_word' id='word_1_311' title='bbox 1659 1055 1678 1071; x_wconf 88' lang='grc' dir='ltr'>ι-</span> <span class='ocrx_word' id='word_1_312' title='bbox 1691 1047 1744 1071; x_wconf 82' lang='lat' dir='ltr'>Cor·</span> <span class='ocrx_word' id='word_1_313' title='bbox 1759 1054 1797 1070; x_wconf 81' lang='lat'>10·</span> 
     </span>
    </p>
   </div>
   <div class='ocr_carea' id='block_1_12' title="bbox 904 1077 1695 1129">
    <p class='ocr_par' dir='ltr' id='par_1_12' title="bbox 904 1077 1695 1129">
     <span class='ocr_line' id='line_1_39' title="bbox 904 1077 1695 1129; baseline 0.01 -18"><span class='ocrx_word' id='word_1_314' title='bbox 904 1085 1011 1112; x_wconf 83' lang='lat' dir='ltr'>tentari</span> <span class='ocrx_word' id='word_1_315' title='bbox 1022 1094 1110 1123; x_wconf 85' lang='lat' dir='ltr'>supra</span> <span class='ocrx_word' id='word_1_316' title='bbox 1124 1085 1166 1121; x_wconf 86' lang='lat' dir='ltr'>id,</span> <span class='ocrx_word' id='word_1_317' title='bbox 1179 1086 1260 1125; x_wconf 79' lang='lat' dir='ltr'>quod</span> <span class='ocrx_word' id='word_1_318' title='bbox 1268 1087 1399 1125; x_wconf 80' lang='lat' dir='ltr'>potestis,</span> <span class='ocrx_word' id='word_1_319' title='bbox 1415 1087 1467 1116; x_wconf 87' lang='lat' dir='ltr'>sed</span> <span class='ocrx_word' id='word_1_320' title='bbox 1466 1088 1566 1129; x_wconf 78' lang='lat' dir='ltr'>faciet</span> <span class='ocrx_word' id='word_1_321' title='bbox 1578 1099 1644 1118; x_wconf 87' lang='lat' dir='ltr'>cum</span> <span class='ocrx_word' id='word_1_322' title='bbox 1659 1077 1695 1100; x_wconf 77' lang='lat'>¹3·</span> 
     </span>
    </p>
   </div>
   <div class='ocr_carea' id='block_1_13' title="bbox 81 1132 1645 1172">
    <p class='ocr_par' dir='ltr' id='par_1_13' title="bbox 81 1132 1645 1172">
     <span class='ocr_line' id='line_1_40' title="bbox 81 1132 1645 1172; baseline 0.003 -12"><span class='ocrx_word' id='word_1_323' title='bbox 81 1132 192 1171; x_wconf 76' lang='grc' dir='ltr'>καρδίαν</span> <span class='ocrx_word' id='word_1_324' title='bbox 201 1144 258 1168; x_wconf 85' lang='grc' dir='ltr'>σου,</span> <span class='ocrx_word' id='word_1_325' title='bbox 267 1133 312 1162; x_wconf 80' lang='grc' dir='ltr'>καὶ</span> <span class='ocrx_word' id='word_1_326' title='bbox 322 1132 496 1172; x_wconf 70' lang='grc' dir='ltr'>καρσέρησον,</span> <span class='ocrx_word' id='word_1_327' title='bbox 505 1132 549 1161; x_wconf 73' lang='grc' dir='ltr'>καὶ</span> <span class='ocrx_word' id='word_1_328' title='bbox 558 1132 595 1171; x_wconf 83' lang='grc' dir='ltr'>μὴ</span> <span class='ocrx_word' id='word_1_329' title='bbox 605 1132 720 1172; x_wconf 78' lang='grc' dir='ltr'>σπεύσῃς</span> <span class='ocrx_word' id='word_1_330' title='bbox 729 1133 755 1161; x_wconf 81' lang='grc' dir='ltr'>ἐν</span> <span class='ocrx_word' id='word_1_331' title='bbox 767 1132 851 1171; x_wconf 79' lang='grc' dir='ltr'>καιρῷ</span> <span class='ocrx_word' id='word_1_332' title='bbox 870 1139 888 1162; x_wconf 86' lang='lat'>1)</span> <span class='ocrx_word' id='word_1_333' title='bbox 904 1132 1063 1159; x_wconf 75' lang='lat' dir='ltr'>tentatione</span> <span class='ocrx_word' id='word_1_334' title='bbox 1072 1141 1124 1170; x_wconf 89' lang='lat' dir='ltr'>pro</span> <span class='ocrx_word' id='word_1_335' title='bbox 1129 1137 1254 1169; x_wconf 79' lang='lat' dir='ltr'>ventum,</span> <span class='ocrx_word' id='word_1_336' title='bbox 1269 1138 1302 1161; x_wconf 85' lang='lat' dir='ltr'>ut</span> <span class='ocrx_word' id='word_1_337' title='bbox 1310 1134 1427 1171; x_wconf 83' lang='lat' dir='ltr'>possitis</span> <span class='ocrx_word' id='word_1_338' title='bbox 1438 1136 1589 1165; x_wconf 81' lang='lat' dir='ltr'>sustinere.</span> <span class='ocrx_word' id='word_1_339' title='bbox 1601 1135 1645 1165; x_wconf 93' lang='lat' dir='ltr'>Id-</span> 
     </span>
    </p>
   </div>
   <div class='ocr_carea' id='block_1_14' title="bbox 81 1177 853 1632">
    <p class='ocr_par' dir='ltr' id='par_1_14' title="bbox 81 1177 853 1632">
     <span class='ocr_line' id='line_1_41' title="bbox 81 1177 852 1218; baseline 0.001 -12"><span class='ocrx_word' id='word_1_340' title='bbox 81 1178 231 1217; x_wconf 76' lang='grc' dir='ltr'>ἐπαγωγῆς.</span> <span class='ocrx_word' id='word_1_341' title='bbox 242 1178 395 1214; x_wconf 81' lang='grc' dir='ltr'>Κολλήθητι</span> <span class='ocrx_word' id='word_1_342' title='bbox 403 1179 484 1217; x_wconf 76' lang='grc' dir='ltr'>αὐτῷ,</span> <span class='ocrx_word' id='word_1_343' title='bbox 492 1177 537 1207; x_wconf 76' lang='grc' dir='ltr'>καὶ</span> <span class='ocrx_word' id='word_1_344' title='bbox 549 1178 586 1216; x_wconf 89' lang='grc' dir='ltr'>μὴ</span> <span class='ocrx_word' id='word_1_345' title='bbox 599 1180 725 1218; x_wconf 70' lang='grc' dir='ltr'>ἀποστῇς.</span> <span class='ocrx_word' id='word_1_346' title='bbox 734 1178 786 1207; x_wconf 82' lang='grc' dir='ltr'>Καὶ</span> <span class='ocrx_word' id='word_1_347' title='bbox 796 1177 852 1206; x_wconf 80' lang='grc' dir='ltr'>ἕτε-</span> 
     </span>
     <span class='ocr_line' id='line_1_42' title="bbox 83 1220 853 1264; baseline 0.001 -12"><span class='ocrx_word' id='word_1_348' title='bbox 83 1235 126 1263; x_wconf 86' lang='grc' dir='ltr'>ρος</span> <span class='ocrx_word' id='word_1_349' title='bbox 137 1228 260 1264; x_wconf 75' lang='grc' dir='ltr'>παραινεῖ</span> <span class='ocrx_word' id='word_1_350' title='bbox 270 1224 359 1264; x_wconf 84' lang='grc' dir='ltr'>λόγος·</span> <span class='ocrx_word' id='word_1_351' title='bbox 373 1224 408 1255; x_wconf 89' lang='grc' dir='ltr'>Ὁ</span> <span class='ocrx_word' id='word_1_352' title='bbox 421 1225 448 1253; x_wconf 84' lang='grc' dir='ltr'>δὲ</span> <span class='ocrx_word' id='word_1_353' title='bbox 462 1223 605 1262; x_wconf 83' lang='grc' dir='ltr'>ὑπομείνας</span> <span class='ocrx_word' id='word_1_354' title='bbox 618 1226 654 1258; x_wconf 86' lang='grc' dir='ltr'>εἰς</span> <span class='ocrx_word' id='word_1_355' title='bbox 671 1224 761 1260; x_wconf 81' lang='grc' dir='ltr'>τέλος,</span> <span class='ocrx_word' id='word_1_356' title='bbox 778 1220 853 1256; x_wconf 71' lang='grc' dir='ltr'>οὗτος</span> 
     </span>
     <span class='ocr_line' id='line_1_43' title="bbox 83 1269 851 1310; baseline 0.001 -12"><span class='ocrx_word' id='word_1_357' title='bbox 83 1269 240 1306; x_wconf 84' lang='grc' dir='ltr'>σωθήσεται.</span> <span class='ocrx_word' id='word_1_358' title='bbox 251 1271 345 1300; x_wconf 83' lang='grc' dir='ltr'>Ταῦτα</span> <span class='ocrx_word' id='word_1_359' title='bbox 359 1271 387 1301; x_wconf 83' lang='grc' dir='ltr'>δὲ</span> <span class='ocrx_word' id='word_1_360' title='bbox 397 1270 485 1300; x_wconf 80' lang='grc' dir='ltr'>πάντα</span> <span class='ocrx_word' id='word_1_361' title='bbox 496 1269 602 1304; x_wconf 83' lang='grc' dir='ltr'>κανόνες</span> <span class='ocrx_word' id='word_1_362' title='bbox 616 1270 668 1299; x_wconf 80' lang='grc' dir='ltr'>εἰσὶ</span> <span class='ocrx_word' id='word_1_363' title='bbox 679 1270 724 1299; x_wconf 77' lang='grc' dir='ltr'>καὶ</span> <span class='ocrx_word' id='word_1_364' title='bbox 740 1269 795 1310; x_wconf 80' lang='grc' dir='ltr'>ὅροι</span> <span class='ocrx_word' id='word_1_365' title='bbox 806 1269 851 1299; x_wconf 79' lang='grc' dir='ltr'>καὶ</span> 
     </span>
     <span class='ocr_line' id='line_1_44' title="bbox 82 1315 851 1356; baseline -0.003 -10"><span class='ocrx_word' id='word_1_366' title='bbox 82 1315 201 1355; x_wconf 79' lang='grc' dir='ltr'>δόγματα</span> <span class='ocrx_word' id='word_1_367' title='bbox 209 1315 337 1352; x_wconf 85' lang='grc' dir='ltr'>ἀκίνητα·</span> <span class='ocrx_word' id='word_1_368' title='bbox 346 1316 391 1346; x_wconf 89' lang='grc' dir='ltr'>καὶ</span> <span class='ocrx_word' id='word_1_369' title='bbox 401 1317 440 1346; x_wconf 85' lang='grc' dir='ltr'>δεῖ</span> <span class='ocrx_word' id='word_1_370' title='bbox 449 1319 527 1346; x_wconf 73' lang='grc' dir='ltr'>τοῦτο</span> <span class='ocrx_word' id='word_1_371' title='bbox 536 1316 684 1355; x_wconf 77' lang='grc' dir='ltr'>πεπηγέναι</span> <span class='ocrx_word' id='word_1_372' title='bbox 695 1317 722 1345; x_wconf 81' lang='grc' dir='ltr'>ἔν</span> <span class='ocrx_word' id='word_1_373' title='bbox 733 1318 767 1355; x_wconf 79' lang='grc' dir='ltr'>τῇ</span> <span class='ocrx_word' id='word_1_374' title='bbox 777 1317 851 1356; x_wconf 79' lang='grc' dir='ltr'>ψυχῇ</span> 
     </span>
     <span class='ocr_line' id='line_1_45' title="bbox 81 1361 853 1403; baseline 0 -13"><span class='ocrx_word' id='word_1_375' title='bbox 81 1363 116 1401; x_wconf 77' lang='grc' dir='ltr'>τῇ</span> <span class='ocrx_word' id='word_1_376' title='bbox 129 1361 256 1402; x_wconf 76' lang='grc' dir='ltr'>ἡμετέρᾳ,</span> <span class='ocrx_word' id='word_1_377' title='bbox 267 1361 309 1392; x_wconf 79' lang='grc' dir='ltr'>ὅτι</span> <span class='ocrx_word' id='word_1_378' title='bbox 319 1361 458 1403; x_wconf 75' lang='grc' dir='ltr'>ἀμήχανόν</span> <span class='ocrx_word' id='word_1_379' title='bbox 472 1374 531 1391; x_wconf 89' lang='grc' dir='ltr'>τινα</span> <span class='ocrx_word' id='word_1_380' title='bbox 542 1363 643 1402; x_wconf 81' lang='grc' dir='ltr'>σπουδῇ</span> <span class='ocrx_word' id='word_1_381' title='bbox 657 1361 794 1402; x_wconf 85' lang='grc' dir='ltr'>χρώμενον</span> <span class='ocrx_word' id='word_1_382' title='bbox 806 1361 853 1391; x_wconf 77' lang='grc' dir='ltr'>καὶ</span> 
     </span>
     <span class='ocr_line' id='line_1_46' title="bbox 82 1406 851 1448; baseline -0.001 -12"><span class='ocrx_word' id='word_1_383' title='bbox 82 1410 250 1447; x_wconf 78' lang='grc' dir='ltr'>μεριμνῶντα</span> <span class='ocrx_word' id='word_1_384' title='bbox 262 1408 329 1448; x_wconf 73' lang='grc' dir='ltr'>ὑπὲρ</span> <span class='ocrx_word' id='word_1_385' title='bbox 342 1411 390 1445; x_wconf 74' lang='grc' dir='ltr'>τῆς</span> <span class='ocrx_word' id='word_1_386' title='bbox 407 1410 501 1438; x_wconf 79' lang='grc' dir='ltr'>ἑαυτοῦ</span> <span class='ocrx_word' id='word_1_387' title='bbox 515 1407 661 1448; x_wconf 63' lang='grc' dir='ltr'>σωτηρίας,</span> <span class='ocrx_word' id='word_1_388' title='bbox 675 1407 720 1437; x_wconf 76' lang='grc' dir='ltr'>καὶ</span> <span class='ocrx_word' id='word_1_389' title='bbox 737 1406 771 1436; x_wconf 81' lang='grc' dir='ltr'>τὰ</span> <span class='ocrx_word' id='word_1_390' title='bbox 786 1409 851 1447; x_wconf 80' lang='grc' dir='ltr'>παρ’</span> 
     </span>
     <span class='ocr_line' id='line_1_47' title="bbox 81 1453 850 1495; baseline 0.003 -13"><span class='ocrx_word' id='word_1_391' title='bbox 81 1455 174 1483; x_wconf 82' lang='grc' dir='ltr'>ἑαυτοῦ</span> <span class='ocrx_word' id='word_1_392' title='bbox 187 1453 275 1483; x_wconf 79' lang='grc' dir='ltr'>πάντα</span> <span class='ocrx_word' id='word_1_393' title='bbox 294 1454 520 1494; x_wconf 78' lang='grc' dir='ltr'>ἐπιδεικνύμενον,</span> <span class='ocrx_word' id='word_1_394' title='bbox 534 1453 770 1495; x_wconf 81' lang='grc' dir='ltr'>ἔγκαταλειφθῆναί</span> <span class='ocrx_word' id='word_1_395' title='bbox 787 1465 850 1484; x_wconf 79' lang='grc' dir='ltr'>ποτε</span> 
     </span>
     <span class='ocr_line' id='line_1_48' title="bbox 81 1498 850 1541; baseline 0.001 -13"><span class='ocrx_word' id='word_1_396' title='bbox 81 1499 155 1540; x_wconf 75' lang='grc' dir='ltr'>παρὰ</span> <span class='ocrx_word' id='word_1_397' title='bbox 168 1502 214 1529; x_wconf 81' lang='grc' dir='ltr'>τοῦ</span> <span class='ocrx_word' id='word_1_398' title='bbox 227 1501 309 1530; x_wconf 81' lang='grc' dir='ltr'>Θεοῦ.</span> <span class='ocrx_word' id='word_1_399' title='bbox 330 1501 389 1530; x_wconf 80' lang='grc' dir='ltr'>Οὔκ</span> <span class='ocrx_word' id='word_1_400' title='bbox 403 1501 506 1534; x_wconf 84' lang='grc' dir='ltr'>ἀκούεις</span> <span class='ocrx_word' id='word_1_401' title='bbox 521 1500 548 1530; x_wconf 88' lang='grc' dir='ltr'>τί</span> <span class='ocrx_word' id='word_1_402' title='bbox 562 1512 627 1541; x_wconf 86' lang='grc' dir='ltr'>φησι</span> <span class='ocrx_word' id='word_1_403' title='bbox 646 1500 711 1541; x_wconf 86' lang='grc' dir='ltr'>πρὸς</span> <span class='ocrx_word' id='word_1_404' title='bbox 732 1500 777 1529; x_wconf 87' lang='grc' dir='ltr'>τὸν</span> <span class='ocrx_word' id='word_1_405' title='bbox 791 1498 850 1529; x_wconf 82' lang='grc' dir='ltr'>Πέ-</span> 
     </span>
     <span class='ocr_line' id='line_1_49' title="bbox 81 1545 852 1586; baseline -0.001 -10"><span class='ocrx_word' id='word_1_406' title='bbox 81 1557 158 1585; x_wconf 78' lang='grc' dir='ltr'>τρσν;</span> <span class='ocrx_word' id='word_1_407' title='bbox 178 1545 287 1585; x_wconf 80' lang='grc' dir='ltr'>Σίμων,</span> <span class='ocrx_word' id='word_1_408' title='bbox 309 1545 418 1584; x_wconf 84' lang='grc' dir='ltr'>Σίμων,</span> <span class='ocrx_word' id='word_1_409' title='bbox 437 1547 550 1580; x_wconf 81' lang='grc' dir='ltr'>ποσάκις</span> <span class='ocrx_word' id='word_1_410' title='bbox 570 1546 690 1586; x_wconf 78' lang='grc' dir='ltr'>ᾐτήσατο</span> <span class='ocrx_word' id='word_1_411' title='bbox 703 1548 718 1575; x_wconf 84' lang='grc' dir='ltr'>ὁ</span> <span class='ocrx_word' id='word_1_412' title='bbox 737 1551 852 1580; x_wconf 78' lang='grc' dir='ltr'>σατανᾶς</span> 
     </span>
     <span class='ocr_line' id='line_1_50' title="bbox 83 1590 849 1632; baseline 0.004 -13"><span class='ocrx_word' id='word_1_413' title='bbox 83 1590 198 1621; x_wconf 79' lang='grc' dir='ltr'>σινιάσαι</span> <span class='ocrx_word' id='word_1_414' title='bbox 210 1594 278 1631; x_wconf 75' lang='grc' dir='ltr'>ὑμᾶς</span> <span class='ocrx_word' id='word_1_415' title='bbox 293 1594 329 1626; x_wconf 81' lang='grc' dir='ltr'>ὡς</span> <span class='ocrx_word' id='word_1_416' title='bbox 339 1592 383 1622; x_wconf 82' lang='grc' dir='ltr'>τὸν</span> <span class='ocrx_word' id='word_1_417' title='bbox 397 1597 469 1622; x_wconf 89' lang='grc' dir='ltr'>σῖτον</span> <span class='ocrx_word' id='word_1_418' title='bbox 478 1616 487 1630; x_wconf 76' lang='lat'>,</span> <span class='ocrx_word' id='word_1_419' title='bbox 502 1592 577 1632; x_wconf 86' lang='grc' dir='ltr'>κάγὼ</span> <span class='ocrx_word' id='word_1_420' title='bbox 590 1593 699 1629; x_wconf 82' lang='grc' dir='ltr'>ἐδεήθην</span> <span class='ocrx_word' id='word_1_421' title='bbox 709 1593 771 1632; x_wconf 80' lang='grc' dir='ltr'>περὶ</span> <span class='ocrx_word' id='word_1_422' title='bbox 784 1595 831 1622; x_wconf 80' lang='grc' dir='ltr'>σοῦ</span> <span class='ocrx_word' id='word_1_423' title='bbox 841 1615 849 1629; x_wconf 95' lang='grc'>,</span> 
     </span>
    </p>
   </div>
   <div class='ocr_carea' id='block_1_15' title="bbox 902 1176 1797 1219">
    <p class='ocr_par' dir='ltr' id='par_1_15' title="bbox 902 1176 1797 1219">
     <span class='ocr_line' id='line_1_51' title="bbox 902 1176 1797 1219; baseline 0.007 -14"><span class='ocrx_word' id='word_1_424' title='bbox 902 1176 973 1206; x_wconf 85' lang='lat' dir='ltr'>circo</span> <span class='ocrx_word' id='word_1_425' title='bbox 992 1176 1117 1206; x_wconf 85' lang='lat' dir='ltr'>admonet</span> <span class='ocrx_word' id='word_1_426' title='bbox 1130 1177 1235 1217; x_wconf 87' lang='lat' dir='ltr'>sapiens</span> <span class='ocrx_word' id='word_1_427' title='bbox 1254 1178 1297 1207; x_wconf 85' lang='lat' dir='ltr'>vir</span> <span class='ocrx_word' id='word_1_428' title='bbox 1317 1178 1426 1217; x_wconf 78' lang='lat' dir='ltr'>qnidam</span> <span class='ocrx_word' id='word_1_429' title='bbox 1440 1180 1532 1211; x_wconf 78' lang='lat' dir='ltr'>dicens</span> <span class='ocrx_word' id='word_1_430' title='bbox 1546 1192 1553 1208; x_wconf 70' lang='grc' dir='ltr'>ι</span> <span class='ocrx_word' id='word_1_431' title='bbox 1571 1182 1645 1219; x_wconf 86' lang='lat' dir='ltr'>Fili,</span> <span class='ocrx_word' id='word_1_432' title='bbox 1657 1188 1730 1211; x_wconf 73' lang='lat' dir='ltr'>Ecca.</span> <span class='ocrx_word' id='word_1_433' title='bbox 1741 1195 1763 1212; x_wconf 78' lang='lat'>2.</span> <span class='ocrx_word' id='word_1_434' title='bbox 1778 1197 1797 1211; x_wconf 82' lang='grc' dir='ltr'>ι,</span> 
     </span>
    </p>
   </div>
   <div class='ocr_carea' id='block_1_16' title="bbox 903 1223 1681 1405">
    <p class='ocr_par' dir='ltr' id='par_1_16' title="bbox 903 1223 1681 1405">
     <span class='ocr_line' id='line_1_52' title="bbox 903 1223 1681 1266; baseline 0.008 -15"><span class='ocrx_word' id='word_1_435' title='bbox 903 1224 930 1251; x_wconf 84' lang='lat' dir='ltr'>si</span> <span class='ocrx_word' id='word_1_436' title='bbox 936 1223 1058 1252; x_wconf 81' lang='lat' dir='ltr'>accedas</span> <span class='ocrx_word' id='word_1_437' title='bbox 1072 1223 1114 1252; x_wconf 74' lang='lat' dir='ltr'>act</span> <span class='ocrx_word' id='word_1_438' title='bbox 1122 1225 1286 1254; x_wconf 84' lang='lat' dir='ltr'>servitutem</span> <span class='ocrx_word' id='word_1_439' title='bbox 1295 1224 1428 1263; x_wconf 83' lang='lat' dir='ltr'>Domini,</span> <span class='ocrx_word' id='word_1_440' title='bbox 1439 1235 1575 1266; x_wconf 84' lang='lat' dir='ltr'>proepara</span> <span class='ocrx_word' id='word_1_441' title='bbox 1583 1230 1644 1257; x_wconf 39' lang='lat' dir='ltr'>ani*</span> <span class='ocrx_word' id='word_1_442' title='bbox 1658 1227 1681 1242; x_wconf 81' lang='lat'>²‘</span> 
     </span>
     <span class='ocr_line' id='line_1_53' title="bbox 905 1269 1647 1311; baseline 0.009 -15"><span class='ocrx_word' id='word_1_443' title='bbox 905 1278 982 1297; x_wconf 87' lang='lat' dir='ltr'>mam</span> <span class='ocrx_word' id='word_1_444' title='bbox 996 1275 1076 1298; x_wconf 83' lang='lat' dir='ltr'>tuam</span> <span class='ocrx_word' id='word_1_445' title='bbox 1085 1269 1126 1298; x_wconf 87' lang='lat' dir='ltr'>ad</span> <span class='ocrx_word' id='word_1_446' title='bbox 1135 1272 1335 1300; x_wconf 75' lang='lat' dir='ltr'>tentationem.</span> <span class='ocrx_word' id='word_1_447' title='bbox 1348 1271 1506 1311; x_wconf 75' lang='lat' dir='ltr'>Din‘gecor</span> <span class='ocrx_word' id='word_1_448' title='bbox 1517 1278 1608 1311; x_wconf 77' lang='lat' dir='ltr'>tuum,</span> <span class='ocrx_word' id='word_1_449' title='bbox 1619 1281 1647 1303; x_wconf 90' lang='lat' dir='ltr'>et</span> 
     </span>
     <span class='ocr_line' id='line_1_54' title="bbox 903 1315 1644 1356; baseline 0.008 -13"><span class='ocrx_word' id='word_1_450' title='bbox 903 1316 1024 1352; x_wconf 76' lang='lat' dir='ltr'>sustine,</span> <span class='ocrx_word' id='word_1_451' title='bbox 1039 1321 1068 1344; x_wconf 87' lang='lat' dir='ltr'>et</span> <span class='ocrx_word' id='word_1_452' title='bbox 1080 1325 1117 1344; x_wconf 87' lang='lat' dir='ltr'>ne</span> <span class='ocrx_word' id='word_1_453' title='bbox 1123 1315 1253 1356; x_wconf 80' lang='lat' dir='ltr'>festines</span> <span class='ocrx_word' id='word_1_454' title='bbox 1266 1318 1434 1356; x_wconf 86' lang='lat' dir='ltr'>intempore</span> <span class='ocrx_word' id='word_1_455' title='bbox 1451 1319 1644 1350; x_wconf 80' lang='lat' dir='ltr'>obductionis.</span> 
     </span>
     <span class='ocr_line' id='line_1_55' title="bbox 906 1361 1648 1405; baseline 0.009 -16"><span class='ocrx_word' id='word_1_456' title='bbox 906 1361 1090 1401; x_wconf 72' lang='lat' dir='ltr'>conjungere</span> <span class='ocrx_word' id='word_1_457' title='bbox 1116 1362 1173 1399; x_wconf 87' lang='lat' dir='ltr'>illi,</span> <span class='ocrx_word' id='word_1_458' title='bbox 1195 1368 1222 1391; x_wconf 88' lang='lat' dir='ltr'>et</span> <span class='ocrx_word' id='word_1_459' title='bbox 1237 1373 1274 1392; x_wconf 82' lang='lat' dir='ltr'>ne</span> <span class='ocrx_word' id='word_1_460' title='bbox 1292 1364 1419 1393; x_wconf 81' lang='lat' dir='ltr'>recedas.</span> <span class='ocrx_word' id='word_1_461' title='bbox 1440 1364 1518 1394; x_wconf 87' lang='lat' dir='ltr'>Alius</span> <span class='ocrx_word' id='word_1_462' title='bbox 1541 1376 1648 1405; x_wconf 89' lang='lat' dir='ltr'>quoque</span> 
     </span>
    </p>
   </div>
   <div class='ocr_carea' id='block_1_17' title="bbox 904 1409 1797 1451">
    <p class='ocr_par' dir='ltr' id='par_1_17' title="bbox 904 1409 1797 1451">
     <span class='ocr_line' id='line_1_56' title="bbox 904 1409 1797 1451; baseline 0.007 -13"><span class='ocrx_word' id='word_1_463' title='bbox 904 1419 991 1438; x_wconf 82' lang='lat' dir='ltr'>sci-mo</span> <span class='ocrx_word' id='word_1_464' title='bbox 1005 1419 1053 1439; x_wconf 90' lang='lat' dir='ltr'>nos</span> <span class='ocrx_word' id='word_1_465' title='bbox 1068 1409 1193 1439; x_wconf 81' lang='lat' dir='ltr'>admonet</span> <span class='ocrx_word' id='word_1_466' title='bbox 1211 1422 1217 1438; x_wconf 90' lang='lat'><strong>:</strong></span> <span class='ocrx_word' id='word_1_467' title='bbox 1236 1410 1293 1449; x_wconf 85' lang='lat' dir='ltr'>Qui</span> <span class='ocrx_word' id='word_1_468' title='bbox 1305 1418 1402 1440; x_wconf 78' lang='lat' dir='ltr'>autem</span> <span class='ocrx_word' id='word_1_469' title='bbox 1422 1417 1647 1451; x_wconf 82' lang='lat' dir='ltr'>perseveraverit</span> <span class='ocrx_word' id='word_1_470' title='bbox 1660 1415 1745 1437; x_wconf 70' lang='lat' dir='ltr'>unuh.</span> <span class='ocrx_word' id='word_1_471' title='bbox 1762 1422 1797 1437; x_wconf 60' lang='lat'>¹01</span> 
     </span>
    </p>
   </div>
   <div class='ocr_carea' id='block_1_18' title="bbox 903 1452 1696 1495">
    <p class='ocr_par' dir='ltr' id='par_1_18' title="bbox 903 1452 1696 1495">
     <span class='ocr_line' id='line_1_57' title="bbox 903 1452 1696 1495; baseline 0.008 -11"><span class='ocrx_word' id='word_1_472' title='bbox 903 1457 1033 1495; x_wconf 84' lang='lat' dir='ltr'>usquein</span> <span class='ocrx_word' id='word_1_473' title='bbox 1036 1456 1145 1495; x_wconf 85' lang='lat' dir='ltr'>finem,</span> <span class='ocrx_word' id='word_1_474' title='bbox 1157 1457 1205 1485; x_wconf 80' lang='lat' dir='ltr'>hic</span> <span class='ocrx_word' id='word_1_475' title='bbox 1213 1457 1313 1486; x_wconf 81' lang='lat' dir='ltr'>salvus</span> <span class='ocrx_word' id='word_1_476' title='bbox 1323 1459 1388 1487; x_wconf 85' lang='lat' dir='ltr'>erit.</span> <span class='ocrx_word' id='word_1_477' title='bbox 1398 1459 1480 1488; x_wconf 88' lang='lat' dir='ltr'>Porro</span> <span class='ocrx_word' id='word_1_478' title='bbox 1490 1458 1547 1489; x_wconf 81' lang='lat' dir='ltr'>haec</span> <span class='ocrx_word' id='word_1_479' title='bbox 1558 1461 1647 1490; x_wconf 83' lang='lat' dir='ltr'>omnia</span> <span class='ocrx_word' id='word_1_480' title='bbox 1658 1452 1696 1468; x_wconf 53' lang='grc' dir='ltr'>Μ’</span> 
     </span>
    </p>
   </div>
   <div class='ocr_carea' id='block_1_19' title="bbox 902 1501 1648 1631">
    <p class='ocr_par' dir='ltr' id='par_1_19' title="bbox 902 1501 1648 1631">
     <span class='ocr_line' id='line_1_58' title="bbox 903 1501 1648 1545; baseline 0.011 -16"><span class='ocrx_word' id='word_1_481' title='bbox 903 1501 1002 1541; x_wconf 79' lang='lat' dir='ltr'>regulae</span> <span class='ocrx_word' id='word_1_482' title='bbox 1015 1507 1088 1538; x_wconf 88' lang='lat' dir='ltr'>sunt,</span> <span class='ocrx_word' id='word_1_483' title='bbox 1101 1502 1182 1541; x_wconf 85' lang='lat' dir='ltr'>leges,</span> <span class='ocrx_word' id='word_1_484' title='bbox 1193 1513 1223 1532; x_wconf 90' lang='lat' dir='ltr'>ac</span> <span class='ocrx_word' id='word_1_485' title='bbox 1234 1502 1339 1533; x_wconf 84' lang='lat' dir='ltr'>decreta</span> <span class='ocrx_word' id='word_1_486' title='bbox 1349 1503 1545 1545; x_wconf 69' lang='lat' dir='ltr'>immutabili-&#39;³5</span> <span class='ocrx_word' id='word_1_487' title='bbox 1560 1513 1586 1536; x_wconf 92' lang='lat' dir='ltr'>et</span> <span class='ocrx_word' id='word_1_488' title='bbox 1598 1507 1648 1537; x_wconf 90' lang='lat' dir='ltr'>hoc</span> 
     </span>
     <span class='ocr_line' id='line_1_59' title="bbox 902 1544 1647 1591; baseline 0.009 -17"><span class='ocrx_word' id='word_1_489' title='bbox 902 1544 930 1574; x_wconf 92' lang='lat' dir='ltr'>in</span> <span class='ocrx_word' id='word_1_490' title='bbox 945 1552 1033 1575; x_wconf 85' lang='lat' dir='ltr'>mente</span> <span class='ocrx_word' id='word_1_491' title='bbox 1045 1553 1130 1576; x_wconf 83' lang='lat' dir='ltr'>vestra</span> <span class='ocrx_word' id='word_1_492' title='bbox 1145 1547 1179 1576; x_wconf 86' lang='lat' dir='ltr'>sit</span> <span class='ocrx_word' id='word_1_493' title='bbox 1194 1547 1279 1577; x_wconf 84' lang='lat' dir='ltr'>fixum</span> <span class='ocrx_word' id='word_1_494' title='bbox 1291 1555 1404 1587; x_wconf 84' lang='lat' dir='ltr'>oportet,</span> <span class='ocrx_word' id='word_1_495' title='bbox 1420 1550 1479 1579; x_wconf 80' lang='lat' dir='ltr'>fieri</span> <span class='ocrx_word' id='word_1_496' title='bbox 1493 1561 1545 1580; x_wconf 93' lang='lat' dir='ltr'>non</span> <span class='ocrx_word' id='word_1_497' title='bbox 1559 1562 1647 1591; x_wconf 84' lang='lat' dir='ltr'>posse,</span> 
     </span>
     <span class='ocr_line' id='line_1_60' title="bbox 903 1591 1648 1631; baseline 0.009 -12"><span class='ocrx_word' id='word_1_498' title='bbox 903 1592 991 1630; x_wconf 87' lang='lat' dir='ltr'>utqui</span> <span class='ocrx_word' id='word_1_499' title='bbox 1003 1591 1123 1622; x_wconf 83' lang='lat' dir='ltr'>studium</span> <span class='ocrx_word' id='word_1_500' title='bbox 1135 1592 1272 1631; x_wconf 76' lang='lat' dir='ltr'>adhibeat,</span> <span class='ocrx_word' id='word_1_501' title='bbox 1284 1601 1309 1623; x_wconf 94' lang='lat' dir='ltr'>et</span> <span class='ocrx_word' id='word_1_502' title='bbox 1322 1593 1356 1624; x_wconf 88' lang='lat' dir='ltr'>de</span> <span class='ocrx_word' id='word_1_503' title='bbox 1369 1605 1417 1624; x_wconf 86' lang='lat' dir='ltr'>sua</span> <span class='ocrx_word' id='word_1_504' title='bbox 1431 1595 1517 1625; x_wconf 81' lang='lat' dir='ltr'>salute</span> <span class='ocrx_word' id='word_1_505' title='bbox 1526 1596 1560 1626; x_wconf 89' lang='lat' dir='ltr'>sit</span> <span class='ocrx_word' id='word_1_506' title='bbox 1571 1597 1648 1626; x_wconf 85' lang='lat' dir='ltr'>solli-</span> 
     </span>
    </p>
   </div>
   <div class='ocr_carea' id='block_1_20' title="bbox 81 1637 1647 1682">
    <p class='ocr_par' dir='ltr' id='par_1_20' title="bbox 81 1637 1647 1682">
     <span class='ocr_line' id='line_1_61' title="bbox 81 1637 1647 1682; baseline 0.005 -17"><span class='ocrx_word' id='word_1_507' title='bbox 81 1637 124 1665; x_wconf 74' lang='grc' dir='ltr'>ἵνα</span> <span class='ocrx_word' id='word_1_508' title='bbox 139 1637 177 1676; x_wconf 76' lang='grc' dir='ltr'>μὴ</span> <span class='ocrx_word' id='word_1_509' title='bbox 189 1637 297 1678; x_wconf 56' lang='lat' dir='ltr'>taxatam</span> <span class='ocrx_word' id='word_1_510' title='bbox 312 1640 331 1673; x_wconf 82' lang='grc' dir='ltr'>ἡ</span> <span class='ocrx_word' id='word_1_511' title='bbox 343 1637 431 1671; x_wconf 83' lang='grc' dir='ltr'>πίστις</span> <span class='ocrx_word' id='word_1_512' title='bbox 442 1650 497 1668; x_wconf 88' lang='grc' dir='ltr'>σου.</span> <span class='ocrx_word' id='word_1_513' title='bbox 507 1637 592 1668; x_wconf 84' lang='grc' dir='ltr'>Ὅταν</span> <span class='ocrx_word' id='word_1_514' title='bbox 605 1640 651 1677; x_wconf 84' lang='grc' dir='ltr'>μὲν</span> <span class='ocrx_word' id='word_1_515' title='bbox 665 1639 719 1679; x_wconf 82' lang='grc' dir='ltr'>γὰρ</span> <span class='ocrx_word' id='word_1_516' title='bbox 730 1639 773 1678; x_wconf 78' lang='grc' dir='ltr'>ἴδῃ</span> <span class='ocrx_word' id='word_1_517' title='bbox 784 1638 797 1655; x_wconf 77' lang='lat'>¹²</span> <span class='ocrx_word' id='word_1_518' title='bbox 806 1638 851 1668; x_wconf 85' lang='grc' dir='ltr'>τὸν</span> <span class='ocrx_word' id='word_1_519' title='bbox 869 1643 887 1667; x_wconf 78' lang='grc' dir='ltr'>Ε</span> <span class='ocrx_word' id='word_1_520' title='bbox 904 1637 984 1674; x_wconf 86' lang='lat' dir='ltr'>citus,</span> <span class='ocrx_word' id='word_1_521' title='bbox 1002 1644 1029 1666; x_wconf 90' lang='lat' dir='ltr'>et</span> <span class='ocrx_word' id='word_1_522' title='bbox 1049 1638 1138 1668; x_wconf 87' lang='lat' dir='ltr'>omnia</span> <span class='ocrx_word' id='word_1_523' title='bbox 1152 1649 1211 1678; x_wconf 81' lang='lat' dir='ltr'>quoe</span> <span class='ocrx_word' id='word_1_524' title='bbox 1225 1650 1336 1669; x_wconf 90' lang='lat' dir='ltr'>suarum</span> <span class='ocrx_word' id='word_1_525' title='bbox 1357 1647 1420 1670; x_wconf 90' lang='lat' dir='ltr'>sunt</span> <span class='ocrx_word' id='word_1_526' title='bbox 1441 1642 1558 1682; x_wconf 86' lang='lat' dir='ltr'>partium</span> <span class='ocrx_word' id='word_1_527' title='bbox 1572 1654 1647 1673; x_wconf 85' lang='lat' dir='ltr'>exse—</span> 
     </span>
    </p>
   </div>
   <div class='ocr_carea' id='block_1_21' title="bbox 80 1682 852 2002">
    <p class='ocr_par' dir='ltr' id='par_1_21' title="bbox 80 1682 852 2002">
     <span class='ocr_line' id='line_1_62' title="bbox 82 1682 852 1725; baseline 0.003 -13"><span class='ocrx_word' id='word_1_528' title='bbox 82 1682 176 1722; x_wconf 84' lang='grc' dir='ltr'>φόρτον</span> <span class='ocrx_word' id='word_1_529' title='bbox 198 1684 280 1722; x_wconf 84' lang='grc' dir='ltr'>μείζω</span> <span class='ocrx_word' id='word_1_530' title='bbox 301 1686 348 1720; x_wconf 80' lang='grc' dir='ltr'>τῆς</span> <span class='ocrx_word' id='word_1_531' title='bbox 367 1683 499 1723; x_wconf 79' lang='grc' dir='ltr'>ἡμετέρας</span> <span class='ocrx_word' id='word_1_532' title='bbox 520 1684 654 1723; x_wconf 82' lang='grc' dir='ltr'>δυνάμεως</span> <span class='ocrx_word' id='word_1_533' title='bbox 674 1685 752 1721; x_wconf 82' lang='grc' dir='ltr'>ὄντα,</span> <span class='ocrx_word' id='word_1_534' title='bbox 767 1684 852 1725; x_wconf 78' lang='grc' dir='ltr'>ὀρέγει</span> 
     </span>
     <span class='ocr_line' id='line_1_63' title="bbox 80 1729 850 1770; baseline 0.001 -12"><span class='ocrx_word' id='word_1_535' title='bbox 80 1733 176 1769; x_wconf 78' lang='grc' dir='ltr'>χεῖρα,</span> <span class='ocrx_word' id='word_1_536' title='bbox 194 1729 239 1759; x_wconf 82' lang='grc' dir='ltr'>καὶ</span> <span class='ocrx_word' id='word_1_537' title='bbox 262 1729 424 1770; x_wconf 78' lang='grc' dir='ltr'>ἐπικουφίζει</span> <span class='ocrx_word' id='word_1_538' title='bbox 444 1730 488 1759; x_wconf 83' lang='grc' dir='ltr'>τὸν</span> <span class='ocrx_word' id='word_1_539' title='bbox 508 1730 671 1770; x_wconf 87' lang='grc' dir='ltr'>πειρασμόν·</span> <span class='ocrx_word' id='word_1_540' title='bbox 685 1730 747 1759; x_wconf 76' lang='grc' dir='ltr'>ὅταν</span> <span class='ocrx_word' id='word_1_541' title='bbox 766 1730 792 1759; x_wconf 83' lang='grc' dir='ltr'>δὲ</span> <span class='ocrx_word' id='word_1_542' title='bbox 806 1730 850 1770; x_wconf 78' lang='grc' dir='ltr'>ἴδῃ</span> 
     </span>
     <span class='ocr_line' id='line_1_64' title="bbox 81 1776 850 1817; baseline 0 -11"><span class='ocrx_word' id='word_1_543' title='bbox 81 1776 107 1811; x_wconf 80' lang='grc' dir='ltr'>ἐξ</span> <span class='ocrx_word' id='word_1_544' title='bbox 119 1776 216 1810; x_wconf 80' lang='grc' dir='ltr'>οἰκείας</span> <span class='ocrx_word' id='word_1_545' title='bbox 227 1776 355 1817; x_wconf 78' lang='grc' dir='ltr'>ῥᾳθυμίας</span> <span class='ocrx_word' id='word_1_546' title='bbox 366 1776 411 1806; x_wconf 73' lang='grc' dir='ltr'>καὶ</span> <span class='ocrx_word' id='word_1_547' title='bbox 429 1776 568 1817; x_wconf 81' lang='grc' dir='ltr'>ὀλιγωρίας</span> <span class='ocrx_word' id='word_1_548' title='bbox 584 1776 631 1813; x_wconf 82' lang='grc' dir='ltr'>τὴν</span> <span class='ocrx_word' id='word_1_549' title='bbox 645 1776 743 1806; x_wconf 77' lang='grc' dir='ltr'>οἰκείαν</span> <span class='ocrx_word' id='word_1_550' title='bbox 757 1777 850 1817; x_wconf 82' lang='grc' dir='ltr'>προδι-</span> 
     </span>
     <span class='ocr_line' id='line_1_65' title="bbox 81 1822 850 1863; baseline 0 -11"><span class='ocrx_word' id='word_1_551' title='bbox 81 1823 173 1857; x_wconf 80' lang='grc' dir='ltr'>δόντας</span> <span class='ocrx_word' id='word_1_552' title='bbox 199 1823 350 1863; x_wconf 72' lang='grc' dir='ltr'>σιιπηρίαν,</span> <span class='ocrx_word' id='word_1_553' title='bbox 378 1822 423 1853; x_wconf 87' lang='grc' dir='ltr'>καὶ</span> <span class='ocrx_word' id='word_1_554' title='bbox 450 1823 488 1862; x_wconf 80' lang='grc' dir='ltr'>μὴ</span> <span class='ocrx_word' id='word_1_555' title='bbox 522 1822 695 1863; x_wconf 80' lang='grc' dir='ltr'>βουλομένους</span> <span class='ocrx_word' id='word_1_556' title='bbox 718 1825 850 1859; x_wconf 78' lang='grc' dir='ltr'>σωθῆναι,</span> 
     </span>
     <span class='ocr_line' id='line_1_66' title="bbox 80 1868 850 1910; baseline 0 -12"><span class='ocrx_word' id='word_1_557' title='bbox 80 1868 174 1908; x_wconf 75' lang='grc' dir='ltr'>ἀφίησι</span> <span class='ocrx_word' id='word_1_558' title='bbox 187 1868 233 1898; x_wconf 83' lang='grc' dir='ltr'>καὶ</span> <span class='ocrx_word' id='word_1_559' title='bbox 250 1869 486 1909; x_wconf 76' lang='grc' dir='ltr'>ἐγκαταλιμπάνει.</span> <span class='ocrx_word' id='word_1_560' title='bbox 501 1871 541 1900; x_wconf 85' lang='grc' dir='ltr'>Οὖ</span> <span class='ocrx_word' id='word_1_561' title='bbox 562 1869 614 1910; x_wconf 82' lang='grc' dir='ltr'>γὰρ</span> <span class='ocrx_word' id='word_1_562' title='bbox 635 1869 769 1909; x_wconf 83' lang='grc' dir='ltr'>βιάζεται,</span> <span class='ocrx_word' id='word_1_563' title='bbox 791 1868 850 1899; x_wconf 77' lang='grc' dir='ltr'>οὐδὲ</span> 
     </span>
     <span class='ocr_line' id='line_1_67' title="bbox 80 1914 849 1955; baseline 0 -11"><span class='ocrx_word' id='word_1_564' title='bbox 80 1914 236 1954; x_wconf 79' lang='grc' dir='ltr'>ἀναγκάζει,</span> <span class='ocrx_word' id='word_1_565' title='bbox 258 1914 303 1945; x_wconf 77' lang='grc' dir='ltr'>καὶ</span> <span class='ocrx_word' id='word_1_566' title='bbox 329 1915 394 1955; x_wconf 61' lang='grc' dir='ltr'>ὅπερ</span> <span class='ocrx_word' id='word_1_567' title='bbox 418 1915 462 1945; x_wconf 74' lang='grc' dir='ltr'>ἐπὶ</span> <span class='ocrx_word' id='word_1_568' title='bbox 484 1917 532 1951; x_wconf 80' lang='grc' dir='ltr'>τῆς</span> <span class='ocrx_word' id='word_1_569' title='bbox 556 1915 727 1949; x_wconf 86' lang='grc' dir='ltr'>διδασκαλίας</span> <span class='ocrx_word' id='word_1_570' title='bbox 751 1915 849 1951; x_wconf 83' lang='grc' dir='ltr'>ἐποίει,</span> 
     </span>
     <span class='ocr_line' id='line_1_68' title="bbox 80 1961 851 2002; baseline 0 -12"><span class='ocrx_word' id='word_1_571' title='bbox 80 1963 159 1990; x_wconf 81' lang='grc' dir='ltr'>τοῦτο</span> <span class='ocrx_word' id='word_1_572' title='bbox 177 1961 222 1990; x_wconf 76' lang='grc' dir='ltr'>καὶ</span> <span class='ocrx_word' id='word_1_573' title='bbox 244 1962 355 1990; x_wconf 72' lang='grc' dir='ltr'>ἐνταῦθα</span> <span class='ocrx_word' id='word_1_574' title='bbox 372 1961 484 2001; x_wconf 89' lang='grc' dir='ltr'>γίνεται.</span> <span class='ocrx_word' id='word_1_575' title='bbox 508 1961 636 2002; x_wconf 75' lang='grc' dir='ltr'>Καθάπερ</span> <span class='ocrx_word' id='word_1_576' title='bbox 654 1961 705 2001; x_wconf 79' lang='grc' dir='ltr'>γὰρ</span> <span class='ocrx_word' id='word_1_577' title='bbox 722 1962 776 1991; x_wconf 82' lang='grc' dir='ltr'>ἐκεῖ</span> <span class='ocrx_word' id='word_1_578' title='bbox 791 1961 851 1995; x_wconf 81' lang='grc' dir='ltr'>τοὺς</span> 
     </span>
    </p>
   </div>
   <div class='ocr_carea' id='block_1_22' title="bbox 903 1685 1647 1724">
    <p class='ocr_par' dir='ltr' id='par_1_22' title="bbox 903 1685 1647 1724">
     <span class='ocr_line' id='line_1_69' title="bbox 903 1685 1647 1724; baseline 0.008 -11"><span class='ocrx_word' id='word_1_579' title='bbox 903 1691 1014 1723; x_wconf 87' lang='lat' dir='ltr'>quatur,</span> <span class='ocrx_word' id='word_1_580' title='bbox 1031 1685 1054 1714; x_wconf 91' lang='lat' dir='ltr'>is</span> <span class='ocrx_word' id='word_1_581' title='bbox 1071 1695 1199 1724; x_wconf 87' lang='lat' dir='ltr'>umquam</span> <span class='ocrx_word' id='word_1_582' title='bbox 1218 1696 1234 1714; x_wconf 92' lang='lat' dir='ltr'>a</span> <span class='ocrx_word' id='word_1_583' title='bbox 1260 1686 1317 1715; x_wconf 84' lang='lat' dir='ltr'>Deo</span> <span class='ocrx_word' id='word_1_584' title='bbox 1332 1686 1480 1717; x_wconf 78' lang='lat' dir='ltr'>deseratur.</span> <span class='ocrx_word' id='word_1_585' title='bbox 1495 1690 1555 1718; x_wconf 90' lang='lat' dir='ltr'>Non</span> <span class='ocrx_word' id='word_1_586' title='bbox 1570 1689 1647 1719; x_wconf 88' lang='lat' dir='ltr'>audis</span> 
     </span>
    </p>
   </div>
   <div class='ocr_carea' id='block_1_23' title="bbox 902 1729 1798 1774">
    <p class='ocr_par' dir='ltr' id='par_1_23' title="bbox 902 1729 1798 1774">
     <span class='ocr_line' id='line_1_70' title="bbox 902 1729 1798 1774; baseline 0.009 -16"><span class='ocrx_word' id='word_1_587' title='bbox 902 1730 970 1769; x_wconf 84' lang='lat' dir='ltr'>quid</span> <span class='ocrx_word' id='word_1_588' title='bbox 981 1731 1058 1760; x_wconf 84' lang='lat' dir='ltr'>Petro</span> <span class='ocrx_word' id='word_1_589' title='bbox 1068 1729 1140 1760; x_wconf 79' lang='lat' dir='ltr'>dicat</span> <span class='ocrx_word' id='word_1_590' title='bbox 1149 1730 1164 1759; x_wconf 67' lang='grc' dir='ltr'><strong><em>Ρ</em></strong></span> <span class='ocrx_word' id='word_1_591' title='bbox 1176 1731 1402 1769; x_wconf 83' lang='lat' dir='ltr'>Simon,Simon,</span> <span class='ocrx_word' id='word_1_592' title='bbox 1415 1735 1528 1772; x_wconf 80' lang='lat' dir='ltr'>quoties</span> <span class='ocrx_word' id='word_1_593' title='bbox 1538 1737 1647 1774; x_wconf 70' lang='lat' dir='ltr'>expeti-</span> <span class='ocrx_word' id='word_1_594' title='bbox 1656 1744 1798 1767; x_wconf 75' lang='lat' dir='ltr'>Luc.22.3r.</span> 
     </span>
    </p>
   </div>
   <div class='ocr_carea' id='block_1_24' title="bbox 903 1773 1697 2003">
    <p class='ocr_par' dir='ltr' id='par_1_24' title="bbox 903 1773 1697 2003">
     <span class='ocr_line' id='line_1_71' title="bbox 905 1773 1697 1822; baseline 0.008 -17"><span class='ocrx_word' id='word_1_595' title='bbox 905 1778 945 1806; x_wconf 83' lang='lat' dir='ltr'>vit</span> <span class='ocrx_word' id='word_1_596' title='bbox 958 1782 1089 1813; x_wconf 79' lang='lat' dir='ltr'>satanas,</span> <span class='ocrx_word' id='word_1_597' title='bbox 1102 1783 1133 1806; x_wconf 85' lang='lat' dir='ltr'>ut</span> <span class='ocrx_word' id='word_1_598' title='bbox 1143 1778 1283 1807; x_wconf 77' lang='lat' dir='ltr'>cribraret</span> <span class='ocrx_word' id='word_1_599' title='bbox 1290 1788 1344 1808; x_wconf 81' lang='lat' dir='ltr'>vos</span> <span class='ocrx_word' id='word_1_600' title='bbox 1358 1780 1433 1808; x_wconf 86' lang='lat' dir='ltr'>sicut</span> <span class='ocrx_word' id='word_1_601' title='bbox 1443 1780 1570 1810; x_wconf 80' lang='lat' dir='ltr'>triticum</span> <span class='ocrx_word' id='word_1_602' title='bbox 1579 1791 1647 1822; x_wconf 83' lang='lat' dir='ltr'>:ego</span> <span class='ocrx_word' id='word_1_603' title='bbox 1657 1773 1697 1796; x_wconf 69' lang='lat'>³²⁴</span> 
     </span>
     <span class='ocr_line' id='line_1_72' title="bbox 903 1824 1645 1866; baseline 0.009 -15"><span class='ocrx_word' id='word_1_604' title='bbox 903 1829 1001 1852; x_wconf 84' lang='lat' dir='ltr'>autem</span> <span class='ocrx_word' id='word_1_605' title='bbox 1022 1824 1105 1852; x_wconf 74' lang='lat' dir='ltr'>oravi</span> <span class='ocrx_word' id='word_1_606' title='bbox 1124 1834 1177 1862; x_wconf 88' lang='lat' dir='ltr'>pro</span> <span class='ocrx_word' id='word_1_607' title='bbox 1192 1829 1229 1860; x_wconf 82' lang='lat' dir='ltr'>te,</span> <span class='ocrx_word' id='word_1_608' title='bbox 1246 1830 1278 1853; x_wconf 82' lang='lat' dir='ltr'>ut</span> <span class='ocrx_word' id='word_1_609' title='bbox 1293 1835 1353 1853; x_wconf 89' lang='lat' dir='ltr'>non</span> <span class='ocrx_word' id='word_1_610' title='bbox 1366 1825 1483 1865; x_wconf 86' lang='lat' dir='ltr'>deficiat</span> <span class='ocrx_word' id='word_1_611' title='bbox 1491 1826 1568 1866; x_wconf 75' lang='lat' dir='ltr'>fides</span> <span class='ocrx_word' id='word_1_612' title='bbox 1582 1834 1645 1858; x_wconf 81' lang='lat' dir='ltr'>tua.</span> 
     </span>
     <span class='ocr_line' id='line_1_73' title="bbox 903 1868 1645 1912; baseline 0.008 -14"><span class='ocrx_word' id='word_1_613' title='bbox 903 1869 973 1898; x_wconf 85' lang='lat' dir='ltr'>Nam</span> <span class='ocrx_word' id='word_1_614' title='bbox 986 1878 1048 1898; x_wconf 90' lang='lat' dir='ltr'>cum</span> <span class='ocrx_word' id='word_1_615' title='bbox 1063 1868 1167 1899; x_wconf 80' lang='lat' dir='ltr'>viribus</span> <span class='ocrx_word' id='word_1_616' title='bbox 1178 1869 1275 1900; x_wconf 83' lang='lat' dir='ltr'>nostris</span> <span class='ocrx_word' id='word_1_617' title='bbox 1286 1881 1343 1900; x_wconf 87' lang='lat' dir='ltr'>esse</span> <span class='ocrx_word' id='word_1_618' title='bbox 1356 1872 1443 1912; x_wconf 83' lang='lat' dir='ltr'>majus</span> <span class='ocrx_word' id='word_1_619' title='bbox 1454 1872 1553 1903; x_wconf 83' lang='lat' dir='ltr'>viderit</span> <span class='ocrx_word' id='word_1_620' title='bbox 1566 1884 1645 1912; x_wconf 87' lang='lat' dir='ltr'>onus,</span> 
     </span>
     <span class='ocr_line' id='line_1_74' title="bbox 903 1914 1644 1956; baseline 0.008 -12"><span class='ocrx_word' id='word_1_621' title='bbox 903 1925 1012 1944; x_wconf 86' lang='lat' dir='ltr'>manum</span> <span class='ocrx_word' id='word_1_622' title='bbox 1024 1914 1150 1956; x_wconf 83' lang='lat' dir='ltr'>porrigit,</span> <span class='ocrx_word' id='word_1_623' title='bbox 1164 1926 1194 1946; x_wconf 89' lang='lat' dir='ltr'>ae</span> <span class='ocrx_word' id='word_1_624' title='bbox 1208 1917 1379 1946; x_wconf 84' lang='lat' dir='ltr'>tentationem</span> <span class='ocrx_word' id='word_1_625' title='bbox 1393 1917 1483 1948; x_wconf 87' lang='lat' dir='ltr'>reddit</span> <span class='ocrx_word' id='word_1_626' title='bbox 1494 1918 1623 1950; x_wconf 85' lang='lat' dir='ltr'>leviorem</span> <span class='ocrx_word' id='word_1_627' title='bbox 1637 1932 1644 1949; x_wconf 89' lang='lat'>:</span> 
     </span>
     <span class='ocr_line' id='line_1_75' title="bbox 904 1962 1648 2003; baseline 0.009 -13"><span class='ocrx_word' id='word_1_628' title='bbox 904 1972 966 1991; x_wconf 86' lang='lat' dir='ltr'>cum</span> <span class='ocrx_word' id='word_1_629' title='bbox 977 1971 1041 1991; x_wconf 81' lang='lat' dir='ltr'>vero</span> <span class='ocrx_word' id='word_1_630' title='bbox 1053 1971 1102 1992; x_wconf 88' lang='lat' dir='ltr'>nos</span> <span class='ocrx_word' id='word_1_631' title='bbox 1115 1972 1149 1991; x_wconf 82' lang='lat' dir='ltr'>ex</span> <span class='ocrx_word' id='word_1_632' title='bbox 1158 1962 1267 2002; x_wconf 87' lang='lat' dir='ltr'>propria</span> <span class='ocrx_word' id='word_1_633' title='bbox 1278 1963 1439 2003; x_wconf 80' lang='lat' dir='ltr'>negligentia</span> <span class='ocrx_word' id='word_1_634' title='bbox 1450 1964 1550 1995; x_wconf 85' lang='lat' dir='ltr'>viderit</span> <span class='ocrx_word' id='word_1_635' title='bbox 1559 1977 1589 1996; x_wconf 85' lang='lat' dir='ltr'>ac</span> <span class='ocrx_word' id='word_1_636' title='bbox 1603 1966 1648 1997; x_wconf 78' lang='lat' dir='ltr'>de—</span> 
     </span>
    </p>
   </div>
   <div class='ocr_carea' id='block_1_25' title="bbox 83 2003 1648 2053">
    <p class='ocr_par' dir='ltr' id='par_1_25' title="bbox 83 2003 1648 2053">
     <span class='ocr_line' id='line_1_76' title="bbox 83 2003 1648 2053; baseline 0.004 -17"><span class='ocrx_word' id='word_1_637' title='bbox 83 2006 120 2045; x_wconf 80' lang='grc' dir='ltr'>μὴ</span> <span class='ocrx_word' id='word_1_638' title='bbox 136 2006 258 2041; x_wconf 82' lang='grc' dir='ltr'>θέλοντας</span> <span class='ocrx_word' id='word_1_639' title='bbox 270 2006 384 2044; x_wconf 81' lang='grc' dir='ltr'>ἀκούειν,</span> <span class='ocrx_word' id='word_1_640' title='bbox 399 2008 458 2036; x_wconf 85' lang='grc' dir='ltr'>ἀλλ’</span> <span class='ocrx_word' id='word_1_641' title='bbox 469 2008 663 2044; x_wconf 80' lang='grc' dir='ltr'>ἀποπηδῶντας</span> <span class='ocrx_word' id='word_1_642' title='bbox 668 2028 677 2043; x_wconf 89' lang='grc'>,</span> <span class='ocrx_word' id='word_1_643' title='bbox 687 2009 737 2047; x_wconf 77' lang='grc' dir='ltr'>οὔχ</span> <span class='ocrx_word' id='word_1_644' title='bbox 749 2003 849 2043; x_wconf 79' lang='grc' dir='ltr'>εἷλκεν,</span> <span class='ocrx_word' id='word_1_645' title='bbox 861 2030 897 2049; x_wconf 63' lang='lat'>,⁶7</span> <span class='ocrx_word' id='word_1_646' title='bbox 904 2007 971 2053; x_wconf 69' lang='lat' dir='ltr'>sidia</span> <span class='ocrx_word' id='word_1_647' title='bbox 992 2008 1129 2048; x_wconf 84' lang='lat' dir='ltr'>propriam</span> <span class='ocrx_word' id='word_1_648' title='bbox 1148 2009 1262 2038; x_wconf 83' lang='lat' dir='ltr'>salutem</span> <span class='ocrx_word' id='word_1_649' title='bbox 1275 2009 1401 2049; x_wconf 84' lang='lat' dir='ltr'>prodere,</span> <span class='ocrx_word' id='word_1_650' title='bbox 1417 2021 1502 2050; x_wconf 86' lang='lat' dir='ltr'>neque</span> <span class='ocrx_word' id='word_1_651' title='bbox 1514 2012 1584 2042; x_wconf 86' lang='lat' dir='ltr'>velle</span> <span class='ocrx_word' id='word_1_652' title='bbox 1597 2013 1648 2042; x_wconf 73' lang='lat' dir='ltr'>sal-</span> 
     </span>
    </p>
   </div>
   <div class='ocr_carea' id='block_1_26' title="bbox 83 2052 1798 2096">
    <p class='ocr_par' dir='ltr' id='par_1_26' title="bbox 83 2052 1798 2096">
     <span class='ocr_line' id='line_1_77' title="bbox 83 2052 1798 2096; baseline 0.005 -14"><span class='ocrx_word' id='word_1_653' title='bbox 83 2052 142 2083; x_wconf 75' lang='grc' dir='ltr'>οὗδὲ</span> <span class='ocrx_word' id='word_1_654' title='bbox 155 2052 283 2090; x_wconf 78' lang='grc' dir='ltr'>ἐὸιάζετο,</span> <span class='ocrx_word' id='word_1_655' title='bbox 298 2057 352 2087; x_wconf 86' lang='grc' dir='ltr'>τοῖς</span> <span class='ocrx_word' id='word_1_656' title='bbox 363 2052 390 2083; x_wconf 76' lang='grc' dir='ltr'>δὲ</span> <span class='ocrx_word' id='word_1_657' title='bbox 404 2052 563 2094; x_wconf 77' lang='grc' dir='ltr'>προσέχωσι</span> <span class='ocrx_word' id='word_1_658' title='bbox 582 2053 685 2083; x_wconf 84' lang='grc' dir='ltr'>διέλυσε</span> <span class='ocrx_word' id='word_1_659' title='bbox 698 2054 732 2084; x_wconf 82' lang='grc' dir='ltr'>τὰ</span> <span class='ocrx_word' id='word_1_660' title='bbox 746 2055 835 2094; x_wconf 76' lang='grc' dir='ltr'>ἀσαφῆ</span> <span class='ocrx_word' id='word_1_661' title='bbox 844 2075 852 2088; x_wconf 92' lang='grc'>,</span> <span class='ocrx_word' id='word_1_662' title='bbox 870 2058 887 2081; x_wconf 84' lang='grc' dir='ltr'>Α</span> <span class='ocrx_word' id='word_1_663' title='bbox 903 2054 1044 2092; x_wconf 83' lang='lat' dir='ltr'>vari,tunc</span> <span class='ocrx_word' id='word_1_664' title='bbox 1056 2054 1218 2094; x_wconf 87' lang='lat' dir='ltr'>derelinquit</span> <span class='ocrx_word' id='word_1_665' title='bbox 1231 2066 1261 2085; x_wconf 88' lang='lat' dir='ltr'>ac</span> <span class='ocrx_word' id='word_1_666' title='bbox 1274 2054 1380 2086; x_wconf 82' lang='lat' dir='ltr'>deserit.</span> <span class='ocrx_word' id='word_1_667' title='bbox 1394 2056 1492 2096; x_wconf 87' lang='lat' dir='ltr'>Neque</span> <span class='ocrx_word' id='word_1_668' title='bbox 1505 2059 1576 2088; x_wconf 82' lang='lat' dir='ltr'>enim</span> <span class='ocrx_word' id='word_1_669' title='bbox 1591 2060 1646 2089; x_wconf 77' lang='lat' dir='ltr'>vim</span> <span class='ocrx_word' id='word_1_670' title='bbox 1683 2069 1743 2090; x_wconf 69' lang='lat' dir='ltr'>Deus</span> <span class='ocrx_word' id='word_1_671' title='bbox 1755 2077 1798 2090; x_wconf 80' lang='lat' dir='ltr'>mm</span> 
     </span>
    </p>
   </div>
   <div class='ocr_carea' id='block_1_27' title="bbox 83 2098 854 2463">
    <p class='ocr_par' dir='ltr' id='par_1_27' title="bbox 83 2098 854 2463">
     <span class='ocr_line' id='line_1_78' title="bbox 83 2098 853 2140; baseline 0.001 -12"><span class='ocrx_word' id='word_1_672' title='bbox 83 2098 176 2129; x_wconf 78' lang='grc' dir='ltr'>καὶτὰ</span> <span class='ocrx_word' id='word_1_673' title='bbox 188 2099 333 2139; x_wconf 78' lang='grc' dir='ltr'>αἰνίγματα</span> <span class='ocrx_word' id='word_1_674' title='bbox 354 2098 438 2128; x_wconf 72' lang='grc' dir='ltr'>ἐποίει</span> <span class='ocrx_word' id='word_1_675' title='bbox 460 2099 576 2140; x_wconf 78' lang='grc' dir='ltr'>φανερά·</span> <span class='ocrx_word' id='word_1_676' title='bbox 596 2100 719 2136; x_wconf 76' lang='grc' dir='ltr'>οὕτωδὴ</span> <span class='ocrx_word' id='word_1_677' title='bbox 741 2100 786 2129; x_wconf 79' lang='grc' dir='ltr'>καὶ</span> <span class='ocrx_word' id='word_1_678' title='bbox 808 2099 853 2129; x_wconf 80' lang='grc' dir='ltr'>ἐπὶ</span> 
     </span>
     <span class='ocr_line' id='line_1_79' title="bbox 85 2144 853 2185; baseline 0.001 -11"><span class='ocrx_word' id='word_1_679' title='bbox 85 2145 327 2185; x_wconf 68' lang='grc' dir='ltr'>Ιι·ιι’“ἰν·ιι’ροιγμ,α’τιιιν·</span> <span class='ocrx_word' id='word_1_680' title='bbox 340 2144 400 2179; x_wconf 69' lang='grc' dir='ltr'>τοὺς</span> <span class='ocrx_word' id='word_1_681' title='bbox 419 2145 467 2184; x_wconf 76' lang='grc' dir='ltr'>μὲν</span> <span class='ocrx_word' id='word_1_682' title='bbox 487 2145 651 2184; x_wconf 77' lang='grc' dir='ltr'>ἀναλγήτους</span> <span class='ocrx_word' id='word_1_683' title='bbox 664 2145 709 2175; x_wconf 76' lang='grc' dir='ltr'>καὶ</span> <span class='ocrx_word' id='word_1_684' title='bbox 730 2147 777 2175; x_wconf 84' lang='grc' dir='ltr'>οὔκ</span> <span class='ocrx_word' id='word_1_685' title='bbox 795 2145 853 2175; x_wconf 80' lang='grc' dir='ltr'>ἐθέ-</span> 
     </span>
     <span class='ocr_line' id='line_1_80' title="bbox 84 2191 853 2232; baseline 0.004 -13"><span class='ocrx_word' id='word_1_686' title='bbox 84 2191 178 2222; x_wconf 82' lang='grc' dir='ltr'>λοντας</span> <span class='ocrx_word' id='word_1_687' title='bbox 189 2193 238 2220; x_wconf 76' lang='grc' dir='ltr'>οῦκ</span> <span class='ocrx_word' id='word_1_688' title='bbox 250 2191 406 2231; x_wconf 80' lang='grc' dir='ltr'>ἀναγκάζει,</span> <span class='ocrx_word' id='word_1_689' title='bbox 420 2192 479 2222; x_wconf 74' lang='grc' dir='ltr'>οὐδὲ</span> <span class='ocrx_word' id='word_1_690' title='bbox 494 2192 627 2232; x_wconf 82' lang='grc' dir='ltr'>βιάζεται,</span> <span class='ocrx_word' id='word_1_691' title='bbox 642 2192 701 2226; x_wconf 84' lang='grc' dir='ltr'>τοὺς</span> <span class='ocrx_word' id='word_1_692' title='bbox 714 2193 742 2222; x_wconf 78' lang='grc' dir='ltr'>δὲ</span> <span class='ocrx_word' id='word_1_693' title='bbox 756 2204 853 2232; x_wconf 89' lang='grc' dir='ltr'>προαι-</span> 
     </span>
     <span class='ocr_line' id='line_1_81' title="bbox 87 2236 853 2279; baseline 0.003 -13"><span class='ocrx_word' id='word_1_694' title='bbox 87 2236 226 2276; x_wconf 72' lang='grc' dir='ltr'>ρουμένους</span> <span class='ocrx_word' id='word_1_695' title='bbox 242 2238 387 2267; x_wconf 71' lang='grc' dir='ltr'>ἐπισπᾶται</span> <span class='ocrx_word' id='word_1_696' title='bbox 407 2238 475 2278; x_wconf 72' lang='grc' dir='ltr'>μετὰ</span> <span class='ocrx_word' id='word_1_697' title='bbox 494 2240 594 2275; x_wconf 84' lang='grc' dir='ltr'>πολλῆς</span> <span class='ocrx_word' id='word_1_698' title='bbox 607 2241 655 2275; x_wconf 72' lang='grc' dir='ltr'>τῆς</span> <span class='ocrx_word' id='word_1_699' title='bbox 669 2239 853 2279; x_wconf 83' lang='grc' dir='ltr'>σφοδρότητος.</span> 
     </span>
     <span class='ocr_line' id='line_1_82' title="bbox 86 2282 853 2324; baseline 0.004 -13"><span class='ocrx_word' id='word_1_700' title='bbox 86 2282 139 2312; x_wconf 72' lang='grc' dir='ltr'>Διὰ</span> <span class='ocrx_word' id='word_1_701' title='bbox 151 2285 228 2312; x_wconf 78' lang='grc' dir='ltr'>τοῦτο</span> <span class='ocrx_word' id='word_1_702' title='bbox 240 2283 285 2312; x_wconf 79' lang='grc' dir='ltr'>καὶ</span> <span class='ocrx_word' id='word_1_703' title='bbox 298 2285 313 2313; x_wconf 79' lang='grc' dir='ltr'><strong>ὁ</strong></span> <span class='ocrx_word' id='word_1_704' title='bbox 327 2283 430 2324; x_wconf 82' lang='grc' dir='ltr'>Πέτρος</span> <span class='ocrx_word' id='word_1_705' title='bbox 443 2284 522 2324; x_wconf 82' lang='grc' dir='ltr'>φησίν</span> <span class='ocrx_word' id='word_1_706' title='bbox 532 2297 540 2304; x_wconf 90' lang='grc'><em>·</em></span> <span class='ocrx_word' id='word_1_707' title='bbox 554 2285 617 2314; x_wconf 69' lang='grc' dir='ltr'>Ἐπ’</span> <span class='ocrx_word' id='word_1_708' title='bbox 632 2285 754 2321; x_wconf 87' lang='grc' dir='ltr'>ἀληθείας</span> <span class='ocrx_word' id='word_1_709' title='bbox 768 2297 853 2314; x_wconf 91' lang='grc' dir='ltr'>κατα-</span> 
     </span>
     <span class='ocr_line' id='line_1_83' title="bbox 86 2328 854 2371; baseline 0.001 -13"><span class='ocrx_word' id='word_1_710' title='bbox 86 2328 274 2368; x_wconf 74' lang='grc' dir='ltr'>λαμὸάνομαι,</span> <span class='ocrx_word' id='word_1_711' title='bbox 300 2328 340 2358; x_wconf 78' lang='grc' dir='ltr'>ὅτι</span> <span class='ocrx_word' id='word_1_712' title='bbox 355 2330 382 2358; x_wconf 74' lang='grc' dir='ltr'>ἐν</span> <span class='ocrx_word' id='word_1_713' title='bbox 404 2330 482 2359; x_wconf 72' lang='grc' dir='ltr'>παντὶ</span> <span class='ocrx_word' id='word_1_714' title='bbox 508 2330 575 2360; x_wconf 82' lang='grc' dir='ltr'>ἔθνει</span> <span class='ocrx_word' id='word_1_715' title='bbox 594 2334 608 2361; x_wconf 83' lang='grc' dir='ltr'><strong>ὃ</strong></span> <span class='ocrx_word' id='word_1_716' title='bbox 628 2331 787 2371; x_wconf 73' lang='grc' dir='ltr'>φοὸούμενος</span> <span class='ocrx_word' id='word_1_717' title='bbox 809 2331 854 2361; x_wconf 80' lang='grc' dir='ltr'>τὸν</span> 
     </span>
     <span class='ocr_line' id='line_1_84' title="bbox 86 2375 854 2417; baseline 0.001 -12"><span class='ocrx_word' id='word_1_718' title='bbox 86 2375 155 2405; x_wconf 74' lang='grc' dir='ltr'>Θεὸν</span> <span class='ocrx_word' id='word_1_719' title='bbox 165 2397 173 2411; x_wconf 89' lang='grc'>,</span> <span class='ocrx_word' id='word_1_720' title='bbox 195 2375 240 2405; x_wconf 83' lang='grc' dir='ltr'>καὶ</span> <span class='ocrx_word' id='word_1_721' title='bbox 263 2375 433 2415; x_wconf 80' lang='grc' dir='ltr'>ἐργαζόμενος</span> <span class='ocrx_word' id='word_1_722' title='bbox 458 2377 624 2414; x_wconf 84' lang='grc' dir='ltr'>δικαιοσύνην</span> <span class='ocrx_word' id='word_1_723' title='bbox 633 2399 641 2413; x_wconf 89' lang='grc'>,</span> <span class='ocrx_word' id='word_1_724' title='bbox 665 2377 753 2410; x_wconf 86' lang='grc' dir='ltr'>δεκτὸς</span> <span class='ocrx_word' id='word_1_725' title='bbox 782 2378 854 2417; x_wconf 79' lang='grc' dir='ltr'>αὐτῷ</span> 
     </span>
     <span class='ocr_line' id='line_1_85' title="bbox 87 2421 853 2463; baseline 0 -11"><span class='ocrx_word' id='word_1_726' title='bbox 87 2423 150 2452; x_wconf 75' lang='grc' dir='ltr'>ἔστι,</span> <span class='ocrx_word' id='word_1_727' title='bbox 172 2421 251 2451; x_wconf 60' lang='lat' dir='ltr'>Kato</span> <span class='ocrx_word' id='word_1_728' title='bbox 264 2421 400 2461; x_wconf 72' lang='grc' dir='ltr'>προφήτης</span> <span class='ocrx_word' id='word_1_729' title='bbox 423 2422 485 2452; x_wconf 77' lang='grc' dir='ltr'>αὐτὸ</span> <span class='ocrx_word' id='word_1_730' title='bbox 507 2425 585 2452; x_wconf 77' lang='grc' dir='ltr'>τοῦτο</span> <span class='ocrx_word' id='word_1_731' title='bbox 606 2427 730 2463; x_wconf 85' lang='grc' dir='ltr'>παραινεῖ</span> <span class='ocrx_word' id='word_1_732' title='bbox 751 2423 853 2463; x_wconf 81' lang='grc' dir='ltr'>λέγων·</span> 
     </span>
    </p>
   </div>
   <div class='ocr_carea' id='block_1_28' title="bbox 87 2513 840 2628">
    <p class='ocr_par' dir='ltr' id='par_1_28' title="bbox 87 2513 840 2628">
     <span class='ocr_line' id='line_1_86' title="bbox 118 2513 839 2548; baseline 0.006 -9"><span class='ocrx_word' id='word_1_733' title='bbox 118 2522 128 2534; x_wconf 75' lang='lat'><strong>⁰</strong></span> <span class='ocrx_word' id='word_1_734' title='bbox 146 2514 176 2539; x_wconf 88' lang='lat' dir='ltr'>In</span> <span class='ocrx_word' id='word_1_735' title='bbox 188 2513 306 2540; x_wconf 75' lang='lat' dir='ltr'>Editione</span> <span class='ocrx_word' id='word_1_736' title='bbox 319 2514 431 2539; x_wconf 75' lang='lat' dir='ltr'>Romana</span> <span class='ocrx_word' id='word_1_737' title='bbox 443 2522 487 2541; x_wconf 74' lang='grc' dir='ltr'>τῶν</span> <span class='ocrx_word' id='word_1_738' title='bbox 498 2515 533 2541; x_wconf 89' lang='lat'>0&#39;.</span> <span class='ocrx_word' id='word_1_739' title='bbox 548 2514 638 2548; x_wconf 80' lang='lat' dir='ltr'>legitur</span> <span class='ocrx_word' id='word_1_740' title='bbox 655 2519 686 2545; x_wconf 76' lang='grc' dir='ltr'>τίς</span> <span class='ocrx_word' id='word_1_741' title='bbox 704 2520 839 2543; x_wconf 59' lang='lat' dir='ltr'>&amp;usnemun</span> 
     </span>
     <span class='ocr_line' id='line_1_87' title="bbox 87 2557 837 2589; baseline 0.001 -9"><span class='ocrx_word' id='word_1_742' title='bbox 87 2559 173 2588; x_wconf 74' lang='grc' dir='ltr'>κυρίῳ,</span> <span class='ocrx_word' id='word_1_743' title='bbox 186 2558 222 2579; x_wconf 76' lang='grc' dir='ltr'>καὶ</span> <span class='ocrx_word' id='word_1_744' title='bbox 236 2557 390 2589; x_wconf 64' lang='grc' dir='ltr'>κατῃσχύνθης</span> <span class='ocrx_word' id='word_1_745' title='bbox 402 2558 416 2583; x_wconf 80' lang='grc' dir='ltr'><em>ἡ</em></span> <span class='ocrx_word' id='word_1_746' title='bbox 429 2558 460 2584; x_wconf 74' lang='grc' dir='ltr'>τίς</span> <span class='ocrx_word' id='word_1_747' title='bbox 471 2558 567 2587; x_wconf 71' lang='grc' dir='ltr'>ἐνέμεινε</span> <span class='ocrx_word' id='word_1_748' title='bbox 579 2561 611 2587; x_wconf 74' lang='grc' dir='ltr'>τῷ</span> <span class='ocrx_word' id='word_1_749' title='bbox 625 2558 684 2588; x_wconf 71' lang='grc' dir='ltr'>φὸόῳ</span> <span class='ocrx_word' id='word_1_750' title='bbox 697 2558 778 2588; x_wconf 62' lang='grc' dir='ltr'>αὐτοῦς</span> <span class='ocrx_word' id='word_1_751' title='bbox 789 2561 837 2581; x_wconf 74' lang='lat' dir='ltr'>etc.</span> 
     </span>
     <span class='ocr_line' id='line_1_88' title="bbox 89 2593 840 2628; baseline 0.001 -9"><span class='ocrx_word' id='word_1_752' title='bbox 89 2594 179 2619; x_wconf 69' lang='lat' dir='ltr'>Verum</span> <span class='ocrx_word' id='word_1_753' title='bbox 190 2593 384 2628; x_wconf 72' lang='lat' dir='ltr'>Chrysostomus</span> <span class='ocrx_word' id='word_1_754' title='bbox 394 2594 447 2619; x_wconf 76' lang='lat' dir='ltr'>luca</span> <span class='ocrx_word' id='word_1_755' title='bbox 460 2593 500 2619; x_wconf 78' lang='lat' dir='ltr'>illa</span> <span class='ocrx_word' id='word_1_756' title='bbox 512 2599 539 2619; x_wconf 74' lang='grc' dir='ltr'>ιιι</span> <span class='ocrx_word' id='word_1_757' title='bbox 550 2595 627 2619; x_wconf 84' lang='lat' dir='ltr'>menti</span> <span class='ocrx_word' id='word_1_758' title='bbox 638 2603 689 2620; x_wconf 73' lang='lat' dir='ltr'>sese</span> <span class='ocrx_word' id='word_1_759' title='bbox 701 2594 840 2620; x_wconf 70' lang='lat' dir='ltr'>offerebant</span> 
     </span>
    </p>
   </div>
   <div class='ocr_carea' id='block_1_29' title="bbox 903 2100 1800 2160">
    <p class='ocr_par' dir='ltr' id='par_1_29' title="bbox 903 2100 1800 2160">
     <span class='ocr_line' id='line_1_89' title="bbox 903 2100 1800 2160; baseline -0.008 -31"><span class='ocrx_word' id='word_1_760' title='bbox 903 2101 990 2138; x_wconf 80' lang='lat' dir='ltr'>affert,</span> <span class='ocrx_word' id='word_1_761' title='bbox 998 2108 1044 2130; x_wconf 89' lang='lat' dir='ltr'>aut</span> <span class='ocrx_word' id='word_1_762' title='bbox 1054 2100 1135 2141; x_wconf 82' lang='lat' dir='ltr'>cogit,</span> <span class='ocrx_word' id='word_1_763' title='bbox 1148 2101 1275 2140; x_wconf 86' lang='lat' dir='ltr'>quodque</span> <span class='ocrx_word' id='word_1_764' title='bbox 1286 2101 1353 2131; x_wconf 89' lang='lat' dir='ltr'>dum</span> <span class='ocrx_word' id='word_1_765' title='bbox 1362 2101 1512 2133; x_wconf 83' lang='lat' dir='ltr'>doctrinam</span> <span class='ocrx_word' id='word_1_766' title='bbox 1520 2105 1646 2157; x_wconf 62' lang='lat' dir='ltr'>traderet,</span> <span class='ocrx_word' id='word_1_767' title='bbox 1658 2109 1701 2153; x_wconf 49' lang='grc' dir='ltr'>ξπ</span> <span class='ocrx_word' id='word_1_768' title='bbox 1707 2109 1746 2160; x_wconf 59' lang='lat' dir='ltr'>mg</span> <span class='ocrx_word' id='word_1_769' title='bbox 1747 2101 1800 2153; x_wconf 51' lang='lat' dir='ltr'>&#39;1:4st</span> 
     </span>
    </p>
   </div>
   <div class='ocr_carea' id='block_1_30' title="bbox 904 2147 1648 2465">
    <p class='ocr_par' dir='ltr' id='par_1_30' title="bbox 904 2147 1648 2465">
     <span class='ocr_line' id='line_1_90' title="bbox 905 2147 1648 2191; baseline 0.007 -15"><span class='ocrx_word' id='word_1_770' title='bbox 905 2147 1010 2187; x_wconf 81' lang='lat' dir='ltr'>agebat,</span> <span class='ocrx_word' id='word_1_771' title='bbox 1025 2147 1056 2176; x_wconf 92' lang='lat' dir='ltr'>id</span> <span class='ocrx_word' id='word_1_772' title='bbox 1075 2147 1156 2177; x_wconf 86' lang='lat' dir='ltr'>etiam</span> <span class='ocrx_word' id='word_1_773' title='bbox 1182 2147 1227 2177; x_wconf 83' lang='lat' dir='ltr'>hic</span> <span class='ocrx_word' id='word_1_774' title='bbox 1248 2148 1288 2177; x_wconf 88' lang='lat' dir='ltr'>fit.</span> <span class='ocrx_word' id='word_1_775' title='bbox 1304 2149 1344 2178; x_wconf 90' lang='lat' dir='ltr'>Ut</span> <span class='ocrx_word' id='word_1_776' title='bbox 1365 2149 1437 2178; x_wconf 89' lang='lat' dir='ltr'>enim</span> <span class='ocrx_word' id='word_1_777' title='bbox 1458 2149 1516 2180; x_wconf 90' lang='lat' dir='ltr'>illie</span> <span class='ocrx_word' id='word_1_778' title='bbox 1529 2161 1585 2189; x_wconf 70' lang='lat' dir='ltr'>eos,</span> <span class='ocrx_word' id='word_1_779' title='bbox 1600 2162 1648 2191; x_wconf 87' lang='lat' dir='ltr'>qm</span> 
     </span>
     <span class='ocr_line' id='line_1_91' title="bbox 905 2193 1645 2234; baseline 0.005 -11"><span class='ocrx_word' id='word_1_780' title='bbox 905 2193 999 2223; x_wconf 84' lang='lat' dir='ltr'>audire</span> <span class='ocrx_word' id='word_1_781' title='bbox 1011 2193 1153 2231; x_wconf 85' lang='lat' dir='ltr'>nolebant,</span> <span class='ocrx_word' id='word_1_782' title='bbox 1166 2194 1214 2224; x_wconf 88' lang='lat' dir='ltr'>sed</span> <span class='ocrx_word' id='word_1_783' title='bbox 1226 2193 1416 2233; x_wconf 82' lang='lat' dir='ltr'>discedebant,</span> <span class='ocrx_word' id='word_1_784' title='bbox 1437 2206 1490 2226; x_wconf 91' lang='lat' dir='ltr'>non</span> <span class='ocrx_word' id='word_1_785' title='bbox 1514 2197 1645 2234; x_wconf 82' lang='lat' dir='ltr'>trahebat,</span> 
     </span>
     <span class='ocr_line' id='line_1_92' title="bbox 906 2237 1645 2278; baseline 0.005 -11"><span class='ocrx_word' id='word_1_786' title='bbox 906 2248 992 2277; x_wconf 78' lang='lat' dir='ltr'>neque</span> <span class='ocrx_word' id='word_1_787' title='bbox 1004 2237 1060 2268; x_wconf 86' lang='lat' dir='ltr'>vim</span> <span class='ocrx_word' id='word_1_788' title='bbox 1072 2238 1200 2268; x_wconf 77' lang='lat' dir='ltr'>asserebat</span> <span class='ocrx_word' id='word_1_789' title='bbox 1214 2250 1220 2266; x_wconf 86' lang='lat'>:</span> <span class='ocrx_word' id='word_1_790' title='bbox 1237 2239 1284 2268; x_wconf 83' lang='lat' dir='ltr'>sed</span> <span class='ocrx_word' id='word_1_791' title='bbox 1297 2239 1341 2277; x_wconf 85' lang='lat' dir='ltr'>iis,</span> <span class='ocrx_word' id='word_1_792' title='bbox 1357 2240 1404 2278; x_wconf 83' lang='lat' dir='ltr'>qui</span> <span class='ocrx_word' id='word_1_793' title='bbox 1417 2240 1589 2271; x_wconf 81' lang='lat' dir='ltr'>attendebant</span> <span class='ocrx_word' id='word_1_794' title='bbox 1599 2243 1645 2272; x_wconf 89' lang='lat' dir='ltr'>ob-</span> 
     </span>
     <span class='ocr_line' id='line_1_93' title="bbox 905 2284 1642 2326; baseline 0.004 -12"><span class='ocrx_word' id='word_1_795' title='bbox 905 2295 981 2315; x_wconf 82' lang='lat' dir='ltr'>scura</span> <span class='ocrx_word' id='word_1_796' title='bbox 996 2284 1133 2321; x_wconf 79' lang='lat' dir='ltr'>solvebat,</span> <span class='ocrx_word' id='word_1_797' title='bbox 1158 2291 1184 2314; x_wconf 85' lang='lat' dir='ltr'>et</span> <span class='ocrx_word' id='word_1_798' title='bbox 1192 2285 1330 2326; x_wconf 64' lang='lat' dir='ltr'>aenigmata</span> <span class='ocrx_word' id='word_1_799' title='bbox 1349 2287 1488 2316; x_wconf 78' lang='lat' dir='ltr'>manifesta</span> <span class='ocrx_word' id='word_1_800' title='bbox 1500 2288 1642 2318; x_wconf 74' lang='lat' dir='ltr'>reddebat:</span> 
     </span>
     <span class='ocr_line' id='line_1_94' title="bbox 906 2330 1644 2374; baseline 0.004 -14"><span class='ocrx_word' id='word_1_801' title='bbox 906 2330 942 2360; x_wconf 80' lang='lat' dir='ltr'>ita</span> <span class='ocrx_word' id='word_1_802' title='bbox 960 2330 1088 2360; x_wconf 80' lang='lat' dir='ltr'>nimirum</span> <span class='ocrx_word' id='word_1_803' title='bbox 1113 2338 1139 2360; x_wconf 87' lang='lat' dir='ltr'>et</span> <span class='ocrx_word' id='word_1_804' title='bbox 1155 2331 1182 2360; x_wconf 87' lang='lat' dir='ltr'>in</span> <span class='ocrx_word' id='word_1_805' title='bbox 1206 2332 1286 2361; x_wconf 85' lang='lat' dir='ltr'>rebus</span> <span class='ocrx_word' id='word_1_806' title='bbox 1299 2332 1365 2372; x_wconf 84' lang='lat' dir='ltr'>ipsis</span> <span class='ocrx_word' id='word_1_807' title='bbox 1382 2345 1389 2361; x_wconf 95' lang='lat'><strong>:</strong></span> <span class='ocrx_word' id='word_1_808' title='bbox 1416 2344 1460 2362; x_wconf 85' lang='lat' dir='ltr'>cos</span> <span class='ocrx_word' id='word_1_809' title='bbox 1474 2334 1521 2372; x_wconf 87' lang='lat' dir='ltr'>qui</span> <span class='ocrx_word' id='word_1_810' title='bbox 1543 2335 1644 2374; x_wconf 78' lang='lat' dir='ltr'>stupidi</span> 
     </span>
     <span class='ocr_line' id='line_1_95' title="bbox 905 2377 1645 2418; baseline 0.004 -12"><span class='ocrx_word' id='word_1_811' title='bbox 905 2383 977 2414; x_wconf 87' lang='lat' dir='ltr'>sunt,</span> <span class='ocrx_word' id='word_1_812' title='bbox 988 2384 1013 2406; x_wconf 85' lang='lat' dir='ltr'>ct</span> <span class='ocrx_word' id='word_1_813' title='bbox 1021 2377 1131 2407; x_wconf 87' lang='lat' dir='ltr'>minime</span> <span class='ocrx_word' id='word_1_814' title='bbox 1142 2377 1247 2415; x_wconf 85' lang='lat' dir='ltr'>volunt,</span> <span class='ocrx_word' id='word_1_815' title='bbox 1263 2388 1316 2407; x_wconf 89' lang='lat' dir='ltr'>non</span> <span class='ocrx_word' id='word_1_816' title='bbox 1329 2379 1410 2418; x_wconf 83' lang='lat' dir='ltr'>cogit,</span> <span class='ocrx_word' id='word_1_817' title='bbox 1424 2389 1508 2418; x_wconf 82' lang='lat' dir='ltr'>neque</span> <span class='ocrx_word' id='word_1_818' title='bbox 1521 2379 1576 2409; x_wconf 89' lang='lat' dir='ltr'>vim</span> <span class='ocrx_word' id='word_1_819' title='bbox 1589 2380 1645 2409; x_wconf 70' lang='lat' dir='ltr'>illis</span> 
     </span>
     <span class='ocr_line' id='line_1_96' title="bbox 904 2424 1645 2465; baseline -0.001 -10"><span class='ocrx_word' id='word_1_820' title='bbox 904 2425 979 2455; x_wconf 75' lang='lat' dir='ltr'>affert</span> <span class='ocrx_word' id='word_1_821' title='bbox 991 2436 998 2459; x_wconf 87' lang='lat'>;</span> <span class='ocrx_word' id='word_1_822' title='bbox 1013 2435 1057 2455; x_wconf 87' lang='lat' dir='ltr'>eos</span> <span class='ocrx_word' id='word_1_823' title='bbox 1068 2431 1167 2461; x_wconf 79' lang='lat' dir='ltr'>autem,</span> <span class='ocrx_word' id='word_1_824' title='bbox 1181 2424 1228 2463; x_wconf 61' lang='lat' dir='ltr'>(pii</span> <span class='ocrx_word' id='word_1_825' title='bbox 1241 2424 1312 2454; x_wconf 81' lang='lat' dir='ltr'>ultro</span> <span class='ocrx_word' id='word_1_826' title='bbox 1323 2425 1427 2465; x_wconf 82' lang='lat' dir='ltr'>eligunt</span> <span class='ocrx_word' id='word_1_827' title='bbox 1437 2436 1541 2455; x_wconf 81' lang='lat' dir='ltr'>summo</span> <span class='ocrx_word' id='word_1_828' title='bbox 1556 2425 1645 2454; x_wconf 83' lang='lat' dir='ltr'>studio</span> 
     </span>
    </p>
   </div>
   <div class='ocr_carea' id='block_1_31' title="bbox 888 2516 1121 2542">
    <p class='ocr_par' dir='ltr' id='par_1_31' title="bbox 888 2516 1121 2542">
     <span class='ocr_line' id='line_1_97' title="bbox 888 2516 1121 2542; baseline -0.004 0"><span class='ocrx_word' id='word_1_829' title='bbox 888 2516 1006 2542; x_wconf 75' lang='lat' dir='ltr'>adhibere</span> <span class='ocrx_word' id='word_1_830' title='bbox 1017 2516 1121 2542; x_wconf 56' lang='lat' dir='ltr'>solebat,</span> 
     </span>
    </p>
   </div>
   <div class='ocr_carea' id='block_1_32' title="bbox 922 2557 1168 2590">
    <p class='ocr_par' dir='ltr' id='par_1_32' title="bbox 922 2557 1168 2590">
     <span class='ocr_line' id='line_1_98' title="bbox 922 2557 1168 2590; baseline -0.012 -8"><span class='ocrx_word' id='word_1_831' title='bbox 922 2557 935 2576; x_wconf 80' lang='lat'>¹¹</span> <span class='ocrx_word' id='word_1_832' title='bbox 954 2557 1023 2582; x_wconf 82' lang='lat' dir='ltr'>Unus</span> <span class='ocrx_word' id='word_1_833' title='bbox 1031 2560 1057 2583; x_wconf 65' lang='grc' dir='ltr'>τὸ</span> <span class='ocrx_word' id='word_1_834' title='bbox 1070 2566 1126 2590; x_wconf 52' lang='lat' dir='ltr'>,eope</span> <span class='ocrx_word' id='word_1_835' title='bbox 1137 2566 1168 2580; x_wconf 75' lang='lat' dir='ltr'>w.</span> 
     </span>
    </p>
   </div>
  </div>
 </body>
</html>
