1904 2840
726 235 758 258 IN
787 235 844 257 1013
872 234 983 259 SERMO
1009 236 1047 259 11.

94 303 182 342 λόγος,
193 301 253 352 ’ἀλλ’
267 295 296 329 εὖ
309 294 382 347 οἷδακ,
392 297 433 348 ὅτι
446 297 587 366 παρέξειιὴ
598 299 645 348 τοῦ
656 296 815 365 ῗεὲῧὰχάὶρις
823 295 865 344 >255-

92 338 381 420 mmm&
392 338 522 407 ἴγλῖῗτῖἑ
532 336 739 415 ξέἶξὶέἲλοωμὲν
749 347 866 418 {2¹33}ss

91 432 178 460 γησιν.
190 418 340 467 Ἄνθρωπός
350 429 389 450 τις
403 413 476 467 ἦνθέν
489 416 566 485 χώρᾳ
582 418 615 456 τῇ
630 415 760 446 Αὖσίτιδι.
773 417 865 455 Ἀναγ-

93 460 167 490 καῖόν
177 460 234 489 ἐστι
246 469 351 498 πρωτον
365 468 499 493 σκοπησαι
515 468 532 486 τ

1590 219 1658 266 687

919 296 969 326 Dei
982 297 1095 343 gratiam
1108 297 1223 327 vei-bum
1245 298 1322 327 nobis
1336 296 1508 338 praebituram
1524 306 1593 333 esse,
1608 306 1661 325 non

917 336 953 365 oh
965 336 1080 367 dicentis
1089 336 1258 377 dignitatem,
1268 337 1315 367 sed
1328 338 1364 367 ob
1374 345 1482 378 patrum
1493 338 1660 369 intercessio-

917 386 990 406 nem.
1003 378 1108 407 Vcrum
1129 377 1163 406 ad
1181 377 1219 406 rei
1241 378 1421 407 narrationem
1443 377 1593 408 veniamus.
1609 379 1662 408 Vir
1670 384 1723 406 Job,
1738 389 1756 405 ι,
1775 391 1794 405 ι.

918 423 981 445 erat
1004 418 1035 445 in
1055 418 1171 456 regione
1194 417 1342 448 Ausitide.
1363 418 1387 447 O
1408 427 1459 447 erae
1483 417 1600 458 pretium
1621 426 1661 449 cst

565 455 704 506 προοίμιον
717 455 796 485 ποίαν
809 455 908 495 ἔχειωι,
919 458 1007 495 primo
1028 457 1170 501 explorare
1188 467 1248 495 quae
1275 457 1309 486 sit
1332 457 1374 487 vis
1416 458 1477 497 ujus
1497 457 1619 495 exordii,
1635 466 1662 488 ct

93 499 215 538 δύναμιν,
228 498 274 528 καὶ
290 497 360 531 τίνος
378 497 464 526 ἕνεκεν
477 496 530 525 ἀπὸ
544 507 643 531 ταυτης
660 497 709 531 τῆς
728 495 822 530 λέξεως
835 495 866 525 τὸ
881 499 901 521 Α
918 505 967 524 cur
981 495 1098 525 histonae
1119 495 1235 542 scriptor
1253 496 1288 526 ab
1309 497 1360 526 hoc
1380 496 1452 526 dicto
1466 497 1500 526 sit
1511 507 1596 534 orsus,
1609 498 1663 527 Vir

92 539 231 580 προοίμιον
247 537 391 574 πεποίηται
404 538 418 566 ὁ
432 538 645 576 ἱστοριογράφος,
664 535 812 575 Ἄνθρωπός
825 547 866 569 τις

92 575 137 615 ἧν.
156 577 268 614 Ἐπειδὴ
291 577 386 616 ἔμελλε
405 576 462 616 βίον
475 576 596 616 ἐνάρετον
609 575 800 615 διηγήσασθαι,
820 575 866 604 καὶ

93 618 161 648 πολὺ
182 617 232 654 τὴν
249 617 381 657 ἡμετέραν
400 615 562 646 κατάστασιν
581 617 707 652 νικῶντα,
721 614 765 644 ἵνα
778 614 867 654 μήτις

94 660 131 692 εἰς
155 657 206 694 τὴν
223 656 372 697 ὃπερὸολὴν
389 658 443 686 τῶν
457 654 565 695 ἀγώνων
581 654 746 695 ἀποὸλέψας,
769 654 865 695 νομίσῃ

95 698 169 734 ξένην
188 692 254 727 εἶναι
274 696 368 737 φύσιν,
392 696 438 725 καὶ
456 697 504 725 οὐκ
517 694 698 735 ἀνθρωπίνην,
725 693 866 734 προλαὸὼν

94 737 175 772 ἔδειξε
193 737 242 772 τὴν
261 736 356 777 φύσιν,
377 735 420 764 ἵνα
438 734 576 774 θαυμάσης
592 734 648 771 π-ἡν
666 733 806 774 πρόθεσιν,
825 734 867 763 ὅτι

95 778 231 818 ἄνθρωπος
250 776 287 805 ὢν
304 775 371 815 ὑπὲρ
387 775 523 815 ἄνθρωπον
543 766 746 811 ἐπολιτεύσατο,
762 773 808 803 καὶ
819 773 866 813 μὲν

96 819 184 853 κοινῆς
206 815 308 857 φύσεως
327 815 412 845 ἅπασι
435 813 609 851 κοινωνήσας,
633 813 766 854 ἀνωτέραν
779 814 808 843 δὲ
821 816 867 843 τοῦ

98 857 198 896 κόσμου
219 855 268 891 τὴν
281 854 369 896 ψυχὴν
390 854 537 894 ἀναγαγών.
559 853 708 893 Ἄνθρωπός
724 865 763 886 τις
783 849 815 890 ἦν
841 855 868 882 ἐν

95 896 172 937 χώρᾳ
183 897 217 935 τῇ
236 894 369 925 Αὖσίτιδι.
393 893 527 944 Κηρύττεχι
541 893 678 944 αὖτὸνικαὶ
689 893 803 944 ἀπὸπῆς
821 893 869 933 φύ-

96 933 464 1014 Ξῖῗύέαἶηέἷτῗῖ“ἄῗοῖἷρῖ”ηἶῖἶ
474 934 639 1012 ῗῖἷμῗζὲιξω
656 932 870 1013 ῗςὲτῖἔζέῗὲζῖῗ

96 1027 145 1045 πον
160 1013 358 1049 ἐπολιτεύσατο,
371 1012 454 1046 οὕτως
467 1013 512 1042 ἐὰν
533 1012 618 1052 μάθῃς
631 1013 676 1042 καὶ
695 1012 744 1048 τὴν
764 1012 869 1052 χώραν,

96 1054 124 1089 ἐξ
135 1051 167 1091 ἦς
185 1057 200 1084 ὁ
218 1057 341 1086 τοσοῦτος
357 1053 458 1093 καρπὸς
471 1052 569 1088 ἤνθησε
579 1073 588 1087 ,
610 1052 748 1090 θαυμάσῃς
768 1053 872 1087 ἀληθῶς
886 1067 904 1090 B

96 1097 289 1174 ὁἠπιέωεέιιριὸίῖις.
302 1133 337 1162 Ἥ
351 1132 427 1172 χώρα
439 1131 525 1160 τοίνυν
536 1133 553 1167 ἦ
570 1133 618 1167 τῆς
637 1131 776 1164 Αὖσίτιδος
796 1131 872 1181 ζώρα

116 1168 131 1203 ν
149 1177 196 1203 τοῦ
207 1174 294 1203 Ἡσαῦ
305 1184 311 1191 ·
326 1167 380 1201 ἀπο
400 1171 452 1211 γὰρ
463 1173 510 1200 τοῦ
524 1170 611 1200 Ἡσαῦ
625 1173 642 1206 ἡ
662 1172 781 1204 Αὒσῖτις.
805 1172 873 1200 Ovo-

100 1213 177 1253 μάζει
191 1213 220 1243 δὲ
232 1216 279 1242 τοῦ
294 1211 408 1252 βεὸήλου
422 1211 468 1240 καὶ
480 1213 595 1251 πονηροῦ
609 1211 696 1240 Ἡσαῦ
710 1210 758 1247 τὴν
771 1210 872 1251 χώραν,

99 1254 135 1286 ὥς
148 1264 227 1293 φησιν
238 1254 253 1282 ὁ
266 1251 423 1284 ἀπόστολος·
439 1250 486 1287 Μή
501 1263 541 1284 τις
553 1250 647 1291 πόρνος
658 1250 676 1286 ἢ
690 1249 816 1290 βέὸηλος,
836 1252 873 1283 ὡς

99 1293 201 1323 ‘fluuii'
220 1291 265 1322 ἵνα
284 1290 422 1330 θουμᾶσης
433 1291 464 1320 ἐκ
476 1291 559 1320 ποίων
573 1290 766 1330 παιδευτηρίων
778 1289 873 1323 κακίας

99 1328 152 1366 οἷος
165 1331 266 1372 καρπὸς
277 1323 402 1367 ἀληθείας
412 1330 533 1366 ἤνθησεν.
550 1329 632 1359 ’Am
651 1331 680 1359 οὐ
701 1330 780 1359 μόνον
794 1329 872 1359 αὐτὸν

98 1375 116 1408 ἡ
128 1371 205 1412 χώρα
217 1374 263 1400 τοῦ
277 1371 364 1401 Ἡσαῦ
377 1369 495 1409 ἤνεγκεν,
507 1369 576 1399 ἀλλὰ
590 1369 636 1399 καὶ
647 1359 714 1405 αὐτ-λ
726 1371 743 1405 ἡ
758 1369 817 1409 ῥίζα
825 1371 871 1399 τοῦ

99 1411 202 1442 Ἡσαῦ·
225 1411 352 1450 ἀπόγονος
372 1409 424 1449 γὰρ
441 1405 474 1446 ἦν
487 1413 533 1439 τοῦ
548 1409 766 1448 διαὸαλλομένου.
791 1409 872 1460 Λέγει

98 1451 152 1492 γὰρ
158 1450 203 1480 τὸν
211 1450 273 1480 Ἰὼὸ
281 1453 298 1486 ἡ
311 1449 405 1490 Γραφὴ
414 1448 536 1488 πέμπτον
550 1444 616 1478 εἶναι
626 1449 678 1478 ἀπὸ
688 1451 734 1479 τοῦ
741 1448 870 1488 Ἀδρααμ.

100 1492 154 1522 Καὶ
177 1490 248 1524 ὅπως
267 1489 403 1530 πέμπτος,
428 1489 516 1519 ἄκουε.
543 1488 661 1528 Ἀδραὰμ
682 1488 806 1528 ἐγέννησε
827 1489 872 1518 τὸν

101 1530 194 1561 Ἰσαὰκ
202 1553 211 1567 ,
222 1529 316 1559 Ἰσαὰκ
324 1530 368 1559 τὸν
379 1529 466 1559 ιΗσαῢ
473 1551 481 1565 ,
492 1527 579 1558 Ἡσαῦ
592 1529 637 1558 τὸν
651 1528 794 1567 Ῥαγουὴλ,
809 1527 872 1557 Ῥα-

100 1571 185 1609 γουὴλ
197 1569 242 1598 τὸν
254 1569 346 1609 Ζαρὰ,
367 1570 409 1598 Ζα
462 1568 491 1597 δὲ
509 1568 554 1597 τὸν
574 1567 646 1597 Ἰώὸ.
668 1563 749 1607 Εἶχεν
763 1564 807 1597 οὖν
822 1567 872 1603 τὴν

103 1608 227 1649 διαδοχὴν
242 1609 294 1638 ἀπὸ
307 1611 352 1638 τοῦ
370 1607 398 1637 Ἀ
418 1607 491 1647 ραὰμ
509 1606 553 1636 διὰ
572 1610 618 1636 τοῦ
635 1606 721 1636 Ἡσαῦ
742 1608 779 1640 εἰς
795 1607 873 1636 αὐτὸν

103 1648 309 1688 κατερχομένην.
330 1647 467 1677 Δείκνυσιν
476 1641 521 1675 οὖν
530 1646 579 1682 τὴν
589 1646 661 1686 ῥίζαν
669 1667 678 1681 ,
691 1646 734 1675 ἵνα
747 1646 791 1675 τὸν
807 1657 873 1686 καρ-

103 1689 154 1718 πὸν
168 1687 314 1723 θαυμάσῃς.
323 1686 373 1720 Τίς
387 1686 414 1716 δὲ
426 1682 458 1722 ἧν
466 1685 552 1715 Ἡσαῦ
559 1698 568 1722 ;
582 1685 683 1725 Πόρνος
695 1685 741 1715 καὶ
753 1685 874 1725 βέὸηλος.

195 1094 268 1135 ῥόδον
277 1095 305 1123 ἐν
316 1093 389 1132 μέσῳ
401 1095 454 1122 τῶν
466 1093 585 1121 ἀκανθῶν
598 1091 770 1127 ἐὸλάστησεν.
784 1091 873 1131 Πρόσ-

104 1727 155 1761 Τίς
168 1727 195 1757 δὲ
205 1725 238 1764 ἦν
254 1719 300 1757 καὶ
317 1726 393 1762 Ἰώὸ,
406 1725 441 1755 Ὁ
455 1725 507 1754 ἀπὸ
519 1728 565 1755 τοῦ
581 1725 694 1765 πόρνου,
709 1721 783 1758 οἶτος
797 1724 874 1758 αὐτὸς
890 1735 908 1758 c

103 1769 119 1797 ὁ
133 1768 228 1806 σεμνὸς
241 1766 286 1797 καὶ
297 1765 440 1805 θαυμάσιος
452 1764 532 1804 ἀνὴρ,
544 1767 558 1795 ὁ
571 1767 616 1794 νῦν
629 1764 800 1804 προκείμενος
810 1767 874 1803 ἡμῖν

105 1809 142 1840 εἷς
158 1807 280 1847 διήγησιν
290 1818 297 1825 ·
317 1808 331 1836 ὁ
350 1805 451 1843 λέγων·
471 1805 506 1834 Εἰ
524 1804 735 1841 ἐπηκολούθησεν
749 1806 763 1834 ὁ
776 1805 874 1844 ὀφθαλ-

106 1846 155 1885 μός
166 1859 216 1886 μου
228 1845 332 1887 γυνειιωιὶΙ
345 1844 484 1885 ἀλλοτρίᾳ,
496 1844 584 1884 ἀρέσει
599 1843 644 1873 καὶ
657 1847 674 1880 ἡ
689 1843 754 1884 γυνή
789 1855 818 1873 ου
833 1845 876 1872 ἀλ-

105 1886 202 1927 λοτρίῳ
225 1886 310 1926 ἀνδρί.
331 1885 417 1915 Ἡσαῦ
438 1883 500 1923 περὶΙ
515 1883 697 1924 πολλὰςςέσχε
715 1887 726 1900 ⁸
737 1855 807 1922 μίὲιν
828 1895 875 1923 γυ-

105 1930 197 1960 ναῖκας
207 1949 215 1963 ,
236 1926 371 1961 ἄπληστος
394 1924 430 1953 ὢν
450 1925 488 1957 εἰς
505 1923 660 1963 ἀσέλγειαν·
677 1926 692 1953 ὁ
711 1923 739 1953 δὲ
756 1923 818 1952 'hbe
832 1924 876 1953 τὸν

106 1960 454 2042 amm&
478 1962 877 2043 ‘⁰z.2.25‡.22:325?2.{3“;.‘1021

107 2045 177 2079 νείας
196 2045 242 2076 καὶ
266 2018 385 2085 Σοιχείας
402 2045 526 2073 τοσοῦτον
544 2044 670 2083 ἀπεῖχεν,
689 2044 725 2076 ὡς
743 2042 810 2081 μηδὲ
821 2047 878 2076 ταῖς

109 2085 220 2124 μηδέπω
228 2083 456 2124 κατεγγυωμίναις
468 2083 570 2122 γυναιξὶ
582 2082 734 2123 προσέχειν,
748 2081 877 2119 τουτέστι,

108 2129 166 2159 ταῖς
179 2124 369 2164 ἀμνηστεύτοις
380 2122 535 2163 παρθένοις·
557 2123 595 2152 δεῖ
613 2121 665 2162 γὰρ
681 2124 714 2162 τῇ
735 2121 879 2162 τρανοτέρᾳ

108 2164 177 2198 λέξει
189 2165 350 2204 γρήσασθαι.
364 2164 497 2192 Τοσοῦτον
508 2164 617 2202 ἀπεῖχεν
627 2161 774 2201 ἀλλοτρίοις
785 2161 880 2200 γάμοις

109 2199 288 2233 ἔπιδουλεύειν
296 2226 304 2238 ,
324 2203 366 2231 ὅτι
377 2201 436 2231 οὐδὲ
446 2203 480 2240 τῇ
494 2201 669 2241 ἀμνηστεύτῳ
680 2201 800 2241 παρθένῳ
809 2223 817 2238 ,
838 2201 880 2240 ἐφ’

109 2239 129 2278 ἧ
146 2243 230 2276 οὐδεὶς
249 2238 280 2278 ἦν
293 2242 424 2277 κίνδυνος,
438 2239 557 2270 ἀπέτεινε
571 2241 602 2270 τὸ
615 2241 691 2279 ὄμμα
701 2241 766 2290 πρὸς
781 2241 880 2269 ἀκολα-

109 2276 180 2312 σίαν.
193 2282 248 2312 Καὶ
260 2281 300 2315 τίς
313 2284 327 2311 ὁ
337 2283 422 2309 ταῦτα
437 2282 589 2319 μαρτυρῶν,
603 2280 688 2313 Αὐτὸς
698 2282 712 2309 ὁ
733 2279 787 2309 1ὼὸ
794 2302 802 2316 ,
815 2281 880 2308 Δια-

110 2322 210 2359 θήκην,
232 2321 313 2362 φησὶ,
335 2318 457 2358 διεθέμην
478 2323 532 2352 τοῖς
545 2320 688 2359 ὀφθαλμοῖς
702 2330 767 2358 μου,
783 2318 828 2348 καὶ
851 2320 880 2348 οὗ

110 2365 212 2398 συνῆκα
221 2361 265 2391 ἐπὶ
275 2359 408 2400 παρθένῳ.
425 2357 513 2388 Βλέπε
524 2358 604 2398 μέχρι
616 2358 685 2392 τίνος
699 2358 880 2397 παιδαγωγίας

110 2402 231 2440 ἤκμασεν
254 2402 325 2430 αὐτῶ
348 2398 383 2428 τὰ
405 2400 453 2434 τῆς
476 2392 619 2431 εὖσεὸείας.
642 2398 732 2427 Παιδα
750 2401 814 2436 ωγεῖ
836 2397 880 2427 τὸν

111 2441 244 2481 ὀφθαλμὸν
258 2442 294 2474 εἷς
307 2430 440 2469 εὗσέὸειαν
449 2461 457 2474 ,
475 2438 639 2476 παιδαγωγεῖ
657 2437 702 2466 καὶ
716 2409 750 2466 τῖ
764 2436 831 2476 μέλη
844 2438 881 2471 εἰς

114 2480 280 2515 δικαιοσύνην
288 2501 296 2515 ,
308 2478 353 2508 καὶ
366 2478 419 2507 ἀπὸ
431 2479 476 2507 τοῦ
488 2476 584 2516 πόρνου
595 2477 644 2510 τὴν
652 2476 776 2516 διαδογὴν
786 2477 818 2517 φέ
857 2488 880 2514 ν,

115 2519 226 2558 μεγίστη
249 2517 403 2558 σωφροσύνῃ
424 2516 576 2556 διέλαμψεν.
597 2515 683 2546 Ἡσαῦ
704 2510 749 2546 καὶ
773 2518 818 2546 ἀδε
837 2528 882 2557 φο-

116 2551 358 2597 κτόνοςᾟπῆρχεν,
373 2557 432 2586 ὅσον
454 2558 490 2590 εἷς
503 2555 626 2596 πρόθεσιν
637 2567 644 2574 ·
668 2557 692 2585 εἰ
711 2555 762 2605 γὰρ
778 2556 823 2586 καὶ
844 2556 881 2594 μὴ

117 2598 192 2634 {ZZZ-r,
204 2599 221 2633 ἡ
235 2602 290 2637 πρᾶ
307 2609 342 2632 ις,
355 2596 423 2626 ἀλλὰ
437 2599 621 2635 κατηγορεῖται
635 2597 652 2631 ἠ
667 2598 799 2635 πρόθεσις.
815 2592 882 2626 Eine

150 2671 159 2682 a
178 2666 240 2693 Migo
251 2660 320 2686 deest
337 2660 362 2686 in
375 2669 423 2686 uno
437 2660 500 2685 Cod.

918 536 1040 574 quidam
1051 541 1123 565 erat.
1135 535 1304 573 Quia'vitam
1317 536 1417 566 virtute
1431 536 1584 576 insignitam
1599 547 1660 567 nar-

918 580 1028 604 raturus
1045 582 1112 611 erat,
1127 585 1187 614 quae
1203 581 1323 605 nostrum
1337 576 1401 606 vitae
1415 575 1568 605 institutum
1581 577 1661 616 longe

919 614 1096 650 antecelleret,
1107 625 1140 644 ne
1154 614 1215 655 quis
1228 614 1263 643 ad
1279 615 1456 645 certaminum
1469 615 1661 646 sublimitatem

918 653 1074 694 respiciens,
1109 652 1195 684 utaret
1218 654 1354 684 insolitam
1373 654 1519 694 quamdam
1538 666 1594 685 esse
1614 666 1662 686 na-

919 699 1018 729 turam,
1031 703 1083 723 non
1118 703 1255 731 umnam,
1270 694 1359 734 primo
1380 701 1504 723 naturam
1526 694 1660 729 declarat,

920 739 950 762 ut
961 733 1104 763 admireris
1117 733 1296 774 propositum,
1310 733 1385 773 qnod
1400 744 1495 774 nempe
1507 734 1588 764 homo
1597 746 1662 765 cum

917 779 995 810 esset,
1013 773 1166 803 institutum
1177 773 1299 803 homines
1309 773 1441 803 excedens
1454 775 1613 816 susceperit,
1631 786 1662 804 ac

918 813 1055 842 communi
1079 813 1201 843 omnium
1223 819 1318 842 natura
1346 813 1507 849 instructus,
1536 815 1663 844 universo

919 851 1020 881 mundo
1031 853 1196 893 superiorem
1213 853 1329 882 animam
1343 854 1468 883 esl'ecerit.
1486 854 1539 883 Vir
1555 861 1618 884 erat
1631 857 1662 884 in

919 893 1036 931 regione
1048 893 1196 922 Ausitide.
1210 892 1341 922 praedicat
1360 903 1422 923 eum
1436 904 1451 923 a
1472 901 1578 931 natura,
1594 905 1662 940 prae-

920 931 993 961 dicat
1006 939 1032 961 et
1045 943 1060 961 a
1079 932 1199 972 regione,
1215 940 1256 970 ut,
1281 932 1510 971 quemadmodum
1527 933 1663 963 hommem

921 971 1011 1015 ipsum
1019 971 1142 1007 audiens,
1153 972 1260 1002 miraris
1270 971 1344 1011 quod
1351 982 1433 1013 supra
1441 973 1578 1003 hominem
1584 974 1662 1004 vixe-

922 1018 968 1047 nt,
983 1011 1023 1040 sic
1040 1018 1066 1040 et
1079 1011 1102 1040 si
1114 1011 1203 1041 discas
1222 1012 1356 1051 regionem
1381 1012 1453 1041 unde
1477 1012 1539 1042 talis
1561 1014 1664 1044 fructus

922 1057 1032 1080 exortus
1045 1057 1095 1088 est,
1108 1051 1146 1080 rei
1167 1051 1346 1081 saadmireris
1359 1052 1447 1090 qualis
1460 1062 1520 1082 rosa
1534 1052 1562 1082 in
1575 1054 1664 1083 medio

922 1090 1061 1129 spinarum
1070 1062 1256 1130 pullulaverit.
1266 1090 1394 1120 Animum
1401 1091 1545 1130 diligenter
1552 1093 1662 1123 adhibe.

923 1130 1026 1159 Ausitis
1046 1131 1120 1170 regio
1134 1131 1208 1160 Esaii
1229 1137 1304 1160 erat:
1324 1139 1385 1160 nam
1404 1131 1439 1160 ab
1458 1132 1532 1161 Esaii
1548 1133 1662 1163 Ausitis.

922 1169 1049 1199 Nominat
1059 1176 1148 1199 autem
1157 1170 1259 1210 profani
1272 1170 1421 1210 etimprobi
1431 1171 1504 1201 Esaii
1516 1172 1662 1213 regionem,

924 1215 954 1237 ut
967 1209 1004 1238 ait
1014 1210 1162 1249 apostolus,
1177 1210 1223 1239 Ne
1241 1212 1307 1250 quis
1318 1211 1486 1249 fornicator
1498 1219 1550 1241 aut
1561 1213 1663 1254 prosa·
1674 1224 1744 1247 Heln.
1762 1231 1797 1247 12,

925 1258 980 1278 nus
994 1254 1027 1278 ut
1036 1249 1130 1286 Esaii,
1145 1256 1176 1279 ut
1192 1249 1297 1279 mireris
1310 1261 1344 1279 ex
1357 1251 1457 1288 quibus
1476 1252 1602 1291 nequitiae
1619 1253 1662 1282 lu-
1678 1259 1711 1279 Μ’.

922 1287 965 1317 dis
988 1288 1077 1327 qualis
1100 1289 1220 1319 veritatis
1235 1289 1339 1319 fructus
1361 1290 1518 1320 effloruerit.
1541 1291 1596 1322 Sed
1610 1303 1663 1322 non

922 1327 1003 1357 modo
1015 1328 1106 1368 ipsum
1124 1328 1189 1358 tulit
1201 1329 1273 1358 Esaii
1295 1329 1380 1369 regio,
1396 1340 1492 1359 verum
1505 1331 1584 1361 etiam
1606 1333 1665 1372 ejus

922 1367 1002 1397 radix
1018 1374 1074 1397 erat
1095 1369 1167 1397 Esaii
1183 1381 1189 1397 :
1205 1369 1324 1409 abnepos
1348 1369 1419 1399 enim
1432 1377 1488 1399 erat
1505 1371 1581 1401 illius
1595 1372 1666 1402 infa-

922 1407 986 1436 mati
998 1407 1127 1437 hominis.
1143 1409 1241 1438 Narrat
1255 1409 1326 1438 enim
1341 1407 1481 1449 Scriptura
1495 1411 1596 1441 Jobum
1609 1422 1667 1442 esse

923 1447 1048 1486 quintum
1068 1447 1102 1476 ab
1116 1448 1280 1478 Abrahamo.
1299 1449 1362 1486 Quo
1381 1456 1470 1479 autem
1487 1458 1576 1494 pacto,
1591 1451 1664 1481 audi.

923 1486 1061 1516 Abraham
1083 1487 1176 1527 genuit
1187 1489 1320 1523 Isaacum‚
1336 1489 1412 1518 Isaac
1424 1490 1506 1526 Esau,
1522 1490 1595 1520 Esaii
1613 1492 1665 1521 Ra·
1678 1501 1734 1521 aen.
1746 1499 1784 1521 36.

924 1526 1042 1564 guelem,
1056 1527 1160 1566 Raguel
1179 1527 1286 1564 Zaram,
1299 1528 1368 1557 Zara
1382 1528 1494 1558 Jobum.
1508 1530 1662 1560 Successio-
1674 1530 1713 1554 33-

924 1574 986 1594 nem
998 1575 1061 1604 ergo
1078 1566 1113 1594 ab
1125 1566 1278 1595 Abrahamo
1293 1566 1390 1596 habuit
1402 1578 1451 1607 per
1465 1569 1549 1605 Esaii,
1564 1580 1599 1598 cx
1611 1580 1666 1608 quo

925 1604 1055 1643 originem
1069 1603 1293 1634 duxit.Ostendit
1311 1606 1402 1644 itaque
1423 1607 1551 1643 radicem,
1564 1615 1594 1638 ut
1609 1609 1667 1639 sru-

925 1649 998 1672 ctum
1011 1643 1129 1672 mireris.
1143 1645 1213 1681 Quis
1231 1651 1318 1674 autem
1334 1652 1390 1674 erat
1405 1646 1497 1675 Esaii?
1511 1649 1534 1677 F
1535 1648 1669 1678 ornicator

926 1689 951 1711 et
974 1683 1112 1722 profanus.
1127 1684 1196 1720 Quis
1212 1690 1270 1713 erat
1286 1684 1413 1714 Job?Ex
1433 1685 1603 1724 fornicatore,
1623 1688 1669 1717 hic

927 1721 983 1762 ipse
1001 1729 1090 1751 tamen
1110 1724 1154 1752 vir
1171 1730 1321 1763 temperans
1335 1730 1362 1753 et
1382 1724 1569 1760 admirandus,
1590 1728 1669 1767 cujus

927 1768 999 1800 gesta
1018 1762 1183 1802 suscepimus
1202 1763 1364 1798 enarranda3
1377 1765 1423 1803 qui
1437 1765 1475 1794 ait
1491 1776 1498 1793 :
1514 1766 1545 1796 Si
1563 1776 1594 1795 se
1615 1778 1781 1802 uu-Jol1.31,
1794 1786 1816 1807 9-

927 1808 973 1831 1us
991 1808 1033 1830 est
1049 1802 1151 1831 oculus
1164 1812 1244 1832 meus
1256 1804 1385 1832 alienam
1399 1806 1559 1844 neulierem,
1572 1817 1592 1846 p
1606 1817 1669 1836 ace-
1682 1815 1716 1830 ¹0·

928 1842 968 1870 bit
990 1840 1087 1870 alieno
1109 1843 1177 1871 viro
1199 1852 1275 1871 uxor
1295 1852 1371 1872 mea.
1391 1844 1465 1874 Esaii
1491 1856 1553 1875 cum
1576 1847 1670 1877 multis

927 1879 1090 1910 commixtus
1116 1887 1156 1910 est
1184 1882 1358 1919 mulieribus,
1381 1883 1528 1914 insatiabili
1557 1893 1670 1916 aestuans

928 1919 1039 1949 luxuria
1055 1931 1062 1948 z
1078 1919 1131 1950 Job
1155 1931 1242 1951 mores
1259 1932 1308 1962 pro
1328 1922 1386 1963 lege
1404 1923 1466 1953 vitae
1490 1924 1596 1962 habuit,
1610 1932 1670 1955 tan-

929 1965 1040 1998 tumque
1057 1959 1144 1988 abfuit
1157 1967 1187 1989 ut
1206 1961 1321 1991 alienam
1335 1963 1448 1992 formam
1461 1964 1566 1994 curiose
1584 1965 1671 2005 inqui-

928 2005 1009 2035 reret,
1031 2005 1110 2037 atque
1132 2009 1148 2028 a
1167 2000 1342 2031 fornicatione
1359 2008 1386 2032 et
1408 2002 1542 2034 adulterio
1567 2011 1670 2035 tantum

915 2038 1088 2076 abhorruit,
1112 2045 1142 2068 ut
1166 2049 1253 2079 neque
1274 2041 1394 2071 seminas·
1412 2043 1533 2073 nondum
1559 2043 1672 2085 despon—

930 2084 1000 2107 satas
1027 2078 1186 2118 inspiceret,
1209 2090 1306 2121 nempe
1331 2082 1458 2122 innuptas
1482 2083 1620 2124 virgines,
1641 2092 1671 2114 ut

930 2117 1043 2147 clariore
1060 2125 1121 2147 utar
1140 2118 1267 2150 dictione.
1289 2121 1406 2151 Tantum
1426 2122 1511 2152 abfuit
1531 2130 1561 2153 ut
1575 2124 1671 2154 alicnis

929 2157 997 2187 toris
1008 2157 1119 2186 insidias
1128 2165 1245 2198 pararet,
1258 2166 1287 2189 ut
1297 2170 1331 2189 nc
1343 2160 1482 2201 innuptam
1493 2162 1602 2201 quidem
1612 2164 1670 2194 vir-

931 2197 1029 2236 ginem,
1042 2197 1069 2226 in
1078 2207 1130 2236 qua
1140 2198 1209 2227 nihil
1221 2206 1277 2228 erat
1308 2200 1415 2238 ericuli,
1429 2202 1517 2231 oculis
1529 2203 1564 2232 ad
1577 2202 1670 2232 libidi-

931 2246 992 2265 nem
1003 2237 1162 2266 intueretur.
1172 2238 1273 2277 Ecquis
1305 2250 1342 2269 aec
1353 2241 1597 2281 testificatur?1pse
1605 2242 1668 2279 Job,

932 2277 1049 2316 Pepigi‚
1065 2276 1272 2318 inquit,soedus
1285 2289 1351 2308 cum
1371 2280 1464 2309 oculis
1487 2282 1568 2317 meis,
1587 2288 1620 2311 ut
1634 2292 1671 2311 ne
1680 2290 1730 2311 Job.
1743 2288 1782 2311 31.
1799 2294 1820 2311 ι,

934 2317 1090 2355 cogitarem
1111 2318 1227 2356 quidem
1248 2319 1286 2347 de
1305 2321 1430 2359 virgine.
1445 2319 1518 2350 Vide
1531 2320 1567 2349 ad
1591 2331 1671 2359 quam

934 2358 1019 2394 usque
1043 2355 1194 2396 disciplina!
1217 2358 1385 2387 severitatem
1419 2359 1523 2398 pietatis
1550 2360 1672 2389 studium

933 2394 1051 2424 duxerit.
1070 2396 1189 2425 Oculum
1209 2397 1244 2426 ad
1264 2397 1387 2437 pietatem
1411 2398 1537 2435 instituit,
1553 2399 1672 2428 membra

934 2434 969 2464 ad
979 2435 1112 2475 justitiam
1124 2436 1271 2475 componit,
1287 2443 1383 2466 etcum
1393 2447 1409 2466 a
1422 2437 1581 2466 fornicatore
1591 2437 1674 2468 ducat

934 2474 1076 2514 originem,
1093 2475 1209 2504 maxima
1224 2475 1354 2515 pudicitia
1368 2476 1475 2504 claruit.
1492 2477 1565 2505 Esaii
1583 2477 1674 2507 fratri-

935 2517 1006 2556 cida,
1020 2525 1149 2557 quantum
1164 2518 1196 2547 ad
1219 2518 1387 2558 propositum
1403 2519 1454 2547 fuit
1468 2529 1475 2548 t
1487 2519 1590 2549 etiamsi
1603 2521 1674 2551 enim

937 2564 1011 2587 actus
1036 2567 1088 2586 non
1115 2557 1260 2596 prodierit,
1283 2565 1310 2586 at
1332 2558 1499 2597 propositum
1522 2567 1672 2590 accusatur.

933 2598 1002 2626 Nam
1013 2596 1052 2626 ait
1068 2610 1074 2626 :
1092 2598 1178 2625 Dixit
1191 2598 1271 2626 Esaii
1284 2598 1314 2625 ῖη
1325 2597 1411 2626 corde
1425 2607 1477 2628 suo
1490 2610 1498 2627 .·
1512 2600 1674 2641 Appropin-
1689 2615 1822 2645 ⁶⁰¹¹·25--ih
