1890 2826
331 180 366 204 IN
393 180 494 203 ILLUD
520 177 626 211 ISALE,
650 177 717 201 EGO
734 174 883 200 nouimus
909 173 991 196 DEUS
1017 173 1092 197 FEct
1118 173 1244 206 unum,
1266 173 1342 196 Fre.

93 244 169 282 στὸς,
182 245 243 274 ὅταν
256 243 322 282 λέγῃ
334 265 342 279 ,
354 241 474 282 Ἀρκετὸν
488 242 521 280 τῇ
534 239 623 280 ἡμέρα
635 240 653 274 ἡ
668 237 750 268 κακία
764 238 862 273 αὐτῆς,

93 290 153 324 τοὺς
170 291 296 330 ἱδρῶτας,
319 288 364 318 τὸν
383 287 496 327 μόχθον,
516 285 565 322 τὴν
586 283 767 324 ταλαιπωρίαν
787 282 860 322 φησί.

131 514 219 543 Τοῦτο
233 507 276 541 οὖν
290 522 368 551 φησιν
382 512 397 540 ὁ
410 508 549 550 προφήτης
560 520 567 528 ·
582 508 620 547 μὴ
641 509 710 547 ὑμᾶς
729 506 861 536 ἐκλυέτω-

94 571 143 590 σαν
155 561 180 589 οἱ
193 559 421 599 ψευδοπροφῆται·
434 558 449 585 ὃ
461 555 512 596 γὰρ
525 555 594 588 Θεὸς
604 556 666 593 ὑμῖν
681 553 787 592 εἰρήνην
801 554 862 583 δοῦ-

94 618 137 635 ναι
169 604 277 635 δύναται
290 626 298 640 ,
326 602 372 633 καὶ
399 601 570 642 αἰχμαλωσίᾳ
595 601 757 640 παραδοῦναι
768 611 775 618 ·
798 610 863 628 του·-

94 651 192 686 τέστιν,
207 650 243 680 Ὁ
255 651 338 679 ποιῶν
349 648 466 689 εἰρήνην,
479 647 526 678 καὶ
538 646 634 681 κτίζων
655 645 737 676 κακά.
753 644 808 675 Καὶ
820 645 864 674 ἵνα

95 696 180 736 μάθῃς
198 695 238 725 ὅτι
251 694 328 725 τοῦτό
348 696 419 724 ἐστιν
434 693 529 730 ἀληθὲς
539 715 548 729 ,
564 692 643 726 αὐτὰς
656 691 703 725 τὰς
715 691 799 726 λέξεις
814 693 866 730 βα-

1587 171 1653 207 ¹79

912 234 997 264 modi.
1011 234 1118 264 Idcirco
1132 234 1212 264 etiam
1226 233 1333 274 quando
1345 232 1416 262 alius
1430 233 1560 273 propheta
1570 231 1654 269 dixit,

912 280 943 310 Si
956 285 999 309 est
1013 280 1129 309 malitia
1143 281 1175 308 in
1188 281 1316 316 civitate,
1332 288 1421 318 quam
1437 279 1578 320 nonsecit
1593 281 1654 307 Do-
1665 278 1744 301 Amos.
1755 276 1796 301 3⁶

913 327 1021 363 minus,
1031 325 1100 355 hane
1113 325 1185 355 dixit
1198 325 1340 359 malitiam,
1349 324 1457 362 famem,
1469 326 1606 362 morbum,
1617 324 1654 354 in·

912 371 998 407 flictas
1012 381 1026 400 a
1045 372 1103 400 Deo
1122 371 1233 411 plagas:
1250 370 1289 400 sic
1306 369 1471 400 et-Christus
1490 381 1554 399 cum
1569 369 1654 407 dicit,

911 416 1029 457 Sufficit
1041 417 1100 446 diei
1112 417 1227 446 malitia
1234 426 1300 452 sua,
1313 414 1424 445 sudores
1435 415 1514 454 dicit,
1525 415 1655 453 laborem,
1669 420 1753 444 Mauh.
1767 422 1791 445 6.

911 462 1094 492 afflictionem.

952 509 982 537 ’1.
1005 509 1064 539 Hoc
1082 508 1167 548 igitur
1184 509 1251 539 dicit
1271 508 1423 550 propheta:
1438 508 1479 539 Ne
1502 507 1605 539 debiles
1627 520 1659 539 ac

912 554 1038 585 remissos
1050 565 1101 586 vos
1111 555 1224 585 reddant
1238 554 1478 595 pseudoprophetae
1482 566 1491 591 ;
1504 556 1578 584 Deus
1588 555 1659 584 enim

913 600 992 631 vobis
1019 610 1112 640 pacem
1136 601 1231 641 largiri
1254 607 1359 641 potest,
1386 603 1412 630 et
1435 600 1585 640 captivitati
1611 611 1660 631 vos

908 640 1020 676 'tradere
1036 658 1044 675 ε
1066 647 1119 677 hoc
1139 654 1197 685 est,
1216 649 1344 677 Faciens
1362 657 1484 687 pacem,
1506 653 1535 676 et
1557 657 1661 676 creans

915 692 1008 722 mala.
1032 693 1121 732 Atque
1137 700 1168 722 ut
1180 694 1232 723 hoc
1245 703 1342 724 verum
1355 703 1412 722 esse
1424 692 1571 733 intelligas,
1590 693 1662 733 ipsas

95 742 244 782 σανίσωμεν
267 741 335 781 μετὰ
356 740 500 780 ἀκριὸείας.
521 738 614 769 Εἰπὼν
635 737 687 778 γὰρ
701 737 755 767 ἄνω
764 759 772 774 ,
792 736 866 776 Ἐγώ
881 743 900 767 E
915 738 1048 768 dictiones
1060 739 1211 769 accuratius
1224 739 1418 769 examinemus.
1433 739 1504 769 Cum
1517 739 1590 769 enim
1602 746 1663 769 ante

96 789 152 827 εἰμι
164 789 179 817 ὁ
187 787 301 823 ποιήσας
315 788 370 827 φῶς
381 785 427 815 καὶ
440 785 546 822 σκότος,
559 784 620 825 τότε
629 783 748 823 ἐπήγαγε
756 806 765 820 ,
776 783 865 812 Ποιῶν

96 833 212 874 εἰρήνην,
223 833 268 863 καὶ
281 832 376 866 κτίζων
396 830 477 861 κακά.
493 830 547 860 Δύο
560 829 665 860 ἐναντία
679 829 734 858 ἄνω
750 828 867 864 τέθεικε,

96 880 141 909 καὶ
164 879 210 909 δύο
231 878 338 909 ἐναντία
361 876 429 917 μετὰ
441 880 534 912 ταῦτα,
550 876 594 906 ἵνα
607 876 692 915 μάθῃς
707 874 751 904 ὅτι
763 875 793 904 οὖ
807 875 868 914 περὶ

95 925 219 966 πορνείας
232 924 320 965 λέγει,
340 923 408 953 ἀλλὰ
426 922 488 963 περὶ
501 924 651 963 συμφορῶν.
670 921 707 951 Τί
725 921 776 961 γὰρ
794 922 868 950 ἀντι-

98 971 279 1002 διαστέλλεται
298 972 332 1010 ·ιῇ
354 969 444 1010 εἰρήνῃ
457 981 465 1005 3
481 968 600 1004 Εὔδηλον
616 967 657 997 ὅτι
677 967 847 1007 αἰχμαλωσία
859 989 868 1003 ,

98 1019 146 1048 οὐκ
164 1017 298 1057 ἀσέλγεια,
317 1016 377 1046 οὐδὲ
390 1014 510 1055 πορνεία,
530 1013 590 1043 οὐδὲ
606 1012 752 1047 πλεονεξία.
762 1012 869 1051 Ὥσπερ

98 1061 142 1094 οὖν
163 1063 285 1103 ἀνωτέρω
304 1061 409 1092 ἐναντία
431 1061 477 1090 δύο
492 1060 616 1096 τέθεικεν,
633 1059 702 1088 οὕτω
716 1059 747 1095 δὴ
770 1058 815 1088 καὶ
830 1059 870 1087 ἐν-

98 1109 327 1140 ταῦθα’-ἐναντίον
348 1108 376 1137 δὲ
388 1109 422 1148 τῇ
445 1107 535 1147 εἰρήνῃ
549 1107 579 1135 οὖ
596 1104 721 1145 πορνεία,
734 1103 793 1133 οὐδὲ
809 1114 870 1143 μοι-

916 784 1040 821 dixisset,
1055 785 1122 824 Ego
1142 794 1206 814 sum
1220 786 1273 825 qui
1279 785 1345 825 feci
1359 785 1453 814 lucem
1466 790 1495 814 et
1510 786 1642 815 tenebras
1653 808 1661 823 ,

916 837 981 860 tunc
1001 829 1119 868 addidit,
1145 831 1271 860 Faciens
1282 841 1394 870 pacem,
1410 837 1439 860 et
1454 841 1556 861 creans
1568 832 1660 861 mala.

917 877 979 905 Duo
994 877 1128 905 contraria
1140 885 1232 916 ¹supra
1245 877 1345 916 posuit,
1365 887 1396 906 ac
1416 876 1513 906 deinde
1531 877 1586 907 duo
1600 887 1664 907 cou-

916 922 1015 959 traria,
1038 929 1069 951 ut
1092 922 1227 962 intelligas
1248 933 1310 952 eum
1335 933 1388 952 nou
1414 922 1449 952 de
1472 923 1663 961 fornicatione,

918 967 966 997 sed
985 967 1020 997 de
1038 968 1238 998 calamitatibus
1252 968 1340 1007 loqui.
1363 968 1439 1005 Quid
1454 969 1527 998 enim
1539 969 1666 1008 estquod

919 1013 979 1053 paci
992 1013 1139 1053 opponitur
1149 1013 1163 1042 Ξ)
1177 1013 1289 1043 Clarum
1302 1020 1341 1043 est
1354 1013 1428 1053 quod
1448 1014 1484 1044 sit
1506 1015 1647 1055 captivitas
1655 1033 1664 1052 ,

919 1068 973 1088 non
994 1058 1104 1088 lascivia
1115 1081 1123 1096 ,
1140 1068 1227 1097 neque
1245 1059 1385 1089 fornicatio
1396 1082 1405 1097 ,
1425 1070 1512 1099 neque
1533 1060 1646 1091 avaritia
1657 1082 1664 1088 .

920 1105 960 1134 Ut
973 1103 1056 1144 igitur
1078 1104 1203 1143 superius
1220 1103 1276 1133 duo
1298 1105 1431 1135 contraria
1448 1106 1551 1146 posuit,
1571 1106 1611 1136 sic
1623 1106 1667 1135 ni-

99 1156 172 1196 χεία,
199 1155 258 1184 οὐδὲ
281 1154 423 1193 ἀσέλγεια,
445 1152 503 1182 οὐδὲ
524 1152 551 1180 αἱ
571 1150 663 1180 λοιπαὶ
683 1149 792 1187 κακίαι,
811 1149 1023 1186 om‘mmirum
1044 1157 1071 1181 et
1091 1151 1218 1181 hocloco
1234 1152 1391 1181 :contraria
1410 1163 1474 1184 vero
1494 1154 1554 1194 paci
1567 1164 1609 1183 res
1629 1160 1668 1182 est

101 1200 273 1242 αἰχμαλωσία
292 1200 338 1230 καὶ
358 1198 474 1228 δουλεία.
487 1197 556 1227 Ἀλλ’
578 1196 643 1236 ὅπερ
665 1195 709 1225 ἐπὶ
729 1197 781 1224 τῶν
798 1205 873 1224 ⁶1⁰²·-
889 1194 909 1218 Α
923 1209 976 1230 non
989 1198 1142 1236 fornicatio,
1157 1199 1244 1237 neque
1255 1199 1430 1238 adulterium,
1439 1203 1527 1241 ‘neque
1540 1201 1667 1239 lascivia,

101 1248 180 1288 {²4⁰⁹
200 1246 353 1286 πάσχουσι,
379 1247 456 1275 τοῦτο
479 1243 525 1284 καὶ
549 1242 594 1272 ἐπὶ
614 1243 667 1271 τῶν
694 1240 870 1281 πραγμάτων.
924 1256 1010 1284 neque
1021 1245 1124 1283 reliqua
1135 1243 1216 1275 vitia;
1228 1244 1275 1274 sed
1288 1245 1429 1285 captivitas
1437 1253 1463 1276 et
1474 1247 1601 1277 servitus.
1614 1248 1669 1278 Sed

101 1290 166 1324 Οῖόν
186 1305 213 1323 τι
230 1293 317 1331 λέγω·
331 1291 422 1330 ὥσπερ
443 1288 551 1325 ἐποίησε
572 1290 626 1328 φῶς
640 1287 685 1317 καὶ
703 1286 813 1322 σκότος,
827 1284 873 1315 καὶ
923 1291 992 1320 sicut
1012 1300 1074 1329 erga
1095 1289 1236 1326 elementa,
1260 1290 1300 1319 sic
1312 1301 1375 1330 erga
1393 1302 1436 1321 res
1450 1291 1522 1332 ipsas
1543 1294 1665 1323 homines

101 1340 208 1372 πολλοῖς
221 1338 251 1367 τὸ
266 1337 313 1377 μὲν
337 1339 391 1377 φῶς
412 1334 462 1371 ἡδὺ
487 1335 558 1363 δοκεῖ
572 1329 656 1370 εἶναι,
681 1332 712 1362 τὸ
732 1331 759 1361 δὲ
781 1331 874 1364 σκότος
923 1336 1087 1366 afficiuntur.
1105 1335 1233 1374 Exempli
1246 1345 1325 1366 causa
1341 1349 1349 1365 :
1365 1338 1594 1376 quemadmodum
1607 1340 1670 1370 fecit

102 1385 233 1425 ἐπαχθὲς,
256 1383 301 1413 καὶ
327 1382 498 1412 διαὸάλλουσι
518 1380 567 1416 τὴν
592 1378 674 1408 νύκτα
698 1380 734 1412 ὥς
753 1377 872 1418 πονηράν
923 1384 1011 1414 lucem
1024 1390 1051 1413 et
1062 1383 1195 1421 tenebras,
1211 1390 1237 1413 et
1250 1384 1344 1414 multis
1356 1395 1413 1416 esse
1423 1387 1544 1426 jucunda
1558 1387 1608 1418 lux
1627 1390 1671 1419 vi-

101 1443 161 1461 τινα
174 1426 254 1460 οὖσαν
263 1442 270 1448 ·
284 1429 353 1458 οὕτω
376 1428 408 1464 δὴ
428 1426 474 1457 καὶ
488 1426 532 1456 ἐπὶ
545 1427 597 1455 τῶν
616 1423 788 1465 πραγμάτων.
804 1424 872 1452 Ἀλλ’
923 1430 1018 1466 detur,
1033 1429 1148 1459 tenebrae
1163 1440 1228 1460 vero
1241 1430 1359 1460 molestie
1370 1453 1378 1468 ‚
1393 1442 1424 1461 ac
1437 1439 1540 1462 noctem
1559 1434 1670 1473 quidam

102 1477 163 1507 οὔτε
186 1476 235 1512 τὴν
257 1475 339 1505 νύκτα
360 1473 525 1509 διαῧλητέον,
549 1471 609 1501 οὐδὲ
629 1471 660 1500 τὸ
682 1470 792 1504 σκότος,
814 1470 874 1500 οὐδὲ
923 1484 1060 1516 tamquam
1085 1476 1183 1506 malam
1208 1483 1353 1506 accusant:
1369 1478 1408 1507 sic
1432 1479 1563 1511 nimirum
1589 1489 1616 1512 et
1642 1483 1670 1512 in

103 1524 194 1556 ἅπλῶς
204 1522 254 1558 τὴν
271 1520 399 1557 δουλείαν,
412 1520 458 1550 καὶ
479 1519 527 1555 τὴν
542 1516 737 1558 αἰχμαλωσίαν.
750 1515 786 1545 Τί
806 1516 873 1556 γὰρ,
928 1523 1010 1554 rebus
1035 1522 1112 1563 ipsis.
1126 1524 1164 1556 ,Αῑ
1177 1533 1262 1562 neque
1281 1533 1336 1554 nox
1355 1532 1395 1554 est
1407 1527 1572 1566 accusanda,
1585 1539 1671 1569 neque

103 1569 162 1598 εἰπέ
178 1580 238 1607 μοι,
255 1568 353 1608 φαῦλον
377 1566 433 1606 ἔχει
452 1565 483 1595 τὸ
496 1563 606 1600 σκότος;
620 1562 680 1602 οὖχὶ
703 1561 790 1591 πόνων
804 1561 875 1591 ἐστὶν
926 1567 1040 1597 tenebra:
1052 1589 1060 1604 ‚
1083 1577 1169 1606 neque
1194 1567 1303 1598 omnino
1325 1570 1440 1600 servitus
1464 1578 1490 1601 et
1514 1574 1668 1613 captivitas.

105 1614 266 1650 ἀνάπαυσιςς
280 1612 341 1652 οὐχὶ
352 1611 495 1652 φροντίδων
508 1610 613 1646 ἄνεσις,
626 1608 687 1647 οὐχὶ
702 1607 788 1644 λύπης
802 1608 876 1637 ἄναί·
927 1613 1003 1652 Quid
1015 1613 1098 1652 euim,
1122 1624 1223 1652 quaeso,
1242 1615 1307 1644 mali
1320 1615 1419 1647 habent
1434 1618 1568 1649 tenebroe?
1583 1631 1671 1651 nonne

107 1672 193 1700 ρεσιςς
212 1659 271 1700 οὐχὶ
294 1658 384 1698 ἰσχύος
404 1656 543 1697 προσθήκη
555 1667 564 1691 ;
582 1656 616 1684 Ei
631 1655 659 1684 δὲ
681 1654 719 1693 μὴ
733 1654 825 1687 σκότος
843 1650 875 1690 ἦν
927 1668 990 1692 sunt
1004 1673 1020 1691 a
1033 1662 1173 1692 laboribus
1187 1663 1317 1693 relaxatio
1327 1664 1341 1693 ἰ’
1355 1675 1443 1694 nonne
1456 1667 1577 1698 remissio
1591 1679 1667 1698 cura-

105 1706 155 1740 καὶ
170 1705 215 1739 νὺξ
224 1726 232 1740 ,
252 1704 317 1734 πότε
341 1703 372 1737 ἂν
394 1701 582 1740 ἀπελαύσαμεν
595 1702 642 1729 τοῦ
666 1699 768 1739 φωτόςὶ
784 1702 832 1729 οὐχ
845 1699 876 1728 ἂν
891 1703 911 1726 ¹³
928 1708 1012 1738 rum?
1025 1717 1113 1738 nonne
1126 1707 1229 1738 doloris
1246 1710 1431 1740 exterminatio
1441 1711 1455 1740 Ρ
1468 1722 1555 1743 nonne
1568 1714 1669 1744 virium

104 1751 230 1792 διεφθάρη
255 1750 300 1780 καὶ
322 1748 444 1779 ἀπώλετο
457 1750 535 1776 τοῦτο
557 1746 587 1776 τὸ
601 1747 666 1780 ζῶον
687 1748 701 1775 δ
724 1745 877 1785 ἄνθρωποῦ
928 1753 1065 1783 accessio?
1087 1753 1168 1791 Quod
1181 1755 1205 1783 si
1217 1755 1332 1784 tenebrae
1352 1766 1406 1785 non
1423 1758 1536 1789 fuissent
1555 1767 1581 1790 et
1601 1770 1654 1791 nox

104 1798 210 1836 Ὥσπερ
222 1795 249 1825 δὲ
275 1796 305 1825 τὸ
327 1794 418 1828 σκότος
441 1794 511 1823 δοκεῖ
533 1792 582 1831 μὲν
601 1796 656 1825 τοῖς
677 1791 800 1827 ἀνοήτοις
811 1787 879 1821 εἶναι
928 1799 1036 1838 quando
1059 1799 1120 1829 luce
1138 1800 1218 1839 potiti
1237 1802 1383 1832 essemus?
1405 1814 1491 1833 nonne
1513 1784 1674 1847 corruptuui

106 1843 196 1880 κακὸν,
208 1844 256 1872 οὐκ
270 1842 326 1871 ἔστι
338 1840 377 1876 δὲ,
391 1839 461 1870 ἀλλὰ
482 1838 548 1879 πρὸς
561 1837 608 1874 τὴν
622 1836 724 1878 ἡμέραν
737 1839 802 1877 ἡμῖν
817 1850 879 1867 σον-
928 1846 1022 1875 fuisset
1040 1853 1120 1885 atque
1142 1847 1312 1877 interemtum
1331 1848 1382 1878 hoc
1402 1850 1502 1880 animal
1524 1852 1625 1882 homo?
1638 1855 1678 1884 Ut

105 1892 195 1926 τελεῖ,
212 1887 257 1918 καὶ
270 1887 335 1927 πρὸς
348 1886 396 1919 τὰς
409 1885 534 1926 ἐργασίας
547 1886 574 1914 ἓν
589 1885 656 1923 αὐτῇ
678 1883 737 1917 τοὺς
751 1885 875 1914 ἀναπαυ-
929 1899 1018 1922 autem
1030 1892 1157 1922 videntur
1169 1893 1279 1931 quidem
1293 1893 1482 1935 insipientibus
1490 1899 1605 1928 tenebra:
1619 1910 1678 1929 ma-

106 1935 234 1976 σαμένους
256 1931 479 1971 ἐπιτηδειοτέρους
498 1929 689 1964 κατασκευάζει
702 1941 709 1948 ·
728 1929 798 1960 οὕτω
819 1931 879 1961 οὗδὲ
930 1938 989 1968 lum
1001 1949 1057 1968 esse
1076 1938 1226 1978 quiddam,
1242 1942 1346 1971 tametsi
1359 1953 1412 1972 non
1432 1950 1510 1982 tunt,
1524 1955 1619 1975 verum
1639 1947 1675 1977 ad

107 1980 277 2023 αἰχμαλωσία
298 1981 396 2020 φαῦλον
409 1991 415 1997 ·
439 1978 501 2018 περὶ
518 1973 550 2013 ἧς
563 1979 577 2006 ὃ
589 1977 726 2017 προφήτης
749 1977 879 2017 διελέγετο
930 1986 1016 2026 ipsam
1029 1986 1102 2016 diem
1115 1987 1193 2017 nobis
1210 1996 1273 2019 sunt
1287 1990 1362 2028 usui,
1377 1998 1403 2020 et
1419 1991 1454 2021 ad
1466 2002 1557 2032 opera,
1574 2004 1634 2033 quae
1647 1996 1675 2025 in

106 2029 189 2069 λέγων
199 2050 208 2064 ,
230 2027 265 2058 Ὁ
286 2028 368 2056 ποιῶν
392 2025 509 2079 εἰρήνζιν,
530 2023 576 2053 καὶ
596 2023 690 2057 κτίζων
709 2023 779 2053 κακά
789 2035 795 2042 ·
811 2025 879 2054 ἀλλὰ
930 2033 990 2073 ipsa
1003 2034 1176 2075 suscipimus,
1189 2037 1278 2074 quiete
1291 2045 1424 2068 recreatos
1436 2038 1526 2069 reddit
1538 2041 1655 2081 aptiores
1668 2055 1675 2071 :

107 2073 306 2116 χρησιμώτερον
325 2076 379 2106 τοῖς
392 2073 429 2105 εἷς
451 2071 508 2100 δεον
521 2069 667 2110 χρωμένοῑς
676 2070 878 2126 Ἰσοᾯρονῑστέ-
931 2079 967 2109 ita
978 2090 1064 2119 neque
1083 2081 1186 2111 malum
1196 2082 1264 2121 quid
1284 2091 1324 2113 est
1335 2085 1488 2124 captivitas,
1507 2086 1542 2116 de
1554 2098 1606 2126 qua
1620 2089 1677 2118 dis-

109 2132 167 2160 9⁰⁰<
180 2120 209 2151 δὲ
221 2119 267 2150 ml
285 2117 493 2157 ἷπῑεῑκεστέρους
511 2120 582 2146 ποιεῖ
601 2126 799 2172 πεξξζξοπτουσα
813 2116 879 2146 ἀπό·
931 2127 1034 2157 serebat
1054 2128 1186 2167 propbeta
1199 2139 1262 2159 cum
1282 2130 1394 2170 diceret,
1419 2134 1546 2163 Faciens
1557 2146 1659 2174 pacem

109 2165 355 2196 mundatam—mov
365 2164 416 2204 γὰρ
429 2166 447 2199 ἡ
462 2161 553 2202 ἀρετὴ,
566 2161 611 2191 καὶ
624 2171 698 2191 ουοεν
714 2164 794 2198 αὖῖῆς
806 2174 880 2202 περι·
896 2168 915 2192 (ἶ
933 2177 962 2200 et
980 2181 1082 2201 creans
1102 2172 1184 2202 mala
1196 2185 1205 2201 :
1221 2173 1268 2203 sed
1289 2185 1332 2204 res
1352 2175 1446 2206 utilior
1468 2181 1507 2207 est
1522 2178 1556 2207 iis
1575 2179 1622 2217 qui
1644 2159 1676 2209 ui

109 2211 229 2251 γενέσθαι
242 2210 338 2241 δύναιτ’
353 2209 394 2245 ἂν,
407 2210 436 2238 οὗ
451 2207 556 2238 δουλεία
565 2229 574 2244 a
586 2208 633 2237 Οὗχ
647 2209 820 2248 αἷχμ-αλωσία
829 2230 837 2244 2
850 2210 879 2237 Οὐ
932 2222 1038 2255 oportet
1054 2226 1085 2245 ea
1104 2216 1204 2246 fuerint
1219 2217 1261 2247 usi
1277 2229 1283 2246 :
1299 2220 1517 2259 temperantior-es
1536 2229 1625 2251 autem
1645 2234 1677 2252 ac

109 2256 200 2294 πενία,
214 2257 243 2286 οὗ
259 2255 349 2291 νόσος,
370 2257 418 2285 οὐκ
437 2254 500 2284 αὐτὸ
510 2276 518 2290 ‚
534 2252 667 2283 ὅποῖντων
690 2254 880 2295 τυραννικώτῑ·
932 2261 1104 2292 modestiores
1118 2273 1162 2302 eos
1176 2263 1268 2301 efficit,
1292 2264 1359 2294 dum
1383 2267 1561 2306 arrogantiam
1583 2276 1676 2299 retun-

111 2314 165 2343 pov,
175 2305 190 2332 ὃ
202 2301 320 2335 θάνατος·
337 2301 391 2331 Καὶ
409 2302 532 2337 δηλοῦσιν
551 2300 664 2333 ἅπαντες
678 2302 702 2329 οἳ
715 2303 806 2335 ταῦτα.
815 2303 880 2330 ὓπο-
932 2307 983 2338 dit.
999 2309 1058 2338 Non
1073 2309 1145 2338 enim
1160 2309 1188 2338 in
1200 2311 1357 2340 servitutem
1371 2311 1457 2352 redigi
1471 2320 1557 2353 potest
1570 2314 1657 2344 virtus
1667 2337 1675 2352 ,

111 2349 245 2388 μείναντες
268 2347 391 2382 ἅπαντα,
412 2346 457 2376 καὶ
471 2347 503 2375 δι’
519 2347 605 2376 αὐτῶν
620 2345 743 2383 μειζόνως
756 2345 880 2386 λάμψαν-
933 2364 1018 2393 neque
1041 2354 1075 2383 ab
1096 2354 1154 2384 ullo
1182 2356 1320 2395 superari,
1343 2367 1395 2386 non
1419 2368 1435 2387 a
1458 2360 1601 2396 servitute,
1625 2371 1676 2390 non

110 2406 161 2428 τες.
175 2393 212 2423 Τί
230 2392 282 2433 γὰρ
301 2393 345 2422 τὸν
359 2391 458 2448 Ἰωαὴφ
482 2391 632 2448 ἔθλαψξνὶἧ
653 2390 772 2426 800λέίαὶ
786 2391 880 2428 (οὐδὲν
933 2410 948 2428 a
962 2399 1127 2439 captivitate,
1140 2411 1215 2430 nona
1222 2409 1389 2442 paupertate,
1399 2414 1451 2433 non
1463 2405 1498 2433 ab
1512 2405 1569 2444 ipsa
1581 2412 1677 2443 morte,

109 2439 161 2479 γὰρ
183 2438 280 2469 κωλύει
303 2438 383 2468 πάλιν
399 2448 444 2467 τον
465 2436 542 2467 αὗτὸν
564 2446 646 2475 ανοροῑ
671 2438 707 2470 εἷς
722 2436 800 2475 μέσον
815 2438 880 2477 ἀγα·
933 2457 992 2486 quae
1023 2447 1143 2477 omnium
1176 2455 1215 2477 est
1248 2449 1440 2488 potentissima.
1474 2451 1627 2481 Ostendunt
1649 2453 1679 2482 id

110 2488 166 2524 γεῖν
178 2487 206 2522 ·)
219 2484 246 2513 τί
258 2483 310 2524 γὰρ
329 2483 364 2513 τὰ
382 2482 482 2522 Scep-45
504 2482 532 2512 τί
552 2481 580 2512 δ)-
594 2483 621 2511 αῑ
643 2482 765 2519 &mmm
779 2483 805 2513 τί
819 2483 846 2514 δὲ
861 2487 878 2520 ἦ
933 2501 1036 2528 omnes,
1054 2491 1103 2530 qui
1123 2491 1181 2521 haec
1201 2493 1291 2522 omnia
1311 2500 1374 2522 sunt
1390 2494 1524 2533 perpessi,
1544 2502 1569 2524 et
1587 2506 1681 2526 eorum

112 2529 287 2571 συκοφαντία,
298 2529 324 2559 τί
337 2529 365 2558 δὲ
378 2531 395 2564 ἣ
410 2527 556 2564 ἷπῑὸουλῆὅ
571 2527 597 2557 τί
614 2527 641 2557 δὲ
652 2530 669 2564 ἧ
680 2528 724 2558 ἰπὶ
739 2531 786 2566 ’ῑῆς
799 2530 880 2560 ἅλλο-
933 2547 1015 2577 opera
1036 2537 1164 2567 clariores
1187 2545 1340 2567 evaserunt.
1372 2539 1447 2576 Quid
1469 2540 1540 2570 enim
1563 2542 1682 2582 Josepho

113 2582 185 2621 τρίας
198 2580 333 2620 διατριβή,
348 2579 384 2609 Τί
396 2580 440 2609 τὸν
454 2578 542 2614 Ἰὼὸἠ
555 2580 608 2608 τῶν
621 2579 761 2617 ,Βουκολίων
770 2579 815 2609 καὶ
827 2583 878 2610 τῶν
937 2583 1054 2614 servitus
1076 2583 1190 2612 nocuit?
1219 2586 1230 2620 (
1242 2583 1311 2613 nihil
1338 2584 1409 2613 enim
1437 2592 1507 2615 vetat
1539 2589 1683 2626 quominus

1667 453 1705 484 ³4-

1687 2320 1769 2342 Virtus
1786 2329 1828 2342 non

1687 2356 1759 2380 potest
1807 2354 1830 2373 in

1688 2384 1817 2404 servitutem

1689 2414 1767 2442 redigi.
