1904 2840
606 213 638 235 IN
665 213 869 236 MATTHAEUM.
897 212 1014 236 nomn.
1044 213 1160 238 vam.

153 272 243 312 posuit
259 272 310 309 cis,
322 271 458 311 quomodo
477 281 521 302 res
536 274 612 302 erant
629 273 812 312 agen'dQsed
830 283 891 311 pro-
909 276 927 299 Α

172 311 260 351 hetico
268 322 343 341 more
356 311 480 352 pmdixit
496 311 535 341 eis
548 322 608 351 quae
622 322 664 341 res
682 319 757 342 erant
770 323 784 342 a
837 312 889 342 dae.

152 323 296 391 ssmphetia
313 358 402 380 autem
421 361 526 392 semper
542 362 590 391 per
603 352 760 391 mysterium
799 352 890 389 icitur,

152 397 180 420 et
198 401 247 431 per
265 391 424 430 mysterium
437 391 608 431 intelligitur.
623 391 699 428 Quid
713 392 815 431 igitur?
829 393 892 422 Haec

152 430 227 470 signa
249 429 283 460 de
303 431 382 466 fame,
396 430 431 460 de
449 431 539 467 bellis,
555 438 581 460 et
594 431 628 461 de
647 438 809 467 terraemotu,
821 431 844 461 si
857 431 892 461 ad

151 470 264 509 plenum
283 470 458 510 spiritualiter
479 470 646 500 voluerimus
664 471 823 510 intelligere,
839 481 892 500 non

151 517 264 549 possunt
283 510 415 550 pertinere
423 510 460 540 ad
477 510 715 540 manifestationem
733 510 894 540 destructio-

151 549 194 578 nis
207 549 356 580 Jerusalem
371 561 378 578 :
393 550 458 589 quia
472 555 536 579 tunc
553 550 730 595 spiritualiter
748 560 812 589 gens
828 560 894 579 con-

151 595 194 618 tra
213 596 319 628 gentem
337 599 389 618 non
410 589 549 619 surrexit:
563 589 594 618 id
612 597 662 626 est,
677 589 784 619 haeresis
801 596 893 618 eontra

151 628 284 658 haeresim.
297 629 370 658 Nam
382 636 501 668 tempore
513 629 695 669 apostolorum
708 628 892 665 tantummodo

151 669 285 698 seminata:
296 675 358 698 sunt
367 668 489 704 haereses,
500 675 621 707 tempore
630 676 720 698 autem
730 668 801 708 regis
812 667 893 698 Chri-

150 708 230 738 stiani
249 708 467 747 germinaverunt
482 720 490 737 =
506 709 603 738 nostris
619 715 708 738 autem
725 708 892 748 temporibus

150 754 337 777 maturuerunt
354 743 382 777 et
396 748 605 788 prevaluerunt.
619 749 698 778 Tunc
716 747 787 776 anim
809 748 892 777 famas

151 797 205 816 non
224 794 280 817 erat
299 787 459 831 spiritualis,
472 787 521 817 sed
541 797 638 827 magna
652 787 771 824 ubertas,
785 787 820 817 de
838 797 892 826 qua

119 854 125 860 ,
150 827 281 867 propheta
292 827 399 856 d1cebat
411 839 418 856 :
432 827 566 856 Visicasu'
584 833 702 862 terram,
717 833 745 856 et
765 828 891 856 inebria-

151 870 273 903 sticum,
285 867 486 906 multiplicasti
494 868 590 896 ditare
599 877 674 896 eam.
685 867 752 896 Item
765 866 787 895 si
802 867 892 896 volue-
909 874 927 897 B

151 907 240 936 rimus
252 906 310 936 hae
326 906 403 946 signa
419 913 524 936 tantum
542 906 716 946 corporaliter
730 906 891 946 intelligere,

151 956 204 976 non
217 946 362 986 proficiunt
375 945 410 975 ad
429 946 667 975 manifestationem
686 947 894 975 consummatio-

150 986 194 1015 nis
213 985 318 1015 mundi.
332 986 401 1015 Nam
421 992 448 1014 et
460 986 532 1015 bella
553 985 610 1014 haec
629 986 776 1025 corporalia
789 996 894 1026 semper

149 1027 268 1060 simunt,
284 1032 311 1054 et
323 1035 428 1065 semper
437 1032 524 1055 erunt.
543 1027 578 1056 Et
591 1025 683 1061 fames,
698 1031 745 1054 aut
757 1031 894 1055 terraemo-

149 1072 194 1095 tus
212 1065 331 1095 carnales
349 1075 455 1110 semper
472 1065 591 1095 fuerunt.
614 1066 674 1094 Non
698 1071 783 1105 potest
804 1072 893 1095 autem

149 1115 207 1135 esse
219 1105 247 1134 in
259 1106 366 1145 signum
379 1105 495 1145 alicujus
516 1105 555 1134 rei
571 1106 683 1140 suturae,
695 1104 769 1143 quod
788 1115 893 1145 semper

150 1145 202 1174 fuit
216 1145 244 1173 in
258 1155 310 1174 usu
325 1156 333 1173 ε
347 1144 394 1175 sed
406 1144 481 1184 quod
493 1155 593 1175 novum
606 1144 647 1181 fit,
660 1144 731 1174 illud
743 1144 844 1174 dicitur
853 1146 893 1174 si-

151 1195 246 1224 gnum.
258 1184 334 1214 Sicut
352 1195 416 1224 ergo
437 1185 487 1214 fuit
500 1184 650 1215 Jerusalem
669 1184 717 1213 illa
733 1185 890 1223 corporalis,

150 1235 211 1263 quie
221 1223 279 1264 jam
291 1231 441 1269 expugnata
450 1224 528 1254 estin
540 1224 627 1263 ligura
639 1236 646 1252 ε
658 1230 697 1253 est
707 1230 795 1253 autem
810 1225 893 1254 altera

150 1263 299 1294 Jerusalem
312 1264 581 1304 spiritualis,scilieet
589 1263 708 1293 Ecclesia
719 1263 893 1303 Christi‚quae

150 1303 179 1332 in
193 1303 274 1333 finem
291 1303 387 1333 mundi
399 1304 479 1333 etiam
491 1303 617 1333 tentanda
629 1310 679 1340 est,
690 1310 716 1333 et
732 1302 821 1333 adhuc
836 1311 894 1334 ten-

150 1349 224 1372 tatur
237 1354 245 1370 :
260 1342 299 1373 sic
309 1350 336 1372 ct
347 1343 423 1388 signa
434 1343 481 1372 illa
492 1354 552 1382 quae
565 1343 698 1373 Dominus
710 1343 788 1380 dicit,
800 1350 826 1373 et
836 1344 892 1384 spi-

151 1382 284 1412 ritualiter
296 1382 467 1422 intelligenda
481 1390 554 1420 sunt,
569 1390 595 1412 et
608 1382 751 1412 carnaliter
765 1394 772 1411 :
792 1390 822 1413 ut
833 1394 894 1414 car-

149 1422 248 1451 naliter
265 1422 408 1458 intelleeta‚
424 1423 575 1461 significent
593 1421 803 1452 destructionem
816 1423 892 1454 illius

150 1461 300 1491 Jerusalem
314 1472 321 1488 ε
336 1462 514 1502 spiritualiter
524 1469 612 1491 autem
626 1463 770 1496 intellecta,
785 1463 893 1502 signifi·-

150 1508 210 1531 oent
228 1501 398 1530 tentationem
414 1502 541 1531 Ecclesiae
559 1502 588 1530 in
606 1502 834 1531 consummatione
846 1503 893 1532 fu-

150 1547 221 1570 tura.
237 1541 310 1580 Ergo
324 1540 359 1569 nd
373 1547 516 1580 utrumque
534 1548 638 1580 tempus
656 1541 764 1580 porrige
777 1549 892 1571 mentem

150 1579 196 1618 qui
205 1579 295 1615 andis,
308 1579 380 1608 etad
394 1579 464 1609 illud
474 1579 548 1619 quod
562 1580 613 1608 fuit
626 1587 767 1619 antequam
780 1581 891 1611 Jerusa-

150 1619 203 1648 lem
224 1630 254 1648 ca
331 1629 374 1655 nr,
389 1626 415 1649 et
436 1619 471 1648 ad
485 1619 563 1648 -illud
586 1619 660 1658 quod
683 1620 729 1649 fiet
751 1626 892 1659 antequam

149 1665 266 1688 tentetur
277 1659 399 1688 Ecclesia
413 1659 524 1689 Christi.
539 1659 642 1688 Viam
653 1669 690 1688 ne
702 1661 769 1698 quis
779 1669 834 1689 vos
845 1670 892 1690 se-

150 1699 248 1727 ducat.
265 1700 284 1728 5
295 1699 386 1728 Multi
407 1701 484 1728 enim
506 1700 630 1727 venient
645 1700 679 1728 ἰιι
689 1701 805 1728 nomine
815 1709 890 1738 meo,

149 1738 279 1767 dicentes
291 1749 300 1766 ε
311 1739 376 1778 Ego
395 1748 459 1767 sum
475 1739 617 1774 Christus,
635 1745 664 1767 et
682 1739 790 1768 multos
812 1740 893 1769 sedu-

149 1784 226 1807 cent.
238 1779 296 1807 Hoc
309 1785 335 1807 et
347 1778 484 1818 apostolus
503 1777 574 1806 dixit
586 1778 620 1807 iis
635 1778 682 1816 qui
697 1779 805 1807 fuerunt
815 1786 892 1808 ante·-

149 1828 230 1855 quam
252 1824 392 1857 caperetur
412 1817 580 1853 Jerusalem,
603 1818 666 1856 quia
689 1817 764 1857 prius
786 1818 891 1848 venturi

147 1857 253 1886 fuerant
275 1857 484 1896 pseudochristi.
507 1857 615 1886 Etenim
635 1856 686 1886 hoc
708 1864 764 1886 erat
785 1858 892 1897 signum

147 1897 266 1936 primum
286 1896 473 1926 destructionis
493 1896 643 1927 Jerusalem
660 1909 666 1925 :
683 1896 756 1936 quod
773 1907 837 1926 vere
850 1898 893 1926 sa-

148 1943 222 1965 ctum
234 1943 285 1966 est.
301 1938 442 1967 Venerunt
458 1937 528 1966 enim
542 1936 695 1970 Dositheus,
710 1943 736 1965 et
751 1936 854 1973 Simon,
867 1944 894 1967 et

148 1975 288 2012 Cleonius,
301 1983 329 2005 et
342 1977 473 2006 Van-isuas
494 1976 521 2004 in
545 1975 653 2005 nomine
675 1976 787 2011 Christi,
801 1983 828 2005 et
845 1976 892 2006 alii

148 2015 239 2051 multi,
268 2026 316 2045 uos
328 2015 465 2055 apostolus
476 2016 502 2044 in
519 2015 648 2055 Epistolis
663 2016 718 2044 suis
728 2015 823 2054 tangit.
834 2016 892 2046 Hoc

147 2061 173 2084 ct
185 2055 255 2095 patri
277 2065 308 2084 us
319 2055 416 2084 nostris
424 2054 563 2087 dixerunt,
572 2055 619 2093 qui
635 2055 742 2084 fuerunt
751 2055 829 2095 prius
843 2065 891 2084 an-

147 2101 255 2133 tequam
274 2101 421 2124 tentaretur
438 2094 568 2130 Ecclesia,
583 2094 646 2132 quia
660 2101 774 2123 ventura
786 2095 891 2125 fuerant

146 2133 278 2163 haeresum
299 2134 384 2163 multa
406 2134 489 2163 verba
511 2133 659 2170 mendacia,
675 2133 792 2164 dicentia
807 2145 814 2162 ε
831 2135 890 2174 Ego

146 2183 207 2201 sum
220 2173 417 2208 Verbum-Dei,
431 2173 566 2212 Christus.
584 2174 619 2202 Et
635 2174 686 2202 hoc
709 2174 816 2213 signum
839 2174 890 2203 fuit

146 2212 352 2252 expugnationis
366 2212 503 2249 Ecclesiae,
513 2212 586 2251 quod
599 2220 625 2242 et
639 2213 737 2242 sactum
750 2219 800 2242 est.
818 2214 889 2243 Vere

146 2253 217 2280 enim
230 2251 388 2290 priusquam
405 2261 440 2280 ex
453 2258 573 2290 tempore
585 2252 741 2286 Theodosii,
756 2253 888 2291 praevari-

146 2291 270 2320 cantibus
291 2290 396 2324 multis,
420 2298 620 2330 expugnaretur
647 2290 777 2327 Ecclesia,
803 2291 886 2321 multa

145 2330 269 2369 dogmata
281 2336 470 2369 praecesserunt
479 2340 513 2358 ex
525 2336 644 2369 ternpore
657 2329 834 2366 Constantini,
847 2330 890 2359 di-

145 2370 242 2405 centia,
259 2370 318 2399 Hoc
334 2376 374 2398 est
386 2369 500 2398 verbum
515 2369 564 2397 Dei
580 2378 586 2396 :
601 2379 649 2408 per
670 2379 729 2407 quae
751 2369 827 2408 signa
848 2370 887 2399 in-

144 2410 264 2448 telligere
277 2415 421 2454 potuerunt
444 2408 651 2447 periclitaturam
670 2418 726 2437 esse
739 2408 886 2438 Ecclesiam

143 2449 256 2485 Christi,
266 2459 288 2478 si
304 2447 442 2488 prophetia
458 2447 558 2476 Christi
577 2454 637 2476 ante
654 2447 756 2476 exitum
771 2447 885 2488 intelligi

144 2487 283 2526 potuisset.
301 2489 389 2517 Multi
405 2489 523 2515 venient
535 2488 565 2515 in
578 2489 695 2515 nomine
707 2496 780 2523 meo,
790 2487 886 2516 dicen-

145 2533 185 2555 tes
201 2538 212 2554 .-
228 2527 292 2566 Ego
319 2537 381 2556 sum
409 2527 552 2555 Christus.
578 2526 693 2555 Venient
721 2526 748 2555 in
778 2526 886 2556 nomine

143 2565 244 2604 sponsi,
258 2572 288 2594 nt
300 2576 403 2606 sponsae
422 2566 527 2594 castitas
548 2571 645 2594 tentata
658 2565 796 2605 probetur.
815 2566 884 2595 Nam

144 2611 213 2634 sicut
232 2605 319 2635 omnis
338 2605 452 2642 mulier,
472 2604 601 2644 quamdiu
619 2614 671 2634 non
691 2604 848 2634 admonetur
868 2617 882 2633 n

1614 210 1679 255 941

944 272 1023 302 malis
1035 273 1201 318 hominibus,
1214 282 1267 305 non
1281 276 1529 317 bene'cognoscitur
1542 285 1633 310 utrum
1652 283 1687 312 sit

944 319 1014 357 casta
1026 324 1034 342 τ
1046 323 1069 342 s1
1090 324 1155 343 vero
1174 314 1309 346 admonita
1331 317 1518 348 conscientiam
1540 319 1585 349 vel
1604 320 1686 351 iidem

945 362 1006 381 viro
1028 354 1185 389 servaverit,
1198 361 1262 384 tune
1282 356 1375 385 merito
1399 364 1470 387 casta
1489 358 1615 389 laudatur
1627 371 1634 388 ε
1648 361 1687 392 sic

945 391 1072 421 Eoclesiae
1084 392 1151 422 fides
1159 403 1211 422 non
1223 395 1289 424 bene
1301 396 1536 435 cognoscitur,‘nisi
1552 399 1688 429 Antichri-

946 431 1121 475 sti-venerint
1139 432 1173 461 ad
1194 444 1262 463 eam.
1277 434 1340 464 Sive
1353 435 1387 464 de
1397 435 1453 465 illis
1464 437 1686 476 pseudochristis,

945 480 993 508 qui
1018 480 1208 510 praecesserunt
1229 481 1368 512 antequam
1389 482 1533 506 tentaretur
1554 477 1685 516 Ecclesia,

946 509 997 539 hoc
1009 511 1134 540 convenit
1148 511 1246 541 dicere.
1262 514 1395 550 Quoniam
1418 514 1493 547 sicut
1505 527 1567 546 cum
1589 516 1687 548 domus

946 548 1069 579 incendio
1083 552 1330 590 comprehenditur,
1345 563 1436 583 omnes
1448 554 1561 585 latrones
1572 552 1687 586 consiir-

947 596 1030 627 gunt,
1055 597 1201 628 quaerentes
1228 592 1410 630 unusquisque
1429 594 1503 630 quod
1529 595 1615 635 rapiat
1629 608 1635 624 :
1648 597 1687 627 sic

946 628 1054 665 quando
1069 639 1146 658 casus
1158 630 1309 669 specialiter
1322 638 1385 660 tunc
1398 633 1566 670 Judaeorum,
1578 642 1625 664 aut
1639 645 1685 675 ge-

946 667 1081 704 neraliter,
1094 675 1140 697 aut
1152 669 1287 699 modicum
1303 671 1518 702 Christianorum
1531 673 1589 702 fieri
1600 685 1686 715 eoepe-

946 706 991 742 rit,
1003 717 1096 736 omnes
1105 707 1238 738 daemones
1258 709 1410 754 spirituales
1430 711 1546 742 latrones
1565 713 1686 743 insui-rev

946 753 1054 783 xerunt,
1067 758 1116 786 per
1135 758 1198 777 suos
1218 749 1353 788 ministros
1372 758 1520 788 quaerentes
1540 754 1687 791 unusquis-

945 795 997 823 que
1008 797 1088 825 quem
1100 786 1222 826 perdant.
1231 789 1290 818 Non
1304 788 1416 818 audistis
1427 791 1585 836 prophetam
1596 791 1687 822 dieen-

944 831 1010 859 tem,
1024 826 1160 864 quomodo
1179 828 1207 856 in
1228 834 1303 857 nocte
1316 839 1406 858 omnes
1419 829 1510 859 bestxae
1525 831 1687 862 circuierunt

946 865 1101 900 militantes,
1115 866 1165 896 hoe
1179 866 1277 896 modo?
1291 869 1394 897 Posuit
1408 870 1550 907 tenebras,
1566 878 1593 900 et
1601 872 1686 911 facta
1697 875 1764 900 Psal.
1784 878 1834 900 103.
1852 870 1855 874 ’

945 911 989 934 est
1007 916 1080 941 nox,-
1096 908 1126 934 in
1146 907 1208 946 ipsa
1225 909 1445 947 pertransibunt
1465 920 1564 940 omnes·
1588 906 1686 941 bestiae
1696 912 1735 928 ²⁰·

946 944 1044 980 silvae,
1060 953 1112 974 etc.
1135 947 1181 976 Sic
1201 953 1226 975 et
1251 946 1384 976 daemones
1410 949 1562 988 spirituales
1584 951 1684 988 bestiae,

945 985 1075 1022 quamdiu
1094 985 1144 1014 lux
1164 986 1275 1025 justitiae
1297 993 1335 1016 est
1355 998 1436 1033 super
1458 995 1573 1026 terram,
1589 990 1616 1019 in
1635 1001 1684 1020 eu-

945 1023 1048 1054 bilibus
1068 1024 1124 1053 suis
1146 1025 1245 1061 latent,
1259 1026 1289 1055 id
1310 1033 1367 1063 est,
1391 1038 1418 1056 in
1442 1028 1568 1058 cordibus
1588 1029 1623 1058 im
1646 1030 1688 1060 io-

946 1074 1018 1100 rum,
1033 1071 1058 1093 et
1081 1074 1134 1093 non
1152 1075 1180 1094 se
1191 1065 1335 1095 ostendunt
1349 1078 1356 1095 ε
1370 1077 1430 1096 cum
1455 1074 1542 1097 autem
1564 1041 1687 1100 tencliras

947 1103 1091 1142 impietatis
1113 1105 1265 1144 aspexerint
1291 1106 1442 1140 dominari,
1466 1114 1530 1136 tune
1554 1108 1687 1139 daemo'nes

948 1144 1107 1182 procedunt,
1121 1151 1167 1173 aut
1180 1145 1297 1174 ministri
1316 1155 1408 1175 eorum
1422 1146 1456 1175 de
1479 1147 1599 1177 latibulis
1617 1149 1684 1186 suis,

947 1190 1094 1221 quaerentes
1116 1194 1196 1222 quem
1217 1185 1324 1214 valeant
1347 1184 1484 1215 devorare.
1512 1186 1576 1216 Ideo
1598 1188 1688 1218 videte

948 1232 982 1251 ne
1000 1223 1062 1260 quis
1077 1234 1126 1252 vos
1144 1223 1264 1254 seducat.
1283 1225 1369 1254 Homo
1383 1226 1453 1254 eirca
1476 1233 1586 1256 mortem
1599 1228 1687 1267 phan-

948 1261 1028 1291 tasias
1041 1262 1114 1292 videt
1127 1275 1135 1291 z
1151 1263 1190 1292 sie
1210 1270 1235 1292 et
1259 1264 1376 1293 mundus
1396 1265 1422 1293 in
1442 1266 1517 1294 exitu
1539 1277 1589 1296 suo
1613 1267 1687 1296 mul-

948 1308 988 1330 tos
1012 1302 1128 1341 patietur
1149 1313 1260 1332 errores.
1278 1304 1334 1333 Hoc
1355 1311 1432 1344 puto,
1449 1304 1521 1343 quod
1542 1306 1575 1335 ad
1596 1317 1688 1336 omnes

947 1341 1112 1371 Christianos
1125 1342 1240 1376 dicebat,
1256 1343 1313 1372 sive
1325 1351 1401 1377 tunc,
1416 1345 1473 1374 sive
1485 1345 1577 1381 modo,
1592 1347 1689 1386 praeci-

947 1377 1000 1421 pue
1019 1388 1104 1411 tamen
1119 1381 1154 1410 ad
1167 1382 1325 1417 sacerdotes,
1339 1383 1441 1412 Videte
1455 1395 1491 1413 ne
1499 1387 1565 1424 quis
1576 1396 1630 1415 vos·
1643 1397 1687 1415 se-

937 1421 1046 1451 *ducah
1062 1423 1118 1451 Vos
1137 1421 1200 1450 estis
1223 1422 1376 1459 luminaria,
1391 1423 1503 1452 verbum
1525 1424 1587 1453 vitae
1606 1425 1689 1454 conti-

946 1467 1048 1497 nentes,
1069 1461 1148 1499 quasi
1169 1461 1328 1490 candelabra
1351 1462 1481 1500 luccntia;
1500 1463 1586 1498 facile,
1610 1465 1687 1494 vobis

947 1500 1096 1537 exstinctis,
1114 1501 1231 1529 Ecclesia
1243 1512 1258 1529 a
1273 1501 1421 1530 latronibus
1439 1502 1556 1541 praedam
1571 1504 1688 1542 patietur

947 1540 974 1568 in
994 1540 1119 1569 tenebris.
1134 1539 1277 1576 Quomodo
1295 1547 1383 1569 autem
1406 1547 1455 1569 stet
1480 1541 1621 1571 aedificatio
1639 1543 1688 1572 do-

946 1589 1023 1615 mus,
1041 1579 1064 1608 si
1084 1579 1215 1608 columnae
1235 1579 1397 1608 ceciderint?
1418 1580 1454 1609 Et
1470 1590 1505 1609 ne
1525 1587 1602 1620 putes
1622 1583 1687 1621 quia

947 1618 1121 1658 corporaliter
1129 1619 1208 1658 jubet
1221 1629 1265 1648 eos
1275 1619 1400 1658 aspicere,
1407 1629 1469 1649 cum
1475 1619 1552 1656 dicit,
1563 1621 1668 1650 Videte
1676 1634 1685 1651 .-

946 1658 993 1687 sed
1007 1658 1183 1698 spiritualiter
1197 1665 1284 1688 mente
1302 1658 1479 1688 considerare.
1496 1661 1586 1689 Mente
1599 1667 1687 1691 autem

946 1705 1032 1738 potest
1045 1697 1221 1735 considerare,
1235 1698 1281 1737 qui
1294 1709 1341 1738 per
1350 1698 1447 1727 bonam
1459 1699 1687 1730 conversationem

946 1744 1060 1766 mentem
1078 1738 1157 1767 babet
1175 1738 1364 1767 illuminatam.
1381 1738 1435 1775 Qui
1455 1748 1518 1777 ergo
1536 1739 1602 1768 bene
1623 1751 1687 1769 con·

946 1784 1078 1814 versatur,
1091 1777 1208 1807 lucidam
1233 1777 1312 1807 habet
1324 1785 1448 1816 mentem,
1459 1785 1485 1807 et
1501 1777 1626 1818 intelligit
1639 1783 1687 1819 q-ui

946 1823 1008 1846 sunt
1020 1816 1140 1846 doctores
1157 1829 1164 1846 :
1178 1817 1225 1856 qui
1239 1825 1325 1847 autem
1339 1825 1439 1858 peccat,
1451 1828 1543 1847 sensus
1556 1819 1615 1858 ejus
1625 1829 1688 1849 cum

947 1856 982 1885 sit
1005 1856 1171 1894 tenebrosus,
1184 1867 1237 1886 non
1252 1857 1377 1897 intelligit
1398 1858 1445 1897 qui
1467 1864 1530 1887 sunt
1545 1859 1615 1889 sewi
1627 1858 1686 1895 Dei,

946 1902 973 1924 et
985 1896 1032 1934 qui
1046 1895 1160 1925 ministri
1175 1896 1287 1926 diaboli.
1304 1897 1379 1927 Sicut
1392 1898 1463 1927 enim
1476 1899 1522 1937 qui
1535 1900 1685 1940 corporali-

947 1941 986 1963 ter
997 1935 1090 1964 oculos
1104 1935 1183 1965 habet
1194 1943 1294 1974 acutos,
1307 1936 1340 1966 de
1352 1937 1428 2005 longe
1442 1938 1569 1983 prospicit
1582 1940 1688 1971 venien-

945 1980 1010 2009 tem,
1024 1984 1057 2003 an
1071 1975 1173 2004 amicus
1184 1975 1244 2015 ejus
1256 1983 1310 2011 est,
1328 1987 1360 2005 an
1375 1987 1390 2006 a
1411 1988 1544 2007 versamus
1560 1990 1566 2006 :
1582 1979 1629 2017 qui
1640 1990 1690 2011 aua

945 2020 999 2043 tem
1021 2014 1113 2043 oculos
1131 2015 1211 2044 habet
1229 2015 1362 2051 infirmos,
1381 2017 1504 2055 quamvis
1529 2017 1685 2055 intenderit,

946 2063 997 2082 non
1012 2054 1147 2092 cognoscit
1158 2065 1190 2083 an
1205 2054 1306 2084 amicus
1318 2056 1360 2089 sit,
1375 2066 1406 2084 an
1424 2056 1548 2086 inimicus
1564 2067 1571 2086 ε
1587 2058 1625 2087 sic
1637 2059 1686 2097 qui

945 2101 1058 2122 mentem
1070 2104 1083 2121 a
1095 2094 1210 2133 peccatis
1222 2094 1342 2134 possidet
1352 2095 1479 2125 mundam
1491 2095 1525 2125 de
1533 2096 1611 2136 longe
1624 2108 1689 2126 con-·

944 2132 1051 2168 siderat,
1064 2133 1144 2162 homo
1156 2133 1206 2162 Dei
1226 2141 1266 2163 est
1285 2134 1331 2163 illc
1355 2136 1402 2173 qui
1425 2135 1514 2172 venit,
1531 2143 1577 2165 aut
1602 2137 1687 2166 homo.

943 2171 1045 2201 diaboli
1061 2183 1067 2200 =
1083 2173 1111 2201 in
1134 2173 1241 2202 nomine
1254 2173 1354 2203 Christi
1374 2175 1458 2211 venit,
1478 2177 1562 2204 autin
1586 2176 1680 2220 spiritu

935 2211 1054 2240 Christi.
1071 2214 1124 2241 Aut
1142 2219 1269 2256 putamus
1284 2213 1358 2252 quod
1381 2224 1485 2253 semper
1499 2221 1603 2243 venturi
1621 2215 1681 2243 fue-

930 2261 932 2265 ’
943 2258 1003 2280 rant
1012 2251 1074 2280 novi
1081 2251 1204 2280 Christi?
1214 2252 1300 2281 Absit.
1310 2252 1391 2289 Quod
1399 2263 1462 2292 ergo
1469 2253 1583 2289 dicebat,
1592 2254 1683 2282 Multi

943 2292 1062 2319 venient
1075 2292 1105 2318 in
1120 2293 1237 2320 nomine
1249 2301 1321 2327 meo,
1338 2292 1371 2320 ad
1382 2299 1486 2331 tempus
1500 2292 1681 2331 apostolorum

942 2330 1066 2369 pertinet.
1081 2330 1158 2359 Tunc
1176 2331 1246 2359 enim
1270 2331 1354 2360 sciens
1369 2331 1500 2367 diabolus,
1514 2331 1576 2368 quia
1590 2331 1679 2361 adhuc

942 2378 1028 2400 novus
1041 2375 1096 2398 erat
1106 2369 1229 2399 Christus
1241 2371 1267 2398 in
1286 2369 1397 2404 mundo,
1408 2370 1470 2407 quia
1484 2370 1580 2398 veritas
1593 2380 1678 2399 evan-

942 2408 1005 2446 gelii
1017 2409 1078 2448 ejus
1096 2408 1185 2438 adhuc
1203 2416 1259 2437 erat
1278 2409 1381 2447 ignota,
1403 2410 1464 2446 quia
1487 2408 1599 2448 apostoli
1620 2409 1678 2449 ejus

941 2448 1033 2477 multis
1055 2448 1158 2481 incerti,
1177 2447 1275 2476 multos
1297 2447 1499 2476 introducebant
1512 2447 1635 2477 Christos
1649 2449 1677 2477 in

940 2487 1084 2523 mundum,
1100 2493 1130 2515 ut
1153 2486 1272 2515 homines
1293 2486 1410 2515 volentes
1432 2486 1522 2514 venire
1542 2485 1577 2515 ad
1597 2487 1676 2516 Chri-

939 2533 1021 2561 stum,
1036 2536 1085 2567 per
1109 2525 1312 2554 similitudinem
1334 2523 1450 2553 nominis
1469 2525 1526 2564 ejus
1547 2533 1673 2563 errantes,

940 2571 1071 2594 transeant
1091 2564 1126 2593 ad
1145 2564 1293 2599 diabolum,
1308 2570 1333 2592 ct
1348 2563 1465 2592 volentes
1486 2564 1520 2593 ab
1545 2575 1575 2593 eo
1588 2565 1672 2600 exire,
1684 2585 1712 2600 α,-

939 2604 1086 2643 impingant
1097 2605 1122 2632 in
1134 2613 1203 2631 eum.
1222 2601 1454 2638 Quemadmodum
1465 2602 1487 2632 si
1501 2614 1548 2632 rex
1562 2604 1589 2633 in
1602 2604 1674 2634 bello
