1890 2826
658 215 692 238 IN
722 214 882 240 NATALEM
908 213 1036 237 CHRISTI
1063 214 1160 237 DlEM.

120 279 168 314 τῆς
185 276 328 318 γεννήσεως
348 277 436 315 σωηεῇ
456 280 536 315 τιμᾷν
551 274 710 315 μεμάθηκα,
726 275 770 305 καὶ
791 276 821 305 οὔ
843 274 886 304 διὰ

118 330 443 372 λόγωνΙπολυπραγμονεῖν
453 327 612 368 παρέλαὸον.
623 327 690 358 Ἐπὶ
704 327 756 368 γὰρ
770 329 841 358 Θεοῦ
855 329 884 357 οὔ

119 383 159 411 δεῖ
172 376 205 420 τῇ
217 381 294 422 φύσει
306 382 359 411 τῶν
372 379 537 421 πραγμάτων
550 379 700 420 προσέχειν,
715 380 783 410 ἀλλὰ
796 382 830 420 τῇ
845 380 885 409 δυ-

116 433 195 472 νάμει
212 435 258 462 τοῦ
277 435 441 473 ἐνεργοῦντος
459 432 604 462 πιστεύειν,
624 430 755 466 ι’Φύσεως
764 431 815 472 γάρ
829 433 885 461 ἐστι

115 485 210 523 νόμος,
225 484 287 513 ὅταν
302 483 368 524 γυνὴ
382 483 603 524 προσομιλήσασα
620 483 716 523 γάμοις
728 483 793 522 τέκῃ
803 495 810 502 ·
823 483 885 513 ὅταν

117 536 145 566 δὲ
171 536 298 577 παρθένος
320 536 497 576 ἀπειρόγαμος
514 538 627 566 τεκοῦσα
654 536 735 566 πάλιν
759 535 886 576 παρθένος
912 553 922 562 ι

117 588 226 628 φανείη,
240 588 307 629 ὑπὲρ
321 588 397 628 φύσιν
411 589 442 619 τὸ
453 594 574 629 πρᾶγμα.
590 589 631 618 Τὸ
649 584 694 619 οὗν
718 588 787 619 κατὰ
808 589 885 630 φύσιν

117 640 260 677 ζητείσθω,
277 640 309 670 τὸ
330 640 358 670 δὲ
379 640 447 681 ὗπὲρ
467 640 544 681 φύσιν
558 643 620 681 σιγῇ
633 640 772 680 τιμάσθω,
787 641 838 681 οὐχ
850 642 886 674 ὥς

116 693 236 733 φευκτὸν,
257 693 316 723 ἀλλ’
340 694 376 726 ὡς
400 694 566 734 ἀπόῤῥητον,
587 693 633 723 καὶ
653 695 740 733 amnti]
758 695 886 732 τιμᾶσθαι

117 744 199 779 ἄξιον.
209 745 279 774 Ἀλλ’
290 745 451 784 ἄπονείματέ
460 757 506 784 μοι
517 745 685 785 συγγνώμην,
693 746 850 785 παρακαλῶ,
859 746 886 774 ἐν

116 797 264 836 προοιμίοις
282 800 452 827 καταπαῦσαι
465 797 510 827 τὸν
522 796 600 837 λόγον
615 796 775 837 βουλομένῳ.
793 797 886 830 Δειλὸς

116 849 168 889 γὰρ
178 848 214 878 ὢν
227 850 292 890 πρὸς
305 849 352 885 τὴν
367 851 420 879 τῶν
433 840 588 890 κρειττόνων
601 850 716 890 ἔρευναν,
730 851 787 883 πῶς
801 850 818 886 ἢ
831 853 882 880 ποῦ

115 901 203 942 τρέψω
216 903 268 931 τῶν
280 901 364 942 λόγων
378 901 412 931 τὰ
422 903 541 939 πηδάλια
555 903 603 932 οὐκ
614 902 678 942 ἔχω.
695 902 732 931 Τί
744 902 795 943 γὰρ
807 902 884 936 εἴπω,

115 953 133 989 ἢ
159 953 187 983 τί
209 954 334 991 λαλήσω,
361 953 419 990 Τὴν
443 957 571 984 τεκοῦσαν
595 957 664 995 ὁρῶ,
691 954 735 984 τὸν
760 955 885 996 τεχθέντα

115 1007 206 1046 βλέπω
215 1029 223 1043 ,
248 1006 292 1036 τὸν
318 1007 346 1037 δὲ
369 1006 466 1047 τρόπον
484 1009 533 1043 τῆς
551 1008 697 1047 γεννήσεως
717 1009 746 1037 οὗ
770 1011 885 1048 συνορῶ·

1610 203 1675 249 461

939 281 995 304 est:
1011 274 1086 304 sicin
1101 274 1218 304 inferiori
1231 275 1399 315 generatione
1413 282 1516 316 patrem
1529 275 1681 306 existimare

937 320 1125 360 blasphemum
1138 328 1187 350 est.
1203 323 1281 351 Pater
1297 323 1398 361 absque
1409 321 1521 351 defluxu
1540 322 1642 361 genuit,
1655 329 1682 351 ct

938 367 1027 406 Virgo
1047 366 1105 396 sine
1120 368 1291 408 corruptione
1310 368 1432 408 peperit:
1449 379 1511 397 nam
1529 379 1614 407 neque
1627 369 1681 398 de-

939 414 1045 444 fluxum
1057 414 1185 444 sustinuit
1199 416 1296 447 Pater;
1313 416 1413 456 quippe
1433 415 1496 454 qui,
1513 423 1594 455 prout
1614 427 1680 446 con-

937 460 1061 490 veniebat
1075 462 1144 497 Deo,
1157 462 1248 501 genuit
1261 474 1267 490 z
1283 472 1369 500 neque
1387 463 1470 502 Virgo
1481 462 1680 502 corruptionem

937 506 1064 535 sustinuit
1087 507 1216 546 pariendo
1224 519 1233 545 ;
1249 508 1351 548 quippe
1363 518 1423 546 quae
1436 508 1612 548 spiritualiter
1629 519 1680 549 pe-

937 552 1018 592 perit.
1029 551 1110 582 Unde
1121 563 1207 592 neque
1219 563 1335 593 superna
1345 554 1404 591 ejus
1415 552 1541 583 natii'itas
1551 554 1682 594 explicari

937 604 1024 638 potest
1035 620 1042 634 ‚
1063 608 1150 637 neque
1163 609 1320 639 progressus
1334 600 1393 639 ejus
1406 599 1435 628 in
1449 600 1602 630 novissimis
1613 607 1681 629 tem-

937 644 1051 684 poribus
1069 644 1175 674 curiose
1188 645 1361 685 pervestigari
1373 656 1401 674 se
1414 645 1488 675 sinit.
1500 647 1570 675 Nam
1584 646 1681 686 Virgi-

937 699 999 719 nem
1012 689 1122 728 quidem
1135 690 1216 720 hodie
1234 690 1369 730 peperisse
1380 691 1435 720 scio
1445 713 1453 728 ,
1469 698 1494 720 et
1515 693 1610 731 Deum*
1626 692 1683 721 sine

936 742 1057 776 tempore
1068 737 1190 776 genuisse
1200 736 1295 766 credo:
1313 736 1424 766 modum
1435 744 1523 766 autem
1537 738 1684 777 generatio-

937 782 979 811 nis
991 781 1098 811 silentio
1117 782 1202 812 didjci
1219 783 1353 819 venerari,
1369 793 1421 812 non
1441 783 1560 812 oratione
1577 784 1683 814 curiose

936 827 1013 857 illam
1032 828 1221 867 inquirendam
1237 829 1338 870 accepi.
1354 829 1494 868 Siquidem
1511 829 1538 858 in
1558 831 1615 859 Deo
1629 841 1681 859 non

936 887 1025 906 rerum
1044 883 1189 906 naturarest
1203 877 1372 914 attendenda,
1385 877 1433 907 sed
1446 879 1515 918 ejus,
1529 878 1577 917 qui
1588 889 1683 918 opera-

935 929 991 960 tur,
1006 923 1102 953 virtuti
1116 923 1182 953 fides
1195 923 1330 953 habenda.
1348 925 1405 953 Lex
1417 924 1487 953 enim
1506 932 1545 954 est
1562 932 1679 961 naturae,

936 979 998 998 cum
1020 970 1118 998 mulier
1133 969 1303 998 matrimonio
1317 971 1410 1009 juncta
1431 970 1518 1010 parit:
1535 980 1596 999 eum
1619 981 1682 1000 vero

937 1014 1027 1044 virum
1043 1025 1095 1044 non
1112 1021 1222 1054 experta
1243 1015 1320 1054 virgo
1337 1022 1479 1055 postquam
1492 1016 1607 1056 peperit,
1626 1016 1683 1045 vir-

114 1064 218 1089 νικᾶται
240 1058 292 1099 γὰρ
316 1059 405 1100 φύσις,
419 1064 525 1088 νικᾶται
546 1059 591 1089 καὶ
611 1060 708 1094 τάξεως
731 1060 805 1100 ὅρος,
820 1061 885 1091 ὅπου
902 1067 922 1090 D
938 1070 970 1098 go
981 1071 1076 1089 rursus
1085 1067 1205 1100 apparet,
1218 1067 1274 1089 tum
1287 1071 1329 1089 res
1342 1067 1465 1090 naturam
1477 1061 1590 1091 excedit.
1601 1062 1682 1099 Quod

114 1111 183 1145 Θεὸς
193 1110 324 1151 βούλεται.
335 1112 376 1141 Οὔ
387 1111 438 1151 γὰρ
449 1111 518 1141 κατὰ
529 1111 606 1152 φύσιν
617 1111 708 1152 γέγονε
721 1113 751 1142 τὸ
763 1119 885 1153 πρᾶγμα·

114 1163 172 1192 ἀλλ’
186 1162 252 1202 ὑπὲρ
265 1162 342 1202 φύσιν
357 1162 387 1192 τὸ
401 1165 504 1202 θαῦμα·
518 1163 621 1204 ἤργησε
634 1163 686 1204 γὰρ
699 1167 716 1201 ἡ
728 1165 805 1205 φύσις
816 1188 824 1202 ,
840 1165 886 1195 καὶ

115 1215 242 1254 ἐνήργησε
266 1218 313 1244 τοῦ
338 1214 474 1244 Δεσπότου
496 1215 526 1245 τὸ
552 1215 685 1256 βούλημα.
715 1217 752 1247 Ὦ
777 1218 885 1258 χάριτος

115 1266 260 1307 ἄφραστον.
273 1266 308 1297 Ὁ
321 1267 373 1307 πρὸ
385 1268 485 1296 αἰώνων
501 1268 667 1307 Μονογενὴς,
682 1271 696 1298 ὁ
711 1269 826 1309 ἀναφὴς,
839 1269 885 1299 καὶ

115 1320 231 1356 ἁπλοῦς,
247 1320 293 1350 καὶ
307 1319 448 1359 ἀσώματος
457 1343 464 1357 ,
479 1320 623 1357 ὖπεισῆλθέ
635 1333 686 1360 μου
699 1322 730 1351 τὸ
752 1322 884 1362 ”poam-bv

113 1371 158 1400 καὶ
171 1371 265 1411 ὁρατὸν
279 1373 366 1411 σῶμα.
381 1372 434 1402 Διὰ
455 1371 494 1409 τί;
518 1372 576 1402 Ἵνα
595 1373 756 1413 βλεπόμενος
769 1374 859 1412 διδάξῃ
874 1397 882 1413 ,

112 1422 218 1457 διδάξας
237 1422 266 1453 δὲ
291 1423 356 1464 πρὸς
382 1423 413 1453 τὸ
440 1423 477 1463 μὴ
501 1425 663 1464 βλεπόμενον
684 1427 883 1467 χειραγωγήσῃ.

111 1473 223 1510 Ἐπειδὴ
236 1474 288 1514 γὰρ
313 1476 338 1504 οἱ
362 1474 493 1515 ἄνθρωποι
514 1475 559 1505 τὸν
581 1477 713 1516 ὀφθαλμὸν
733 1479 781 1513 τῆς
802 1480 884 1514 ἀκοῆς
906 1503 910 1505 .

111 1525 264 1566 πιστότερον
274 1529 403 1562 ποιοῦσιν,
418 1527 433 1557 ὃ
447 1527 475 1557 δὲ
490 1527 527 1566 μὴ
544 1527 684 1567 βλέπουσιν
699 1529 883 1569 ἀμφιὸοίλλου-

113 1588 155 1612 σι,
177 1577 220 1606 διὰ
240 1580 317 1607 τοῦτο
340 1578 461 1619 ἠνείχετο
483 1579 529 1609 καὶ
550 1581 693 1620 ὀφθαλμοῖς
717 1580 765 1617 τὴν
789 1583 882 1612 ἑαυτοῦ
899 1587 918 1610 Ε

113 1628 174 1658 θέαν
195 1629 239 1658 διὰ
258 1632 304 1658 τοῦ
319 1629 440 1669 σώματος
453 1636 612 1671 παρασχεῖν,
627 1631 670 1661 ἵνα
683 1632 750 1672 λύσῃ
764 1633 812 1669 τὴν
827 1635 883 1673 ἀμ-

114 1681 286 1721 φισὸήτησιν.
303 1681 357 1711 Καὶ
370 1682 488 1720 τίκτεται
501 1684 532 1712 ἔκ
544 1683 673 1723 παρθένου
695 1684 838 1724 ἀγνοούσης
851 1680 882 1715 τὸ

111 1737 225 1772 πρᾶγμα
234 1745 240 1751 ·
261 1733 321 1763 οὔτε
342 1733 394 1774 γὰρ
417 1733 568 1774 συνήργησε
579 1734 645 1775 πρὸς
672 1735 703 1765 τὸ
726 1736 861 1775 γινόμενον
873 1760 881 1774 ,

110 1784 170 1814 οὔτε
184 1785 360 1815 συνεὸοἱλλετο
372 1786 437 1827 πρὸς
447 1786 477 1816 τὸ
486 1787 677 1827 πραττόμενον,
688 1789 747 1818 ἀλλ’
758 1784 791 1825 ἦν
805 1790 881 1830 ψιλὸν

109 1837 217 1876 ὄργανον
227 1839 274 1873 τῆς
284 1838 434 1879 ἀποῤῥήτου
446 1840 526 1868 αὐτοῦ
538 1839 686 1878 δυνάμεως,
698 1840 775 1879 μόνον
787 1843 880 1880 εἰδυῖα,

109 1888 124 1918 ὃ
137 1890 210 1930 παρὰ
224 1893 270 1920 τοῦ
284 1891 406 1931 Γαὸριὴλ
419 1891 531 1931 ἐρομένη
542 1891 647 1931 ἔμαθεν,
662 1893 702 1923 ὅτι
723 1895 786 1928 Πῶς
806 1895 881 1924 ἔσται

109 1953 156 1979 μοι
167 1945 261 1979 τοῦτο,
275 1943 333 1973 ἐπεὶ
347 1943 429 1984 ἄνδρα
441 1946 471 1973 οὗ
483 1944 620 1984 γινώσκως
633 1945 687 1975 Καί
700 1957 780 1986 φησι·
802 1950 880 1977 τοῦτο

109 1994 198 2033 βούλει
219 1998 326 2034 μαθεῖν;
340 1997 452 2034 Πνεῦμα
472 1995 546 2036 ἅγιον
569 1996 739 2026 ἐπελεύσεται
763 1998 807 2027 ἐπί
832 2010 878 2036 σε,
898 2004 917 2027 Α

108 2046 153 2075 καὶ
172 2046 281 2087 δύναμις
299 2047 426 2088 Ὑψίστου
446 2049 596 2078 ἐπισκιάσει
618 2061 668 2078 σοι.
692 2049 746 2079 Καὶ
769 2052 826 2084 πῶς
846 2048 879 2088 ἦν

109 2100 166 2137 μετ’
182 2100 279 2134 αὐτῆς,
303 2099 348 2129 καὶ
370 2100 462 2140 μικρὸν
486 2100 594 2140 ὕστερον
614 2100 642 2135 ἐξ
664 2103 758 2139 αὐτῆς
773 2102 879 2144 Ὥσπερ

107 2150 230 2190 τεχνίτης
243 2151 325 2191 εὑρὼν
339 2151 404 2188 ὕλην
415 2152 634 2193 χρησιμωτάτην,
647 2154 788 2184 κάλλιστον
800 2157 879 2197 ἀπερ-

106 2201 214 2241 γάζεται
228 2205 320 2237 σκεῦος
329 2215 336 2222 ·
351 2202 420 2233 οὕτω
438 2204 483 2233 καὶ
494 2206 508 2234 ὁ
523 2204 636 2244 Χριστὸς
648 2206 731 2246 εὑρὼν
744 2208 791 2242 τῆς
804 2219 877 2246 παρ-

107 2254 188 2303 θένου·
205 2254 278 2294 ἅγιον
301 2255 346 2284 καὶ
364 2255 394 2284 τὸ
414 2257 493 2294 σῶμα
511 2255 557 2286 καὶ
578 2256 627 2292 τὴν
647 2258 745 2298 ψυχὴν,
759 2258 877 2299 ἔμψυχον

106 2307 192 2345 ἑαυτῷ
207 2306 408 2345 ΙΙκατεκόσμησε
419 2306 494 2344 ναὸν,
510 2306 538 2336 ὃν
552 2308 682 2344 ἐῧουλήθη
697 2309 792 2349 τρόπον
806 2310 875 2339 πλά-

106 2367 154 2390 σας
166 2356 210 2386 τὸν
225 2357 360 2398 ἄνθρωπον
383 2359 410 2387 ἐν
431 2360 464 2397 τῇ
486 2359 624 2400 παρθένῳ,
645 2361 690 2390 καὶ
703 2362 876 2401 ἐνδυσάμενος

106 2408 194 2446 αὗτὸν,
206 2408 322 2449 σήμερον
334 2410 473 2449 προῆλθεν,
488 2411 536 2440 οὐκ
549 2411 677 2446 αἰδεσθεὶς
698 2411 712 2429 ¹²
717 2413 747 2443 τὸ
760 2414 875 2450 δυσειδὲς

140 2512 154 2531 1)
170 2512 232 2545 Reg-
246 2517 291 2549 γάρ
304 2517 350 2540 ἐστι
367 2518 445 2549 πυρὸς,
462 2519 518 2541 ὅταν
533 2520 586 2548 γυνή
605 2519 726 2551 ᾱρρενικοῖς
739 2521 864 2551 bladinum

108 2555 194 2583 θυμοῖς
205 2556 267 2584 τέκῃ.

140 2598 149 2608 c
167 2591 228 2623 Reg.
243 2594 342 2625 φθαρτὸν
354 2595 391 2617 καὶ
404 2595 482 2620 θνητὸν
494 2598 568 2625 σῶμα.

937 1105 1022 1145 igitur
1041 1105 1188 1135 secundum
1213 1113 1335 1135 naturam
1356 1106 1398 1144 fit,
1416 1107 1584 1146 inquiratur:
1609 1108 1682 1147 quod

936 1162 1000 1182 vero
1014 1159 1136 1182 naturam
1151 1160 1269 1193 superat,
1284 1153 1391 1182 silentio
1409 1154 1528 1183 colatur:
1544 1165 1597 1184 non
1611 1161 1681 1183 tam-

936 1208 1016 1237 quam
1031 1197 1200 1239 fugiendum,
1215 1198 1262 1228 sed
1276 1205 1412 1238 tamquam
1424 1200 1619 1236 inenarrabile,
1635 1201 1681 1230 di-

937 1254 1072 1283 gnumque
1083 1244 1158 1284 quod
1168 1245 1275 1274 silentio
1285 1255 1454 1275 veneremur.
1467 1246 1520 1276 Sed
1532 1246 1593 1276 date
1602 1247 1681 1283 mihi,

935 1300 1036 1328 qnaeso,
1052 1291 1121 1320 hanc
1133 1291 1252 1328 veniam,
1268 1298 1298 1320 ut
1314 1291 1342 1320 in
1361 1291 1472 1328 exordio
1486 1292 1567 1321 finem
1585 1293 1680 1322 faciam

934 1334 1054 1365 dicendi.
1071 1337 1140 1367 Cum
1163 1337 1235 1366 enim
1255 1348 1348 1366 rerum
1366 1337 1556 1367 sublimiorum
1570 1337 1681 1368 investi-

936 1381 1070 1421 gationem
1093 1383 1223 1423 attingere
1246 1383 1417 1413 reformidem
1428 1407 1435 1421 ,
1457 1395 1511 1423 quo
1525 1391 1619 1424 pactu,
1635 1392 1682 1414 aut

934 1438 1015 1466 quam
1035 1428 1063 1458 in
1077 1436 1178 1469 partem
1191 1429 1320 1459 orationis
1334 1429 1442 1459 clavum
1455 1430 1559 1460 flectam
1579 1431 1678 1461 nescio.

933 1474 1009 1511 Quid
1026 1475 1098 1504 enim
1118 1475 1216 1511 dicam,
1230 1482 1278 1505 aut
1290 1475 1359 1514 quid
1376 1476 1493 1515 loquar?
1507 1478 1622 1506 Matrem
1635 1477 1680 1507 vi-

933 1519 984 1549 deo
995 1543 1003 1557 ‚
1027 1531 1087 1560 quae
1105 1522 1229 1561 peperit;
1251 1522 1340 1551 filium
1361 1529 1440 1562 partu
1458 1522 1562 1551 editum
1580 1533 1678 1552 cerno:

934 1566 1048 1595 modum
1061 1574 1151 1596 autem
1166 1567 1342 1607 generationis
1355 1578 1407 1596 non
1427 1568 1579 1608 conspicio:
1595 1569 1678 1598 vinci-

934 1618 979 1640 tur
996 1613 1066 1642 enim
1085 1620 1190 1649 natura,
1203 1614 1322 1643 vincitur
1345 1614 1448 1643 ordinis
1466 1614 1553 1650 limes,
1572 1614 1681 1652 quando

934 1657 994 1685 vult
1018 1659 1102 1687 Deus.
1123 1659 1184 1688 Non
1202 1659 1273 1688 enim
1288 1659 1438 1688 secundum
1451 1666 1575 1688 naturam
1585 1670 1627 1689 res
1638 1671 1681 1690 ac-

933 1700 1012 1737 cidit,
1025 1701 1073 1730 sed
1084 1712 1165 1741 supra
1176 1709 1300 1731 naturam
1313 1702 1473 1732 miraculum
1485 1703 1574 1732 evenit
1585 1716 1591 1733 ε
1605 1705 1680 1743 quie—

933 1748 973 1777 vit
986 1748 1058 1777 enim
1070 1755 1176 1784 natura,
1190 1748 1237 1778 sed
1251 1748 1364 1778 Domini
1375 1748 1500 1779 voluntas
1512 1757 1619 1790 operata
1630 1757 1678 1780 est.

932 1794 957 1823 Ο
972 1793 1135 1822 ineffabilem
1150 1794 1262 1834 gratiam
1275 1793 1283 1823 l
1310 1795 1482 1834 Unigenitus‚
1497 1795 1545 1834 qui
1566 1803 1605 1826 est
1618 1803 1679 1826 ante

932 1838 1040 1875 saecula,
1055 1838 1104 1878 qui
1117 1839 1190 1879 tangi
1211 1850 1264 1869 non
1278 1847 1375 1880 potest,
1390 1842 1438 1880 qui
1457 1841 1573 1882 simplex
1593 1849 1632 1872 est
1651 1849 1679 1872 et

933 1884 1118 1924 incorporeus,
1137 1896 1234 1927 corpus
1246 1897 1336 1916 meum
1349 1887 1433 1916 subiit
1446 1889 1611 1929 corruptioni
1626 1889 1676 1919 ob-

932 1931 1044 1960 noxium
1066 1938 1093 1960 et
1116 1932 1286 1972 aspectabile.
1308 1934 1397 1970 Quam
1421 1934 1456 1963 ob
1483 1945 1590 1964 causam
1600 1936 1614 1965 :³
1639 1937 1678 1966 Ut

932 1984 1088 2017 conspectus
1102 1977 1205 2016 doceat,
1226 1978 1324 2008 docens
1341 1986 1442 2016 autem,
1456 1980 1490 2009 ad
1504 1991 1534 2010 ea
1548 1992 1608 2020 quae
1623 1992 1676 2011 non

931 2022 1031 2052 cadunt
1050 2024 1102 2054 sub
1113 2025 1222 2062 oculos,
1244 2035 1326 2054 manu
1345 2025 1436 2055 ducat.
1458 2027 1528 2056 Nam
1549 2027 1675 2066 quoniam

931 2069 1024 2098 oculos
1036 2069 1148 2099 auribus
1161 2070 1294 2100 fideliores
1306 2081 1363 2101 esse
1375 2072 1530 2102 existimant
1542 2073 1674 2112 homines,

930 2114 965 2144 de
985 2126 1016 2145 eo
1035 2126 1099 2145 vero
1113 2115 1248 2153 dubitant,
1263 2116 1337 2156 quod
1351 2127 1404 2147 non
1419 2118 1522 2156 vident,
1536 2126 1676 2160 propterea

931 2161 1059 2201 dignatus
1075 2168 1116 2191 est
1135 2169 1161 2191 et
1176 2173 1224 2203 per
1236 2173 1334 2203 corpus
1347 2164 1434 2193 oculis
1447 2172 1618 2205 conspectum
1633 2166 1675 2194 sui

929 2212 1056 2251 praebere,
1075 2219 1106 2242 ut
1119 2211 1313 2243 dubitationem
1329 2214 1441 2244 tolleret.
1460 2215 1496 2244 Et
1509 2215 1628 2244 nascitur
1640 2226 1674 2244 ex

930 2262 1054 2302 Virgine,
1067 2273 1126 2302 quae
1147 2274 1203 2292 rem
1223 2263 1381 2303 ignorabat:
1398 2275 1459 2293 nam
1479 2275 1564 2303 neque
1577 2275 1673 2305 coope-

905 2312 907 2314 ’
927 2320 984 2343 rata
1004 2321 1043 2344 est
1061 2313 1096 2343 ad
1114 2324 1170 2343 rem
1188 2314 1348 2353 gerendam,
1364 2325 1450 2354 neque
1467 2315 1580 2345 contulit
1597 2316 1674 2355 quip-

928 2365 999 2405 piam
1013 2364 1087 2394 adid
1098 2365 1172 2402 quod
1191 2365 1290 2395 fiebat:
1311 2365 1359 2395 sed
1377 2365 1481 2395 nudum
1498 2366 1551 2394 suit
1570 2376 1672 2394 arcanae

928 2415 1035 2447 virtutis
1055 2417 1114 2456 ejus
1137 2416 1365 2454 instrumentum3
1385 2423 1489 2445 tantum
1513 2415 1542 2444 id
1562 2422 1671 2446 noverat

946 2527 957 2539 ⁸
973 2520 1034 2553 Reg.
1045 2521 1201 2545 κατεσκεύασε.

948 2559 960 2578 b
978 2559 1039 2592 ch.
1053 2563 1080 2584 τὸ
1090 2560 1189 2586 δυσῶδες.
