1890 2826
721 207 753 231 m
782 208 911 239 isaiam,
942 209 1020 233 eff.
1050 210 1072 233 1.
1658 212 1681 247 9

113 272 191 309 σῶμα
209 269 314 306 ἥλκωτο
324 294 331 305 ,
345 270 389 299 καὶ
404 270 463 310 οὖχὶ
476 270 506 299 τὸ
519 269 567 307 μὲν
580 269 698 308 ὑγίαινε,
711 270 742 298 τὸ
762 270 789 299 δὲ
812 269 878 309 ἐξῳ-

112 316 190 351 δηκὸς
203 312 245 352 ἦν,
270 317 329 345 ἀλλ’
351 317 422 346 ἅπαν
435 318 575 356 φλεγμονεῖ
584 339 592 351 ,
607 316 678 345 ἅπαν
704 316 806 355 μώλωψ
829 311 874 348 εἷς.

111 362 171 391 Οὔκ
187 361 243 391 ἔστι
270 362 400 402 μάλαγμα
412 364 548 392 ἐπιθεῖναι.
564 363 651 391 Τοῦτο
677 363 723 391 τοῦ
749 361 877 400 προτέρου

112 407 263 448 βαρύτερον.
278 409 318 437 Οὔ
332 407 384 448 γὰρ
406 408 436 438 τὸ
448 412 533 437 νοσεῖν
555 407 624 437 οὕτω
638 407 766 448 χαλεπὸν,
787 407 823 439 ὣς
848 406 878 435 τὸ

110 456 236 483 νοσοῦντα
250 455 318 493 μηδὲ
339 454 526 495 θεραπεύεσθαι
551 453 690 490 δύνασθαι,
701 453 746 483 καὶ
760 453 877 492 μάλιστα

109 498 172 528 ὅταν
183 502 198 529 ὁ
214 500 302 541 ἰατρὸς
314 503 429 534 τοιοῦτος
441 497 468 541 ᾗ.
488 501 558 530 Οὔτε
573 499 670 536 ἔλαιον,
683 499 743 529 οὔτε
763 498 876 528 καταδε-

109 545 200 584 σμούς.
206 545 293 576 Ὥστε
304 549 413 583 ποιῆσαι
425 547 469 576 τὸν
482 547 559 587 λόγον
571 545 743 587 11ἐμφατικὸν,
755 544 876 582 ἐπέμεινε

109 593 142 631 τῇ
157 598 309 633 μεταφορᾷ·
322 597 399 623 τοῦτο
422 593 474 634 γὰρ
487 595 568 629 αὐτῆς
579 593 609 623 τὸ
631 592 772 632 ἐξαίρετον.
788 590 823 619 Ἣ
841 592 875 629 γῆ

109 639 184 675 ὑμῶν
198 638 303 678 ἔρημος.
317 640 411 669 Ταῦτα
421 641 512 680 οὖχὼς
519 639 682 680 γεγενημένα
694 636 874 677 ἀπαγγέλλει,

108 684 168 713 ἀλλ’
181 686 217 718 ὡς
227 684 340 723 ἐσόμενα
353 690 542 726 προαναφωνεῖ.
556 685 710 726 Κέχρηνται
728 684 755 713 δὲ
769 685 807 723 τῷ
823 682 876 711 ἔθει

108 731 133 759 οἱ
146 733 279 771 προφῆται
291 731 390 771 τούτῳ,
403 733 469 770 ὁμοῦ
482 744 511 761 τε
523 732 663 772 φοὸοῧντες
673 730 718 759 τὸν
732 727 875 769 ἀκροατὴν,

109 774 154 803 καὶ
167 777 214 811 τῆς
224 776 320 809 οἰκείας
333 776 456 811 ἀληθείας
468 775 517 812 τὴν
537 776 647 815 δύναμιν
670 773 873 813 ἐνδεικνύμενοι.

109 815 156 854 'sse
168 820 219 861 γὰρ
233 821 266 850 τὰ
279 822 443 862 παρελθόντα
450 823 499 851 οὐκ
512 822 549 863 ἔνι
564 821 601 861 μὴ
611 823 776 861 γεγενῆσθαι,
788 819 876 848 conto>

108 866 141 896 τὰ
156 866 286 906 μέλλοντα
305 867 356 897 ὑπὸ
376 870 428 898 τῶν
447 871 589 908 προφητῶν
612 867 748 907 λέγεσθαι,
767 867 815 895 οὒκ
837 865 875 894 ἔνι

108 911 146 951 μὴ
161 913 294 951 συμὸἥναι
303 937 312 949 ,
326 914 396 951 πλὴν
407 916 430 943 εἰ
444 914 481 953 μή
496 926 560 944 ποτε
573 913 762 953 μετανοήσαιεν
785 913 810 941 οἱ
828 923 874 941 κο-

108 958 231 992 λάζεσθαι
245 959 395 999 μέλλοντες.
405 961 441 990 Αἱ
454 960 542 994 πόλεις
551 961 626 999 ὑμῶν
636 958 820 999 πυρίκαυστον..
833 959 874 987 Οὖ

106 1003 159 1044 γὰρ
171 1005 298 1045 ἠφάνισεν
320 1005 402 1040 αὐτὰς
414 1007 563 1043 παντελῶς,
577 1007 636 1035 ἀλλ’
652 1007 752 1046 ἀφῆκεν
767 1004 874 1033 ἑστάναι

107 1050 141 1080 τὰ
153 1050 265 1091 λείψανα
277 1054 323 1081 τοῦ
341 1054 501 1092 ἐμπρησμοῦ
519 1056 565 1082 τοῦ
583 1053 759 1092 βαρδαρικοῦ,
774 1051 873 1090 μᾶλλον

107 1096 238 1136 δυνάμενα
252 1098 405 1128 καθικέσθαι
426 1101 473 1134 τῆς
486 1100 539 1127 τῶν
561 1098 682 1137 ὁρώντων
706 1097 800 1137 ὄψεως.
816 1097 841 1125 Τ
842 1095 875 1131 ὴν

107 1142 198 1182 χώραν
217 1145 291 1183 ὑμῶν
313 1144 424 1174 ἐνώπιον
447 1146 520 1183 Ιἶιμλὶὶν
543 1143 676 1183 ἀλλότριοι
695 1142 875 1172 κατεσθίουσιν

107 1189 201 1226 αὐτὴν,
217 1190 261 1219 καὶ
272 1191 414 1230 ἠρήμωται
427 1189 648 1230 κατεστραμμένη
660 1188 711 1218 ὑπὸ
734 1189 806 1217 λαῶν
827 1188 872 1216 ἀλ-

106 1236 226 1276 λοτρίων.
241 1236 380 1271 Ἐπίτασις
399 1241 550 1277 συμφορᾶς,
564 1236 626 1265 ὅταν
637 1235 683 1264 καὶ
706 1235 797 1263 θεαταὶ
822 1236 874 1262 τῶν

98 1282 210 1312 -οἲκείων
220 1282 344 1322 γίνωνται
362 1285 513 1323 συμφορῶν,
528 1283 573 1312 καὶ
594 1280 660 1321 μηδὲ
675 1281 702 1315 ἐξ
716 1282 796 1317 ἀκοῆς
807 1279 875 1309 αὐτὰ

108 1327 259 1366 μανθάνωσι
284 1329 371 1368 μόνον.
402 1328 690 1368 Ἐγκαταλειφθήσεται
716 1330 733 1363 ἡ
757 1326 874 1366 θυγάτηρ

108 1374 189 1410 Σιὼν,
201 1377 237 1408 ὡς
246 1374 332 1412 σκηνὴ
347 1377 374 1404 ἐν
386 1376 538 1415 ἀμπελῶνι,
552 1374 597 1404 καὶ
612 1376 647 1408 ὡς
658 1373 875 1414 ὀπωροφυλάκιον

107 1423 135 1450 ἐν
147 1425 158 1436 ³
168 1421 326 1461 σικυηράτῳ.

149 1704 226 1744 Μέγα
239 1717 264 1734 τι
276 1705 366 1744 ἔχουσι
378 1705 422 1734 καὶ
443 1707 471 1742 αἱ,
484 1706 580 1738 εἰκόνες
590 1727 598 1741 ,
613 1706 657 1735 καὶ
677 1706 794 1743 μάλιστα
807 1706 835 1734 αἱ
847 1706 876 1734 ἐν

109 1752 143 1789 τῇ
159 1751 266 1790 Γραφῇ,
278 1753 314 1784 εἷς
331 1748 479 1791 παράτασιν
501 1754 554 1781 τῶν
572 1751 730 1790 λεγομένων.
744 1751 803 1786 Τὴν
822 1751 875 1780 Ἱε-

111 1796 247 1835 ρουσαλὴμ
258 1796 286 1826 δὲ
300 1799 376 1826 καλεῖ
388 1796 519 1837 θυγατέρα
529 1796 610 1833 Σιὼν,
623 1796 667 1826 διὰ
679 1796 709 1825 τὸ
720 1798 875 1825 ὑποκεῖσθαι

108 1844 147 1882 τῷ
161 1842 224 1882 ὄρει.
242 1842 289 1876 Ὡς
298 1843 383 1879 σκηνὴ
397 1845 424 1872 ἐν
437 1844 592 1882 ἀμπελῶνι,
604 1843 649 1872 καὶ
655 1844 692 1876 ὡς
700 1842 875 1883 ὀπωροφυλά-

108 1899 163 1917 xm
174 1889 202 1917 ἐν
216 1889 379 1929 σικυηράτῳ.
392 1890 448 1918 Τοῦ
459 1892 562 1928 καρποῦ
573 1889 624 1928 γὰρ
638 1888 819 1929 ἀνῃρημένου,
830 1889 874 1918 καὶ

107 1935 159 1963 τῶν
173 1936 296 1974 γεωργῶν
318 1933 522 1975 ἀπενεχθέντων,
539 1937 650 1974 περιττὴ
670 1935 761 1964 λοιπὸν
786 1937 803 1970 ἡ
827 1937 875 1970 τῆς

108 1980 208 2014 πόλεως
214 1980 351 2019 οἰκοδομή.
358 1980 406 2014 Ὡς
417 1980 492 2014 πόλις
503 1981 721 2021 πολιορκουμένη.
731 1982 819 2010 Τοῦτο
826 1982 875 2016 τῆς

109 2026 242 2060 ἀσθενείας
266 2028 352 2056 αὐτῶν
376 2026 422 2056 καὶ
446 2028 494 2062 τῆς
515 2026 727 2067 ἐγκαταλείψεως
752 2026 872 2066 αἴνιγμα,

108 2071 194 2101 '‘Otoev
207 2071 258 2112 γὰρ
282 2072 374 2110 μηδεὶς
392 2072 407 2101 ὃ
430 2068 573 2112 βοηθῶνῇ,
588 2073 648 2102 τότε
662 2072 764 2112 ἀνάγκη
780 2085 873 2112 συγκε-

109 2118 240 2155 κλεῖσθαι,
254 2118 301 2154 τὴν
314 2118 366 2148 ἀπὸ
379 2120 433 2148 τῶν
451 2121 548 2159 τειχῶν
562 2119 706 2159 ἀσφάλειαν
731 2118 812 2158 μόνην
827 2120 873 2147 ἐκ-

110 2163 275 2203 δεχομένους.
288 2165 341 2194 Καὶ
357 2166 380 2194 εἷ
394 2164 432 2203 μὴ
447 2164 543 2205 Κύριος
556 2164 689 2194 Σαὸὅαὼθ
704 2164 875 2204 ἐγκατέλιπεν

109 2211 172 2246 ἡμῖν
196 2209 302 2249 σπέρμα
311 2232 319 2245 ,
333 2212 368 2244 ὡς
390 2211 498 2250 Σόδομα
521 2211 552 2240 ἂν
578 2210 748 2250 ἐγενήθημεν,
774 2210 820 2239 καὶ
839 2212 875 2243 ὡς

934 270 1004 308 quit,
1023 270 1121 307 afflixi,
1137 282 1234 310 eosque
1250 273 1277 301 iu
1291 271 1412 303 dolorem
1427 272 1539 313 conjeci.
1556 272 1585 302 Si
1599 282 1676 301 omne

934 323 1015 356 caput
1028 317 1056 346 in
1067 317 1202 355 laborem,
1210 317 1345 357 quomodo
1354 329 1406 347 non
1418 325 1456 347 est
1468 319 1580 356 vulnus,
1591 329 1676 358 neque

932 362 1036 392 vibex?
1046 364 1166 401 Vulnus,
1182 364 1286 403 reliquo
1299 374 1410 404 corpore
1423 373 1499 401 sano,
1513 371 1578 394 tunc
1591 375 1675 404 appa-

932 415 973 437 ret
992 409 1094 438 vulnus
1114 421 1120 438 z
1141 410 1214 448 quod
1234 410 1258 439 si
1277 417 1364 439 totum
1381 410 1564 439 exulceratum
1584 411 1676 446 fuerit,

933 464 984 483 non
999 455 1069 484 ultra
1084 456 1185 486 vulnus
1199 457 1349 497 apparebit.
1366 458 1424 486 Hoc
1437 456 1519 495 igitur
1532 456 1675 495 significat,

932 506 1019 530 totum
1044 512 1142 541 corpus
1167 503 1248 531 fuisse
1271 502 1407 532 ulceribus
1430 502 1542 542 plenum
1560 514 1567 531 z
1591 512 1676 541 neque

932 546 1008 576 aliud
1025 542 1131 583 sanum,
1147 549 1224 578 aliud
1245 549 1394 579 ulceratum
1408 548 1490 578 fuisse
1498 560 1508 587 5
1522 548 1568 577 sed
1579 555 1675 582 'totum

931 593 1104 631 intumuisse,
1127 601 1214 624 totum
1233 595 1310 624 ulcus
1330 604 1414 623 unum
1427 594 1518 624 fuisse.
1543 595 1611 623 Non
1634 602 1675 624 est

932 641 1081 680 malagma
1107 652 1262 681 apponere.
1290 642 1348 671 Hoc
1371 641 1459 680 priore
1486 641 1597 680 gravius
1623 649 1662 671 est

932 686 1029 715 Morbo
1042 687 1113 715 enim
1128 688 1248 716 laborare
1257 698 1309 717 non
1324 687 1361 716 ita
1375 697 1456 726 grave
1466 694 1515 722 est,
1531 693 1561 715 ut
1573 697 1674 726 oegrum

932 743 983 763 non
1004 744 1081 773 posse
1099 735 1186 763 sanari
1201 747 1207 763 :
1224 733 1371 774 praesertim
1385 744 1448 762 cum
1461 733 1522 762 talis
1536 733 1570 762 sit
1589 732 1676 762 medi-

931 790 991 808 cus.
1018 781 1121 819 Neque
1140 780 1252 815 oleum,
1275 789 1368 819 neque
1389 780 1541 819 ligamina.
1557 779 1596 808 Ut
1613 789 1674 808 cuni

931 825 1052 865 emphasi
1064 826 1200 865 loquatur,
1213 833 1312 866 perstat
1321 825 1347 854 in
1359 825 1451 854 eadem
1463 824 1617 864 metaphora
1628 837 1634 852 :
1649 825 1674 853 in

931 871 983 901 hoc
995 873 1066 901 enim
1080 872 1131 901 sita
1141 879 1180 901 est
1191 871 1353 911 metaphorae
1367 871 1528 911 praestantia.
1542 872 1571 900 7.
1589 871 1676 900 Terra

931 924 1032 947 vestra
1048 919 1171 948 deserta.
1184 920 1247 948 Haec
1264 929 1316 947 non
1332 925 1361 947 ut
1371 919 1428 958 jam
1441 918 1508 946 sacta
1524 918 1674 953 annuntiat,

930 963 978 993 sed
991 971 1021 993 ut
1042 964 1135 993 futura
1155 964 1287 1004 praedicit.
1310 965 1367 993 Hoc
1388 970 1500 992 utuntur
1519 972 1593 991 more
1610 973 1674 1003 pro-

931 1010 1026 1049 pheta»,
1041 1010 1121 1039 simul
1134 1010 1284 1038 auditorem
1297 1015 1432 1043 terrentes,
1445 1015 1471 1038 et
1484 1019 1538 1037 suae
1557 1008 1676 1038 veritatis

930 1055 987 1085 vim
1000 1056 1176 1085 ostendentes.
1192 1057 1230 1085 Ut
1245 1055 1318 1084 euim
1331 1066 1391 1094 quae
1404 1055 1600 1095 praeterierunt,
1621 1065 1675 1084 non

930 1108 1041 1141 possunt
1054 1112 1107 1131 non
1119 1102 1187 1132 facta
1200 1112 1256 1131 csse
1265 1124 1272 1138 ,
1290 1102 1330 1131 sic
1348 1113 1408 1140 quae
1423 1102 1513 1131 futura
1527 1112 1542 1130 a
1555 1101 1673 1142 prophe-

930 1148 964 1178 tis
987 1149 1162 1188 praenuntiata
1183 1155 1257 1186 sunt,
1272 1148 1331 1177 fieri
1352 1148 1444 1187 nequit
1458 1155 1487 1177 ut
1500 1158 1553 1177 nou
1566 1148 1674 1178 contin-

930 1202 1003 1235 gant,
1023 1195 1076 1224 nisi
1096 1195 1280 1235 poenitentiam
1305 1202 1385 1234 agant
1412 1195 1452 1224 illi
1473 1195 1520 1233 qui
1541 1195 1675 1235 supplicio

929 1248 992 1270 sunt
1005 1241 1150 1281 plectendi.
1169 1241 1310 1271 Civitates
1322 1247 1429 1270 vestroe
1442 1251 1586 1270 succensoe
1599 1243 1673 1281 igni.

930 1287 990 1316 Non
1014 1286 1086 1316 enim
1108 1287 1170 1316 illas
1191 1287 1300 1316 omnino
1322 1286 1435 1323 delevit,
1450 1286 1497 1315 sed
1511 1286 1632 1326 permisit
1646 1294 1675 1315 ut

930 1332 1047 1363 incendii
1061 1332 1194 1362 barbarici
1212 1332 1333 1371 reliquiae
1346 1338 1524 1372 superessent,
1539 1342 1598 1371 quae
1613 1343 1672 1361 tna-

929 1379 971 1417 gis
995 1379 1031 1408 ad
1046 1378 1207 1408 intuentium
1226 1385 1362 1419 aspectum
1381 1378 1534 1418 pertingere
1555 1386 1670 1418 possent.

931 1426 1091 1465 Regionem
1103 1431 1233 1454 vestram
1255 1435 1354 1454 coram
1372 1425 1458 1454 vobis
1480 1424 1573 1453 alieni
1586 1426 1673 1454 devo-

930 1479 1008 1509 rant,
1015 1478 1043 1501 et
1052 1471 1187 1501 desolata
1196 1478 1239 1501 est
1251 1473 1390 1501 subversa
1400 1481 1420 1500 a
1427 1471 1543 1510 populis
1554 1471 1670 1501 alienis.

930 1517 1095 1547 Calamitatis
1118 1518 1232 1547 accessio
1252 1524 1292 1547 est
1301 1539 1309 1555 ,
1334 1528 1396 1547 cum
1420 1517 1536 1557 propriae
1562 1517 1675 1547 miseria}

931 1571 1089 1605 spectatores
1111 1571 1185 1601 sunt,
1206 1574 1255 1594 nec
1274 1563 1332 1593 solo
1346 1563 1439 1592 auditu
1460 1563 1536 1592 illam
1553 1563 1672 1594 discunt.

932 1612 961 1641 8.
971 1611 1277 1651 Derelinquelursilia
1287 1610 1367 1647 Sion,
1381 1610 1468 1649 quasi
1474 1612 1630 1639 tentorium
1642 1613 1673 1639 in

932 1659 1034 1693 vinea,
1049 1664 1077 1687 et
1090 1658 1163 1687 sicut
1179 1658 1326 1698 tugurium
1339 1658 1371 1685 in
1381 1659 1591 1686 cucumerario.
1629 1656 1640 1659 ’

971 1704 1002 1733 4.
1017 1704 1149 1742 Magnum
1161 1702 1303 1742 quidpiam
1314 1702 1342 1731 in
1356 1712 1384 1731 se
1394 1703 1529 1731 continent
1539 1703 1594 1732 illae
1605 1702 1673 1731 ima-

930 1750 1017 1789 gines,
1032 1749 1200 1788 maximeque
1214 1750 1242 1778 in
1263 1749 1413 1788 Scriptura,
1429 1748 1468 1778 ad
1482 1749 1673 1788 amplificatio-

930 1805 991 1825 nem
1003 1794 1142 1824 sermonis.
1155 1794 1304 1825 Jerusalem
1315 1801 1404 1833 autem
1414 1801 1491 1824 vocat
1501 1794 1586 1823 filiam
1597 1795 1672 1832 Sion,

931 1841 1004 1880 quod
1025 1840 1050 1870 ei
1071 1840 1155 1869 monti
1177 1840 1298 1880 subjecta
1319 1839 1364 1869 sit.
1379 1839 1459 1869 Sicut
1475 1841 1630 1869 tentorium
1642 1843 1675 1869 in

930 1889 1031 1924 vinea,
1046 1892 1074 1916 et
1087 1888 1162 1915 sicut
1175 1887 1322 1925 tugurium
1335 1887 1368 1914 in
1379 1887 1589 1915 cucumerario.
1605 1887 1676 1916 Sub-

931 1933 985 1963 lato
1007 1942 1123 1971 namque
1144 1932 1244 1968 fructu,
1270 1931 1463 1970 summotisque
1485 1931 1598 1969 colonis,
1626 1943 1672 1962 su-

930 1979 1034 2020 perflua
1042 1978 1167 2017 deinceps
1176 1978 1256 2007 fuerit
1264 1983 1397 2007 structura
1410 1977 1495 2006 urhis.
1506 1977 1587 2006 Sicut
1607 1980 1674 2008 urbs

931 2036 996 2065 quae
1008 2024 1166 2054 obsidetur.
1186 2025 1245 2054 Hoc
1257 2022 1422 2063 aenigmatice
1435 2022 1536 2052 dicitur
1546 2023 1582 2052 ad
1595 2023 1672 2053 inlir-

931 2071 1049 2101 mitatem
1059 2077 1085 2099 et
1096 2069 1294 2099 derelictionem
1310 2068 1368 2107 ejus
1382 2068 1582 2098 declarandam.
1600 2071 1672 2099 Cum

930 2117 1002 2147 euim
1015 2116 1108 2146 nullus
1128 2115 1230 2156 estqui
1251 2114 1410 2152 auxilietur,
1433 2121 1498 2144 tunc
1516 2125 1620 2145 necesse
1634 2124 1674 2146 est

930 2163 1048 2194 obsideri
1061 2173 1114 2199 eos,
1128 2162 1229 2202 quibus
1243 2172 1294 2191 una
1309 2167 1429 2200 superest
1444 2171 1585 2190 murorum
1603 2168 1666 2191 tutev
1680 2193 1681 2196 Ἴ

930 2209 966 2239 la.
978 2220 1008 2250 9.
1021 2210 1062 2238 Et
1077 2210 1134 2238 nisi
1148 2209 1292 2237 Dominus
1306 2206 1455 2236 sabbaoth
1469 2206 1673 2246 dereliquisset

112 2254 233 2294 Γόμοῤῥα
245 2255 276 2284 ἂν
297 2255 480 2295 ὡμοαῧθημεν.
495 2255 573 2291 Ἐθος
595 2258 636 2286 ἀεὶ
661 2262 714 2290 τοῖς
727 2257 875 2297 προφήταις
894 2262 913 2286 C
932 2257 1015 2285 nobis
1028 2265 1137 2292 semen,
1151 2256 1236 2294 quasi
1246 2254 1373 2284 Sodoma
1374 2254 1549 2295 fuissemus,
1563 2260 1591 2283 et
1600 2264 1673 2294 qua-

148 2332 161 2350 θ’
178 2331 278 2358 Alienus
291 2332 345 2358 vult
360 2332 401 2358 hic
414 2333 460 2367 legi
473 2338 665 2370 ἐμφατικώτερον,
679 2334 719 2359 vel
731 2338 862 2370 ἐμφατικόν.

112 2371 238 2396 Postrema
245 2371 318 2397 lectio
325 2372 557 2400 atcodjxavarici.
566 2373 636 2398 Editi
645 2378 781 2409 ἐμφατυιῶς.
788 2373 865 2398 Panto

111 2415 169 2442 post
179 2410 275 2436 Boiaius
290 2411 316 2436 in
327 2413 398 2438 notis
406 2412 503 2444 Savuii,
514 2422 541 2446 p.
555 2414 613 2445 ¹37,
626 2412 758 2447 legendum
770 2418 843 2446 putat
857 2422 863 2437 :

112 2453 184 2476 ταῦτα
195 2454 224 2479 ὼς
235 2455 369 2483 γεγενημένα
381 2455 526 2485 damulti,
540 2455 592 2478 ἀλλ’
607 2455 648 2485 οὐχ
659 2455 688 2481 ὡς
698 2456 801 2485 ἐσόμενα.
815 2451 867 2478 Sed

111 2489 226 2513 existimo
239 2488 331 2521 locum,
342 2495 369 2514 ut
379 2496 426 2521 at,
438 2491 532 2523 optime
543 2490 644 2516 habere.

144 2532 153 2543 ⁰
171 2528 218 2552 uic
231 2534 305 2553 notat
316 2528 438 2554 Saviliua:
453 2539 466 2553 α
476 2529 584 2560 Ibidem,
598 2535 628 2557 τὰ
639 2533 754 2563 μέλλοντα
766 2533 809 2558 ὑπὸ
820 2537 864 2557 τῶν

94 2590 97 2591 ⁷
114 2574 232 2602 προφητῶν
256 2571 366 2600 λιμοθαι,
389 2577 448 2602 quoe
457 2578 474 2593 a
483 2569 610 2603 prophetis
619 2569 783 2603 proedicenda
794 2575 863 2600 sunt,

114 2607 185 2639 mim,
208 2613 234 2631 ut
254 2607 359 2639 videtur,
373 2606 505 2642 hypallage
515 2617 570 2641 pro,
581 2617 639 2642 quae
649 2618 665 2633 a
675 2607 866 2642 pmphetissore

913 2333 1032 2358 dicuntur
1041 2342 1049 2357 .-
1059 2331 1188 2365 quomodo
1197 2331 1274 2356 etiam
1284 2331 1359 2355 vertit
1372 2331 1508 2362 Interprcs.
1521 2329 1616 2355 Boisius
1623 2330 1671 2356 levi

912 2373 1089 2398 immutatione
1102 2376 1132 2398 τὰ
1142 2374 1258 2404 μέλλοντα
1268 2374 1299 2396 τὰ
1312 2371 1354 2397 ὑπὸ
1363 2375 1408 2396 τῶν
1425 2375 1546 2404 προφητῶν
1562 2372 1671 2402 λεγόμενα

914 2415 1010 2438 ἔσεσθαι.
1023 2421 1036 2434 »

948 2458 959 2469 ²
976 2450 1038 2483 Reg.
1051 2454 1077 2474 et
1088 2447 1166 2474 savit.
1181 2447 1206 2472 in
1216 2452 1286 2472 textu
1296 2447 1337 2471 hic
1347 2452 1372 2471 et
1386 2445 1450 2471 infra
1471 2449 1607 2479 σικυηλάτῳ,
1617 2446 1671 2471 Μο-

912 2488 957 2514 rel.
970 2494 996 2513 et
1006 2487 1084 2514 Savil.
1100 2488 1124 2511 iu
1139 2495 1218 2519 marg.
1232 2489 1367 2520 σιχυηράτῳ,
1381 2490 1458 2517 atque
1474 2485 1509 2508 ita
1527 2483 1617 2517 legitur
1633 2485 1659 2510 in

912 2527 1006 2553 Bibliis.
1015 2528 1076 2552 Mox
1084 2525 1163 2552 Savil.
1174 2524 1306 2557 legendum
1318 2529 1391 2556 putat
1402 2527 1557 2557 παράστασινς
1571 2522 1614 2548 sed
1626 2532 1670 2548 cur

914 2566 954 2592 hic
964 2575 1015 2592 non
1027 2570 1155 2600 παράστασιν
1172 2562 1337 2588 admittamus
1346 2581 1354 2592 ,
1366 2567 1393 2586 ut
1404 2569 1478 2593 supra
1491 2565 1599 2594 ἐπίτασιν,
1612 2570 1671 2586 cum

915 2608 1022 2632 maxime
1034 2606 1070 2631 sic
1083 2605 1168 2630 omnia
1177 2601 1328 2635 exemplaria
1340 2599 1470 2626 habeant?
