1904 2840
14 1907 60 1922 arc.
74 1899 97 1922 8.

769 225 1048 248 ΑΒΒΙΤΑΜΕΝἸὌΜ.

137 295 191 318 tem
209 277 314 323 d‘ixero,
327 287 421 317 audire
433 293 460 316 et
472 285 564 316 videre
582 285 654 315 idem
667 296 734 321 esse,
747 292 812 315 tunc
828 286 872 316 vi·
892 289 911 312 Α
928 285 986 315 dux
998 286 1049 315 fuit
1070 285 1240 316 ecclesiastici
1253 285 1288 315 do

138 327 205 357 deor
215 327 244 356 id
256 326 328 365 quod
343 326 429 356 oculis
441 325 581 365 proprium
595 332 665 362 erat,
673 325 784 355 auribus
795 325 873 354 attri-

138 366 237 395 buisse.
254 367 298 395 Tu
323 372 412 394 autem
433 365 505 394 uude
529 365 614 401 nosti,
637 365 711 403 quod
735 375 824 394 creare
849 372 875 394 et

137 405 247 445 gignere
256 405 328 434 idem
341 411 380 434 est
393 404 466 445 apud
478 404 586 433 Deum?
599 404 628 434 Si
640 405 711 433 enim
721 404 839 443 genitum
849 411 875 433 et

137 451 254 474 creatum
276 445 408 483 professus
427 454 512 479 esses,
526 451 590 472 tunc
611 444 661 472 rite
681 443 783 472 diceres
804 443 875 473 idem

138 488 202 513 esse.
224 484 254 513 Si
272 494 337 513 vero
359 493 410 512 nou
433 483 566 512 confiteris
587 493 715 520 umquam
735 483 872 521 genitum,

138 523 210 552 unde
223 523 331 562 gignere
344 530 370 552 et
387 533 476 552 creare
496 522 566 551 idem
578 521 733 551 existimes?
747 532 801 560 quo
822 532 874 551 nou

138 562 227 591 sotum
244 562 333 597 futilia
357 562 438 591 verba
463 561 588 591 inducere
609 562 680 591 velle
705 561 872 600 comperiris,

138 611 232 630 verum
245 601 324 630 etiam
338 602 447 630 omnino
460 612 543 630 vacua
554 612 568 629 a
583 601 704 630 veritate.

179 641 290 669 Necesse
312 641 400 679 itaque
413 647 452 669 est
462 640 575 676 discere,
591 650 640 669 cur
652 650 740 669 creare
753 639 820 679 (vel
833 640 875 669 sa-

139 681 216 715 cere)
234 686 261 708 et
282 680 390 719 gignere
412 679 484 708 idem
509 687 565 709 esse
588 679 702 708 adstruit
722 679 873 708 haereticus.

139 719 286 755 Quoniam,
303 719 348 754 ait,
369 721 441 748 Deus
458 719 586 758 simplicis
598 729 629 748 ac
647 719 753 747 sincerae
775 725 875 747 naturae

139 765 191 793 est,
205 765 230 787 et
255 768 307 788 non
331 759 400 787 sicut
425 768 487 794 uos,
500 758 547 797 qui
564 768 611 798 per
624 756 701 786 aliud
724 757 876 786 membrum

140 797 284 836 gignimus,
307 804 334 826 et
356 798 410 827 alio
438 808 580 837 operamur
588 809 597 835 ς
620 796 780 836 genitalibus
804 797 874 825 enim

139 844 340 874 generamus,et
354 847 435 866 manu
454 847 607 877 operamur.
617 837 677 865 Non
689 834 726 864 ita
739 842 778 864 est
791 837 874 871 Deus,

140 876 185 904 sed
196 876 259 914 quia
272 876 485 916 simplicissimus
497 882 546 911 est,
561 882 587 904 et
599 875 691 913 figurae
706 885 810 914 expers,
823 885 876 913 quo

139 915 220 943 modo
244 915 342 955 gignit,
354 915 457 953 eodem,
468 916 540 944 facit.
558 915 650 950 Quum
667 924 730 954 ergo
742 914 776 943 de
797 914 876 943 invi-

139 953 265 983 sibilibus
300 954 430 984 disserere
459 954 592 994 promittis
602 976 610 988 ,
634 954 787 993 importuna
814 953 875 992 phi-

138 992 262 1032 losophia
285 994 403 1029 inflatus,
429 1004 478 1033 ego
505 1004 539 1022 ex
558 992 713 1022 visibilibus
739 992 876 1022 ostendam

138 1032 199 1068 tibi,
224 1032 307 1072 [677]
324 1033 347 1062 si
369 1032 462 1062 eodem
482 1031 573 1067 mod0‚
589 1042 642 1070 quo
659 1042 739 1071 opera
761 1039 877 1072 aguntur

138 1071 235 1107 (liceat
253 1071 351 1107 dicere,
364 1074 473 1109 necne).
487 1073 584 1111 Accipe
599 1072 626 1099 in
640 1071 760 1100 medium
779 1072 877 1102 visibi-

137 1110 190 1139 lem
204 1122 324 1147 manum,
338 1118 369 1140 ut
384 1122 433 1149 per
446 1111 565 1140 visibilia
578 1110 757 1140 invisibilium
770 1122 876 1150 quoque

79 1157 127 1181 285
138 1150 261 1189 probatio
289 1150 318 1179 in
333 1150 452 1179 medium
466 1151 563 1181 veniat.
587 1149 725 1188 Siquidem
749 1151 794 1179 vel
818 1151 875 1190 ipsa

138 1189 282 1227 eademque
301 1200 395 1219 manus
416 1189 561 1228 quodquod
574 1190 662 1224 faciat,
676 1199 727 1218 non
748 1200 831 1219 unum
849 1197 875 1219 et

137 1228 208 1257 idem
221 1239 289 1269 opus
301 1236 422 1265 vocatur,
435 1240 519 1268 neque
534 1240 618 1258 unum
630 1235 655 1258 et
668 1228 737 1258 idem
752 1229 875 1258 effectum

136 1266 309 1298 demonstrat.
329 1269 457 1308 Exempli
478 1279 568 1305 causa,
587 1278 640 1297 una
663 1274 689 1297 et
712 1269 804 1298 eadem
825 1269 875 1298 hac

136 1316 216 1336 manu
235 1307 338 1337 aedifioo
349 1315 374 1337 et
396 1307 522 1345 destruo;
538 1318 634 1347 ergone
653 1307 717 1346 quia
738 1318 790 1336 una
816 1308 874 1347 ipsa

136 1345 186 1374 hac
197 1357 276 1375 manu
291 1346 421 1376 aedificavi
428 1354 454 1376 et
463 1346 594 1382 destruxi,
605 1353 746 1385 utrumque
754 1346 873 1386 idipsum

134 1385 192 1414 est?
203 1386 428 1425 Quandoquidem
439 1386 533 1415 dicunt
539 1396 586 1415 nos
598 1386 652 1415 alio
665 1386 745 1415 modo
756 1387 874 1430 gignere,

135 1424 190 1453 alio
203 1426 321 1464 operari,
336 1425 397 1455 dico
408 1433 434 1454 et
450 1436 510 1464 ego,
525 1424 619 1454 eodem
636 1425 728 1461 modo,
744 1436 766 1454 st
784 1425 873 1453 aedifi-

135 1473 226 1493 camus
240 1471 265 1493 et
277 1464 440 1494 destruimus
447 1464 539 1493 eadem
550 1474 643 1499 manu,
657 1465 873 1502 percutimusque

135 1509 161 1531 et
171 1504 288 1543 polimus
302 1503 394 1533 eadem
404 1508 496 1538 manu,
510 1510 589 1541 atque
600 1503 764 1541 impellimus
776 1509 802 1531 et
811 1513 873 1531 con-

135 1542 289 1578 sternimus,
298 1543 456 1582 lapsumque
467 1542 594 1580 erigimus
605 1541 698 1570 eadem
707 1551 798 1576 manu,
813 1551 871 1570 nec-

136 1592 188 1610 non
206 1581 370 1611 calculamus
387 1588 412 1609 et
440 1580 574 1609 calculum
599 1580 758 1609 resolvimus
779 1579 871 1609 cadem

137 1631 217 1649 manu
226 1632 234 1657 ;
243 1621 327 1649 eritne
336 1630 398 1658 ergo
406 1619 537 1648 aedificare
547 1626 572 1648 et
580 1618 717 1648 destruere
731 1618 812 1653 idem,
826 1626 872 1648 aut

137 1667 275 1704 percutere
284 1667 310 1689 et
324 1660 420 1699 polire,
435 1665 462 1687 et
475 1665 566 1687 caetera
585 1658 763 1697 singillatim?
777 1659 872 1687 Nonne

113 1715 119 1718 -
138 1709 289 1728 insanorum
302 1698 471 1735 (hominum)
486 1698 535 1726 ista
553 1698 635 1727 verba
648 1704 720 1733 sunt,
736 1703 761 1726 et
774 1697 873 1726 sahulae

136 1738 252 1778 incptae?
262 1748 294 1766 an
308 1748 359 1766 non
375 1737 409 1766 de
424 1737 466 1766 his
480 1736 557 1766 Pauli
580 1736 685 1766 animus
705 1736 873 1775 ingemiscit?

137 1788 169 1806 an
184 1773 235 1806 non
253 1779 347 1806 Petrus
369 1777 524 1815 indignatur
542 1776 575 1805 de
598 1776 673 1805 illius
694 1775 767 1804 modi
783 1776 873 1805 verbis

137 1817 164 1845 iu
186 1817 333 1846 doctrinam
356 1815 550 1844 admiscendis?
569 1815 707 1845 Christum
725 1814 870 1853 denegasti,

137 1863 163 1885 et
184 1857 298 1884 aliorum
320 1854 618 1895 ediscis(doctrinam).
635 1856 677 1882 An
700 1864 751 1882 non
774 1853 873 1883 audisti

136 1896 282 1924 Dominum
296 1894 438 1930 dicentem,
458 1895 514 1932 Qui
535 1904 579 1923 me
598 1895 742 1922 erubuerit
764 1900 792 1921 et
810 1903 871 1922 ser-

136 1945 234 1964 mones
246 1944 333 1968 meos,
349 1935 459 1973 negabo
473 1940 501 1962 et
514 1943 565 1973 ego
587 1933 692 1961 illum?
707 1932 787 1962 Multi
802 1933 871 1962 enim

135 1984 204 2012 saepe
213 1974 350 2003 Christum
360 1973 600 2011 confitentur,quos
610 1979 695 2000 tamen
706 1971 788 2010 pudet
796 1972 870 2000 verbi

133 2014 191 2052 ejus
208 2025 214 2040 :
228 2013 297 2041 sicut
314 2019 339 2041 et
364 2019 391 2041 tu
414 2013 530 2052 profecto
555 2012 605 2040 sub
630 2010 784 2040 discrimine
806 2011 868 2046 cris,

132 2052 239 2080 cumin
261 2051 399 2090 theologiae
419 2052 499 2080 verba
521 2051 640 2085 veniens,
653 2049 744 2078 audito
766 2049 871 2078 nomine

132 2091 216 2120 Patris
224 2098 249 2120 et
259 2091 333 2127 Filii,
345 2091 428 2130 pudet
437 2097 460 2119 te
470 2090 566 2119 horum
577 2090 730 2124 verborum,
741 2095 819 2127 atque
828 2088 870 2117 di-

131 2131 169 2159 cis
184 2130 270 2159 haecce
280 2153 288 2167 ‚
304 2131 376 2159 Num
391 2130 492 2169 genuit,
506 2130 553 2168 qui
565 2129 694 2169 passionis
704 2135 742 2156 est
753 2128 868 2166 expers?

130 2170 188 2198 fieri
203 2176 282 2207 queat
303 2180 428 2207 umquam
444 2177 473 2198 ut
485 2168 603 2207 genuerit
617 2168 685 2206 (vel
696 2167 799 2205 genitus
810 2167 867 2195 fue-

130 2209 197 2244 rit)?
210 2208 290 2245 Quod
300 2208 322 2236 si
335 2208 370 2236 ita
380 2208 414 2236 sit
424 2209 494 2244 (ais),
507 2218 571 2245 ergo
581 2206 726 2236 secundum
737 2205 867 2234 effluxum

129 2248 323 2285 sectionemque
336 2247 457 2283 (fuerit).
471 2246 569 2276 Viden’
584 2245 657 2284 quod
670 2244 753 2284 pudet
767 2251 792 2273 te
806 2255 865 2273 ver-

128 2287 223 2315 borum
241 2286 367 2322 (Domini
377 2286 406 2321 )ἶ)
422 2285 459 2313 Ad
472 2285 536 2313 tales
550 2284 669 2312 homines
684 2283 755 2312 illud
765 2282 866 2312 (lictum

128 2326 208 2362 dixit,
225 2326 282 2363 Qui
289 2326 434 2354 erubuerit
450 2333 593 2352 sermones
608 2333 695 2358 meos,
709 2329 737 2351 et
749 2333 799 2362 ego
815 2323 862 2350 de-

129 2367 239 2405 negabo
261 2374 338 2393 eum.
360 2365 384 2393 Ο
409 2361 566 2392 stultitiam!
588 2362 741 2391 Verborum
763 2368 865 2390 tantum

126 2415 242 2444 aucupes
268 2404 357 2438 suere,
377 2413 428 2431 non
444 2401 632 2430 sententiarum
654 2401 710 2430 veri
730 2407 864 2430 scrutato-

126 2453 168 2471 res
183 2456 188 2471 :
202 2443 291 2472 omnia
310 2443 410 2481 quippe
425 2440 589 2470 labefactavit
609 2440 694 2468 inanis
709 2439 822 2469 vanitas.

167 2482 248 2518 Quod
261 2493 329 2521 saepe
340 2482 409 2515 (lixi,
420 2480 505 2509 dicam
517 2489 587 2508 nunc
597 2489 712 2517 quoquc,
726 2478 798 2516 quod
812 2486 863 2507 tuae

126 2522 234 2550 haeresis
247 2521 378 2560 principes
394 2532 425 2549 ac
438 2519 519 2548 duces
535 2518 663 2547 manifesti
678 2524 750 2554 sunt,
763 2525 789 2546 ct
803 2527 863 2546 san-

126 2568 167 2589 cta
181 2560 299 2589 Ecclesia
320 2559 467 2588 haereticam
483 2557 632 2586 doctrinam
651 2567 797 2595 numquam
810 2556 860 2585 ad-

127 2599 207 2628 misit.
225 2598 254 2628 Si
268 2598 418 2627 memineris
432 2607 568 2636 umquam,
586 2595 658 2634 quod
673 2595 733 2624 talis
749 2595 791 2625 vel
804 2595 863 2624 talis

1596 227 1667 263 979

1351 286 1397 324 tis,
1411 285 1493 316 debes
1506 286 1533 316 in
1547 287 1666 317 medium

927 324 1033 354 ducere.
1045 325 1106 354 Scio
1119 332 1216 362 tamen,
1229 336 1282 364 quo
1322 335 1375 354 non
1388 332 1462 366 potes
1483 325 1601 356 indicar'e
1620 327 1663 356 ul·
1674 330 1722 356 287

928 364 997 398 lum,
1010 364 1058 403 qui
1079 365 1146 394 hanc
1165 371 1261 394 sectam
1283 365 1454 404 produxerit,
1470 375 1550 403 quam
1575 372 1604 395 tu
1625 376 1666 395 se-

928 410 997 432 ctam
1011 405 1128 433 vocitas:
1147 414 1198 433 non
1221 411 1260 433 est
1279 411 1366 433 tamen
1387 411 1467 439 secta,
1482 404 1529 434 sed
1548 405 1646 435 veritas
1653 416 1663 444 ;

928 453 1009 481 quam
1021 453 1036 471 a
1044 443 1177 483 principio
1187 443 1302 483 apostoli
1313 443 1363 483 ipsi
1373 443 1561 483 praedicarunt,
1569 451 1595 482 et
1606 451 1666 484 post

928 481 975 510 illa
983 481 1090 510 Nicaena
1098 482 1216 522 synodus
1224 482 1341 512 eamdem
1352 483 1530 518 confirmavit,
1542 490 1570 512 ut
1577 484 1666 523 palam

927 527 994 549 esset
1011 521 1079 549 hanc
1100 522 1182 550 totius
1198 522 1270 550 orbis
1291 521 1469 551 universalem
1494 532 1550 551 esse
1564 522 1644 552 fidem
1658 535 1665 553 ε

927 560 965 588 ita
990 567 1018 588 ut
1037 570 1071 589 ex
1083 567 1121 589 tot
1131 567 1156 589 et
1168 567 1240 590 tanta
1251 561 1328 600 copia
1343 561 1527 600 episcoporum
1540 562 1568 590 in
1583 572 1667 592 unum

928 598 1017 627 locum
1028 606 1246 639 congregatorum
1260 611 1287 629 se
1308 607 1359 628 tem
1370 606 1472 629 tantum
1481 601 1598 645 episcopi
1612 612 1665 631 non

928 645 1130 674 consenserunt,
1145 649 1176 667 ac
1197 611 1310 679 proinde
1324 639 1392 668 sicut
1406 640 1547 679 proscripti
1567 648 1593 670 et
1616 641 1667 670 ab-

926 677 990 716 jecti
1010 676 1125 706 abdicati
1139 685 1217 714 sunt;
1232 685 1301 707 totus
1319 685 1406 707 autem
1430 678 1503 707 orbis
1523 680 1664 716 consensit,

929 715 992 754 quia
1005 726 1038 745 ex
1049 717 1192 755 apostolica
1207 727 1290 746 massa
1304 717 1411 746 subacta
1421 725 1487 746 erat.

969 757 1008 784 Ac
1032 755 1094 784 vide
1114 767 1170 784 rem
1192 756 1351 785 mirabilem.
1370 757 1491 785 Imitatus
1515 765 1554 787 est
1580 768 1666 788 novus

928 793 1047 823 mundus
1060 801 1130 823 totus
1145 795 1290 833 Antiquum
1306 795 1383 824 illum
1394 796 1599 827 Testamentum.
1611 798 1667 827 Sic-

930 839 960 861 ut
971 833 1042 862 enim
1056 833 1113 862 illic
1125 834 1225 873 oppido
1235 835 1322 863 fidelis
1336 835 1470 864 Abraham
1479 846 1566 865 secum
1581 848 1666 867 arma-

896 877 913 899 B
930 873 970 901 vit
981 883 1071 902 servos
1084 874 1240 903 vernaculos
1249 881 1377 903 trecentos
1390 881 1415 902 et
1429 875 1573 904 octodecim
1588 884 1666 915 atque

930 911 1049 950 quinque
1069 923 1144 951 reges
1159 913 1330 953 Assyriorum
1345 914 1372 942 in
1393 914 1558 943 Palaestinam
1576 915 1666 945 insur-
1678 923 1814 955 annm-14.

929 958 1019 989 gentes
1032 952 1185 991 profligavit
1201 965 1207 980 ι
1221 952 1314 981 eodem
1330 952 1410 981 modo
1428 960 1453 982 et
1469 964 1577 982 numero
1587 955 1666 984 Chri-

930 996 986 1018 stus
998 1001 1116 1029 quoque‚
1138 998 1168 1020 ut
1190 989 1326 1021 h'aereticos
1349 1000 1526 1031 oppugnaret,
1538 999 1667 1023 trecentos

930 1035 955 1057 et
968 1030 1113 1059 octodecim
1127 1031 1264 1070 episcopos
1285 1031 1320 1059 ad
1334 1041 1361 1059 se
1381 1031 1559 1071 congregavit.
1580 1033 1667 1062 Abra-

930 1068 1003 1104 ham,
1016 1069 1140 1098 trecentis
1151 1076 1177 1099 et
1190 1070 1339 1099 octodecim·
1350 1070 1435 1099 servis
1446 1070 1561 1111 sumptis
1571 1083 1667 1102 verna-

929 1107 1009 1144 culis,
1022 1110 1155 1148 profectus
1175 1116 1213 1138 est
1233 1116 1324 1139 contra
1344 1109 1504 1149 alienigenas
1521 1123 1527 1139 z
1543 1112 1667 1150 quamvis

929 1147 998 1175 enim
1025 1148 1115 1187 plures
1132 1149 1198 1177 alios
1216 1149 1310 1179 habuit
1330 1159 1421 1178 servos
1439 1149 1522 1188 [678]
1538 1151 1665 1187 emtitios,

912 1215 920 1222 ,
929 1186 975 1214 sed
989 1187 1069 1216 fidem
1080 1188 1284 1217 vernaculorum
1299 1198 1437 1217 servorum
1451 1188 1642 1219 demonstravit
1659 1203 1666 1220 ι

929 1225 1052 1255 similiter
1062 1233 1089 1255 et
1100 1227 1224 1256 Christus
1243 1237 1296 1256 non
1309 1227 1394 1256 obiter
1414 1238 1444 1256 ac
1458 1228 1563 1258 mixtim
1577 1239 1668 1259 omnes

928 1266 1108 1304 congregavit,
1126 1266 1172 1295 scd
1196 1266 1353 1295 vernaculos
1372 1266 1450 1304 fidei;
1473 1267 1520 1305 qui
1538 1267 1668 1308 praedica-

928 1311 992 1333 runt
1004 1306 1108 1335 Verum
1125 1305 1159 1334 de
1173 1307 1258 1342 Vero,
1272 1305 1415 1336 Viventem
1425 1316 1459 1334 ex
1480 1307 1603 1345 Vivente,
1615 1308 1669 1337 Lu-

927 1353 987 1372 men
1000 1343 1033 1372 de
1045 1345 1166 1374 Lumine.

967 1383 1047 1419 Quod
1061 1382 1204 1413 discrimen
1216 1384 1285 1413 inter
1298 1384 1388 1413 lumen
1402 1391 1428 1414 et
1445 1384 1534 1415 lumen
1550 1387 1667 1426 putatis?

926 1432 1006 1459 quam
1017 1420 1194 1451 differentiam
1207 1423 1274 1452 inter
1286 1423 1369 1452 vitam
1381 1430 1405 1452 et
1417 1424 1511 1457 vitam,
1519 1436 1599 1463 quam
1608 1426 1667 1454 dis-

892 1470 909 1492 c
925 1461 1128 1490 similitudinem
1140 1462 1208 1490 inter
1216 1462 1354 1491 veritatem
1364 1469 1390 1490 et
1402 1462 1540 1491 veritatem
1548 1464 1562 1492 Ξ)
1569 1464 1664 1499 Quod-

925 1509 976 1536 que
986 1499 1069 1537 magis
1079 1500 1177 1528 inii-um
1187 1507 1236 1536 est,
1245 1502 1321 1529 Pater
1331 1500 1421 1528 lumen
1429 1500 1540 1537 dicitur,
1550 1510 1579 1530 ut
1587 1503 1665 1532 Joan-

926 1547 970 1566 nes
982 1537 1058 1572 dicit,
1075 1539 1156 1567 Deus
1170 1539 1223 1567 lux
1234 1546 1276 1567 est
1289 1551 1297 1568 ι
1313 1539 1400 1568 Filius
1413 1549 1476 1568 vero
1489 1551 1550 1569 cum
1560 1541 1663 1579 addito,
1677 1562 1695 1577 ¹,
1707 1557 1777 1578 Jonn.
1791 1563 1811 1579 ¹,

923 1576 996 1614 quod
1011 1578 1086 1605 Erat
1107 1578 1159 1606 lux
1172 1587 1256 1606 vera.
1272 1579 1349 1607 Pater
1360 1578 1450 1607 lumen
1469 1586 1571 1608 tantum
1585 1581 1661 1610 abso·
1672 1586 1696 1608 5.

924 1615 980 1645 lute
993 1622 1114 1652 vocatur,
1127 1623 1235 1660 propter
1251 1617 1382 1656 energiam
1395 1618 1462 1656 (vel
1474 1618 1660 1659 soliditatem).
1671 1618 1739 1639 J‘W'·
1755 1624 1775 1640 ¹·
1787 1626 1811 1649 9·

924 1655 995 1691 Quia
1008 1655 1078 1684 enim
1093 1655 1207 1684 haeretict
1221 1663 1372 1695 arrogantes
1382 1663 1472 1686 contra
1483 1658 1559 1696 (Filii
1568 1659 1662 1697 solius)

923 1694 1091 1723 divinitatem
1109 1694 1235 1729 militant,
1246 1705 1407 1734 quamquam
1424 1702 1450 1724 et
1471 1697 1517 1734 qui
1539 1698 1564 1726 in
1579 1697 1662 1728 Chri-

925 1740 995 1762 stum
1010 1734 1215 1773 praesumpserit,
1231 1734 1259 1762 in
1271 1736 1376 1763 Patrem
1395 1742 1550 1775 contorquet
1567 1745 1661 1767 contu-

925 1772 1044 1808 meliam,
1065 1779 1153 1802 tamen
1174 1773 1312 1812 Scriptura
1335 1774 1408 1812 quod
1429 1774 1456 1803 in
1482 1777 1600 1806 confesso
1623 1784 1661 1807 est
1672 1782 1719 1806 289

926 1811 1042 1851 simplici
1062 1812 1180 1841 oratione
1203 1813 1337 1852 patefacit,
1350 1813 1423 1851 quod
1445 1821 1533 1843 autem
1556 1823 1660 1846 contro·

925 1851 1047 1888 vertitur,
1061 1851 1171 1881 veritate
1194 1852 1350 1881 communit.
1368 1854 1469 1882 Lumen
1488 1861 1598 1884 vocatur
1613 1857 1663 1885 Pa-

925 1896 975 1925 ter,
991 1900 1042 1919 non
1063 1900 1126 1919 vero
1140 1901 1200 1920 cum
1216 1890 1413 1928 additamen103
1430 1902 1490 1921 nam
1510 1894 1662 1932 praedicatio

924 1929 979 1957 sola
994 1930 1092 1971 sufficit
1117 1929 1150 1958 ad
1172 1937 1263 1959 notum
1285 1931 1446 1959 faciendum.
1460 1933 1562 1961 Lumen
1577 1934 1661 1963 nomi-

924 1975 1003 1997 natur
1014 1976 1040 1998 ct
1047 1969 1133 1998 Filius
1143 1980 1152 2006 ;
1166 1979 1198 1998 ne
1209 1980 1272 2008 ergo
1280 1970 1414 1999 existimes
1423 1970 1501 1999 illum
1509 1972 1598 2002 lumen
1606 1984 1661 2002 esse

924 2007 1093 2046 intelligibile
1113 2019 1143 2037 ac
1157 2009 1311 2048 genuinum,
1325 2010 1395 2038 hunc
1415 2020 1479 2038 vero
1502 2010 1592 2041 lumen
1611 2013 1659 2041 ali-

890 2057 908 2080 1)
923 2047 995 2084 quod
1006 2047 1115 2076 visibile
1128 2054 1154 2076 et
1165 2048 1201 2076 im
1223 2048 1353 2087 roprium,
1366 2059 1414 2088 per
1426 2048 1588 2080 additionem
1602 2062 1659 2081 cor-

922 2086 1029 2115 roborat
1053 2087 1176 2124 verbum,
1213 2087 1284 2115 icens
1301 2100 1307 2115 :
1324 2089 1398 2116 Erat
1421 2088 1473 2116 lux
1493 2100 1576 2119 vera.
1592 2092 1660 2120 Rur-

922 2136 981 2162 sum
994 2136 1027 2154 nc
1039 2126 1099 2163 quis
1116 2125 1198 2161 dicat,
1213 2126 1438 2164 quemadmodum
1452 2128 1492 2156 sol
1507 2129 1555 2158 lux
1568 2137 1617 2165 est,
1633 2138 1659 2159 et

921 2165 984 2193 luna
1008 2175 1114 2203 quoque
1134 2165 1182 2193 lux
1198 2176 1204 2194 :
1223 2165 1269 2194 sed
1283 2165 1335 2194 alia
1348 2176 1455 2204 magna,
1468 2167 1519 2196 alia
1543 2169 1654 2207 exigua;

920 2204 956 2232 ita
967 2211 992 2232 et
1004 2205 1080 2232 Pater
1093 2204 1182 2233 lumen
1194 2215 1321 2243 magnum
1334 2205 1378 2241 sit,
1395 2205 1483 2234 Filius
1496 2214 1583 2235 autem
1598 2218 1656 2246 par-

919 2253 995 2279 vum,
1010 2253 1173 2282 praecurrens
1181 2244 1263 2272 Isaias
1277 2254 1330 2272 rem
1343 2244 1476 2284 disponit:
1494 2246 1590 2281 Terra,
1606 2247 1642 2274 ait

919 2283 1098 2318 Zabulon‚et
1111 2288 1188 2311 terra
1200 2283 1399 2322 Nephthalim,
1412 2284 1463 2311 via
1473 2287 1560 2313 maris
1574 2291 1653 2313 trans
1665 2301 1687 2316 2.

918 2322 1086 2356 Jordanem,
1106 2321 1239 2360 populus,
1260 2325 1311 2360 qui
1329 2323 1447 2350 sedebat
1467 2325 1498 2351 in
1520 2325 1653 2359 tenebris,

918 2361 994 2389 vidit
1008 2361 1101 2389 lucem
1114 2370 1260 2400 magnam.
1277 2362 1304 2390 Si
1320 2362 1395 2389 Pater
1409 2360 1458 2389 lux
1469 2372 1562 2400 magna
1577 2373 1654 2391 voca·

918 2406 972 2435 tur,
988 2409 1047 2428 ecce
1059 2406 1084 2428 et
1095 2400 1182 2428 Filius
1195 2400 1243 2429 lux
1256 2409 1349 2438 magna
1362 2399 1523 2428 nominatur.
1540 2402 1652 2439 Magnus

917 2439 1018 2478 quippe
1030 2445 1068 2467 est
1081 2439 1193 2478 genitor,
1207 2449 1317 2477 magnus
1329 2445 1354 2466 et
1363 2437 1466 2476 genitus
1481 2451 1487 2467 z
1503 2450 1603 2477 magnae
1614 2451 1643 2469 ra

917 2479 984 2507 dicis
999 2487 1109 2515 magnus
1123 2485 1162 2506 est
1176 2479 1278 2506 fructus
1295 2488 1301 2504 ε
1314 2487 1406 2512 magna
1417 2483 1453 2506 est
1468 2478 1527 2513 lux,
1543 2488 1653 2517 maguus

918 2525 940 2545 et
959 2517 1086 2556 splendor
1099 2517 1178 2546 lucis.
1196 2517 1255 2545 Non
1268 2515 1329 2544 novi
1344 2516 1400 2544 illic
1419 2526 1543 2554 magnum
1557 2525 1582 2546 et
1593 2529 1647 2557 par—

917 2567 993 2593 vum,
1009 2555 1055 2585 sed
1069 2556 1157 2585 solum
1179 2565 1314 2593 maguum,
1330 2565 1413 2583 unum
1434 2556 1519 2584 Deum
1533 2556 1651 2585 Trinita-

917 2602 970 2624 tem
985 2595 1051 2625 scio.
1062 2597 1177 2634 Magnus
1191 2601 1228 2622 est
1241 2595 1331 2632 Putem
1343 2593 1411 2623 sicut
1424 2601 1449 2623 et
1461 2595 1576 2624 Jeremia
1591 2607 1651 2635 pro-

1646 2269 1653 2281 ›
1666 2264 1722 2286 lsai.
1732 2271 1755 2294 9⁴
1769 2272 1787 2289 r.
