1890 2826
733 193 766 215 lN
796 190 928 223 isaiam,
958 193 1034 215 clm.
1066 193 1111 216 vi.

135 261 208 293 τῆς,
222 255 270 291 τὴν
290 255 420 290 εὐκολίαν,
442 254 491 290 τὴν
507 254 660 294 ταχύτητα,
682 254 747 293 ὅπερ
769 253 848 293 ἔφθην
863 254 903 282 εἰ·

135 302 201 337 πὼν,
211 301 255 331 διὰ
263 301 369 331 πάντων
378 300 549 330 ἐνδείκνυται.
559 299 630 330 Οὐδὲ
643 299 751 329 λύσουσι
760 299 807 332 τὰς
818 299 902 333 ζώνας

133 349 219 377 αὐτῶν
231 345 307 376 1’ἀπὸ
328 349 376 383 τῆς
398 346 494 387 ὀσφύος
514 347 612 382 αὗτῶν,
626 345 685 375 οὐδὲ
705 345 742 384 μὴ
763 346 864 385 ῥαγῶσι
877 346 902 373 οἱ

131 392 240 431 ἱμάντες
259 394 312 422 τῶν
325 392 502 432 ὑποδημάτων
522 393 619 422 αὐτῶν.
637 386 689 421 ’Ὧν
708 391 742 420 τὰ
758 390 823 430 βέλη
841 390 901 424 ὀξέα

133 439 208 476 ἐστὶ,
221 439 267 469 καὶ
277 438 313 469 ,τὰ
332 439 395 473 τόξα
415 441 502 468 αὐτῶν
520 437 690 478 ἐντεταμένα.
709 439 745 467 Οἱ
758 437 835 471 πόδες
848 438 901 466 τῶν

132 484 222 514 ἵππων
237 485 322 515 αὐτῶν
334 486 374 524 ὡς
389 484 483 525 στερεὰ
496 484 582 524 πέτρα
600 484 782 523 ἐλογίσθησαν,
797 484 821 513 οἱ
839 494 899 523 τρο-

133 531 243 571 χοὶτῶν
255 530 381 571 ἁρμάτων
394 532 481 560 αὐτῶν
490 531 528 564 ὣς
539 530 698 570 καταιγίδες.
709 529 854 570 Ὀργιῶσιν
864 530 900 562 ὡς

133 576 250 612 λέοντες,
262 577 309 606 καὶ
320 576 520 616 παρεστήκασιν
531 578 567 610 ὣς
580 575 692 615 σκύμνοι
709 575 832 605 λεόντων.
846 574 900 605 Καὶ

132 622 304 662 ἐπιλήψεται,
317 622 362 651 καὶ
384 621 477 661 βοήσει
490 623 526 656 ὥς
539 622 639 662 θηρίον,
652 622 698 652 καὶ
715 622 822 651 ἔκὸαλεῖ
834 633 841 640 ·
855 621 900 651 καὶ

131 668 180 697 οὐκ
191 668 262 698 ἔστιν
275 669 289 697 ὅ
303 667 426 708 ῥυόμενος
439 668 543 702 αὐτούς.
557 668 610 698 Καὶ
623 668 750 708 βοήσεται
759 669 793 698 δι’
807 666 901 701 αὐτοὺς

131 715 165 753 τῇ
179 713 270 754 ἡμέρᾳ
290 714 389 754 ἐκείνῃ,
404 715 441 748 ὣς
458 714 532 755 φωνὴ
553 714 688 750 θαλάσσης
709 714 907 754 κυμαινούσης..

132 759 186 789 Καὶ
197 759 375 800 ἐμὸλέψονται
385 762 422 794 εἰς
435 760 481 790 τὸν
492 760 600 800 οὐρανὸν
609 760 673 798 ἄνω,
684 761 730 790 καὶ
742 762 778 794 εἰς
788 760 837 797 τὴν
851 763 900 799 γῆν

132 805 219 835 κάτω·
232 805 277 836 καὶ
293 806 348 835 ἰδοὺ
361 806 454 840 σκότος
467 806 592 846 σκληρὸν,
607 805 701 840 σκότος
714 808 741 836 ἔν
753 808 788 847 τῇ
802 806 900 846 ἀπορίᾳ

131 852 226 881 αὐτῶν.
236 852 288 882 Διὰ
298 851 403 882 πάντων
411 852 456 882 τὸν
463 852 541 892 λόγον
553 850 700 892 ἐξώγκωσε,
710 853 755 882 καὶ
765 853 810 882 τὸν
818 852 899 892 φόὸον

132 898 230 937 ἐτι-ἦρε,
252 896 321 927 κατὰ
335 898 428 938 μικρὸν
443 898 563 928 οέκαστα
582 898 752 938 διηγούμενος
761 920 771 934 ,
783 898 817 928 τὰ
838 898 899 938 περὶ

131 944 179 978 τῆς
191 942 314 983 γνώμης,
326 943 361 973 τὰ
373 943 493 984 περὶτῆς
505 944 608 985 ἰσχύος,
621 944 656 973 τὰ
665 945 728 985 περὶ
738 947 792 974 τῶν
800 944 898 980 ὅπλων,

131 988 165 1017 τὰ
176 988 239 1029 περὶ
250 990 304 1018 τῶν
318 989 418 1027 ἵππων,
431 989 466 1019 τὰ
479 990 541 1031 περὶ
557 992 611 1020 τῶν
628 991 765 1030 ἁρμάτων,
778 991 847 1020 ὥστε
860 993 899 1030 τῷ

131 1034 226 1070 πλήθει
239 1035 293 1064 τῶν
307 1035 454 1075 λεγομένων
468 1036 570 1072 πολλὴν
590 1039 701 1073 ποιῆσαι
714 1036 763 1073 τὴν
777 1037 900 1076 ἀγωνίαν,

135 1079 180 1108 καὶ
192 1082 227 1120 τῇ
239 1081 368 1121 σαφηνείᾳ
380 1084 432 1111 τῶν
446 1081 552 1111 εἰκόνων
563 1082 640 1121 ἐγγὺς
653 1082 687 1112 τὰ
696 1083 842 1122 πράγματα
853 1085 902 1112 αὐ-

135 1129 188 1159 τοῖς
201 1127 334 1166 ’ἅγαγεῖν.
356 1126 405 1156 Διὸ
418 1127 464 1156 καὶ
482 1127 584 1157 λέουσιν
608 1128 701 1162 αὐτοὺς
719 1128 902 1168 παραὸἄλλει,

135 1171 180 1200 καὶ
195 1171 255 1201 οὗδὲ
268 1173 379 1202 ἐνταῦθα
392 1172 456 1209 ἔστ-η
470 1175 516 1202 τοῦ
530 1174 757 1214 παραδείγματος,
771 1174 840 1204 ἀλλὰ
858 1175 902 1204 καὶ

135 1215 223 1256 φωνὴν
241 1217 403 1250 ἀναπλάττει
425 1218 470 1248 καὶ
491 1218 575 1259 ὁρμὴν
593 1222 639 1248 τοῦ
654 1220 760 1258 θηρίου,
779 1219 824 1250 καὶ
842 1221 903 1249 ἐπι-

134 1262 207 1300 μένει
217 1265 250 1302 in]
265 1269 416 1304 μεταφορᾷ,
429 1265 475 1293 καὶ
487 1264 589 1300 πολλὴν
601 1270 716 1294 ποιεῖται
728 1265 777 1302 τὴν
791 1266 900 1305 τροπήν.

133 1308 187 1337 Καὶ
201 1310 318 1338 ἐντεῦθεν
331 1309 376 1338 ἐπὶ
389 1309 521 1339 θάλατταν
536 1309 623 1350 ἐξάγει
639 1311 684 1340 τὸν
701 1311 794 1351 λόγον,
807 1312 901 1351 λέγων,

133 1354 175 1383 ὅτι
195 1357 316 1388 τοσοῦτος
336 1354 411 1385 ἔσται
430 1358 445 1385 ὁ
467 1355 591 1396 θόρυὸος,
610 1357 726 1394 τοσαύτη
742 1360 759 1394 ἡ
773 1357 901 1398 ταραχὴ,

132 1399 183 1435 ὅση
211 1399 242 1429 ἂν
260 1401 362 1440 γένοιτο
386 1402 545 1441 μαινομένης
569 1403 703 1439 θαλάσσης
727 1404 772 1433 καὶ
794 1404 902 1444 κύματα

134 1445 322 1486 διεγειρούσης·
336 1447 381 1476 καὶ
393 1447 482 1477 πάντα
495 1453 561 1478 κινεῖ
580 1448 686 1489 τρόπον,
705 1449 788 1484 αὔξων
799 1450 844 1479 τὸν
853 1450 900 1490 φό-

134 1490 190 1529 ὅον,
203 1491 273 1522 ὥστε
293 1492 331 1532 μὴ
345 1494 469 1529 δεηθῆναι
484 1495 578 1528 αὐτοὺς
590 1496 638 1530 τῆς
651 1495 695 1524 διὰ
708 1498 760 1526 τῶν
774 1498 901 1536 πραγμά-

134 1549 187 1566 των
208 1538 310 1578 πείρας.
331 1539 385 1568 Καὶ
408 1539 439 1569 τὸ
464 1539 495 1576 δὴ
515 1540 718 1581 χαλεπώτερον,
742 1541 783 1571 ὅτι
805 1543 864 1572 οὐδὲ
887 1545 902 1573 ὁ

134 1583 367 1623 παραστησόμενος
380 1584 470 1622 ἔσται,
482 1585 571 1625 φησὶν,
585 1588 632 1616 οὐκ
646 1586 699 1616 ἀπὸ
712 1589 759 1623 τῆς
772 1589 835 1627 γῆς,
853 1590 900 1618 οὐκ

135 1628 188 1657 ἀπὸ
200 1630 254 1658 τῶν
266 1630 383 1669 οὐρανῶν
393 1642 400 1649 ·
418 1631 477 1659 ἀλλ’
491 1630 586 1670 ἔρημοι
598 1632 644 1661 καὶ
656 1634 704 1668 τῆς
721 1633 818 1663 ἄνωθεν
833 1646 900 1673 συμ-

135 1673 250 1712 μαχίας,
271 1674 318 1704 καὶ
340 1676 388 1710 τῆς
410 1675 527 1705 κάτωθεν
554 1677 676 1716 βοηθείας
684 1700 692 1715 ,
715 1679 901 1714 ἐκδοθήσονται

135 1722 189 1751 τοῖς
205 1719 352 1758 πολεμίοις.
367 1720 465 1754 Σκότος
483 1721 511 1750 δὲ
524 1722 636 1751 ἐνταῦθά
657 1734 723 1762 φησι
736 1724 767 1753 τὸ
785 1725 837 1754 ἀπὸ
853 1727 901 1760 τῆς

135 1770 270 1804 συμφορᾶς
293 1767 381 1798 αὐτοῖς
400 1766 578 1805 ἐγγινόμενον,
597 1769 648 1807 οὐχ
666 1770 703 1801 ὣς
726 1771 774 1805 τῆς
798 1772 900 1803 ἀκτῖνος

134 1810 333 1850 ἀφανιζομένης,
345 1810 414 1840 ἀλλὰ
425 1813 473 1847 τῆς
485 1811 624 1846 διαθέσεως
636 1815 689 1842 τῶν
703 1815 860 1854 πασχόντων
874 1818 901 1845 ἐν

134 1855 203 1895 μέσῃ
230 1858 268 1895 τῇ
289 1855 443 1895 μεσημὸρίᾳ
465 1856 525 1885 ἀντὶ
551 1857 636 1897 φωτὸς
657 1858 750 1892 σκότος
770 1858 899 1899 ὁρώντων·

133 1901 199 1941 ὅπερ
223 1905 277 1934 τοῖς
307 1901 478 1940 ὀδυνωμένοις
500 1901 546 1930 καὶ
566 1903 728 1942 θλιὸομένοις
746 1905 900 1943 συμὸαίνειν

133 1948 215 1977 εἴωθε.
230 1946 284 1976 Καὶ
299 1946 343 1976 ἵνα
361 1947 462 1986 μάθῃς,
476 1946 516 1976 ὅτι
533 1949 564 1977 οὗ
586 1950 634 1983 τῆς
647 1949 748 1989 φύσεως
765 1954 811 1980 τοῦ
826 1952 900 1991 ἀέρος

133 1992 164 2022 τὸ
174 1991 266 2024 σκότος
276 1987 319 2027 ἦν,
330 1991 399 2020 ἀλλὰ
412 1993 460 2027 τῆς
475 1991 581 2021 ἐκείνων
596 1993 735 2027 διαθέσεως
744 2016 752 2030 ,
764 1995 881 2035 ἐπήγαγε
894 2008 899 2014 ·

134 2037 255 2077 Σκληρὸν
270 2037 365 2070 σκότος
375 2038 403 2066 ἐν
417 2039 450 2076 τῇ
462 2037 560 2077 ἀπορίᾳ
575 2039 668 2068 αὐτῶν.

419 2143 558 2173 ΚΕΦΑΔ.
573 2144 606 2178 ς’.

175 2234 227 2264 Καὶ
239 2234 340 2274 ἐγένετο
350 2237 395 2265 τοῦ
410 2237 527 2267 ἐνιαυτοῦ
536 2259 545 2273 ,
557 2233 586 2267 οὗ
601 2237 728 2267 ἀπέθανεν
743 2238 833 2274 Ὀζίας
847 2242 860 2269 ὁ

451 2282 581 2321 βασιλεύς.

175 2370 211 2400 Τί
225 2370 322 2407 δήποτε
335 2372 396 2406 τοὺς
410 2373 457 2412 μὲν
478 2373 572 2407 ἄλλους
585 2375 693 2414 χρόνους
709 2376 761 2405 ἀπὸ
774 2378 821 2412 τῆς
832 2379 900 2413 ζωῆς

134 2417 185 2445 τῶν
201 2416 339 2455 βασιλέων,
352 2419 442 2447 τοῦτον
456 2418 484 2448 δὲ
498 2419 551 2449 ἀπὸ
566 2422 612 2456 τῆς
626 2422 750 2457 τελευτῆς
763 2434 899 2462 χαρακτη-

168 2509 182 2528 ¹³
198 2509 258 2534 uaec
265 2528 271 2539 ,
284 2512 330 2535 ἀπὸ
341 2514 381 2539 τῆς
391 2511 467 2545 ὀσφύος
475 2513 557 2542 αὐτῶν,
567 2510 659 2536 desum
669 2512 694 2536 iu
703 2512 764 2546 neg.
775 2519 800 2538 et
809 2513 886 2540 Savil.

137 2546 187 2573 Sed
198 2546 322 2572 habentur
333 2549 359 2573 in
371 2547 458 2574 ssot-el.
474 2555 501 2575 et
519 2551 545 2576 in
563 2556 632 2576 textu
651 2549 763 2584 niblico,
783 2558 809 2578 et
825 2552 889 2579 lecta

136 2592 195 2612 sunt
207 2595 222 2611 a
233 2586 378 2613 Tilmanno.

1657 194 1674 227 7
1682 182 1700 214 3

955 252 1077 282 homines
1090 264 1151 282 eum
1169 260 1266 290 essent,
1281 263 1502 291 communemque
1517 259 1615 281 naturae
1633 263 1699 281 con-

955 298 1085 328 ditionem
1093 300 1179 329 sortiti
1189 299 1294 329 essent?
1307 298 1362 329 Sed
1375 299 1540 328 velocitatem
1552 299 1696 335 exercitus,

955 345 1119 383 facilitatem,
1134 346 1307 383 celeritatem,
1322 352 1352 374 ut
1365 347 1421 385 jam
1435 345 1506 381 dixi,
1520 345 1563 374 his
1574 346 1698 376 omuibus

955 390 1129 421 demonstrat.
1142 394 1246 432 Neque
1255 392 1369 422 solvent
1380 402 1470 420 zonas
1481 401 1549 420 suas
1561 402 1579 420 a
1592 392 1698 422 lumbis

954 440 1024 476 suis,
1040 449 1134 478 neque
1146 440 1363 479 disrumpentur
1372 440 1503 477 corrigia?
1517 438 1700 468 calceamen—

954 491 1049 514 torum
1058 495 1168 514 eorum.
1184 485 1232 515 928.
1253 486 1384 524 Quorum
1392 486 1507 524 sagittae
1515 490 1609 513 acutoe
1618 492 1696 521 sunt,

954 536 983 559 et
996 540 1083 560 arcus
1096 541 1196 560 eorum
1211 532 1328 560 extenti.
1341 531 1435 559 Pedes
1448 540 1589 570 equorum
1600 540 1698 559 eorum

953 583 986 605 ut
996 577 1092 606 solida
1102 583 1186 616 petra
1197 578 1322 616 reputati
1332 583 1410 612 sunt,
1423 583 1492 605 rotae
1503 586 1638 605 curruum
1652 588 1699 606 eo—

953 631 1018 651 rum
1025 628 1057 651 ut
1063 623 1211 661 procelloe.
1221 624 1270 654 29.
1281 622 1538 662 Impetuseruntur
1546 629 1577 651 ut
1588 623 1697 659 leones,

952 675 981 697 et
994 668 1170 698 adstiterunt
1181 676 1214 699 ut
1226 669 1318 698 catuli
1337 669 1466 698 leonum.
1481 669 1520 697 Et
1534 670 1702 707 apprehen-

953 714 1013 751 det,
1025 722 1053 744 ει
1071 715 1213 746 clamabit
1225 716 1314 755 quasi
1321 716 1407 756 sera,
1422 721 1451 744 et
1468 716 1565 754 ejiciet
1572 729 1583 751 ‚·
1598 712 1699 745 et'non

952 762 1007 789 erit
1016 763 1068 800 qui·
1077 762 1180 791 liberet
1191 772 1250 791 eos.
1263 762 1312 791 30.
1323 762 1364 791 Et
1375 761 1516 790 clamabit
1524 768 1642 800 propter
1651 773 1698 791 eos

951 808 983 834 in
1002 807 1050 835 die
1077 807 1144 844 illa,
1165 809 1242 837 sieut
1267 817 1330 836 vox
1357 808 1447 836 maris
1474 810 1636 836 aestuantis.
1659 810 1707 837 Etv

951 854 1093 892 aspicient
1105 855 1138 882 in
1150 853 1256 883 eaelum
1270 863 1395 888 sursum,
1407 859 1435 881 et
1447 854 1478 880 in
1493 859 1599 881 terram
1613 854 1696 881 deor-

915 914 939 933 ω
952 909 1015 928 sum
1027 911 1035 928 ε
1052 906 1081 928 et
1097 910 1163 928 ecee
1178 901 1302 929 tenebroe
1318 900 1410 935 duroe,
1426 900 1549 927 tenebra»
1562 901 1593 927 in
1606 909 1699 938 angu—

917 943 937 965 Α
951 946 1123 975 stiaeorum.
1135 945 1348 975 Hisceomnibus
1356 954 1505 973 sermonem
1511 944 1702 983 amplificavit,

951 997 978 1019 et
988 991 1112 1020 timorem
1124 991 1211 1028 auxit,
1225 990 1378 1019 minutatim
1392 990 1498 1029 singula
1513 1000 1651 1026 enarrans,
1663 991 1698 1020 de

951 1035 1070 1074 decreto,
1087 1036 1124 1066 de
1146 1036 1316 1072 fortitudine,
1335 1035 1371 1065 de
1391 1036 1488 1072 armis,
1506 1035 1541 1064 de
1562 1037 1650 1075 equis,
1665 1037 1699 1066 dc

952 1082 1089 1119 curribus,
1102 1082 1140 1111 ita
1166 1089 1196 1111 ut
1214 1081 1351 1111 dictorum
1375 1082 1552 1111 multitudine
1574 1094 1697 1122 magnam

954 1128 1066 1158 inferret
1093 1127 1264 1164 anxietatem,
1288 1134 1313 1157 et
1341 1127 1490 1167 imaginum
1515 1128 1636 1158 claritate
1657 1141 1698 1158 res

953 1184 1039 1215 pmpe
1052 1174 1104 1204 suh
1116 1174 1210 1203 oculos
1221 1181 1320 1213 ageret·
1338 1173 1405 1203 Ideo
1420 1174 1544 1203 leonibus
1560 1175 1620 1205 illos
1631 1187 1701 1206 com-

953 1227 1041 1260 parat,
1055 1230 1141 1258 neque
1154 1220 1182 1248 in
1201 1220 1254 1250 hoc
1270 1219 1395 1259 exemplo
1410 1220 1541 1257 substitit,
1556 1222 1603 1251 scd
1620 1223 1698 1251 effin-

952 1266 991 1305 git
1019 1276 1112 1295 vocem
1131 1272 1158 1295 et
1177 1266 1310 1306 impetum
1335 1267 1409 1305 ferae,
1430 1267 1513 1306 inque
1543 1269 1698 1308 metaphora

953 1311 1062 1349 insistit,
1077 1311 1216 1350 multaque
1236 1311 1322 1341 utitur
1343 1313 1457 1352 figurata
1481 1313 1609 1342 dictione.
1627 1315 1697 1343 Hinc

953 1356 988 1386 ad
1006 1367 1080 1386 mare
1100 1367 1251 1388 sermonem
1270 1358 1397 1394 traducit,
1409 1359 1502 1388 dicens
1522 1366 1626 1388 tantum
1644 1361 1699 1389 foi-e

953 1403 1112 1441 tumultum,
1126 1411 1227 1434 tantam
1247 1405 1489 1444 perturbationem,
1501 1412 1598 1443 quanta
1617 1406 1707 1435 fucrit!

953 1449 1100 1479 insaniente
1109 1456 1135 1479 et
1150 1457 1277 1480 aestuante
1293 1450 1388 1490 pelago
1404 1463 1411 1479 :
1427 1461 1458 1480 ac
1471 1450 1559 1480 modis
1574 1451 1709 1480 omnibus.

954 1495 1085 1525 annititur
1106 1503 1135 1526 nt
1154 1503 1256 1526 metum
1275 1503 1382 1536 augeat,
1407 1504 1436 1526 ut
1463 1497 1504 1526 illi
1528 1508 1581 1526 non
1604 1505 1695 1537 egeant

954 1542 1013 1581 ipsa
1027 1552 1118 1572 rerum
1125 1542 1300 1583 experientia.
1316 1543 1452 1581 Quodque
1465 1544 1576 1583 gravius
1586 1551 1635 1579 est,
1651 1554 1697 1573 nc-

956 1599 1000 1618 mo
1022 1588 1167 1618 adfuturus
1189 1596 1238 1625 est,
1251 1589 1351 1627 inquit,
1366 1599 1452 1628 neque
1464 1596 1594 1627 exterra,
1614 1601 1699 1628 neque

953 1645 988 1663 ex
999 1634 1088 1671 caelis;
1102 1634 1150 1664 sed
1163 1634 1284 1664 destituti
1294 1645 1411 1674 superno
1427 1635 1540 1671 auxilio,
1555 1642 1581 1664 et
1593 1642 1694 1664 terrena

953 1690 1015 1719 ope,
1023 1680 1163 1710 tradentur
1177 1680 1311 1710 hostibus.
1323 1681 1459 1710 Tenebras
1469 1688 1559 1711 autem
1573 1682 1617 1710 hic
1630 1681 1695 1710 dicit

953 1735 1008 1762 eas,
1023 1736 1083 1764 qnae
1101 1736 1137 1755 ex
1156 1726 1305 1755 calamitate
1324 1726 1391 1764 ipsis
1414 1726 1540 1756 immissae
1557 1734 1629 1763 sunt,
1644 1737 1696 1755 non

953 1770 1026 1808 quod
1036 1770 1106 1799 radii
1118 1771 1184 1800 solis
1195 1770 1295 1799 sublati
1308 1777 1406 1807 essent,
1417 1771 1465 1800 sed
1478 1772 1553 1810 qnod
1565 1783 1614 1812 pro
1628 1773 1694 1801 ass‘e-

953 1821 999 1844 ctu
1017 1815 1176 1855 patientium
1188 1816 1217 1845 in
1235 1815 1351 1845 meridie
1363 1815 1404 1845 illi
1425 1827 1476 1856 pro
1498 1817 1558 1846 luce
1576 1818 1696 1847 tenebras

954 1861 1088 1891 viderint:
1110 1862 1140 1891 id
1165 1861 1239 1901 quod
1259 1861 1317 1890 illis
1335 1862 1382 1900 qui
1403 1862 1497 1893 dolore
1522 1870 1548 1893 et
1572 1865 1697 1894 aerumnis

953 1914 1113 1946 premuntur
1126 1908 1278 1947 contingere
1292 1907 1368 1936 solet.
1387 1908 1425 1937 Et
1443 1915 1472 1938 ut
1490 1909 1578 1939 diseas
1599 1920 1651 1938 non
1662 1920 1696 1939 ex

953 1959 1048 1982 natura
1064 1953 1132 1982 aeris
1151 1953 1272 1983 tenebras
1292 1953 1456 1992 provenisse,
1471 1954 1518 1984 sed
1539 1966 1573 1984 ex
1586 1955 1697 1985 illorum

953 1999 1061 2036 affectu,
1084 1999 1181 2039 adjecit
1202 2012 1208 2028 =
1243 1999 1377 2028 Tenebrae
1401 2000 1481 2030 duroe
1505 2002 1537 2029 in
1561 2003 1696 2041 angustia

953 2054 1061 2074 eorum.

918 1507 936 1531 B

1225 2144 1347 2174 CAPUT
1368 2143 1425 2176 VI.

918 2245 936 2268 C
954 2241 983 2268 1.
1007 2240 1042 2269 Et
1054 2239 1153 2269 sactum
1162 2246 1202 2269 est
1215 2240 1242 2269 in
1254 2251 1334 2278 anno,
1348 2251 1402 2280 quo
1417 2249 1538 2271 mortuus
1550 2253 1596 2272 rex
1606 2244 1693 2272 Ozias.

992 2380 1019 2407 1.
1044 2379 1200 2407 Curcaetera
1208 2378 1296 2407 omnia
1306 2385 1445 2418 tempora-”1
1460 2380 1512 2409 vita
1522 2390 1626 2417 regum,
1645 2381 1693 2409 hnc

953 2432 1040 2455 antem
1060 2436 1075 2454 a
1094 2432 1180 2454 morte
1197 2435 1267 2454 nunc
1281 2426 1409 2465 propheta
1429 2433 1499 2455 notat
1509 2426 1522 2453 ἶ)
1542 2427 1601 2455 Non
1621 2428 1691 2456 enim

972 2523 981 2535 c
999 2516 1061 2548 Reg.
1076 2519 1172 2549 ἑκάστῳ.

973 2561 983 2572 ³¹
1002 2553 1103 2586 Ᾰγαγᾱῖν,
1116 2554 1151 2578 sle
1159 2552 1245 2578 Murci.
1258 2559 1281 2577 ct
1293 2553 1351 2585 [KQ-3<
1366 2553 1442 2578 Savil.
1456 2558 1538 2587 ἀχάγῃ.
1552 2555 1601 2579 Sed
1612 2557 1692 2580 minu„

942 2598 1007 2617 recte
1016 2613 1022 2623 ‚
1038 2598 1064 2617 ut
1073 2593 1148 2616 etiam
1162 2597 1245 2615 monet
1258 2590 1364 2615 Alienus.
