1890 2826
521 146 553 168 IN
582 145 680 169 lLLUD
696 161 706 177 ‚
726 146 758 168 IN
786 146 852 176 QnA
879 146 1089 178 POTESTATE,
1110 148 1186 170 ETC.

1568 137 1635 183 497

77 209 145 239 ἀλλὰ
167 207 235 247 μετὰ
256 211 343 244 πάσης
370 208 506 241 εὐλαὸείας
532 207 577 237 τὸν
600 207 719 246 οὐράνιον
745 208 842 235 ἐκεῖνον
851 206 887 256 ‘⁸2⁵
895 217 955 235 mus
974 207 1110 237 terminos.
1127 210 1185 237 Non
1207 209 1391 248 praeterierunt
1412 207 1570 243 Cherubim,
1590 207 1637 236 scd

76 254 156 293 ὕμνον
170 253 316 293 ἅναμέλπει
325 265 331 272 ·
344 252 445 292 Ἄγιος,
467 253 556 292 ἅγιος,
575 253 648 292 ἅγιος
657 273 664 287 ,
678 251 774 292 Κύριος
788 252 842 281 Σα-

75 298 164 335 Garbe,
174 298 279 338 πλήρης
290 304 364 328 πᾶσα
375 301 393 334 ἡ
406 301 441 336 γῆ
455 301 502 334 τῆς
516 298 591 334 δόξης
604 299 692 328 αὐτοῦ.
706 299 748 328 Οὔ
759 298 843 327 δυσω-

75 349 119 374 πεῖ
132 357 163 374 σε
171 346 278 378 Παῦλος
288 344 335 374 καὶ
348 346 478 381 Mutilo-713,
491 344 565 379 δόξαν
581 343 619 383 μὴ
633 343 842 383 ὓπερὸαίνοντες;

75 390 234 425 Δυσωπῆσει
248 403 278 420 σε
295 393 310 420 ὁ
330 391 453 431 σῦρανὸς,
475 390 551 425 δόξαν
567 390 750 430 ἀπαγγέλλων.
772 389 842 419 Ἀλλ’

75 438 104 466 οὖ
115 437 200 466 πείθει
211 449 240 466 σε
249 439 263 466 ὁ
274 437 382 477 οὐρανός
392 449 400 475 5
417 437 627 473 Δυσωτι-ήσουσιν
641 437 758 476 ἄγγελοι.
771 435 841 465 Ἀλλ’

75 483 193 522 ἀγγέλων
208 488 393 524 καταφρονεῖς
407 483 549 520 Φοὸἤθητι
562 483 596 513 τὰ
607 482 752 523 Χερουὸίμ.
764 481 843 511 Ἀλλὰ

74 529 120 558 καὶ
141 532 225 559 ταῦτα
246 529 411 570 ὑπερὸαίνεις
427 531 460 567 τῇ
474 530 559 570 τόλμῃ
571 542 579 566 ;
601 529 788 570 Σωφρονιζέτω
812 540 842 558 σε

74 574 107 603 τὰ
120 575 251 615 Σεραφίμ.
272 576 342 606 Ἀλλ’
357 575 416 608 οὔτε
430 576 617 616 ὑπερκοσμίοις
627 599 635 612 ,
658 575 718 605 οὔτε
737 574 841 605 ὑποδεί-

73 633 172 660 γμασιν
186 621 310 661 ἐπιγείοις
320 621 414 661 πείθῃ;
425 621 520 655 Ἐκτὸς
533 624 608 661 γενοῦ
622 624 675 651 τῶν
694 623 771 661 ἱερῶν
790 632 841 661 χο·

75 669 136 707 ρῶν,
150 667 264 707 ἐξόρισον
279 667 388 697 σεοωτὸν
399 669 451 698 τῶν
465 668 540 697 θείων
554 669 650 698 αὐλῶν.
661 667 702 698 Οὔ
717 667 780 707 δύνῃ
791 667 843 707 γὰρ

74 713 143 743 Θεὸν
156 715 396 754 πολυπραγμονεῖν,
415 714 461 743 καὶ
485 716 512 744 ἐν
530 719 584 748 τοῖς
597 718 700 747 πιστοῖς
720 715 842 754 ἀριθμεῖ-

73 762 145 789 σθαι.
161 759 215 789 Καὶ
228 760 254 789 τί
263 759 333 799 λέγω
343 760 404 800 περὶ
414 762 485 790 Θεοῦ
495 774 504 797 ;
514 763 574 791 Οὔκ
581 756 666 797 οἶδας,
680 760 721 790 ὅτι
731 760 841 801 φοὸερὸν

74 805 104 834 τὸ
117 807 287 846 κατατολμᾷν
301 806 347 836 καὶ
365 808 472 847 ἐρευνᾷν
495 809 566 837 Θεοῦ
587 807 679 847 φύσας
691 806 762 836 Οὐδὲ
774 806 843 836 αὐτὰ

73 851 107 880 τὰ
120 851 184 891 ἔργα
190 854 235 880 τοῦ
247 853 317 882 Θεοῦ
325 851 356 881 ἂν
370 852 447 892 θέλῃς
454 854 720 894 πολυπραγμονῆσαι,
726 852 797 887 ἄξιόν
812 864 841 882 σε

73 898 87 925 ὁ
99 897 167 930 Θεὸς
180 899 284 936 ἡγεῖται
295 899 344 933 τῆς
357 900 450 927 ἑαυτοῦ
464 899 632 935 οἰκειότητος,
646 900 704 928 ἀλλ’
718 898 842 928 ἐκὸάλλει

73 942 189 982 μακρὰν,
203 945 239 977 ὡς
251 945 305 973 τῶν
317 944 452 974 ἀδυνάτων
463 946 682 983 κατατολμῶντα.
698 946 815 980 Μωῦσῆς
827 947 842 974 ὁ

73 992 188 1023 τοιοῦτος
200 989 245 1020 καὶ
260 991 415 1025 τηλικοῦτος
438 990 518 1030 ἀνὴρ,
531 993 545 1020 ὁ
558 994 611 1020 τῶν
625 990 757 1020 τοσούτων
777 993 842 1020 θαυ-

74 1034 165 1072 μάτων
177 1035 304 1075 ἐργάτης,
313 1038 328 1065 ὁ
337 1036 475 1075 γενόμενος
485 1036 594 1075 μεσίτης
605 1038 676 1066 Θεοῦ
689 1036 734 1065 καὶ
743 1036 843 1076 ἀνθρώ-

72 1092 140 1116 πων,
153 1077 175 1121 ᾧ
195 1081 303 1121 διῃρέθη
326 1082 464 1116 θάλασσα,
486 1082 513 1115 ὃς
535 1082 566 1111 τὸ
587 1082 672 1120 μάννα
686 1081 714 1115 ἐξ
725 1084 841 1121 οὐρανῶν

73 1126 207 1166 ἐπήγαγεν
216 1139 222 1145 ·
237 1123 327 1164 οὗτος,
341 1127 375 1156 ‘t'v'
387 1127 414 1157 ἕν
429 1140 455 1159 τι
467 1130 520 1157 τῶν
540 1129 590 1158 ὑπὸ
602 1130 672 1158 Θεοῦ
688 1129 841 1158 κελευσθέν-

73 1184 125 1200 των
135 1173 272 1211 τολμήσας
286 1174 440 1214 ἀνθρωπίνῳ
453 1175 574 1214 λογισμῷ
588 1176 732 1214 μετρῆσαι,
744 1174 788 1204 καὶ
803 1175 840 1214 μὴ

74 1220 106 1257 τῇ
129 1219 185 1258 θείᾳ
204 1219 313 1258 δυνάμει
333 1222 544 1260 παραχωρῆσαι,
565 1220 745 1260 ἀπαραίτητον
765 1221 842 1261 ἔσχεν

859 766 876 788 Β

896 263 959 282 cum
978 254 1051 283 omni
1077 255 1225 284 reverentia
1252 255 1382 284 caelestem
1404 254 1484 283 illum
1504 253 1636 294 hymnum

894 298 1070 328 modulantur
1084 312 1091 329 =
1107 300 1242 337 Sanctus,
1267 307 1396 337 sanctus,
1419 306 1538 330 sanctus
1551 322 1558 334 ‚
1578 301 1636 331 Do-
1646 307 1704 330 lsai.
1715 306 1768 329 63.

895 347 991 374 minus
1009 345 1151 383 Sabaoth,
1161 348 1251 386 plena
1272 354 1315 376 est
1334 350 1428 376 omnis
1451 353 1528 375 terra
1540 346 1636 386 gloria

894 392 969 430 ejus.
983 393 1043 421 Non
1055 392 1160 431 pudore
1172 400 1199 423 te
1212 394 1295 423 afficit
1308 394 1410 423 Paulus
1420 400 1446 422 et
1458 394 1578 432 Moyse5‚
1588 392 1637 430 qui

895 436 1009 475 gloriam
1021 447 1075 466 non
1087 439 1268 479 praetergressi
1284 448 1345 468 sunt
1354 439 1368 467 ἰ)
1383 439 1489 468 Pudore
1499 445 1525 467 te
1539 437 1637 467 afficiet

893 483 1000 520 eaelum,
1011 484 1127 523 gloriam
1138 485 1335 515 enarrans.Sed
1350 496 1399 514 nec
1419 484 1562 525 persuadet
1586 483 1637 513 tibi

892 528 1008 558 caelum?
1022 529 1157 559 Pudorem
1172 531 1285 560 inferent
1297 531 1396 570 angeli.
1410 533 1446 560 At
1465 530 1573 570 angelos
1591 529 1638 559 de-

893 575 994 615 spicis?
1006 577 1140 606 Reverere
1154 577 1335 607 Cherubinos.
1350 579 1456 607 'Verum
1475 577 1537 605 illos
1559 576 1638 606 etiam

892 621 1020 651 audacter
1029 623 1265 662 praetergrederis?
1273 624 1312 652 Te
1323 623 1464 663 Seraphim
1473 634 1504 652 eo
1510 622 1640 652 reducant

894 675 923 697 ut
941 669 1039 708 sapias.
1056 671 1092 698 At
1116 680 1164 698 nec
1191 670 1341 699 caelestibus
1355 679 1403 698 nec
1421 669 1534 698 terrenis
1549 669 1638 698 docu-

893 714 988 744 mentis
1001 726 1102 745 morem
1115 716 1206 755 geris?
1217 716 1302 746 Extra
1310 726 1416 745 sacrum
1423 715 1536 744 chorum
1548 726 1638 748 mane,

892 762 1084 799 sponteexsula
1090 772 1105 790 a
1112 761 1214 791 divinis
1221 761 1308 791 atriis.
1317 762 1378 790 Non
1388 767 1463 801 potes
1472 760 1544 790 enim
1552 762 1639 790 Deum

892 805 997 836 curiose
1004 808 1127 843 scrutari,
1133 808 1233 837 etinter
1240 807 1333 837 fideles
1340 807 1484 837 numerari.
1491 808 1598 846 Ecquid
1605 807 1640 837 de

892 854 949 883 Deo
959 853 1039 883 dico?
1056 855 1151 884 Nescis
1162 854 1365 884 formidandum
1379 865 1435 883 csse
1449 854 1500 884 Dei
1514 861 1637 884 naturam

892 898 1018 929 audacter
1028 901 1140 930 scrutari
1147 903 1161 929 P
1169 901 1227 930 Imo
1234 911 1268 930 ne
1278 900 1336 940 ipsa
1346 900 1457 938 quidem
1468 910 1548 940 opera
1554 901 1604 929 Dei
1616 901 1639 929 si

893 944 1011 974 volueris
1034 946 1185 975 accuratius
1209 946 1314 982 rimari,
1339 945 1454 985 dignum
1482 953 1507 975 te
1533 946 1640 986 putabit

893 991 966 1019 Deus
982 991 1167 1021 familiaritate
1184 1002 1243 1028 sua,
1259 991 1305 1021 sed
1316 992 1395 1031 longe
1411 992 1533 1032 repellet,
1550 992 1639 1031 utqui

893 1036 1058 1076 imposibilia
1075 1037 1250 1077 aggrediaris.
1271 1039 1380 1078 Moyses
1409 1038 1471 1067 talis
1497 1045 1640 1077 tantusque

894 1084 947 1119 vir,
962 1090 1001 1112 tot
1015 1083 1208 1114 miraculorum
1232 1092 1360 1124 patrator,
1375 1084 1423 1123 qui
1447 1084 1578 1114 mediator
1589 1085 1640 1114 Dei

893 1135 918 1158 et
929 1129 1069 1159 hominum
1081 1131 1193 1167 fuit‚cui
1204 1141 1277 1160 mare
1290 1131 1411 1161 divisum
1423 1138 1474 1167 est,
1485 1131 1531 1170 qui
1544 1142 1641 1160 manna

893 1174 927 1204 dc
933 1175 1005 1206 caelis
1013 1176 1128 1206 deduxit
1139 1188 1147 1205 .·
1156 1177 1202 1207 hic
1210 1177 1259 1207 ubi
1274 1187 1357 1206 unum
1365 1188 1399 1206 ex
1408 1177 1457 1206 Dei
1465 1177 1548 1216 jussis
1558 1188 1641 1206 ausus

892 1231 931 1253 est
940 1224 1057 1252 humana
1066 1224 1168 1252 ratione
1179 1223 1277 1259 metiri,
1285 1233 1331 1252 nec
1344 1223 1444 1253 divina}
1452 1223 1582 1252 concessit
1591 1234 1640 1263 po—

73 1264 121 1300 ’ῑῆν
132 1264 219 1300 δίκην.
245 1265 292 1298 Ὡς
309 1265 360 1304 γὰρ
374 1265 484 1306 ἔφθασεν
503 1266 547 1296 ἐπὶ
566 1266 615 1302 τὴν
637 1266 746 1305 πέτραν,
769 1266 842 1306 λέγει
857 1269 875 1293 C
893 1270 993 1306 tentiae,
1015 1270 1211 1300 inexorabilem
1234 1280 1341 1309 poenam
1363 1269 1489 1299 incurrit.
1510 1271 1549 1300 Ut
1569 1271 1641 1299 enim

73 1309 138 1349 πρὸς
148 1310 193 1340 τὸν
205 1311 268 1340 λαόν
277 1323 284 1329 ·
298 1305 335 1341 ’Ὦ
346 1311 409 1346 λαὸς
419 1312 532 1351 σκληρὸς
545 1312 590 1341 καὶ
603 1312 728 1348 ἀπειθὴς,
750 1312 787 1351 μὴ
811 1314 841 1342 ἐκ

73 1358 121 1391 τῆς
133 1356 231 1396 πέτρας
243 1356 341 1394 ταύτης
352 1358 496 1397 δυνήσομαι
507 1360 569 1397 ὑμῖν
580 1359 669 1388 δοῦναι
687 1358 774 1398 ὕδωρ;
788 1359 841 1388 Καὶ

73 1401 100 1431 τί
121 1402 187 1442 πρὸς
209 1402 286 1432 αὐτὸν
299 1405 313 1433 ὗ
337 1403 423 1441 Θεός,
437 1403 504 1434 ’Avo'
528 1400 565 1434 ὧν
588 1406 636 1434 οὐκ
658 1404 781 1439 ἐδόξασάς
807 1417 841 1444 με

73 1447 184 1478 ἐνώπιον
196 1450 245 1483 τῆς
256 1451 425 1489 συναγωγῆς,
446 1451 494 1479 οὐκ
514 1450 650 1490 εἰσελεύσῃ
665 1453 702 1484 εἰς
720 1451 769 1487 τὴν
781 1453 841 1491 γῆν,

73 1494 104 1530 ἣν
118 1495 221 1534 ὤμοσα.
236 1495 370 1525 Ἐνταῦθα(
383 1507 429 1535 μοι
443 1497 558 1536 πρόσεχε
578 1497 623 1526 τὸν
636 1501 695 1527 νοῦν
708 1498 824 1538 ἀκριὸὦς
835 1508 841 1515 ·

74 1541 139 1570 'Avo'
152 1536 189 1570 ὧν
203 1542 251 1570 οὐκ
262 1540 386 1575 ἐδόξασάς
399 1554 441 1580 με.
456 1542 492 1571 Τι’
505 1542 556 1582 γὰρ
574 1539 607 1579 ἦν
621 1543 652 1572 τὸ
663 1543 787 1580 δοξάσαι;
802 1543 842 1573 Τὸ

73 1587 172 1615 εἰπεῖν·
193 1587 281 1616 πάντα
302 1587 410 1617 δύναται
423 1591 437 1618 ὁ
450 1588 529 1622 Θεός.
551 1588 679 1628 Ἁμαρτία
700 1590 751 1628 γάρ
770 1592 841 1619 ἐστιν

73 1634 110 1665 εἶς
124 1632 194 1662 Θεὸν
207 1632 238 1662 τὸ
250 1634 385 1672 λογισμοῖς
399 1633 528 1668 ἐξετάζειν
549 1634 584 1663 τὰ
596 1637 660 1675 παρ’
677 1637 756 1665 αὐτοῦ
770 1636 841 1675 γινό-

74 1690 156 1717 μενα,
179 1679 225 1708 καὶ
248 1678 285 1718 μὴ
305 1682 339 1719 τῇ
361 1679 419 1719 θείᾳ
440 1680 551 1718 δυνάμει
571 1686 751 1720 παραχωρεῖν,
775 1682 840 1722 ὑπὲρ

73 1724 160 1754 πάντα
180 1724 214 1754 τὰ
241 1727 336 1761 ἑαυτῆς
358 1726 528 1766 ἐργαζομένη.
555 1726 734 1766 Ἀπολογεῖται
758 1728 841 1757 Δαυὶδ

74 1770 140 1810 ὑπὲρ
153 1770 288 1805 Μωῦσέως
300 1771 458 1811 σφαλέντος,
473 1774 501 1802 οὖ
514 1773 629 1813 διανοίᾳ,
643 1773 712 1803 ἀλλὰ
725 1773 840 1813 γλώττῃ.

74 1818 136 1846 Τῶν
149 1817 200 1857 γὰρ
215 1817 322 1847 δικαίων
340 1817 521 1858 ἁμαρτήματα
539 1819 600 1859 περὶ
620 1818 653 1848 τὰ
674 1819 768 1859 χείλη·
789 1822 841 1849 τῶν

75 1863 103 1892 δὲ
124 1863 227 1893 α’σεὸὦν
249 1864 283 1893 τὰ
306 1864 459 1903 ἀδικήματα
481 1864 541 1904 περὶ
566 1865 614 1900 τὴν
643 1865 767 1895 διάνοιαν.
788 1866 842 1896 Καὶ

858 1827 876 1849 D

891 1316 1015 1355 pervenit
1033 1315 1068 1345 ad
1087 1322 1201 1355 petram,
1216 1314 1287 1345 dixit
1301 1315 1336 1344 ad
1357 1315 1488 1354 populum
1505 1326 1511 1342 ε
1527 1317 1641 1355 Popule
1650 1322 1721 1344 Num.
1738 1329 1775 1346 πο.

891 1362 963 1391 dure
987 1367 1015 1390 et
1037 1361 1197 1398 incredule,
1226 1371 1295 1390 num
1309 1362 1346 1390 de
1370 1369 1453 1400 petra
1476 1362 1534 1391 hac
1556 1368 1641 1401 pole·
1654 1359 1689 1375 '⁰'

891 1417 924 1436 ro
947 1407 1032 1436 vobis
1068 1408 1140 1436 dare
1162 1409 1294 1446 aquam?
1315 1407 1351 1437 Et
1377 1407 1445 1445 quid
1473 1407 1516 1436 illi
1539 1407 1638 1437 Deus:

892 1455 951 1483 Pro
971 1465 1004 1483 eo
1026 1455 1106 1492 quod
1119 1465 1179 1483 non
1192 1455 1364 1494 glorificasti
1376 1465 1422 1484 me
1435 1465 1532 1484 coram
1546 1465 1640 1492 syna-
1651 1462 1711 1484 lbid.
1724 1471 1743 1484 v.
1756 1470 1789 1485 ιε.

891 1510 975 1540 guga,
992 1510 1050 1529 non
1064 1501 1235 1540 ingredieris
1253 1502 1286 1528 in
1299 1508 1416 1536 terram,
1433 1510 1521 1539 quam
1526 1502 1636 1539 juravi.

891 1546 944 1575 Hic
954 1545 1021 1574 mihi
1035 1552 1151 1575 mentem
1163 1545 1309 1584 diligenter
1319 1545 1429 1574 adhibe.
1443 1546 1504 1576 Pro
1516 1556 1549 1574 eo
1562 1547 1641 1585 quod

891 1602 952 1620 non
960 1591 1132 1632 glorificasti
1144 1602 1199 1620 me.
1216 1591 1291 1629 Quid
1302 1598 1359 1621 erat
1373 1591 1544 1631 glorificare?
1559 1592 1637 1621 Dice-

891 1648 930 1673 re,
946 1637 1045 1667 Omnia
1059 1644 1144 1676 potest
1157 1639 1241 1667 Deus.
1256 1638 1399 1667 Peccatum
1411 1637 1484 1666 enim
1495 1644 1534 1666 est
1547 1644 1639 1666 contra

890 1684 979 1713 Deum
990 1683 1139 1713 rationibus
1153 1690 1224 1723 gesta
1236 1683 1295 1722 ejus
1306 1682 1468 1718 examinare,
1480 1693 1528 1712 nec
1538 1683 1639 1714 divinae

890 1729 985 1758 virtuti
1009 1729 1172 1769 permittere.
1202 1739 1262 1768 quae
1288 1740 1370 1769 super
1394 1729 1484 1758 omnia
1496 1731 1501 1734 .
1511 1736 1639 1769 operatur

891 1786 950 1814 quae
970 1786 1019 1805 sua
1039 1783 1112 1805 sunt.
1127 1776 1316 1807 Defensioncm
1338 1775 1456 1804 instituit
1478 1775 1569 1805 David
1588 1787 1637 1816 pro

892 1823 987 1862 Moyse
1001 1822 1088 1862 lapso,
1101 1832 1154 1851 non
1174 1829 1272 1859 mente,
1286 1821 1334 1851 sed
1347 1821 1450 1861 lingua.
1467 1822 1536 1850 Nam
1549 1823 1637 1862 justo·

892 1878 953 1897 rum
971 1868 1070 1898 delicta
1091 1868 1118 1898 in
1138 1868 1231 1908 lingua
1265 1875 1338 1904 sunt,
1357 1868 1504 1908 impiorum
1524 1869 1637 1898 crimina

1648 1766 1714 1788 Psal.
1737 1766 1788 1789 105.

1647 1797 1685 1820 33.

74 1909 165 1949 ὥσπερ
178 1912 192 1939 ὃ
206 1910 304 1946 ἀσεῧὴς
317 1910 518 1950 ἀπεσχοίνισται
532 1911 580 1949 μὲν
593 1914 626 1951 τῇ
642 1911 756 1951 διανοίᾳ,
771 1913 842 1941 δοκεῖ
883 1914 920 1944 ‘in
945 1922 1041 1944 mente.
1053 1914 1094 1944 Ac
1114 1915 1185 1944 sicut
1203 1915 1304 1954 impius
1329 1922 1418 1944 mente
1428 1914 1540 1953 quidem
1554 1925 1568 1943 a
1581 1916 1638 1944 Dco

75 1956 103 1985 δέ
115 1968 172 1990 πως
185 1956 340 1992 πλησιάζειν
354 1959 392 1997 τῷ
406 1959 469 1997 Θεῷ
487 1958 548 1997 περὶ
566 1957 601 1986 τὰ
616 1958 708 1998 χείλη·
725 1957 760 1987 ‘O
780 1958 842 1992 λαὸς

73 2001 125 2042 γὰρ
137 1998 212 2035 οὗτος
224 2007 277 2036 τοῖς
290 2003 391 2043 χείλεσί
412 2015 445 2042 με
460 2009 538 2043 τιμᾷ,
559 2006 575 2039 ἡ
597 2003 626 2033 δὲ
646 2003 742 2043 καρδία
761 2005 840 2033 αὐτοῦ

73 2047 163 2088 πόῤῥω
177 2049 271 2088 ἀπέχει
283 2050 328 2077 ἀπ’
345 2050 408 2087 ἐμοῦ
419 2061 425 2067 ·
447 2049 528 2083 οὕτως
539 2052 553 2079 ὁ
567 2049 677 2085 εὗσεὸὴς
690 2050 841 2090 ἐῤῥωμένην

73 2093 140 2134 ἔχων
150 2093 199 2130 τὴν
211 2094 330 2133 καρδίαν,
342 2095 482 2125 ὀλισθαίνει
494 2096 621 2130 πολλάκις
627 2096 688 2135 περὶ
699 2096 747 2132 τὴν
756 2098 841 2135 γλῶσ-

73 2151 132 2169 σαν.
146 2140 198 2169 Διὰ
211 2143 287 2170 τοῦτο
301 2142 315 2169 ὁ
330 2140 413 2170 Δαυὶδ
424 2142 593 2178 ἀπολογεῖται
609 2141 675 2182 ὑπὲρ
691 2142 824 2175 Μωῦσέως
833 2163 840 2176 ,

73 2186 210 2226 προφήτης
219 2186 285 2227 ὑπὲρ
298 2186 433 2227 προφήτου
445 2199 451 2206 ·
464 2187 519 2217 Καὶ
530 2187 701 2228 παρώργισαν
709 2189 787 2218 αὐτὸν
797 2190 838 2228 ἐφ’

73 2289 145 2315 cnm-ii
162 2288 339 2314 Combefisiani
356 2299 381 2322 p.
395 2291 453 2322 397,
467 2291 525 2320 398,
546 2290 587 2316 ubi
607 2290 708 2316 ordines
726 2290 832 2324 angelici

72 2329 197 2362 gradatim
216 2329 539 2361 enumcrantur‚excidisse
551 2329 667 2354 videntur
685 2331 746 2355 vitio
766 2330 830 2355 anti-

73 2369 154 2401 quarii
165 2371 275 2402 δυνάμεις,
283 2369 398 2400 υίνιιιιεε,·
405 2374 429 2392 et
440 2368 562 2393 Oratione
571 2368 596 2392 in
605 2369 729 2393 'rhomam
739 2378 763 2401 p.
772 2370 830 2401 370,

74 2406 171 2438 thmm'5
178 2406 392 2440 quemadmodum
400 2406 479 2439 liquet
485 2415 529 2439 per
539 2406 693 2432 consimilem
701 2416 831 2433 enumera-

74 2446 168 2470 tionem
183 2446 277 2470 Nicetae
294 2446 365 2470 Orat.
379 2446 404 2469 in
424 2445 523 2470 Petrum
540 2451 565 2470 et
582 2445 685 2470 Paulum
696 2455 723 2478 p.
736 2447 793 2477 334,
806 2453 831 2472 et

74 2485 147 2509 Orat.
164 2485 190 2509 in
203 2484 295 2510 ludam
311 2483 471 2509 ‘rhaddaeum
482 2494 508 2517 p.
527 2485 585 2509 424.
596 2484 730 2510 consulere
747 2484 830 2511 adhuc

77 2529 147 2555 potes
157 2523 238 2547 Notas
256 2523 287 2548 ad
302 2523 502 2556 Apostolicorum
515 2524 596 2556 Opera
609 2532 632 2550 c.
647 2525 704 2556 3¹2,
715 2525 827 2557 insuper-

891 1960 1053 2000 sejungitur,
1067 1960 1228 2000 videturque
1258 1969 1346 1990 tamen
1371 1961 1474 1990 ratione
1502 1961 1638 1990 labiorum

891 2007 1059 2046 aliquantum
1073 2007 1109 2036 ad
1126 2018 1189 2036 eum
1213 2007 1351 2041 accedere;
1367 2017 1427 2036 nam
1439 2008 1571 2047 Populus
1590 2009 1638 2037 hic
1649 2007 1704 2058 {⁸3⁰2-
1720 2014 1757 2037 29*

892 2054 979 2083 labiis
990 2064 1035 2083 me
1048 2055 1185 2091 honorat,
1199 2064 1249 2083 cor
1266 2060 1363 2083 autem
1390 2055 1451 2094 ejus
1468 2054 1552 2094 longe
1563 2061 1606 2083 est
1618 2065 1638 2083 a

893 2110 938 2128 me
950 2110 960 2127 .·
974 2100 1011 2129 sic
1024 2107 1050 2130 et
1064 2100 1126 2140 pius
1148 2100 1227 2130 firmo
1247 2100 1329 2130 corde
1342 2100 1483 2140 praeditu5‚
1497 2111 1568 2141 saepe
1588 2101 1638 2130 lin-

892 2156 944 2184 gua
958 2144 1070 2174 labitur.
1085 2144 1150 2174 Ideo
1160 2144 1250 2175 David
1266 2145 1370 2185 Moysis
1385 2144 1566 2174 defensionem
1580 2156 1626 2175 sus

892 2188 969 2229 cipit,
991 2189 1122 2229 propheta
1142 2189 1300 2230 proplietam
1312 2191 1478 2229 purgatzEt
1501 2191 1633 2219 irritave-

1647 2185 1713 2206 Psnl.
1735 2185 1786 2206 ¹05.

1646 2216 1685 2239 32,

880 2300 928 2324 que
939 2292 966 2318 S.
986 2292 1109 2318 Irenaeum
1122 2292 1164 2318 lib.
1183 2293 1209 2325 1,
1223 2301 1278 2326 cap.
1295 2295 1317 2326 t,
1330 2302 1355 2325 p.
1368 2294 1408 2324 21,
1421 2294 1483 2318 etin
1497 2292 1637 2325 Epiphanio

880 2331 946 2357 Πίον.
958 2332 998 2363 31,
1008 2340 1033 2356 n.
1049 2333 1088 2362 47,
1101 2341 1127 2364 p.
1144 2334 1201 2363 ¹84,
1212 2333 1241 2363 C,
1255 2333 1286 2356 D.
1299 2333 1334 2356 Ac
1346 2332 1447 2356 demum
1466 2331 1499 2355 ad
1516 2333 1562 2355 ista
1579 2331 1637 2355 Phi-

879 2368 957 2394 lastrii
971 2379 1026 2402 cap.
1035 2376 1178 2403 postremo,
1189 2370 1260 2396 Nam
1273 2369 1405 2395 Cherubim
1415 2370 1546 2403 plenitudo
1556 2371 1635 2394 scien-

880 2409 923 2432 tice
933 2408 1034 2439 dicitur,
1048 2415 1071 2433 et
1087 2411 1167 2434 virtus
1181 2410 1256 2443 ignea
1271 2417 1410 2442 peragrans
1427 2408 1584 2441 appellatur,
1596 2418 1637 2433 mc

880 2447 950 2481 wide;
972 2448 1092 2473 audacter
1102 2448 1168 2473 enim
1182 2448 1284 2480 induco,
1295 2453 1318 2472 et
1327 2447 1457 2481 Seraphim
1468 2448 1549 2472 via-tus
1561 2449 1636 2482 ignca

877 2488 994 2521 flagrans
1003 2487 1156 2522 appellatur.
1171 2487 1275 2513 coteler.
