1872 2800
403 174 523 215 ΤΟΥ
559 175 633 212 ΕΝ
669 170 872 211 ΑΓῙΟΙΣ
906 170 1140 209 ΠΑΤΡΟΣ
1175 169 1343 209 ΗΜΩΝ

500 302 1263 439 ΙΩΑΝΝΟΥ

222 550 458 628 ΤΟΥ
594 542 1547 625 ΧΡΥΣΟΣΤΟΜΟΥ

593 729 643 756 TA
665 725 975 756 ΕΥΡΙΣΚΟΜΕΝΑ
996 708 1153 754 ΠΑΝΤΑ.

560 966 759 1004 SANCTI
792 965 975 1001 PATRIS
1008 964 1204 1001 NOSTRI

323 1109 703 1175 JOANNIS
791 1107 1428 1196 CHRYSOSTOMI

654 1257 854 1301 OPERA
879 1257 1098 1300 OMNIA.

167 1491 263 1522 ’ΤΟΥ
288 1492 336 1521 EN
363 1490 489 1520 ΑΓῙΟΙΣ
518 1488 674 1518 ΠΑΤΡΟΣ
696 1487 805 1517 ΗΜΩΝ
1037 1486 1190 1517 SANCTI
1216 1488 1364 1517 PATRIS
1392 1488 1550 1519 NOSTRI

278 1591 708 1667 ΙΩΑΝΝΟΥ,
1091 1585 1496 1656 JOANNIS

214 1720 432 1761 Ἀρχιεπιωιόπου
457 1717 771 1753 Κωνσταντινουπόλεως,
1146 1725 1435 1759 ῦΗΙὶΥὸΟΒΤΟΜΙ,

321 1820 383 1840 'ror
402 1819 656 1843 ΧΡΥΣΟΣΤΟΜΟΥ,
938 1814 1205 1834 Ancmzmscom
1228 1815 1650 1848 οοΝετΑΝΉΝοΡοωΤΑΜ,

373 1916 568 1947 ΕΡΜΗΝΕΙΑ
582 1917 593 1930 ²
1134 1913 1439 1944 INTERPRETATIO

277 2016 319 2035 ΕΙΣ
329 2015 384 2035 ΤοΝ
402 2014 553 2035 ΠΡΟΦΗΤΗΝ
569 2014 678 2034 unum.
1120 2009 1152 2027 nv
1167 2008 1271 2028 lsAum
1290 2009 1478 2031 Pnosz'rAM.

136 2096 191 2125 Τοῦ
205 2094 340 2135 προφήτου
349 2093 440 2123 τούτου
454 2093 485 2123 τὸ
495 2092 626 2133 ἐξαίρετον
639 2093 755 2131 μάλιστα
766 2091 814 2131 μὲν
824 2092 869 2121 καὶ
884 2095 904 2119 Α
959 2091 1049 2131 Hujus
1068 2090 1204 2131 prophetae
1222 2091 1409 2122 excellentiam
1423 2103 1457 2123 ex
1475 2094 1534 2135 ipso
1548 2098 1665 2128 maxime

97 2141 203 2170 αὐτόθεν
225 2140 295 2170 ἐστὶν
315 2141 393 2176 ἰδεῖν,
411 2139 525 2169 δείκνυσι
540 2138 566 2168 δὲ
578 2139 649 2168 (αὐτὸ
666 2138 844 2177 ἐντελέστερον
857 2140 871 2167 ὁ
919 2136 976 2176 ejus
995 2147 1074 2177 opere
1091 2137 1229 2178 percipere
1248 2137 1310 2167 licet
1328 2150 1336 2166 .·
1356 2139 1432 2169 illam
1444 2151 1509 2171 vero
1521 2144 1664 2182 perfectius

97 2187 201 2216 πάντων
220 2186 404 2226 ἀκριὸέστερον
424 2185 471 2218 τὰς
491 2185 584 2225 ἀρετὰς
604 2186 683 2214 αὐτοῦ
702 2184 777 2217 εἰδὼς
794 2185 870 2213 Παῦ-
918 2181 1036 2212 declarat
1047 2183 1159 2221 Paulus,
1174 2183 1222 2222 qui
1234 2184 1384 2214 accuratius
1396 2187 1522 2218 omnibus
1533 2190 1592 2229 ejus
1603 2191 1664 2220 vir—

97 2232 157 2267 λος,
172 2233 218 2262 ἅτε
238 2232 376 2271 Πνεύματι
398 2230 515 2271 τοσούτῳ
538 2230 721 2271 φθεγγόμενος.
744 2229 802 2265 Τὴν
819 2228 869 2269 γὰρ
918 2235 987 2258 tutes
1006 2235 1127 2266 noverat,
1151 2235 1240 2269 utpote
1257 2229 1304 2268 qui
1328 2237 1398 2260 tanta
1421 2242 1482 2262 cum
1496 2233 1663 2273 plenitudine

97 2278 326 2318 ἑλευθεροστομίαν
342 2278 436 2315 αὑτοῦ,
458 2277 503 2307 καὶ
522 2276 553 2305 τὸ
566 2276 689 2316 φρόνημα
703 2275 733 2305 τὸ
752 2275 870 2305 ἀδούλω-
918 2275 1035 2315 Spiritus
1055 2276 1216 2314 loqueretur.
1231 2277 1299 2316 Ejus
1319 2278 1391 2307 enim
1405 2278 1532 2318 loquendi
1553 2281 1663 2312 liberta-
1690 2297 1818 2319 ῙΜΞΜὬ

97 2336 150 2360 τον,
165 2324 208 2354 καὶ
231 2323 279 2359 τὴν
298 2323 401 2364 ὑψηλὴν
420 2323 539 2363 γνώμην,
554 2322 598 2352 καὶ
611 2322 659 2358 τὴν
674 2321 776 2357 πολλὴν
791 2322 817 2351 ἐν
835 2324 868 2362 τῇ
918 2328 982 2359 tem,
993 2321 1114 2351 animum
1126 2322 1235 2351 minime
1249 2323 1382 2359 servilem,
1392 2326 1524 2355 excelsam
1537 2334 1663 2366 mentem,
1674 2313 1805 2357 1ss³v¹¹0¹³t¹2¹

97 2370 157 2410 περὶ
181 2372 226 2399 τοῦ
240 2371 355 2409 Χριστοῦ
376 2369 523 2409 προφητείᾳ
539 2368 682 2408 σαφήνειαν
706 2367 869 2407 ἐνδεικνύμε-
918 2378 1098 2409 magnamque
1114 2368 1143 2398 in
1156 2368 1297 2409 prophetia
1310 2369 1344 2400 de
1359 2371 1466 2402 Christo
1488 2374 1664 2413 perspicuita-

96 2428 155 2451 νος,
177 2416 280 2445 ἅπαντα
299 2418 382 2444 ταῦτα
405 2415 443 2444 ἑνὶ
464 2415 564 2455 ῥήματι
581 2414 748 2454 παρέστησεν
771 2414 850 2443 εἰπών
862 2427 868 2433 ·
918 2421 972 2444 tem
991 2414 1141 2452 ostendens,
1155 2415 1212 2445 haec
1227 2415 1315 2444 omnia
1334 2427 1388 2446 uno
1405 2418 1488 2448 verbo
1508 2420 1664 2460 complexus

97 2461 209 2494 Ἡσαΐας
221 2461 248 2490 δὲ
258 2461 396 2501 ἀποτολμᾷ
408 2461 453 2490 καὶ
469 2460 556 2500 λέγει·
568 2459 686 2500 Εὑρέθην
700 2464 754 2493 τοῖς
768 2460 815 2499 ἐμὲ
831 2460 867 2497 μὴ
884 2468 902 2490 B
918 2468 958 2490 est
976 2460 1068 2491 dicens
1083 2474 1089 2490 :
1104 2463 1199 2491 Isaias
1218 2468 1318 2491 autem
1339 2465 1440 2501 audet,
1453 2471 1481 2494 et
1503 2466 1575 2496 dicit
1592 2479 1598 2496 :
1614 2470 1664 2497 In-
1675 2468 1740 2490 Rom
1756 2476 1791 2491 Ὀ·

1676 2506 1713 2521 20.

131 2547 140 2557 π
158 2538 257 2563 Collata
277 2544 315 2563 est
334 2547 392 2563 cum
412 2539 458 2563 Ms.
472 2539 550 2572 Regio
564 2540 628 2563 ⁴933
637 2558 644 2568 ,
657 2546 731 2571 quem
753 2539 854 2563 unicum
903 2539 997 2565 calcem
1010 2541 1095 2566 octavi
1107 2541 1181 2566 Tomi
1194 2540 1275 2566 edidit
1286 2550 1316 2566 ex
1328 2542 1374 2568 Ms.
1385 2543 1515 2570 Bavarico‚

94 2577 216 2602 habemus
225 2598 231 2610 ,
249 2583 273 2602 ct
285 2586 343 2603 cum
355 2578 430 2605 variis
442 2576 604 2609 lectionibus,
618 2586 679 2611 quas
697 2577 803 2605 savinus
821 2578 853 2603 ad
