1890 2826
289 184 327 192 ,.-,
390 184 399 185 7

617 193 774 218 SYNOPSIS
800 193 988 218 SCRIPTURAE

91 261 152 295 τοὺς
165 261 235 294 υἱοὺς
249 260 334 290 αὐτῶν
346 257 471 288 δύνασθαι
486 257 629 298 ῥύσασθαι·
651 255 697 285 καὶ
707 255 757 290 τὴν
767 256 804 288 εἷς
817 254 862 284 τέ-

89 310 135 342 λος
145 305 377 348 ἔρήμωσινζαῦτῶν
387 302 432 333 διὰ
444 304 492 339 τῆς
505 301 667 341 κληματίδας
679 303 726 336 τῆς
741 299 861 340 ἀμπέλου

88 355 174 391 δηλοῖ.
195 349 393 391 Διηγεῖταιτὴν
408 347 598 389 ἀσχημοσύνην
616 350 662 376 τοῦ
680 348 744 376 λαοῦ
763 345 812 381 τὴν
835 344 862 379 ἐξ

88 401 175 439 ἀρχῆς
183 419 191 433 ,
210 396 272 437 πρὶν
286 396 304 432 ἢ
317 393 514 436 προσλαὸέσθαι
539 393 616 422 αὐτὸν
640 392 685 421 τὸν
706 391 776 421 Θεὸν
784 412 792 427 ,
817 390 862 420 καὶ

88 444 139 480 τὴν
158 443 314 484 εὐπρέπειαν
329 441 379 477 τὴν
394 439 462 480 μετὰ
474 439 505 469 τὸ
517 437 715 478 προσλαὸέσθαι
726 449 733 456 ·
754 436 800 466 καὶ
814 436 862 473 τὴν

88 488 304 529 εἶδωλολατρείαν
323 488 403 516 αὐτοῦ
411 506 420 524 ,
448 484 493 515 καὶ
505 484 555 521 τὴν
580 483 623 513 διὰ
646 483 746 519 ταύτην
769 482 863 516 αὐτοὺς

91 534 276 573 διαδεξαμένην
296 532 410 567 ἅλωσιν,
434 530 480 560 καὶ
502 529 620 569 μεγάλας
633 526 761 558 δείκνυσιν
781 529 863 564 αὐτῆς

89 581 138 615 τὰς
145 580 255 620 ἀνομίας
266 578 320 609 ἀπὸ
328 577 488 618 συγκρίσεως
499 575 626 615 Σοδόμων
639 575 685 604 καὶ
695 573 863 614 Σαμαρείας,

88 627 170 661 οὔσας
181 626 226 657 καὶ
239 627 298 656 καθ’
321 623 416 657 ἑαυτὰς
430 623 556 663 μεγάλας.
572 622 690 652 Δύναται
704 621 731 651 δὲ
744 621 778 651 τὰ
790 632 861 661 χρη-

89 673 159 709 στὰ,
172 672 190 702 ἃ
202 671 341 712 προλέγει,
367 670 413 707 τὸ,
430 668 584 705 Ἀναστήσω
597 668 645 704 τὴν
665 667 793 703 διαθήκην
813 678 862 706 μου
877 672 896 696 B

91 717 161 758 μετὰ
173 720 230 753 σοῦ,
242 717 304 756 περὶ
317 718 370 746 τῶν
384 714 541 755 εἷςΧριστὸν
549 713 725 744 πιστευόντων
731 711 863 752 λέγεσθαι.

93 764 150 801 Τὴν
165 764 255 793 ἄνοδον
268 765 315 807 τοῦ
328 760 560 802 Ναὸουχοδονόσορ
573 759 705 801 προλέγει.
719 758 792 798 Πρὸς
802 757 863 791 τοὺς

92 809 228 850 λέγοντας·
236 810 272 840 Οἱ
282 807 394 848 πατέρες
404 806 499 847 ἔφαγον
509 806 553 836 τὸν
563 806 682 846 ὄμφακα,
697 804 742 834 καὶ
750 806 776 833 οἱ
790 803 862 833 ὀδόν-

91 867 136 889 τες
148 857 201 885 τῶν
218 854 316 884 τέκνων
333 852 492 893 ὦμοδίασαν.
513 851 589 892 Περὶ
609 853 658 887 τῆς
685 850 784 890 μητρὸς
809 851 860 878 τῶν

91 900 155 941 περὶ
171 899 296 931 Σεδεκίαν
307 899 351 929 τὸν
366 897 486 938 βασιλέα.
510 897 726 937 Διαμαρτύρεται
737 899 791 929 τοῖς
800 907 862 935 πρε-

92 946 227 987 σὸυτέροις
241 945 287 980 τὰς
300 944 410 984 ἀνομίας
422 946 476 974 τῶν
494 942 616 983 πατέρων
631 944 726 972 αὐτῶν.
751 941 792 971 Τὸ
813 941 840 970 δὲ
853 963 860 977 ,

91 991 168 1022 Διότι
179 992 224 1022 ἐπὶ
231 994 276 1022 τοῦ
290 991 364 1031 ὄρους
374 1002 426 1030 μου
437 993 483 1019 τοῦ
495 988 569 1029 ἁγίου
579 1010 588 1025 ,
603 989 646 1018 ἐπ’
664 988 739 1028 ὅρους
761 988 861 1027 ὑψηλοῦ

94 1038 203 1079 Ἰσραὴλ
215 1037 301 1078 λέγει·
316 1036 440 1072 Ἀδωναῒ,
454 1035 551 1076 Κύριε,
564 1035 620 1064 ἐκεῖ
637 1033 806 1064 δουλεύσουσί
818 1044 863 1072 μοι

91 1088 146 1117 πᾶς
158 1079 227 1118 οἶκος
241 1083 351 1124 Ἰσραὴλ
363 1084 400 1116 εἰς
409 1081 500 1116 τέλος,
518 1083 555 1114 εἷς
567 1079 628 1115 τοὺς
640 1079 812 1112 πιστεύοντας
824 1080 862 1118 τῷ

95 1131 204 1170 Χριστῷ
227 1128 374 1159 ’δύνασθαι
394 1128 585 1167 λαμὸάνεσθαι.
611 1125 678 1156 Ἐπὶ
690 1124 785 1164 Θεμὰν
795 1147 803 1162 ,
818 1124 864 1153 καὶ

93 1176 140 1206 ἐπὶ
156 1175 280 1216 Ἰσραὴλ,
294 1175 340 1205 καὶ
352 1174 396 1204 ἐπὶ
408 1173 478 1207 υἱοὺς
488 1172 609 1212 Ἀμμών.
629 1171 682 1202 Καὶ
694 1170 742 1205 τὰς
755 1170 865 1210 ἀνομίας
880 1172 898 1196 C

94 1221 200 1255 καὶτὰς
212 1220 342 1260 ἁμαρτίας
354 1219 426 1260 λέγει
438 1222 484 1249 τοῦ
500 1218 625 1259 Ἰσραὴλ,
637 1217 682 1247 καὶ
695 1219 747 1246 τῶν
762 1216 864 1257 ἱερέων,

95 1267 143 1297 καὶ
152 1266 351 1308 τῶν·ᾶρχόντων
367 1265 413 1296 καὶ
428 1265 660 1305 ψευδοπροφητῶν.
674 1263 848 1298 Καὶλέζήτουν
858 1284 867 1299 ,

96 1314 177 1355 φησὶν
188 1336 196 1351 ,
209 1313 291 1353 ἄνδρα
299 1311 523 1353 ἀναστρεφόμενον
536 1312 632 1351 ὀρθῶς,
645 1308 658 1326 ¹³
668 1309 713 1338 καὶ
724 1311 827 1338 ἑστῶτα
840 1310 866 1337 ἐν

96 1361 211 1399 διακοπῇ
230 1361 352 1400 φραγμοῧ
371 1357 423 1398 πρὸ
442 1356 585 1397 προσώπου
605 1367 656 1396 μου
676 1356 704 1385 ἐν
724 1356 808 1394 καιρῷ
822 1355 869 1390 τῆς

86 1408 162 1446 γῆς,
174 1408 220 1436 τοῦ
231 1406 270 1445 μὴ
283 1406 321 1438 εἰς
331 1403 405 1437 τέλος
411 1403 545 1443 ἐξαλεῖψαι
558 1401 648 1432 αὐτόν·
664 1401 709 1431 καὶ
723 1402 773 1441 οὔχ
780 1396 866 1440 εὗρον.

97 1452 165 1492 Περὶ
189 1453 238 1487 τῆς
262 1449 478 1490 εἶδωλολατρείας
496 1451 542 1479 τοῦ
560 1449 624 1478 λαοῦ
649 1446 759 1487 Ἰσραὴλ
777 1448 825 1482 τῆς
839 1447 867 1475 ἐν

97 1497 240 1538 Αἰγύπτῳ,
266 1497 312 1527 καὶ
323 1498 372 1532 τ’ἤς
390 1495 458 1535 μετὰ
470 1498 567 1531 ταῦτα,
591 1493 637 1523 καὶ
651 1495 703 1522 τῶν
715 1494 867 1532 συμφορῶν.

98 1543 151 1574 Καὶ
165 1544 205 1573 ἔτι
217 1543 277 1573 οὔτε
298 1542 391 1576 πένθος
415 1543 526 1577 ποιῆσαι
549 1539 800 1580 συγχωρηθήσονται
824 1538 867 1567 ἐπὶ

95 1594 152 1623 τοῖς
173 1589 347 1628 συμὸαίνουσι
369 1589 506 1628 χαλεποῖς.
531 1587 609 1616 Κατὰ
635 1586 800 1624 Ἀμμανιτῶν
823 1584 868 1613 καὶ

98 1635 269 1674 Ἰδουμαίων,
283 1634 328 1664 καὶ
341 1633 511 1673 ἀλλοφύλων,
525 1632 569 1662 καὶ
580 1634 628 1665 τ’ἥς
642 1631 720 1671 Σὼρ,
734 1630 766 1666 ἣν
781 1629 868 1670 Τύρον

97 1681 218 1721 λέγουσιν
242 1675 317 1709 εἶναι..
337 1678 467 1719 Προλέγει
487 1678 622 1718 συμφορὰς
644 1677 778 1716 μεγάλας,
799 1676 869 1706 κατὰ

96 1731 143 1758 τοῦ
156 1727 282 1767 ἄρχοντος
294 1725 381 1765 Τύρου
395 1725 440 1754 καὶ
453 1725 584 1759 Σιδῶνος,
598 1723 643 1752 καὶ
653 1721 786 1761 Αἰγύπτου
796 1744 804 1759 ,
824 1722 869 1751 καὶ
885 1723 904 1746 D

96 1776 144 1803 τοῦ
168 1772 318 1812 Αἰγυπτίων
345 1771 482 1811 βασιλέως.
503 1769 617 1799 Ἀπειλεῖ
642 1770 681 1808 τῷ
705 1769 796 1807 σκοπῷ
823 1770 868 1797 τοῦ

98 1821 178 1856 λαοῦ,
206 1821 230 1848 εἷ
251 1818 288 1857 μὴ
301 1817 425 1857 προείποι
436 1818 475 1856 τῷ
497 1817 571 1856 λαῷ,
595 1810 625 1844 οὗ
638 1814 752 1843 τέθειται
771 1813 870 1846 σκοπὸς

98 1866 164 1907 πρὸς
176 1865 224 1898 τὰς
234 1864 307 1905 παρὰ
324 1866 370 1892 τοῦ
380 1864 452 1892 Θεοῦ
463 1860 651 1902 ἐπιφερομένας
659 1859 804 1899 συμφοράς.
817 1859 870 1888 Καὶ

99 1912 186 1951 λέγει,
199 1913 236 1944 ὡς
250 1909 318 1949 μήτε
329 1908 425 1948 ἄνομον
444 1907 607 1937 ἀπόλλυσθαι
624 1905 667 1936 διὰ
681 1905 728 1939 τὰς
741 1904 870 1945 προτέρας

98 1957 228 1996 ἀνομίας,
255 1955 300 1985 ἐὰν
318 1953 465 1994 ἐπιστρέψῃ
486 1956 532 1982 τοῦ
550 1954 661 1987 ποιῆσαι
673 1951 708 1980 τὰ
720 1950 819 1991 ἀρεστὰ
831 1952 870 1990 τῷ

100 2005 178 2043 Θεῷ·
200 2001 268 2041 μήτε
286 2001 386 2030 δίκαιον
401 1999 546 2035 σώζεσθαι,
570 1998 614 2027 διὰ
624 1997 671 2031 τὰς
691 1996 820 2037 προτέρας
833 1997 870 2025 δι-

101 2048 258 2083 καιοσύνας,
281 2046 328 2076 ἐὰν
343 2045 516 2086 μεταὸληθεὶς
530 2044 638 2084 γένηται
651 2044 746 2082 ἄνομος
759 2043 804 2072 καὶ
816 2043 872 2072 ἄδι-

102 2109 156 2130 κος.
168 2091 254 2126 ’Ἦλθέ
266 2106 307 2127 τις
319 2094 385 2133 πρὸς
395 2093 439 2122 τὸν
453 2091 592 2132 προφήτην
615 2090 787 2131 ἀπαγγέλλων
799 2113 806 2126 ,
833 2089 873 2119 ὅτι

103 2143 173 2173 ἑάλω
183 2140 367 2182 Ἰερουσαλήμ·
381 2138 452 2178 λέγει
465 2139 493 2168 δὲ
508 2138 552 2168 καὶ
564 2138 626 2177 περὶ
633 2137 726 2167 τούτου
741 2137 859 2175 ἐγκαλῶν
867 2157 874 2171 ,

100 2188 142 2219 ὅτι
154 2188 192 2227 μὴ
204 2186 356 2228 προσέχωσι
373 2189 427 2218 τοῖς
443 2183 689 2224 προφητευομένοις.
709 2181 875 2222 Προφητεύει

103 2234 132 2264 δὲ
153 2233 280 2264 καὶκατὰ
303 2234 356 2261 τῶν
379 2229 511 2269 ποιμένων
525 2232 570 2258 τοῦ
586 2228 695 2268 Ἰσραήλ
707 2239 713 2246 ·
734 2227 779 2257 καὶ
796 2228 876 2266 ἐπαγ-

101 2278 224 2319 γέλλεται
238 2278 331 2307 δώσειν
343 2278 431 2310 αὐτοῖς
444 2275 490 2305 ἕνα
500 2274 627 2314 ποιμένα·
640 2274 705 2313 ὅπερ
713 2273 757 2303 ἐπὶ
770 2275 815 2302 τοῦ
827 2274 877 2302 Ζο-

137 2376 149 2390 ·
165 2369 243 2394 Forte
254 2371 356 2395 δύναται-

137 2408 152 2428 ¹³
168 2411 210 2434 Kal
228 2410 316 2434 ἑστῶτα
328 2410 350 2431 ἂν
362 2407 455 2437 διακαῆ-ᾗ
470 2406 582 2438 φραγμοῦ.
594 2401 689 2427 Ezech.
702 2403 744 2434 22,
757 2400 867 2430 30.illud

108 2451 132 2474 ιν
149 2449 244 2480 &now
260 2448 365 2480 φραγμοῦ
382 2446 476 2485 γ’ῐῆῃ,
495 2443 522 2466 in
534 2442 655 2474 fluctum
671 2441 800 2470 macerioe,
814 2447 867 2465 non

109 2495 147 2514 est
157 2489 183 2514 in
194 2486 378 2520 exemplaribus
387 2485 524 2515 hodiernis,
537 2483 580 2508 sed
589 2482 739 2515 exOrigenis
746 2482 865 2515 llexaplis

109 2527 258 2560 adjunctum
274 2526 364 2556 ruerat,
379 2530 407 2550 ut
418 2533 464 2549 nos
483 2525 507 2548 in
519 2522 637 2555 Hexaplis
649 2521 801 2547 addidimus.
815 2523 866 2547 Το-

110 2573 148 2592 tus
161 2566 230 2591 loeus
240 2567 266 2591 in
279 2562 438 2590 Editionibus
450 2562 577 2588 hodiernis
589 2569 632 2588 τῶν
644 2562 678 2588 o'.
692 2561 728 2587 sic
740 2561 846 2587 habetur
862 2571 866 2585 z

278 2620 351 2639 Tou.
375 2620 418 2638 Vt.

1014 194 1095 217 saca
1106 195 1140 216 τε.
1585 184 1652 229 4²33

914 254 948 283 ab
959 254 1048 292 initio,
1064 262 1204 294 antequam
1218 257 1305 286 Deum
1322 256 1463 296 amplexus
1476 262 1553 292 esset,
1569 263 1595 285 et
1608 256 1654 285 de-

914 310 1003 329 corem
1018 307 1158 340 postquam
1177 302 1319 342 amplexus
1345 309 1383 331 est
1401 315 1406 331 :
1423 301 1656 341 idololatriamque

914 346 984 386 ejus,
992 353 1018 375 et
1025 346 1159 375 excidium
1174 347 1247 386 quod
1261 355 1370 388 propter
1381 358 1438 378 eam
1452 347 1548 377 invasit
1563 348 1633 386 ipsos
1645 359 1654 385 ;

915 401 1023 430 magnas
1037 392 1153 421 ostendit
1169 394 1227 432 ejus
1241 392 1394 432 iniquitates
1413 403 1447 422 ex
1460 393 1656 432 comparatione

914 437 1093 467 Sodomorum
1108 446 1133 468 et
1153 439 1290 475 Samariae,
1304 449 1364 478 quae
1387 439 1467 469 etiam
1491 449 1538 478 per
1557 438 1656 478 seipsas

914 490 988 513 erant
1001 484 1131 523 ingentes.
1146 485 1260 514 Possunt
1282 492 1371 514 autem
1392 485 1543 523 bona‚qnae
1557 484 1654 524 praedi-

914 530 960 566 cit,
967 541 1072 570 nempe,
1078 531 1228 560 Suscitaho
1236 538 1438 561 testamentum
1446 542 1542 561 meum
1550 537 1654 567 tecum,
1666 554 1718 575 Em
1725 556 1738 576 h
1768 557 1794 577 ’μ’

914 577 948 606 de
969 577 1138 607 credentibus
1161 578 1188 606 in
1212 577 1351 607 Christum
1370 577 1496 617 intelligi.
1511 580 1654 606 Ascensum
1664 583 1702 606 62.
1742 571 1747 577 ⁶
1781 568 1802 577 -.

914 623 1185 654 Nabuchodonosoris
1204 623 1375 662 praenuntiat.
1391 623 1529 653 Adversus
1546 633 1591 652 eos
1607 623 1654 662 qui

915 668 1041 699 dicebant
1057 681 1063 697 :
1079 670 1185 698 Patres
1198 669 1384 698 comederunt
1401 679 1488 698 uvam
1508 671 1653 704 acerbam,
1665 691 1739 712 Ezech

915 721 943 744 et
954 716 1055 744 dentes
1055 715 1193 755 filiorum
1204 714 1419 754 obstupuerunt.
1432 716 1471 744 De
1481 721 1564 743 matre
1572 713 1653 748 Sede·
1665 729 1688 744 2.
1744 707 1748 712 ¹

913 761 961 791 ciae
976 761 1056 801 regis.
1079 760 1251 790 Testificatur
1266 760 1415 790 senioribus
1430 759 1581 799 iniquitates
1603 771 1652 800 pa—

913 815 986 837 trum
998 818 1123 837 suorum.
1138 807 1213 836 Illud
1225 814 1325 844 autem,
1344 808 1420 846 Quia
1432 817 1517 847 super
1529 814 1654 837 montem
1664 829 1746 850 Emh,
1767 835 1804 850 20¹

914 860 1050 883 sanctum
1063 864 1169 890 meum,
1184 851 1218 882 de
1233 859 1322 882 monte
1335 853 1440 882 excelso
1459 852 1542 883 Israe'l
1561 852 1628 882 dicit
1643 866 1651 883 ι
1663 860 1722 888 4001
1732 860 1802 880 ems.

914 899 1049 937 Adonai,
1061 899 1198 935 Domine,
1209 899 1272 928 illic
1283 900 1406 929 servient
1417 900 1489 928 mihi
1498 901 1590 928 omnis
1602 900 1653 928 do-

916 957 979 976 mus
990 946 1086 987 lsratil
1097 949 1127 975 in
1136 947 1239 986 finem,
1252 946 1286 976 de
1297 946 1466 976 credentibus
1477 947 1504 976 in
1516 947 1654 976 Christum

914 1001 1001 1035 potest
1020 994 1116 1034 accipi.
1131 995 1173 1023 De
1194 994 1329 1029 Theman,
1343 993 1377 1022 de
1397 994 1490 1031 Israel,
1505 1001 1530 1023 et
1543 994 1577 1023 de
1590 994 1654 1023 filiis

916 1043 1041 1070 Ammon.
1056 1040 1213 1079 Iniquitates
1227 1046 1253 1069 et
1271 1046 1376 1079 peecata
1398 1040 1504 1070 Israelis
1527 1047 1653 1076 recenset,

915 1085 1093 1122 sacerdotum,
1121 1086 1274 1126 principum
1300 1093 1325 1114 et
1347 1085 1652 1125 pseudoprophetarum.

916 1134 957 1162 E't
970 1135 1135 1173 quaerebam
1145 1154 1153 1170 ‚
1168 1132 1271 1171 inquit,
1285 1134 1383 1162 virum
1397 1138 1474 1161 recte
1488 1139 1656 1162 versantem
1668 1155 1750 1175 Ewh'
1771 1160 1808 1175 22·

917 1185 946 1208 et
958 1185 1084 1208 stantem
1108 1180 1139 1207 in
1147 1179 1288 1219 fractura
1302 1181 1434 1207 maceriae
1459 1184 1528 1207 ante
1543 1179 1656 1219 faciem
1669 1185 1705 1207 30.

919 1235 1011 1254 meam
1024 1226 1192 1264 intempore
1203 1230 1295 1261 τεν-ηε,
1303 1230 1335 1253 ut
1345 1235 1382 1253 ne
1394 1226 1424 1253 in
1432 1224 1522 1262 finem
1532 1225 1658 1254 delerem

919 1282 984 1301 eum
999 1284 1006 1300 :
1023 1278 1051 1300 et
1066 1282 1125 1300 non
1135 1272 1245 1300 inveni.
1258 1271 1299 1299 De
1308 1269 1461 1300 idololatria
1471 1271 1566 1310 populi
1576 1272 1658 1301 Israel

920 1319 948 1348 in
961 1318 1080 1358 AEgypto
1092 1324 1117 1347 et
1130 1324 1231 1357 postea,
1245 1327 1276 1346 ac
1293 1315 1327 1345 de
1349 1316 1555 1346 calamitatibus.
1571 1311 1660 1356 Atque

919 1365 1031 1405 insuper
1050 1374 1136 1402 neque
1154 1363 1258 1393 luctum
1279 1373 1356 1403 agere
1375 1363 1561 1403 permittentur
1580 1374 1660 1403 super

921 1410 1136 1451 contingentibus
1153 1409 1242 1439 malis.
1262 1410 1361 1439 Contra
1385 1409 1522 1438 Amanitas
1542 1417 1567 1439 et
1589 1410 1659 1439 Idu—

921 1467 1012 1494 maeos,
1027 1463 1053 1485 et
1075 1455 1248 1494 alienigenas,
1264 1462 1289 1484 et
1311 1455 1372 1491 Sor,
1388 1465 1468 1493 quam
1490 1455 1584 1484 dicunt
1605 1466 1660 1485 csse

920 1503 1036 1542 Tyrum.
1049 1500 1175 1531 Praedicit
1187 1500 1350 1530 calamitates
1363 1510 1472 1539 magnas
1485 1507 1574 1529 contra
1588 1501 1663 1540 prin-

920 1547 1008 1587 cipem
1020 1546 1089 1586 Tyri
1111 1553 1137 1575 et
1155 1545 1280 1582 Sidonis,
1296 1552 1322 1574 et
1335 1545 1501 1585 AEgyptum‚
1516 1546 1661 1587 AEgyptio—

920 1603 1034 1631 rumque
1056 1602 1157 1630 regem.
1171 1591 1292 1620 Minatur
1312 1591 1472 1630 speculatori
1486 1593 1591 1631 populi,
1608 1593 1661 1622 nisi

920 1637 1077 1678 praedixerit
1090 1636 1207 1677 populo,
1222 1636 1300 1675 cujus
1312 1637 1471 1665 constitutus
1484 1644 1523 1666 est
1536 1639 1660 1677 specula-

920 1691 963 1713 tor
976 1683 1010 1712 ad
1024 1683 1187 1712 calamitates
1201 1693 1216 1711 a
1232 1683 1289 1711 Deo
1310 1682 1409 1710 illatas.
1431 1684 1471 1711 Ac
1484 1682 1561 1720 dicit,
1577 1693 1661 1722 neque

922 1730 1047 1768 iniquum
1061 1728 1148 1768 perire
1160 1728 1196 1756 ob
1208 1727 1312 1767 priores
1333 1727 1497 1766 iniquitates,
1514 1729 1537 1758 si
1550 1739 1661 1759 conver-

922 1786 968 1805 sus
979 1774 1062 1804 suerit
1075 1773 1110 1803 ad
1122 1772 1273 1803 faciendum
1287 1782 1317 1802 ea
1330 1783 1388 1811 quae
1400 1774 1456 1802 Deo
1470 1781 1532 1803 sunt
1545 1775 1660 1814 placita5

922 1831 1007 1860 neque
1015 1822 1119 1861 justum
1136 1819 1249 1849 salutem
1263 1819 1389 1857 consequi
1402 1819 1438 1848 ob
1450 1820 1567 1859 priorem
1578 1820 1662 1860 justi-

922 1867 1002 1903 tiam,
1024 1866 1048 1895 si
1070 1872 1206 1902 mutatus,
1220 1864 1329 1903 iniquus
1351 1865 1518 1904 injustusque
1536 1867 1660 1896 evaserit.

923 1912 1007 1943 Venit
1025 1911 1160 1952 quispiam
1179 1910 1214 1940 ad
1234 1909 1404 1950 prophetam,
1419 1911 1545 1940 nuntians
1559 1919 1663 1952 captam

923 1959 1005 1988 fuisse
1017 1957 1182 1994 Jerusalem3
1195 1956 1262 1986 dicit
1275 1962 1364 1985 autem
1377 1956 1427 1985 hac
1441 1956 1475 1986 de
1486 1968 1514 1986 re
1528 1958 1662 1995 incusans,

924 2003 998 2044 quod
1008 2014 1060 2033 non
1072 2002 1208 2033 attendant
1219 2002 1252 2031 iis
1264 2012 1323 2040 quae
1334 2012 1350 2030 a
1361 2002 1499 2042 prophetis
1512 2003 1666 2043 praedicun—

924 2058 978 2080 tur.
994 2049 1164 2081 Vaticinatur
1183 2058 1264 2088 porro
1283 2053 1375 2076 contra
1393 2055 1512 2088 pastores
1534 2050 1640 2079 Israelis
1657 2062 1663 2078 :

926 2095 1110 2137 promittitque
1133 2094 1253 2123 dandum
1275 2103 1331 2123 esse
1353 2100 1485 2133 pastorem
1511 2106 1611 2130 unum;
1639 2095 1667 2124 id

927 2139 1001 2179 quod
1020 2139 1071 2168 suh
1092 2137 1256 2168 zorobabele
1277 2137 1376 2165 sactum
1397 2144 1445 2173 est,
1459 2137 1488 2167 id
1502 2138 1575 2177 quod
1588 2140 1667 2168 etiam

929 2185 946 2214 J
949 2183 1017 2213 udaei
1031 2182 1199 2223 impudenter
1211 2181 1304 2211 dicunt
1318 2180 1437 2210 nondum
1451 2184 1586 2219 evenisse;
1607 2194 1667 2211 evc-

1769 691 1804 713 18.

931 2228 970 2257 nit
983 2234 1088 2264 tamen,
1104 2233 1134 2256 ut
1152 2226 1224 2263 dixi,
1239 2226 1291 2255 sub
1311 2225 1484 2254 zorobabele.
1499 2226 1668 2256 Vaticinatur

893 2279 911 2302 F,
930 2278 1020 2301 contra
1033 2270 1179 2307 Idumaeos,
1191 2276 1217 2299 et
1229 2269 1358 2299 Israelitis
1376 2269 1446 2298 bona
1464 2269 1597 2308 praedicit,
1611 2280 1669 2307 quae

915 2365 951 2388 καὶ
961 2366 1053 2394 ἐζήτουν
1062 2365 1087 2392 ἐξ
1094 2364 1166 2388 αὐτῶν
1173 2363 1244 2395 ἄνδρα
1252 2366 1409 2396 ἀναστρεφόμε
1415 2371 1444 2386 ιον
1453 2364 1529 2394 ὀρθῶς,
1537 2363 1573 2384 καὶ
1584 2361 1670 2384 ἑστῶτα

915 2405 960 2435 πρὸ
973 2407 1092 2436 προσώπου
1101 2412 1146 2433 μου
1158 2403 1281 2435 ὁλοσχερῶς
1295 2403 1318 2425 dv
1328 2406 1360 2432 τῷ
1372 2404 1441 2433 καιρῷ
1449 2403 1488 2426 τῆς
1499 2401 1573 2431 ὀργῆς.
1586 2396 1672 2420 Melius

915 2439 1042 2473 exemplar
1061 2438 1235 2473 Chrysostomi
1244 2458 1250 2466 ‚
1271 2443 1293 2463 ἐν
1310 2444 1380 2472 καιρῷ
1398 2444 1438 2466 τῆς
1454 2442 1502 2468 γῆς.
1520 2436 1550 2459 In
1566 2433 1671 2460 Hebraeo

917 2485 1000 2504 autem
1013 2478 1101 2512 legitur
1119 2482 1207 2518 ΥἾΝΓΙ
1224 2480 1297 2510 792,
1305 2484 1351 2509 pm
1361 2481 1435 2499 terra.
1445 2474 1608 2506 Septuaginta
1615 2484 1673 2500 vero

916 2521 1027 2553 legerunt
1045 2524 1122 2555 ἦν),
1141 2521 1166 2544 in
1178 2525 1292 2551 tempore.

1464 2605 1499 2634 30
