1890 2826
96 440 159 462 Psnl.
168 446 231 469 79·²-

93 533 177 554 Ezeclr.
196 539 231 554 10.

96 570 115 585 1.
127 569 149 585 et
163 571 181 585 1.
194 562 231 585 26.

92 596 130 624 ²'t-

108 690 146 710 ἐιη
154 689 175 710 Ιι.

187 687 209 710 3.

113 1425 147 1444 sui
193 1438 196 1442 .
216 1428 237 1443 2.

244 220 315 268 49⁶

242 305 306 323 vero
321 295 370 322 hos
391 293 540 333 transgredi
561 304 612 323 non
634 292 908 324 dubitaverunt.¹Sed
922 303 986 321 num

243 343 310 372 forte
328 352 451 382 supernae
470 342 593 378 virtutes,
610 352 669 381 quae
688 351 769 381 super
782 341 890 380 angelos
904 339 987 369 sunt?

244 388 426 426 Archangelos
439 387 501 417 dico
514 400 520 416 ε
532 394 595 417 sunt
608 394 697 417 autem
710 387 764 417 511ae
777 394 880 416 naturae
893 386 987 415 distin-

243 442 301 464 ctae.
325 435 462 473 Interroga
485 434 647 471 Cherubim,
673 434 777 474 regium
797 434 915 463 solium:
930 434 989 472 Qui

243 483 324 511 sedes
338 491 425 521 super
448 481 615 518 Cherubim,
632 481 833 520 manifestare.
853 480 986 519 lutei-roga

244 529 404 564 Cherubim,
418 528 546 558 thronum
571 529 773 569 sapphirinum,
789 535 815 558 ct
832 528 866 557 in
889 528 986 556 throno

244 575 394 611 sedentem,
410 575 486 604 velut
508 574 714 604 similitudinem
738 574 788 604 filii
810 573 936 604 hominis.
952 575 986 604 Et

244 632 298 651 vox
311 622 378 650 facta
390 628 429 650 cst
440 621 671 657 Cherubinorum,
683 621 759 660 quasi
775 631 904 660 aquarum
916 620 986 649 mul—

244 676 342 703 tarum,
357 668 475 697 clamans
489 680 495 696 :
511 668 672 697 Benedicta
693 668 790 708 gloria.
810 669 930 697 Domini
951 668 987 696 de

244 715 309 744 loco
322 724 386 743 suo.

282 762 312 790 4.
335 760 422 791 Vides
439 760 656 790 Cherubinorum
675 760 874 790 reverentiam?
886 761 986 790 Perve-

243 814 339 836 nerunt
353 806 387 836 ad
402 806 527 846 gloriam,
536 813 562 835 ct
575 806 643 835 intra
657 807 800 836 terminum
813 814 969 836 manserunt
981 819 986 835 :
1007 807 1025 830 C

243 854 405 883 Benedicta
425 853 521 893 gloria
540 854 672 883 Domini.
686 853 850 890 Quomodo?
865 855 911 882 De
925 854 989 883 loco

243 911 295 930 suo
307 911 315 927 .-
325 907 355 929 ut
365 899 549 929 ostenderetur
563 900 625 935 tibi,
635 910 692 929 eam
714 899 741 928 in
755 900 906 929 caelestibus
924 900 990 929 loeis

244 946 415 982 commorari,
429 952 454 975 et
474 946 552 985 longe
566 945 689 975 altiorem
709 956 766 975 esse
779 945 911 986 dignitate
926 947 990 986 ipsis

243 992 395 1021 caelestibns
404 999 428 1021 et
439 991 625 1021 invisibilibus
633 991 792 1021 virtutibus.
801 993 862 1021 Non
873 992 936 1031 loqu
941 1003 990 1021 un-

243 1045 287 1068 tur
299 1039 375 1078 quasi
390 1049 474 1078 prope
491 1044 601 1073 stantes,
614 1037 662 1067 sed
677 1044 705 1067 ut
719 1038 797 1076 longe
808 1049 822 1067 a
834 1038 927 1068 divina
943 1038 990 1068 di-

245 1086 344 1124 gnitate
355 1085 484 1114 distantcs
499 1096 506 1112 :
522 1085 682 1114 Benedicta
699 1085 796 1125 gloria
823 1087 941 1114 Domini
955 1087 992 1115 de

246 1133 310 1161 loco
325 1142 388 1161 suo.
403 1132 463 1160 Non
477 1131 550 1170 quod
565 1130 654 1160 locum
675 1130 788 1167 habeam
802 1142 907 1160 omnem
919 1131 991 1161 cnim

245 1177 444 1207 circumscribit
466 1177 574 1211 locum;
589 1176 635 1206 sed
652 1177 741 1206 locum
767 1177 818 1207 Dei
832 1184 910 1207 vocat
933 1189 992 1207 eam

246 1234 306 1262 quae
317 1223 387 1252 circa
401 1234 463 1252 eum
477 1229 517 1251 est
530 1222 699 1262 dignitatem.
713 1223 815 1253 Vidisti
826 1223 992 1253 cherubino-

247 1281 308 1299 rum
319 1270 433 1299 vocem?
446 1270 607 1298 Benedicta
618 1270 714 1309 gloria
727 1270 858 1299 Domini.
873 1271 908 1300 Et
924 1271 991 1300 nihil
1010 1274 1029 1296 D

249 1315 368 1356 amplius
381 1315 626 1345 annuntiaverunt.
638 1317 750 1355 Oportet
765 1317 838 1346 enim
853 1323 879 1346 te
893 1317 996 1347 circum

249 1363 408 1394 adstantem.
423 1373 500 1391 nosse
526 1373 557 1391 ea
574 1373 634 1400 quae
646 1373 662 1391 a
673 1364 730 1391 Deo
744 1363 910 1392 nuntiantur.
923 1365 992 1393 Nam

249 1409 399 1448 Seraphim
412 1409 532 1437 stabant
544 1410 576 1436 in
590 1410 712 1437 circuitu
724 1409 797 1448 ejus.
813 1409 889 1446 Quid
901 1420 965 1449 ergo
979 1421 994 1438 a

249 1455 327 1485 vobis
352 1454 508 1484 discemus?
524 1454 614 1484 Nolite
639 1454 794 1494 prohibere.
821 1457 924 1486 Verum
948 1456 994 1485 illa

249 1512 356 1540 quoque
372 1501 464 1530 dicent
481 1511 488 1528 =
505 1500 636 1538 Quamvis
649 1499 781 1540 dignitate
795 1501 994 1541 praecellamus,

250 1548 375 1576 novimus
382 1553 470 1576 tamen
483 1554 586 1576 naturae
595 1553 692 1577 nostrae
705 1546 782 1584 fines,
799 1558 847 1576 nec
861 1548 995 1587 cognitio-

250 1593 291 1622 nis
305 1604 456 1622 mensuram
467 1592 706 1633 praetergredimur
721 1606 727 1622 :
740 1604 794 1622 non
809 1594 914 1623 curiose
922 1605 997 1623 scru-

249 1647 340 1670 tamur
357 1641 510 1679 §reatorem
527 1646 658 1675 nostrum,
675 1650 728 1669 non
747 1641 921 1680 exploramus
935 1652 997 1670 cuni

249 1686 297 1725 qui
316 1697 365 1715 nos
381 1686 484 1715 honore
503 1685 601 1715 affecit.
616 1686 749 1715 Novimus
769 1687 998 1727 incomprehensi-

249 1733 332 1762 bilem
344 1740 467 1762 naturam
480 1743 532 1761 non
553 1732 650 1772 subjici
666 1733 872 1771 quaestionibus,
889 1744 936 1762 nec
947 1733 998 1762 oh—

251 1781 361 1809 noxiam
374 1789 430 1809 esse
447 1779 648 1808 ratiociniorum
661 1778 737 1807 seriei
748 1790 755 1812 3
771 1786 880 1819 superat
893 1789 999 1808 ornnem

252 1826 403 1864 angelicum
422 1832 521 1854 statum
544 1835 705 1864 omnemque
719 1825 776 1854 vim
796 1826 927 1854 caelestem
942 1825 1000 1865 glo-

254 1872 293 1900 ria
304 1872 363 1911 ejus
377 1871 425 1910 qui
437 1871 574 1900 adoratur.
587 1870 651 1900 Ideo
664 1878 690 1900 et
704 1881 751 1900 nos
763 1881 815 1900 non
829 1871 998 1901 transcendi-

290 1975 302 1988 *
321 1974 402 2007 [Cod.
418 1980 517 2006 ζήτησιν.
531 1973 612 2000 Cotel.
626 1975 692 2007 conj.
707 1976 845 2007 ςητήσεσιν.]

291 2022 300 2033 ³
318 2019 352 2040 Τὰ
362 2016 484 2048 Χερουὸἰμ.
491 2014 572 2038 Totus
584 2012 648 2038 ordo
658 2012 780 2038 orationis
791 2012 902 2046 postulat
911 2018 941 2039 τὰ
951 2020 1020 2048 Σερα-

258 2057 310 2086 φέμ,
323 2051 437 2083 quamvis
454 2053 479 2077 in
491 2051 548 2076 loco
568 2053 639 2076 Isaiae
648 2073 655 2084 ‚
666 2058 692 2077 et
710 2051 867 2078 Cherubinos
881 2060 927 2085 pro
945 2052 1019 2077 Sera-

258 2091 342 2124 phinis
360 2092 471 2124 posuerit
489 2091 635 2116 Pliilastrius
655 2093 747 2117 Hoeresi
770 2092 832 2124 ult.‚
852 2101 883 2117 ac
904 2092 1021 2117 Paulinus

259 2130 375 2159 Natalis,
388 2140 412 2162 p.
422 2132 479 2161 605,
489 2130 590 2163 ipseque
601 2130 799 2165 Chrysostomus
812 2131 837 2157 iu
850 2131 920 2162 illud,
931 2132 1020 2164 Pater,

258 2172 282 2194 si
290 2170 410 2204 possibile
427 2175 463 2194 esc
473 2190 479 2201 ,
491 2176 551 2202 etc.,
564 2176 589 2194 et.
600 2169 759 2196 Cherubinos
778 2170 923 2203 Seraphinis
933 2173 1023 2205 jungat.

260 2208 415 2242 Epiphanius
425 2209 544 2233 Ancon-ati
553 2218 610 2241 cap.
624 2210 663 2241 40,
678 2210 717 2241 26,
731 2218 788 2234 cum
801 2210 936 2235 Severiano
948 2211 1020 2236 Orat.

260 2250 274 2273 2
287 2248 319 2274 de
330 2248 417 2273 Mundi
428 2250 554 2273 creationz·
562 2270 567 2278 ,
580 2256 604 2272 ct
622 2248 757 2273 Philastrio
770 2251 862 2274 Hau-esi
874 2256 985 2275 extrema
997 2256 1023 2275 et

260 2286 401 2319 penultima
413 2306 419 2316 ‚
442 2288 584 2320 pariterque
603 2286 713 2321 hymnus
730 2288 884 2313 Cherubicus
904 2289 1024 2322 appellari

261 2325 353 2358 soleat,
365 2325 407 2359 qni
425 2326 575 2359 Serapliicus
590 2332 636 2351 est.
653 2326 725 2351 Sicut
738 2327 793 2351 vice
807 2336 878 2352 versa
896 2329 920 2352 in
941 2327 1023 2353 locum

260 2365 462 2391 cherubinorum
474 2365 556 2390 Exodi
572 2371 598 2390 et
614 2364 765 2398 paralipom.
780 2366 911 2398 Seraphiui
933 2367 1026 2392 substi-

262 2411 367 2430 tuuntur
374 2406 479 2430 Actione
492 2405 506 2429 5
518 2403 616 2439 Synodi
630 2405 689 2435 vn,
702 2413 745 2430 seu
757 2406 782 2429 in
792 2404 962 2437 disputatione
974 2406 1026 2432 illic

262 2444 361 2477 prolata
370 2444 451 2469 Judaei
460 2451 486 2469 et
495 2443 695 2478 Christiani(ubi
708 2450 792 2469 tamen
804 2445 869 2471 Cod.
880 2446 940 2479 Reg.
950 2448 1024 2479 102⁶,

262 2484 279 2509 s.
292 2485 350 2515 266,
363 2487 477 2519 Χερουὸἱμ.
490 2482 581 2514 habet,
593 2489 621 2508 ut
641 2489 666 2508 et.
680 2482 743 2508 alter
761 2484 942 2518 interpretum)
957 2491 981 2510 et
992 2485 1025 2510 ab

262 2523 361 2548 Andrea
375 2524 488 2548 Cretensi
499 2524 622 2549 Oratione
634 2524 649 2548 3
665 2524 690 2548 in
702 2522 881 2549 dormitionem
895 2525 1007 2557 Deiparae
1019 2535 1023 2549 :

263 2572 360 2588 necnon
376 2562 483 2587 thronus
495 2562 646 2595 Seraphicus
662 2562 740 2588 instar
754 2562 887 2588 Cherubici
902 2564 927 2589 in
939 2565 1027 2590 eodem

263 2602 361 2626 Audrea
382 2602 473 2634 legitur
490 2603 563 2627 Orat.
580 2602 605 2626 in
624 2610 708 2626 ramos
728 2601 886 2635 palmarum,
905 2609 981 2636 atque
1001 2605 1027 2628 iu

260 2640 416 2673 Theophane
427 2642 548 2666 Cernmco
562 2642 637 2667 Hom.
657 2642 697 2672 53,
712 2650 740 2666 ac
759 2643 799 2667 60,
815 2646 872 2675 λέγει
892 2646 903 2669 ὁ
922 2648 977 2673 Θεὸς
995 2652 1027 2677 τῷ

958 229 1091 254 iucnn'rl
1136 237 1141 239 ·

1040 291 1100 325 τοὺς
1111 292 1236 332 ἀγγέλους
1247 304 1254 328 ;
1266 291 1336 331 λέγω
1355 291 1387 327 δὴ
1403 293 1431 321 αἱ
1444 293 1496 322 τῶν
1510 291 1682 332 ἀρχαγγέλων
1691 303 1698 310 ·
1719 291 1769 324 εἰσὶ
1783 291 1812 322 δὲ

1040 339 1137 367 ἐκεῖναι
1146 337 1236 378 φύσεις
1244 338 1448 378 διακεκριμέναι.
1457 337 1608 377 Ἐροῖηησον
1618 337 1652 367 τὰ
1664 338 1811 378 Χερουὸὶμ,

1040 383 1084 412 τὸν
1099 383 1235 422 βασιλικὸν
1250 383 1340 423 θρόνον
1350 395 1357 402 ·
1371 383 1406 413 ‘0
1422 384 1568 423 καθήμενος
1582 383 1627 414 ἐπὶ
1641 385 1694 413 τῶν
1708 385 1809 423 Χερου-

1041 429 1090 468 ὅὶμ
1099 450 1106 464 ,
1128 429 1270 469 ἑμφᾶνηθι,
1292 429 1446 470 Ἐριίνι-ησον
1460 429 1494 459 τὰ
1507 429 1644 470 Χερουὸὶμ
1666 431 1702 463 ὣς
1723 430 1815 469 θρόνον

1041 476 1220 516 σαπφείρινον,
1236 476 1281 505 καὶ
1293 477 1320 505 ἐν
1333 478 1372 516 τῷ
1386 477 1469 516 θρόνῳ
1480 476 1628 515 καθήμενον
1641 478 1677 509 ὡς
1689 476 1811 515 ὁμοίωμα

1041 523 1096 550 υἱοῦ
1112 521 1260 561 ἀνθρώπου.
1278 522 1331 552 Καὶ
1346 522 1418 563 φωνὴ
1432 522 1537 562 ἐγένετο
1550 525 1603 551 τῶν
1619 522 1765 562 Χερουὸὶμ,
1777 523 1813 555 ὡς

1040 569 1142 604 ὓδάτων
1156 571 1260 599 πολλῶν
1277 571 1378 609 βοῶσα·
1403 568 1578 609 Εὐλογημένη
1592 571 1609 604 ἡ
1631 567 1693 602 δόξα
1715 567 1812 608 Κυρίου

1041 616 1070 644 ἐκ
1085 617 1131 644 τοῦ
1144 614 1225 645 τόπου
1240 618 1328 651 αὐτῆς.

1081 754 1163 795 “Ορᾷς
1175 754 1219 784 καὶ
1233 757 1285 784 τῶν
1296 754 1432 795 Χερουὸὶμ
1444 754 1492 791 τὴν
1507 753 1664 791 εὖλάὸειαν;
1680 753 1814 793 Ἐφθασεν

1044 803 1079 835 εἰς
1095 801 1182 837 δόξαν,
1197 801 1243 830 καὶ
1262 802 1312 841 οὐχ
1332 800 1448 841 ὓπερέὸη
1468 801 1512 830 τὸν
1526 801 1594 841 ὅρον.
1609 799 1783 840 Εὗλογημένη
1796 802 1814 835 ἡ

1044 847 1105 882 δόξα
1120 847 1228 887 Κυρίου.
1246 847 1298 876 Καὶ
1313 849 1386 884 πῶς;
1408 848 1458 877 Ἐκ
1480 850 1526 876 τοῦ
1547 847 1628 876 τόπου
1649 847 1748 881 αὐτῆς·
1771 845 1816 875 ἵνα

1045 894 1115 934 δείξῃ
1128 905 1183 930 σοι,
1196 893 1236 923 ὅτι
1254 894 1299 923 καὶ
1314 895 1341 923 ἐν
1354 897 1406 927 τοῖς
1418 894 1547 934 οὐρανίοις
1565 893 1655 926 τόποις
1666 892 1815 928 αὐλίζεται,

1044 940 1089 970 καὶ
1108 939 1175 969 πολὺ
1197 939 1362 980 ὓψηλοτέραν
1385 942 1437 969 τῶν
1463 939 1591 979 οὐρανίων
1613 938 1748 976 δυνάμεων
1771 938 1816 967 καὶ

1045 986 1164 1027 ἀοράτων
1189 986 1342 1026 ὑπέρκειται
1362 986 1411 1023 τὴν
1433 986 1515 1021 ἀξίαν.
1540 987 1582 1015 Οὐ
1604 985 1759 1026 φθέγγονται
1781 987 1819 1018 ὡς

1045 1033 1235 1069 πλησιάζοντες
1245 1054 1253 1067 ,
1267 1034 1326 1062 ἀλλ’
1348 1035 1384 1066 ὥς
1397 1032 1488 1073 πόῤῥω
1499 1031 1676 1073 ἀφεστηκότες
1687 1033 1735 1067 τῆς
1747 1030 1818 1064 θείας

1046 1078 1119 1113 ἀξίας
1129 1091 1136 1097 ·
1152 1079 1326 1119 Εὐλογημένη
1340 1081 1357 1115 ἡ
1372 1078 1433 1113 δόξα
1455 1079 1553 1119 Κυρίου
1568 1081 1598 1109 ἐκ
1612 1081 1658 1108 τοῧ
1671 1078 1752 1107 τόπου
1770 1079 1817 1107 αὔ-

1045 1127 1101 1161 τ’ἥς.
1116 1127 1178 1166 Οὐχ
1190 1125 1230 1155 ὅτι
1244 1125 1325 1155 τόπον
1339 1124 1395 1165 ἔχει
1406 1137 1413 1144 ·
1437 1125 1524 1154 πάντα
1537 1125 1588 1165 γὰρ
1601 1123 1757 1165 περιγράφει
1771 1123 1817 1153 τό·-

1045 1183 1095 1201 πον
1105 1183 1111 1190 ·
1128 1171 1196 1201 ἀλλὰ
1216 1171 1296 1201 τόπον
1314 1173 1385 1201 Θεοῦ
1408 1173 1483 1201 καλεῖ
1497 1170 1546 1206 τὴν
1559 1170 1621 1211 περὶ
1642 1170 1720 1200 αὔτὸν
1733 1169 1816 1204 ἀξίαν.

1047 1212 1122 1251 Εἶδες
1135 1219 1188 1247 τῶν
1200 1217 1338 1258 Χερουὸὶμ
1348 1217 1394 1247 καὶ
1410 1217 1514 1257 φωνήν;
1535 1216 1709 1255 Εὐλογημένη
1723 1218 1740 1252 ἡ
1755 1215 1817 1250 δόξα

1046 1265 1153 1304 Κυρίου.
1166 1264 1218 1294 Καὶ
1229 1264 1303 1294 οὐδὲν
1313 1265 1393 1294 πλέον
1404 1264 1552 1304 ἀνήγγειλε.
1564 1265 1611 1293 Δεῖ
1622 1262 1673 1303 γάρ
1686 1274 1716 1292 σε
1727 1262 1817 1303 κύκλῳ

1045 1312 1221 1350 παρεστῶτα,
1236 1310 1332 1340 εἰδέναι
1341 1310 1375 1339 τὰ
1386 1314 1432 1340 τοῦ
1442 1312 1513 1340 Θεοῦ
1524 1309 1694 1350 καταγγέλια.
1709 1309 1753 1338 Τὰ
1766 1309 1818 1348 γὰρ

1046 1357 1170 1397 Σεραφὶμ
1182 1356 1300 1392 εἱστήκει
1311 1356 1401 1397 κύκλῳ
1413 1358 1501 1386 αὐτοῦ.
1514 1356 1551 1386 Τί
1562 1356 1648 1386 τοίνυν
1657 1358 1748 1396 μαθεῖν
1762 1357 1819 1385 ἐστι

1046 1405 1109 1443 παρ’
1130 1405 1217 1442 ὗμῶν;
1237 1403 1284 1439 Μὴ
1299 1402 1446 1438 κωλύσητε.
1468 1402 1538 1432 Ἀλλ’
1562 1404 1615 1442 ἐρεῖ
1636 1405 1744 1432 κάκεῖνα
1753 1425 1760 1438 ,
1777 1401 1818 1431 ὅτι

1046 1450 1095 1479 κᾶν
1105 1449 1278 1490 ὑπερέχωμεν
1286 1449 1335 1485 τὴν
1348 1448 1433 1486 ἀξίαν,
1447 1450 1506 1478 ἀλλ’
1520 1449 1730 1488 ἔπιγινώσκομεν
1741 1449 1818 1486 ἡμῶν

1047 1499 1094 1532 τῆς
1114 1496 1215 1537 φύσεως
1235 1495 1295 1529 τοὺς
1311 1495 1401 1535 ὅρους,
1427 1496 1471 1525 καὶ
1493 1497 1543 1535 οὐχ
1568 1495 1761 1535 ὑπερπηδῶμεν
1785 1493 1818 1522 τὰ

1049 1543 1133 1582 μέτρα
1146 1544 1193 1578 τῆς
1204 1542 1325 1582 γνώσεως
1335 1554 1342 1560 ·
1357 1543 1386 1571 οὗ
1399 1539 1671 1581 πολυπραγμονοῦμεν
1685 1542 1761 1580 ἡμῶν
1775 1541 1820 1570 τὸν

1047 1589 1175 1618 κτίσαντα
1185 1612 1193 1625 ,
1207 1590 1236 1618 οὗ
1248 1588 1474 1628 περιεργαζόμεθα
1487 1587 1532 1617 τὸν
1556 1587 1715 1626 τιμήσαντα.
1736 1587 1818 1616 Οἴδα-

1050 1647 1097 1673 μεν
1110 1635 1159 1671 τὴν
1181 1634 1369 1671 ἀκατάληπτον
1392 1634 1482 1674 φύσιν,
1507 1633 1547 1663 ὅτι
1569 1634 1620 1674 οὐχ
1641 1632 1820 1662 ὓποὸάλλεται

1050 1682 1061 1695 ¹*
1073 1681 1191 1718 ζητήσει,
1202 1682 1232 1710 οὗ
1244 1680 1360 1710 δουλεύει
1368 1681 1502 1720 λογισμῶν
1512 1679 1675 1713 ἀκολουθίαις
1683 1691 1690 1698 ·
1699 1679 1822 1720 ὑπερέχει

1049 1732 1137 1757 πᾶσαν
1152 1729 1218 1766 ὁμοῦ
1239 1727 1284 1757 καὶ
1299 1726 1442 1766 ἀγγελικὴν
1463 1726 1625 1756 κατάστασιν
1646 1726 1691 1755 καὶ
1710 1726 1823 1766 ὑπερκό-

1051 1785 1128 1812 σμιον
1140 1773 1239 1802 ἔννοιαν
1251 1773 1295 1802 καὶ
1308 1778 1397 1802 πᾶσαν
1408 1772 1594 1813 ὖπερουράνιον
1606 1772 1717 1811 δύναμιν
1729 1775 1746 1808 ἡ
1761 1771 1822 1806 δόξα

1051 1822 1097 1849 τοῦ
1110 1819 1347 1860 προσκυνουμένου.
1363 1818 1414 1848 Διὰ
1427 1821 1505 1848 τοῦτο
1518 1818 1563 1848 καὶ
1576 1821 1654 1857 ἡμεῖς
1673 1820 1723 1858 οὐχ
1744 1820 1825 1858 ὓπερ-

1052 1869 1176 1909 ὃαίνομεν
1198 1869 1258 1904 τοὺς
1276 1870 1361 1910 ὅρους.
1385 1870 1463 1910 Ὀὐχ
1480 1869 1596 1910 ὗπερέὸη
1615 1869 1649 1899 τὰ
1671 1869 1824 1909 Χερουὸὶμ,

1069 1980 1162 2009 Μωϋσῇ·
1171 1979 1262 2004 ποίησον
1273 1978 1386 2010 Χερουίῗιμ
1396 1978 1434 2001 καὶ
1445 1973 1644 2010 Σιραρίμ.Ερίει.
1655 1977 1663 1999 4
1676 1975 1788 2007 Gregorii
1802 1976 1825 1999 [l

1069 2013 1101 2038 ad
1111 2014 1222 2039 Leonem
1230 2015 1354 2039 Isaurum.
1364 2013 1467 2039 Accedit
1477 2013 1612 2047 huc‚quod
1620 2015 1706 2039 notavi
1718 2014 1751 2039 ad
1761 2015 1827 2040 Con—

1069 2055 1122 2078 stit.
1131 2055 1230 2085 Apost„
1242 2052 1379 2078 Cherubim
1390 2060 1416 2079 et
1427 2053 1559 2086 Seraphim
1571 2053 1692 2079 confundi
1701 2053 1769 2086 apud
1776 2055 1828 2089 Cy-

1069 2091 1152 2118 rillum
1163 2091 1421 2126 Hierosolymitanum
1432 2093 1564 2119 Catechesi
1573 2096 1744 2128 mystagogica
1754 2095 1778 2124 5,
1789 2094 1829 2118 cui

1070 2140 1137 2156 nunc
1148 2130 1228 2156 addas
1239 2131 1313 2157 velim
1327 2138 1379 2157 tum
1390 2134 1565 2165 cognominem
1577 2132 1829 2159 Alexandrinum'lib.

1071 2173 1085 2196 9
1098 2177 1124 2196 et
1137 2172 1167 2196 40
1179 2170 1212 2196 de
1226 2171 1379 2196 Adorntione
1389 2171 1416 2196 in
1427 2172 1523 2205 Spiritu
1532 2179 1558 2198 et
1569 2174 1685 2205 veritate,
1700 2172 1742 2198 ubi
1753 2175 1829 2199 etiam

1071 2211 1167 2236 nomini
1176 2210 1308 2243 Seraphim
1320 2210 1367 2236 dat
1375 2213 1607 2245 interpretationem
1618 2213 1727 2238 nominis
1737 2213 1832 2239 Cheru-

1072 2249 1134 2283 bim,
1147 2258 1204 2274 cum
1217 2252 1308 2275 rectius
1326 2256 1502 2284 interpretetur
1511 2251 1545 2277 ad
1558 2251 1628 2277 lsaiae
1637 2259 1714 2285 caput
1726 2254 1750 2285 6,
1762 2259 1787 2277 et
1798 2252 1831 2278 nd

1071 2289 1176 2314 Joannis
1185 2291 1193 2314 4
1201 2291 1273 2321 2,44,
1281 2295 1334 2314 tum
1346 2291 1502 2316 narrationes
1513 2290 1545 2315 de
1558 2293 1700 2317 inventione
1707 2292 1831 2325 S.crucis‚

1073 2328 1141 2361 apud
1157 2330 1301 2355 Gretserum
1314 2339 1337 2355 c.
1349 2331 1422 2361 4697,
1433 2332 1506 2363 4706,
1521 2332 1594 2363 4707,
1608 2333 1682 2363 4744,
1697 2337 1752 2356 turn
1765 2333 1833 2356 Ana-

1074 2368 1179 2393 siusium
1198 2369 1322 2394 sinaitam
1336 2370 1366 2394 42
1380 2370 1405 2394 ἰη
1420 2368 1625 2402 Hexahemeron3
1645 2375 1699 2394 tum
1725 2369 1833 2403 denique

1074 2407 1237 2434 Theodorum
1251 2408 1428 2441 Prodromum,
1443 2408 1468 2434 in
1479 2408 1570 2434 eodem
1585 2409 1704 2434 Gretsero
1719 2418 1742 2434 c.
1759 2411 1832 2435 2569.

1075 2447 1152 2478 Quod
1171 2454 1255 2472 autem
1275 2447 1324 2473 hoc
1342 2449 1368 2473 in
1387 2447 1444 2473 loco
1464 2447 1660 2481 chrysostomus
1682 2448 1835 2481 Seraphiuos

1075 2483 1154 2519 pontit
1164 2496 1238 2520 supra
1254 2485 1425 2518 Cherubinos‚
1438 2486 1560 2513 Oratione
1573 2496 1632 2512 vero
1648 2489 1722 2513 tertia
1741 2487 1775 2513 de
1791 2489 1836 2514 In-
1878 2482 1890 2505 *¹

1075 2525 1295 2558 comprehensibili
1311 2533 1400 2551 contra
1419 2526 1509 2558 saciat,
1525 2535 1602 2559 quum
1620 2526 1744 2552 rationem
1759 2526 1834 2552 dahi-

1077 2564 1150 2589 mus?
1165 2565 1268 2590 Scilicet
1286 2566 1312 2590 in
1331 2574 1358 2590 re
1375 2564 1508 2590 arbitraria
1527 2571 1553 2589 et
1570 2566 1680 2598 incerta,
1703 2566 1835 2591 tarint-ionii

1076 2604 1201 2637 opinionis
1208 2604 1291 2630 locum
1303 2614 1364 2629 esse-
1372 2605 1450 2630 Porro
1460 2613 1489 2629 ex
1497 2604 1618 2629 Oratione
1630 2606 1723 2631 Nicetze
1732 2599 1836 2639 Paphla—

1077 2645 1147 2677 gonis
1159 2645 1184 2668 in
1206 2643 1304 2669 laudern
1318 2643 1493 2669 Bartholomaei
1509 2640 1614 2676 apostoli
1623 2665 1629 2676 ‚
1642 2645 1778 2670 Novissimi
1789 2647 1838 2670 Λιι-
1888 2659 1890 2661 ·
