1890 2826
680 178 725 202 DE
751 179 1012 203 CONSOLATIONE
1037 181 1174 205 MORTIS.

29 255 41 270 e
51 249 140 277 perten-
153 247 229 281 peto,
242 239 460 271 consuetudinem
474 242 594 280 requiro.
610 240 640 271 Si
656 248 764 281 propter
779 241 837 270 haec
850 242 897 270 tri-

20 287 65 301 ⁸⁸¹⁸·
154 285 224 317 stitia
238 287 368 324 afficeris,
383 298 472 316 errore
482 287 589 317 duceris
598 311 607 324 ,
620 298 672 317 non
685 288 787 317 ratione
799 289 895 328 guber-

151 333 233 363 naris.
248 334 323 364 Scire
333 333 404 363 enim
415 333 495 364 debes
504 356 512 371 ,
528 334 592 374 quia
606 334 756 371 Dominus,
768 334 816 373 qui
825 334 894 364 hauc

150 379 259 409 dederat
278 379 478 410 delectationem
491 402 498 416 ,
520 374 585 409 dare
603 386 690 420 potest
702 386 729 409 et
747 380 828 410 aliam
840 391 890 421 po—

149 427 261 464 tiorem,
281 429 292 442 ¹³
312 433 339 456 et
361 426 409 465 qui
433 426 483 455 tibi
497 426 566 456 hanc
578 426 671 455 intulit
689 426 871 456 necessitatem
883 450 890 462 ‚

149 473 283 503 sufficiens
296 480 336 503 est
349 484 398 514 per
410 474 493 503 aliam
506 472 670 503 occasionem
685 474 820 514 supplere.
833 475 893 504 Uti-

150 519 251 548 litatem
265 530 329 549 vero
340 542 348 557 ,
362 520 432 549 sicut
444 527 518 549 tuam
531 519 607 549 vides
617 542 627 555 ,
639 519 721 549 debes
734 527 759 549 et
773 520 831 560 ejus
845 521 892 559 qui

17 576 86 605 “P-4·
102 565 291 596 11.defunctus
311 573 350 595 est
362 566 478 606 cogitare
489 579 498 596 ε
511 566 574 605 quia
588 566 627 596 sic
641 566 665 596 ei
677 567 787 596 forsitan
809 578 892 607 expe-

32 623 38 629 ·
149 611 257 649 diebat,
273 612 340 641 sicut
354 613 484 653 scriptum
497 620 555 642 est:
575 614 687 653 Raptus
699 620 759 650 est,
775 625 811 643 ne
828 625 893 643 ma-

149 658 216 687 litia
235 664 362 687 mutaret
378 661 440 699 ejus
462 659 651 689 intellectum.
672 660 792 689 Placita
816 662 893 690 enim

149 711 212 734 erat
232 705 297 734 Deo
316 707 417 735 anima
435 708 515 746 ejus,
539 707 663 747 ideoque
678 709 844 746 properavit
857 708 894 736 de

108 747 111 749 i
151 754 248 783 media
258 754 414 793 iniquitate
422 754 545 783 educere
556 763 633 783 eum.
649 755 691 784 De
702 754 894 784 consuetudine

152 806 240 829 autem
253 799 320 839 quid
331 799 420 830 dicam
430 823 438 838 ,
452 799 466 818 ‘¹
477 811 559 839 quam
573 800 639 830 dum
658 807 764 841 tempus
780 800 819 830 sic
831 801 895 831 facit

107 848 144 867 ³⁰³
153 845 288 882 oblivisci,
301 853 330 876 ut
341 856 487 886 numquam
497 847 578 876 fuisse
585 846 730 877 videatur?
739 847 820 884 Quod
832 858 896 888 ergo

153 899 258 932 tempus
272 899 379 932 praestat
397 899 423 922 et
438 892 497 922 dies
507 915 514 929 ,
535 892 621 922 multo
639 893 724 933 magis
737 893 816 923 debet
828 894 896 924 ratio

153 945 179 967 et
199 937 269 967 bona
290 945 416 978 praestare
429 938 565 979 cogitatio.
580 939 617 969 Et
630 939 674 968 vel
695 939 767 969 illud
779 940 896 970 maxime

153 983 325 1024 cogitandum
335 991 375 1014 est
384 1007 392 1020 ,
406 984 480 1024 quod
493 985 586 1015 divina
601 996 651 1025 per
664 986 815 1026 apostolum
835 997 895 1015 sen-

20 1039 90 1068 4,(Ιω.
102 1046 125 1069 7.
152 1030 233 1060 tentia
251 1030 396 1067 diffinivit,
415 1032 493 1071 Quia
514 1033 634 1061 tristitia
656 1033 758 1061 mundi
776 1039 895 1062 mortem

5 1078 39 1093 ¹⁰⁴
152 1083 297 1115 operatur.
310 1077 392 1115 Quod
405 1077 428 1106 si
442 1078 651 1111 tamroblectatio
663 1101 671 1116 ,
690 1089 771 1117 quam
793 1079 896 1110 utilitas

151 1133 267 1163 praesens
279 1145 287 1160 ,
313 1123 371 1152 sive
391 1124 556 1153 consuetudo
566 1147 574 1160 ‚
596 1135 638 1154 res
659 1125 753 1155 mundi
782 1134 845 1157 sunt
870 1134 896 1157 et

152 1169 250 1209 gaudia
273 1170 365 1199 saeculi
388 1170 542 1200 transitoria
553 1193 561 1207 ‚
572 1171 686 1212 'propter
705 1172 762 1202 haec
774 1173 894 1203 animum

152 1215 266 1256 dejicere
274 1238 282 1252 ‚
294 1223 321 1245 ct
331 1216 459 1256 spiritum
472 1217 625 1246 contristari
637 1240 645 1255 ‚
661 1217 724 1247 vide
737 1229 771 1248 ne
784 1219 819 1249 sit
832 1230 895 1250 vere

152 1262 287 1291 mortifera
299 1262 434 1292 valetudo.
451 1264 584 1303 Repetens
594 1270 683 1293 autem
700 1264 798 1294 iterum
816 1273 896 1305 atque

16 1322 64 1343 bid.
152 1309 250 1337 iterum
273 1308 360 1338 dicam
372 1321 380 1338 ε
409 1309 487 1348 Quia
507 1310 626 1339 tristitia
647 1311 750 1339 mundi
768 1319 890 1341 mortem

62 1365 144 1387 Tri-u-
153 1361 299 1394 operatur.
323 1355 413 1391 Quare
433 1361 521 1384 autem
532 1362 646 1384 mortem
659 1363 786 1396 operatur
794 1357 808 1386 Ρ
822 1358 894 1395 Quia

0 1393 41 1449 32:¹¹.
49 1404 143 1448 maz:
153 1401 219 1430 solet
240 1400 324 1430 nimia
336 1401 443 1430 tristitia
456 1408 503 1431 aut
521 1401 556 1430 ad
573 1401 769 1432 dubitationem
777 1426 787 1440 ,
802 1410 847 1433 aut
860 1404 895 1434 ad

0 1463 114 1488 operetur.
153 1448 328 1488 perniciosam
340 1447 488 1488 perducere
501 1448 708 1489 blasphemiam.

25 1507 108 1528 Luciu-
118 1508 145 1528 fl,
193 1496 222 1524 4.
236 1494 289 1525 Sed
298 1494 369 1524 dicet
381 1494 497 1534 aliquis:
514 1495 644 1524 Prohibes
657 1495 750 1534 lugere
763 1503 894 1534 mortum,

1 1540 144 1591 {zirimx'ffl
153 1551 215 1570 cum
229 1548 255 1571 et
266 1541 423 1581 patriarchae
437 1541 535 1581 plorati
545 1547 618 1578 sunt,
633 1548 659 1571 et
671 1543 780 1582 Moyses
794 1543 839 1572 ille
852 1543 894 1572 sa-

2 1600 84 1622 neuun.
154 1587 246 1616 mulus
258 1587 327 1625 Dei,
342 1594 368 1616 et
380 1587 460 1616 multi
477 1587 575 1616 deinde
588 1587 735 1627 prophetas,
750 1589 896 1628 praesertim

2 1645 56 1667 1011.
71 1651 91 1667 ι,
104 1650 141 1667 20,
153 1643 215 1662 eum
235 1633 288 1663 Job
307 1644 414 1672 quoque
432 1633 598 1673 justissimus
614 1640 714 1663 vestem
725 1644 801 1663 suam
814 1645 895 1675 supra

152 1679 272 1708 filiorum
298 1679 458 1709 consciderit
479 1690 570 1709 necem
582 1680 596 1709 Ξ)
614 1681 675 1709 Non
694 1691 744 1720 ego
764 1681 895 1721 prohibeo

152 1724 244 1764 lugere
256 1732 375 1755 mortuos
386 1747 394 1761 ,
407 1724 453 1754 sed
468 1726 586 1765 gentium
607 1726 775 1756 illuminator
786 1734 894 1767 aposto-

8 1779 141 1809 =.Thess.2.
152 1771 211 1808 lus,
237 1772 286 1811 qui
304 1772 343 1802 sic
357 1773 394 1802 ait
405 1785 413 1801 ε
435 1773 515 1802 Nolo
533 1783 588 1803 vos
606 1775 757 1813 ignorare,
761 1775 892 1813 fratres,

5 1817 41 1851 ³²-
152 1820 189 1848 de
209 1820 418 1849 dormientibus
430 1841 438 1855 ,
461 1826 491 1849 ut
504 1830 564 1849 non
577 1821 800 1856 contristemini,
820 1822 896 1850 sicut

152 1868 204 1906 qui
216 1876 294 1906 spem
307 1876 366 1896 non
383 1867 503 1896 habent.
517 1867 579 1896 Non
593 1873 678 1906 potest
691 1867 823 1907 evangelii
836 1867 894 1897 cla-

151 1913 216 1942 ritas
229 1913 382 1948 obscurari,
398 1913 421 1943 si
434 1913 453 1942 ii
466 1913 514 1952 qui
532 1920 593 1942 ante
605 1913 692 1953 legem
702 1936 709 1949 ,
725 1921 771 1943 aut
783 1914 834 1943 sub
853 1914 894 1943 le-

151 1959 194 1998 gis
213 1959 307 1988 umbra
326 1959 406 2000 positi
426 1960 547 1996 fuerant,
568 1970 630 1988 suos
649 1967 768 1989 mortuos
782 1960 891 1990 flebant.

152 2006 188 2036 Et
199 2007 294 2036 merito
312 2006 428 2042 flebant,
442 2006 506 2045 quia
519 2005 640 2035 nondum
658 2005 692 2034 de
706 2006 776 2035 caelis
786 2013 895 2036 venerat

151 2053 287 2090 Christus,
299 2053 346 2092 qui
361 2054 460 2082 fontem
473 2053 552 2082 illum
564 2055 742 2092 lacrymarum
751 2063 800 2082 sua
811 2063 895 2082 resur-

152 2099 268 2128 rectione
279 2099 399 2129 siccavit.
413 2099 511 2129 Merito
521 2099 634 2135 flebant,
646 2098 710 2137 quia
722 2093 811 2127 adhuc
825 2109 896 2127 mor-

152 2144 186 2174 tis
199 2146 326 2175 sententia
339 2146 521 2186 permanebat.
544 2146 642 2175 Merito
664 2145 893 2182 lamentabantur,
913 2161 916 2163 -

151 2190 214 2228 quia
227 2191 344 2220 nondum
357 2191 515 2220 resurrectio
525 2190 732 2231 praedicabatur.
748 2191 897 2231 Sperabam

152 2238 263 2277 quidem
286 2238 370 2267 sancti
394 2236 494 2277 quique
520 2237 666 2268 adventum
694 2237 823 2274 Domini,
849 2237 896 2267 sed

152 2291 271 2313 mortuos
292 2283 399 2312 interim
420 2284 538 2321 flebant,
554 2284 618 2322 quia
631 2283 752 2313 nondum
773 2283 897 2313 viderant

151 2341 231 2369 quem
252 2329 402 2370 sperabant.
424 2329 546 2369 Denique
558 2330 666 2360 Simeon
680 2340 750 2359 unus
763 2329 798 2359 de
820 2337 896 2360 vete—

185 2431 195 2443 t
212 2423 292 2448 Aliam
301 2422 434 2447 lectionem
443 2421 520 2447 habet
530 2421 615 2447 Editio
626 2428 752 2455 postrema
764 2423 908 2456 Augustini,

152 2470 242 2494 nempe
250 2464 376 2496 potiorem,
391 2467 416 2486 et
427 2461 599 2486 necessitatem
607 2461 705 2496 sufficit
713 2461 768 2486 alia
779 2462 910 2486 occasione

152 2502 252 2535 replere.
271 2501 414 2526 Utilitatem
430 2506 480 2526 etc.
492 2499 542 2526 Sed
556 2499 708 2532 praeferenda
722 2499 820 2526 videtur
832 2500 909 2526 altera

153 2541 227 2567 lectio
239 2549 293 2575 quoe
306 2542 331 2567 in
343 2540 581 2575 margine-affertur.

186 2588 199 2607 ἃ
217 2589 293 2613 Forte
304 2586 392 2612 melius
403 2593 479 2619 quam
492 2583 614 2609 intentum
625 2588 728 2615 tempus.

304 2631 377 2649 Tom.
400 2629 443 2647 vi.

1626 175 1692 222 557

954 242 1032 272 ribus
1045 244 1156 281 sanctis,
1172 245 1217 283 qui
1237 246 1314 285 prius
1327 248 1412 277 suerat
1425 247 1459 276 de
1473 258 1520 277 sua
1540 256 1624 278 morte
1637 249 1692 278 sol-

948 287 1050 326 licitus,
1061 296 1203 328 postquam
1217 292 1308 321 Jesum
1321 293 1469 323 Dominum
1480 293 1569 324 adhuc
1579 305 1692 334 puerum

948 333 1097 363 secundum
1118 346 1223 365 carnem
1245 339 1362 378 suscepit
1383 339 1410 368 in
1433 339 1558 368 manibus
1568 362 1576 376 ‚
1598 339 1632 368 de
1645 351 1693 370 suo

947 379 1022 409 exitu
1033 381 1183 419 gratulatur
1197 382 1297 419 dicens,
1307 386 1396 414 Nune
1406 385 1539 421 dimittis,
1554 385 1690 423 Domine,
1702 395 1757 417 Luc.
1771 402 1792 418 2.
1804 403 1842 425 29.

947 435 1063 455 seroum
1095 433 1174 456 tuum
1193 429 1225 455 in
1251 439 1324 468 pace
1333 453 1340 467 ,
1356 433 1428 470 quia
1453 431 1594 459 viderunt
1616 432 1693 460 oculi
1703 425 1740 449 3⁰·

948 471 1006 500 mei
1016 471 1147 501 salutare
1167 478 1259 503 tuum.
1274 476 1299 504 O
1313 476 1406 505 beatus
1420 475 1466 505 ille
1480 476 1587 506 Simeon
1599 475 1606 505 l
1622 477 1692 514 Quia

946 516 1018 555 quod
1030 518 1155 557 sperabat
1172 518 1275 548 viderat
1287 543 1294 557 ,
1317 521 1374 560 jam
1388 528 1500 551 mortem
1511 532 1587 551 suam
1602 532 1692 562 pacem

946 570 971 592 et
997 565 1114 603 requiem
1128 566 1308 605 computabat.
1323 567 1377 597 Sed
1389 567 1479 597 dices:
1492 569 1562 597 Ecce
1572 567 1600 596 in
1614 578 1694 598 evan·
1704 577 1758 599 Luc.
1768 576 1791 600 8.
1804 578 1841 601 51.

947 610 1018 650 gelio
1038 611 1155 651 legitur,
1180 612 1384 653 archisynagogi
1402 614 1531 653 ploratam
1546 615 1648 653 filiam,
1669 623 1694 645 et

946 668 1050 688 sorores
1071 659 1165 688 Lazari
1184 661 1315 690 Lazarum
1337 661 1452 691 flevisse.
1468 661 1522 692 Sed
1542 662 1584 691 illi
1605 662 1693 693 adhuc
1702 674 1770 696 Joan.
1786 681 1821 696 11.

947 703 1094 733 secundum
1106 712 1223 734 veterem
1236 706 1322 745 legem
1332 706 1487 746 sapiebant,
1504 707 1567 745 quia
1578 707 1694 738 necdum
1703 705 1741 728 3¹·

947 761 961 779 a
987 750 1100 780 mortuis
1126 751 1265 781 Christum
1289 752 1467 782 resurrexisse
1490 761 1692 793 conspexerant.

946 796 1036 828 Flevit
1045 797 1125 837 plane
1137 804 1164 827 et
1176 797 1234 838 ipse
1248 798 1382 827 Dominus
1394 800 1526 828 Lazarum
1535 799 1593 839 jam
1606 801 1694 840 sepul-
1723 807 1769 829 Cur
1780 807 1845 828 cini-

945 851 1015 881 tum,
1027 855 1081 874 non
1095 846 1190 885 utique
1205 853 1234 875 nt
1248 846 1331 875 flendi
1347 853 1467 876 mortuos
1481 847 1594 877 formam
1607 848 1691 886 daret,
1702 843 1748 891 2:¹2³
1776 840 1845 891 ἓξὲξ·

946 890 994 920 sed
1013 897 1042 920 ut
1055 897 1081 921 et
1096 902 1124 920 se
1143 902 1192 932 per
1205 893 1338 933 lacrymas
1352 903 1414 921 suas
1433 903 1527 922 verum
1541 904 1638 934 corpus
1652 905 1693 924 as·
1703 908 1761 923 rum.

944 938 1070 966 sumsisse
1089 945 1258 968 monstraret.
1277 939 1332 970 Vel
1346 946 1416 968 certe
1430 939 1504 969 flevit
1513 943 1524 956 ³
1534 951 1625 970 amore
1638 941 1692 971 hu—

946 994 1025 1013 mano
1039 984 1056 1014 J
1059 983 1164 1022 udaeos‚
1186 985 1250 1024 quia
1272 996 1319 1015 nec
1334 985 1381 1015 tali
1404 986 1479 1025 signo
1494 993 1640 1017 monstrato
1665 989 1692 1017 in

947 1041 1008 1059 eum
1030 1031 1135 1060 fuerant
1147 1032 1288 1061 credituri.
1304 1033 1398 1071 Neque
1421 1033 1492 1062 enim
1505 1043 1576 1062 mors
1598 1035 1693 1064 Lazari

947 1086 1026 1105 causa
1039 1087 1095 1106 esse
1116 1084 1219 1117 poterat
1231 1078 1428 1118 lacrymarum,
1450 1089 1530 1117 quem
1544 1079 1600 1119 ipse
1614 1081 1692 1109 Jesus

946 1131 971 1153 et
984 1124 1145 1155 dormivisse
1165 1124 1289 1164 dixerat,
1304 1133 1330 1156 et
1343 1125 1534 1156 suscitaturum
1548 1137 1575 1156 se
1589 1128 1694 1167 promi·

947 1177 1034 1207 serat,
1049 1170 1120 1201 sicut
1132 1178 1158 1201 et
1172 1171 1244 1201 fecit.

987 1218 1015 1247 5.
1029 1218 1188 1247 Habuerunt
1198 1229 1262 1258 ergo
1275 1225 1377 1249 veteres
1389 1230 1468 1249 suum
1482 1230 1592 1258 morem,
1608 1231 1693 1249 suam-

945 1274 998 1302 que
1007 1264 1178 1304 fragilitatem
1187 1288 1196 1303 ,
1208 1265 1221 1282 ¹²
1232 1266 1334 1296 Christi
1347 1266 1492 1297 adventum
1506 1267 1691 1307 praecedentes.

947 1312 1009 1341 Jam
1033 1322 1096 1342 vero
1119 1323 1153 1342 ex
1173 1324 1226 1352 quo
1249 1314 1374 1344 Verbum
1394 1325 1455 1343 caro
1468 1315 1568 1343 factum
1590 1321 1628 1343 est
1638 1337 1646 1351 ,
1668 1321 1693 1343 et

945 1357 1078 1387 habitavit
1089 1357 1116 1387 in
1131 1358 1219 1396 nohis,
1233 1370 1267 1389 ex
1280 1370 1334 1398 quo
1348 1360 1437 1400 primo
1451 1359 1517 1389 Adae
1530 1359 1619 1389 datam
1633 1370 1692 1388 sen-
1742 1355 1842 1408 ωξζζᾶῒὲξ

946 1403 1056 1432 tentiam
1068 1403 1155 1433 Adam
1168 1406 1331 1435 novissimus
1352 1406 1450 1443 solvit,
1464 1416 1499 1435 ex
1511 1416 1563 1444 quo
1577 1413 1691 1435 nostram
1700 1416 1746 1447 jam
1757 1425 1799 1438 „on
1817 1417 1844 1437 u-

947 1456 1058 1479 mortem
1074 1461 1122 1480 sua
1131 1458 1217 1481 morte
1229 1451 1378 1490 destruxit,
1394 1459 1420 1482 et
1432 1452 1466 1482 ab
1481 1452 1571 1481 inferis
1583 1452 1626 1481 die
1639 1459 1692 1481 ter·
1702 1453 1744 1470 ⁰⁰¹·

947 1494 982 1524 tia
1007 1495 1140 1526 Dominus
1165 1498 1328 1535 resurrexit,
1347 1498 1405 1538 jam
1428 1508 1481 1527 non
1505 1505 1544 1528 est
1564 1498 1692 1527 terribilis

947 1551 1019 1571 mors
1032 1541 1176 1572 fidelibus:
1190 1554 1243 1573 non
1257 1543 1366 1573 timetur
1377 1555 1502 1581 occasus,
1515 1544 1577 1583 quia
1595 1543 1691 1574 Oriens

947 1588 1021 1618 venit
1043 1599 1077 1619 ex
1095 1589 1159 1619 alto.
1173 1590 1278 1620 Clamat
1297 1590 1355 1631 ipse
1373 1590 1505 1620 Dominus
1521 1590 1568 1629 qui
1585 1590 1690 1618 mentiri

947 1635 1046 1665 nescit:
1061 1637 1127 1677 Ego
1141 1648 1221 1675 sum,
1236 1637 1342 1677 inquit,
1364 1639 1535 1667 resurrectio
1557 1643 1586 1666 et
1607 1638 1689 1665 vita:
1700 1640 1771 1662 Joan·
1784 1645 1821 1661 ¹¹·

947 1685 998 1723 qui
1009 1684 1100 1714 credit
1113 1687 1143 1714 in
1156 1696 1211 1723 me,
1220 1687 1337 1715 etiamsi
1345 1691 1473 1714 mortuus
1472 1685 1583 1726 fuerit,
1591 1686 1688 1713 vivet:
1702 1671 1739 1693 ²⁵⁴
1751 1671 1788 1693 ²6'

946 1735 975 1758 et
994 1731 1088 1760 omnis
1109 1732 1163 1770 qui
1188 1733 1263 1761 vivit
1286 1738 1314 1760 et
1333 1732 1424 1760 credit
1443 1733 1474 1759 in
1493 1740 1554 1767 me,
1572 1736 1692 1759 mortem

948 1785 1008 1804 non
1020 1776 1135 1805 videbit
1153 1779 1186 1806 in
1206 1784 1356 1807 aeternum.
1373 1776 1515 1805 Manifesta
1528 1782 1583 1812 est,
1598 1776 1692 1804 fratres

946 1821 1095 1859 carissimi,
1118 1833 1174 1853 vox
1187 1823 1297 1860 divina,
1314 1823 1376 1862 quia
1395 1822 1443 1861 qui
1464 1821 1550 1851 credit
1563 1820 1670 1851 Christo
1682 1843 1690 1857 ,

946 1874 972 1897 et
985 1868 1043 1907 ejus
1055 1869 1180 1899 mandata
1194 1870 1321 1907 custodit,
1332 1870 1356 1899 si
1368 1876 1490 1898 mortuus
1501 1865 1592 1904 fuerit,
1604 1867 1686 1897 vivet.

946 1914 1021 1944 Hanc
1035 1925 1128 1945 vocem
1147 1916 1241 1946 beatus
1261 1916 1362 1946 Paulus
1381 1914 1516 1955 apostolus
1538 1913 1670 1953 accipiens
1682 1936 1689 1950 ,

947 1966 972 1989 et
987 1961 1049 1990 totis
1063 1961 1128 1991 fidei
1142 1962 1246 1992 viribus
1257 1962 1390 1998 retinens,
1412 1961 1559 1990 instruebat
1571 1973 1577 1990 ς
1593 1961 1689 1995 Nolo,
1704 1956 1838 1987 ¹›T71255-*i-

946 2005 1044 2044 inquit,
1059 2018 1115 2037 vos
1125 2009 1272 2048 ignorare,
1278 2009 1394 2049 fratres
1405 2031 1412 2045 ‚
1426 2008 1462 2036 de
1474 2007 1689 2041 dormientibus,
1703 1997 1738 2012 '²'

947 2059 980 2082 ut
992 2065 1052 2083 non
1063 2057 1158 2085 tristes
1170 2058 1242 2086 sitis.
1253 2057 1277 2086 Ο
1289 2056 1355 2085 mira
1369 2055 1481 2095 apostoli
1491 2053 1689 2094 pronuntiatio!

948 2102 959 2115 ‘³
982 2100 1044 2129 Uno
1069 2111 1190 2132 sermone
1199 2125 1209 2138 ‚
1225 2109 1365 2140 antequam
1386 2100 1535 2130 doctrinam
1557 2100 1670 2139 proferat
1683 2122 1690 2134 ,

947 2147 1168 2177 resurrectionem
1189 2147 1368 2178 commendat.
1390 2146 1558 2176 Dormientes
1579 2155 1692 2183 namque

949 2194 1069 2234 appellat
1086 2193 1149 2223 illos
1159 2216 1167 2231 ,
1183 2194 1230 2233 qui
1243 2193 1342 2223 mortui
1354 2199 1415 2221 sunt
1423 2215 1432 2228 ,
1454 2198 1483 2220 ut
1497 2191 1562 2220 dum
1575 2190 1692 2219 dormire

948 2250 993 2269 eos
1003 2239 1079 2276 dicit,
1091 2246 1287 2269 resurrecturos
1298 2239 1355 2267 sine
1365 2237 1531 2266 dubitatione
1545 2236 1690 2274 consignet.

948 2286 1018 2315 Non
1028 2307 1036 2322 ‚
1066 2285 1155 2324 inquit
1166 2308 1173 2322 ,
1198 2287 1294 2314 tristes
1317 2285 1380 2313 sitis
1402 2284 1438 2312 de
1463 2282 1689 2315 dormientibus,

949 2333 1024 2361 sicut
1043 2338 1072 2362 et
1094 2333 1200 2361 caeteri.
1222 2330 1277 2367 Qui
1291 2340 1365 2369 spem
1378 2338 1431 2357 non
1446 2327 1543 2356 habent
1557 2348 1565 2363 ,
1590 2324 1691 2354 contri-

969 2431 979 2443 ²
998 2423 1044 2448 Ms.
1057 2422 1213 2448 corbeiensis
1223 2429 1288 2445 more
1301 2420 1418 2444 humano.

969 2464 982 2483 Ι)
999 2464 1044 2487 Ms.
1056 2460 1212 2487 corbeiensis
1227 2459 1320 2484 Christi
1329 2458 1438 2482 aduentu
1447 2454 1578 2488 pendente.

971 2510 981 2521 ο
999 2501 1067 2526 Editi
1079 2500 1181 2534 quidam
1194 2507 1243 2523 uno
1254 2504 1363 2521 sermone
1378 2501 1404 2519 αι
1415 2500 1543 2525 utramque
1555 2492 1692 2517 doctrinam

937 2540 1057 2573 proferat.

1519 2611 1553 2638 24
