1904 2840
655 204 686 226 ΙΝ

714 203 920 228 MATTHAEUM.
947 203 1064 227 nomn.
1093 203 1125 227 V.

1583 205 1653 240 779

120 278 136 297 a
154 265 263 298 diaholo
279 265 431 297 duceretur-
452 264 573 304 Ergojn
592 271 718 303 sequente
739 264 856 299 Domino
874 266 892 290 Δ
909 264 966 294 vit:
977 264 1024 297 sed
1034 271 1139 297 tantum
1149 264 1222 295 dixit
1234 276 1242 295 ε
1255 264 1333 297 Mitte
1343 271 1368 295 te
1376 263 1513 301 deorsum,
1529 266 1552 296 si
1566 278 1594 297 es
1607 269 1652 298 Fi-

118 315 171 336 non
181 303 386 342 infirmitas‚aed
398 304 525 344 patientia
537 311 592 339 em
606 304 633 333 in
644 303 757 335 ducente
767 310 857 332 autem

116 345 226 376 diabolo
236 356 289 376 non
301 345 400 380 virtus,
412 343 460 375 sed
471 344 597 384 superbia
609 350 667 373 est:
681 343 746 382 quia
759 343 855 373 voleu-

116 391 171 415 tem
189 384 326 416 Christum
345 394 397 415 non
410 383 571 423 intelligens,
585 383 662 422 quasi
675 383 791 412 invitum
803 382 856 413 du·-

117 424 258 455 oebatJtle
268 424 366 455 ductus
373 430 424 458 est,
434 430 464 452 ut
470 431 518 453 nos
523 423 687 454 voluntatem
695 422 796 452 diaboli
803 432 856 451 non

118 474 271 503 sequamur.
293 465 335 494 Ee
351 465 455 493 statuit
474 467 543 493 eum'
559 473 646 502 supra
665 462 856 501 pinnaculum

118 503 229 543 catapli.
243 503 298 534 Sed
309 504 378 534 forte
390 502 549 542 cogitamus.
565 513 620 541 quo
628 501 708 532 modo
721 502 748 531 in
763 511 856 540 corpo-

117 553 147 572 re
156 544 343 579 constitutum,
358 542 483 574 omnihus
497 542 653 572 videntibus
668 541 761 571 statuit
776 541 856 572 illum

116 593 198 622 super
211 582 363 622 templum?
371 581 411 612 ,Si
425 582 568 621 potentiam
582 580 693 611 Christi.
704 580 857 611 considera-

117 632 188 658 mus,
211 621 393 662 intelligibilia
415 621 590 651 inveniuntur
612 619 710 652 omnia.
732 620 856 651 Forsitan

117 661 189 691 enim
199 661 336 698 diabolus,
348 668 479 700 quantum
485 660 520 690 ad
527 671 567 697 se,
575 660 614 691 sic
622 670 685 689 eum
693 659 855 696 assumebat,

120 708 149 731 ut
155 701 191 731 ab
200 701 326 731 omuibus
335 701 474 731 videretur
484 713 491 730 :
501 701 558 740 ipse
570 706 660 734 autem
665 699 795 732 nesciente
801 699 857 729 dia-

120 740 181 770 bolo
196 740 369 771 invisibiliter
388 739 427 769 sic
440 740 544 778 agebat,
563 746 592 768 ut
605 748 621 767 a
631 739 734 770 nemine
748 739 854 770 videre-

0 789 24 804 t·
33 780 57 812 4-
68 781 106 803 30·
119 786 163 809 tur
175 792 182 808 e
195 781 265 809 sicut
277 781 407 820 seriptum
419 786 459 811 est
468 779 502 810 de
510 781 627 818 eozlpse
637 785 734 810 autem
742 780 858 809 transiit

115 830 169 887 fier
180 820 306 849 medium
316 829 426 855 eorum,
435 825 463 849 et
472 820 544 849 abiit
552 820 604 849 sic.
615 819 645 850 Si
654 818 724 848 enim
732 819 858 850 Habacuc

910 303 964 333 lius
986 304 1037 333 Dei
1054 316 1060 332 :
1076 311 1107 334 ut
1118 304 1243 341 sciamus,
1267 305 1332 343 quia
1351 305 1449 341 omnis,
1472 305 1519 345 qui
1538 307 1651 338 obaudit

909 341 1028 379 diabole,
1041 343 1098 383 ipse
1116 354 1144 372 se
1155 343 1267 383 deponit
1287 344 1424 375 deorsum.
1442 346 1510 377 Nam
1524 346 1650 377 diabolus

909 381 944 410 ad
953 382 1054 412 malum
1065 382 1165 412 hortari
1177 390 1271 423 potest,
1281 394 1373 423 cogere
1384 391 1471 414 autem
1485 395 1538 415 non
1551 393 1647 426 potest.

907 421 1051 460 Scriptum
1060 429 1102 452 est
1112 423 1186 452 enim
1196 435 1207 452 .-
1220 425 1365 463 Quoniam
1373 425 1485 464 angelis
1495 428 1555 455 suis
1565 436 1648 455 ηιιιη-
1658 430 1726 452 Psnl.
1743 437 1784 460 90.

908 461 990 490 davit
998 462 1036 492 de
1048 468 1124 498 te,ut
1136 460 1168 491 in
1179 464 1314 492 manibus
1328 463 1435 499 tollant
1449 471 1488 494 te.
1496 465 1646 503 Odiabole,
1661 468 1698 484 ¹¹·

907 500 1042 538 quomodo
1055 501 1144 532 Filius
1157 502 1208 540 Dei
1219 502 1376 542 angelorum
1390 504 1514 534 manibus
1526 512 1648 544 portatur

906 539 1006 579 legisti,
1018 541 1115 579 etquia
1129 552 1211 580 super
1224 552 1252 571 as
1273 541 1344 571 idem
1358 549 1383 571 et
1395 542 1550 573 basiliscum
1564 546 1649 576 calcat
1661 547 1719 569 [tut.
1729 554 1748 568 V·
1762 544 1798 567 ¹3·

907 589 960 609 non
973 580 1083 617 legisti?
1096 580 1150 610 Sed
1161 591 1257 620 exemp
1271 591 1316 611 um
1329 581 1399 611 illud
1413 583 1520 621 quidem
1536 585 1646 623 profert,

906 619 983 657 quasi
1002 620 1136 659 superbus
1152 632 1158 648 :
1174 619 1225 649 hoc
1236 626 1324 650 autem
1338 627 1416 657 tacet,
1430 622 1508 660 quasi
1530 631 1644 654 astutus.

906 659 975 688 Nam
986 666 1011 688 et
1026 669 1088 690 vere
1108 659 1198 689 Filius
1210 659 1261 689 Dei
1279 660 1437 699 angelorum
1457 662 1582 692 manibus
1595 675 1648 694 non

907 704 1040 738 portatur,
1052 697 1099 728 sed
1112 698 1170 739 lpse
1178 699 1264 738 magis
1277 700 1385 739 angelos
1393 707 1493 739 portat.
1508 703 1563 731 Nec
1577 704 1649 734 enim

907 744 1027 767 creatura
1035 740 1124 778 portat
1133 739 1298 775 Creatorem,
1311 739 1358 768 sed
1367 741 1477 770 Creator
1488 749 1647 773 creaturam.

907 777 938 807 Si
947 784 1036 806 autem
1046 785 1166 807 creatura
1173 778 1275 818 bajulat
1287 778 1441 808 Creatorem
1451 792 1457 808 :
1467 790 1531 820 ergo
1542 783 1652 817 Creator

909 823 1049 855 antequam
1061 817 1157 847 faceret
1179 824 1341 855 creaturam,
1355 829 1370 848 a
1392 829 1446 858 quo
1465 820 1625 859 portabatur
1636 822 1650 850 Ρ

138 869 198 888 omo
206 859 386 889 comtitntnsa
396 858 471 888 nullo
478 858 758 897 estvisus‚quandoab
765 859 859 898 angelo
873 864 892 887 B
909 857 978 885 Nam
987 867 1060 892 vere,
1072 857 1121 887 etsi
1136 864 1257 897 portatur
1275 857 1399 889 manibus
1416 859 1584 898 angelorum,
1597 872 1650 891 non

117 909 166 938 per
173 909 277 928 comam
283 898 378 939 eapitis
387 898 542 943 portabatur
554 898 588 927 de
598 897 693 928 Judaea
708 897 735 927 in
744 898 861 938 Babylo-

117 937 189 967 niam
199 950 207 968 ε
217 945 408 977 quantomagis
417 944 457 966 est
469 937 627 968 credibilius
638 937 672 967 de
683 937 790 968 Christo
806 948 859 967 non

39 987 107 1005 nvn
119 977 201 1007 fuisse
212 977 315 1014 visum,
326 988 390 1006 cum
401 976 494 1006 volens
509 989 525 1007 a
535 977 644 1007 diabolo
656 977 857 1007 assumeretur?

119 1018 161 1046 Et
172 1018 277 1047 statuit
294 1027 360 1046 eum
370 1026 458 1055 supra
475 1017 668 1055 pinnaculum
683 1016 793 1055 templi.
806 1017 858 1048 Co-

119 1056 214 1095 gitavit
220 1056 292 1086 enim
298 1055 407 1101 apudse
418 1055 462 1085 :Si
470 1056 571 1086 miserit
586 1066 614 1086 se
628 1066 676 1094 per
689 1066 787 1090 aerem,
803 1055 859 1084 scio

109 1095 244 1134 qnoniam
250 1102 288 1125 est
296 1095 382 1125 Filius
388 1094 437 1124 Dei
445 1095 515 1125 :sine
521 1095 606 1125 dubio
612 1094 682 1124 enim
689 1095 772 1124 mittet
781 1105 820 1131 se,
829 1101 860 1124 ut

117 1142 292 1175 cognoscatur
298 1134 456 1173 quodest;si
467 1141 556 1164 autem
568 1144 620 1163 non
630 1133 746 1173 potuerit
757 1144 784 1163 se
795 1134 856 1163 mit-

118 1181 188 1210 tere,
199 1174 255 1204 scio
269 1174 396 1212 quoniam
411 1173 492 1203 bomo
505 1180 555 1203 est.
566 1173 642 1204 Sicut
656 1183 720 1212 ergo
733 1173 860 1213 concupi-

118 1214 220 1243 scentia
234 1223 308 1243 vanae
327 1213 419 1253 gloriae
432 1213 490 1252 ipse
502 1213 557 1248 ruit
570 1212 605 1242 de
618 1212 683 1242 caelo
701 1225 707 1241 :
722 1222 783 1242 nam
798 1223 860 1242 eum

118 1259 187 1282 esset
197 1253 319 1291 angelus,
332 1252 425 1282 volens
438 1263 466 1282 se
475 1252 612 1283 ostendere
624 1253 723 1288 Deum,
743 1251 861 1291 perdidit

117 1299 144 1321 et
157 1291 228 1321 illud
239 1291 312 1331 quod
323 1298 389 1328 erat,
402 1291 468 1321 dum
479 1292 567 1322 voluit
579 1302 708 1331 apparere
721 1290 794 1330 quod
807 1302 860 1321 non

118 1338 175 1361 erat
187 1344 195 1360 ε
208 1331 247 1360 sie
257 1331 363 1371 putavit
373 1338 399 1360 et
411 1331 552 1363 Christum
562 1330 775 1370 concupiscentia
785 1341 860 1360 vanae

118 1370 212 1410 gloria
224 1370 297 1400 ferri.
310 1371 380 1400 Nam
394 1371 463 1400 sicut
476 1370 589 1401 difficile
606 1370 724 1408 aliquem
738 1370 858 1410 suspica-

118 1417 164 1439 tur
175 1410 289 1446 malum,
303 1410 351 1448 qui
365 1410 424 1450 ipse
445 1417 486 1440 est
508 1410 596 1441 bonus
608 1422 615 1438 t
629 1409 668 1439 sic
681 1409 793 1439 difficile
807 1409 859 1439 ali-

0 1463 11 1482 a
138 1460 198 1479 uem
219 1449 371 1519 suzpicatur
390 1449 503 1485 bonum,
518 1450 567 1488 qui
579 1449 638 1488 ipse
651 1455 690 1479 est
711 1448 809 1478 malus.
824 1450 860 1479 Et
875 1457 894 1481 c

139 1488 187 1518 icit
197 1489 223 1518 ei
235 1501 242 1518 z
280 1511 286 1517 .
301 1489 332 1519 Si
344 1489 442 1519 Filius
457 1490 515 1518 Det
528 1499 568 1525 es,
580 1490 661 1519 mitte
674 1495 702 1519 te
712 1489 858 1518 deorsum.

118 1529 169 1558 Per
182 1528 251 1558 hane
283 1528 483 1568 repositionem,
495 1527 631 1567 quomodo
646 1534 747 1567 poterat
763 1538 861 1566 cogno-

118 1577 191 1597 scere
200 1568 223 1597 si
231 1569 264 1598 Fi
277 1569 319 1598 ius
328 1568 378 1597 Dei
389 1574 440 1603 est,
448 1578 482 1597 an
494 1578 545 1597 non
554 1568 569 1596 ἶ)
578 1567 700 1597 Primum
710 1566 801 1596 volare
809 1577 860 1634 per

118 1617 206 1635 aerem
220 1617 272 1635 non
286 1613 325 1636 est
338 1617 388 1646 pro
409 1606 479 1636 rium
492 1616 562 1646 opus
582 1606 648 1640 Dei,
662 1605 726 1644 quia
748 1615 796 1634 nec
828 1615 860 1635 oc

119 1652 159 1675 est
172 1645 238 1674 utile
249 1645 343 1681 alicui,
357 1656 391 1674 ve
415 1645 451 1674 ad
463 1646 591 1681 animam,
602 1644 647 1674 v'cl
660 1644 695 1683 ad
706 1654 813 1683 corpus.
829 1645 860 1674 Si

119 1694 183 1723 ergo
196 1684 266 1714 nulli
287 1684 464 1714 necessarium
486 1691 536 1719 est,
553 1694 638 1722 neque
652 1683 757 1723 proficit
769 1682 804 1712 ad
815 1694 860 1712 sa-

120 1723 230 1752 lutatem
253 1735 260 1752 ε
283 1723 416 1763 yolaverit
443 1730 530 1753 autem
559 1722 658 1762 aliquis
683 1729 858 1762 provocatus,

120 1769 232 1803 propter
243 1763 441 1793 ostentationem
460 1763 544 1792 solam
560 1763 611 1792 boc
623 1762 686 1792 facit
699 1775 705 1790 :
717 1769 744 1791 et
757 1768 797 1791 est
812 1762 861 1792 hoc

121 1813 155 1832 ex
169 1802 278 1832 diabolo
298 1802 383 1842 magis
399 1813 479 1841 quam
493 1813 526 1831 ex
542 1803 608 1832 Deo.
622 1802 651 1832 si
675 1811 737 1840 ergo
757 1801 861 1831 homini

121 1841 255 1885 dignitoso
268 1848 292 1871 et
308 1841 419 1881 sapienti
439 1842 539 1871 sufficit
551 1852 607 1871 esse
620 1840 694 1879 quod
708 1847 756 1876 est,
770 1847 796 1870 et
809 1850 861 1871 non

121 1887 161 1910 est
172 1881 347 1911 necessarium
358 1881 382 1910 ei
392 1892 521 1921 apparere
528 1880 601 1920 quod
614 1890 666 1910 non
678 1886 727 1916 est,
735 1880 798 1918 quia
812 1880 863 1909 hoc

121 1931 174 1950 non
190 1920 293 1950 homini
307 1919 430 1960 prodest,
444 1920 518 1959 quod
538 1920 646 1951 videtur
669 1920 703 1949 ab
723 1919 795 1955 aliis,
816 1919 864 1951 sed

143 1959 198 1989 uod
213 1966 253 1990 est
265 1959 338 2000 apud
350 1971 378 1989 se
390 1972 397 1988 :
408 1967 506 1999 quanto
519 1960 605 1999 magis
616 1959 704 1989 Filius
714 1960 763 1988 Dei
773 1965 862 1988 osten-

144 2009 187 2028 ere
198 1999 410 2029 seneoessarium
428 2009 480 2028 non
494 1999 575 2029 habet
587 1999 644 2028 sine
656 2009 735 2028 causa
749 1998 863 2038 alicujus

125 2039 313 2075 utilitatis,cui
327 2038 393 2068 nibil
407 2039 583 2070 necessarium
595 2045 644 2073 est,
653 2038 698 2071 sed
708 2044 792 2067 tntum
804 2048 864 2078 pos-
880 2049 899 2073 ι)

124 2078 195 2108 sidet
207 2078 234 2108 in
246 2085 350 2114 natura,
361 2077 395 2108 de
408 2089 463 2117 quo
486 2088 563 2108 nemo
606 2084 671 2107 otest
692 2084 794 2110 tantum
816 2088 864 2107 co-

125 2127 261 2157 gnoscere,
274 2124 402 2156 quantum
411 2124 451 2148 est
462 2117 535 2157 apud
547 2128 588 2147 se.
607 2117 635 2147 Si
647 2127 710 2155 ergo
724 2127 776 2147 non
790 2117 865 2146 vola-

126 2156 210 2192 verit,
219 2156 354 2195 quomodo
366 2164 467 2197 poterat
476 2167 523 2196 per
531 2157 582 2186 hoc
592 2166 760 2195 cognoscere,
775 2163 865 2187 utrum

127 2205 181 2224 non
192 2196 280 2240 potuit
298 2202 408 2235 propter
430 2196 611 2227 infirmitatem
624 2196 700 2234 quasi
713 2196 805 2231 homo,
820 2202 867 2224 aut

128 2234 216 2264 noluit
235 2241 344 2274 propter
365 2235 507 2271 vanitatem
525 2235 601 2273 quasi
616 2235 710 2264 Deus?
724 2234 796 2271 Quia
814 2244 867 2263 non

129 2272 246 2302 creditus
267 2274 364 2309 fuerat,
387 2273 435 2303 sed
453 2280 577 2303 tentatus.
592 2274 623 2303 Si
635 2274 723 2313 filius
747 2274 802 2304 Dei
825 2284 866 2310 es,

130 2315 212 2342 mitte
226 2318 254 2342 te
267 2313 410 2341 deorsum.
425 2312 498 2342 Vide
509 2313 662 2352 superbiam
676 2312 788 2348 inimici,
803 2323 869 2350 quo-

130 2351 212 2381 modo
225 2351 283 2391 ipsa
306 2351 427 2380 invitatio
447 2352 506 2390 ejus
525 2351 652 2390 injuriosa
666 2358 716 2380 est.
729 2351 870 2389 Numquid

131 2401 184 2420 non
194 2398 296 2431 poterat
303 2391 402 2427 dicere,
413 2389 551 2420 Descende
560 2401 607 2430 per
613 2401 700 2420 aerem
709 2390 850 2420 ambulans
856 2391 870 2420 Ρ

132 2430 185 2460 sod
198 2430 285 2468 quid?
298 2432 383 2459 Mitte
402 2437 430 2459 te
450 2430 593 2459 deorsum.
614 2430 670 2459 Nee
689 2429 780 2459 timuit
798 2429 871 2469 cogi·

133 2476 203 2505 tans,
217 2471 256 2499 Ne
269 2470 336 2499 forte
349 2470 370 2498 si
386 2470 510 2499 inventus
523 2468 604 2497 suerit
617 2468 704 2498 Filius
720 2469 781 2504 Dei,
795 2468 869 2498 inve-

133 2508 195 2537 niar
207 2507 247 2537 illi
259 2508 351 2538 fecisse
363 2509 498 2537 in‘uriam.
514 2507 567 2537 Sed
576 2507 645 2536 nihil
658 2507 764 2537 dubitat
772 2507 871 2544 dicere,

135 2557 183 2576 nee
196 2547 290 2583 facere,
303 2548 349 2586 qui
363 2520 431 2576 nil1il
444 2547 496 2577 sibi
510 2546 618 2585 reliquit
637 2547 710 2585 quod
724 2554 819 2587 speret.
837 2549 872 2578 Et

137 2585 211 2623 vide,
224 2597 276 2616 non
291 2586 409 2626 impulit,
424 2598 475 2616 non
490 2585 587 2626 tetigit,
608 2596 659 2615 non
673 2586 872 2627 appropinqua·

909 895 970 926 ideo
984 903 1116 935 portatum
1133 904 1163 926 ut
1183 907 1236 927 non
1250 897 1367 927 offendat
1378 897 1413 927 ad
1426 898 1542 937 lapidem
1556 901 1650 939 pedem

909 945 989 965 suum
1002 935 1078 974 quasi
1097 936 1238 972 infirmus,
1251 936 1299 966 sed
1311 944 1423 982 propter
1435 938 1564 968 honorem
1576 947 1651 980 pote-

909 975 1002 1011 statis,
1013 975 1090 1013 quasi
1105 976 1247 1007 Dominus.
1265 976 1322 1006 Scri
1346 983 1402 1006 tum
1416 984 1455 1006 est
1468 990 1474 1006 t
1492 979 1548 1016 Qui
1566 981 1650 1010 sedes
1660 981 1801 1011 P³¹11·79·2·

908 1024 994 1052 super
1007 1015 1174 1050 Cherubim,
1187 1025 1304 1054 appare.
1342 1022 1352 1045 t
1364 1015 1434 1045 illud
1444 1016 1563 1055 quidem,
1576 1019 1651 1057 quod

908 1053 1034 1084 diabolus
1055 1054 1144 1091 refert,
1161 1054 1224 1093 quia
1237 1054 1264 1083 iu
1286 1065 1400 1094 persona
1421 1055 1523 1086 Christi
1537 1057 1649 1097 dicitur,

908 1103 1003 1122 verum
1017 1099 1067 1122 cst.
1082 1093 1158 1124 Sicut
1172 1094 1244 1123 enim
1257 1094 1358 1123 dicitur
1370 1106 1376 1123 :
1397 1097 1542 1131 Quoniam
1557 1104 1588 1126 tu
1602 1109 1632 1128 es
1641 1121 1649 1135 ‚
1662 1105 1801 1135 Psa1.9o.9.

910 1132 1047 1168 Domine,
1060 1142 1124 1171 spes
1138 1144 1213 1169 mea,
1228 1133 1262 1164 A
1263 1134 1416 1167 ltissimum
1436 1137 1558 1174 posuisti
1568 1139 1649 1179 refu-

908 1173 990 1208 gium
1012 1178 1107 1208 tuum„
1119 1180 1170 1202 etc.
1186 1172 1239 1203 sed
1253 1183 1305 1202 non
1319 1173 1354 1202 de
1367 1173 1476 1204 Christo
1488 1174 1592 1205 dietum
1612 1185 1652 1207 est

910 1218 1024 1246 tantum,
1039 1210 1085 1240 sed
1099 1211 1134 1241 de
1146 1212 1219 1242 omni
1238 1212 1346 1242 homine
1356 1213 1440 1251 justo,
1457 1225 1573 1253 quorum
1587 1227 1651 1256 per-

910 1261 1003 1281 sonam
1021 1250 1146 1281 Christus
1159 1252 1286 1291 suscepit.
1301 1252 1328 1282 7.
1343 1253 1501 1291 Respondit
1520 1256 1561 1284 ad
1573 1267 1650 1293 eum,

911 1291 1060 1330 Scriptum
1074 1297 1117 1321 est
1127 1302 1138 1321 .·
1150 1292 1219 1321 Νοη
1239 1292 1363 1320 tentabis
1376 1294 1534 1323 Dominum
1555 1296 1652 1325 Deum

912 1335 1005 1359 tuum.
1012 1331 1072 1360 Non
1080 1329 1162 1367 dixit,
1170 1332 1230 1360 Non
1239 1331 1352 1360 tentabis
1360 1342 1402 1360 me
1411 1333 1557 1363 Dominum
1565 1335 1654 1365 Deum

912 1375 999 1402 tuum,
1021 1379 1054 1398 ne
1075 1379 1103 1398 se
1125 1370 1303 1400 manifestaret
1322 1371 1408 1400 Deum
1424 1383 1430 1399 :
1445 1372 1493 1401 sed
1514 1373 1561 1408 ita,
1584 1375 1653 1403 Non

911 1410 1035 1438 tentabis
1055 1409 1217 1439 Dominum
1237 1410 1334 1440 Deum
1348 1417 1429 1440 tuum
1441 1425 1451 1440 .·
1463 1412 1537 1451 quod
1549 1420 1654 1453 poterat

911 1446 1000 1478 dicere
1022 1455 1048 1477 et
1065 1449 1152 1478 omnis
1174 1449 1255 1479 homo
1280 1450 1340 1485 Dei,
1355 1456 1469 1479 tentatus
1486 1462 1501 1480 a
1519 1451 1650 1482 diabolo:

931 1488 1038 1517 uoniam
1059 1495 1086 1517 et
1103 1488 1150 1526 qui
1167 1488 1304 1518 bominem
1323 1489 1373 1518 Dei
1394 1496 1486 1523 tentat.
1501 1493 1654 1522 membrum

912 1497 1015 1557 diaboli
1038 1534 1087 1556 est.
1109 1527 1154 1557 Sic
1172 1538 1235 1566 ergo
1254 1538 1289 1556 ex
1311 1527 1362 1557 hoe
1387 1539 1514 1568 responso
1538 1530 1653 1561 incertus

912 1565 1006 1594 transit
1032 1565 1067 1594 ad
1091 1565 1206 1596 tertiam.
1229 1566 1307 1595 Dixit
1326 1567 1396 1597 enim
1418 1567 1491 1607 apud
1514 1579 1542 1598 se
1561 1582 1567 1598 :
1587 1571 1653 1600 Tria
1685 1569 1804 1591 Tria-ceti:

913 1604 969 1633 haec
982 1604 1047 1633 retia
1066 1604 1152 1634 habeo
1166 1611 1273 1634 extensa
1286 1615 1368 1644 super
1380 1617 1486 1636 omnem
1499 1608 1631 1639 mundum
1642 1633 1650 1647 ‚
1662 1601 1804 1651 f⁵³b⁰¹³·.‘¹¹¹³'

913 1650 943 1672 ut
956 1643 1078 1687 quisquis
1098 1644 1212 1688 evaserit
1227 1643 1261 1673 de
1277 1644 1378 1674 retibus
1396 1645 1476 1684 gulae,
1488 1647 1606 1678 incurrat
1625 1649 1651 1681 in
1662 1639 1727 1690 ,3:222
1755 1631 1805 1683 2¹³.ss

913 1689 980 1712 retia
997 1693 1071 1712 vanae
1090 1683 1181 1721 gloriae
1195 1683 1259 1721 :qui
1276 1685 1390 1714 evaserit
1408 1684 1442 1714 de
1458 1686 1558 1716 retibus
1578 1698 1652 1718 vanae
1663 1700 1717 1715 mas·

913 1722 1020 1760 gloriae,
1037 1721 1137 1752 incidat
1158 1722 1186 1752 in
1209 1722 1276 1752 retia
1296 1723 1427 1754 avaritiae.
1444 1725 1484 1754 De
1503 1725 1545 1755 his
1564 1734 1653 1758 autem

919 1761 1005 1790 tribus
1018 1761 1119 1792 retibus
1130 1761 1222 1791 nullus
1233 1762 1372 1793 bominum
1388 1763 1423 1792 ad
1434 1765 1579 1803 perfectum
1591 1777 1653 1797 eva-

913 1800 948 1830 sit
964 1813 970 1829 :
986 1807 1012 1829 et
1024 1800 1046 1829 si
1060 1801 1161 1837 evasit,
1174 1811 1227 1831 non
1246 1801 1361 1841 integer,
1380 1802 1428 1832 sed
1443 1804 1573 1835 contritus
1588 1817 1653 1837 eva-

913 1839 957 1869 sit.
981 1841 1033 1870 Hic
1049 1847 1137 1870 autem
1158 1840 1215 1880 jam
1235 1841 1299 1870 retia
1327 1842 1428 1872 ventris
1447 1842 1570 1884 dirupit,
1587 1846 1654 1875 retia

913 1889 987 1910 vanae
1002 1879 1092 1919 glorias
1105 1879 1239 1910 transivit.
1261 1882 1360 1911 Ponam
1374 1881 1399 1910 ei
1418 1892 1490 1912 nunc
1510 1884 1575 1913 retia
1591 1895 1654 1915 ava-

912 1918 982 1947 ritiae
995 1941 1003 1955 ,
1017 1925 1043 1948 et
1064 1918 1201 1949 ostendam
1221 1919 1264 1949 illi
1284 1920 1373 1950 omnia
1391 1932 1475 1960 regna
1495 1923 1601 1954 mundi.
1623 1925 1654 1954 Si

914 1957 1080 1998 concupierit
1097 1969 1147 1994 ea,
1159 1959 1215 1988 scio
1236 1959 1299 1998 quia
1318 1960 1399 1990 homo
1412 1968 1458 1991 est.
1473 1963 1541 1992 Nam
1563 1973 1654 1994 omues

915 1997 1035 2043 homines
1053 2005 1161 2038 propter
1183 1997 1327 2037 gulam‚et
1347 2007 1458 2039 propter
1480 2002 1655 2041 pecuniarum

915 2044 1066 2074 avarlttam,
1075 2045 1100 2066 et
1108 2044 1217 2077 propter
1228 2048 1309 2068 vanos
1317 2039 1430 2068 honores
1441 2041 1560 2079 serviunt
1568 2042 1652 2072 mihi:

915 2077 938 2106 si
954 2083 1043 2106 autem
1062 2077 1230 2108 contemserit
1241 2088 1284 2113 ea,
1296 2079 1350 2108 scio
1365 2078 1428 2117 quia
1440 2080 1527 2110 Filius
1541 2081 1591 2111 Dei
1603 2088 1653 2111 est.

915 2117 971 2146 Nec
983 2116 1054 2145 enim
1068 2123 1154 2155 potest
1170 2115 1321 2147 desiderare
1333 2128 1392 2156 quae
1406 2118 1464 2157 ipse
1481 2121 1592 2157 creavit,
1608 2131 1656 2150 nec

916 2154 1064 2185 delectatur
1075 2155 1196 2193 terrenis,
1223 2155 1250 2185 ui
1259 2156 1359 2187 fruitur
1367 2157 1526 2188 caelestibus.
1536 2162 1605 2190 Nam
1618 2167 1656 2189 et-

916 2195 939 2224 si
948 2195 1010 2223 aliis
1021 2194 1196 2226 mentiebatur
1224 2195 1339 2232 iubatus,
1350 2207 1398 2226 sua
1409 2208 1464 2227 esse
1473 2199 1573 2233 omnia,
1583 2198 1656 2238 apud

918 2244 946 2263 se
966 2240 1053 2263 tamen
1073 2234 1172 2265 sciebat
1192 2234 1256 2273 quia
1276 2246 1330 2265 non
1348 2243 1423 2265 erant
1442 2237 1510 2276 ejus,
1525 2238 1570 2267 sed
1594 2238 1654 2267 Dei.

919 2273 949 2303 8.
963 2274 1004 2302 Ec
1014 2274 1055 2303 sic
1065 2275 1201 2307 assumsit
1210 2285 1275 2305 eum
1283 2285 1369 2314 super
1377 2282 1503 2306 montem
1513 2277 1656 2306 excelsum

919 2312 1022 2350 valde,
1037 2323 1116 2352 quem
1135 2313 1192 2353 ipse
1211 2313 1352 2351 diabolus,
1371 2315 1529 2344 circumiens
1552 2325 1657 2344 omnem

919 2358 1030 2389 terram,
1041 2352 1213 2385 excelsiorem
1224 2354 1325 2383 caeteris
1334 2354 1517 2392 cognoscebat,
1526 2361 1554 2382 et
1565 2360 1658 2382 osten-

921 2391 965 2421 dit
977 2390 1024 2423 illi
1035 2394 1133 2422 omnia
1142 2403 1231 2432 regna
1244 2393 1359 2428 mundi,
1371 2399 1398 2421 et
1413 2393 1535 2420 honores
1546 2402 1654 2422 eorum.

921 2431 1001 2460 Forte
1015 2438 1110 2461 tractas
1122 2431 1196 2471 apud
1210 2438 1244 2468 te,
1255 2431 1342 2469 qualis
1354 2430 1439 2470 potuit
1448 2441 1502 2459 esse
1513 2430 1559 2460 ille
1571 2441 1656 2468 mons,

921 2469 955 2499 de
973 2481 1027 2509 quo
1043 2470 1129 2500 omnis
1142 2477 1210 2500 terra
1229 2470 1372 2500 videbatur
1386 2481 1392 2496 :
1405 2476 1450 2497 aut
1469 2469 1490 2498 si
1510 2476 1566 2499 erat
1578 2481 1609 2499 su
1631 2481 1660 2500 er

923 2519 1027 2539 omnem
1048 2516 1164 2544 terram,
1186 2508 1321 2547 quomodo
1344 2515 1431 2536 tamen
1455 2514 1558 2546 poterat
1579 2481 1659 2545 indlc,

923 2556 1052 2587 quantum
1067 2548 1101 2577 ad
1117 2558 1233 2583 carnem,
1246 2553 1327 2575 totam
1341 2553 1439 2575 terram
1452 2547 1493 2575 illi
1506 2547 1661 2577 ostendere?

924 2588 993 2618 Nam
1004 2587 1064 2624 etsi,
1073 2593 1203 2625 quantum
1221 2585 1255 2614 ad
1265 2585 1432 2615 divinitate-1
1439 2596 1525 2623 sumn,
1536 2586 1643 2617 videbat
1655 2600 1660 2616 ε
