1904 2840
623 201 656 224 IN
682 199 886 224 MATTHAEUM-
915 200 1034 223 HOMtL.
1062 201 1169 224 XXXV.
1600 191 1664 239 891

135 268 183 308 εει
195 271 298 307 corpus
305 262 467 301 spirituale.
477 262 574 307 Omnis
586 261 697 301 quidem
708 271 781 307 mors
793 260 875 306 habet
891 263 911 286 Α
928 267 998 290 certe
1016 268 1112 301 potest,
1127 269 1174 292 aut
1193 269 1264 292 certe
1283 272 1336 293 non
1347 269 1444 304 potest.
1459 263 1529 301 Quis
1547 263 1618 294 vidit
1630 271 1670 294 ta·
1678 273 1730 295 dam
1747 281 1822 295 enm-

135 312 164 331 in
181 311 210 331 se
228 311 387 340 passionem,
403 311 455 331 non
473 301 553 331 habet
566 312 594 331 in
606 312 634 331 se
646 311 733 330 omnis
746 311 836 341 passio
849 306 875 329 et
927 299 980 329 lein
1003 310 1086 330 unum
1101 302 1189 331 Deum
1201 302 1340 332 «caelestem
1358 303 1445 332 colere
1454 303 1502 342 qui
1517 303 1544 332 in
1555 302 1671 333 dimidio
1680 304 1735 333 9¹²¹*
1752 305 1806 326 dee-

134 347 256 370 mortem.
271 340 354 370 Mutii
374 341 447 370 enim
467 341 586 378 suerunt,
607 341 653 379 qui
674 341 743 380 passi
762 346 834 375 suut,
848 346 874 368 et
926 346 1019 379 potens
1030 346 1081 376 est,
1094 347 1120 369 et
1134 342 1161 370 in
1174 341 1288 371 dimidio
1301 341 1453 382 impotens?
1465 343 1518 372 Aut
1533 343 1595 381 quis
1606 343 1670 373 illos
1679 339 1737 357 ‘³¹¹¹‘

29 704 70 727 uli.
83 705 121 728 26.

53 912 59 918 .
73 902 108 918 ¹0.

46 1131 120 1157 ,3.35.

134 390 188 410 non
196 386 259 409 sunt
273 380 366 417 occisi,
374 381 466 419 quales
476 388 539 410 sunt
548 380 720 410 consessores.
727 380 772 410 Illi
783 390 874 409 omnes

135 419 245 449 calicem
265 418 375 458 quidem
397 419 507 449 Domini
526 420 662 457 biberunt,
674 419 808 459 baptismo
824 429 872 448 au-

134 465 188 488 tem
208 459 267 498 ejus
286 459 412 498 baptizati
431 469 484 489 non
498 467 570 489 sunt.
588 461 698 488 Dicunt
711 461 749 494 ei,
763 460 871 488 Possu-

135 508 208 528 mus.
218 499 278 528 Non
291 505 403 539 tantum,
409 498 568 529 confidentia
580 499 669 529 cordis
678 499 732 535 sui,
743 504 874 537 quantum

134 537 143 567 i
182 538 285 567 orantia
297 538 449 568 tentationis
460 539 517 568 haec
528 539 732 579 responderunt.
747 537 874 568 Neseien-

174 588 207 606 us
223 578 294 606 enirn
310 578 488 608 desiderabile
498 586 537 608 est
550 579 665 615 bellum,
677 578 747 607 sicut
760 584 786 606 et
796 577 873 606 inex-

134 617 218 656 pertis
229 617 297 646 levis
311 617 417 647 videtur
430 628 487 647 esse
500 619 609 648 tentatio
622 617 753 658 passionis
765 623 791 646 et
805 626 874 645 mor-

134 656 180 686 tis.
194 656 224 686 Si
235 656 306 686 enim
318 657 451 687 Dominus
468 668 530 687 cum
549 658 578 688 in
591 657 761 687 tentationem
771 655 874 696 passio-

133 695 176 725 nis
187 696 426 732 venisset,dicebat
437 708 443 724 :
453 697 558 734 Pater,
567 700 591 727 si
600 702 694 737 potest
698 697 774 734 fieri,
783 702 874 725 trans-

133 742 181 764 eat
198 746 218 764 a
237 746 283 764 me
293 737 374 765 calix
384 738 439 766 iste
454 749 462 765 .-
474 744 574 775 quanto
586 736 670 782 magis
680 735 809 776 discipuli
821 745 874 764 non

133 775 239 804 fuerant
255 775 354 805 dicturi
367 776 429 814 quia
443 778 598 811 Possumus,
614 787 638 805 si
652 776 763 805 scissent
785 775 874 814 qualis

133 821 173 843 est
185 816 294 844 tentatio
307 815 421 845 mortis?
435 817 565 856 Magnum
574 815 684 854 quidem
692 814 813 844 dolorem
825 815 874 844 ha-

133 853 179 883 bet
197 854 296 893 passio,
310 861 396 884 tamen
415 866 487 889 mors
501 856 581 885 habet
594 856 722 895 majorem
738 855 871 884 timorem.
889 865 907 888 B

133 894 169 923 Et
179 893 247 923 dicit
259 894 298 923 eis
313 906 320 922 :
337 894 466 924 Calicem
477 896 594 936 quidem
610 905 704 924 meum
719 896 832 929 bibetis,
846 901 875 923 et

134 934 292 972 baptismo,
309 944 368 973 quo
392 944 445 971 ego
472 937 612 973 baptizor,
624 935 846 974 baptizabimini
865 947 873 963 .-

132 972 231 1002 sedere
241 979 340 1002 aulem
353 974 395 1003 ad
403 974 554 1004 dexteram
569 984 674 1010 meam,
690 980 741 1002 aut
755 974 795 1002 ad
802 974 875 1002 sini-

131 1018 236 1048 stram,
247 1022 308 1041 non
324 1020 367 1043 est
385 1024 481 1043 meum
498 1015 570 1043 dare
586 1015 680 1050 vobis,
699 1013 751 1042 sed
770 1014 875 1052 quibus

151 1058 268 1081 aratum
284 1059 327 1082 εει
340 1063 360 1081 a
371 1054 463 1082 Patre
481 1064 554 1082 meo.
567 1052 709 1091 Numquid
721 1062 774 1081 non
787 1051 874 1081 habe-

129 1062 177 1120 bat
192 1098 346 1131 potestatem
357 1100 484 1132 praestare
497 1093 543 1122 cui
554 1092 671 1128 volebat,
685 1103 747 1122 cum
762 1098 796 1121 sit
811 1091 874 1120 scri-

131 1136 220 1170 ptum,
240 1131 336 1161 Pater
350 1133 446 1169 diligit
459 1133 605 1172 filium,et
627 1133 726 1160 omnia
745 1132 824 1160 dedit
841 1132 873 1160 iri

112 1180 116 1184 ’
132 1180 222 1200 manu
234 1172 295 1210 ejus
303 1173 316 1199 Ρ
326 1171 380 1201 Sed
390 1171 451 1201 ideo
461 1183 514 1202 noii
528 1171 653 1201 refutavit
665 1170 819 1216 petitionem
833 1181 874 1200 eo-

132 1219 207 1247 rum,
223 1220 256 1239 ne
273 1211 438 1241 exanimaret
450 1222 506 1248 eos,
521 1218 547 1240 et
564 1211 748 1251 pusillanimes
765 1210 872 1239 faceret.

131 1249 200 1278 Nam
211 1259 262 1278 non
276 1249 354 1279 facile
366 1250 401 1280 de
413 1258 507 1281 caetero
518 1250 630 1280 resumit
642 1249 768 1290 sperandi
781 1250 872 1279 virtu-

131 1294 184 1317 tem
197 1288 245 1327 qui
258 1289 341 1319 semel
351 1289 386 1320 de
401 1301 444 1327 eo,
456 1290 531 1329 quod
543 1297 706 1330 speraverat,
719 1288 799 1319 cadit.
816 1290 873 1319 No-

130 1327 184 1357 luit
201 1335 288 1358 autem
309 1329 445 1370 suscipere
493 1330 612 1359 titionem
626 1339 730 1365 eorum,
745 1339 778 1358 ne
792 1336 872 1359 caete-

130 1377 174 1396 ros
194 1378 285 1397 omnes
303 1368 428 1398 tristaret.
471 1380 514 1398 am
534 1379 638 1398 necesse
658 1375 725 1403 erat,
741 1368 815 1407 quod
828 1369 873 1399 vel

130 1406 194 1435 talia
205 1408 360 1446 cogitarent,
373 1408 464 1438 adhuc
478 1409 535 1438 sine
546 1407 650 1437 auxilio
661 1407 779 1447 Spiritus
788 1409 873 1438 sancti

130 1446 266 1476 constituti
280 1457 288 1474 :
304 1448 333 1476 Si
353 1448 435 1478 semel
453 1448 511 1478 istis
529 1447 637 1477 duobus
651 1447 732 1476 totius
746 1447 822 1488 regni
837 1448 873 1477 il-
888 1454 907 1479 C

130 1484 184 1514 lius
200 1486 311 1515 societas
320 1486 468 1517 dividenda
480 1494 530 1524 est,
539 1487 562 1516 si
576 1496 646 1516 unus
655 1497 776 1516 sessurus
788 1494 827 1516 est
838 1488 873 1517 ad

130 1524 280 1561 dexteram,
295 1526 361 1555 alter
375 1526 410 1555 ad
423 1526 556 1556 sinistram
571 1527 629 1565 ejus
645 1538 652 1554 ι
668 1536 731 1565 ergo
745 1536 792 1555 nos
805 1527 872 1564 quid

131 1574 224 1593 sumus
235 1565 343 1602 facturi,
358 1572 404 1595 aut
420 1566 487 1604 quid
500 1565 558 1594 fieri
568 1566 625 1605 jam
638 1565 794 1604 speramus?
808 1565 872 1595 Ideo

131 1613 194 1632 eum
211 1604 318 1642 sequuti
339 1615 444 1641 sumus,
460 1611 489 1634 ut
501 1604 557 1633 illis
569 1604 660 1633 electis
670 1603 705 1632 de
718 1604 807 1633 medio
821 1614 873 1634 no-

131 1649 229 1678 sti-um,
243 1653 290 1672 nos
302 1643 470 1673 inveniamur
483 1644 580 1673 relicti.
594 1645 628 1672 In
647 1643 720 1672 omni
733 1644 824 1672 labore
834 1644 871 1673 si-

131 1681 209 1712 miles
222 1682 260 1711 eis
274 1683 386 1719 suimus,
395 1690 421 1712 et
433 1693 505 1712 nunc
515 1683 616 1713 inventi
629 1683 714 1712 simus
728 1682 756 1711 in
771 1683 872 1712 honore

132 1721 286 1751 dissimiles.
302 1723 372 1752 Nam
389 1733 493 1752 necesse
507 1729 573 1759 erat,
587 1729 616 1752 ut
633 1721 750 1751 carnalia
770 1722 871 1761 cogita-

133 1768 203 1798 rent,
214 1761 263 1801 qui
274 1761 388 1791 necdum
399 1763 461 1791 sacti
471 1763 577 1791 fuerant
584 1761 746 1802 spirituales.
757 1761 786 1792 Si
800 1762 872 1791 enim

168 1801 229 1836 titio,
239 1811 332 1831 eorum
350 1809 471 1842 suscepta
484 1811 536 1830 non
550 1808 600 1838 est,
615 1807 641 1830 et
654 1810 745 1830 omnes
762 1807 873 1830 contur-

132 1811 190 1870 ΒΣΗ
202 1847 276 1878 sunt,
286 1852 370 1880 quare
380 1842 424 1871 vel
439 1841 490 1870 hoc
504 1841 592 1881 ipsum
606 1847 695 1880 petere
711 1840 770 1869 ausi
789 1847 851 1870 sunt
865 1851 872 1868 z

134 1886 233 1919 quanto
256 1880 341 1920 magis
361 1881 464 1910 fuerant
480 1879 670 1914 conturbandi,
685 1879 708 1908 si
725 1879 817 1919 petitio
829 1890 873 1909 eo-

134 1931 195 1949 rum
209 1926 332 1959 suscepta
339 1920 432 1950 fuisset
440 1920 454 1949 ‘i‘
465 1919 530 1949 Ideo
542 1930 628 1958 neque
640 1918 720 1955 dixit,
735 1920 795 1948 Non
803 1918 876 1948 sede·

134 1959 210 1995 bitis,
221 1969 254 1988 ne
263 1959 332 1988 duos
341 1959 514 1990 confunderet
528 1971 536 1988 ε
549 1969 635 1998 neque
645 1958 725 1994 dixit,
733 1958 874 1994 Sedebitis,

135 2009 169 2028 ne
178 2005 285 2028 eaeteros
295 1998 423 2029 irritaret:
434 1999 480 2028 sed
489 1998 553 2037 quid
563 1998 577 2027 ἶ)
586 1999 651 2027 Hoc
659 2008 719 2027 non
729 2004 771 2027 est
781 2008 876 2027 meum

926 386 1001 418 putet
1012 379 1138 418 aequales,
1147 391 1263 419 quorum
1273 392 1326 411 non
1338 389 1377 412 est
1390 382 1501 421 aequalis
1511 383 1645 422 potestas?
1657 384 1669 421 ]

926 418 1076 448 Audiamus
1090 419 1147 449 liaec
1161 427 1188 450 et
1203 421 1395 460 intelligamus,
1409 432 1457 451 nos
1469 421 1626 458 Christiani,
1640 429 1670 452 ut

925 458 1033 496 quando
1055 459 1160 497 aliquid
1181 461 1298 500 petimus
1312 471 1326 490 a
1343 462 1411 497 Deo,
1423 468 1448 490 et
1468 471 1521 490 non
1543 461 1669 501 impetra-

925 508 996 535 mus,
1017 508 1071 529 non
1090 499 1230 539 frangatur
1250 500 1349 529 fiducia
1372 507 1474 537 nostra,
1495 511 1581 539 neque
1593 500 1671 531 cadat

925 547 985 576 spes
1008 544 1123 567 nostraa
1135 540 1204 573 Deo,
1227 546 1257 568 ut
1277 538 1312 568 de
1329 546 1422 568 caetero
1442 539 1614 585 desperamus
1635 541 1670 570 de

925 576 1110 606 misericordia
1127 579 1186 618 ejus
1198 588 1205 606 z
1219 579 1282 617 quia
1296 588 1344 608 nec
1362 579 1474 608 fratrum
1489 585 1603 609 istorum
1615 580 1670 609 sra-

925 621 967 644 cta
985 622 1024 645 est
1038 615 1137 646 fiducia
1148 640 1156 654 ,
1170 624 1217 646 aut
1227 617 1323 647 cecidit
1337 628 1396 658 spes
1408 639 1416 654 ,
1429 628 1492 647 cum
1510 628 1562 647 non
1587 618 1669 659 impe-

925 661 1047 685 trassent.
1064 656 1139 693 Quid
1157 657 1240 694 enim,
1256 657 1279 686 si
1303 667 1356 686 non
1377 657 1486 702 expedit
1508 657 1584 686 nobis
1602 659 1667 687 acci-

925 704 988 734 pere
1008 695 1081 734 quod
1103 697 1232 736 petimus,
1253 696 1324 725 sicut
1345 707 1393 726 nec
1411 696 1466 725 illis
1489 696 1668 736 expediebat?

925 735 1057 770 Quamvis
1077 743 1166 767 autem
1186 742 1265 776 putas
1283 743 1308 765 te
1327 735 1494 776 spiritualem
1512 747 1567 765 rein
1581 743 1669 776 petere

925 774 1074 805 secundum
1089 777 1185 813 Deum,
1199 783 1225 805 et
1241 774 1351 815 dignam
1368 775 1570 815 impetratione:
1582 782 1670 805 tamen

925 812 948 842 si
969 824 1022 843 non
1046 815 1244 855 impetraveriS‚
1269 815 1386 853 graviter
1407 815 1477 844 ferre
1499 825 1551 844 non
1575 814 1667 844 debes.

924 852 994 882 Nam
1008 854 1125 884 Jacobus
1145 862 1170 886 et
1180 856 1296 885 Joannes
1313 866 1369 884 rem
1392 854 1559 894 spiritualem
1578 861 1604 883 et
1621 854 1668 883 di·-

926 902 1005 930 gnam
1019 895 1076 923 Deo
1088 905 1115 924 se
1129 901 1218 935 petere
1230 894 1395 924 aestimabant
1410 905 1416 923 τ
1430 900 1517 923 tamen
1527 893 1668 933 reprobata

925 939 965 961 est
985 933 1078 972 petitio
1092 945 1195 968 eorum.
1210 941 1236 963 et
1256 933 1361 963 inutilis
1373 933 1504 973 judicata.
1519 933 1579 962 Non
1596 934 1668 962 enim

926 982 1015 1008 omne,
1028 973 1103 1013 quod
1123 973 1196 1013 apud
1218 973 1338 1002 homines
1357 974 1461 1013 justum
1481 971 1599 1008 videtur,
1610 972 1668 1011 jam

926 1011 1007 1041 etiam
1025 1012 1099 1052 apud
1118 1014 1204 1042 Deum
1223 1012 1347 1042 similiter
1368 1013 1471 1052 justum
1492 1018 1532 1041 est
1547 1022 1553 1039 :
1568 1018 1667 1050 quanto

925 1050 1013 1095 major
1031 1059 1071 1081 est
1089 1053 1162 1082 Deus
1184 1051 1303 1085 homine,
1315 1058 1388 1081 tanto
1409 1050 1583 1091 profundiora
1604 1058 1669 1080 sunt

925 1090 976 1119 Dei
994 1090 1098 1130 judicia
1121 1102 1203 1130 quam
1221 1091 1348 1121 hominis.
1368 1090 1510 1130 Numquid
1531 1090 1668 1129 digniores

924 1139 981 1159 esse
993 1141 1136 1170 possumus
1145 1131 1247 1161 Jacobo
1257 1138 1284 1160 et
1296 1132 1410 1167 Joanne,
1420 1137 1512 1159 utnon
1526 1130 1563 1159 im
1599 1137 1668 1159 tran-

923 1175 963 1198 tes
976 1169 1051 1208 quod
1063 1171 1190 1210 petimus,
1207 1170 1358 1207 doleamus,
1374 1180 1436 1199 cum
1449 1179 1497 1198 nec
1510 1169 1551 1198 illi
1585 1180 1599 1199 e
1612 1179 1666 1198 non

923 1207 1064 1248 impetrato
1077 1210 1208 1240 beneficio
1218 1217 1280 1239 sunt
1287 1209 1455 1239 contristati?
1465 1210 1493 1238 E
1495 1215 1506 1238 t
1515 1209 1666 1237 audientes

924 1248 1038 1283 decem,
1050 1251 1215 1279 contristati
1235 1255 1305 1279 sunt
1326 1249 1363 1278 de
1386 1249 1498 1277 duobus
1504 1247 1664 1288 fratribus.

924 1288 1159 1324 Quemadmodum
1181 1289 1226 1318 isti
1248 1288 1390 1318 carnaliter
1412 1286 1622 1331 petierunt‚=sic
1640 1294 1680 1316 et⁴

923 1326 965 1356 illi
987 1327 1128 1357 carnaliter
1147 1327 1294 1357 contristati
1312 1334 1384 1356 sunt.
1399 1328 1470 1356 Nam
1490 1326 1559 1355 sicut
1572 1326 1627 1363 isti,
1642 1328 1666 1355 si

923 1366 1099 1406 spiritualiter
1116 1367 1276 1407 sapuissent,
1298 1376 1351 1396 non
1369 1366 1474 1395 fuerant
1497 1365 1620 1405 petituri,
1636 1372 1666 1395 ut

923 1412 1009 1435 essent
1025 1417 1107 1446 super
1118 1417 1210 1436 omnes
1220 1419 1227 1436 z
1239 1406 1277 1438 sic
1290 1412 1316 1435 et
1330 1406 1382 1442 illi,
1397 1405 1419 1435 si
1432 1405 1610 1445 spiritualiter
1623 1405 1665 1433 in-

922 1445 1097 1481 tellexissent,
1108 1457 1162 1476 non
1174 1446 1278 1475 fuerant
1289 1445 1483 1481 contristaturi,
1492 1454 1548 1473 esse
1561 1444 1665 1482 aliquos

923 1491 985 1513 ante
998 1495 1036 1514 se.
1052 1486 1122 1514 Nam
1133 1485 1203 1515 velle
1215 1484 1326 1523 quidem
1339 1495 1396 1514 esse
1413 1494 1494 1523 super
1506 1493 1607 1519 omnes,
1622 1484 1665 1513 vi—

924 1524 1074 1562 tuperabile
1086 1531 1125 1554 est
1138 1536 1144 1553 :
1156 1525 1286 1554 sustinere
1298 1530 1387 1552 autem
1399 1523 1513 1551 alterum
1529 1532 1609 1566 supra
1624 1532 1662 1558 se,

923 1562 1005 1591 nimis
1024 1569 1063 1592 est
1074 1563 1230 1602 gloriosum.
1247 1563 1271 1592 Ο
1286 1572 1360 1591 error
1375 1561 1510 1597 salutaris,
1523 1571 1572 1599 qui
1585 1561 1664 1590 totius

923 1600 1018 1630 mundi
1033 1601 1114 1632 solvit
1131 1600 1262 1631 errorem!
1277 1601 1306 1631 Si
1326 1601 1399 1630 enim
1415 1600 1530 1639 apostoli
1553 1610 1605 1628 non
1625 1600 1664 1629 sic

922 1648 1064 1676 errassent,
1079 1641 1149 1670 unde
1171 1651 1219 1670 nos
1245 1650 1403 1680 cognoscere
1425 1646 1588 1679 poteramus,
1600 1639 1663 1678 quia

923 1690 975 1710 non
993 1690 1082 1716 omne,
1102 1680 1175 1719 quod
1197 1680 1305 1710 videtur
1323 1679 1436 1713 bonum,
1449 1678 1600 1707 desiderare
1619 1679 1664 1707 bo-

923 1730 988 1749 num
995 1726 1034 1749 est
1040 1720 1104 1759 quia
1112 1719 1233 1749 malum?
1240 1719 1404 1749 Putabamus
1414 1717 1477 1757 quia
1488 1717 1589 1746 malum
1597 1717 1664 1747 desi-

923 1759 1028 1795 derare,
1036 1759 1139 1789 malum
1146 1766 1233 1795 est,ut
1250 1757 1389 1788 avaritiam
1400 1764 1446 1787 aut
1457 1757 1558 1786 furtum
1572 1766 1578 1783 :
1593 1766 1664 1786 nunc

923 1805 1013 1828 autem
1023 1798 1134 1833 scimus,
1142 1798 1205 1837 quia
1216 1797 1292 1827 aliud
1301 1804 1340 1827 est
1346 1807 1414 1842 opus
1422 1796 1616 1831 bonum,aliud
1625 1803 1665 1825 est

924 1838 1054 1878 primatus
1066 1837 1186 1867 honoris.
1200 1837 1237 1867 Et
1247 1847 1315 1876 opus
1328 1835 1437 1875 quidem
1451 1835 1552 1865 bonum
1564 1834 1664 1864 deside-

925 1887 984 1908 rare
992 1877 1094 1906 bonum
1102 1884 1155 1907 est:
1165 1876 1314 1917 primatum
1324 1883 1411 1905 autem
1422 1874 1532 1904 honoris
1542 1874 1665 1914 concupi·
1673 1887 1731 1904 cuii

927 1927 1009 1952 scere,
1020 1916 1123 1946 vanitas
1134 1923 1172 1946 est
1188 1928 1195 1945 ε
1210 1915 1336 1955 quoniam
1347 1915 1449 1944 bonum
1463 1924 1531 1954 opus
1541 1913 1663 1982 implere,

928 1963 1024 1985 nostrai
1037 1956 1193 1992 voluntatis,
1208 1962 1234 1985 ει
1246 1954 1329 1984 nostri
1343 1954 1432 1995 operis
1448 1960 1503 1990 est,
1513 1960 1538 1982 et
1552 1953 1577 1982 la
1599 1952 1663 1989 oris,

929 2002 1038 2036 propter
1045 1995 1118 2033 quod
1124 2002 1149 2024 et
1158 2002 1247 2025 nostra
1255 2001 1296 2024 εει
1302 2004 1402 2024 merces
1410 1993 1569 2034 :primatum
1578 1999 1666 2022 autem

137 2038 210 2067 dare
223 2039 320 2073 vobis,
334 2039 387 2068 sed
404 2039 514 2068 Patris.
531 2039 681 2077 Tamquam
700 2038 833 2075 benignus
851 2044 877 2066 et
893 2042 912 2064 D
929 2034 1067 2079 consequi,
1077 2034 1176 2079 judicii
1188 2034 1237 2063 Dei
1246 2040 1296 2070 est,
1306 2040 1415 2074 propter
1426 2031 1499 2078 quod
1509 2042 1542 2076 eit
1551 2032 1667 2077 primatu

137 2077 268 2117 providus
289 2084 363 2117 patei·
380 2078 419 2107 sic
438 2077 527 2107 omnia
542 2077 660 2117 disponit
675 2084 701 2106 et
719 2076 835 2113 ordinat,
848 2084 878 2106 ut

137 2118 210 2147 inter
229 2118 322 2146 frati-es
351 2117 490 2146 unanimes
510 2117 681 2146 fraternitatis
701 2116 797 2145 caritas
823 2126 877 2145 non

930 2075 1039 2103 honoris
1051 2084 1140 2103 nescio
1151 2073 1174 2103 si
1187 2073 1306 2112 aliquam
1317 2072 1465 2102 mercedem
1474 2078 1586 2111 justitiae
1605 2070 1668 2099 adi-

929 2113 998 2153 pisci
1018 2124 1162 2143 meremur.
1173 2114 1243 2144 Nam
1257 2112 1421 2142 desiderium
1432 2111 1565 2151 primatus
1583 2121 1617 2138 ex
1627 2110 1669 2149 ja-

931 2152 1028 2183 ctantia
1051 2152 1169 2182 nascitur
1191 2151 1300 2182 cordis:
1319 2151 1367 2190 qui
1387 2158 1475 2180 autem
1499 2149 1610 2178 humilis
1632 2154 1671 2176 est

140 2163 292 2195 rumpatur.
307 2156 407 2186 Videte
418 2156 552 2195 quomodo
561 2163 587 2185 et
600 2156 707 2185 nullum
720 2166 754 2184 ex
768 2156 805 2184 eis
819 2162 877 2185 tur·
896 2188 898 2190 ¹

139 2195 227 2231 bavit,
248 2202 275 2224 et
293 2205 384 2225 omnes
408 2196 468 2225 fecit
486 2206 604 2235 spei-are,
626 2195 729 2232 dicens,
747 2195 816 2224 Non
837 2201 880 2224 est
931 2191 1022 2228 corde,
1037 2199 1062 2221 et
1077 2192 1295 2232 indignioremse
1316 2190 1378 2220 aliis
1397 2190 1552 2225 arbitratur,
1573 2197 1670 2231 secun-
1710 2211 1771 2232 Feri.
1785 2218 1819 2232 re-

142 2244 236 2262 menm
257 2234 328 2263 dare
348 2236 446 2270 vobis,
462 2236 513 2264 sed
525 2235 634 2264 Patris.
648 2235 716 2264 Nam
738 2234 811 2272 quod
835 2235 881 2263 uni
933 2232 999 2261 dum
1024 2231 1096 2261 illud
1121 2238 1282 2271 praeceptum
1300 2230 1492 2270 apostolicum,
1507 2226 1581 2266 quod
1603 2233 1640 2254 ait
1661 2237 1745 2270 τερ-,οη

143 2280 190 2303 aut
202 2273 311 2302 duobus
325 2274 476 2318 specialiter
490 2283 542 2303 non
559 2273 736 2312 promittitur,
751 2283 766 2301 a
779 2273 881 2303 cunctis
935 2271 1025 2301 Alter
1041 2271 1165 2300 alterum
1179 2272 1326 2300 <estimans
1337 2269 1508 2306 superiorem
1527 2275 1670 2311 sennam·
1680 2273 1747 2295 Rom.
1772 2278 1811 2307 12.-

143 2320 275 2352 speratur.
291 2312 367 2348 Quid
389 2323 463 2352 ergo,
482 2313 608 2342 mentitus
627 2319 666 2341 est
681 2312 816 2347 Christus,
839 2312 882 2342 di·
935 2320 1023 2351 quam
1048 2311 1195 2339 desiderat
1217 2310 1347 2348 superior
1367 2316 1515 2346 apparere.
1539 2306 1672 2348 Primatus
1681 2305 1704 2357 ῗς
1726 2307 1749 2324 ⁰²
1766 2301 1823 2355 131'1‘·

145 2363 206 2382 cens
222 2364 228 2380 :
244 2353 313 2382 Non
333 2358 376 2381 est
395 2354 514 2381 meum?
532 2353 603 2381 Non.
627 2351 723 2381 Omnis
743 2351 816 2380 enim
835 2351 883 2390 qui
935 2349 1006 2379 enim
1018 2349 1164 2389 fugientem
1173 2359 1200 2378 se
1211 2347 1353 2382 desiderat,
1361 2346 1556 2375 desiderantem
1568 2353 1595 2371 se
1603 2342 1671 2371 odit.
1691 2342 1723 2364 ¹¹⁷·
1737 2340 1760 2356 ²*
1792 2348 1797 2354 '

145 2392 227 2421 habet
238 2398 403 2432 potestatem,
413 2391 435 2421 si
450 2397 584 2431 acceptam
597 2391 677 2420 habet
689 2391 723 2419 ab
736 2390 800 2426 alio,
809 2391 884 2421 illius

148 2438 187 2460 cst
198 2442 260 2461 vere
271 2431 318 2470 qui
332 2430 417 2460 dedit.
432 2433 501 2461 Nam
512 2429 579 2469 quid
592 2430 707 2459 habebat
718 2429 806 2459 Filius
821 2441 885 2471 pro-

150 2470 251 2509 prium,
271 2481 333 2500 cuin
360 2471 417 2510 ipse
442 2480 495 2500 non
522 2476 589 2499 esset
612 2480 689 2506 suus,
707 2468 753 2498 sed
780 2469 885 2499 Patris?

50 2517 63 2541 †
74 2513 141 2535 caute
151 2510 173 2547 ἦ·
184 2510 278 2549 [Ergo
297 2509 365 2539 inter
387 2521 459 2544 cum,
471 2510 548 2548 cujus
561 2519 614 2537 non
633 2515 683 2544 est,
696 2514 722 2538 et
735 2508 803 2538 inter
813 2519 886 2546 eum,

0 2553 45 2574 hae
75 2551 122 2578 ¹03²
135 2566 141 2576 ·
153 2550 231 2588 cujus
246 2555 296 2585 est,
306 2558 355 2578 nec
370 2559 480 2589 persona
500 2559 552 2577 una
568 2554 618 2584 est,
632 2558 679 2577 nec
692 2548 802 2586 aequalis
813 2555 886 2588 pote-

1 2589 80 2617 ·iu·³⁰
89 2595 215 2618 '1¹¹⁰‘stas
233 2588 262 2618 Si
283 2588 353 2617 enim
376 2599 446 2632 unus
463 2590 535 2618 Deus
553 2593 580 2617 et
593 2588 668 2617 Pater
686 2594 712 2617 et
730 2587 829 2625 Filius,
844 2595 889 2617 aut

938 2388 1042 2420 Videns
1055 2396 1143 2418 autem
1159 2388 1288 2418 Dominus
1299 2386 1416 2415 alienum
1431 2383 1557 2427 spiritum
1578 2381 1606 2426 iii
1621 2391 1676 2410 cor-

937 2428 1019 2458 dibus
1045 2428 1242 2468 discipulorum
1256 2448 1263 2462 ,
1281 2424 1358 2469 quasi
1378 2424 1481 2467 hostem
1508 2431 1537 2450 in
1554 2431 1610 2467 sui-s
1633 2431 1676 2465 ca-

939 2468 1000 2497 stris
1013 2475 1163 2507 vagantem,
1174 2476 1227 2494 non
1241 2475 1284 2493 εοε
1298 2468 1456 2501 increpavit,
1466 2470 1519 2505 tion
1542 2466 1653 2499 projecit
1663 2470 1678 2488 a

941 2508 1007 2537 facie
1020 2518 1079 2541 sua,
1095 2514 1120 2536 et
1142 2506 1206 2534 istos
1226 2503 1295 2532 male
1319 2507 1448 2542 petentes,
1464 2500 1526 2567 ιιιὲε
1547 2509 1599 2528 non
1613 2499 1680 2527 bene

942 2547 1086 2577 tristantes.
1112 2545 1142 2575 Si
1164 2543 1235 2573 enim
1258 2551 1306 2571 rex
1331 2547 1450 2569 terrenus
1469 2549 1497 2568 vi
1519 2544 1583 2573 eret,
1627 2536 1681 2566 uod

943 2586 1078 2616 civitatem
1092 2584 1167 2613 illius
1181 2587 1336 2620 occupatam
1348 2585 1434 2609 teneat
1452 2578 1549 2615 hostis,
1559 2578 1605 2616 qui
1643 2576 1682 2605 fa-
