1890 2826
60 499 82 513 2.
102 491 163 513 Tim.
175 490 198 512 3.

73 682 202 710 Chrysoun-

62 720 110 734 mus
138 713 202 734 iufir-

63 746 138 765 mitat(-

64 776 123 803 [ιω-ἦε
141 775 192 797 labo

63 807 134 828 rabat.

63 1462 135 1483 necle.
147 1461 186 1484 25.

68 1499 101 1514 12.

67 1601 148 1622 ΜηιιΙι.
167 1599 203 1622 ι3.

67 1631 101 1652 16.

157 751 204 764 cor*

516 388 679 419 HOMILIA

211 487 249 514 In
274 484 467 524 apostolicum
490 482 600 511 dictum
620 493 631 510 .-
652 482 710 511 Hoc
733 486 822 510 autem
846 480 949 516 scitote,

249 529 325 569 quod
350 530 377 558 in
410 527 562 558 novissimis
593 527 690 557 diebus
720 533 798 556 erunt
832 534 951 567 tempora

249 586 351 616 gravia.

211 716 364 746 docendum
387 714 546 754 imperitus;
570 713 618 743 sed
636 724 699 742 cum
723 719 843 743 vestrum
855 719 955 742 coetum

213 764 319 793 intueor
328 786 336 800 ‚
372 762 538 792 infirmitatis
573 761 736 798 obliviscor,
772 766 956 800 paupertatem

213 811 318 851 ignoro,
347 809 512 851 imperitiam
537 818 589 837 non
610 807 674 837 novi
687 818 695 836 ι
708 813 780 836 tanta
797 817 893 846 nempe
918 813 958 836 est

213 857 331 887 caritatis
355 863 452 886 vestrae
484 854 616 895 tyrannis.
642 855 815 894 Quapropter
842 852 958 882 alacrius

212 914 294 942 quam
305 903 335 939 ii,
351 902 398 941 qui
410 900 584 931 facultatibus
598 898 750 936 abundant,
763 899 886 939 egestatis
893 909 958 928 meae

212 959 331 979 mensam
340 948 419 978 vobis
428 944 779 987 appono.Magnanimitatis
786 955 868 985 porro
877 944 960 984 hujus

212 1006 261 1025 vos
274 1001 395 1024 auctores
407 993 477 1023 mihi
498 993 572 1028 estis,
587 991 654 1021 dum
667 991 757 1031 lapsos
768 991 882 1031 erigitis,
895 990 959 1030 quia

214 1041 248 1070 ad
273 1040 439 1070 audiendum
460 1039 538 1079 proni
561 1037 639 1073 estis,
659 1044 738 1076 atque
760 1037 795 1066 ab
808 1047 855 1066 ore
868 1043 960 1066 nostro

211 1087 342 1126 pendetis.
365 1087 410 1116 Sic
429 1092 455 1114 et
477 1084 548 1125 pulli
573 1083 769 1119 hirundinum,
783 1093 846 1112 cum
866 1082 960 1112 vident

211 1133 383 1162 advolantem
395 1137 518 1166 matrem,
534 1141 549 1159 e
562 1129 627 1159 nido
641 1139 697 1159 sese
707 1129 846 1159 efferentes
859 1135 885 1158 et
894 1139 957 1169 pro-

213 1189 278 1207 num
302 1177 475 1207 obtendentes
486 1175 602 1212 collum,
617 1175 652 1204 ita
666 1175 758 1204 cibum
771 1175 806 1203 ab
821 1174 868 1204 illa
888 1174 958 1204 acci-

212 1225 302 1264 piunt.
317 1223 421 1254 Eodem
435 1221 516 1252 modo
527 1228 553 1250 et
562 1231 611 1251 vos
630 1231 693 1250 cum
704 1220 808 1260 ingenti
821 1220 958 1250 alacritate

211 1270 412 1299 concionantem
429 1269 575 1304 intuentes,
591 1277 626 1296 ex
637 1266 730 1306 lingua
740 1276 799 1295 mea
812 1266 958 1306 profectam

253 671 281 699 1.
297 669 426 699 Infirmus
437 667 546 706 quidem
568 677 628 696 sum
641 673 668 696 et
689 676 798 706 egenus,
812 666 900 705 'atque
917 665 952 695 ad
969 667 987 689 Α

552 198 580 220 S.
610 197 747 221 JOANMS
773 197 960 220 CHRYSOST.
991 197 1142 231 ‚mc-uma
1172 199 1446 222 CONSTAN'HNOP.

1318 392 1453 421 ΟΜΙΛΙΑ

1004 481 1051 513 Εἰς
1072 481 1103 510 τὸ
1123 483 1297 513 ἀποστολικὸν
1316 484 1395 523 ῥητὸν
1419 484 1449 513 τὸ
1468 484 1558 524 λέγον·
1579 484 1666 514 Τοῦτο
1687 483 1715 513 δὲ
1733 495 1774 522 γι-

1043 526 1168 603 νώῖκετῖ,
1191 527 1231 557 ὅτι
1250 530 1277 558 ἐν
1297 529 1423 570 ἐσχάταις
1436 529 1548 570 ἡμέραις
1572 529 1677 559 ἔσονται
1687 529 1775 569 καιροὶ

1042 585 1080 612 χα
1098 585 1146 603 επο
1158 596 1164 603 .

1044 665 1165 702 Ἀσθενὴς
1180 667 1227 707 μέν
1243 669 1300 707 εἰμι
1318 668 1364 698 καὶ
1379 668 1501 708 πτωχὸς,
1519 669 1564 699 καὶ
1583 670 1775 700 διδασκαλικῶν

1006 712 1113 753 ἄπειρος
1125 713 1225 753 λόγων·
1237 715 1296 744 ἀλλ’
1312 714 1374 743 ὅταν
1384 713 1433 744 ἴδω
1441 714 1486 743 τὸν
1499 714 1625 755 ὑμέτερον
1640 714 1776 755 σύλλογον,

1007 759 1213 799 ἐπιλανθάνομαι
1232 762 1279 797 τῆς
1299 760 1447 797 ἀσθενείας,
1465 761 1551 800 ἀγνοῶ
1565 760 1614 797 τὴν
1627 760 1778 801 πτωχείαν,

1009 807 1057 836 οὔκ
1066 801 1124 836 οἶδα
1133 806 1181 842 τὴν
1189 806 1310 847 ἀπειρίαν
1320 818 1327 825 ·
1341 806 1451 844 τοιαύτη
1463 806 1515 847 γὰρ
1523 808 1572 843 τῆς
1580 806 1708 847 ὑμετέρας
1717 807 1780 847 ἀγά-

1007 865 1061 889 πης
1074 855 1091 889 ἡ
1105 852 1237 893 τυραννίς.
1253 853 1302 883 Διὸ
1315 853 1361 883 καὶ
1374 855 1427 882 τῶν
1441 854 1468 883 ἐν
1482 852 1593 893 εὐπορίᾳ
1606 853 1780 883 καθεστώτων

1009 899 1203 939 προθυμότερον
1225 901 1287 938 ὑμῖν
1307 898 1357 935 τὴν
1382 901 1430 935 τ’ἥς
1452 897 1587 939 πτωχείας
1613 898 1780 939 παρατίθημι

1009 946 1149 985 τράπεζαν.
1161 946 1270 982 Ταύτης
1283 946 1310 976 δὲ
1324 948 1399 985 ὑμεῖς
1413 945 1492 976 αἴτιοι
1505 948 1553 982 τῆς
1573 945 1781 986 μεγαλοψυχίας,

1009 994 1043 1032 τῇ
1057 992 1192 1032 προθυμίᾳ
1199 994 1248 1028 τῆς
1258 992 1409 1032 ἀκροάσεως
1420 991 1480 1026 τοὺς
1494 991 1717 1026 ἀναπεπτωκότας
1727 992 1781 1021 διε-

976 1044 993 1066 B
1009 1037 1154 1078 γείροντες,
1166 1038 1231 1078 πρὸς
1244 1038 1293 1074 τὴν
1305 1037 1430 1078 ἀκρόασιν
1443 1037 1600 1078 κεχηνότες,
1610 1037 1656 1068 καὶ
1673 1039 1723 1073 τῆς
1735 1040 1781 1067 τοῦ

1009 1083 1131 1123 λέγοντος
1150 1083 1344 1124 ἐκκρεμάμενοι
1363 1083 1494 1123 γλώττης.
1515 1084 1596 1113 Οὕτω
1622 1083 1668 1113 καὶ
1679 1083 1782 1113 νεοσσοὶ

1009 1129 1166 1170 χελιδόνων,
1185 1129 1292 1159 ἐπειδὰν
1310 1129 1387 1159 ἴδωσι
1411 1129 1630 1170 προσιπταμένην
1657 1129 1706 1165 τὴν
1728 1141 1783 1168 μη-

1009 1176 1086 1216 τέρα,
1101 1178 1148 1212 τῆς
1161 1177 1255 1210 καλιᾶς
1266 1175 1448 1216 προκύψαντες
1456 1174 1570 1209 καὶτοὺς
1578 1174 1690 1215 αὗχένας
1702 1174 1784 1211 ποιή-

1009 1234 1100 1256 σαντες
1120 1223 1275 1262 ἐκκρεμεῖς,
1302 1221 1371 1252 οὕτω
1384 1221 1506 1262 δέχονται
1530 1221 1579 1259 τὴν
1599 1222 1663 1262 παρ’
1683 1221 1786 1259 ἐκείνης

1008 1267 1116 1308 τροφήν.
1139 1268 1220 1298 Οὕτω
1239 1268 1284 1298 καὶ
1305 1269 1381 1307 ὑμεῖς
1403 1267 1471 1308 μετὰ
1488 1269 1590 1304 πολλῆς
1613 1269 1662 1303 τῆς
1687 1270 1785 1308 προθυ·

212 1315 362 1345 doctrinam
382 1313 518 1354 excipitis,
543 1319 569 1341 et
593 1318 735 1350 antequam
758 1312 842 1341 verba
863 1321 898 1340 ex
911 1321 958 1341 ore
964 1338 1000 1357 ²79
1010 1314 1072 1353 μίας
1086 1315 1152 1354 πρὸς
1174 1314 1219 1344 τὸν
1237 1314 1349 1354 λέγοντα
1367 1314 1508 1354 βλέποντες
1519 1336 1528 1350 ,
1549 1314 1655 1355 δέχεσθε
1669 1314 1718 1351 τὴν
1732 1314 1786 1344 ἀπὸ

210 1361 346 1398 exsiliant,
360 1371 390 1390 ea
412 1359 502 1389 studio
517 1369 614 1398 magno
632 1358 722 1387 omnia
740 1357 875 1398 abripitis.
888 1358 958 1395 Quis
973 1368 992 1390 Α
1008 1362 1055 1396 τῆς
1068 1360 1188 1399 γλώττης
1206 1359 1382 1399 κομιζομένην
1397 1362 1459 1399 ὓμῑν
1473 1360 1602 1398 διάλεξιν,
1620 1360 1665 1390 καὶ
1687 1360 1749 1400 πρὶν
1767 1360 1785 1395 ἢ

211 1418 264 1438 non
278 1414 305 1437 et
317 1418 366 1437 vos
376 1414 402 1436 et
416 1417 466 1436 nos
479 1417 560 1446 super
569 1406 612 1434 his
632 1405 723 1434 beatos
736 1404 874 1444 praedicet,
893 1405 956 1443 quia

213 1465 308 1495 nempe
325 1453 463 1493 loquimur
480 1452 535 1481 Ad
551 1461 636 1481 aures
658 1451 861 1481 audientium?
874 1452 956 1481 Com-

213 1501 302 1530 munis
314 1500 403 1536 labor,
418 1498 567 1529 eommunis
583 1505 609 1527 et
620 1508 717 1527 corona
725 1510 734 1536 ;
759 1508 901 1527 commune
915 1498 955 1527 lu-

212 1558 300 1586 crum,
316 1546 466 1577 communis
485 1546 565 1575 etiam
586 1552 612 1575 et
625 1555 735 1574 merces.
751 1544 815 1574 Ideo
833 1544 959 1574 Christus

212 1594 303 1624 beatos
321 1592 478 1633 praedicavit
496 1591 645 1631 discipulos
666 1590 758 1620 dicens
771 1603 778 1619 z
793 1592 888 1620 Vestri
902 1601 959 1620 αιι-

214 1647 269 1669 tem
295 1641 372 1668 beati
400 1639 479 1667 oculi
493 1661 502 1674 ,
517 1639 588 1677 quia
610 1637 730 1673 vident,
744 1643 772 1665 et
801 1646 887 1666 aures
904 1647 958 1665 ve-

213 1691 291 1723 strae,
304 1688 375 1726 quia
385 1685 522 1714 audiunt.
533 1682 678 1713 Concedite
691 1683 759 1712 mihi
773 1689 803 1712 ut
816 1683 859 1712 his
874 1683 954 1712 etiam

213 1732 302 1761 verbis
320 1742 368 1761 vos
390 1731 530 1769 alloquar,
550 1728 767 1768 quandoquidem
785 1735 885 1758 tantam
909 1740 959 1759 ex—

211 1777 311 1806 hibetis
331 1776 495 1806 alacritatem
509 1776 626 1805 :Vestri
651 1780 749 1804 autem
772 1775 851 1804 beati
868 1776 959 1812 oculi,

212 1825 282 1862 quia
304 1824 419 1859 vident,
442 1828 470 1851 et
491 1831 577 1851 aures
597 1826 718 1856 vestrm,
733 1822 804 1860 quia
822 1823 957 1851 audiunt.

1007 1406 1040 1435 τὰ
1067 1406 1175 1446 ῥήματα
1185 1403 1335 1443 ἐκπηδῆσαι
1347 1409 1394 1436 τοῦ
1408 1406 1538 1446 στόματος
1551 1409 1644 1446 ἡμῶν,
1660 1407 1780 1447 ἥρπασεν

1008 1456 1025 1489 ἡ
1039 1453 1140 1483 διάνοια
1151 1452 1185 1482 τὰ
1197 1453 1338 1493 λεγόμενα.
1355 1453 1380 1482 T
1383 1452 1405 1486 ίς
1417 1449 1461 1483 οὖν
1475 1453 1523 1482 οὖκ
1537 1452 1568 1482 ἂν
1586 1453 1632 1483 καὶ
1652 1454 1721 1492 ὑμᾶς
1734 1452 1779 1482 καὶ

1010 1501 1083 1538 ἡμᾶς
1097 1499 1141 1528 ἐπὶ
1161 1499 1260 1532 τούτοις
1275 1498 1444 1539 μακαρίσειεν
1456 1521 1465 1536 ,
1485 1498 1526 1528 ὅτι
1538 1498 1649 1538 λέγομεν
1661 1500 1710 1533 Εἰς
1722 1493 1780 1527 ὦτα

1009 1546 1170 1581 ἅκουόντων;
1194 1545 1286 1578 Κοινὸς
1299 1548 1314 1575 ὃ
1334 1544 1424 1581 πόνος,
1449 1545 1535 1578 κοινὸς
1553 1545 1599 1575 καὶ
1611 1547 1625 1574 ὁ
1636 1544 1763 1585 στέφανος
1773 1557 1780 1564 ·

1010 1591 1095 1621 κοινὸν
1109 1591 1138 1621 τὸ
1152 1591 1256 1631 κέρδος,
1269 1590 1355 1624 κοινὸς
1369 1590 1415 1620 καὶΙ
1427 1593 1442 1621 ὁ
1461 1590 1563 1630 μισθός.
1576 1590 1629 1620 Διὰ
1644 1593 1723 1620 τοῦτο
1734 1590 1781 1620 καὶ

1009 1639 1023 1666 ὁ
1034 1637 1147 1677 Χριστὸς
1163 1636 1309 1677 ἐμακάρισε
1325 1636 1386 1670 τοὺς
1400 1635 1520 1676 μαθητὰς
1531 1636 1631 1675 λέγων·
1645 1635 1738 1676 εΥμ.ιίἶ’)ν
1752 1636 1780 1667 δὲ

1010 1682 1137 1723 μακάριοι
1154 1684 1178 1713 οἱ
1196 1683 1342 1723 ὀφθαλμοὶ,
1366 1683 1407 1713 ὅτι
1433 1683 1577 1723 βλέπουσι,
1600 1683 1646 1713 καὶ
1665 1682 1700 1713 τὰ
1723 1677 1781 1713 ὦτα

1009 1732 1099 1768 ὑμῶν,
1118 1729 1158 1759 ὅτι
1175 1729 1307 1759 ἀκούουσι.
1321 1729 1390 1759 Δότε
1404 1741 1450 1769 μοι
1462 1732 1546 1759 ταῦτα
1561 1729 1595 1759 τὰ
1607 1729 1715 1770 ῥήματα
1734 1729 1780 1759 καὶ

1009 1776 1075 1816 πρὸς
1089 1778 1157 1815 ὑμᾶς
1170 1777 1264 1812 εἰπεῖν,
1279 1775 1370 1812 ἐπειδὴ
1383 1776 1429 1805 καὶ
1441 1775 1490 1812 τὴν
1504 1775 1587 1812 αὐτὴν
1601 1775 1780 1805 ἐπιδείκνυσθε

1009 1821 1173 1860 προθυμίαν·
1188 1821 1281 1860 “Υμῶν
1293 1820 1321 1851 δὲ
1334 1821 1460 1861 μακάριοι
1473 1823 1497 1851 οἱ
1508 1821 1654 1861 ὀφθαλμοὶ,
1665 1820 1707 1850 ὅτι
1719 1820 1780 1860 βλέ-

212 1871 319 1899 Verum
334 1868 407 1908 quod
431 1878 508 1898 aures
532 1866 642 1906 quidem
662 1874 757 1896 vestrae
776 1867 886 1895 audiant
909 1878 958 1907 pa-
975 1875 994 1898 1·
1009 1879 1104 1902 πουσι,
1123 1868 1169 1897 καὶ
1186 1867 1220 1896 τὰ
1241 1862 1298 1896 ωτα
1320 1868 1412 1906 ὑμῶν,
1433 1867 1474 1896 ὅτι
1493 1867 1641 1897 ἀκούουσιν.
1656 1867 1732 1897 Ἀλλ’·
1737 1864 1781 1897 ’ὅτι

212 1915 267 1944 lam
289 1922 349 1944 est:
370 1913 444 1953 quod
461 1913 534 1942 oculi
557 1923 622 1942 vero
641 1912 724 1942 vestri
746 1911 873 1948 videant,
888 1914 959 1942 sicut

212 1960 340 1999 discipuli
355 1966 419 1988 tunc
432 1958 560 1988 videbant
569 1980 576 1994 ,
588 1957 616 1986 id
628 1957 811 1986 demonstrare
824 1958 957 1994 conabor,

213 2013 243 2035 ut
268 2005 406 2035 beatitudo
433 2011 519 2034 vestra
544 2014 596 2032 non
622 2003 737 2032 dimidia
751 2026 758 2039 ‚
775 2003 823 2032 sed
848 2004 958 2033 omnino

213 2053 328 2092 perfecta
342 2052 387 2081 sit.
401 2051 476 2088 Quid
489 2060 552 2089 ergo
579 2057 643 2079 tunc
665 2050 793 2080 videbant
806 2050 958 2090 discipuli?

213 2098 341 2127 Mortuos
364 2097 514 2133 suscitatos,
531 2107 613 2125 caecos
629 2096 718 2125 visum
738 2096 908 2136 recipientes,
923 2096 958 2125 le-

214 2155 308 2184 prosos
321 2143 475 2181 mundatos,
491 2142 583 2183 pulsos
602 2142 749 2180 daemonas,
764 2143 878 2172 claudos
899 2154 958 2172 am-

214 2190 349 2227 bulantes,
362 2196 462 2218 uaturae
476 2189 574 2219 vitium
589 2199 667 2217 omne
681 2195 840 2217 correctum.
856 2189 920 2218 Haec
932 2196 958 2218 et

212 2246 284 2265 nunc
296 2246 344 2266 vos
365 2234 475 2272 videtis,
499 2234 603 2264 etiamsi
617 2244 670 2263 non
689 2233 821 2273 corporis,
833 2233 879 2263 sed
894 2234 958 2263 fidei

60 2292 86 2313 Η
89 2293 125 2314 le'
144 2292 202 2314 oculi
213 2281 310 2311 oculis.
326 2280 489 2321 Hujusmodi
504 2290 620 2319 namque
633 2286 695 2309 sunt
709 2279 773 2308 fidei
790 2279 883 2308 oculi.
898 2290 958 2318 quae

61 2363 108 2381 quil:

62 2390 79 2405 a}

125 2324 202 2406 ἶεῗὲ
196 2328 266 2356 ιῐιοῐι
280 2334 409 2368 apparent
431 2327 533 2364 vident,
549 2334 575 2356 et
588 2337 647 2366 quae
671 2325 792 2356 nondum
805 2326 874 2356 sacta
895 2334 956 2356 sunt
974 2342 993 2366 C

171 2391 200 2407 21,
214 2374 376 2413 intelligunt.
389 2372 532 2402 Undenam
554 2372 607 2402 hoc
630 2372 838 2408 demonstratur,
862 2382 958 2411 nempe

60 2418 90 2466 ΞΓ·
88 2417 133 2467 ndfffl
143 2386 168 2444 Ph
162 2425 202 2438 ‘³³-
213 2419 295 2449 fidem
309 2430 365 2449 essc
377 2426 513 2459 aspectum
523 2425 742 2457 etargumentum
755 2429 808 2447 non
822 2428 957 2458 apparen-

159 2455 201 2468 nun

76 2478 110 2497 stc]
112 2478 153 2498 ba„
157 2482 172 2498 1
213 2465 308 2494 tium?
323 2465 395 2494 Audi
414 2465 530 2494 Paulum
541 2464 692 2493 dicentem:
706 2465 762 2493 Est
775 2470 872 2492 autem
880 2464 958 2503 fides

64 2508 131 2529 ‘¹'·²‘¹'
139 2515 173 2530 ¹¹·
181 2514 200 2530 ¹
213 2511 422 2549 sperandarum
441 2511 606 2540 substantia
630 2520 736 2547 rerum,
750 2515 958 2549 argumentum

214 2567 273 2584 non
281 2556 531 2595 apparentium.Et
542 2555 615 2594 quod
627 2555 750 2584 mirabile
765 2562 814 2592 est,
825 2556 853 2584 hi
867 2566 957 2585 carna-

212 2602 250 2630 lcs
265 2602 334 2630 oculi
356 2612 413 2640 quae
432 2602 482 2631 sub
503 2608 639 2640 aspectum
655 2601 763 2637 cadunt,
778 2601 880 2637 vident,
896 2613 954 2639 quoe

1010 1914 1082 1952 μὲν“
1072 1926 1145 1952 υμων
1160 1907 1227 1942 *tat*
1207 1925 1264 1942 ωτα
1277 1912 1377 1948 ἀκούει,
1386 1913 1474 1947 δῆλον·
1488 1913 1528 1942 ὅτι
1543 1913 1570 1942 δὲ
1585 1913 1630 1942 καὶ
1645 1914 1669 1942 οἱ
1680 1914 1779 1953 ὀφθαλ-

1009 1960 1054 1998 μοὶ
1074 1959 1218 1999 βλέπουσι,
1242 1958 1362 1998 καθάπερ
1383 1958 1494 1988 {me-nov
1516 1959 1540 1988 οἱ
1561 1959 1678 1997 μαθηταὶ
1702 1958 1762 1988 τότε
1771 1980 1779 1994 ,

1009 2008 1085 2035 τοῦτο
1097 2005 1233 2039 ἀποδεῖξαι
1246 2004 1422 2044 πειράσομαι,
1436 2003 1480 2033 ἵνα
1490 2004 1527 2043 μὴ
1537 2004 1564 2039 ἐξ
1577 2004 1709 2043 ἡμισείας,
1719 2005 1779 2034 ἀλλ’

1008 2051 1151 2091 ὁλόκληρος
1162 2053 1236 2090 ὑμῶν
1247 2052 1260 2080 δ
1273 2050 1440 2090 μακαρισμὸς
1453 2045 1481 2089 ᾗ
1496 2051 1521 2079 Τ
1523 2049 1532 2078 ί
1541 2045 1586 2079 οὖν
1599 2050 1711 2080 ἔὸλεπον
1720 2050 1780 2080 τότε

1009 2099 1033 2127 οἱ
1047 2097 1165 2136 μαθηταί
1170 2108 1178 2133 ;
1193 2096 1309 2136 Νεκροὺς
1323 2095 1526 2135 ἀνισταμένους,
1540 2095 1652 2136 τυφλοὺς
1666 2097 1779 2127 ἀναὸλέ-

1009 2155 1122 2179 ποντας,
1144 2142 1256 2182 λεπροὺς
1274 2142 1478 2182 καθαιρομένους
1487 2165 1494 2179 ,
1522 2142 1646 2181 δαίμονας
1670 2144 1780 2172 ἐλαυνο-

1011 2189 1117 2228 μένους,
1131 2188 1233 2229 χωλοὺς
1246 2187 1414 2228 βαδίζοντας,
1428 2188 1499 2217 ἅπαν
1517 2188 1618 2228 φύσεως
1633 2188 1781 2229 ἁμάρτημα

1010 2234 1200 2275 διορθούμενον.
1214 2235 1309 2263 Ταῦτα
1323 2233 1434 2273 βλέπετε
1455 2233 1500 2263 καὶ
1519 2236 1593 2272 ὑμεῖς
1611 2237 1674 2272 νῦν,
1694 2236 1718 2264 εἰ
1735 2234 1781 2264 καὶ

1011 2281 1047 2320 μὴ
1060 2285 1113 2314 τοῖς
1127 2282 1173 2309 τοῦ
1188 2279 1310 2318 σώματος
1319 2302 1327 2316 ,
1342 2278 1410 2308 ἀλλὰ
1423 2283 1478 2313 τοῖς
1495 2281 1543 2316 τῆς
1554 2280 1667 2314 πίστεως
1680 2281 1780 2321 ὀφθαλ-

1011 2331 1079 2366 μοῖς.
1092 2328 1221 2356 Τοιαῦται
1234 2325 1285 2365 γὰρ
1297 2326 1325 2354 αἱ
1335 2326 1384 2360 τῆς
1394 2325 1508 2359 πίστεως
1521 2325 1606 2366 ὄψεις·
1620 2326 1654 2356 τὰ
1668 2326 1705 2365 μὴ
1717 2338 1778 2366 φαι-

1010 2373 1107 2412 νόμενα
1119 2372 1245 2412 βλέπουσι
1259 2394 1268 2407 ,
1286 2371 1332 2400 καὶ
1353 2370 1387 2400 τὰ
1406 2371 1518 2410 μηδέπω
1531 2372 1684 2412 πραχθέντα
1698 2384 1780 2401 κατα-

1009 2421 1108 2447 νοοῦσι.
1122 2417 1206 2447 Πόθεν
1219 2419 1297 2446 τοῦτο
1313 2417 1392 2453 δῆλον
1400 2439 1408 2453 ,
1426 2417 1466 2446 ὅτι
1478 2416 1567 2451 πίστις
1582 2417 1640 2457 ὄψις
1655 2417 1711 2447 ἐστὶ
1727 2419 1780 2447 τῶν

1011 2464 1048 2503 μὴ
1060 2463 1228 2503 βλεπομένων
1237 2462 1283 2492 καὶ
1295 2462 1416 2503 ἔλεγχος;
1427 2462 1554 2492 Ἄκουσον
1565 2465 1611 2492 τοῦ
1621 2462 1729 2493 Παύλου
1739 2463 1781 2493 λέ·

1010 2522 1114 2549 γοντος·
1127 2510 1163 2539 F
1165 2522 1207 2539 στι
1223 2509 1250 2538 δὲ
1264 2508 1353 2543 πίστις
1367 2509 1544 2549 ἐλπιζομένων
1558 2509 1702 2543 ὑπόστασις
1715 2522 1780 2550 πρα-

1009 2556 1126 2595 γμάτων,
1136 2555 1241 2595 ἔλεγχος
1248 2556 1277 2584 οὖ
1290 2555 1468 2594 βλεπομένων.
1478 2554 1531 2584 Καὶ
1541 2554 1571 2584 τὸ
1580 2554 1612 2591 δὴ
1619 2556 1780 2594 θαυμαστον,

1009 2598 1079 2630 ουτοι
1104 2602 1135 2639 μὲ
1138 2614 1150 2629 ν
1172 2603 1194 2629 οἱ
1210 2603 1256 2636 τῆς
1278 2600 1373 2640 σαρκὸς
1392 2600 1520 2639 ὀφθαλμοὶ
1542 2601 1574 2629 τὰ
1590 2600 1638 2639 μὲν
1659 2602 1780 2641 ὁρώμενα
