1890 2826
568 166 612 188 DE

99 228 250 268 Προᾶλαόοη
270 228 316 258 τὸν
335 228 450 273 xpm-toy
471 227 497 256 αἱ
518 228 540 257 Γ
542 227 623 267 ραφαὶ
641 228 744 266 πρῶτον
763 226 865 265 κηρύτ-

95 282 197 310 τουσαι,
211 274 257 303 καὶ
269 274 328 304 τότε
348 270 426 310 ἦλθεν
442 275 456 303 ὁ
477 272 696 314 μαρτυρούμενος.
710 272 864 312 Προέλαὸον

95 322 124 349 αἱ
137 319 289 360 μαρτυρίαι,
299 319 342 349 ἵνα
355 322 482 360 πιστευθῇ
490 321 504 349 ὁ
517 319 735 359 μαρτυρούμενος.
746 318 866 357 Προέλα-

94 365 140 394 ὅεν
161 367 175 395 ὁ
192 365 280 404 νόμος,
296 365 340 395 ἶνα
357 365 458 406 κηρύξῃ
476 365 521 395 τὸν
539 365 691 404 νομοθέτην.
710 363 864 404 Προέλαὸον

93 412 239 450 προφῆται,
252 410 295 440 ἵνα
305 411 486 452 ἑρμηνεύσωσι
498 411 544 441 τὸν
559 410 797 451 προφητευόμενον.
810 410 865 439 Καὶ

91 456 145 496 ὅρα
157 459 203 486 τοῦ
217 458 287 487 Θεοῦ
297 456 346 492 τὴν
356 457 460 497 σοφίαν.
468 456 526 490 Τὰς
537 456 645 497 Γραφὰς
655 457 708 485 τῶν
721 457 864 496 προφητῶν

92 504 127 532 οὔ
146 502 328 543 συνεχώρησεν
343 504 370 532 ἐν
383 505 417 543 τῇ
431 502 580 543 Ἐκκλησία
605 502 683 542 μόνον
697 497 773 539 εἶναι,
795 501 864 531 ἀλλὰ

91 548 142 578 καὶ
161 548 227 589 πρὸς
248 548 407 583 Ἰουδαίους·
421 548 465 578 ἵνα
486 549 656 589 ἐλέγχωνται,
677 549 764 579 εἴασεν
784 548 864 582 αὐτὰς

92 594 142 624 καὶ
153 594 226 635 παρὰ
237 594 373 629 Ἰουδαίοις
385 599 438 629 τοῖς
447 595 568 630 ἀναξίοις,
582 600 637 636 τοῖς
647 595 796 636 θεομάχοις,
810 599 865 628 τοῖς

94 642 198 680 ἐχθροῖς
206 643 252 670 τοῦ
259 641 386 681 Χριστοῦ.
396 641 475 670 Διατί
484 636 528 671 οῧν
538 643 616 670 τοῦτο
622 640 762 677 πεποίηκε,
770 641 815 670 καὶ
826 636 863 680 μὴ

91 686 189 716 ἔλαθεν
203 687 284 720 αὗτὰς
300 688 364 727 παρ’
385 688 471 716 αὐτῶν
483 699 491 724 ;
504 687 615 727 Φανερὰ
631 689 649 723 ἡ
671 687 752 723 αἰτία,
771 686 816 717 καὶ
835 688 864 717 οὗ

93 733 194 768 πολλῆς
201 735 365 769 κατασκευῆς
374 733 493 773 δεομένη.
505 733 563 763 Ἵνα
570 733 718 763 ἀνύποπτον
726 729 744 773 ᾗ
762 733 793 762 τὸ
801 734 864 772 ἐμὸν

94 779 228 819 κήρυγμα.
244 781 279 809 Εἰ
291 779 368 819 μόνος
381 775 451 819 εἶχον
467 779 527 813 τοὺς
542 780 687 820 προφήτας,
697 781 758 815 ἐνῆν
774 782 864 810 ἀντει-

92 829 154 855 πεῖν
168 827 207 866 τῷ
227 827 390 855 ἀπιστοῦντι.
407 825 563 864 Ἐτόλμησα
575 827 659 855 εἰπεῖν
677 826 739 866 ἐγὼ,
751 826 792 856 ὅτι
806 821 861 856 εἶπε

95 873 222 909 Μωῦσῆς,
243 866 356 911 ἢῖεἶπεν
383 870 505 907 εΗσαΐας,
525 870 544 906 ἢ
565 866 621 901 εἶπε
646 871 677 901 τὸ
695 872 788 902 λοιπὸν
810 874 862 901 τῶν

94 917 236 958 προφητῶν
247 917 346 957 τάγμα,
360 916 422 957 περί
431 928 461 946 τε
474 917 600 957 Χριστοῦ,
611 917 656 947 καὶ
674 920 727 947 τιῗω
739 917 808 947 κατὰ
819 919 863 948 τὸν

92 962 184 1003 καιρὸν
198 965 246 999 τῆς
257 962 401 1003 παρουσίας
418 963 496 992 αὗτοῦ
510 962 707 1001 γενησομένων;
722 963 803 1000 Ἐνῆν
817 965 864 993 ἀν-

93 1014 193 1040 τειπεῖν
207 1013 245 1051 τῷ
266 1010 417 1050 βουλομένῳ
430 1009 475 1039 καὶ
489 1010 598 1050 φάσκειν
612 1019 619 1027 ·
631 1010 708 1039 πόθεν
724 1014 809 1049 τοῦτο,
824 1002 865 1041 ὅτι

94 1059 214 1093 Μωῢοῆς
232 1057 333 1096 ἐγένετό
353 1068 394 1090 τις
417 1056 570 1096 προφήτης,
592 1056 638 1086 καὶ
659 1052 716 1086 εἷπε
728 1060 821 1094 ταῦτα,
846 1058 863 1093 ἢ

92 1103 230 1143 ἐκήρυξεν,
254 1105 290 1136 ὡς
308 1102 456 1139 ἠθελήσατε
480 1105 555 1139 ὑμεῖς
578 1103 602 1131 οἱ
622 1103 778 1142 Χριστιανοὶ
799 1103 864 1143 πρὸς

638 165 746 188 ΜΕΝΒῘ
773 164 963 188 CREATIONE
989 165 1114 188 ORATIO
1143 166 1190 189 IV.

1592 154 1655 189 531

919 233 1000 255 raret.
1019 227 1094 256 Fecit
1106 227 1242 263 alimenta,
1256 233 1282 256 et
1293 233 1352 267 post
1364 236 1395 256 ea
1410 237 1468 266 quae
1480 227 1513 256 iis
1527 227 1662 257 alerentur

919 271 1041 302 condidit
1049 283 1058 310 ;
1080 272 1167 313 primo
1183 273 1216 302 ad
1239 284 1317 302 usum
1338 274 1495 310 necessaria,
1509 273 1608 303 deinde
1621 274 1662 302 in—

918 317 995 346 ducit
1015 329 1045 347 ea
1065 329 1124 357 quae
1139 319 1194 348 illis
1209 326 1355 348 uterentur.
1380 319 1485 348 Eodem
1498 319 1578 348 modo
1592 330 1620 348 se
1634 319 1661 348 in

917 364 1064 403 Scripturis
1089 365 1178 405 gessit.
1205 366 1409 394 Antecesserunt
1428 364 1569 394 Christum
1590 365 1663 394 Scri-

917 417 1003 450 pturae
1017 411 1107 451 ipsum
1127 411 1312 451 praedicantes,
1332 418 1359 441 et
1378 418 1443 441 tunc
1454 411 1529 441 venit
1543 411 1566 440 is
1579 422 1661 450 quem

917 455 1109 495 praedicabant.
1132 458 1324 486 Praecesscrunt
1346 457 1508 494 testimonia,
1525 463 1554 485 ut
1567 456 1659 486 crede-

917 508 991 531 retur
1003 502 1039 539 εἰ,
1053 501 1087 531 de
1100 512 1154 540 quo
1167 502 1350 531 testimonium
1364 503 1508 531 ferebatur.
1523 502 1662 532 Praecessit

915 547 973 585 lex,
986 554 1017 577 ut
1028 547 1184 587 praedicaret
1193 547 1380 587 legislatorem.
1395 549 1590 578 Przecesserunt
1600 559 1662 588 pro-

916 594 1003 634 phetae
1010 617 1020 631 ,
1035 601 1066 624 ut
1087 594 1166 623 illum
1179 594 1344 623 declararent
1357 594 1392 623 de
1406 605 1460 632 quo
1479 595 1661 625 vaticinaban-

882 639 901 662 E
916 646 972 669 tur.
991 642 1031 669 Ac
1043 639 1108 670 vide
1120 639 1279 679 sapientiam
1292 639 1355 668 Dei.
1370 639 1525 679 Scripturas
1543 641 1661 681 prophe-

916 692 1004 715 tarum
1011 696 1065 715 non
1078 686 1142 716 sivit
1151 685 1179 714 in
1187 684 1308 714 Ecclesia
1318 684 1406 714 selum
1417 695 1483 723 esse,
1494 685 1542 716 sed
1551 694 1580 716 et
1585 687 1660 727 apud

915 732 1025 763 Judaeos
1038 745 1046 762 ι
1061 739 1092 762 ut
1105 732 1147 761 illi
1161 738 1378 771 coarguerentur‚
1402 732 1512 771 reliquit
1528 743 1573 762 eas
1586 734 1661 774 apud

915 779 932 809 J
935 779 1024 809 udaeos
1045 778 1182 819 indignos,
1203 778 1255 807 Dei
1277 778 1378 814 hostes,
1401 778 1503 808 Christi
1523 779 1658 810 inimicos.

915 826 971 855 Gur
983 835 1046 865 ergo
1057 825 1087 854 id
1098 825 1172 862 fecit,
1183 834 1232 853 noc
1244 824 1279 853 ab
1292 823 1348 852 illis
1362 823 1515 864 Scripturas
1526 825 1660 855 abstulit?

914 870 1035 902 Evidens
1048 882 1128 900 causa
1141 877 1190 908 est,
1205 880 1254 899 uec
1267 870 1351 899 multa
1364 869 1522 909 probatione
1533 881 1600 911 opus
1614 871 1660 901 ha-

914 918 969 947 bet.
979 919 1018 948 Ut
1030 916 1185 958 praedicatio
1196 927 1255 946 mea
1264 926 1317 945 non
1328 923 1450 956 suspecta
1459 924 1536 946 esset.
1545 917 1576 947 Si
1584 918 1659 948 solus

913 964 1057 1004 prophetas
1074 963 1213 998 haberem,
1226 969 1317 1002 posset
1339 962 1498 992 incredulus
1519 964 1659 994 contradi-

914 1020 983 1040 cere.
1005 1011 1130 1039 Aususne
1150 1019 1235 1038 essem
1248 1019 1297 1048 ego
1318 1007 1419 1044 dicere,
1435 1008 1513 1038 Dixit
1536 1011 1657 1050 Moyses,

914 1057 986 1087 dixit
996 1056 1090 1093 Isaias,
1099 1061 1145 1087 aut
1156 1054 1228 1084 dixit
1238 1055 1359 1093 reliquus
1373 1054 1564 1094 prophetarum
1576 1056 1656 1094 ordo,

914 1101 948 1131 de
961 1101 1079 1139 Christo,
1093 1106 1118 1129 et
1131 1099 1166 1128 de
1184 1099 1218 1128 iis
1235 1109 1296 1138 quae
1314 1106 1436 1139 tempore
1455 1098 1586 1129 adventus
1599 1101 1658 1141 ejus

94 1149 220 1179 σύστασιν
231 1151 284 1178 τῶν
294 1148 396 1178 οἰκείων
405 1147 542 1187 δογμάτων
550 1148 596 1177 καὶ
605 1148 742 1189 προφήτας
752 1149 863 1183 πλάσαι,
872 1151 908 1201 4ζῖ
914 1155 1041 1178 eventura
1055 1146 1150 1176 erant?
1165 1147 1271 1175 Poterat
1283 1145 1375 1184 quivis
1396 1145 1557 1185 respondere
1573 1157 1581 1175 ε
1595 1148 1657 1177 Un-

94 1195 140 1225 καὶ
159 1195 276 1234 ὀνόματα
302 1197 442 1233 μυθεῦσαι,
461 1196 539 1233 ἡμεῖς
559 1195 590 1223 ἐκ
611 1194 703 1224 τούτου
726 1194 863 1235 πρόκριμα

91 1241 232 1281 ’ὀφείλομεν
256 1240 411 1280 {impiarum
433 1241 489 1270 Νῦν
512 1239 539 1269 δὲ
561 1245 636 1269 πᾶσα
657 1242 696 1280 τῷ
719 1240 862 1280 ἀντιλέγειν

92 1286 255 1327 βουλομένῳ,
264 1286 314 1316 κᾶν
328 1285 432 1325 μακρὰν
443 1285 530 1326 ἔχοντι
541 1285 726 1325 δικαιολογίαν,
738 1286 863 1327 περιῄρη-

92 1345 138 1363 ται
163 1331 301 1372 πρόφοισις,
322 1331 366 1362 διὰ
393 1331 424 1361 τὸ
441 1330 539 1365 ταύτας
559 1331 607 1364 τὰς
632 1332 776 1371 μαρτυρίας
798 1334 861 1372 παρ’

92 1380 183 1411 αὐτοῖς
188 1378 336 1419 τυγχάνειν,
346 1377 377 1411 ἃς
387 1378 464 1416 ἡμεῖς
473 1376 538 1417 πρὸς
549 1377 676 1406 σύστασιν
694 1379 747 1406 τῶν
762 1377 863 1407 οἰκείων

91 1424 206 1466 φέρομεν
226 1424 376 1464 δογμάτων.
400 1423 487 1453 Πόθεν
510 1422 561 1463 γὰρ
584 1423 621 1462 μὴ
641 1422 750 1452 δυνατὸν
763 1423 865 1463 ἐλέγξαι

90 1471 143 1508 τὴν
155 1471 255 1501 wiron
269 1469 449 1511 ῥαδιωργίαν;
462 1469 524 1499 Ἵνα
535 1469 621 1499 τοίνυν
637 1468 674 1507 μὴ
688 1472 773 1498 ταῦτα
786 1470 865 1509 λέγη-

91 1529 148 1555 ται,
158 1517 327 1557 συνεχώρησε
335 1517 400 1555 παρ’
411 1515 517 1548 ἐκείνοις
530 1514 564 1544 τὰ
577 1515 629 1544 τῶν
641 1515 753 1554 Γραφῶν
766 1516 865 1555 τυγχά-

91 1575 147 1593 νειν
169 1563 269 1603 βιὸλία,
288 1562 331 1591 ἵνα
350 1561 400 1592 κᾶν
421 1561 474 1600 ἐγὼ
490 1562 629 1596 ἀπιστηθῶ
649 1562 684 1594 ὡς
704 1561 770 1600 πρὸς
783 1562 862 1601 χάριν

92 1610 147 1639 τῶν
162 1608 265 1638 οἰκείων
283 1607 420 1647 δογμάτων
438 1606 619 1645 ’πλαττόμενος
636 1606 680 1635 διὰ
699 1606 747 1643 τὴν
766 1608 862 1637 οἰκειό.
879 1631 881 1633 ,

93 1665 172 1691 τητα,
186 1655 280 1683 ἐκεῖνοι
293 1653 453 1682 mmmmm
465 1651 508 1681 διὰ
518 1651 566 1688 τὴν
581 1652 781 1692 ἀλλοτριότητα.
796 1652 862 1682 Ἐὰν

94 1698 231 1739 ἐρωτήσῃς
242 1699 379 1735 Ἰουδαῖον,
390 1698 420 1726 οὖ
431 1697 501 1737 λέγω
511 1697 557 1726 τὸν
570 1698 678 1737 χυδαῖον
692 1697 737 1728 καὶ
749 1698 860 1737 δημώδη

92 1745 185 1785 ὄχλον,
195 1744 264 1774 ἀλλὰ
276 1744 319 1773 τὸν
331 1743 402 1776 ἐντὸς
412 1742 490 1782 λόγου
501 1743 547 1772 καὶ
559 1743 650 1782 νόμου,
663 1743 720 1773 ἔστι
733 1744 860 1784 Χριστόςς

94 1790 141 1820 καὶ
154 1791 184 1819 οὖ
201 1790 274 1829 λέγει
293 1789 334 1818 ὅτι
354 1790 403 1818 οὐκ
420 1788 504 1824 ἔστιν,
519 1789 577 1818 ἀλλ’
598 1789 638 1818 ὅτι
656 1789 712 1819 ἐστὶ
734 1790 791 1829 μὲν,
813 1792 862 1831 οὐχ

94 1832 169 1870 οὗτος
179 1836 207 1866 δὲ
222 1835 251 1865 ὃν
260 1837 335 1874 ὗμεῖς
342 1834 442 1874 λέγετε,
456 1835 514 1864 ἀλλ’
529 1834 620 1869 ἄλλος·
630 1835 696 1869 τέως
707 1836 737 1866 τὸ
750 1841 862 1876 πρᾶγμα

93 1882 144 1911 οὐκ
157 1880 291 1920 ἀνέτρεψε,
305 1879 366 1919 περὶ
380 1879 407 1908 δὲ
420 1879 451 1908 τὸ
464 1879 604 1919 πρόσωπον
621 1879 767 1910 ἐδίστασεν.
782 1880 862 1910 Ἄλλο

95 1924 124 1954 δι’
134 1926 205 1954 ἔστιν
218 1923 383 1964 ἀρνήσασθαι
392 1928 512 1963 πρᾶγμα,
524 1923 589 1953 ἄλλο
597 1923 626 1953 δὲ
638 1923 789 1963 πρόσωπον.
798 1921 862 1954 Οἶον

93 1971 141 2001 ἐάν
157 1982 197 2004 τις
209 1969 290 2010 ἑνάγῃ
306 1981 351 2009 μοι
365 1981 399 1998 πε
415 1969 426 1998 l
438 1969 546 2009 χρέους,
558 1969 624 1999 ἄλλο
637 1969 708 1999 ἐστὶν
727 1972 819 2007 εἰπεῖν,
833 1972 863 2000 οὖ

94 2016 231 2055 χρεωστῶ,
244 2013 290 2043 καὶ
310 2013 376 2042 ἄλλο
388 2024 420 2048 ην
434 2014 526 2048 εἰπεῖν,
545 2014 574 2042 οὗ
589 2013 630 2042 σοὶ
646 2015 783 2054 χρεωστῶ,
804 2015 864 2045 ἀλλ’

94 2059 177 2100 ἄλλῳ.
191 2058 266 2093 Τέως
278 2058 309 2088 τὸ
321 2058 398 2098 χρέος
413 2058 591 2097 ὡμολόγηται.
611 2058 677 2089 Ὅτι
691 2059 738 2099 μὲν
752 2056 796 2090 οὖν
808 2061 864 2090 ἐστι

95 2099 220 2144 Χριστὸς,
231 2105 412 2144 ὁμολογοῦσιν,
420 2103 616 2145 ἀμφιὸάλλουσι
629 2105 657 2134 δὲ
673 2107 697 2134 εἷ
709 2101 783 2139 οὗτός
793 2107 865 2135 ἐστιν

94 2151 112 2178 ὁ
123 2151 186 2188 παρ’
198 2151 274 2187 ἡμῶν
286 2148 486 2189 κηρυττόμενος,
498 2149 543 2178 καὶ
557 2149 602 2179 τὸν
616 2149 654 2188 μὴ
668 2149 730 2179 ὄντα
744 2149 866 2189 ἐκδέχον-

96 2205 151 2230 ται,
164 2194 256 2230 ἐπειδὴ
269 2194 313 2223 τὸν
328 2194 391 2224 ὄντα
407 2193 565 2233 ἠρνήσαντο.
577 2195 630 2224 Καὶ
650 2195 766 2235 πρόσεχε
785 2195 864 2225 αὐτὸν

96 2239 140 2269 τὀν
151 2239 293 2278 νομοθέτην
302 2238 420 2269 Μωῦσέα
437 2240 504 2279 αὐτῇ
518 2242 551 2279 τῇ
569 2243 614 2269 τοῦ
628 2234 764 2281 ἀνθρώπου
781 2253 866 2270 κατα-

94 2287 178 2325 σκευῇ
199 2284 371 2324 εἰσαγαγόντα
385 2285 429 2314 τὸν
442 2285 507 2314 Υἱὸν
528 2285 574 2315 καὶ
589 2286 638 2322 τὴν
657 2289 753 2326 γνῶσιν
776 2287 865 2316 αὐτοῦ.

98 2327 177 2368 Um,
186 2331 327 2367 Γενηθήτω
341 2329 494 2370 στερέωμα·
509 2325 578 2367 εἶπε,
593 2332 774 2368 Βλαστησᾶτω
786 2333 804 2367 ἡ
816 2334 866 2372 γῆ·

96 2374 168 2416 εἷπε,
190 2377 361 2417 Ἐξαγαγέτω
367 2376 401 2406 τὰ
409 2376 502 2407 ὕδατα.
509 2373 664 2414 ”Οτε4ἧλθεν
676 2380 712 2411 εἷς
719 2378 762 2408 τὸν
771 2378 869 2418 ἄνθρω·

98 2434 160 2460 πον,
173 2421 260 2462 λέγει·
273 2422 327 2452 Καὶ
344 2417 415 2451 εἶπεν
429 2423 443 2451 ὁ
456 2422 533 2458 Θεὸς,
548 2421 700 2461 ποιήσωμεν
722 2423 868 2463 ἄνθρωπον.

102 2467 214 2507 Ἐρωτῶ
228 2466 351 2496 Ἰουδαῖον
362 2478 369 2484 ·
391 2467 414 2494 εἷ
434 2466 511 2505 μόνος
532 2466 656 2505 {adfixa}
676 2467 723 2496 οὐκ
737 2467 794 2496 ἔστι
811 2470 868 2506 μετ’

102 2513 182 2540 αὐτοῦ
194 2510 256 2544 Υἱὸς
268 2509 296 2539 ὃν
310 2509 483 2550 κηρύττομεν,
498 2511 521 2539 εἰ
535 2511 582 2540 οὐκ
597 2509 654 2540 ἔστι
670 2512 782 2551 Πνεῦμα
797 2512 869 2551 ἅγιον

103 2558 118 2587 ὃ
128 2558 332 2597 προσκυνοῦμεν,
342 2555 394 2585 τίνι
402 2551 470 2594 εἷπε,
481 2556 640 2596 Ποιήσωμεν
654 2557 802 2599 ἄνθρωπον,
814 2557 869 2588 Τὸν

883 2190 901 2211 ‘³
917 2204 1006 2234 bitum
1023 2211 1131 2242 reposca

913 1193 1010 1223 denam
1023 1192 1123 1222 scimus
1135 1193 1259 1231 Moysem
1277 1190 1362 1220 fuisse
1376 1191 1547 1230 prophetam,
1563 1198 1589 1221 et
1600 1192 1659 1222 haee

913 1239 1026 1276 dixisse,
1049 1245 1096 1268 aut
1126 1237 1296 1277 praedicasse,
1318 1236 1550 1275 quemadmodum
1580 1238 1659 1268 vobis

914 1284 1073 1316 Christianis
1094 1283 1130 1314 ad
1154 1283 1384 1313 confirmationem
1412 1282 1542 1312 doctrinae
1563 1291 1658 1314 vestrae

914 1332 1046 1362 blaterare
1058 1331 1148 1361 visum
1161 1336 1211 1366 est,
1225 1328 1369 1369 prophetas
1389 1338 1486 1368 nempe
1506 1328 1618 1369 fingere,
1632 1336 1659 1359 et

917 1377 1024 1407 uomina
1034 1376 1155 1406 fabulose
1164 1374 1349 1404 comminisci?
1361 1384 1443 1403 nosne
1452 1374 1581 1404 debemus
1589 1375 1659 1406 hane

916 1422 1101 1453 auctoritatem
1111 1420 1268 1451 admittere?
1280 1421 1358 1449 Nunc
1372 1430 1438 1450 vero
1455 1420 1659 1456 contradicenti,

919 1468 1026 1498 etiamsi
1054 1467 1159 1506 magnis
1184 1465 1305 1495 munitus
1328 1465 1363 1494 sit
1388 1465 1549 1502 ratiociniis,
1574 1467 1661 1496 omnis

916 1515 1022 1544 sublata
1034 1512 1138 1542 occasio
1150 1518 1200 1548 est,
1213 1521 1245 1540 eo
1257 1510 1330 1549 quod
1349 1511 1397 1539 illa
1416 1511 1568 1541 testimonia
1584 1512 1659 1552 apud

915 1560 988 1600 ipsos
998 1558 1120 1599 deposita
1132 1557 1196 1594 sint,
1212 1567 1272 1596 quae
1285 1567 1334 1585 nos
1342 1556 1378 1585 ad
1386 1556 1544 1596 dogmatum
1554 1565 1659 1588 nostro-

914 1616 976 1636 rum
989 1605 1169 1636 defensionem
1187 1603 1334 1632 afferimus.
1350 1602 1432 1632 Unde
1454 1603 1525 1632 enim
1548 1605 1658 1645 coargui

914 1663 966 1684 non
977 1652 1062 1693 possit
1073 1660 1167 1681 eorum
1178 1649 1294 1678 levitas?
1304 1650 1345 1678 Ne
1357 1648 1442 1687 igitur
1454 1649 1511 1679 haec
1523 1649 1657 1688 dicantur,

880 1687 898 1710 B
914 1699 1036 1740 permisit
1049 1704 1079 1726 ut
1096 1696 1161 1725 libri
1175 1695 1375 1735 Scripturarum
1391 1695 1465 1735 apud
1484 1695 1546 1725 illos
1559 1704 1656 1734 essent,

915 1753 945 1775 nt
968 1745 991 1774 si
1012 1743 1081 1774 mihi
1103 1741 1170 1771 fides
1190 1747 1313 1781 negetur,
1328 1741 1405 1779 quasi
1427 1740 1461 1770 ad
1482 1742 1659 1782 propriorum

913 1791 1069 1831 dogmatum
1092 1787 1207 1828 gratiam
1227 1786 1276 1816 illa
1298 1786 1489 1823 confinxerim,
1511 1787 1567 1817 illis
1591 1788 1658 1818 fides

913 1838 1055 1873 habeatur,
1069 1834 1118 1874 qui
1131 1833 1166 1863 ab
1186 1832 1242 1862 illis
1265 1831 1437 1871 dogmatibus
1456 1832 1611 1863 abhorrent.
1627 1835 1658 1865 Si

914 1883 1041 1915 Judaeum
1055 1881 1212 1918 interroges,
1226 1888 1280 1907 uon
1292 1877 1353 1907 dico
1371 1877 1516 1916 quemdam
1529 1878 1563 1908 de
1577 1879 1657 1919 plebe

915 1943 946 1963 ac
958 1932 993 1962 de
1004 1930 1096 1966 turba,
1110 1926 1158 1957 sed
1171 1926 1219 1964 qui
1232 1933 1258 1955 et
1270 1926 1354 1955 verbo
1365 1926 1466 1965 polleat
1479 1933 1505 1956 et
1517 1927 1604 1967 legem
1615 1934 1658 1958 te-

915 1984 986 2014 nent,
999 1977 1081 2006 Estne
1099 1971 1246 2004 Christus?
1259 1977 1286 2000 et
1299 1981 1351 2000 non
1370 1971 1442 2001 dicat
1454 1981 1508 2001 non
1529 1983 1596 2011 esse,
1611 1973 1659 2003 sed

916 2033 972 2053 esse
984 2020 1109 2061 quidem,
1119 2025 1146 2048 at
1162 2027 1216 2047 non
1232 2027 1287 2046 esse
1300 2017 1384 2054 hune,
1396 2028 1477 2056 quem
1490 2028 1539 2048 vos
1554 2018 1657 2056 dicitis,

917 2067 963 2098 sed
982 2067 1088 2096 alium:
1105 2064 1235 2093 haetenus
1252 2062 1300 2092 ille
1319 2073 1376 2092 rem
1401 2073 1455 2092 non
1477 2064 1584 2102 evertit,
1609 2064 1659 2094 sed

917 2121 1058 2153 personam
1071 2110 1100 2138 in
1112 2107 1227 2138 dubium
1238 2106 1352 2137 vocavit.
1367 2106 1452 2136 Aliud
1463 2118 1545 2147 porro
1554 2115 1595 2138 est
1602 2119 1659 2137 rem

893 2188 899 2195 ,
916 2168 1024 2198 negare,
1035 2154 1113 2189 alind
1122 2163 1187 2185 vero
1199 2162 1350 2193 personam.
1361 2154 1400 2182 Ut
1411 2153 1434 2182 si
1448 2153 1509 2192 quis
1522 2164 1538 2182 a
1552 2165 1595 2183 me
1605 2153 1660 2183 de-

917 2249 994 2280 aliud
1013 2247 1113 2284 dioere,
1134 2246 1196 2276 Non
1215 2244 1276 2280 tibi,
1294 2243 1342 2274 sed
1363 2244 1410 2272 alii
1431 2243 1527 2273 debeo.
1549 2245 1660 2274 Interim

918 2293 1041 2324 debitum
1070 2291 1098 2320 in
1130 2289 1248 2320 confesso
1275 2295 1325 2318 est.
1356 2287 1437 2324 Quod
1465 2288 1549 2327 igitur
1579 2288 1661 2317 Chri—

919 2345 977 2368 stus
1000 2337 1045 2373 sit,
1060 2335 1090 2365 id
1103 2335 1146 2364 illi
1170 2333 1347 2367 confitentur,
1375 2331 1501 2360 dubitant
1526 2338 1616 2360 autem
1627 2343 1661 2360 an

919 2382 965 2412 hic
989 2380 1035 2416 sit,
1065 2379 1114 2418 qui
1140 2389 1156 2408 a
1175 2377 1253 2407 nobis
1275 2375 1449 2416 praedicatur,
1477 2381 1503 2403 et
1532 2385 1593 2403 eum
1615 2375 1662 2413 qui

921 2436 975 2456 non
988 2422 1092 2455 exsistit
1101 2421 1258 2457 admittunt,
1274 2419 1337 2457 quia
1351 2428 1413 2447 eum
1427 2416 1474 2455 qui
1488 2427 1551 2446 vere
1564 2424 1602 2446 est
1618 2428 1663 2446 ne-

922 2475 1029 2510 garunt.
1048 2467 1085 2496 Et
1108 2465 1232 2494 advertas
1255 2462 1349 2497 velim,
1372 2461 1461 2499 ipsum
1485 2459 1663 2498 legislatorem

922 2515 1046 2553 Moysem
1069 2510 1127 2550 ipsa
1150 2506 1267 2536 hominis
1286 2503 1442 2534 formatione
1462 2503 1565 2532 Filium
1581 2504 1665 2533 indu-

925 2569 995 2597 cere,
1018 2557 1129 2598 ejusque
1153 2550 1340 2592 cognitionem.
1366 2548 1456 2585 Dixit,
1477 2549 1548 2578 Fiat
1558 2549 1666 2589 firma-

1448 2586 1495 2618 36.

1695 651 1740 672 Seri
1745 655 1813 679 piune

1671 689 1709 703 cur
1727 682 1741 703 J
1744 683 1811 704 udat·

1670 713 1759 735 relictae.

1132 2207 1154 2236 t,
1171 2198 1246 2229 aliud
1266 2205 1306 2228 est
1327 2198 1428 2235 dicere,
1443 2200 1504 2229 Non
1524 2199 1619 2236 debeo,
1634 2206 1660 2228 et
1692 2221 1702 2231 ,
