1904 2840
114 1113 166 1134 Job.
180 1110 237 1137 3,3.

265 202 334 237 702

260 263 401 297 noctibus,
416 266 444 288 et
467 268 550 288 nemo
561 258 744 298 loquebatur.
764 255 913 286 Mediocres
929 255 1000 285 enim

259 300 420 332 calamitates
427 297 634 328 consolationem
646 295 782 336 accipiunt
795 308 803 325 =
813 296 931 335 ingentes
937 305 1001 325 vero

259 340 422 371 calamitates
431 337 539 367 silentio
546 337 722 367 honorantur.
738 334 844 365 Accidit
854 334 936 370 enim,
946 335 1000 364 fra-

259 388 323 414 tres,
334 386 365 408 ut
374 388 491 408 aerumna
500 376 708 407 consolationem
717 375 808 406 vincat
817 387 825 404 .·
838 385 869 404 ac
877 373 1003 413 quemad-

259 419 372 450 modum
387 417 476 447 morbi
489 416 518 446 in
531 427 580 446 suo
600 415 693 455 vigore
713 425 820 445 omnem
841 413 1001 453 medicinam

260 465 400 500 respuunt,
423 457 463 486 sic
485 457 566 486 etiam
589 455 696 485 dolores
717 455 745 485 in
768 454 797 485 vi
819 454 1002 484 calamitatum
1021 483 1025 486 ,

259 509 365 530 omnem
380 496 590 527 admonitionem
599 495 720 536 ejiciunt.
735 494 885 531 siluerunt,
894 493 1002 523 silentio
1019 495 1039 518 D

259 551 309 570 suo
322 537 425 567 doloris
446 536 599 576 participes.
617 534 725 574 Ecquid
745 533 828 564 facit?
847 533 919 571 Quia
940 533 1003 563 illos

259 579 326 609 vicit
332 576 481 612 calamitas,
491 585 622 615 nemoque
631 585 713 605 ausus
724 573 797 604 estin
807 584 902 604 vocem
909 583 1002 603 conso-

260 617 369 649 lationis
379 626 521 661 erumpere
530 627 538 650 ;
549 615 654 661 primus
662 614 717 645 Job
726 623 876 643 sermonem
884 612 1002 647 orditur;

259 660 371 699 januam
392 662 478 696 aperit
501 662 604 695 patiens
627 664 681 683 non
703 653 876 694 patientibus.
897 651 1004 683 Scimus

261 698 345 734 enim,
358 696 463 732 fratres,
478 694 505 724 in
526 693 733 730 calamitatibus,
751 700 799 722 aut
821 692 849 722 in
874 692 1003 727 luctibus,

261 744 309 769 aut
322 736 350 766 in
363 735 418 765 alio
431 734 560 774 quopiam
573 733 643 763 tristi
653 732 772 772 negotio,
784 731 906 771 singulos
917 731 1004 762 vereri

262 786 411 807 sermonem
431 774 534 814 primos
553 773 683 809 emittere,
697 783 731 801 ne
742 771 886 802 videantur
895 770 1004 801 virtutis

262 824 309 846 aut
321 814 427 845 consilii
441 812 590 854 importuni
603 823 661 842 esse
673 812 793 851 magistri
808 823 815 846 ;
829 811 852 840 si
864 812 926 850 quis
939 821 1004 840 vero

263 855 363 886 viderit
376 854 461 884 alium
478 863 606 882 exorsum
619 862 687 887 esse,
696 851 754 881 sine
773 850 895 891 periculo
907 860 1004 894 seque-

263 903 319 926 tur.
335 895 403 931 Hoc,
416 893 523 928 fratres,
532 899 561 921 et
572 902 607 921 ex
626 891 736 921 erientia
749 889 837 927 docet,
849 897 876 919 et
888 900 930 919 res
941 900 1005 928 ipsae

263 940 423 975 suggerunt.
437 933 477 963 Ut
490 942 554 972 ergo
567 931 594 960 vi
616 931 637 960 it
655 940 781 960 aerumnae
793 927 1006 970 magnitudinem

263 975 411 1004 amicorum
420 971 627 1002 consolationem
636 969 791 1006 excludere,
797 971 845 1015 qui
856 968 1008 1009 patiebatur

263 1016 332 1044 fores
352 1013 448 1054 aperit,
464 1018 491 1041 et
502 1010 592 1041 statim
605 1010 700 1049 incipit
718 1009 896 1039 calamitatem
908 1008 1008 1047 tragice

264 1054 427 1088 describere,
450 1051 552 1090 ubique
569 1049 743 1090 blasphemiae
765 1048 945 1089 suspicionem
963 1047 1007 1076 su-

264 1095 350 1134 giens.
365 1092 455 1122 Prima
469 1101 524 1121 vox
537 1090 601 1121 Jobi
617 1102 625 1118 .·
640 1089 804 1119 Maledicta
815 1088 888 1123 dies,
903 1089 935 1116 in
946 1097 1007 1127 qua

266 1141 351 1163 natus
371 1142 444 1168 ειιηι,
462 1137 491 1160 et
511 1141 570 1159 nox
593 1129 649 1158 illa
670 1130 706 1158 sit
728 1128 862 1158 tenebrae.
877 1128 940 1157 Haec
953 1137 1006 1156 non

264 1173 346 1212 impie
358 1171 436 1203 dicit.
449 1169 495 1199 sed
509 1180 564 1210 prae
576 1168 680 1198 dolore.
695 1168 731 1198 Et
742 1167 806 1198 vide
827 1167 896 1206 quid
915 1167 1004 1196 faciat.
1023 1174 1043 1198 Ε

265 1209 500 1248 Quemadmodum
515 1208 538 1238 si
549 1209 612 1247 quis
625 1207 687 1236 diro
698 1214 860 1247 apostemate
870 1206 1004 1243 detentus,

264 1252 336 1280 ferro
349 1249 487 1279 scindatur
499 1259 515 1277 a
527 1247 643 1283 medico,
664 1257 717 1276 non
737 1246 830 1275 valens
843 1245 1007 1276 scindentem

205 1306 211 1310 ·
265 1290 372 1329 abigere
386 1312 394 1326 ,
418 1288 618 1318 circumstantes
645 1285 802 1325 aggreditur
816 1307 824 1322 ,
849 1284 1007 1323 mordetque

119 1704 166 1724 Jeru
182 1701 258 1723 15.ῑο.

119 1738 142 1755 et
154 1740 191 1755 κο.
208 1733 243 1761 14.

126 2211 203 2232 Esca.
225 2208 264 2232 33.

127 2248 164 2264 12·

127 2372 267 2402 Emori-174.

264 1335 418 1369 praesentes,
430 1337 484 1356 non
494 1326 594 1355 habens
604 1335 711 1354 causam
722 1324 784 1353 illos
797 1323 950 1360 incusandi,
961 1324 1008 1354 sed

265 1379 319 1398 non
329 1367 423 1398 valens
437 1366 465 1395 in
482 1365 618 1395 medicum
632 1363 775 1394 extendere
787 1373 897 1394 manum
909 1375 916 1391 :
931 1363 968 1392 ita
982 1370 1009 1392 et

266 1408 320 1438 Job
343 1405 555 1446 magnitudinem
576 1403 752 1443 blasphemiae
775 1409 905 1438 metuens,
919 1402 1008 1432 inani-

266 1454 338 1477 mata
351 1446 434 1475 afficit
447 1443 618 1477 contumelia,
630 1450 711 1482 atque
723 1442 760 1471 ita
773 1442 895 1472 dolorem
904 1441 1007 1481 explet,

266 1497 320 1517 non
331 1492 422 1516 contra
435 1486 524 1514 Deum
543 1482 655 1518 audens,
666 1481 714 1511 sed
725 1492 753 1511 se
765 1489 792 1511 et
804 1481 877 1511 diem
893 1481 1009 1512 natalem

266 1535 393 1555 accusans
407 1536 414 1553 :
429 1522 565 1553 maledicit
587 1522 659 1552 enim
671 1531 726 1550 non
739 1528 879 1557 creatum,
893 1521 942 1550 sed
954 1520 1009 1550 diei

267 1575 333 1594 suae.
347 1564 423 1598 Dies,
436 1563 535 1602 inquit,
545 1572 615 1598 mea,
629 1562 656 1590 in
673 1566 803 1605 potestate
816 1570 872 1589 mea
885 1560 936 1589 sita
947 1567 987 1589 est
1000 1573 1006 1589 :

268 1614 323 1633 non
333 1603 464 1633 maledico
473 1608 613 1636 creaturae,
625 1600 680 1629 ἀίει
691 1610 757 1628 meae
768 1599 907 1628 maledico.
920 1599 1012 1631 Male-

269 1644 349 1672 dicta
361 1644 423 1672 ἀίεις
437 1644 469 1671 in
482 1651 541 1681 qua
554 1647 642 1669 naeus
656 1649 730 1674 sum,
740 1644 769 1667 et
781 1649 840 1667 nox
854 1639 911 1667 illa
920 1640 960 1667 sit
973 1644 1012 1677 te-

269 1685 374 1713 nebroe.
382 1683 446 1712 Hoec
452 1680 609 1711 dicitetiam
617 1678 760 1710 Jeremias:
771 1679 801 1707 V
798 1689 822 1707 ιε
833 1679 916 1714 mihi,
923 1688 940 1707 o
950 1688 1013 1707 ma-

978 194 1106 218 spuma.

1057 254 1221 294 μονοζώνοις.
1238 255 1292 285 Καὶ
1311 255 1445 290 ἐκάθισαν,
1459 254 1547 295 φησὶν,
1566 254 1681 284 ἐναντίον
1699 257 1744 285 τοῦ
1762 255 1826 285 ’1ὼό

1056 295 1125 324 ἑπτὰ
1141 295 1243 335 ἡμέρας
1261 294 1306 324 καὶ
1326 294 1394 324 ἑπτὰ
1412 294 1517 330 νύκτας,
1527 294 1572 324 καὶ
1589 294 1672 328 οὐδεὶς
1688 296 1825 332 ἐλάλησεν.

1056 336 1092 364 Αἱ
1107 334 1155 377 μὲν
1172 335 1224 374 γὰρ
1243 334 1347 374 μέτριαι
1361 334 1494 375 συμφοραὶ
1507 334 1630 374 δέχονται
1641 336 1823 375 παραμυθίαν·

1058 374 1092 403 τὰ
1103 375 1131 404 δὲ
1146 374 1244 414 μεγέθη
1256 377 1309 404 τῶν
1317 375 1458 414 συμφορῶν
1471 376 1505 414 τῇ
1515 376 1603 414 σιαηιῇ
1615 379 1734 414 τιμᾶται.
1745 374 1825 405 Ἐστι

1056 414 1124 454 γὰρ,
1145 413 1267 454 ἀδελφοὶ,
1285 414 1330 444 ὅτε
1348 419 1409 454 νικῖΙ
1428 413 1597 453 παραμυθίαν
1615 414 1646 444 τὸ
1664 414 1759 448 πάθος·
1780 415 1825 445 καὶ

1056 453 1147 494 ὥσπερ
1165 454 1200 484 τὰ
1217 453 1355 493 νοσήματα
1365 454 1394 483 ἐν
1409 454 1482 493 ἀκμῇ
1498 458 1587 483 πᾶσαν
1602 454 1742 494 θεραπείαν
1761 456 1826 484 ἀπο-

1057 493 1200 532 πέμπεται,
1208 493 1276 523 οὸτω
1287 492 1373 522 καὶτὰ
1380 493 1452 528 πάθη
1460 494 1488 522 ἐν
1495 494 1528 528 τῆ
1538 494 1611 532 εὀιμῇ
1625 494 1678 522 τῶν
1685 496 1826 534 συμφορῶν

1057 538 1145 563 πᾶσαν
1154 533 1288 563 νουθεσίαν
1299 532 1433 562 ἐκὸάλλει.
1441 524 1624 569 Ἐσιῶτι-ησαν,
1630 534 1664 572 τῇ
1678 532 1766 573 amnt-t]
1775 545 1828 563 κοι-

1056 575 1195 606 νωνοῦντες
1204 574 1242 613 τῷ
1252 572 1342 602 πάθει.
1352 572 1406 602 Καὶ
1413 571 1439 601 τί
1447 576 1525 609 ποιεῖ;
1532 572 1644 608 Ἐπειδὴ
1654 572 1766 606 ἐκείνους
1776 572 1828 602 ένί-

1056 624 1137 648 κησεν
1152 615 1169 648 ἡ
1181 611 1313 653 συμφορὰ,
1326 612 1372 642 καὶ
1382 611 1468 646 οὐδεὶς
1482 611 1615 651 ἐτόλμησε
1637 611 1715 663 ρῇαι
1738 612 1827 652 φωνὴν

1055 652 1232 692 παραμυθίας,
1237 654 1340 692 πρῶτος
1353 652 1464 692 ἄρχεται
1474 653 1526 681 τῶν
1537 651 1623 691 λόγων
1646 651 1700 681 Ιώὸ
1709 663 1716 671 ·
1729 652 1827 691 ἀνοίγει

1056 691 1137 760 θύραν
1147 696 1201 725 τοῖς
1211 691 1249 731 μὴ
1261 691 1408 731 πάσχουσιν
1422 693 1437 720 ὁ
1449 691 1570 730 πάσχων.
1581 691 1672 730 Ἰσμεν
1682 690 1744 731 γὰρ,
1755 692 1828 722 ἀδελ-

1056 743 1090 770 φο
1108 753 1116 767 ,
1130 731 1171 760 ὅτι
1184 733 1211 761 ἐν
1225 735 1282 765 ταῖς
1303 734 1464 772 συμφοραῖς,
1478 730 1496 766 ἢ
1508 731 1536 759 ἐν
1554 734 1608 764 τοῖς
1621 730 1752 766 πένθεσιν,
1766 731 1784 766 ἢ
1801 732 1829 760 ἐν

1057 770 1130 810 ἄλλῳ
1140 771 1191 801 τινὶ
1203 770 1347 811 κατηφείας
1357 783 1379 800 π
1405 770 1622 809 ’γματι,ἕκαστος
1634 771 1746 800 αἰδεῖται
1757 772 1829 811 πρῶ-

1056 822 1100 844 τος
1112 810 1188 860 ῥῆξαι
1200 810 1298 851 φωνὴν,
1304 810 1348 839 ἵνα
1360 783 1472 850 μξαδόξῃ
1486 809 1595 850 ἄκαιρός
1605 822 1645 843 τις
1653 805 1721 839 εἶναι
1734 811 1829 850 ἀρετῆς

1057 849 1075 886 ἢ
1093 861 1203 889 γνωμης
1223 850 1381 889 εἰσηγητής·
1393 849 1438 879 ἐὰν
1460 850 1488 879 δὲ
1508 849 1552 889 ἴδῃ
1575 850 1655 879 ἄλλον
1675 849 1830 889 ἀρξάμενον,

1057 891 1194 919 ἀκολουθεῖ
1217 889 1368 923 ἀκινδύνως.
1390 890 1492 926 Τοῦτο,
1511 889 1632 927 ἀδελφοὶ,
1646 889 1692 918 καὶ
1712 891 1728 918 4
1750 893 1830 930 πεῖρα

1059 929 1193 965 διδάσκει,
1208 929 1254 959 καὶ
1267 928 1301 958 τὰ
1311 928 1458 970 πράγματα
1472 928 1631 959 ὑποτίθεται.
1645 928 1692 963 Ὡς
1704 908 1749 959 odit
1762 924 1831 959 εἶδεν

1058 970 1219 998 ἀποκλεῖσαν
1242 968 1274 998 τὸ
1293 969 1375 1002 πάθος
1395 968 1444 1005 τὴν
1466 980 1505 998 πα
1522 968 1635 1007 αμυθίαν
1661 971 1715 998 τῶν
1737 968 1831 1009 φίλων,

1059 1008 1158 1047 ἀνοίγει
1171 1007 1251 1048 θύραν
1268 1010 1283 1038 ὁ
1299 1008 1421 1048 πάσχων,
1435 1008 1480 1038 καὶ
1515 1019 1607 1048 ρχεται
1624 1008 1718 1041 εὐθέως
1734 1010 1829 1048 ἐκτρα-

1058 1049 1152 1087 γωδεῖν
1165 1047 1213 1084 τὴν
1227 1059 1282 1086 συμ.
1316 1047 1374 1087 ρὰν,
1387 1050 1524 1087 πανταχοῦ
1557 1047 1710 1097 λασφημίας
1727 1047 1831 1088 φεύγων

1059 1076 1108 1123 τῆν
1123 1086 1256 1117 ὑπόνοιαν.
1270 1059 1370 1126 [Τορύνη
1384 1087 1457 1127 φωνὴ
1471 1089 1517 1117 τοῦ
1531 1050 1604 1116 ’ῗώθ
1630 1087 1831 1127 Επικατάρατος

1059 1129 1076 1162 ἡ
1091 1127 1189 1167 ἡμέρα,
1195 1128 1222 1156 ἐν
1235 1122 1254 1166 ᾗ
1266 1126 1417 1166 ἐγεννήθην,
1424 1126 1470 1156 καὶ
1483 1128 1500 1162 ἡ
1515 1125 1560 1161 νὺξ
1570 1126 1657 1163 ἐκείνη
1667 1126 1709 1163 εἴη
1723 1127 1827 1160 σκότος,

1059 1167 1119 1196 Οὔκ
1136 1166 1240 1196 ἀσεὸῶν
1259 1170 1344 1196 ταῦτα
1360 1166 1442 1217 λέγει,
1454 1164 1523 1196 ἀλλὰ
1540 1165 1663 1206 πάσχων.
1677 1166 1731 1196 Καὶ
1749 1166 1830 1206 βλέπε

1059 1206 1086 1243 τί
1098 1210 1176 1236 ποιεῖ.
1189 1205 1296 1246 Ὥσπερ
1309 1207 1415 1235 ἔπειδαν
1426 1218 1467 1239 τις
1480 1207 1556 1245 δεινῷ
1566 1205 1737 1244 ἀποστήματι
1746 1217 1831 1246 περιε-

1058 1246 1171 1285 χόμενος
1183 1246 1313 1285 τέμνηται
1326 1245 1427 1286 σιδήρῳ
1441 1243 1516 1286 παρὰ
1525 1248 1572 1274 τοῦ
1587 1247 1687 1297 ἰατροῦ,
1695 1247 1750 1275 οὐκ
1762 1245 1831 1285 ἔχων

1059 1287 1117 1318 πῶς
1131 1287 1241 1325 ἀντιστῇ
1251 1287 1290 1325 τῷ
1300 1284 1431 1324 τέμνοντι,
1444 1286 1498 1315 τῶν
1510 1287 1695 1324 περιεοτωτων
1707 1285 1830 1321 ἅπτεται,

1060 1324 1106 1353 καὶ
1124 1323 1212 1354 δάκνει
1231 1324 1292 1357 τοὺς
1310 1326 1498 1363 παρεστῶτας,
1516 1323 1623 1358 ἐκείνοις
1643 1324 1692 1363 μὲν
1711 1325 1831 1364 ἐγκαλεῖν

1061 1363 1134 1393 οὐδὲν
1155 1362 1233 1403 ἔχων,
1244 1364 1309 1403 πρὸς
1330 1363 1358 1392 δὲ
1377 1364 1466 1403 ἰατρὸν
1486 1365 1599 1393 ἐκτεῖναι
1617 1364 1666 1400 τὴν
1688 1368 1766 1404 χεῖρα
1784 1366 1832 1394 οὐκ

1062 1402 1161 1443 ἰσχύων
1171 1414 1177 1422 ·
1189 1402 1258 1432 οὕτω
1272 1402 1318 1432 καὶ
1331 1404 1346 1432 ὃ
1359 1402 1423 1432 ’hbe
1435 1402 1594 1443 φοὸούμενος
1603 1404 1651 1438 τῆς
1663 1404 1832 1453 βλασφημίας

1060 1442 1092 1472 τὸ
1106 1441 1335 1493 μέγεθοςῑῦὃρίζει
1350 1441 1384 1471 τὰ
1396 1442 1498 1482 ἄψυχα,
1507 1442 1552 1471 καὶ
1566 1443 1663 1482 πληροῖ
1677 1446 1724 1472 τοῦ
1735 1445 1834 1476 παθους

1061 1481 1110 1518 τὴν
1130 1482 1324 1522 πληροφοριαν,
1347 1483 1377 1511 οὔ
1398 1485 1444 1511 τοῦ
1467 1483 1538 1512 Θεοῦ
1559 1483 1749 1521 κατατολμῶν,
1773 1484 1832 1512 ἀλλ’

1062 1522 1155 1551 ἑαυτοῦ
1169 1521 1215 1551 καὶ
1225 1523 1273 1556 τῆς
1285 1520 1339 1559 ῆμέ
1375 1533 1387 1554 ς
1398 1522 1566 1561 κατηγορῶν·
1581 1533 1650 1551 κατα
1667 1526 1729 1551 ”rai
1741 1521 1793 1562 γὰρ
1804 1524 1833 1552 οὗ

1062 1560 1110 1597 τὴν
1131 1560 1226 1597 κτίσιν,
1238 1560 1306 1590 ἀλλὰ
1331 1592 1335 1599 Ι
1354 1571 1368 1589 ν
1387 1563 1480 1590 ἑαυτοῦ
1498 1559 1612 1599 ἡμέραν.
1626 1533 1765 1595 ’ἐξουσίαν
1782 1561 1836 1601 γὰρ

1063 1600 1128 1640 ἔχω,
1143 1600 1220 1640 φησὶ,
1236 1602 1283 1635 τῆς
1297 1601 1362 1638 ἐμῆς
1374 1599 1485 1640 ἡμέρας·
1499 1602 1528 1629 οὗ
1542 1601 1700 1639 καταρῶμαι
1720 1600 1770 1637 τὴν
1784 1602 1834 1636 δη-

1065 1639 1265 1679 μιουργίαν,τὴν
1276 1641 1390 1678 ἐμαυτοῦ
1405 1639 1507 1679 ἡμέραν
1518 1641 1684 1679 καταρῶμαι.
1692 1640 1837 1670 Ἔπικατά·

1065 1690 1142 1719 ρατος
1160 1681 1178 1715 ἡ
1193 1679 1290 1719 ἡμέρα,
1307 1680 1333 1708 ἐν
1348 1675 1367 1719 ᾗ
1380 1679 1529 1719 ἐγεννήθην,
1540 1679 1585 1708 καὶ
1597 1682 1615 1715 ἡ
1629 1679 1674 1714 νὺξ
1687 1679 1774 1716 ἐκείνη
1795 1680 1836 1715 εἴη

271 1729 324 1760 ter,
336 1729 367 1751 ιιι
382 1722 454 1762 quid
471 1731 517 1750 me
535 1720 626 1749 talem
666 1720 772 1748 enuisti
785 1719 882 1747 ‘virum
891 1717 1010 1757 judica·
1022 1736 1059 1757 595
1066 1718 1166 1752 σκότος.
1176 1720 1270 1749 Ταῦτα
1278 1719 1350 1758 λέγει
1360 1719 1405 1748 καὶ
1418 1722 1432 1749 ὁ
1446 1718 1591 1759 Ἱερεμίας·
1602 1719 1694 1757 Οἶμοι,
1703 1714 1726 1748 ὦ
1741 1721 1836 1759 μῆτερ,

270 1770 332 1792 tum
344 1769 372 1792 ec
384 1763 556 1791 damnatum
566 1761 580 1787 ?
591 1760 646 1788 Ma
675 1759 756 1786 dicta
769 1757 874 1786 diesin
886 1767 947 1797 qua
957 1767 1010 1786 na-
1030 1766 1051 1789 Α
1065 1760 1102 1791 ὡς
1111 1758 1171 1788 τίνα
1183 1770 1216 1797 με
1230 1759 1317 1792 ἔτεκες
1335 1758 1416 1798 ἄνδρα
1430 1758 1504 1798 κρινό
1526 1770 1581 1788 ενον
1594 1758 1639 1788 καὶ
1652 1758 1742 1793 δικαζό

271 1810 316 1832 tus
327 1812 402 1831 sum.
414 1802 478 1830 Haec
495 1810 575 1839 porro
588 1797 678 1827 omnia
694 1797 796 1836 tragico
813 1807 887 1826 more
899 1796 1014 1826 efferunt

270 1841 364 1877 sancti,
373 1847 403 1870 ut
413 1847 443 1869 tu
474 1846 545 1868 ostea
552 1837 649 1874 discas,
659 1847 704 1866 eos
714 1847 766 1865 non
777 1836 804 1865 in
815 1836 922 1866 deliciis
931 1836 1013 1866 vitam

270 1881 381 1910 duxisse
392 1902 400 1916 ,
500 1884 623 1907 sexcenta
653 1876 724 1905 mala
769 1886 842 1905 assos
871 1875 1015 1905 certamina

270 1919 441 1961 persolvisse.
456 1917 541 1949 Luxit
563 1926 626 1956 ergo
650 1916 730 1945 etiam
766 1915 879 1945 eremias
900 1914 993 1944 dicens
1005 1925 1012 1942 τ

272 1961 323 1989 Voe
345 1960 428 1993 mihi,
453 1968 471 1987 ο
494 1963 597 1992 mater,
617 1962 649 1985 ut
671 1956 744 1995 quid
766 1965 812 1984 me
831 1956 979 1994 genuisti?
989 1960 1016 1983 et

272 2009 367 2039 passus
380 1997 490 2037 quidem
507 2003 547 2025 est
561 2003 590 2025 ut
601 1995 693 2030 homo,
706 2001 738 2024 -ut
751 2001 840 2023 autem
852 1993 902 2023 Dei
915 2000 1016 2023 amator

272 2038 411 2068 sustinuit.
423 2039 533 2076 Moyses
543 2034 677 2071 similiter,
692 2044 805 2073 magnus
814 2033 861 2062 ille
871 2040 897 2062 et
906 2032 1016 2062 divinus

274 2078 325 2107 Dei
337 2076 484 2116 legislator,
498 2075 545 2114 qui
556 2074 661 2103 tabulas
670 2084 758 2103 sacras
773 2073 884 2112 accepit,
897 2072 945 2111 qui
979 2072 1016 2101 ri-

275 2127 334 2147 mus
346 2116 470 2155 magister
481 2115 532 2145 suit
541 2114 569 2142 in
579 2113 612 2143 iis
622 2123 681 2152 quae
689 2113 724 2142 ad
731 2112 814 2142 vitam
826 2083 1017 2142 instituendam

274 2162 404 2196 spectant,
417 2154 597 2184 calamitatum
613 2152 787 2181 multitudine
799 2161 942 2191 oppressus
950 2150 1018 2180 dicit

275 2198 333 2226 Deo
347 2207 354 2224 ε
377 2196 515 2230 Domine,
535 2200 566 2222 tu
586 2193 687 2221 dixisti
701 2204 708 2221 :
731 2192 875 2221 Invenisti
880 2200 884 2203 ·
892 2193 1018 2230 gratiam

276 2236 356 2276 apud
368 2244 425 2269 me,
439 2240 468 2263 et
479 2234 548 2263 ηονί
562 2239 589 2262 te
600 2241 685 2271 super
698 2240 806 2261 omnes.
824 2231 866 2259 Et
877 2231 903 2259 si
918 2231 1019 2258 inveni

276 2277 402 2316 gratiam
412 2275 443 2302 in
454 2278 610 2311 conspectu
622 2278 682 2307 tuo,
691 2271 778 2311 auser
788 2271 916 2299 animam
924 2279 1018 2298 meam

277 2325 297 2343 a
310 2325 355 2343 me
366 2325 375 2342 .·
391 2323 451 2341 non
464 2315 542 2342 enim
553 2320 668 2351 possum
680 2311 758 2349 ferre
769 2318 841 2338 onus
853 2309 954 2347 populi
967 2309 1018 2337 hu-

273 2356 334 2394 jus.
350 2353 439 2383 Brevi
455 2353 629 2392 lapidabunt
641 2360 696 2379 me.
707 2350 788 2379 Num
805 2359 856 2387 ego
872 2348 940 2376 illos
949 2358 1017 2385 par-

1777 1770 1819 1788 νον
1828 1771 1835 1776 ·

1066 1797 1280 1837 Ἐπικατάρατος
1292 1801 1310 1834 ἡ
1331 1799 1420 1838 ἡμέρα
1440 1799 1467 1827 ἓν
1494 1830 1498 1837 .
1529 1798 1677 1837 ἐγεννήθην.
1690 1771 1784 1828 Teii-'iem
1807 1781 1837 1828 δέ

1065 1837 1153 1867 πάντα
1165 1838 1373 1877 ἐκτραγῳδοῧσιν
1384 1840 1409 1868 οἱ
1420 1837 1500 1877 ἅγιοι,
1507 1837 1550 1866 ἵνα
1563 1838 1596 1868 σὺ
1643 1837 1678 1867 τὰ
1691 1841 1776 1867 ταῦτα
1787 1838 1838 1877 μά-

1067 1879 1123 1916 θῃς,
1138 1878 1179 1907 ὅτι
1200 1878 1229 1906 οὗ
1242 1880 1391 1918 τρυφῶντες
1412 1878 1516 1913 διῆλθον
1529 1877 1574 1907 τὸν
1590 1850 1655 1917 fliz,
1670 1877 1739 1906 ἀλλὰ
1757 1878 1838 1917 μυρία

1067 1917 1138 1946 κακὰ
1159 1917 1364 1955 ὑπομείναντες,
1388 1916 1447 1950 τοὺς
1469 1918 1572 1956 ἀγῶνας
1590 1917 1734 1952 διεξῆλθον.
1761 1917 1839 1947 'Arre-

1067 1956 1202 1986 κλαύσατο
1215 1952 1259 1985 οὗν
1273 1956 1318 1986 καὶ
1332 1956 1366 1986 Ἱε
1385 1956 1460 1994 εμίας
1481 1957 1576 1995 λέγων·
1589 1957 1672 1995 Οἶμοι
1683 1980 1691 1991 ,
1706 1951 1730 1986 ὦ
1745 1958 1812 1995 μῆτε
1830 1979 1838 1993 ,

1066 1997 1103 2028 ὡς
1115 1995 1174 2024 τίνα
1187 2007 1220 2034 με
1230 1968 1384 2031 {vasquez
1395 1995 1496 2035 ἔπασχε
1511 1995 1558 2035 μὲν
1568 1997 1605 2029 ὥς
1618 1996 1763 2036 ἄνθρωπος,
1773 1968 1839 2025 ong-

1068 2046 1140 2073 μεινε
1161 2034 1189 2064 δὲ
1204 2037 1240 2068 ὥς
1257 2035 1385 2075 φιλόθεος.
1406 2036 1523 2069 Μωϋσῆς
1540 2035 1646 2074 ὁμοίως,
1660 2038 1675 2065 ὁ
1693 2035 1775 2074 μέγας
1794 2035 1839 2064 καὶ

1068 2077 1135 2107 θεῖος
1155 2077 1199 2103 τοῦ
1220 2077 1291 2104 Θεοῦ
1315 2074 1467 2113 νομοθέτης,
1479 2076 1494 2103 ὁ
1510 2073 1558 2107 τὰς
1578 2074 1683 2108 πλάκας
1700 2074 1747 2107 τὰς
1768 2074 1840 2114 ἱερὰς

1068 2113 1220 2153 δεξάμενος,
1233 2115 1247 2143 ὁ
1261 2116 1365 2154 πρῶτος
1379 2112 1522 2153 εἰσηγητὴς
1535 2115 1588 2142 τῶν
1603 2113 1788 2154 συμφερόντων
1801 2116 1840 2154 τῷ

1070 2153 1130 2194 βίῳ,
1145 2153 1191 2185 καὶ
1205 2153 1282 2187 αὐτός
1296 2165 1362 2193 φησι
1375 2155 1414 2193 τῷ
1427 2154 1492 2182 Θεῶ
1506 2152 1665 2193 βαρούμενος
1684 2156 1723 2183 τῶ
1744 2153 1841 2189 πλήθει

1068 2195 1121 2222 τῶν
1133 2205 1188 2231 συμ-
1207 2194 1282 2233 ορῶν·
1305 2192 1346 2222 Κύ
1366 2205 1402 2229 ιε,
1417 2191 1449 2221 σὺ
1471 2181 1561 2228 εῖπας,
1575 2193 1617 2222 ὅτι
1635 2183 1747 2243 εὕρηκας
1782 2193 1842 2232 άριν

1069 2235 1132 2273 παρ’
1148 2234 1196 2271 ἒμο
1229 2232 1275 2262 καὶ
1293 2228 1353 2262 οἶδα
1368 2245 1398 2262 σε
1418 2232 1492 2272 παρὰ
1513 2232 1622 2266 πάντας·
1637 2245 1682 2262 και
1699 2234 1722 2262 εἰ
1742 2205 1782 2262 εἶ’
1825 2245 1842 2261 α

1069 2273 1148 2313 χάριν
1167 2271 1278 2302 ἐνώπιόν
1295 2284 1352 2308 σου,
1365 2272 1446 2312 ἄφελε
1459 2271 1508 2308 τὴν
1526 2272 1615 2312 ψυχήν
1629 2284 1679 2311 μου
1700 2273 1746 2302 ἀπ’
1765 2245 1841 2310 ffi-

1070 2314 1099 2342 οὗ
1121 2312 1235 2350 δύναμαι
1256 2311 1307 2351 γὰρ
1329 2311 1416 2352 φέρειν
1434 2312 1465 2341 τὸ
1484 2310 1563 2352 βάρος
1582 2314 1629 2340 τοῦ
1649 2313 1714 2341 λαοῦ
1735 2310 1840 2340 τούτου.

1071 2351 1183 2391 Μικρὸν,
1195 2351 1241 2381 καὶ
1254 2351 1456 2388 λιθοὸολήσουσί
1477 2362 1519 2390 με.
1530 2350 1577 2386 Μὴ
1592 2350 1644 2390 ἐγὼ
1663 2350 1758 2384 αὐτοὺς
1775 2350 1840 2379 ὠδί-

127 2404 199 2425 Nam.
214 2411 249 2426 ιι,
279 2395 388 2423 tur-ivi?
400 2402 470 2421 num
482 2401 534 2431 ego
549 2390 618 2419 illos
628 2390 737 2429 peperi,
752 2389 823 2427 quia
840 2388 914 2416 dicis
935 2388 1017 2422 mihi,
1037 2397 1056 2420 13
1071 2403 1153 2428 “⁷1⁶0ss
1172 2390 1209 2430 μὴ
1225 2391 1277 2430 ἐγὼ
1291 2390 1385 2424 αὖτοὺς
1398 2391 1497 2426 ἔτεκον,
1510 2390 1551 2420 ἃς,
1564 2389 1649 2429 λέγῃς
1665 2401 1724 2429 p-ot,
1740 2390 1842 2429 βάστα,

131 2440 167 2456 12.
181 2432 216 2463 ¹4>

282 2434 371 2463 Gesta
384 2442 444 2467 eos,
459 2429 703 2471 quemadmodum
722 2429 823 2457 muria:
840 2432 932 2465 gestat
950 2437 1018 2466 pue-

280 2482 344 2501 rum
358 2474 371 2499 P
396 2472 468 2501 Non
497 2478 614 2510 possum
633 2468 721 2509 serre
746 2467 847 2506 populi
870 2466 1016 2507 defectus.

280 2512 381 2540 Tamen
396 2510 571 2550 ingemiscens
590 2514 616 2537 et
634 2507 701 2537 flens
719 2513 748 2535 ut
768 2506 866 2542 homo,
884 2515 937 2534 non
959 2505 1019 2534 bla-

282 2549 431 2589 sphemavit
445 2557 474 2579 ut
488 2548 598 2588 impius,
605 2546 652 2577 sed
662 2553 762 2576 naturae
775 2545 886 2574 affectus
895 2544 1017 2574 ostende-

283 2594 338 2630 ὕοι,
358 2593 392 2621 ab
417 2593 482 2632 ipsis
503 2592 641 2622 affectibus
665 2597 812 2630 permotus.
828 2589 959 2619 Similiter
982 2599 1015 2618 ex

1073 2443 1118 2461 σον
1133 2430 1224 2464 αὐτοὺς
1233 2430 1261 2460 ὃν
1271 2443 1287 2459 τ
1311 2430 1367 2460 ’πον
1377 2430 1502 2470 βαστάζει
1510 2431 1527 2465 ἡ
1538 2431 1680 2465 τιθηνοῧσα
1690 2429 1733 2458 τὸν
1746 2430 1843 2464 παῖδας

1075 2471 1116 2500 Οὐ
1136 2470 1249 2509 δύναμαι
1261 2482 1348 2510 φερειν
1361 2473 1407 2500 τοῦ
1420 2471 1486 2499 λαοῦ
1500 2468 1535 2498 τὰ
1548 2468 1733 2504 ἐλαττώματα.
1748 2468 1845 2506 Ὅμως

1076 2510 1120 2539 καὶ
1134 2510 1326 2550 ἀποδυρόμενος
1337 2509 1382 2539 καὶ
1395 2510 1496 2539 πενθῶν
1507 2510 1542 2542 ὡς
1554 2508 1698 2548 ἄνθρωπος,
1707 2510 1755 2538 οὐκ
1766 2509 1845 2537 ἐόλα-

1076 2550 1200 2589 σφήμησε
1222 2552 1258 2583 ὡς
1278 2550 1367 2583 ἄθεος,
1379 2550 1437 2579 ἀλλ’
1457 2547 1571 2577 ἐδείκνυε
1594 2548 1628 2577 τὰ
1648 2549 1719 2584 πάθη
1734 2550 1781 2583 τῆς
1795 2548 1843 2587 φύ-

1077 2601 1155 2625 σεως,
1169 2591 1214 2618 ὑπ’
1231 2591 1316 2618 αὐτῶν
1336 2590 1388 2618 τῶν
1407 2591 1497 2618 παθῶν
1519 2588 1698 2628 ἐλεγχόμενος.
1713 2588 1793 2618 Οὕτω
1819 2587 1845 2616 δὲ
