1890 2826
577 213 622 236 DE
646 211 757 235 MUNDI
783 210 974 233 CREATIONE
1002 211 1129 234 ORATIO
1157 212 1179 234 Ι.

93 279 200 320 νεφέλας
211 300 219 315 ,
234 278 260 307 αἱ
273 275 379 316 νεφέλαι
392 273 592 307 ἰπισκιάζουσαι
612 270 861 310 σκότος-ἐποίησαν.

92 325 155 363 Ὅτι
168 324 197 354 δὲ
211 322 305 363 ἐγείρει
318 321 412 362 νεφέλη
426 320 526 356 σκότος,
533 318 606 358 λέγει
621 321 639 354 ἡ
656 317 749 358 Γραφή
759 329 765 335 ·
780 316 834 347 Καὶ
847 319 862 346 ὁ

90 370 197 411 οὐρανὸς
214 368 402 400 συνεσκότασεν
415 369 443 397 ἓν
456 366 584 407 νεφέλαις.
599 366 646 394 Δεῖ
660 364 688 393 δὲ
708 363 744 403 μὴ
760 366 861 403 ἀγνοεῖν

90 417 135 446 καὶ
148 419 200 446 τῶν
222 416 360 456 αἱρετικῶν
373 413 421 447 τὰς
436 411 605 452 ἀλληγορίας.
619 413 631 426 ²
640 410 775 451 Αἰρετικοί
795 421 862 442 τινες

91 462 240 502 ἐτόλμησαν
254 462 346 496 εἰπεῖν,
366 459 407 490 ὅτι
420 459 512 492 σκότος
523 460 536 487 ὁ
557 456 677 490 διάὸολός
695 457 779 491 ἐστιν,
798 457 815 490 ἡ
835 455 863 485 δὲ

91 509 204 542 ἄὸυσσος
215 509 240 537 οῖ
254 506 389 546 δαίμονες·
413 505 457 535 ὅτε
476 505 504 535 δὲ
517 499 588 534 εἶπεν
602 506 616 532 ὁ
627 502 708 536 Θεός·
721 501 863 538 Γενηθήτω

91 556 146 595 φῶς
154 566 161 572 ·
174 552 334 590 ι’του-.εό·τιν,
344 554 358 581 ὁ
370 551 447 585 Υἱός·
458 551 488 580 οὗ
500 550 578 590 μόνον
596 550 674 578 αὔτοῦ
692 550 763 578 ἔστιν
777 547 862 577 ἰσότι-

92 612 155 640 μος,
169 599 239 629 ἀλλὰ
257 598 302 628 καὶ
322 597 509 638 πρεσὸύτερος.
526 595 607 626 Ἀλλὰ
627 594 726 631 ταύτης
745 593 793 634 μὲν
816 595 863 629 τ’ἥς

90 646 211 680 ἀσεὸείας
224 644 283 675 οὐδὲ
296 647 477 684 μνημονεῦσαι
491 643 544 672 δεῖ·
557 641 623 682 ὑπὲρ
637 641 666 670 δὲ
677 643 723 669 τοῦ
739 639 776 680 μὴ
789 640 864 682 ἀγνο-

89 697 128 723 εῖν
150 695 218 732 ὗμᾶς
239 691 274 722 τὰ
294 690 425 731 λεγόμενα
443 689 645 729 παρηγάγομεν.
660 686 759 720 Σκότος
776 686 861 715 τοίνυν

89 735 123 776 ἦν
136 739 196 768 τότε
209 737 239 767 τὸ
250 739 280 767 ἐκ
293 739 346 766 τῶν
359 737 484 778 νεφελῶν..
497 734 577 765 Οὕτω
589 733 641 774 γὰρ
660 729 693 770 ἦν
711 732 756 762 καὶ
769 734 796 762 ἔν
810 732 861 761 Αἷ-

89 785 182 826 γόπτῳ
203 783 310 821 σκότος,
323 784 353 813 οὗ
368 782 460 815 νυκτὸς
479 781 574 818 οὔσης,
588 781 647 810 ἀλλ’
667 779 764 820 ἀχλύος
781 791 862 818 γενα-

90 831 182 871 μένης.
196 830 289 864 Οὕτως
301 825 334 865 ἦν
354 828 399 859 καὶ
417 829 443 857 ἐν
459 829 498 868 τῷ
516 827 571 867 ὄρει
585 827 666 866 Σινᾷ·
681 826 773 859 σκότος
785 821 818 862 ἦν
830 826 860 855 οὐ

89 876 182 910 νυκτὸς
193 874 353 916 γεναμὲνης,
366 873 435 903 ἀλλὰ
455 873 565 913 νεφέλης
582 870 750 907 σκιαζούσης.
766 870 860 904 Οὕτως

89 922 192 962 ἐγένετο
202 921 247 952 καὶ
259 920 304 951 ἐπὶ
324 922 371 949 τοῦ
385 921 498 959 σταυροῦ
509 921 555 947 τοῦ
570 918 687 958 Χριστοῦ
705 916 798 950 σκότος
807 940 815 953 ,
830 917 859 946 οὗ

89 968 181 1002 νυκτὸς
200 964 375 1002 ἐπελθούσης,
389 963 459 994 ἀλλὰ
477 964 640 1003 σκιάσματος
664 963 710 993 καὶ
733 962 861 1003 ἀντιφρά-

89 1015 152 1050 Εεως
162 1014 318 1055 γεναμένης.
333 1012 427 1046 Οὕτως
439 1013 469 1042 οὗ
491 1013 530 1041 δεῖ
548 1011 639 1043 ἁπλῶς
654 1011 797 1050 ἐπιχειρεῖν
808 1014 862 1043 τοῖς

87 1062 167 1095 θείοις
184 1061 289 1101 λογίοις.
311 1059 366 1090 Καὶ
386 1061 493 1097 πνεῦμα
515 1058 586 1087 Θεοῦ
613 1055 754 1096 ἐπεφέρετο
772 1054 862 1084 ἐπάνω

87 1110 135 1137 τοῦ
149 1108 250 1141 ὕδατος.
267 1107 380 1145 Πνεῦμα
392 1105 468 1135 καλεῖ
482 1104 527 1133 τὸν
542 1102 647 1141 ἄνεμον,
660 1104 696 1135 ὥς
717 1100 789 1141 λέγει
810 1102 861 1130 ἀλ-

88 1155 172 1194 λαχῶ
179 1165 186 1172 ·
196 1153 245 1183 Ἐν
257 1152 389 1191 πνεύματι
399 1150 478 1191 βιαίῳ
488 1149 635 1190 συντρίψεις
647 1149 728 1178 πλοῖα
737 1149 861 1187 Θαρσεῖς·

91 1202 198 1239 πνεῦμα
210 1200 298 1229 καλῶν
310 1197 359 1235 τὴν
372 1200 419 1227 τοῦ
434 1196 509 1237 ἀέρος
522 1196 635 1231 κίνησιν.
651 1194 699 1230 Μὴ
717 1193 769 1234 γὰρ
785 1194 860 1233 νομί-

89 1257 137 1285 σῃς
154 1245 219 1275 ἄλλο
232 1241 299 1275 εἶναι
316 1244 399 1285 ἀέρα,
417 1242 463 1275 καὶ
476 1242 541 1272 ἄλλο
554 1241 649 1277 ἄνεμον
660 1252 668 1259 ·
693 1241 769 1274 αὐτὸς
782 1239 834 1280 γὰρ
847 1243 861 1270 ὁ

89 1292 141 1332 ἀὴρ
155 1290 306 1330 κινούμενος
315 1293 385 1320 ποιεῖ
398 1289 493 1328 ἄνεμον
503 1310 511 1325 ,
533 1289 569 1320 ὡς
593 1290 720 1327 μαρτυρεῖ
731 1285 832 1319 τούτοις
842 1287 858 1322 ἡ

86 1342 175 1378 πεῖρα.
197 1336 332 1370 Πολλάκις
345 1330 389 1365 οἶν
402 1334 420 1371 ἢ
435 1333 540 1375 ριπιδίῳ
553 1333 571 1369 ἢ
581 1331 678 1362 σινδόνι
692 1331 860 1372 ἡσυχάζοντα

86 1384 131 1414 τὸν
146 1382 212 1423 ἀέρα
234 1386 370 1422 κινοῦμεν,
392 1380 438 1411 καὶ
454 1383 581 1419 ποιοῦμεν
595 1378 648 1408 ἀπὸ
668 1380 716 1414 τῆς
731 1378 859 1414 κινήσεως

86 1432 132 1459 τοῦ
146 1428 221 1469 ἀέρος
231 1428 336 1467 ἄνεμον.
346 1426 407 1457 ι’ἶνα
426 1421 471 1456 οἶν
483 1425 575 1466 δειχθῇ
590 1426 620 1454 ἐκ
633 1426 679 1454 τοῦ
691 1423 840 1462 πνεύματος
849 1446 857 1460 ,

85 1475 128 1505 ὅτι
137 1477 152 1505 ὁ
165 1475 260 1514 ἄνεμος
283 1474 358 1514 ἀέρος
384 1471 441 1502 ἐστὶ
460 1471 580 1507 κίνησις,
602 1470 646 1501 διὰ
666 1473 744 1500 τοῦτο
770 1464 856 1505 εἶπεν,

86 1520 259 1562 Ἐπεφέρετο.
270 1519 350 1550 Ἴδισν
364 1518 416 1559 γὰρ
430 1517 527 1557 ἀνέμου
538 1516 569 1546 τὸ
583 1515 752 1557 ἐπιφέρεσθαι
765 1517 798 1555 τῇ
811 1515 857 1551 δη-

86 1566 220 1607 μιουργίᾳ.
230 1561 312 1596 Εἶπεν
324 1567 338 1595 ὃ
349 1564 426 1600 Θεὸς,
437 1562 574 1603 γενηθήτω
582 1563 646 1603 φῶς.
657 1561 735 1591 Διατί
747 1561 785 1600 μὴ
800 1555 857 1590 εἷπε

87 1614 220 1648 Μωῦσῆς,
236 1612 277 1641 ὅτι
289 1606 361 1640 εἶπεν
372 1611 386 1639 ὁ
400 1610 468 1643 Θεὸς
477 1631 485 1646 ,
498 1608 634 1647 γενηθήτω
648 1607 769 1647 οὐρανὸς,
782 1618 859 1646 γενη-

86 1658 160 1694 θήτω
177 1658 310 1693 θάλασσα,
331 1657 391 1686 ’ἀλλ’
408 1654 462 1685 ἐκεῖ
476 1654 539 1693 μὲν,
552 1653 710 1689 Ἐποίησεν,
734 1647 785 1682 ὧδε
811 1652 855 1689 δὲ,

87 1699 170 1733 Εἶπεν
178 1725 186 1741 ,
201 1702 291 1739 ἐπειδὴ
305 1704 368 1742 παρ’
383 1703 448 1741 ἡμῖν
459 1704 616 1740 προηγεῖται
625 1698 701 1739 λόγος
713 1701 759 1728 τοῦ
771 1698 856 1739 ἔργου·

85 1751 190 1790 πρῶτον
203 1749 254 1789 γὰρ
267 1748 393 1788 λέγομεν,
418 1742 476 1776 εἶτα
496 1745 675 1786 ἐργαζόμεθα;
695 1744 857 1784 Βουλόμενος

86 1794 169 1829 δεῖξαι
181 1795 224 1824 τὸν
241 1794 310 1824 Θεὸν
327 1795 431 1834 πρῶτον
444 1792 632 1833 ἐργαζόμενον,
645 1790 689 1820 ἵνα
699 1790 797 1824 παντὸς
808 1790 856 1820 λό-

85 1852 132 1881 γου
151 1841 274 1881 ὀξυτέραν
295 1839 454 1881 παραστήσῃ
469 1839 517 1876 τὴν
541 1837 729 1878 δημιουργίαν·
750 1837 794 1867 ὅτε
807 1837 855 1877 μὲν

85 1888 132 1922 τὰς
145 1887 209 1921 ὅλας
229 1887 366 1927 ἐργάζεται
380 1885 506 1925 δυνάμει,
527 1884 600 1924 λέγει
620 1884 669 1920 τὸ,
692 1883 853 1920 Ἐποίησεν·

84 1933 127 1963 ὅτε
141 1933 168 1963 δὲ
182 1933 277 1972 ἔμελλε
291 1937 398 1972 κοσμεῖν
412 1932 446 1961 τὰ
457 1931 544 1961 πάντα
552 1953 561 1967 ,
574 1930 644 1971 ἀρχὴ
657 1931 684 1960 δὲ
695 1933 742 1959 τοῦ
753 1929 854 1970 κόσμου

84 1979 115 2009 τὸ
126 1981 180 2020 φῶς
192 1975 235 2016 ἦν,
248 1981 349 2019 εἰσάγει
358 1978 435 2019 λόγον
450 1977 606 2019 ἁρμόζοντα.
629 1977 683 2006 Καὶ
696 1976 788 2012 ἐπειδὴ
802 1976 854 2006 πά-

84 2027 126 2055 λιν
138 2028 241 2067 πρᾶήον
255 2025 330 2066 ἔργον
337 2026 407 2055 Θεοῦ
419 2027 486 2065 φῶς,
496 2025 646 2054 τελευταῖον
657 2023 684 2053 δὲ
696 2022 770 2063 ἔργον
784 2023 854 2052 Θεοῦ

84 2071 220 2111 ἄνθρωπος
231 2067 280 2108 ἦν·
301 2073 405 2112 πρῶτον
419 2070 557 2111 ἐργάζεται
571 2069 638 2103 Θεὸς
651 2069 722 2108 λόγῳ
736 2067 767 2098 τὸ
782 2070 836 2107 φῶς
844 2090 852 2105 ,

85 2117 193 2157 ὕστερον
210 2117 237 2147 δὲ
255 2117 300 2147 τὸν
319 2117 453 2158 ἄνθρωπον
468 2115 552 2157 ἔργῳ,
577 2115 630 2145 ἀπὸ
642 2115 727 2156 φωτὸς
742 2116 778 2148 εἷς
800 2115 854 2154 φῶς

86 2163 258 2202 συμπληρῶν.

119 2462 131 2475 ·
148 2454 281 2490 origenem
299 2455 458 2489 perstringit,
477 2455 521 2488 Qui
535 2453 637 2480 dicebat
653 2453 772 2481 tenebras
791 2463 843 2481 esse

88 2493 228 2519 diabolum.

122 2534 135 2553 b
152 2532 248 2565 [Addit
259 2532 335 2558 savii.
349 2538 475 2566 τουτέστιν,
489 2536 500 2560 ὁ
512 2537 560 2563 rm
571 2537 606 2559 ἵνα
625 2538 714 2567 γίνηται
731 2535 791 2561 εἶπε·
808 2537 845 2561 καὶ

91 2574 128 2597 οὐκ
141 2574 278 2605 κὶσχῦνονται
292 2576 331 2598 τὸν
347 2574 450 2598 διάὸολον
458 2574 608 2607 πρεσθὺτερον
622 2575 721 2606 λέγοντας
733 2577 772 2600 τοῦ
783 2577 842 2600 Tiasa.

221 2627 294 2646 ΤΟΜ.
317 2627 360 2646 Vl.

1590 199 1659 247 517

871 269 907 290 ⁶¹12

880 298 899 320 A
915 270 1033 309 bulaque
1056 278 1082 300 et
1101 272 1188 311 caligo
1208 271 1276 301 circa
1294 282 1376 311 aquas
1395 272 1569 310 consistebat,
1589 274 1661 312 quod

915 316 996 345 etiam
1006 326 1078 346 nunc
1087 317 1194 346 evenire
1203 316 1269 346 solet
1275 317 1304 346 in
1316 317 1475 347 fluminibus
1485 340 1492 354 ‚
1511 318 1663 348 obscurita-

914 361 1045 390 temillam
1055 362 1197 401 caliginem
1210 363 1348 402 excitasse;
1361 364 1499 403 nubesque
1513 363 1615 401 fecisse,
1630 375 1662 394 ac

916 407 1001 436 nubes
1015 407 1205 437 obumbrantes
1217 409 1339 438 tenebras
1354 409 1503 439 induxisse.
1518 409 1600 447 Quod
1613 420 1660 438 au-

915 460 969 483 tem
979 453 1064 484 nubes
1076 454 1199 483 tenebras
1211 454 1317 491 excitet,
1334 454 1362 484 id
1372 455 1439 484 dicit
1451 455 1608 495 Scriptura:
1620 457 1661 485 Et
1670 455 1694 477 3.
1706 454 1763 483 ¹¹²8-
1776 453 1813 476 ¹8·

916 501 1022 530 caelum
1035 502 1256 530 obtenebratum
1269 507 1312 530 est
1325 503 1356 530 in
1368 502 1500 531 nubibus.
1516 502 1661 532 Haeretico-

916 557 978 576 rum
986 554 1075 576 autem
1085 546 1220 586 allegoriae
1227 556 1280 575 non
1291 546 1446 586 ignorandae
1458 555 1530 578 sunt.
1544 548 1663 585 Quidam

917 594 1034 624 haeretici
1048 593 1140 623 dicere
1151 593 1211 622 ausi
1222 600 1294 628 sunt,
1307 594 1428 624 tenebras
1439 606 1496 624 esse
1505 595 1661 633 diabolum,

916 640 1045 680 abyssum
1068 650 1134 669 vero
1156 639 1292 669 daemonas
1311 652 1318 668 τ
1345 639 1454 678 quando
1477 647 1567 670 autem
1591 641 1664 671 dixit

915 687 1006 716 Deus:
1021 688 1093 716 Fiat
1106 686 1174 723 lu:c;
1188 685 1217 715 id
1230 692 1270 715 est
1281 685 1381 722 Filius,
1397 686 1491 716 aiunt:
1502 688 1564 717 Non
1582 687 1664 717 modo

879 745 898 768 B
915 742 978 769 ergo
998 732 1040 762 illi
1059 732 1161 762 honore
1181 742 1231 772 par
1244 738 1284 761 est
1296 731 1434 768 diabolus,
1455 731 1503 762 sed
1515 733 1597 762 etiam
1614 733 1664 763 illo

914 778 1014 808 senior.
1031 780 1136 809 Verum
1148 778 1218 808 hanc
1235 778 1399 818 impietatem
1409 788 1443 808 ne
1455 789 1665 808 commemorare

913 825 1024 865 quidem
1038 837 1087 866 par
1100 833 1156 856 est:
1169 825 1217 856 sed
1230 825 1291 855 ideo
1303 826 1469 866 protulimus
1479 849 1487 864 ,
1507 837 1541 856 ne
1559 837 1590 856 ea
1603 837 1663 866 quae

913 873 986 903 dicta
998 880 1060 903 sunt
1074 872 1243 912 ignoraretis.
1260 873 1390 902 Tenebrae
1405 883 1468 913 ergo
1480 879 1546 902 tunc
1559 873 1614 903 illae
1628 884 1663 903 ex

914 920 1034 949 nubibus
1050 926 1135 949 erant.
1149 919 1194 949 Sic
1207 919 1317 948 enimin
1329 919 1448 960 AEgypto
1468 930 1576 959 quoque
1589 927 1660 950 tene·
1670 925 1748 977 frod.
1760 931 1797 948 ιο.

1689 962 1701 977 2
1709 962 1757 985 sqq.

914 966 969 996 brae
981 973 1057 996 erant
1066 989 1074 1002 ,
1094 976 1147 995 non
1167 966 1242 1005 quod
1255 976 1308 995 nox
1319 972 1388 996 esset
1397 989 1405 1004 ,
1421 966 1468 996 sed
1480 966 1554 1005 quod
1572 967 1660 1007 caligo

914 1019 982 1041 esset
997 1011 1118 1041 inducta.
1138 1011 1183 1041 Sic
1202 1018 1228 1041 et
1245 1011 1273 1041 in
1291 1018 1382 1041 monte
1400 1012 1466 1042 Sina
1481 1012 1583 1042 factum
1601 1020 1641 1042 est
1652 1024 1659 1045 ;
1671 1013 1810 1041 Dent.4.=1.

913 1059 1027 1089 tenebrae
1040 1065 1114 1088 erant
1123 1068 1177 1088 non
1187 1069 1221 1088 ex
1230 1065 1319 1096 nocte,
1331 1058 1378 1088 sed
1388 1059 1460 1088 nube
1471 1059 1659 1090 obumbrante.

913 1105 959 1135 Sic
969 1105 1049 1134 etiam
1061 1104 1089 1133 in
1100 1115 1179 1134 cruce
1191 1104 1292 1135 Christi
1304 1105 1419 1134 tenebrae
1428 1105 1504 1134 factae
1518 1111 1592 1143 sunt,
1605 1116 1659 1136 non

913 1151 1070 1182 adveniente
1081 1157 1167 1188 nocte,
1183 1150 1230 1181 scd
1240 1151 1336 1181 umbra
1349 1156 1376 1181 et
1388 1151 1568 1181 obstructione
1579 1152 1657 1182 facta.

915 1198 956 1227 Ita
973 1207 1026 1227 non
1045 1204 1149 1237 oportet
1175 1197 1270 1227 divina
1287 1197 1394 1236 eloquia
1413 1203 1512 1230 temere
1533 1197 1657 1238 aggredi.

878 1243 898 1266 C
914 1244 957 1272 Et
972 1245 1088 1283 spiritus
1102 1243 1160 1273 Dei
1176 1242 1414 1283 superferebatur·
1430 1253 1518 1282 super
1537 1254 1656 1283 aquam.
1669 1256 1724 1278 Gen.
1738 1261 1758 1278 ς,
1770 1263 1793 1278 2,

913 1289 1045 1329 Spiritum
1057 1295 1136 1319 vocat
1145 1295 1265 1325 ventum,
1279 1295 1310 1318 ut
1321 1288 1388 1318 alibi
1401 1287 1468 1318 dicit
1481 1301 1489 1318 ε
1505 1291 1542 1318 1η
1554 1291 1658 1328 spiritu
1668 1297 1776 1328 Psal.47.
1784 1298 1808 1321 8.

911 1335 1079 1365 vehementi
1103 1341 1233 1364 conteres
1260 1344 1350 1364 naves
1378 1335 1496 1364 Tharsis
1506 1346 1515 1364 .·
1533 1334 1658 1375 spiritum

912 1392 1011 1412 vocans
1033 1382 1102 1412 aeris
1121 1388 1236 1412 motum.
1257 1382 1298 1412 Ne
1319 1388 1398 1422 putes
1415 1381 1487 1411 enim
1507 1381 1584 1412 aliud
1601 1394 1657 1413 esse

911 1438 1009 1463 aerem,
1025 1435 1050 1457 et
1063 1427 1140 1457 aliud
1150 1435 1262 1457 ventum
1274 1439 1281 1456 ε
1295 1427 1353 1468 ipse
1365 1427 1468 1468 quippe
1481 1438 1528 1457 aer
1541 1429 1658 1458 concita—

910 1482 954 1506 tus
972 1483 1084 1506 ventum
1102 1476 1183 1513 facit,
1200 1483 1230 1506 ut
1251 1476 1434 1515 experimento
1455 1476 1656 1516 comprobatur.

909 1525 985 1564 Saepe
993 1524 1075 1563 igitur
1085 1523 1194 1552 flabello
1203 1530 1250 1552 aut
1259 1522 1371 1552 sindone
1379 1523 1557 1562 tranquillum
1570 1534 1657 1554 aerem

909 1580 1110 1600 commovemus
1119 1592 1127 1606 ,
1142 1576 1170 1599 et
1187 1580 1223 1599 ex
1236 1569 1306 1599 aeris
1319 1576 1393 1598 motu
1406 1576 1518 1599 ventum
1531 1569 1654 1600 facimus.

910 1617 950 1646 Ut
971 1626 1036 1655 ergo
1054 1626 1088 1644 ex
1109 1615 1169 1655 ipso
1183 1614 1280 1654 spiritu
1300 1613 1526 1644 demonstraretur
1545 1622 1656 1645 ventum

909 1672 967 1691 esse
980 1661 1048 1690 aeris
1062 1667 1175 1696 motum,
1191 1660 1242 1689 hac
1255 1659 1289 1689 de
1302 1670 1381 1689 causa
1391 1659 1473 1697 dixit,
1487 1660 1654 1701 Super-fere-

911 1709 1006 1737 batur.
1028 1706 1171 1746 Proprium
1186 1705 1258 1735 enim
1279 1712 1359 1735 vento
1372 1712 1411 1734 est
1428 1712 1458 1734 ut
1471 1707 1655 1746 superferatur

909 1753 1045 1783 creationi.
1062 1753 1148 1781 Dixit
1163 1751 1255 1788 Deus,
1275 1753 1347 1781 Fiat
1361 1751 1424 1781 lux.
1440 1752 1498 1781 Cur
1515 1763 1568 1782 non
1582 1753 1654 1783 dixit

910 1802 1034 1839 Moyses,
1048 1798 1127 1828 Dixit
1137 1798 1226 1834 Deus,
1242 1797 1304 1827 Fiat
1317 1798 1412 1827 caelum
1422 1821 1430 1835 ‚
1443 1798 1491 1828 fiat
1502 1809 1576 1829 mare
1585 1822 1592 1836 ,
1606 1800 1654 1830 sed

910 1846 947 1876 ibi
962 1846 1081 1885 quidem,
1095 1846 1190 1881 Fecit,
1205 1843 1250 1873 hic
1262 1854 1327 1874 vero
1337 1868 1345 1879 ‚
1359 1845 1463 1880 Dixit,
1482 1845 1653 1885 quandoqui-

909 1891 970 1922 dem
984 1890 1058 1931 apud
1071 1900 1119 1919 nos
1133 1900 1220 1919 sermo
1239 1889 1366 1930 praecedit
1379 1900 1447 1929 opus
1460 1903 1467 1919 ε
1481 1900 1542 1920 nam
1562 1891 1653 1931 primo

909 1937 1035 1973 dicimus,
1048 1934 1145 1965 deinde
1155 1935 1284 1965 facimus?
1297 1935 1445 1965 Ostendere
1458 1936 1551 1966 volens
1560 1938 1652 1967 Deum

909 1983 999 2024 primo
1012 1983 1114 2017 facere3
1133 1988 1163 2011 ut
1176 1981 1250 2011 omni
1263 1991 1385 2011 sermone
1395 1981 1556 2013 velociorem
1577 1993 1652 2013 crea-

909 2030 1008 2060 tionem
1021 2039 1077 2058 esse
1087 2027 1249 2058 demonstret
1256 2039 1265 2066 ;
1278 2027 1387 2067 quando
1401 2028 1539 2059 materiam
1552 2030 1653 2060 virtute

909 2086 957 2105 sua
970 2081 1054 2111 creat,
1068 2073 1134 2104 dicit
1143 2073 1225 2112 illud,
1240 2075 1335 2110 Fecit,·
1343 2073 1451 2113 quando
1462 2081 1552 2104 autem
1562 2075 1652 2105 omnia

909 2122 983 2151 Deus
1002 2126 1144 2149 ornaturus
1162 2125 1235 2157 erat,
1259 2126 1369 2150 ornatus
1385 2127 1475 2150 autem
1493 2120 1651 2161 hujusmodi

908 2166 1073 2206 principium
1085 2165 1136 2195 lux
1147 2171 1213 2203 erat,
1228 2172 1292 2195 tunc
1305 2165 1410 2195 inducit
1421 2165 1582 2196 concinnum
1593 2176 1650 2196 ser*-

882 2244 885 2247 ,
909 2223 1024 2242 monem.
1039 2212 1075 2242 Et
1087 2211 1151 2251 quia
1169 2221 1278 2242 rursum
1295 2212 1416 2251 primum
1438 2211 1490 2241 Dei
1504 2222 1573 2251 opus
1584 2212 1649 2249 lux,

908 2265 1073 2299 postremum
1087 2267 1153 2289 vero
1168 2257 1250 2287 bomo
1267 2257 1319 2287 fuit
1334 2270 1341 2286 ε
1363 2258 1452 2297 primo
1471 2258 1545 2287 Deus
1562 2256 1650 2286 lucem

908 2311 1034 2346 operatur
1043 2303 1138 2341 verbo,
1163 2310 1297 2344 postremo
1309 2303 1446 2333 hominem
1459 2312 1549 2342 opere,
1563 2312 1578 2331 a
1590 2302 1650 2331 luce

908 2352 937 2382 in
950 2351 1039 2382 lucem
1050 2350 1184 2380 desinens.

874 1751 894 1774 1)

892 2460 918 2483 El
926 2460 971 2490 γὰρ
979 2457 1064 2488 δαίμων
1073 2458 1132 2481 ἐστὶν
1141 2455 1242 2484 &Gi-tortos,
1251 2455 1263 2479 ὁ
1272 2454 1295 2478 δὶ
1304 2453 1405 2479 διάὸολσς
1414 2455 1498 2481 σκότος,
1505 2453 1567 2482 μετὰ
1578 2453 1652 2476 ταῦτα

893 2498 917 2522 δὲ
929 2498 988 2523 εἶπεν
999 2499 1011 2522 ὸ
1024 2498 1085 2525 θεὸς,
1098 2496 1213 2522 Γενηθήτω
1230 2496 1256 2518 τὸ
1277 2497 1335 2526 φῶς,
1358 2494 1486 2520 τουτέστιν,
1499 2491 1511 2514 ὁ
1528 2492 1588 2519 Υἱός,
1601 2493 1649 2513 cet.

894 2534 970 2560 Paulo
981 2540 1039 2567 post
1051 2531 1118 2558 idem
1129 2533 1178 2558 οὐδὲ
1190 2533 1246 2559 ὅλως
1254 2541 1292 2562 μν.
1307 2527 1372 2561 ἔδει]

1435 2611 1471 2646 34
