1890 2826
97 479 161 502 Uxor
184 478 240 500 muta

98 509 240 539 corrigenda,

74 564 77 566 ,
99 546 138 563 aut
169 541 242 563 feren-

100 573 136 595 da.

254 171 322 216 144

247 250 355 279 norans,
366 239 438 270 dono
447 249 504 270 rem
515 236 722 268 commendans:
738 243 769 266 ut
781 246 814 266 ne
831 234 993 266 abomineris

247 286 356 326 nuptias
365 307 373 322 ,
397 284 445 314 sed
467 283 556 313 oderis
582 281 778 312 scortationem.
794 282 858 311 Meo
884 277 993 318 quidem

247 331 369 372 periculo
380 341 429 371 ego
440 329 558 371 spondeo
573 328 623 358 tibi
636 327 760 364 salutem,
767 325 871 356 etiamsi
881 334 994 354 uxorem

248 377 384 407 habueris.
397 376 523 416 Prospice
534 374 586 405 tibi
598 374 663 414 ipsi.
673 373 775 403 Mulier
787 373 809 402 si
823 371 908 413 proba
930 372 991 400 fue-

248 422 295 460 rit,
310 421 430 462 adjutrix
444 421 496 450 tibi
519 426 568 449 est.
583 418 659 456 Quid
678 417 762 458 igitur
786 417 810 446 si
831 427 883 446 non
910 414 994 445 suerit

583 177 614 201 S.
640 174 782 200 JOANle
808 173 992 199 CHRYSOST.
1021 168 1176 196 Ancum).
1205 169 1478 196 CONSTANTINOP.

1046 233 1182 273 ἐγγυῶμαί
1205 245 1250 263 σου
1277 233 1325 270 τὴν
1350 232 1501 273 σωτηρίαν,
1526 231 1576 262 κᾶν
1603 235 1715 272 γυναῖκα
1739 226 1814 271 ἴχῃς.

1045 279 1169 319 Πρόσεχε
1183 281 1295 320 σεαυτῷ.
1315 278 1387 315 Γυνὴ
1407 279 1451 308 ἐὰν
1472 278 1617 319 εύχρηστός
1637 279 1709 313 ἐστι,
1725 277 1817 317 βοηθός

1047 337 1093 354 σου
1107 325 1172 355 ἐστί.
1186 325 1222 355 Τί
1235 322 1279 355 οῧν
1295 325 1325 355 ἂν
1341 324 1378 365 μὴ
1393 321 1410 365 ᾗ
1431 324 1591 365 εὔχρηστος;
1604 324 1721 360 Ποίησον
1735 323 1816 359 αὐτὴν

1047 371 1202 411 εὔχρηστον.
1225 371 1272 408 Μὴ
1298 373 1346 401 οὔκ
1377 371 1495 411 ἐγένοντο
1521 371 1601 400 καλαὶ
1626 374 1747 410 γυναῖκες
1772 367 1818 398 καὶ

1047 417 1146 453 κακαὶ,
1159 417 1203 447 ἵνα
1223 417 1260 456 μὴ
1275 417 1340 458 ἔχῃς
1359 417 1504 458 πρόφασιν;
1524 416 1640 453 Ποταπὴ
1653 418 1670 452 ἡ
1690 418 1737 445 τοῦ
1755 414 1819 444 ’1ὼὸ

249 467 391 498 commoda
400 468 414 497 ἐ’
424 468 479 497 Fac
499 466 575 496 illam
588 464 769 497 commodam.
781 465 875 493 Annon
887 464 995 492 fuerunt
1004 490 1042 508 ¹²5
1048 458 1094 500 {213
1111 463 1146 493 Ἡ
1158 463 1184 493 δὲ
1195 463 1289 504 Σάρῤα
1301 463 1370 500 καλὴ
1386 460 1428 500 ἦν.
1442 463 1528 498 Δείξω
1539 474 1580 492 σοι
1596 465 1707 502 γυναῖκα
1716 460 1818 502 φαύλην

250 522 348 542 uxores
360 512 436 541 bonae
448 521 479 540 ae
489 510 576 546 malae,
591 520 624 538 ne
634 509 747 538 haberes
768 508 966 537 excusationem
981 505 995 534 'z’

250 558 347 596 Qualis
360 564 417 587 erat
426 557 474 586 illa
489 556 542 587 Job
553 556 567 585 9
581 555 635 585 Sed
648 555 728 584 Sarra
735 554 876 583 eratbona.
892 555 993 583 Osten-

250 604 314 634 dam
325 604 376 634 tibi
395 603 535 633 mulierem
546 608 573 631 et
592 601 690 631 malam
714 607 740 630 et
753 600 915 640 improbam.
934 601 996 630 Non

249 650 410 681 nocuitviro
418 660 487 679 uxor
497 648 551 679 Job
565 658 571 675 :
583 658 668 687 prava
679 653 735 676 erat
747 652 773 676 et
781 646 914 686 improba,
929 655 995 675 eon·

253 696 346 726 silium
366 697 448 726 dabat
462 695 504 725 illi
519 702 547 724 ut
559 693 740 733 blasphemias
764 693 905 733 proferret.
922 691 997 729 Quid

250 743 336 783 igitur
349 743 363 772 Ξ)
374 741 543 772 labefactavit
556 740 655 770 turrim
664 740 678 769 Ρ
693 739 790 779 dejecit
806 738 972 768 adamantem
982 739 996 768 ἒ)

251 787 389 827 superavit
412 786 538 827 petram?
559 784 665 825 depulit
684 784 799 813 militem
811 783 825 812 ’τ’
837 783 996 812 comminuit

252 833 398 872 scapham?
411 832 558 862 eradicavit
570 831 692 860 arborem
701 829 716 859 ἱ)
729 829 806 859 Nihil
818 829 915 858 horum
928 841 934 857 :
950 828 998 858 sed

251 878 300 908 illa
311 878 476 918 impellebat,
488 885 513 908 et
523 878 604 907 arbor
618 876 781 906 reddebatur
794 875 917 905 stabilior
932 887 939 903 :
951 875 999 904 illa

252 924 352 954 fluctus
361 924 504 961 excitabat,
516 931 543 953 at
555 924 631 954 navis
645 933 697 958 pon
709 922 942 961 submergebatur,
951 921 998 952 sed

253 969 371 999 secundo
383 969 526 1009 navigabat
538 975 618 999 vento
625 978 635 1004 ς
649 969 753 998 fructus
765 967 824 1007 ejus
834 967 998 1007 decerpeba-

254 1023 344 1053 tur,et
356 1016 436 1046 arhor
449 1021 580 1045 commota
588 1025 642 1044 non
653 1021 709 1052 est;
720 1013 784 1042 folia
798 1012 999 1050 deciderunt,ct

254 1062 335 1092 radix
345 1063 443 1092 mansit
450 1062 571 1091 immota.
581 1062 644 1090 Haec
655 1060 760 1099 loquor,
767 1069 801 1088 ne
812 1059 873 1097 quis
887 1065 1000 1099 praeten-

254 1108 302 1138 dat
314 1109 407 1138 uxoris
417 1107 627 1148 improbitatem.
637 1106 712 1136 Mala
723 1112 762 1135 est
772 1105 786 1134 ἶ)
801 1105 917 1145 Coi-rige
928 1116 998 1134 eam.

255 1154 310 1185 Sed
324 1155 363 1184 ais
373 1178 380 1192 ,
395 1165 410 1184 e
422 1153 546 1194 paradiso
559 1163 603 1182 me
615 1152 731 1193 expulit.
745 1153 849 1182 Verum
871 1151 963 1181 eadem
975 1158 1001 1180 te

254 1200 284 1229 in
307 1200 386 1230 caelos
401 1200 521 1229 induxit.
537 1198 640 1228 Eadem
665 1197 775 1237 quidem
796 1204 902 1233 natura,
927 1207 1002 1227 mens

255 1252 343 1275 tamen
363 1245 480 1275 diversa.
499 1244 555 1274 Sed
580 1244 628 1273 illa
643 1244 697 1273 Job
710 1250 767 1272 erat
779 1243 847 1272 mala
861 1243 875 1271 Ρ
896 1244 1001 1273 Verum

256 1293 378 1322 Susanna
390 1291 472 1320 bona.
488 1291 542 1321 Sed
562 1290 610 1319 illa
625 1289 752 1329 AEgyptia
768 1295 825 1318 erat
837 1289 973 1329 impudica
988 1289 1002 1318 ?

257 1339 362 1369 Verum
381 1338 461 1367 Sarra
485 1343 542 1366 erat
555 1335 684 1365 modesta.
700 1335 804 1366 Vidisti
818 1335 916 1364 illam?
930 1335 1003 1367 Vide

256 1392 282 1415 et
291 1385 375 1422 hanc;
383 1383 601 1423 quandoquidem
609 1383 687 1412 etiam
697 1382 767 1411 inter
774 1381 847 1411 viros
857 1382 886 1411 bi
893 1381 1002 1421 quidem

256 1432 321 1461 mali
334 1438 408 1468 sunt,
420 1430 464 1459 illi
485 1440 550 1460 vero
568 1429 645 1459 boni.
658 1430 748 1458 Bonus
761 1435 817 1458 erat
831 1428 943 1468 Joseph,
959 1439 1002 1458 se—

257 1478 346 1507 niores
357 1484 447 1507 autem
463 1475 604 1516 impudici.
620 1475 723 1506 Vidisti
738 1475 864 1504 omnibus
878 1474 906 1503 in
923 1475 1002 1504 rebus

257 1524 356 1554 vitium
383 1534 415 1552 ac
432 1523 562 1553 virtutem
584 1532 637 1550 non
658 1528 752 1550 natura
773 1519 930 1560 dijudicari,
955 1520 1002 1549 sed

258 1570 347 1600 animo
360 1569 503 1609 distingui.
517 1569 559 1598 Ne
579 1567 648 1597 mihi
662 1574 792 1607 praetexas
806 1566 1000 1595 excusationes.

258 1616 312 1647 Sed
324 1615 359 1645 ad
372 1626 477 1652 eorum,
486 1625 545 1654 quae
555 1614 696 1650 debemus,
704 1612 863 1642 solutionem
875 1622 1002 1652 propere-

258 1673 330 1692 mus.
347 1663 390 1691 Et
403 1662 524 1702 factum
549 1666 592 1690 est
615 1669 694 1688 anno
723 1669 781 1698 quo
810 1665 941 1687 mortuus
961 1664 1004 1687 est

261 1710 348 1738 Ozias
360 1718 423 1736 rex.
445 1707 574 1736 Dicturus
588 1716 648 1735 sum
669 1715 751 1742 quam
764 1704 799 1733 ob
821 1714 930 1734 causam
947 1703 1004 1744 ipse

258 1754 388 1794 propheta
400 1753 521 1793 designet
532 1759 637 1791 tempus
653 1763 659 1779 :
674 1749 807 1789 siquidem
820 1750 1005 1789 quaerebamus

258 1800 329 1836 heri,
351 1811 433 1838 quam
447 1798 557 1828 tandem
575 1798 610 1827 ob
631 1807 739 1827 causam
759 1807 820 1826 cum
835 1807 926 1826 omnes
939 1807 1006 1836 pro-

259 1847 357 1887 plietae,
374 1854 453 1884 atque
466 1846 511 1875 hic
522 1856 641 1884 quoque,
656 1851 761 1883 ternpus
775 1854 868 1883 regum
882 1854 1006 1874 enarrare

260 1893 363 1922 soleant
374 1902 427 1931 quo
439 1891 565 1926 vixerint,
578 1891 630 1919 hoc
642 1890 701 1919 loco
711 1900 742 1918 ea
755 1889 925 1918 consuetudo
938 1900 1007 1930 prae-

262 1938 383 1968 termissa
396 1938 446 1967 sit:
468 1948 516 1966 nec
530 1937 602 1966 enim
609 1936 685 1973 dicit,
695 1937 726 1965 In
738 1935 834 1964 diebus
849 1936 934 1965 Ozias:
948 1936 1006 1974 sed,

262 1987 297 2016 In
310 1991 394 2013 morte
414 1984 495 2014 Oziae.
513 1984 588 2012 Hanc
608 1982 781 2020 quaestionem
802 1982 884 2011 hodie
905 1982 1009 2013 solvere

263 2030 339 2060 volo.
365 2031 536 2068 Quamquam
558 2028 630 2057 enim
652 2027 745 2066 ingens
764 2034 804 2056 est
817 2034 908 2065 aestus,
922 2035 1009 2058 tamen

264 2077 351 2116 major
364 2082 403 2104 est
427 2075 557 2104 sermonis
578 2073 744 2117 refrigeratio
760 2085 766 2101 :
790 2084 955 2113 quamquam
968 2074 1010 2103 vis

265 2123 297 2151 fit
309 2120 415 2161 corpori
434 2119 574 2155 fatiscenti,
588 2126 676 2148 tamen
690 2119 777 2147 anima
790 2119 883 2158 vigens
895 2120 1011 2149 delecta-

265 2175 320 2197 tur.
335 2168 377 2197 Ne
389 2166 459 2195 mihi
478 2176 570 2195 narres
583 2172 677 2194 aestum
689 2175 719 2194 ac
732 2165 871 2194 sudorem.
886 2166 916 2196 Si
929 2166 1009 2195 suda-

266 2214 338 2244 veris
355 2222 479 2252 eorpore,
495 2211 625 2251 abstergis
639 2211 755 2240 animam
779 2218 863 2240 tuam.
877 2212 944 2241 Tres
967 2211 1010 2240 illi

267 2258 346 2299 pueri
365 2258 414 2296 qui
427 2264 502 2286 erant
514 2257 541 2286 in
555 2258 660 2286 fornace
670 2279 678 2294 ,
695 2256 765 2285 nihil
777 2256 931 2286 detrimenti
953 2268 1015 2297 per-

269 2304 340 2344 pessi
353 2310 425 2341 sunt,
438 2303 485 2332 sed
507 2303 601 2332 fornax
619 2302 675 2332 illis
699 2302 751 2331 suit
771 2302 919 2342 refrigerio.
945 2304 1015 2332 Cum

302 2416 312 2427 ἱ·
330 2407 412 2433 Iidem
425 2409 583 2433 συνεὲούλῑυεν.

303 2448 316 2467 ὐ
333 2448 403 2472 Unus
415 2450 452 2473 καὶ
463 2451 489 2473 τὸ
504 2448 592 2481 δένδρον
603 2449 769 2482 ἀσφαλέστερον
781 2451 877 2480 ἐγένετο.

303 2491 312 2501 ‘
333 2486 380 2519 Alii
391 2490 567 2520 npopxeiwrac.

303 2526 316 2544 Λ
334 2526 405 2550 Unus
423 2527 535 2558 βασιλίων
553 2526 684 2553 δηλούντων.
699 2523 805 2550 Snvilius
817 2525 842 2550 in
860 2525 971 2559 margine
984 2533 1029 2552 τῶν

269 2568 380 2599 [Euthiam
393 2568 550 2597 μεμυημένων.

1013 518 1033 540 Α
1049 509 1094 539 καὶ
1108 509 1234 550 πονηράν.
1249 511 1309 540 Οὔκ
1323 509 1422 550 ἔὸλαψε
1435 510 1479 539 τὸν
1495 509 1577 549 ἄνδρα
1588 507 1679 548 ἧγυνὴ
1689 510 1734 537 τοῦ
1747 505 1818 536 Ἰώδ-

1048 556 1150 596 πονηρὰ
1164 552 1197 592 ἦν
1210 555 1254 585 καὶ
1265 555 1368 596 φαύλη,
1380 555 1425 586 καὶ
1446 557 1612 596 βλασφημεῖν
1632 556 1705 595 αὗτῷ
1722 557 1733 570 “
1744 565 1820 583 συνε-

1049 602 1183 632 ὅούλευσε.
1198 602 1235 632 Τί
1248 598 1306 639 οῧν;
1322 602 1407 632 ἔσεισε
1422 602 1467 632 τὸν
1485 601 1600 642 πύργον;
1615 600 1760 640 κατήνεγκε
1775 599 1819 629 τὸν

1049 649 1201 688 ἀδάμαντα;
1212 647 1377 688 περιεγένετο
1388 650 1435 684 ἰ-’ῆς
1446 648 1557 688 πέτρας;
1568 647 1675 687 ἔκρουσε
1684 646 1729 676 τὸν
1741 658 1820 686 στρα-

1049 693 1161 730 τιώτην;
1177 694 1296 734 διέτρησε
1313 693 1344 723 τὸ
1357 693 1469 734 σκάφοςς
1483 693 1635 734 ἔξεῤῥίζωσε
1655 692 1686 722 τὸ
1703 692 1820 732 δένδρον;

1050 741 1135 770 Οὐδὲν
1158 740 1271 770 τούτων’
1298 741 1357 769 ἀλλ’
1383 740 1471 776 ἐκείνη
1495 739 1673 779 προσέχρωσε
1683 761 1692 775 ,
1715 737 1728 755 ¹³
1737 738 1782 768 καὶ
1807 740 1821 767 ὃ

1049 787 1148 827 πύργος
1157 786 1351 827 ἀσφαλέστερος
1361 786 1460 826 ἐγίνετο
1467 797 1474 804 ·
1485 785 1551 822 αὐτὴ
1562 785 1596 814 τὰ
1606 784 1713 824 κύματα
1721 784 1821 824 ἤγειρε,

1049 833 1094 863 καὶ
1103 833 1134 862 τὸ
1144 834 1235 862 πλοῖον
1248 833 1277 861 οὔ
1291 832 1499 869 κατεποντίζετο,
1513 832 1571 861 ἀλλ’
1583 830 1609 865 ἐξ
1619 830 1708 870 οὐρίας
1719 830 1821 860 ἔπλεεν·

1050 882 1064 909 ὁ
1077 878 1178 919 καρπὸς
1192 880 1271 908 αὐτοῦ
1295 878 1424 918 ἐτρυγήθη
1434 900 1442 913 ,
1463 878 1509 907 καὶ
1528 877 1558 906 τὸ
1579 877 1683 917 δένδρον
1696 878 1744 906 οὐκ
1757 877 1822 905 ἔσα-

1049 925 1129 961 λεύθη
1140 937 1147 943 ·
1159 924 1193 954 τὰ
1205 925 1290 965 φύλλα
1303 924 1392 960 ἔπεσε,
1407 924 1452 954 καὶ
1466 927 1482 960 ἦ
1496 923 1554 964 ῥίζα
1569 924 1658 962 ἔμενεν
1669 922 1822 955 ἀσάλευτος.

1051 973 1145 1001 Ταῦτα
1157 971 1237 1010 λέγω,
1251 970 1294 1000 ἵνα
1313 971 1404 1010 μηδεὶς
1425 974 1435 987 ⁶
1447 970 1642 1011 προφασίζηται
1664 968 1760 999 κακίαν
1772 979 1822 1008 γυ-

1051 1017 1148 1050 ναικός.
1163 1016 1261 1052 Φαύλη
1272 1016 1342 1052 ἐστί;
1355 1016 1504 1056 Διόρθωσον
1519 1015 1611 1052 αὐτήν.
1620 1015 1710 1051 Ἀλλὰ,
1723 1014 1801 1055 φησὶν
1812 1037 1820 1051 ,

1053 1062 1106 1093 ἀπὸ
1117 1062 1277 1103 παραδείσου
1292 1074 1326 1100 με
1345 1062 1476 1096 ἔξέὸαλεν.
1496 1062 1576 1092 Ἀλλὰ
1590 1062 1635 1092 καὶ
1649 1064 1686 1095 εἰς
1699 1061 1823 1101 οὐρανούς

1053 1121 1083 1139 σε
1105 1109 1251 1148 ἐξήνεγκεν.
1277 1108 1314 1138 ‘ll
1329 1109 1395 1145 αὐτὴ
1423 1109 1470 1148 μὲν
1495 1108 1587 1149 φύσις,
1610 1108 1731 1148 διάφορος
1754 1107 1783 1137 δὲ
1805 1110 1823 1145 ἦ

1052 1156 1156 1196 γνώμη.
1171 1156 1240 1184 Ἀλλ’
1263 1157 1280 1190 ἡ
1301 1158 1347 1184 τοῦ
1362 1154 1425 1184 ’1ὼὸ
1446 1155 1550 1195 φαύλῃ
1572 1155 1641 1185 Ἀλλ’
1662 1157 1680 1191 ἡ
1695 1154 1824 1185 Σωσοίννα

1053 1202 1132 1238 καλή.
1148 1202 1217 1231 Ἀλλ’
1231 1203 1248 1237 ἡ
1264 1201 1397 1241 Αἰγυπτία
1419 1201 1576 1238 ἀκόλαστος;
1597 1202 1669 1230 Ἀλλ’
1692 1203 1709 1237 ἡ
1731 1200 1824 1241 Σοίῤῥα

1053 1247 1162 1285 κοσμία.
1178 1241 1255 1280 Εἶδες
1273 1247 1390 1284 ἐκείνην;
1411 1246 1498 1276 Βλέπε
1515 1246 1560 1276 καὶ
1577 1246 1675 1283 ταύτην
1686 1258 1693 1265 ·
1707 1246 1765 1276 ἐπεὶ
1778 1246 1825 1276 καὶ

1053 1294 1080 1322 ἐν
1093 1292 1218 1333 ἀνδράσιν
1232 1293 1256 1321 οἱ
1272 1291 1319 1331 μὲν
1339 1293 1433 1333 φαῦλοι
1444 1315 1451 1328 ,
1462 1295 1486 1322 οἱ
1499 1292 1527 1322 δὲ
1540 1293 1688 1322 σπουδαῖοι.
1709 1292 1797 1326 Καλὸς
1810 1295 1824 1322 ὁ

1053 1339 1164 1379 Ἰωσὴφ,
1179 1340 1203 1368 οἱ
1221 1339 1248 1368 δὲ
1262 1339 1437 1379 πρεσὸύτεροι
1458 1339 1610 1370 ἀκόλαστοι.
1625 1334 1702 1373 Εἶδες
1721 1351 1824 1369 παντα-

1053 1388 1102 1426 χοῦ
1118 1384 1213 1414 κακίαν
1232 1384 1277 1414 καὶ
1297 1384 1406 1425 ἀρετὴν,
1432 1385 1468 1424 μὴ
1483 1387 1516 1425 τῇ
1539 1386 1615 1426 φύσει
1633 1389 1717 1415 ταῦτα
1736 1384 1825 1426 κρινό-

1055 1443 1131 1471 μενα,
1147 1430 1215 1460 ἀλλὰ
1228 1432 1262 1470 τῇ
1276 1430 1369 1470 γνώμῃ
1392 1431 1570 1471 διαιρούμενα.
1591 1431 1640 1467 Μή
1663 1443 1707 1470 μοι
1721 1430 1824 1471 προφά-

1055 1489 1108 1511 σεις
1118 1476 1289 1517 προφασίζου.
1299 1477 1368 1506 Ἀλλ’
1380 1477 1424 1506 ἐπὶ
1436 1477 1469 1506 τὰ
1478 1476 1545 1517 χρέα
1557 1477 1602 1507 καὶ
1614 1477 1663 1513 τὴν
1674 1476 1825 1513 καταὸολὴν

1054 1523 1218 1561 σπεύδωμεν.
1239 1522 1291 1552 Καὶ
1306 1522 1409 1562 ἐγένετο
1427 1525 1473 1552 τοῦ
1494 1525 1630 1558 ἐνιαυτοῦ,
1644 1518 1674 1552 οῧ
1698 1522 1825 1553 ἀπέθανεν

1054 1569 1145 1603 Ὀζίας
1159 1571 1173 1597 ὃ
1188 1568 1320 1608 βασιλεύς.
1334 1569 1433 1598 Μέλλω
1452 1569 1538 1608 λέγειν
1554 1569 1597 1598 διὰ
1617 1568 1643 1598 τί
1656 1571 1670 1598 ὁ
1687 1568 1826 1609 προφήτης

1055 1614 1259 1653 ἐπισημαίνεται
1281 1614 1325 1644 τὸν
1348 1614 1452 1654 καιρόν·
1467 1616 1609 1654 ἐζητοῦμεν
1628 1614 1681 1655 γὰρ
1702 1614 1781 1655 χθὲς,
1799 1615 1827 1643 τί

1056 1661 1153 1696 δήποτε
1166 1662 1219 1689 τῶν
1232 1662 1374 1700 προφητῶν
1388 1660 1510 1690 ἁπάντων
1531 1660 1576 1690 τὸν
1589 1661 1680 1702 καιρὸν
1694 1663 1741 1696 τ’ῆς
1759 1662 1828 1696 ζωῆς

1055 1707 1108 1735 τῶν
1122 1705 1135 1722 ‘¹
1147 1705 1276 1745 βασιλέων
1295 1706 1483 1746 ἱστορούντων,
1497 1706 1541 1736 καὶ
1562 1707 1642 1736 αὖτοῦ
1662 1706 1754 1737 τούτου
1763 1730 1771 1744 ,
1783 1707 1827 1735 ἐν-

1057 1754 1141 1781 ταῦθα
1151 1751 1181 1780 τὸ
1194 1751 1251 1785 ἔθος
1264 1751 1342 1788 ἐλύθη
1352 1764 1359 1770 ·
1380 1753 1426 1782 καὶ
1440 1754 1469 1782 οὗ
1490 1752 1577 1792 λέγει,
1592 1754 1620 1782 ἐν
1639 1757 1696 1787 ταῖς
1716 1752 1828 1793 ἡμέραις

1058 1797 1164 1832 Ὀζίου,
1179 1798 1238 1826 ἀλλ’
1250 1821 1258 1834 ,
1274 1799 1300 1828 ἐν
1322 1800 1356 1837 τῇ
1379 1799 1489 1838 τελευτῇ
1513 1798 1615 1833 Ὀζίου.
1641 1800 1729 1829 Τοῦτο
1750 1801 1829 1829 λῦσαι

1060 1843 1189 1883 βούλομαι
1201 1843 1325 1882 σήμερον.
1340 1845 1375 1873 Εἰ
1386 1844 1437 1883 γὰρ
1452 1843 1496 1873 καὶ
1511 1844 1577 1874 πολὺ
1597 1845 1628 1873 τὸ
1638 1848 1729 1884 καῦμα
1738 1867 1747 1880 ,
1761 1845 1830 1874 ἀλλὰ

1061 1889 1156 1928 μείζων
1169 1891 1186 1924 ἡ
1197 1889 1288 1929 δρόσος
1299 1892 1345 1917 τοῦ
1356 1888 1434 1928 λόγου
1442 1901 1449 1907 ·
1461 1893 1472 1905 ⁰
1482 1891 1504 1919 εἰ
1513 1889 1564 1929 γὰρ
1580 1890 1698 1929 βιάζεται
1709 1890 1739 1920 τὸ
1751 1893 1831 1930 σῶμα

1061 1934 1279 1974 μαλακιζόμενον,
1292 1936 1351 1963 ἀλλ’
1367 1937 1522 1974 ἀκμάζουσα
1535 1938 1552 1972 ἠ
1567 1935 1639 1977 ψυχὴ
1654 1937 1831 1977 εὐφραίνεται.

1027 1989 1046 2013 1)
1061 1980 1108 2016 Μή
1124 1992 1169 2019 μοι
1190 1980 1250 2019 λέγε
1272 1983 1362 2019 καῦμα
1384 1981 1428 2010 καὶ
1449 1982 1565 2021 ἱδρῶτα·
1587 1982 1632 2012 ἐὰν
1655 1983 1769 2023 ἱδρώσῃς
1793 1986 1832 2023 τῷ

1061 2027 1182 2066 σώματι,
1197 2026 1310 2066 σμήχεις
1327 2038 1373 2056 σου
1387 2026 1436 2063 τὴν
1450 2028 1549 2068 ψυχήν.
1566 2029 1601 2058 Οἱ
1615 2030 1706 2063 παῖδες
1726 2031 1750 2058 οἱ
1763 2033 1833 2070 τρεῖς

1062 2074 1089 2102 ἐν
1103 2072 1207 2113 καμίνῳ
1218 2069 1296 2108 ἦσαν,
1311 2072 1356 2102 καὶ
1370 2073 1443 2103 οὐδὲν
1466 2074 1599 2114 ἔπασχον,
1615 2076 1673 2104 ἀλλ’
1692 2077 1709 2111 ἡ
1723 2074 1833 2114 κάμινος

1063 2118 1153 2159 δρόσος
1173 2118 1284 2158 ἐγένετο.
1304 2118 1392 2148 “Or-av
1414 2120 1539 2160 ἐννοήσῃς
1560 2122 1672 2161 ἱδρῶτα,
1695 2120 1775 2150 ἐννόει
1789 2121 1833 2150 καὶ

1063 2165 1108 2194 τὸν
1130 2164 1222 2204 μισθὸν
1237 2164 1282 2194 καὶ
1300 2164 1348 2201 τὴν
1360 2165 1494 2204 'dume-riv.
1519 2166 1573 2195 Καὶ
1591 2166 1643 2206 γὰρ
1664 2166 1834 2205 κολυμὸητὴς

1065 2210 1200 2250 ἄνθρωπος
1221 2211 1254 2240 δι’
1274 2211 1348 2240 οὐδὲν
1371 2211 1436 2240 ἄλλο
1450 2212 1536 2251 τολμᾷ
1558 2213 1594 2245 εἷς
1607 2212 1637 2241 τὸ
1652 2211 1730 2251 βάθος
1743 2212 1834 2241 ἑαυτὸν

1065 2256 1226 2286 καταὸαλεῑν
1239 2259 1291 2286 τῶν
1305 2256 1423 2292 ὑδάτων,
1437 2257 1455 2292 ἢ
1471 2256 1515 2286 διὰ
1533 2257 1714 2297 μαργαρίτας,
1728 2260 1774 2287 τοῦ
1786 2269 1836 2287 πο-

1065 2302 1148 2342 λέμου
1171 2301 1219 2338 τὴν
1239 2301 1371 2332 ὑπόθεσιν.
1395 2303 1463 2332 Ἀλλ’
1486 2303 1515 2332 οὐ
1531 2302 1579 2339 τὴν
1598 2304 1663 2339 ὕλην
1687 2303 1836 2339 διαὸἄλλω,

1113 2414 1124 2427 ο
1141 2407 1212 2431 Unus
1222 2405 1286 2432 eod.
1297 2411 1316 2433 εἰ
1324 2406 1490 2441 καΐβιάζεται,
1501 2408 1594 2433 omisso
1605 2412 1658 2441 γάρ,
1667 2414 1693 2433 et
1705 2407 1741 2433 sic
1749 2407 1837 2441 legisse

1079 2445 1178 2472 videtur
1188 2446 1315 2470 Erasmus.
1326 2445 1394 2470 Ibid.
1406 2449 1458 2472 ἀλλ’
1468 2451 1566 2480 ἀκμάζει
1575 2451 1589 2476 ἡ
1598 2451 1657 2480 ψυχὴ
1666 2450 1836 2482 capparonem.

1078 2484 1156 2509 Paulo
1163 2490 1221 2517 post
1229 2496 1268 2511 σου
1279 2489 1320 2515 τήν
1333 2487 1437 2512 διάνοιαν.
1447 2489 1475 2512 οὶ.
1485 2485 1556 2511 Infra
1565 2491 1615 2512 tm
1626 2487 1684 2511 Mss.
1692 2489 1841 2519 κατατολμᾴ,

1078 2530 1104 2549 et.
1116 2532 1176 2549 mox
1186 2526 1300 2556 ὶμθαλεῖν.
