1904 2840
610 207 643 229 ΙΝ
670 206 875 229 MATTHAEUM.
905 206 1027 229 flotin..
1058 207 1111 229 ttt.

1568 194 1635 243 767

97 269 133 305 ei,
146 265 214 314 pene
226 268 373 298 seeundum
379 268 498 310 justitias
511 268 631 309 gentium
644 267 835 311 conversantis,
855 270 876 293 Δ
891 269 985 298 iratus
1005 269 1105 307 suerit·
1111 268 1208 310 fratri
1229 277 1281 299 suo
1299 271 1362 300 sine
1381 279 1480 306 causa,
1502 273 1636 300 reus-erit

95 308 231 338 indicabat
251 308 280 337 in
306 308 403 338 habitu
428 315 528 339 vestem
554 308 769 348 religiosiorem,
785 317 838 337 non

96 348 216 384 mollem,
232 357 318 387 neque
332 347 485 384 delicatam,
500 347 547 377 sed
566 348 711 382 cilicinam,
728 357 837 387 gravem

96 393 122 416 et
135 397 266 427 asperam,
281 393 307 416 et
328 394 505 417 conterentem
531 398 628 428 corpus
653 387 744 432 potius
757 397 837 426 quam

95 426 238 456 foventem.
254 427 326 456 Nam
345 433 421 456 extra
435 427 502 456 alias
525 427 592 466 legis
603 426 733 468 justitias,
746 425 760 442 Β
771 436 836 466 gra-

95 465 184 496 viores
196 476 224 495 se
235 466 334 495 habere
344 466 461 506 justitias
471 467 560 496 :Non
571 467 695 502 occides,
712 476 771 495 non
782 466 836 495 ad—

97 504 248 542 ulter-abts,
271 515 330 534 non
348 508 523 546 perjurabis,
533 506 651 536 oculum
670 516 723 546 pro
739 505 835 542 oculo,

96 545 212 574 dentem
230 555 283 584 pro
308 545 406 582 dente,
429 546 534 586 diliges
552 547 688 582 amicum,
711 551 740 574 et
758 546 837 575 odies

96 584 257 621 inimicum,
284 585 402 624 gentium
425 592 606 615 tortuosarum
628 584 741 625 justitia!
761 592 834 615 sunt.

0 635 10 650 ·.
40 643 46 649 .
80 622 215 653 .Undect
236 624 399 664 evangelista
421 624 489 654 dicit
511 624 623 654 inferius
638 637 645 654 ε
663 624 694 654 Si
714 624 837 663 diligitis

97 663 251 702 diligentes
272 674 347 699 vos,
374 675 463 703 quam
489 664 649 693 mercedem
669 664 812 693 habebitis
824 666 838 692 Ρ

97 701 204 731 Nonne
222 709 249 732 et
259 709 358 742 gentes
368 703 550 744 hocsaciunt
560 706 573 731 Ρ
585 705 626 733 Et
632 713 708 732 zona
713 703 838 743 pellicea

0 749 78 771 ambi.
98 742 176 770 cir-ca
184 741 296 776 lumbos
304 744 375 787 ejus.
383 743 482 772 Lumbi
490 743 708 783 suntvoluptates
717 743 839 772 omnium

885 308 1005 347 judicii.
1017 309 1049 337 A
1053 309 1160 348 ntiquis
1172 309 1284 338 dictum
1293 316 1345 346 est,
1356 310 1425 339 Νυνὶ
1436 309 1615 339 adulterabis
1623 323 1635 340 .-

888 357 941 386 ις’)
957 353 1056 377 autem
1069 348 1146 382 dico,
1160 348 1224 378 Nec
1235 359 1327 388 usque
1341 350 1381 378 ad
1399 350 1515 379 oculum
1528 359 1637 379 concu-

887 389 994 426 piscas.
1013 387 1157 426 Antiquis
1179 388 1287 417 dictum
1314 395 1367 425 ese,
1383 399 1442 418 non
1461 390 1611 428 perjurare
1625 402 1634 418 .·
1662 400 1666 403 ’

888 435 940 465 ego
964 433 1062 456 autem
1081 428 1158 464 dico,
1188 430 1307 457 omnino
1336 439 1395 457 non
1423 429 1526 457 'urare.
1550 428 1638 458 Anti-

889 466 953 504 quis
966 466 1075 496 dictum
1088 472 1141 503 est,
1155 467 1278 497 Oculum
1288 478 1341 508 pro
1354 478 1405 497 ocu
1421 479 1448 503 o,
1458 470 1574 497 dentem
1583 478 1637 507 pro

890 505 996 534 dente.-
1012 517 1064 546 ego
1083 512 1183 535 autem
1198 507 1273 542 dico,
1293 508 1363 536 Non
1384 507 1494 536 malum
1517 508 1638 536 reddere
1672 531 1674 533 .

888 554 942 583 pro
967 546 1055 575 malo.
1080 546 1222 586 Antiquis
1242 547 1351 575 dictum
1371 553 1424 582 est,
1439 546 1552 586 Diliges
1565 547 1637 575 ami-

891 593 968 620 cum,
979 590 1008 613 et
1021 586 1100 614 odies
1110 586 1259 614 inimicum
1272 597 1283 614 .-
1298 596 1350 625 ego
1362 592 1459 614 autem
1472 586 1548 620 dico,
1558 586 1638 615 Dili-

890 624 950 663 gite
967 625 1100 654 inimicos
1113 630 1238 653 vestros.
1254 624 1340 655 Vides
1348 625 1415 663 quia
1435 625 1535 663 quibus
1553 625 1635 654 Joan—

891 667 941 692 nes
950 663 1112 703 praedicabat
1134 663 1318 703 poenitentiam
1344 670 1525 704 peccatorum,
1552 674 1636 703 parva

890 702 1011 732 volatilia
1031 710 1115 739 erant,
1131 709 1157 732 et
1169 714 1221 732 non
1241 703 1267 732 in
1282 703 1367 732 altum
1383 703 1500 732 volantia
1515 715 1521 731 :
1536 703 1635 741 quibus

891 747 979 771 autem
994 743 1145 782 spiritualia
1154 742 1280 772 Christus
1290 743 1439 778 mandavit,
1456 738 1551 782 magna
1566 742 1637 772 vola-

97 787 278 820 peccatorum,
293 791 355 819 quta
370 793 447 812 omne
465 789 603 822 peceatum
624 793 685 811 eum
701 782 839 822 voluptate
856 781 874 804 Β
891 781 949 810 tilia
963 789 1049 818 erant,
1072 789 1098 811 et
1120 782 1191 822 ipsos
1208 783 1371 821 penetrantia
1385 782 1464 811 caelos
1480 794 1487 811 ε
1504 789 1533 811 ut
1547 781 1636 811 dicere

97 820 284 850 committitur.
301 821 373 850 Zona
386 829 475 852 autem
490 822 600 862 pellicea
619 828 658 850 ost
678 821 839 851 continentia

97 860 251 898 corporalis.
266 860 366 889 Zonam
386 871 449 901 ergo
468 861 609 902 pelliceam
629 861 744 891 habebat
767 863 837 891 circa

97 897 204 928 lumbos
216 909 291 935 snos,
305 900 431 939 quoniam
444 902 494 930 etsi
508 901 555 940 qui
569 911 598 930 se
611 901 747 930 continere
757 901 838 930 vide.-

97 937 196 967 bantur
216 946 249 968 ex
270 939 372 978 populo
389 939 504 970 Juda'l‘co
523 951 538 969 a
558 940 682 980 peccatis,
702 951 748 969 cor
769 940 838 969 orali

78 996 82 998 >
97 977 258 1007 continentia
275 988 303 1007 sc
318 980 546 1018 constringebant,
561 989 614 1008 non
636 979 749 1018 spiritua
764 979 781 1016 i,
803 980 837 1008 ab

96 1025 176 1055 opere
197 1018 269 1047 malo
289 1027 318 1047 se
338 1019 500 1048 continentes
518 1025 627 1058 propter
645 1019 742 1058 legem,
755 1029 807 1047 non
821 1030 837 1048 a

95 1055 232 1086 voluntate
242 1057 312 1086 mala
321 1064 430 1097 propter
439 1059 528 1087 Deum
541 1070 547 1086 :
560 1064 654 1098 utputa
665 1067 717 1086 non
728 1057 836 1097 quidem

96 1095 262 1133 occidebant,
282 1103 369 1125 tamen
392 1097 573 1127 irascebantur
594 1097 650 1126 sine
670 1107 760 1126 causa.
775 1099 836 1127 Non

95 1134 204 1172 quidem
218 1136 449 1172 munerabantur,
465 1143 552 1166 tamen
572 1146 654 1166 conen
678 1137 796 1166 iscebant
808 1137 836 1166 in

95 1174 184 1207 corde.
199 1176 221 1204 F
223 1176 322 1204 ortisan
335 1185 388 1204 non
402 1175 584 1215 pcrjurabant,
594 1148 723 1216 jurabant
734 1182 834 1206 tamen.

94 1213 158 1242 Haec
170 1213 331 1244 continentia
344 1215 490 1254 corporalis
503 1222 553 1253 est,
567 1215 630 1254 quia
644 1215 695 1255 legi
710 1222 736 1244 et
749 1215 837 1245 homi-

94 1252 174 1282 nibus
198 1254 333 1290 satisfacit,
347 1261 372 1283 et
394 1264 446 1284 non
469 1256 536 1284 Deo.
553 1255 721 1285 Continentia
745 1262 835 1284 autem

94 1293 172 1322 malae
194 1293 339 1323 voluntatis
363 1292 448 1334 placat
471 1295 567 1330 Deum,
580 1294 643 1333 quia
667 1294 748 1323 homo
763 1294 836 1324 videt

94 1332 123 1361 in
138 1333 213 1369 facie,
227 1334 299 1362 Deus
320 1340 408 1366 autem
420 1333 448 1362 in
456 1333 546 1363 corde.
563 1333 720 1363 Reddebant
734 1334 835 1363 malum

93 1382 143 1412 pro
154 1373 237 1408 malo,
256 1379 282 1401 et
299 1372 399 1402 bonum
419 1383 469 1412 pro
482 1373 553 1402 bono
565 1385 571 1401 :
585 1373 684 1402 amicos
697 1373 833 1411 amabant,

0 1395 8 1439 i
93 1417 118 1440 et
132 1411 254 1440 inimicos
273 1411 409 1441 odiebant.
423 1413 486 1442 Haec
499 1412 603 1452 justitia
625 1412 771 1452 corporalis
783 1419 833 1450 est,

0 1453 9 1461 ’
92 1460 146 1479 non
168 1450 317 1491 spiritualis
333 1464 341 1480 τ
356 1451 513 1482 hominibus
538 1451 664 1492 placens,
687 1461 739 1480 non
766 1453 834 1482 Deo.

0 1479 10 1510 5
92 1489 179 1519 vides
199 1490 262 1529 quia
284 1491 370 1520 omnis
391 1491 553 1520 continentia
575 1501 669 1520 eorum
688 1492 835 1531 corporalis

91 1535 158 1565 erat,
174 1536 280 1569 peccata
295 1536 396 1560 tantum
410 1537 517 1559 actuum
531 1530 695 1570 deprimens,
711 1540 763 1558 non
782 1541 835 1560 vo·-

91 1567 250 1598 luntatum?
270 1570 338 1598 Item
359 1569 467 1599 locustae
490 1576 552 1598 suut
577 1569 698 1599 volatilia
724 1568 834 1608 quidem

92 1607 204 1643 munda,
216 1614 303 1637 tamen
329 1618 420 1648 parva,
444 1614 471 1637 et
491 1618 545 1637 non
557 1608 621 1637 satis
637 1607 664 1636 in
684 1607 768 1636 altum
785 1618 833 1637 vo-

91 1646 186 1681 lantia,
211 1657 270 1685 quae
287 1646 466 1676 manducabat
491 1647 608 1676 Joannes
633 1646 792 1676 constitutus
806 1647 834 1676 in

92 1685 207 1715 deserto.
219 1689 230 1702 ²
242 1687 318 1723 Quos
337 1685 450 1715 docebat
462 1687 587 1722 Joannes,
601 1684 672 1715 idem
686 1685 833 1716 manduca-

91 1725 144 1754 bat.
174 1724 301 1755 Volat'tlia
320 1725 431 1764 quidem
447 1732 532 1762 erant,
553 1735 605 1754 non
626 1731 715 1754 autem
735 1735 833 1765 magna

90 1764 223 1801 volatilia,
234 1774 281 1794 nec
293 1765 355 1794 satis
370 1765 397 1794 in
411 1765 496 1794 altum
509 1764 627 1795 volantia
642 1776 650 1793 ι
663 1764 725 1803 quia
739 1775 833 1794 secun-

90 1803 155 1832 dum
173 1803 306 1843 justitiam
326 1804 393 1843 legis
408 1811 480 1833 metu
495 1814 578 1844 poenae
593 1803 740 1843 corporalis
754 1803 830 1833 vive-

88 1842 163 1878 bant,
175 1853 228 1872 non
239 1843 386 1872 secundum
398 1843 548 1883 spiritualia
558 1843 720 1872 etaltissima
729 1843 830 1873 Christi

89 1889 230 1922 praecepta.
261 1883 382 1922 Denique
411 1882 547 1921 quomodo
574 1892 676 1921 magnae
706 1882 829 1912 volucres

88 1928 161 1950 erant
173 1921 274 1958 Judaei,
285 1922 376 1951 autad
388 1922 440 1951 alta
450 1922 580 1957 volantes,
590 1922 689 1960 quibus
701 1932 715 1950 a
727 1922 829 1951 Joannc

853 1374 871 1398 C

891 821 1004 859 possint,
1018 822 1128 851 Nostra
1141 828 1240 850 autem
1254 823 1434 851 conversatio
1444 824 1474 849 in
1489 822 1568 850 coelis
1580 828 1633 850 est.
1646 830 1732 861 Philip,
1743 832 1768 854 3.

890 860 955 889 Ideo
969 860 1079 890 forsitan
1093 862 1130 890 eis
1150 860 1256 891 dicebat
1272 873 1279 889 t
1300 862 1398 890 Nolite
1410 863 1519 897 timere,
1536 861 1635 890 multis
1646 867 1683 883 20-

891 899 967 928 enim
979 902 1144 939 passeribus
1155 902 1286 929 meliores
1301 902 1368 930 estis
1382 911 1448 929 vos.
1472 902 1549 935 Item,
1566 901 1635 929 Mel·
1645 893 1704 944 ss'ssffil
1715 898 1752 944 '¹²5
1763 899 1786 920 7·

891 938 932 968 lea
959 946 1021 968 sunt
1045 939 1150 979 eloquia
1169 940 1230 970 Dei.
1261 940 1325 969 Ideo
1351 950 1415 979 ergo
1442 941 1557 969 Joannes
1583 940 1634 969 mel
1648 932 1693 975 112⁶
1706 939 1712 945 ⁴
1757 938 1762 943 “

891 985 994 1017 agreste
1016 978 1110 1008 edebat
1122 992 1127 1008 :
1144 980 1271 1018 quoniam
1293 979 1383 1008 adhuc
1404 985 1464 1007 ante
1483 979 1633 1016 Christum,

890 1024 951 1046 ante
964 1018 1095 1057 Spiritum
1116 1025 1236 1048 sanctum
1250 1019 1409 1047 constitutus
1423 1018 1473 1047 sub
1488 1018 1555 1057 lege,
1568 1018 1635 1058 legis

891 1057 1016 1086 utebatur
1027 1058 1142 1096 eloquiIS
1158 1057 1293 1098 insipidis,
1307 1064 1332 1086 et
1346 1057 1514 1093 insuavibus,
1525 1064 1551 1086 et
1563 1068 1636 1097 agre-

890 1096 986 1126 stibus.
1005 1098 1075 1126 Nam
1095 1097 1117 1126 si
1142 1097 1230 1126 Filius
1256 1097 1306 1126 Dei
1325 1097 1376 1126 sub
1399 1097 1457 1136 lege
1478 1103 1516 1126 est
1536 1097 1633 1134 factus,
1647 1102 1768 1133 Gat.4.4.

889 1142 989 1173 quanto
1011 1137 1095 1175 magis
1109 1137 1241 1173 Joannes,
1265 1137 1312 1175 qui
1335 1147 1398 1166 vere
1418 1142 1474 1165 erat
1498 1136 1633 1167 Judaeus?

889 1174 942 1204 Sed
957 1175 1044 1205 Filius
1059 1175 1110 1205 Dei
1123 1176 1174 1204 suh
1189 1176 1246 1215 lege
1258 1176 1342 1205 sactus
1353 1183 1402 1213 est,
1416 1182 1446 1204 ut
1459 1186 1503 1204 eos
1514 1176 1562 1214 qui
1584 1176 1636 1205 sub

890 1214 949 1252 lege
959 1222 1034 1244 erant
1047 1215 1198 1252 redimeret,
1212 1222 1238 1244 et
1246 1219 1258 1232 ·
1266 1214 1388 1244 educeret
1402 1227 1408 1244 z
1420 1216 1536 1245 Joanncs
1546 1222 1635 1244 autem

889 1254 940 1282 suh
956 1253 1012 1293 lege
1026 1261 1103 1284 natus
1116 1261 1166 1291 est,
1182 1265 1235 1284 non
1250 1262 1281 1284 ut
1296 1265 1340 1283 eos
1353 1255 1401 1293 qui
1415 1255 1466 1283 sub
1485 1255 1543 1293 lege
1559 1262 1635 1284 erant

889 1292 1024 1328 educeret,
1038 1294 1085 1323 sed
1097 1301 1124 1323 ut
1139 1301 1225 1323 essent
1239 1294 1290 1324 sub
1304 1294 1373 1332 lege,
1392 1300 1419 1322 ut
1433 1294 1581 1323 secundum
1595 1294 1635 1323 le—

887 1341 948 1399 gem
959 1339 984 1361 et
995 1333 1127 1370 viverent,
1136 1340 1163 1362 et
1172 1333 1307 1363 docerent.
1323 1335 1466 1373 Propterea
1478 1333 1547 1362 nihil
1559 1341 1635 1363 extra

899 1381 974 1410 egem
994 1379 1040 1401 aut
1054 1372 1125 1408 fecit,
1140 1379 1188 1402 aut
1203 1373 1305 1409 docuit,
1320 1372 1367 1402 scd
1378 1379 1480 1402 tantum
1500 1373 1635 1412 poeniten-

888 1411 951 1440 tiam
977 1411 1134 1452 praedicavit
1157 1424 1165 1441 τ
1193 1413 1316 1442 Christus
1336 1419 1424 1441 autem
1446 1413 1530 1441 multa
1558 1419 1633 1441 extra

888 1450 973 1490 legem
985 1458 1010 1480 ct
1023 1452 1096 1488 fecit,
1109 1458 1134 1481 et
1154 1451 1257 1481 docuit.
1273 1453 1303 1481 In
1317 1451 1427 1481 sabbato
1444 1458 1568 1491 operatus
1582 1459 1632 1488 cst,

887 1489 1023 1528 leprosum
1035 1491 1081 1520 teti
1102 1491 1132 1526 it,
1146 1497 1172 1519 et
1185 1491 1237 1519 alia
1249 1490 1334 1519 mu'lta
1345 1501 1351 1517 ι
1367 1491 1429 1529 quia
1443 1500 1495 1518 non
1508 1490 1634 1530 insipidis

887 1535 912 1557 et
924 1529 1074 1568 agrestibus
1083 1501 1156 1568 1iegis
1171 1529 1466 1569 utebaturxpraeceptiS,
1481 1529 1527 1558 sed
1542 1530 1632 1558 suavi-

885 1566 937 1596 bus
946 1574 971 1596 et
978 1567 1140 1605 domesticis,
1151 1579 1209 1607 quae
1222 1579 1237 1597 a
1250 1570 1327 1597 Patre
1338 1575 1499 1608 susceperat.
1508 1569 1633 1608 Propter-

885 1616 915 1635 ea
929 1607 1045 1636 Joannes
1058 1613 1161 1646 agreste
1172 1607 1225 1636 mel
1240 1607 1424 1643 manducavit,
1447 1607 1570 1636 Christus
1582 1618 1630 1636 au-

886 1651 939 1674 tem
956 1645 1141 1675 domesticum.
1157 1647 1195 1675 Ac
1213 1646 1251 1675 sic
1264 1647 1379 1676 Joannes
1395 1647 1462 1685 legis
1477 1653 1502 1675 et
1515 1647 1631 1686 prophe-

885 1690 973 1714 tarum
995 1695 1100 1715 omnem
1122 1685 1236 1714 formam
1253 1685 1416 1725 adimplens,
1432 1686 1546 1725 speciem
1562 1697 1629 1726 gen-

885 1723 952 1752 tium
972 1724 1066 1753 divina
1085 1725 1186 1754 virtute
1207 1725 1278 1754 circa
1299 1726 1417 1765 seipsum
1430 1734 1629 1762 consummans,

883 1763 1047 1802 capillatiam
1061 1771 1086 1793 et
1094 1763 1259 1804 peregrinam
1270 1765 1388 1794 tunicam
1402 1763 1540 1803 induebat,
1551 1766 1629 1803 quasi

882 1802 1030 1831 Ecclesiam
1046 1813 1121 1832 suam
1136 1803 1180 1832 lex
1190 1810 1215 1832 et
1229 1804 1366 1844 prophetae
1380 1805 1436 1833 suis
1447 1804 1628 1844 prophetatio-

882 1841 962 1870 nibus
977 1842 1214 1882 impntrcscibilem
1229 1850 1255 1872 et
1270 1843 1454 1883 incarpibilem
1468 1849 1624 1875 texuerunt.

882 1881 955 1910 Zona
968 1888 1056 1910 autem
1070 1889 1126 1911 erat
1137 1883 1306 1922 praecincttts,
1336 1883 1534 1922 raeparationem
1543 1890 1628 1913 osten·

880 1920 946 1955 dens
963 1920 1149 1950 accedentibus
1167 1928 1192 1950 et
1205 1893 1374 1951 credentibus
1389 1922 1625 1962 praedicationibus

87 1961 241 2000 poenitentia
253 1961 309 1990 sola
323 1962 534 2002 injungebatur?
549 1962 603 1998 Qui
624 1961 694 1990 enim
715 1961 828 1991 abstinet
847 1966 864 1989 D
880 1960 946 1989 suis.
968 1960 1070 1989 Edehat
1094 1967 1181 1990 autem
1203 1961 1327 1997 locustas,
1351 1969 1376 1991 et
1397 1962 1451 1991 mel
1472 1962 1623 2001 sylvestre:

87 2010 115 2029 se
125 2000 160 2030 ab
172 2011 251 2040 opere
265 2001 346 2037 malo,
358 2008 384 2030 et
394 2011 446 2030 non
461 2001 571 2041 insuper
580 2001 644 2030 facit
654 2010 733 2068 opera
745 2000 824 2037 bona,

86 2039 159 2068 volat
178 2040 297 2078 quidem,
312 2050 364 2069 non
386 2047 475 2069 autem
496 2040 523 2069 in
545 2040 630 2068 altum
642 2050 675 2069 vo
688 2047 724 2069 at.
740 2041 826 2069 Parva

86 2088 150 2118 ergo
163 2079 295 2117 volatilia,
310 2087 336 2109 et
349 2080 438 2109 nonin
452 2079 536 2108 altum
550 2079 667 2108 volantia
681 2079 825 2108 manduca-

86 2117 131 2146 bat
143 2119 259 2148 Joannes
273 2131 280 2147 ι
296 2120 395 2159 majora
410 2126 498 2148 autem
512 2118 643 2154 volatilia,
658 2125 684 2147 et
697 2119 724 2147 in
739 2119 824 2148 altum

85 2156 214 2192 volantia,
232 2167 292 2196 quae
310 2158 440 2187 altissima
459 2158 517 2188 caeli
536 2164 656 2197 poterant
675 2165 823 2197 penetrare,

0 2202 74 2221 lxxv
85 2195 193 2225 Christo
206 2203 265 2235 post
273 2197 400 2232 venienti,
415 2197 492 2236 quasi
505 2199 562 2236 regi
579 2207 673 2235 magno
688 2197 820 2226 servabat.

86 2234 138 2264 tlte
159 2235 230 2264 enim
245 2242 334 2274 postea
358 2236 465 2265 veniens
491 2246 532 2264 ma
553 2246 586 2265 na
609 2236 740 2271 volatilia,
755 2243 780 2265 et
795 2236 822 2265 in

83 2274 168 2303 altum
180 2274 298 2303 volantia
312 2274 482 2304 manducavit
498 2286 504 2302 ε
522 2246 551 2303 id
564 2281 614 2310 est,
629 2274 720 2304 docuit
733 2275 823 2304 beatos

83 2324 97 2342 a
148 2314 216 2343 tolos
230 2313 382 2349 duodecim,
395 2320 420 2342 et
439 2314 490 2342 sub
508 2314 635 2353 apostolis
655 2314 822 2352 septuaginta

82 2323 242 2392 digpulos,
257 2360 283 2382 et
304 2360 411 2382 caeteros
424 2352 600 2388 Christianos,
615 2352 715 2390 quibus
738 2359 763 2381 et
782 2352 820 2381 al-

82 2391 182 2421 tissima
191 2392 329 2422 mandavit
339 2398 479 2432 praecepta.
494 2392 637 2431 Antiquis
644 2392 752 2420 dictum
765 2398 818 2427 est,

82 2431 152 2460 Non
165 2433 278 2461 occides
289 2443 299 2459 .·
314 2442 366 2469 ego
388 2437 484 2461 autem
509 2431 573 2459 dico
596 2431 691 2467 vobis,
710 2431 742 2459 Si
755 2433 820 2471 quis

0 2401 19 2424 b.
33 2401 55 2425 5.

0 2441 29 2463 l'l·

880 1999 1020 2028 ostendens
1034 2010 1089 2034 eos,
1107 2000 1153 2038 qui
1167 2000 1246 2040 longe
1262 2001 1398 2035 volabant,
1414 2012 1498 2041 prope
1508 2001 1621 2038 futuros,

879 2039 948 2068 sicut
968 2045 993 2068 et
1004 2039 1140 2079 apostolus
1151 2039 1187 2068 ait
1200 2039 1234 2069 ad
1256 2047 1344 2080 gentes
1356 2052 1362 2068 :
1378 2042 1419 2070 Et
1433 2051 1487 2070 vos
1499 2043 1550 2081 qui
1564 2041 1623 2070 ali·
1634 2051 1715 2079 Ephes.
1731 2057 1757 2074 a„

879 2079 999 2116 (litando
1011 2080 1100 2107 eratis
1112 2079 1234 2119 alonge,
1244 2081 1420 2121 prope-facti
1432 2083 1500 2109 estis
1514 2082 1545 2109 in
1554 2091 1622 2109 san·
1638 2082 1673 2106 ¹3.-

897 2120 965 2146 uine
988 2119 1107 2147 Christi.
1123 2118 1159 2148 Et
1172 2118 1218 2157 qui
1233 2120 1378 2158 agrestium
1393 2120 1510 2159 gentium
1528 2119 1623 2149 dulce-

876 2128 967 2185 dinem
991 2157 1087 2186 suturae
1109 2156 1172 2186 fidei
1191 2157 1300 2195 docens,
1315 2170 1374 2198 quae
1388 2159 1422 2188 ad
1446 2159 1626 2188 sublationem.

876 2196 1020 2225 curationis
1030 2203 1202 2235 processerat,
1210 2199 1263 2227 mel
1278 2199 1409 2239 sylvestre
1423 2198 1526 2227 edebat.
1542 2199 1623 2227 Tunc

876 2236 974 2264 exibat
987 2237 1029 2264 ad
1047 2246 1111 2265 eum
1132 2237 1333 2276 Jerosolyma,
1349 2245 1377 2266 et
1393 2239 1487 2266 omnis
1500 2238 1620 2266 Judcea.

874 2274 905 2302 Id
931 2281 981 2312 est,
996 2274 1103 2314 quando
1118 2286 1172 2305 vox
1193 2277 1260 2306 sacta
1281 2284 1320 2307 est
1335 2278 1359 2306 in
1385 2277 1499 2311 desei-tn,
1512 2277 1622 2305 Parate

874 2317 956 2342 viam
982 2314 1111 2351 Domini,
1131 2322 1224 2345 rectas
1243 2317 1336 2355 facite
1356 2318 1472 2345 semitas
1491 2317 1562 2354 ejus.
1586 2315 1620 2343 Et

874 2353 991 2393 amplius
1001 2355 1139 2384 resonabat
1152 2351 1316 2385 convc'rsatio
1330 2355 1390 2384 vitae
1403 2355 1460 2394 ejus
1474 2354 1501 2382 in
1517 2363 1617 2389 eremo,

873 2402 953 2430 quam
967 2403 1021 2422 vox
1042 2394 1165 2423 clamoris
1183 2395 1190 2422 i
1213 2395 1277 2423 sius.
1296 2395 1330 2423 Et
1342 2394 1426 2432 magis
1446 2402 1620 2431 expavescere

873 2431 985 2462 faciebat
990 2433 1111 2462 homines
1118 2405 1245 2473 operibus
1256 2433 1322 2470 suis,
1331 2442 1411 2471 quam
1419 2432 1518 2461 verbis.
1526 2431 1562 2460 Et
1567 2431 1620 2460 for-

115 2524 127 2542 Ιι
146 2522 213 2547 Editi
235 2524 259 2547 in
273 2531 350 2556 marg.
362 2524 487 2556 graviores
502 2522 541 2546 lta·
561 2524 624 2555 ipsoe
634 2521 758 2555 justitiae:
774 2523 836 2549 Non
862 2524 933 2549 idest
942 2524 1120 2549 manducabat.

81 2561 188 2587 occides.

112 2609 122 2619 ⁰-
141 2600 170 2625 V.
196 2600 226 2624 D.
242 2599 307 2624 Editi
321 2601 345 2625 in
361 2599 469 2633 margine
494 2600 562 2633 quod
583 2599 689 2625 docebat
711 2600 832 2630 loannes,

894 2571 904 2582 ¹·
922 2563 951 2588 V.
962 2564 992 2590 D.
1007 2562 1075 2588 Editi
1087 2564 1111 2588 in
1125 2562 1236 2595 margine
1249 2562 1286 2586 bis
1298 2562 1416 2585 edoceret.
