1890 2826
217 236 248 258 tu
275 230 372 265 times,
392 238 412 257 a
422 229 503 269 facie
521 228 645 258 duorum
670 237 780 268 regum.
793 225 875 264 Quod
903 226 959 255 sre-

216 282 329 314 quenter
350 275 414 305 facit
430 275 572 315 propheta,
587 274 617 303 id
641 274 720 304 etiam
734 273 796 304 fecit
822 273 958 302 hocloco.

218 323 281 351 Post
295 321 464 362 prophetiam
479 321 513 351 ad
525 321 667 350 historiam
680 330 828 350 sermonem
842 319 958 349 reducit.

217 368 277 398 Hoc
292 367 372 397 etiam
388 366 469 397 modo
486 367 556 396 circa
574 367 716 407 Seraphim
729 376 758 396 se
771 365 882 406 gessisse
896 376 961 406 per-

217 413 310 454 spicue
329 413 506 449 ostendimus,
524 412 597 452 quod
615 413 694 442 etiam
713 412 759 442 hic
777 411 875 442 effecit.
890 413 960 442 Cum

538 166 568 189 S.
599 165 735 190 soANle
760 164 942 188 CHRYSOST-
971 164 1126 205 Attente?-
1143 166 1418 199 CONSTANTKNOP.

1014 226 1059 256 ἐπὶ
1071 226 1119 264 τὴν
1133 227 1249 268 ἱστορίαν
1263 229 1350 269 ἐξάγει
1363 229 1408 259 τὸν
1419 229 1505 269 λόγον.
1519 229 1607 259 Τοῦτο
1615 229 1660 259 καὶ
1671 229 1716 259 ἐπὶ
1728 231 1781 260 τῶν

1015 273 1138 314 Σεραφὶμ
1147 276 1383 305 κατασκευάσαντα
1396 276 1485 316 σαφῶς
1499 275 1681 315 ἀπεδείξαμεν,
1703 276 1717 306 ὃ
1736 277 1781 306 καὶ

1015 320 1126 349 ἐνταῦθα
1146 321 1294 360 εἰργάσατο.
1309 321 1402 351 Εἰπὼν
1415 320 1467 361 γὰρ
1485 321 1519 350 τὰ
1533 321 1663 360 μέλλοντα
1677 321 1782 351 ἔσεσθαι

1013 366 1063 400 τῆς
1079 366 1233 406 οἰκουμένης
1242 367 1327 406 ἀγαθὰ
1335 390 1343 404 ,
1354 369 1391 401 εἷς
1404 368 1449 397 τὸν
1465 367 1575 407 βασιλέα
1585 367 1678 397 λοιπὸν
1690 367 1782 408 τρέπει

1013 410 1058 440 τὸν
1070 411 1157 452 λόγον.
1165 412 1214 443 Διὸ
1227 413 1272 443 καὶ
1290 413 1409 454 ἐπήγαγε
1419 413 1502 453 λέγων
1513 425 1519 432 ·
1535 413 1782 454 Καταλειφθήσεται

217 460 396 490 enarravisset
407 459 479 489 enim
493 459 563 489 bona
576 459 637 488 orbi
647 465 778 489 terrarum
798 458 958 495 obventura,
979 459 999 482 D
1014 460 1031 493 ἡ
1052 459 1095 497 γῆ.
1107 458 1144 489 Τί
1157 460 1230 495 ἐστι,
1252 460 1512 501 Καταλειφθήσεται;
1528 460 1673 500 Ἀνέπαφος
1693 460 1781 496 ἔσται,

218 507 254 537 ad
268 517 358 547 regem
373 506 484 536 demum
501 516 651 535 sermonem
670 505 812 536 convertit.
826 504 892 535 Ideo
904 504 961 533 haec

217 553 611 594 subjungit:Derelinquetur
629 558 716 582 terra.
743 550 818 589 Quid
837 557 888 588 est,
902 551 963 580 De-

218 601 421 640 relinquetur?
446 601 550 629 Intacta
581 598 652 634 erit,
681 599 767 628 libera
796 598 864 634 erit,
892 596 963 626 nihil

218 647 362 677 molestum
373 646 505 687 patietur,
516 645 584 675 belli
596 645 667 675 mala
685 655 738 675 non
757 644 908 674 sustinebit.
921 645 950 673 E
953 651 963 672 t

218 692 439 732 derelinquetur
459 698 548 727 terra,
562 702 652 732 quam
673 698 704 721 tu
726 693 824 725 times,
841 701 889 730 pro
909 701 963 729 qua

218 739 359 773 formidas.
372 749 422 779 pro
442 750 495 778 qua
518 738 622 776 tremis,
637 749 656 768 a
676 738 755 778 facie
780 738 904 767 duorum
918 747 963 766 re-

219 797 306 826 gum;
322 785 481 816 Damasceni
495 796 592 825 nempe
611 792 637 815 et
656 785 794 815 lsrae'litae.
809 783 915 814 Deinde
931 794 964 812 ne

219 843 268 872 per
289 832 424 861 bonorum
450 831 620 872 prophetiam
645 831 752 871 segnior
770 830 903 865 evaderet,
915 840 964 860 nec

220 889 268 919 per
281 889 374 918 pacem
387 877 508 914 mollior,
522 878 581 918 ejus
595 888 688 907 rursus
703 877 824 907 animum
836 877 965 916 perstrin—

219 926 259 965 git
279 923 517 955 dicensztUSed
535 924 660 954 adducet
682 924 762 953 Deus
781 933 868 962 super·
888 929 926 960 te,
938 929 966 952 et

1013 502 1156 545 1’.ἐλευθέρα
1173 505 1247 535 ἔσται
1257 529 1264 543 ,
1277 505 1337 536 οὐδὲ
1359 507 1478 536 πείσεται
1488 506 1581 542 ἀηδὲς,
1591 505 1625 536 τὰ
1638 508 1684 536 τοῦ
1702 506 1783 536 πολέ-

1016 561 1066 589 μου
1084 552 1134 591 οὐχ
1152 551 1339 588 ὓποστήσεται.
1362 552 1416 582 Καὶ
1431 552 1670 593 καταλειφθήσεται
1685 554 1702 588 ἡ
1727 553 1781 591 γῆ,

1015 596 1048 639 ἣν
1060 596 1094 627 σὺ
1103 597 1188 638 φοᾶῇ,
1201 597 1268 639 ὑπὲρ
1280 594 1312 634 ἧς
1326 598 1456 634 δέδοικας,
1472 599 1538 639 ὑπὲρ
1548 595 1580 635 ἧς
1592 599 1714 640 τρέμεις,
1729 598 1782 628 ἀπὸ

1014 643 1157 683 προσώπου
1175 645 1228 674 τῧν
1249 644 1294 675 δύο
1318 645 1448 684 βασιλέων
1457 667 1465 681 ,
1479 647 1525 674 τοῦ
1539 657 1568 674 τε
1582 646 1761 684 Δαμασκηνοῦ
1772 667 1780 681 ,

1014 688 1059 718 καὶ
1080 691 1126 718 τοῦ
1145 689 1322 730 Ἰσραηλίτου.
1347 686 1416 720 Εἶτα
1436 690 1480 720 ἵνα
1503 690 1542 731 μὴ
1555 693 1588 731 τῇ
1609 692 1663 720 τῶν
1677 691 1782 729 ἀγαθῶν

1014 735 1161 776 προφητείᾳ
1175 735 1348 776 ῥαθυμότερος
1361 736 1486 776 γένηται,
1502 737 1570 776 μηδὲ
1584 736 1635 767 ὑπὸ
1649 738 1696 772 τ’ῆς
1710 735 1782 776 εἰρή-

1015 793 1061 817 νης
1078 781 1249 823 χαυνότερος,
1263 782 1412 823 ἔπισφίγγει
1426 783 1506 813 πάλιν
1529 784 1609 812 αὐτοῦ
1623 782 1672 819 τὴν
1692 782 1782 823 ψυχὴν

1015 827 1099 867 λέγων
1107 839 1114 846 ·
1129 827 1207 858 Ἀλλὰ
1219 828 1309 863 ἑπάξει
1320 831 1334 858 ὁ
1347 829 1416 863 Θεὸς
1430 829 1474 859 ἐπὶ
1487 829 1516 859 σὲ
1526 853 1534 867 ,
1548 829 1592 859 καὶ
1607 829 1652 859 ἐπὶ
1663 829 1707 859 τὸν
1717 828 1781 858 λαόν

1017 884 1078 910 σου,
1090 873 1134 903 καὶ
1154 873 1198 904 ἐπὶ
1214 873 1258 904 τὸν
1281 869 1351 904 οἶκον
1372 878 1418 904 τοῦ
1437 876 1535 916 πατρός
1557 887 1603 905 σου
1623 874 1740 916 ἡμέρας,
1755 874 1783 904 αἲ

1018 918 1091 948 οὔπω
1101 919 1206 958 ἥκασιν,
1229 921 1272 961 ἀφ’
1298 916 1330 956 ἧς
1350 920 1452 961 ἡμέρας
1474 922 1580 962 ἀφεῖλεν
1594 921 1716 962 Ἐφραίμ
1730 920 1783 950 ἀπὸ

220 982 306 1011 super
320 971 460 1011 populum
485 977 577 1006 tuum,
588 975 616 999 et
632 979 718 1009 super
739 970 856 999 domum
874 971 967 1008 patris
985 966 1002 988 Ε
1018 965 1104 995 Ἰούδα
1123 965 1168 996 τὸν
1185 965 1294 1006 βασιλέα
1311 968 1363 996 τῶν
1385 966 1537 1007 Ἀσσυρίων.
1552 966 1604 996 Διὰ
1617 967 1669 1007 γὰρ
1683 966 1782 996 τούτων

222 1020 266 1047 tui
288 1018 360 1053 dies,
374 1018 426 1057 qui
448 1017 578 1045 nondum
603 1021 750 1045 venerunt
775 1026 812 1044 ez·
838 1025 896 1055 quo
919 1015 966 1044 die

221 1063 344 1093 abstulit
361 1063 505 1102 Ephraim
517 1072 536 1092 a
548 1063 572 1092 J
572 1062 631 1091 uda
650 1071 743 1101 regem
759 1062 964 1098 Assyriorum.

222 1112 273 1140 Per
294 1110 351 1139 haec
364 1109 437 1139 enim
457 1108 557 1138 indicat
580 1107 758 1137 barbarorum
775 1107 964 1147 irruptionem,

222 1167 274 1195 qua
294 1157 390 1186 urbem
403 1166 419 1184 a
431 1154 612 1184 fundamentis
629 1154 784 1189 diruerunt,
799 1153 918 1194 ipsisque
936 1153 965 1182 in

221 1202 404 1242 captivitatem
413 1202 532 1241 abreptis
540 1201 674 1230 abierunt.
683 1201 746 1230 Haec
755 1210 818 1230 vero
831 1199 965 1239 praedicit,

223 1259 275 1278 non
291 1256 320 1278 ut
332 1249 465 1283 eveniant,
481 1246 528 1277 sed
542 1254 571 1276 ut
585 1254 657 1276 metu
667 1246 883 1286 temperantiores
891 1246 964 1282 facti,

222 1295 454 1325 comminationem
473 1292 626 1333 depulsent.
643 1293 714 1330 Quia
735 1303 815 1333 porro
833 1303 918 1331 neque
931 1303 965 1322 ex

1017 1013 1070 1041 τῶν
1085 1012 1224 1053 βαρὸάρων
1246 1013 1295 1050 τὴν
1314 1013 1405 1054 ἔφοδον
1420 1014 1510 1050 δηλοῖ,
1526 1015 1559 1043 δι’
1583 1009 1615 1049 ἧς
1631 1013 1680 1050 τὴν
1705 1013 1782 1043 πόλιν

1016 1058 1155 1100 πρόρῤιζον
1168 1058 1326 1096 ἀνέσπασαν,
1338 1058 1383 1089 καὶ
1397 1059 1522 1093 λαὸόντες
1536 1058 1628 1094 αὐτοὺς
1639 1059 1783 1100 αἰχμαλώ-

1015 1116 1076 1138 τους
1089 1106 1217 1140 ‹ia-mom.
1231 1105 1286 1136 Καὶ
1297 1105 1419 1146 προλέγει
1432 1108 1517 1135 ταῦτα
1525 1129 1532 1142 ,
1542 1108 1592 1146 οὐχ
1604 1105 1647 1135 ἵνα
1659 1106 1781 1146 γένηται,

1017 1152 1076 1180 ἀλλ’
1088 1150 1132 1180 ἵνα
1142 1153 1180 1192 τῷ
1191 1151 1264 1192 φόὸῳ
1271 1151 1403 1194 γενόμενοι
1416 1152 1637 1192 σωφρονέστεροι,
1650 1152 1698 1188 τὴν
1710 1154 1783 1181 ἀπει-

1016 1196 1065 1232 λὴν
1081 1197 1303 1237 ἀποκρούσωνται.
1317 1197 1428 1235 Ἐπειδὴ
1445 1198 1472 1227 δὲ
1491 1198 1551 1228 οὔτε
1573 1199 1624 1229 ὑπὸ
1637 1200 1690 1228 τῶν
1710 1210 1779 1239 χρη-

1017 1245 1095 1280 στῶν,
1113 1239 1149 1273 ὧν
1171 1245 1232 1284 παρ’
1247 1243 1321 1278 ἀξίαν
1347 1244 1514 1282 ἀπήλαυσαν,
1528 1244 1647 1284 ἐγένοντο
1666 1243 1784 1284 βελτίους

1019 1289 1030 1330 ζ
1034 1289 1074 1319 ὅτι
1089 1290 1116 1320 δὲ
1128 1291 1191 1330 παρ’
1205 1289 1277 1326 ἀξίαν
1290 1289 1468 1328 ἀπήλαυσαν,
1483 1290 1576 1325 ἔδειξεν
1591 1293 1608 1327 ἡ
1628 1290 1720 1331 γνώμη
1735 1293 1782 1319 τοῦ

222 1343 312 1380 bonis,
327 1353 386 1381 quae
400 1347 497 1381 praetcr
512 1339 640 1369 meritum
654 1338 812 1378 consequuti
822 1346 895 1375 sunt,
910 1349 966 1368 me·
976 1364 1000 1382 ξε
1019 1335 1146 1376 βασιλέως
1172 1336 1217 1367 καὶ
1235 1339 1253 1373 ἡ
1275 1336 1478 1377 ὑπερὸάλλουσα
1502 1337 1647 1374 ἀπιστία),
1667 1336 1726 1366 οὔτε
1749 1337 1782 1376 τῇ

223 1390 304 1419 liores
328 1395 391 1418 sunt
413 1387 499 1417 effecti
515 1385 605 1426 (quod
628 1386 699 1415 enim
721 1393 816 1426 praeter
839 1385 965 1415 meritum
984 1391 1002 1413 Α
1019 1383 1114 1423 ἀπειλῇ
1127 1385 1179 1412 τῶν
1193 1382 1310 1423 φοὸερῶν
1325 1382 1530 1422 μετεὸάλλοντο,
1547 1383 1615 1413 ἀλλὰ
1637 1383 1702 1423 πρὸς
1721 1382 1783 1412 ἑκά-

223 1436 280 1465 haec
293 1434 451 1473 consequuti
465 1433 530 1470 sint,
544 1431 660 1462 ostendit
678 1431 749 1471 regis
767 1431 872 1461 animus
886 1438 912 1460 et
926 1433 967 1460 in-

224 1493 288 1521 gens
307 1480 519 1516 incredulitas),
535 1488 621 1517 neque
641 1477 805 1507 terribilium
818 1479 967 1507 commina-

223 1529 295 1558 tione
309 1526 404 1557 mutati
417 1532 490 1560 sunt,
503 1524 550 1554 sed
569 1524 678 1563 utrique
699 1523 809 1553 salutari
821 1523 965 1563 pharmaco

223 1575 395 1603 vehementer
414 1571 589 1607 obstiterunt,
605 1569 747 1599 sectionem
767 1569 878 1598 demum
899 1580 964 1609 pro-

223 1620 377 1650 fundiorem
402 1617 511 1656 infligit,
527 1616 684 1646 exscindens
707 1615 848 1656 putridum
876 1616 964 1653 ulcus,

224 1673 250 1696 et
261 1664 454 1695 immedicabili
471 1663 565 1693 morbo
582 1662 732 1691 laborantes
745 1672 876 1692 resecans.
891 1661 968 1699 Quid

222 1712 276 1741 sibi
286 1712 347 1741 vult
368 1710 451 1747 illud,
473 1711 523 1739 Ex
537 1719 594 1749 quo
614 1708 663 1737 die
678 1708 809 1737 ‘abstulit
822 1709 967 1747 Ephraim

224 1769 244 1786 a
263 1758 346 1788 Juda
364 1767 460 1796 regem
482 1755 697 1792 Assyriorum?
709 1755 834 1794 Irrupere
859 1755 967 1784 barbari

223 1803 286 1832 illos
297 1813 387 1832 omnes
406 1801 567 1838 abducturi;
584 1800 631 1830 sed
650 1800 756 1830 omissis
769 1801 788 1830 J
790 1800 842 1830 uda
856 1808 881 1830 et
894 1801 967 1833 dua-‚

223 1849 276 1878 bus
291 1849 430 1884 tribubus,
441 1854 533 1877 contra
554 1847 637 1876 Israel
657 1847 779 1877 conversi
797 1853 869 1876 sunt.
885 1847 967 1884 Quod

223 1896 308 1934 igitur
325 1894 404 1931 dicit,
419 1894 470 1923 hoc
487 1899 527 1922 est
539 1906 544 1921 :
556 1894 578 1922 A
592 1893 637 1922 die
659 1893 724 1930 illo,
738 1903 793 1931 quo
812 1892 904 1922 decem
915 1893 967 1923 tri-

223 1941 276 1970 bus
297 1941 475 1970 barbarorum
498 1939 646 1968 exercitum
669 1938 705 1968 ad
722 1949 751 1968 se
773 1940 937 1978 pertrahent,
952 1950 966 1968 a

224 1987 354 2026 vobisque
367 1992 498 2022 avertent,
512 1985 547 2014 ob
562 1985 662 2025 peccati
679 1984 720 2014 sui
741 1985 965 2024 magnitudinem,

222 2033 309 2072 iisque
336 2032 465 2063 adversus
485 2041 513 2060 se
535 2031 651 2060 evocatis
673 2030 795 2060 abductae
822 2038 917 2066 erunt;
933 2032 968 2061 ab

223 2079 284 2115 illo,
301 2079 423 2118 iuquam,
449 2077 504 2111 dic,
531 2077 624 2106 timere
645 2084 671 2106 et
692 2077 837 2107 formidare
857 2077 967 2107 demum

223 2132 337 2164 oportet.
354 2123 491 2163 Progressi
506 2133 633 2161 namque,
645 2123 681 2152 ad
697 2133 745 2152 vos
756 2123 837 2152 etiam
849 2124 966 2159 venient,

225 2171 278 2200 nisi
290 2171 461 2210 resipiscatis.
477 2170 576 2208 Aitque
587 2181 593 2197 :
606 2169 650 2198 Ab
665 2169 715 2198 illo
729 2169 774 2198 die
786 2169 900 2199 adducet
909 2181 966 2200 eos.

224 2218 285 2246 Non
310 2217 381 2246 enim
407 2216 490 2245 simul
515 2226 577 2246 cum
604 2214 731 2245 Israe'litae
758 2215 966 2254 abducerentur,

224 2263 267 2294 illi
280 2263 352 2303 eapti
365 2269 438 2299 sunt,
451 2262 498 2291 sed
510 2273 608 2302 parum
619 2261 767 2291 intercessit
787 2263 924 2303 temporis.

265 2310 295 2340 8.
323 2308 405 2346 Quod
427 2307 510 2347 igitur
531 2308 610 2345 dicit,
636 2308 688 2338 hoc
713 2315 763 2346 est,
779 2311 892 2339 Deci-eto
919 2322 969 2341 suo

225 2364 290 2385 tnnc
308 2354 366 2384 dics
379 2354 442 2383 illas
459 2353 610 2382 induxisset
621 2367 627 2382 :
639 2354 687 2383 sed
700 2356 871 2395 exspectabat
884 2358 969 2394 Deus,

225 2409 251 2431 et
264 2401 395 2442 patienter
405 2400 517 2436 ferebat,
532 2399 637 2428 etiamsi
644 2401 702 2440 jam
713 2407 777 2430 tunc
789 2409 896 2441 peccata
909 2414 969 2444 sup-

225 2448 307 2488 plicio
325 2447 407 2487 digna
420 2452 521 2480 essent3
538 2445 567 2474 id
581 2445 655 2484 quod
671 2457 741 2486 saepe
758 2448 844 2478 facere
859 2459 970 2480 consue-

1016 1440 1090 1469 τερον
1098 1431 1145 1465 τῆς
1154 1428 1281 1470 ὠφελείας
1290 1429 1320 1459 τὸ
1327 1429 1464 1469 φάρμακον
1477 1429 1641 1465 ἀντέστησαν
1648 1431 1782 1470 χαλεπῶς,

1016 1474 1110 1515 ἐπάγει
1121 1475 1212 1505 λοιπὸν
1225 1475 1368 1515 βαθυτέραν
1385 1474 1434 1511 τὴν
1455 1475 1549 1514 τομὴν,
1573 1475 1622 1511 τὴν
1650 1475 1782 1514 σηπεδόνα

1017 1521 1159 1560 ἐκτέμνων,
1172 1521 1217 1552 καὶ
1232 1520 1292 1555 τοὺς
1311 1520 1405 1551 ἀνίατα
1427 1524 1565 1555 νοσοῦντας
1585 1521 1731 1551 ἐκκόπτων,
1747 1521 1783 1550 Τί

1017 1567 1046 1597 δέ
1059 1569 1139 1604 ἐστιν,
1153 1567 1210 1608 Ἀφ’
1222 1563 1254 1604 ἧς
1265 1567 1368 1608 ἡμέρας
1381 1568 1484 1608 ἀφεῖλεν
1499 1567 1618 1607 Ἐφραῒμ
1633 1567 1684 1597 ἀπὸ
1697 1568 1783 1598 Ἰούδα

1017 1614 1061 1644 τὸν
1077 1614 1189 1654 βασιλέα
1201 1615 1252 1644 τῶν
1266 1613 1408 1654 Ἀσσυρίων
1417 1625 1426 1652 ;
1442 1615 1576 1649 Ἔτι-ἦλθον
1596 1616 1620 1644 οἱ
1636 1614 1782 1655 βάρὸαροι,

1018 1659 1118 1694 πάντας
1129 1659 1222 1694 αὐτοὺς
1230 1659 1448 1700 ἀναρπασόμενοι·
1458 1661 1515 1689 ἀλλ’
1530 1660 1637 1700 ἀφέντες
1643 1660 1687 1690 τὸν
1698 1661 1784 1691 Ἰούδα

1019 1706 1064 1736 καὶ
1084 1706 1131 1740 τὰς
1155 1706 1200 1737 δύο
1225 1705 1322 1747 φυλὰς,
1334 1705 1486 1746 ἐτράπησαν
1508 1706 1576 1736 κατὰ
1597 1710 1642 1736 τοῦ
1666 1708 1783 1748 Ἰσραήλ.

1019 1752 1057 1783 ⁶0
1070 1752 1156 1782 τοίνυν
1165 1752 1252 1791 λέγει,
1263 1750 1341 1781 τοῦτό
1351 1753 1431 1781 ἐστιν·
1441 1752 1494 1781 ἀπὸ
1504 1755 1551 1788 τῆς
1565 1753 1666 1793 ἡμέρας
1674 1753 1784 1789 ἐκείνης,

1021 1800 1065 1840 ἀφ’
1080 1795 1112 1835 ἧς
1136 1800 1163 1828 αἱ
1182 1798 1244 1828 δέκα
1266 1797 1345 1839 φυλαὶ
1359 1798 1424 1838 πρὸς
1444 1799 1540 1832 ἑαυτὰς
1553 1799 1741 1839 ἐφελκύσονται
1755 1800 1785 1829 τὸ

1020 1847 1072 1875 τῶν
1085 1844 1225 1885 βαρέάρων
1239 1843 1423 1884 στρατόπεδον,
1437 1845 1509 1883 ὑμῶν
1525 1845 1722 1881 ἀποστήσαντες
1727 1868 1736 1882 ,
1750 1847 1784 1886 τῇ

1019 1893 1066 1927 τ’ῆς
1076 1890 1172 1924 οἰκείας
1185 1889 1314 1930 ἁμαρτίας
1324 1889 1457 1930 ὓπερὸολῇ
1467 1913 1474 1927 ,
1484 1890 1529 1920 καὶ
1543 1892 1602 1921 καθ’
1622 1894 1722 1921 ἑαυτῶν
1733 1904 1784 1922 κα-

986 1946 1004 1969 Β
1019 1933 1141 1970 λε’σαντες
1154 1935 1247 1969 αὐτοὺς
1260 1937 1449 1975 ἀπενεχθῶσιν,
1463 1936 1510 1966 ἀπ’
1521 1937 1622 1973 ἐκείνης
1639 1937 1692 1978 χρὴ
1705 1939 1786 1968 δεδοι-

1019 1983 1092 2014 κέναι
1105 1982 1150 2013 καὶ
1164 1982 1300 2023 φοόεῖσθαι
1322 1982 1425 2012 λοιπόν.
1441 1982 1514 2024 Ὁδῷ
1527 1983 1578 2024 γὰρ
1600 1984 1786 2024 προθαίνοντες

1019 2029 1064 2060 καὶ
1086 2030 1126 2070 ἐφ’
1150 2031 1218 2068 ὑμᾶς
1241 2028 1356 2066 ἥξουσιν,
1384 2030 1407 2058 εἷ
1431 2029 1469 2068 μὴ
1490 2030 1709 2069 μεταὸάλλοισθε.
1733 2032 1786 2061 Καί

1020 2087 1108 2116 φησιν,
1120 2074 1172 2105 ἀπὸ
1186 2077 1233 2111 τῆς
1244 2075 1345 2114 ἡμέρας
1358 2074 1459 2110 ἐκείνης
1470 2075 1561 2109 ἐπάξει
1572 2076 1675 2110 αὐτούς.
1686 2078 1726 2115 Οὔ
1734 2077 1786 2116 γὰρ

1020 2123 1086 2161 ὁμοῦ
1099 2123 1151 2150 τῶν
1165 2120 1337 2161 Ἰσραηλιτῶν
1350 2121 1556 2161 ἀπενεχθέντων,
1571 2123 1687 2151 κάκεῖνοι
1702 2123 1786 2152 ἑάλω-

1021 2178 1079 2204 σαν,
1093 2166 1162 2197 ἀλλὰ
1176 2166 1274 2207 βραχὺς
1286 2166 1383 2206 μεταξὺ
1396 2166 1487 2207 γέγονε
1499 2167 1600 2207 χρόνος.

1059 2313 1098 2342 ““0
1112 2312 1197 2342 τοίνυν
1208 2311 1296 2351 λέγει,
1307 2311 1385 2341 τοῦτό
1399 2313 1480 2347 ἐστιν,
1497 2313 1538 2341 ὅτι
1551 2315 1584 2352 τῇ
1605 2313 1686 2353 ψήφῳ
1697 2313 1787 2343 ἔκτοτε

1021 2358 1153 2398 ἐπήγαγεν
1168 2357 1199 2387 ἂν
1218 2357 1265 2391 τὰς
1277 2357 1378 2397 ἡμέρας
1387 2368 1394 2375 ·
1407 2358 1465 2386 ἀλλ’
1485 2358 1608 2397 ἀνέμενεν
1620 2361 1634 2388 ὁ
1647 2358 1731 2393 Θεὸς,
1742 2359 1788 2389 καὶ

1022 2404 1215 2445 ἐμακροθῦμει,
1237 2402 1322 2433 καίτοι
1346 2404 1394 2438 τῆς
1421 2403 1493 2437 ἀξίας
1513 2406 1565 2433 τῶν
1588 2404 1788 2444 ἁμαρτημάτων

1022 2451 1113 2480 ἔκτοτε
1134 2448 1295 2486 ἀπαιτούσης
1318 2448 1367 2484 τὴν
1391 2449 1520 2489 τιμωρίαν
1532 2462 1538 2468 ·
1561 2449 1626 2490 ὅπερ
1651 2451 1787 2489 πολλαχοῦ

259 2554 271 2571 t,
290 2553 350 2585 Reg.
365 2557 389 2576 et
401 2550 477 2577 Savil.
494 2549 552 2580 hoc,
569 2553 675 2585 ἐλευθέρα
693 2555 763 2582 ἕπῃ,
775 2552 899 2578 omittunt
914 2563 919 2576 :
933 2553 977 2579 sed
989 2554 1075 2579 Morel.
1089 2560 1114 2579 et.
1125 2555 1204 2579 Ravat-
1217 2553 1319 2579 liabent.
1332 2558 1357 2577 et
1368 2551 1516 2578 Tilmannns
1525 2554 1559 2578 ita
1570 2552 1637 2586 legit.
