1890 2826
574 222 618 246 DE
645 222 908 246 Pnopuss'rtanum
935 222 1176 247 OBSCURITATE.
1206 224 1230 246 Ι.

129 285 279 326 ἀγνοοῦντός
292 286 363 314 ἐστιν
373 295 379 302 ·
400 284 459 314 ἀλλ’
473 284 520 313 οὔκ
541 285 638 323 ἀγνοεῖ.
651 283 768 313 Ὁπόταν
788 279 833 313 oliv
847 284 892 313 καὶ
902 282 909 288 “

127 330 220 372 ’παρὰ
238 334 284 360 τοῦ
304 330 370 360 lton
384 329 498 370 ἀκούσῃς
519 341 546 358 τι
567 332 683 359 τοιοῦτον
697 329 831 369 λέγοντος,
843 330 891 366 τὴν

127 376 208 413 αὐτὴν
219 375 359 410 κατάδεξαι
370 377 465 416 ψῆφον.
479 375 542 409 Υἱὸς
556 374 608 415 γὰρ
625 375 673 410 ὢν,
691 377 828 415 πανταχοῦ
847 375 892 405 τὸν

1616 217 1679 240 201

946 283 1123 323 ignorantiam
1141 284 1283 325 objiciunt.
1302 284 1370 313 Ecce
1392 282 1464 311 enim
1485 283 1562 311 Pater
1580 291 1687 320 quoquc

947 330 1093 370 ignorantis
1112 330 1203 360 verbis
1224 330 1310 359 utitur
1323 341 1333 358 t
1346 327 1492 368 siquidem,
1512 329 1614 364 Forte,
1633 338 1688 356 vox

945 383 985 406 est
995 376 1142 416 ignorantis
1157 389 1165 406 t
1181 383 1365 407 verumtamen
1382 385 1549 414 nequaquam
1571 375 1685 413 ignorat.

127 422 237 462 Πατέρα
258 426 388 461 μιμεῖται.
401 420 471 451 Ἀλλ’
484 422 509 450 οἱ
533 420 581 460 μὲν
599 423 652 450 τῶν
674 420 782 460 ἀγώνων
806 421 894 460 καιροὶ
910 431 928 454 Β
944 422 1060 460 Quando
1073 422 1156 462 igitur
1165 429 1191 452 et
1203 423 1306 452 Filium
1320 421 1373 451 tale
1385 420 1452 460 quid
1464 419 1596 450 dicentem
1609 419 1693 449 audi-'

127 467 226 498 τούτων
239 467 450 507 ἀναμενέτωσαν,
470 466 514 496 ἵνα
526 466 564 506 μὴ
579 468 626 502 τῆς
638 466 814 506 προκειμένης
827 468 893 495 ὓπο-

128 514 223 547 θέσεως
238 513 392 555 ἐκπέσωμεν
403 525 410 532 ·
424 513 540 552 εἴπωμεν
554 513 581 542 δὲ
590 535 599 549 ,
619 512 688 546 τίνος
700 513 787 542 ἕνεκεν
801 513 874 552 λέγει
885 535 894 548 ,

128 559 206 594 Ἴσως
220 559 385 589 ἀκούσονται.
403 560 438 589 Et
454 555 535 597 εἶπεν,
556 558 774 589 ὅτι-ἀκούσονται
784 580 793 594 ,
813 559 895 599 χωρὶς

127 609 174 636 τοῦ
189 605 284 642 Ἴσως,
303 606 396 646 ψευδὲς
417 602 450 642 ἦν
460 618 467 625 ·
487 606 518 635 οὐ
531 605 582 645 γὰρ
599 604 708 644 ἔμελλον
723 605 892 635 ἀκούσεσθαι.

127 654 162 683 Εἰ
183 648 240 682 εἷπε
253 652 285 682 τὸ
304 652 417 689 ἀληθὲς,
438 652 479 682 ὅτι
496 653 544 681 οὐκ
565 651 742 687 ἀκούσονται,
764 653 895 691 περιττῶς

127 699 230 738 ἔπεμπε
250 698 295 728 τὸν
306 698 445 739 προφήτην
458 702 512 731 τοῖς
526 699 574 728 οὐκ
587 697 782 737 ἀκουσομένοις.
799 698 852 728 Καὶ
865 700 894 728 οὐ

127 744 171 775 διὰ
183 747 260 774 τοῦτο
274 744 361 784 μόνον,
372 744 441 774 ἀλλὰ
452 744 498 774 καὶ
512 743 555 773 ἵνα
566 743 604 783 μὴ
620 745 637 779 ἡ
654 743 802 783 πρόγνωσις
815 745 895 773 αὐτοῦ

127 790 262 830 νομισθείη
275 791 456 831 ἀναγκαστική
470 802 511 831 τις
530 787 596 821 εἶναι
615 792 664 826 τῆς
678 793 829 830 παρακοῆς,
852 791 895 820 διὰ

127 839 204 866 τοῦτο
221 836 409 876 ἕπαμφιὸόλως
426 836 527 866 τέθεικε
545 837 580 866 τὰ
594 837 718 877 ῥήματα,
735 837 779 866 ἵνα
800 836 837 875 μὴ
851 836 896 865 λε’-

126 883 194 922 γωσί
212 894 299 918 τινες,
318 882 359 912 ὅτι
379 886 504 922 προεῖπεν
517 884 532 912 ὁ
544 883 626 919 Θεὸς,
651 882 696 912 καὶ
718 882 823 916 πάντως
842 882 906 925 ἔδειΔ

944 469 1028 506 veris,
1042 469 1164 499 eamdem
1181 470 1338 499 sententiam
1355 468 1469 507 suscipe.
1483 468 1554 497 Nam
1564 477 1626 496 cum
1641 467 1687 495 Fi-

944 514 998 545 lius
1016 516 1062 552 sit,
1075 516 1177 555 ub'ique
1192 517 1296 545 Patrem
1310 515 1441 545 imitatur.
1460 513 1515 544 Sed
1529 513 1688 542 differamus

944 561 1073 602 tantisper
1098 561 1148 591 has
1172 561 1398 591 concertationum
1422 558 1572 589 occasiones
1582 581 1590 595 ,
1620 569 1652 587 nc
1672 570 1687 586 a

926 615 928 617 ’
944 609 1082 648 proposito
1100 614 1256 648 argumento
1272 605 1462 636 discedamus:
1475 614 1626 643 quaeramus
1639 614 1688 632 cur

945 654 1028 690 dieat,
1041 655 1131 684 Forte
1144 655 1276 683 audient.
1295 652 1325 683 Si
1337 651 1462 688 dixisset,
1477 650 1606 687 Audient,
1625 650 1687 679 abs-

945 711 998 739 que
1011 701 1112 737 Forte,
1129 699 1229 729 salsum
1245 699 1356 728 fuisset:
1370 707 1423 727 non
1435 697 1508 727 enim
1524 703 1600 725 erant
1614 695 1689 724 audi-

944 746 1010 775 turi.
1021 746 1050 776 Si
1061 756 1157 775 verum
1175 745 1298 782 dixisset,
1309 745 1370 774 Non
1389 743 1510 779 audient,
1523 742 1621 771 frustra
1636 752 1688 770 non

945 791 1079 821 audituris
1109 791 1269 832 prophetam
1303 790 1428 820 misisset.
1465 790 1558 827 Neque
1589 787 1690 816 idcirco

943 845 1060 875 tanturn,
1078 838 1125 867 sed
1145 847 1179 867 ne
1196 838 1253 868 vim
1273 837 1305 866 ac
1325 836 1506 866 necessitatem
1521 834 1640 873 aliquam
1655 833 1690 862 ad

945 894 998 913 non
1009 884 1160 924 parendum
1167 884 1262 913 afferre
1273 883 1359 923 ipsius
1365 881 1531 922 praescientia
1538 887 1688 920 putaretur,

126 927 263 968 γενέσθαι·
277 927 292 958 ὃ
308 927 354 958 καὶ
372 928 434 968 περὶ
454 931 501 958 τοῦ
515 928 602 959 Ἰούδα
619 929 738 968 λέγουσι.
759 929 878 969 Προεῖπε
887 951 895 965 ,
910 936 929 959 c
944 938 1085 971 propterea
1095 942 1158 961 cum
1167 929 1336 959 dubitatione
1343 928 1460 968 quadam
1469 927 1526 957 baec
1538 926 1618 956 verba
1630 937 1691 966 pro·

127 974 218 1015 φησὶν,
238 974 279 1004 ὅτι
296 974 426 1014 προδότης
443 973 534 1012 ἔσται,
554 975 599 1005 καὶ
620 975 664 1004 διὰ
677 978 755 1004 τοῦτο
766 974 897 1015 προδότης

127 1020 241 1060 ἐγένετο.
264 1019 303 1050 Ὦ
319 1021 369 1056 τῆς
381 1019 488 1056 ἀνοίας,
508 1019 532 1049 ὦ
550 1022 599 1057 τῆς
617 1020 811 1060 ἀναισχυντίας.
826 1021 897 1050 Οὐδὲ

127 1067 180 1107 γὰρ
191 1069 210 1103 ἡ
223 1065 390 1106 πρόγνωσις,Δ
405 1065 540 1105 ἄνθρωπε,
552 1069 601 1102 τῆς
612 1066 739 1106 πονηρίας
752 1066 827 1095 αἰτία
837 1077 844 1084 ·
859 1066 896 1104 μὴ

129 1112 241 1152 γένοιτο.
261 1113 303 1142 Οὔ
317 1112 369 1152 γάρ
389 1113 460 1141 ἐστιν
478 1113 659 1152 ἀναγκαστικὴ
673 1115 726 1142 τῶν
748 1112 897 1150 μελλόντων

130 1159 245 1195 ἔσεσθαι,
254 1157 323 1188 ἀλλὰ
333 1158 518 1198 προγνωστικὴ
532 1158 620 1197 μόνον.
636 1159 696 1188 Οὐκ
707 1157 798 1194 ἐπειδὴ
810 1162 897 1198 προεῖ-

129 1216 178 1234 πεν
191 1207 206 1234 ὁ
218 1203 333 1244 Χριστὸς
342 1225 351 1239 ,
366 1203 410 1233 διὰ
422 1206 500 1233 τοῦτο
513 1203 616 1244 ἐγένετο
634 1205 731 1237 ἐκεῖνος
749 1203 881 1244 προδότης
889 1215 896 1222 ·

129 1252 188 1280 ἀλλ’
207 1250 299 1286 ἐπειδὴ
321 1249 451 1290 προδότης
471 1249 565 1288 ἔμελλε
585 1249 726 1289 γενέσθαι,
752 1250 796 1279 διὰ
819 1252 896 1279 τοῦτο

128 1300 252 1337 προεῖπεν
274 1298 290 1325 ὁ
310 1294 434 1336 Χριστός.
454 1294 513 1325 Ἵνα
531 1291 576 1325 οὖν
599 1295 637 1334 μὴ
652 1295 698 1325 καὶ
717 1297 828 1325 ἐνταῦθα
850 1293 900 1325 xes

127 1353 219 1382 γωσιν,
231 1341 273 1372 ὅτι
286 1336 359 1371 εἶπεν
371 1340 412 1370 ὅτι
427 1342 476 1370 οὐκ
489 1340 664 1377 ἀκούσονταις
678 1341 724 1370 καὶ
741 1341 896 1371 ἀπέκλεισεν

128 1389 216 1421 αὗτθῖς
227 1389 276 1423 τῆς
293 1386 432 1426 μὲτᾰνοίας
442 1385 492 1422 τὴν
504 1386 563 1415 ὁδὸν
571 1408 580 1422 ,
592 1386 734 1426 προλαὸὼν
750 1387 896 1417 ἀνέσπασεν
914 1399 932 1421 n

128 1434 215 1463 αὐτῶν
236 1432 286 1469 τὴν
307 1432 457 1473 πρόφασιν,
480 1431 562 1461 εἰπὼν
585 1435 624 1472 τῷ
653 1432 797 1473 προφήτῃ,
820 1433 898 1467 Ἴσως

128 1479 294 1510 ἀκούσονται.

168 1618 354 1656 Μνημονιύετε
369 1620 417 1654 τῆς
428 1617 595 1657 ὑποσχέσεως
605 1629 612 1636 ·
625 1617 668 1647 διὰ
681 1617 733 1657 γὰρ
744 1619 821 1648 τοῦτο
836 1629 898 1648 συν-

130 1664 198 1702 εχῶς
209 1665 277 1701 ὑμᾶς
290 1663 501 1702 ὑπομιμνήσκει),
515 1663 560 1697 ἵν’,
572 1662 635 1691 ὅταν
646 1663 773 1702 ἐπαγάγω
786 1663 817 1692 τὸ
830 1675 897 1702 συμ-

129 1709 278 1749 stipatum,
296 1709 334 1748 μὴ
344 1707 513 1745 ’ἐπιλάθησθε
535 1711 581 1737 τοῦ
605 1709 760 1744 ζητηθέντος
784 1712 849 1749 ἡμῖν
870 1712 897 1739 ἐν

129 1756 200 1794 ἀρχῇ
214 1753 386 1795 ιἰιιειραλοιίοιμ
409 1754 445 1784 Τί
465 1753 493 1783 δὲ
506 1750 538 1791 ἦν
558 1756 651 1790 roffi-’03
667 1753 731 1783 ‘'O-rt
745 1756 768 1783 εἶ
787 1755 898 1794 ᾔσθοντο

129 1801 153 1828 οἳ
165 1800 301 1836 Ἰουδαῖοι,
315 1799 356 1829 ὅτι
375 1799 484 1838 ἔμελλεν
497 1801 585 1833 αὐτοῖς
598 1799 781 1838 συμὸήσεσθαι
799 1800 833 1829 τὰ
846 1812 898 1830 κα-

128 1846 271 1886 τειληφότα
285 1845 378 1879 αὐτοὺς
390 1845 462 1875 δεινὰ
474 1848 575 1882 (ταῦτα
588 1845 621 1881 δὴ
632 1845 703 1886 λέγω
714 1846 747 1875 τὰ
759 1848 804 1876 νῦν
817 1847 881 1876 κατέ
885 1864 897 1869 -

128 1903 212 1932 χοντα
233 1890 351 1928 αὐτοὺς),
371 1891 440 1922 αὐτὰ
456 1891 491 1920 τὰ
513 1891 603 1931 βιόλία
624 1891 655 1921 ἂν
672 1891 838 1932 κατέκοψαν,
852 1893 897 1922 καὶ

127 1937 221 1967 οὐκᾶν
236 1936 374 1977 ἐφείσαντο
392 1937 452 1967 οὐδὲ
471 1938 524 1966 τῶν
543 1936 619 1967 θείων
637 1938 812 1977 γραμμάτων.
827 1938 896 1968 Ἀλλ’

128 1983 172 2013 ἐπὶ
187 1982 237 2019 τὴν
256 1982 373 2022 ἱστορίαν
395 1982 523 2022 ἔλθωμεν.
545 1984 639 2012 Ταῦτα
657 1983 772 2017 ἀκούσας
786 1986 800 2013 ὁ
813 1983 896 2024 Ἱερε-

128 2028 202 2067 μίας,
213 2028 289 2058 καλιῖ
301 2028 347 2057 τὸν
361 2028 482 2067 μαθητὴν
495 2029 575 2066 αὐτοῦ
587 2028 695 2069 Βαροὺχ
706 2029 760 2058 υἱὸν
775 2030 876 2069 Νηρίου
886 2052 894 2066 ,

128 2074 173 2104 καὶ
190 2074 262 2114 λέγει
277 2073 342 2114 πρὸς
361 2073 440 2103 αὐτόν
451 2085 458 2092 ·
469 2073 570 2114 γράψον
590 2076 627 2108 εἷς
647 2074 748 2114 βιὸλίον
761 2074 849 2104 πάντα
862 2075 897 2105 τὰ
913 2089 932 2112 Ε

129 2120 259 2159 μέλλοντα
273 2121 361 2154 αὐτοῖς
373 2119 479 2149 ἔσεσθαι
490 2119 570 2150 δεινά.
582 2119 619 2150 Τί
631 2120 738 2159 γέγονε;
750 2120 782 2150 σὺ
796 2121 896 2151 ἐπετά-

128 2177 177 2205 γης
195 2165 268 2206 παρὰ
282 2168 328 2195 τοῦ
350 2167 432 2202 Θεοῦ,
449 2165 495 2195 καὶ
511 2165 555 2194 τὸν
568 2165 690 2205 μαθητὴν
701 2166 833 2206 πέμπεις;
846 2163 896 2207 ἀρα

130 2210 168 2250 μὴ
189 2212 304 2251 διιλιᾷςς
324 2206 379 2251 ἔρα
403 2211 441 2250 μὴ
459 2213 589 2251 ἀγωνιᾷςς
603 2207 655 2251 ἔρα
669 2211 706 2250 μὴ
722 2212 858 2251 δέδοικας;
873 2215 896 2243 εἰ

129 2255 162 2286 σὺ
177 2255 308 2295 δέδοικας,
329 2258 386 2290 πῶς
399 2258 414 2286 ὁ
429 2256 549 2296 μαθητὴς
570 2257 716 2295 τολμήσει;
732 2258 801 2287 Ἀλλ’
822 2258 896 2288 οὐδὲν

129 2301 243 2331 τούτων·
257 2301 412 2341 πρόσκειται
421 2301 472 2342 γὰρ
485 2304 503 2338 ἡ
517 2301 604 2331 αἰτία·
619 2302 701 2332 εἰπὼν
717 2303 778 2342 γὰρ,
789 2303 895 2344 Γράψον

129 2346 174 2394 καὶ
185 2346 329 2387 ἀνάγνωθι,
343 2347 474 2387 ἐπήγαγεν
483 2359 490 2366 ·
508 2347 581 2387 Ἐγὼ
593 2347 645 2387 γὰρ
658 2348 807 2388 κατέχομαι
820 2350 847 2378 ἐν
861 2351 894 2388 τῇ

129 2394 243 2434 φυλακῇ.
255 2392 294 2423 Ὦ
314 2391 523 2433 μεγαλοψυχίας.
537 2392 585 2423 Ἐν
605 2395 644 2433 τῷ
666 2394 840 2434 δεσμονι-ηρίῳ
852 2390 894 2432 ἦν,

129 2443 173 2473 καὶ
192 2445 240 2479 ἰ-’ῆς
260 2442 422 2483 προφητείας
440 2443 488 2472 οὖν.
509 2442 647 2483 ἀφίστατο.
666 2443 893 2485 Προσίχωμεν,τῇ

130 2493 236 2533 ἀνδρείᾳ
249 2495 295 2522 τοῦ
309 2492 425 2529 δικαίου,
440 2492 485 2522 καὶ
498 2495 531 2530 τῇ
551 2495 598 2529 τῆς
612 2493 725 2526 διανοίας
742 2494 892 2535 φιλοσοφία.

175 2590 186 2602 ¹
202 2583 249 2607 Alii
264 2591 350 2608 omnes
372 2587 436 2618 παρὰ
461 2587 509 2609 τοῦ.
534 2582 624 2610 florel-
646 2588 697 2618 ‘napi
719 2588 758 2611 τοῦ
781 2589 836 2613 υἱοῦ.
860 2587 891 2611 At

132 2622 227 2647 Fronto
238 2622 343 2648 Ducaeus
351 2625 415 2656 παρὰ
426 2626 466 2648 τοῦ
474 2620 540 2655 legit.

946 977 1020 1012 tulit,
1034 987 1066 1006 ne
1081 977 1148 1006 forte
1166 975 1285 1005 dicerent
1303 974 1401 1013 aliqui,
1424 973 1556 1003 Pi-aedixit
1568 973 1653 1008 Deus,
1667 979 1694 1002 et

946 1023 1056 1052 omnino
1075 1022 1183 1051 evenire
1202 1020 1341 1061 oportebat
1357 1032 1365 1049 ε
1382 1019 1456 1059 quod
1468 1019 1503 1048 dc
1524 1017 1595 1049 Juda
1609 1018 1694 1048 solent

946 1067 1045 1097 dicere.
1068 1067 1214 1103 Praedixst,
1231 1065 1371 1105 inquiunt,
1389 1076 1452 1095 eum
1469 1064 1634 1105 proditorem
1649 1065 1696 1093 fu-

947 1120 1052 1149 turum,
1072 1120 1098 1142 et
1116 1112 1216 1142 idcirco
1231 1110 1354 1152 proditor
1368 1112 1455 1141 factus
1471 1117 1520 1143 est.
1544 1111 1569 1140 Ο
1589 1109 1696 1139 demen-

947 1158 1030 1188 tiam!
1049 1169 1066 1188 ο
1085 1156 1298 1198 impudentiam!
1317 1158 1410 1196 Neque
1435 1156 1508 1186 enim
1530 1155 1695 1196 praescientia
1706 1156 1846 1177 lfflvfflfflia

948 1205 1058 1235 malitiae
1075 1215 1155 1235 causa
1175 1205 1237 1240 fuit,
1261 1204 1300 1233 mi
1317 1204 1397 1232 homo
1414 1203 1515 1233 :absit.
1541 1204 1602 1232 Non
1624 1202 1694 1232 enim
1705 1194 1850 1247 3325?-

949 1252 1030 1282 rebus
1047 1251 1146 1290 futuris
1170 1252 1247 1281 affert
1269 1250 1468 1287 necessitatem,
1494 1249 1542 1279 scd
1568 1249 1697 1289 praevidet

949 1304 1062 1328 tantum.
1086 1299 1147 1327 Non
1169 1298 1234 1337 quia
1258 1296 1387 1337 praedixit
1406 1296 1542 1332 christus,
1556 1296 1641 1325 sactus
1659 1302 1699 1325 est

948 1343 1073 1383 proditor
1099 1343 1161 1382 ille;
1189 1343 1238 1373 sed
1261 1342 1325 1381 quia
1354 1341 1476 1382 proditor
1500 1342 1607 1371 futurus
1631 1347 1697 1376 erat,

950 1389 1078 1419 Christus
1089 1389 1190 1419 idcirco
1204 1388 1341 1429 praedixit.
1357 1388 1399 1417 Ne
1413 1387 1496 1426 igitur
1508 1387 1554 1417 hic
1563 1387 1642 1416 etiam
1652 1387 1696 1416 di-

949 1444 1009 1467 cant
1021 1448 1083 1471 eum
1095 1447 1149 1467 non
1162 1436 1303 1466 audituros
1315 1435 1378 1464 illos
1391 1434 1504 1470 dixisse,
1520 1445 1551 1463 ac
1564 1434 1696 1474 poeniten-

948 1485 992 1514 tiae
1002 1485 1075 1515 viam
1086 1485 1141 1514 illis
1153 1482 1332 1524 praeclusisse,
1345 1481 1485 1521 praevenit,
1500 1487 1580 1520 atquc
1591 1490 1696 1510 omnem

949 1530 1115 1560 occasionem
1128 1529 1185 1559 illis
1198 1527 1350 1569 praeripuit,
1365 1526 1431 1556 dum
1454 1526 1591 1567 prophetae
1613 1526 1694 1563 dixit,

951 1578 1041 1618 Forte
1051 1577 1182 1606 audient.

990 1624 1020 1653 5.
1043 1621 1235 1652 Recordamini
1244 1621 1369 1661 promissi
1383 1633 1390 1649 ε
1405 1629 1465 1649 nam
1476 1619 1577 1650 idcirco
1591 1619 1697 1648 assidue

949 1669 1028 1698 vobis·
1042 1669 1071 1697 in
1085 1667 1242 1698 memoriam
1256 1666 1328 1695 illud
1339 1676 1447 1700 revoco,
1462 1676 1494 1694 ne
1506 1676 1568 1694 cum
1583 1665 1695 1694 solutio-

950 1723 1011 1742 nem
1023 1713 1149 1750 attulero,
1164 1711 1319 1751 quaestionis
1337 1711 1415 1740 initio
1434 1710 1625 1750 disputationis
1636 1721 1697 1750 pro-

949 1759 1042 1799 positae
1060 1759 1119 1788 sitis
1144 1759 1325 1787 immemores.
1355 1756 1499 1799 Quodnam
1523 1756 1606 1795 igitur
1627 1755 1699 1785 illud

948 1804 1021 1834 suit?
1031 1804 1061 1834 Si
1074 1803 1213 1834 scivissent
1223 1801 1312 1833 sudaei
1332 1808 1461 1831 eventura
1479 1801 1535 1830 illis
1549 1801 1630 1830 fuisse
1641 1812 1699 1831 ma·-

949 1850 987 1888 la,
999 1861 1059 1889 quae
1067 1847 1326 1890 comprehenderunt
1334 1847 1398 1877 illos
1410 1847 1488 1885 (haec,
1496 1847 1617 1886 inquam,
1627 1847 1697 1876 mala

948 1906 1008 1936 quae
1018 1906 1090 1926 nunc
1102 1906 1148 1925 eos
1157 1893 1300 1931 detinent),
1313 1894 1385 1933 ipsos
1400 1893 1487 1929 libros
1496 1893 1696 1930 dilacerassent,

949 1952 1035 1981 neque
1046 1942 1128 1972 sacris
1138 1941 1225 1970 literis
1236 1940 1426 1980 pepercissent.
1441 1938 1494 1969 Sed
1507 1938 1545 1969 ad
1556 1939 1697 1969 historiam

949 1988 1098 2018 redeamus.
1113 1989 1169 2017 His
1180 1987 1290 2015 auditis
1305 1992 1395 2015 vocat
1409 1986 1557 2015 Ieremias
1568 1986 1695 2025 discipu·
1706 1996 1757 2018 αρν.
1776 1995 1813 2019 36,
1827 1994 1846 2025 ῑ.

949 2035 1011 2064 lum
1030 2044 1114 2065 suum
1131 2033 1249 2063 Baruch
1266 2032 1367 2072 filium
1388 2033 1498 2069 Nerioe,
1519 2038 1547 2061 et
1565 2034 1609 2061 ait
1629 2033 1692 2062 illi:

949 2081 1053 2110 Scribe
1065 2082 1075 2109 ι’
1079 2091 1098 2109 n
1107 2080 1182 2109 libm
1194 2078 1277 2108 mala
1286 2080 1398 2116 omnia,
1408 2089 1473 2118 quoe
1485 2078 1547 2107 illis
1557 2084 1696 2108 eventura

950 2134 1027 2157 sunt.
1039 2126 1115 2164 Quid
1128 2126 1180 2155 boc
1190 2125 1228 2155 rei
1242 2125 1300 2155 est?
1313 2125 1362 2154 tibi
1374 2136 1390 2155 a
1403 2126 1461 2155 Deo
1474 2124 1630 2154 mandatum
1643 2132 1694 2160 est,

949 2181 974 2203 et
992 2173 1158 2213 discipulum
1175 2171 1283 2201 mittis?
1296 2181 1363 2200 num
1380 2171 1482 2210 refugis
1503 2181 1558 2210 prae
1576 2172 1694 2200 timore?

948 2231 1013 2249 num
1030 2219 1152 2250 vereris?
1168 2229 1234 2248 num
1251 2217 1407 2248 reformidas
1417 2220 1430 2247 Ρ
1442 2218 1464 2246 si
1477 2224 1506 2247 tu
1525 2217 1694 2253 reformidas,

946 2277 999 2307 quo
1007 2273 1085 2308 pacto
1098 2265 1251 2306 discipulus
1261 2264 1394 2293 audebit?
1406 2266 1441 2293 At
1450 2264 1518 2293 nihil
1531 2264 1629 2293 horum
1635 2271 1692 2301 est;

946 2312 1055 2343 additur
1067 2312 1140 2342 enim
1152 2321 1232 2340 causa
1249 2320 1328 2339 :nam
1339 2320 1402 2339 cum
1411 2309 1534 2346 dixisset,
1549 2310 1647 2339 Scribe
1659 2319 1695 2338 ac

947 2360 1021 2399 lege,
1034 2357 1194 2398 subjunxit:
1207 2357 1272 2396 Ego
1282 2357 1359 2385 enim
1374 2356 1508 2385 detineor
1521 2357 1552 2383 in
1566 2365 1692 2385 carcere.
1706 2372 1764 2393 llud.
1774 2379 1795 2392 v,
1807 2370 1829 2392 5.

946 2407 971 2436 Ο
983 2402 1244 2445 magnanimitatem!
1260 2403 1291 2432 In
1303 2402 1421 2432 vinculis
1431 2408 1498 2437 erat,
1511 2407 1536 2430 et
1546 2412 1560 2429 a
1576 2401 1695 2440 prophe-

947 2451 984 2481 tia
1004 2461 1058 2480 non
1078 2449 1238 2479 abstinebat.
1263 2447 1440 2477 Attendamus
1466 2446 1533 2486 justi
1559 2446 1696 2476 fortitudi-

948 2507 1020 2534 nem„
1034 2495 1145 2536 ejusque
1153 2494 1235 2523 animi
1245 2492 1455 2534 philosophiam.
1468 2493 1528 2521 Non
1542 2490 1611 2521 (lixit
1622 2492 1696 2532 apud

973 2589 986 2607 ¹⁵
1004 2588 1034 2612 In
1046 2585 1119 2612 Coll).
1132 2588 1251 2619 κεφκλκίου
1264 2583 1342 2607 deest·
