<?xml version="1.0" encoding="UTF-8"?>
<!DOCTYPE html PUBLIC "-//W3C//DTD XHTML 1.0 Transitional//EN"
    "http://www.w3.org/TR/xhtml1/DTD/xhtml1-transitional.dtd">
<html xmlns="http://www.w3.org/1999/xhtml" xml:lang="en" lang="en">
 <head>
  <title>
</title>
<meta http-equiv="Content-Type" content="text/html;charset=utf-8" />
  <meta name='ocr-system' content='tesseract 3.04.00' />
  <meta name='ocr-capabilities' content='ocr_page ocr_carea ocr_par ocr_line ocrx_word'/>
</head>
<body>
  <div class='ocr_page' id='page_1' title='image "./operaomniaquaeex06johnuoft_0088.png"; bbox 0 0 1890 2826; ppageno 0'>
   <div class='ocr_carea' id='block_1_1' title="bbox 194 223 1016 2550">
    <p class='ocr_par' dir='ltr' id='par_1_1' title="bbox 194 223 1016 2550">
     <span class='ocr_line' id='line_1_1' title="bbox 242 223 285 258; baseline 0 -13"><span class='ocrx_word' id='word_1_1' title='bbox 242 223 259 258; x_wconf 79' lang='grc'>7</span> <span class='ocrx_word' id='word_1_2' title='bbox 269 224 285 245; x_wconf 84' lang='lat'><strong>2</strong></span> 
     </span>
     <span class='ocr_line' id='line_1_2' title="bbox 279 283 1016 324; baseline 0.008 -11"><span class='ocrx_word' id='word_1_3' title='bbox 279 283 309 314; x_wconf 85' lang='lat'>8.</span> <span class='ocrx_word' id='word_1_4' title='bbox 334 284 395 313; x_wconf 75' lang='lat' dir='ltr'>Haec</span> <span class='ocrx_word' id='word_1_5' title='bbox 414 285 515 324; x_wconf 73' lang='lat' dir='ltr'><strong>quipw</strong></span> <span class='ocrx_word' id='word_1_6' title='bbox 535 286 625 314; x_wconf 80' lang='lat' dir='ltr'><strong>omnia</strong></span> <span class='ocrx_word' id='word_1_7' title='bbox 647 285 764 324; x_wconf 83' lang='lat' dir='ltr'><strong>flamma,</strong></span> <span class='ocrx_word' id='word_1_8' title='bbox 780 288 917 324; x_wconf 83' lang='lat' dir='ltr'><strong>carbones,</strong></span> <span class='ocrx_word' id='word_1_9' title='bbox 933 289 981 319; x_wconf 81' lang='lat' dir='ltr'><strong>sti·</strong></span> <span class='ocrx_word' id='word_1_10' title='bbox 998 293 1016 315; x_wconf 80' lang='grc' dir='ltr'>Ε</span> 
     </span>
     <span class='ocr_line' id='line_1_3' title="bbox 238 295 981 370; baseline 0.008 -11"><span class='ocrx_word' id='word_1_11' title='bbox 238 330 303 369; x_wconf 80' lang='lat' dir='ltr'><strong>pula</strong></span> <span class='ocrx_word' id='word_1_12' title='bbox 313 337 339 360; x_wconf 86' lang='lat' dir='ltr'>et</span> <span class='ocrx_word' id='word_1_13' title='bbox 351 341 411 370; x_wconf 84' lang='lat' dir='ltr'>quae</span> <span class='ocrx_word' id='word_1_14' title='bbox 426 295 576 370; x_wconf 46' lang='lat' dir='ltr'><strong>sequhintur</strong></span> <span class='ocrx_word' id='word_1_15' title='bbox 589 331 667 362; x_wconf 85' lang='lat' dir='ltr'><strong>nobis</strong></span> <span class='ocrx_word' id='word_1_16' title='bbox 679 331 808 363; x_wconf 82' lang='lat' dir='ltr'><strong>indicant.</strong></span> <span class='ocrx_word' id='word_1_17' title='bbox 820 335 920 364; x_wconf 70' lang='lat' dir='ltr'><strong>Radix</strong></span> <span class='ocrx_word' id='word_1_18' title='bbox 932 346 981 365; x_wconf 88' lang='lat' dir='ltr'>eo-</span> 
     </span>
     <span class='ocr_line' id='line_1_4' title="bbox 237 377 980 421; baseline 0.008 -17"><span class='ocrx_word' id='word_1_19' title='bbox 237 385 301 405; x_wconf 81' lang='lat' dir='ltr'>rnm</span> <span class='ocrx_word' id='word_1_20' title='bbox 309 378 396 416; x_wconf 82' lang='lat' dir='ltr'><em>quasi</em></span> <span class='ocrx_word' id='word_1_21' title='bbox 405 377 503 415; x_wconf 78' lang='lat' dir='ltr'><strong>pulvis</strong></span> <span class='ocrx_word' id='word_1_22' title='bbox 522 379 587 414; x_wconf 83' lang='lat' dir='ltr'><strong>erit,</strong></span> <span class='ocrx_word' id='word_1_23' title='bbox 604 384 631 407; x_wconf 79' lang='lat' dir='ltr'>et</span> <span class='ocrx_word' id='word_1_24' title='bbox 632 377 698 419; x_wconf 83' lang='lat' dir='ltr'>flos</span> <span class='ocrx_word' id='word_1_25' title='bbox 708 380 807 408; x_wconf 72' lang='lat' dir='ltr'><strong>eorum</strong></span> <span class='ocrx_word' id='word_1_26' title='bbox 817 382 904 419; x_wconf 80' lang='lat' dir='ltr'><em>quasi</em></span> <span class='ocrx_word' id='word_1_27' title='bbox 913 382 980 421; x_wconf 76' lang='lat' dir='ltr'>pul-</span> 
     </span>
     <span class='ocr_line' id='line_1_5' title="bbox 237 424 976 466; baseline 0.008 -15"><span class='ocrx_word' id='word_1_28' title='bbox 237 424 280 451; x_wconf 76' lang='lat' dir='ltr'><strong>vis</strong></span> <span class='ocrx_word' id='word_1_29' title='bbox 306 424 453 453; x_wconf 83' lang='lat' dir='ltr'><em>ascendet.</em></span> <span class='ocrx_word' id='word_1_30' title='bbox 468 426 536 461; x_wconf 81' lang='lat' dir='ltr'>Quae</span> <span class='ocrx_word' id='word_1_31' title='bbox 557 425 611 453; x_wconf 86' lang='lat' dir='ltr'>fixa</span> <span class='ocrx_word' id='word_1_32' title='bbox 635 431 698 453; x_wconf 89' lang='lat' dir='ltr'><strong>sunt</strong></span> <span class='ocrx_word' id='word_1_33' title='bbox 710 431 736 454; x_wconf 88' lang='lat' dir='ltr'>et</span> <span class='ocrx_word' id='word_1_34' title='bbox 752 425 829 455; x_wconf 85' lang='lat' dir='ltr'><strong>firma</strong></span> <span class='ocrx_word' id='word_1_35' title='bbox 839 427 976 466; x_wconf 74' lang='lat' dir='ltr'><strong>perihtmt,</strong></span> 
     </span>
     <span class='ocr_line' id='line_1_6' title="bbox 235 470 978 510; baseline 0.007 -11"><span class='ocrx_word' id='word_1_36' title='bbox 235 481 294 508; x_wconf 58' lang='lat' dir='ltr'><strong>quae</strong></span> <span class='ocrx_word' id='word_1_37' title='bbox 312 470 453 510; x_wconf 80' lang='lat' dir='ltr'><strong>splendida</strong></span> <span class='ocrx_word' id='word_1_38' title='bbox 474 470 657 508; x_wconf 81' lang='lat' dir='ltr'>effundentur,</span> <span class='ocrx_word' id='word_1_39' title='bbox 672 481 731 510; x_wconf 83' lang='lat' dir='ltr'>quae</span> <span class='ocrx_word' id='word_1_40' title='bbox 753 471 813 501; x_wconf 78' lang='lat' dir='ltr'><strong>laeta</strong></span> <span class='ocrx_word' id='word_1_41' title='bbox 828 471 941 503; x_wconf 81' lang='lat' dir='ltr'><strong>abibunt</strong></span> <span class='ocrx_word' id='word_1_42' title='bbox 950 481 978 504; x_wconf 83' lang='lat' dir='ltr'>et</span> 
     </span>
     <span class='ocr_line' id='line_1_7' title="bbox 233 516 977 558; baseline 0.007 -13"><span class='ocrx_word' id='word_1_43' title='bbox 233 516 368 546; x_wconf 84' lang='lat' dir='ltr'><strong>diffluent.</strong></span> <span class='ocrx_word' id='word_1_44' title='bbox 382 518 452 546; x_wconf 85' lang='lat' dir='ltr'>Non</span> <span class='ocrx_word' id='word_1_45' title='bbox 472 519 550 546; x_wconf 86' lang='lat' dir='ltr'><strong>enim</strong></span> <span class='ocrx_word' id='word_1_46' title='bbox 574 518 734 547; x_wconf 76' lang='lat' dir='ltr'><strong>voluerunt</strong></span> <span class='ocrx_word' id='word_1_47' title='bbox 747 518 840 558; x_wconf 80' lang='lat' dir='ltr'><strong>legem</strong></span> <span class='ocrx_word' id='word_1_48' title='bbox 855 520 977 550; x_wconf 81' lang='lat' dir='ltr'><em>Domini</em></span> 
     </span>
     <span class='ocr_line' id='line_1_8' title="bbox 232 563 976 606; baseline 0.007 -15"><span class='ocrx_word' id='word_1_49' title='bbox 232 563 260 591; x_wconf 84' lang='lat' dir='ltr'><em>S</em></span> <span class='ocrx_word' id='word_1_50' title='bbox 260 564 376 602; x_wconf 71' lang='lat' dir='ltr'>abaoth⁸</span> <span class='ocrx_word' id='word_1_51' title='bbox 377 563 487 602; x_wconf 82' lang='lat' dir='ltr'><strong>facere,</strong></span> <span class='ocrx_word' id='word_1_52' title='bbox 498 564 551 592; x_wconf 86' lang='lat' dir='ltr'>sed</span> <span class='ocrx_word' id='word_1_53' title='bbox 560 564 708 603; x_wconf 82' lang='lat' dir='ltr'><strong>eloquium</strong></span> <span class='ocrx_word' id='word_1_54' title='bbox 722 566 818 594; x_wconf 80' lang='lat' dir='ltr'><strong>sancei</strong></span> <span class='ocrx_word' id='word_1_55' title='bbox 825 575 976 606; x_wconf 70' lang='lat' dir='ltr'><strong>exaspera-</strong></span> 
     </span>
     <span class='ocr_line' id='line_1_9' title="bbox 233 610 974 650; baseline 0.008 -13"><span class='ocrx_word' id='word_1_56' title='bbox 233 616 345 638; x_wconf 77' lang='lat' dir='ltr'><strong>ver-unc.</strong></span> <span class='ocrx_word' id='word_1_57' title='bbox 362 610 512 649; x_wconf 78' lang='lat' dir='ltr'>Eloquium</span> <span class='ocrx_word' id='word_1_58' title='bbox 532 617 610 640; x_wconf 77' lang='lat' dir='ltr'><strong>vocat</strong></span> <span class='ocrx_word' id='word_1_59' title='bbox 627 610 727 650; x_wconf 86' lang='lat' dir='ltr'><strong>legem.</strong></span> <span class='ocrx_word' id='word_1_60' title='bbox 751 611 801 641; x_wconf 68' lang='lat'>25.</span> <span class='ocrx_word' id='word_1_61' title='bbox 822 612 865 642; x_wconf 85' lang='lat' dir='ltr'><strong>Et</strong></span> <span class='ocrx_word' id='word_1_62' title='bbox 880 613 974 643; x_wconf 78' lang='lat' dir='ltr'><strong>iratus</strong></span> 
     </span>
     <span class='ocr_line' id='line_1_10' title="bbox 229 655 970 696; baseline 0.007 -13"><span class='ocrx_word' id='word_1_63' title='bbox 229 655 383 695; x_wconf 81' lang='lat' dir='ltr'><strong>estfurore</strong></span> <span class='ocrx_word' id='word_1_64' title='bbox 395 656 538 685; x_wconf 85' lang='lat' dir='ltr'><em>Dominus</em></span> <span class='ocrx_word' id='word_1_65' title='bbox 545 655 675 686; x_wconf 80' lang='lat' dir='ltr'><em>Sabaoth</em></span> <span class='ocrx_word' id='word_1_66' title='bbox 685 658 718 685; x_wconf 84' lang='lat' dir='ltr'><strong>in</strong></span> <span class='ocrx_word' id='word_1_67' title='bbox 724 657 865 696; x_wconf 83' lang='lat' dir='ltr'>populum</span> <span class='ocrx_word' id='word_1_68' title='bbox 872 667 970 688; x_wconf 79' lang='lat' dir='ltr'><strong>suum:</strong></span> 
     </span>
     <span class='ocr_line' id='line_1_11' title="bbox 229 703 1006 748; baseline 0.006 -18"><span class='ocrx_word' id='word_1_69' title='bbox 229 708 257 730; x_wconf 81' lang='lat' dir='ltr'>et</span> <span class='ocrx_word' id='word_1_70' title='bbox 271 703 369 741; x_wconf 81' lang='lat' dir='ltr'><strong>rejecit</strong></span> <span class='ocrx_word' id='word_1_71' title='bbox 383 712 505 731; x_wconf 83' lang='lat' dir='ltr'><strong>manum</strong></span> <span class='ocrx_word' id='word_1_72' title='bbox 517 712 601 731; x_wconf 82' lang='lat' dir='ltr'><strong>suam</strong></span> <span class='ocrx_word' id='word_1_73' title='bbox 615 704 647 731; x_wconf 86' lang='lat' dir='ltr'><strong>in</strong></span> <span class='ocrx_word' id='word_1_74' title='bbox 660 713 719 740; x_wconf 84' lang='lat' dir='ltr'><strong>eos,</strong></span> <span class='ocrx_word' id='word_1_75' title='bbox 726 709 754 732; x_wconf 81' lang='lat' dir='ltr'>et</span> <span class='ocrx_word' id='word_1_76' title='bbox 763 705 905 742; x_wconf 77' lang='lat' dir='ltr'><strong><em>percussit</em></strong></span> <span class='ocrx_word' id='word_1_77' title='bbox 911 715 970 735; x_wconf 84' lang='lat' dir='ltr'><strong>eos.</strong></span> <span class='ocrx_word' id='word_1_78' title='bbox 980 729 1006 748; x_wconf 57' lang='grc' dir='ltr'>ὃ,</span> 
     </span>
     <span class='ocr_line' id='line_1_12' title="bbox 229 749 1007 791; baseline 0.004 -14"><span class='ocrx_word' id='word_1_79' title='bbox 229 750 256 777; x_wconf 88' lang='lat' dir='ltr'><em>E</em></span> <span class='ocrx_word' id='word_1_80' title='bbox 259 755 269 777; x_wconf 80' lang='lat' dir='ltr'><strong>t</strong></span> <span class='ocrx_word' id='word_1_81' title='bbox 290 751 481 778; x_wconf 76' lang='lat' dir='ltr'><em>exacerbatus</em></span> <span class='ocrx_word' id='word_1_82' title='bbox 493 756 536 778; x_wconf 79' lang='lat' dir='ltr'>est</span> <span class='ocrx_word' id='word_1_83' title='bbox 555 749 695 778; x_wconf 76' lang='lat' dir='ltr'><strong>adversus</strong></span> <span class='ocrx_word' id='word_1_84' title='bbox 714 756 836 787; x_wconf 84' lang='lat' dir='ltr'><strong>montes,</strong></span> <span class='ocrx_word' id='word_1_85' title='bbox 849 757 879 780; x_wconf 83' lang='lat' dir='ltr'>et</span> <span class='ocrx_word' id='word_1_86' title='bbox 881 750 973 791; x_wconf 84' lang='lat' dir='ltr'><strong>sacta</strong></span> <span class='ocrx_word' id='word_1_87' title='bbox 987 757 1007 780; x_wconf 80' lang='grc' dir='ltr'><strong>Δ</strong></span> 
     </span>
     <span class='ocr_line' id='line_1_13' title="bbox 226 799 972 838; baseline 0.005 -12"><span class='ocrx_word' id='word_1_88' title='bbox 226 804 293 827; x_wconf 80' lang='lat' dir='ltr'><strong>sunt</strong></span> <span class='ocrx_word' id='word_1_89' title='bbox 313 799 468 826; x_wconf 76' lang='lat' dir='ltr'><strong>morticina</strong></span> <span class='ocrx_word' id='word_1_90' title='bbox 490 808 589 827; x_wconf 84' lang='lat' dir='ltr'><strong>eorum</strong></span> <span class='ocrx_word' id='word_1_91' title='bbox 602 800 689 838; x_wconf 81' lang='lat' dir='ltr'><em>quasi</em></span> <span class='ocrx_word' id='word_1_92' title='bbox 710 803 822 827; x_wconf 84' lang='lat' dir='ltr'><strong>stercus</strong></span> <span class='ocrx_word' id='word_1_93' title='bbox 835 801 868 827; x_wconf 90' lang='lat' dir='ltr'><strong>in</strong></span> <span class='ocrx_word' id='word_1_94' title='bbox 878 801 972 830; x_wconf 83' lang='lat' dir='ltr'><strong>medio</strong></span> 
     </span>
     <span class='ocr_line' id='line_1_14' title="bbox 226 845 972 886; baseline 0.007 -14"><span class='ocrx_word' id='word_1_95' title='bbox 226 845 294 873; x_wconf 81' lang='lat' dir='ltr'><strong>vioe.</strong></span> <span class='ocrx_word' id='word_1_96' title='bbox 310 845 351 873; x_wconf 79' lang='lat' dir='ltr'>Et</span> <span class='ocrx_word' id='word_1_97' title='bbox 365 846 397 872; x_wconf 84' lang='lat' dir='ltr'><strong>in</strong></span> <span class='ocrx_word' id='word_1_98' title='bbox 410 846 542 873; x_wconf 80' lang='lat' dir='ltr'><strong>omnibus</strong></span> <span class='ocrx_word' id='word_1_99' title='bbox 563 845 609 873; x_wconf 83' lang='lat' dir='ltr'><strong>his</strong></span> <span class='ocrx_word' id='word_1_100' title='bbox 624 855 684 873; x_wconf 87' lang='lat' dir='ltr'>non</span> <span class='ocrx_word' id='word_1_101' title='bbox 697 851 741 874; x_wconf 81' lang='lat' dir='ltr'>ese</span> <span class='ocrx_word' id='word_1_102' title='bbox 755 846 972 886; x_wconf 75' lang='lat' dir='ltr'><strong>aversussuror</strong></span> 
     </span>
     <span class='ocr_line' id='line_1_15' title="bbox 223 890 970 929; baseline 0.007 -11"><span class='ocrx_word' id='word_1_103' title='bbox 223 891 286 928; x_wconf 81' lang='lat' dir='ltr'><strong>ejus</strong></span> <span class='ocrx_word' id='word_1_104' title='bbox 297 904 305 919; x_wconf 86' lang='lat'>.-</span> <span class='ocrx_word' id='word_1_105' title='bbox 315 890 368 919; x_wconf 82' lang='lat' dir='ltr'>sed</span> <span class='ocrx_word' id='word_1_106' title='bbox 379 890 477 918; x_wconf 80' lang='lat' dir='ltr'><strong>adhue</strong></span> <span class='ocrx_word' id='word_1_107' title='bbox 494 900 598 920; x_wconf 82' lang='lat' dir='ltr'><strong>manus</strong></span> <span class='ocrx_word' id='word_1_108' title='bbox 611 892 675 929; x_wconf 78' lang='lat' dir='ltr'><strong>ejus</strong></span> <span class='ocrx_word' id='word_1_109' title='bbox 695 892 821 920; x_wconf 78' lang='lat' dir='ltr'><strong>excelsa.</strong></span> <span class='ocrx_word' id='word_1_110' title='bbox 837 892 896 922; x_wconf 86' lang='lat' dir='ltr'>Hoc</span> <span class='ocrx_word' id='word_1_111' title='bbox 909 892 970 924; x_wconf 85' lang='lat' dir='ltr'><strong>loco</strong></span> 
     </span>
     <span class='ocr_line' id='line_1_16' title="bbox 223 935 967 979; baseline 0.007 -15"><span class='ocrx_word' id='word_1_112' title='bbox 223 936 326 965; x_wconf 85' lang='lat' dir='ltr'><strong>bellum</strong></span> <span class='ocrx_word' id='word_1_113' title='bbox 344 946 425 975; x_wconf 76' lang='lat' dir='ltr'><strong>gravo</strong></span> <span class='ocrx_word' id='word_1_114' title='bbox 442 935 606 974; x_wconf 82' lang='lat' dir='ltr'>subindicat,</span> <span class='ocrx_word' id='word_1_115' title='bbox 622 937 649 966; x_wconf 92' lang='lat' dir='ltr'><strong>in</strong></span> <span class='ocrx_word' id='word_1_116' title='bbox 663 947 717 976; x_wconf 84' lang='lat' dir='ltr'>quo</span> <span class='ocrx_word' id='word_1_117' title='bbox 731 947 765 967; x_wconf 88' lang='lat' dir='ltr'>ne</span> <span class='ocrx_word' id='word_1_118' title='bbox 781 949 893 978; x_wconf 89' lang='lat' dir='ltr'><strong>corpora</strong></span> <span class='ocrx_word' id='word_1_119' title='bbox 906 940 967 979; x_wconf 88' lang='lat' dir='ltr'><strong>qui-</strong></span> 
     </span>
     <span class='ocr_line' id='line_1_17' title="bbox 222 983 966 1026; baseline 0.007 -14"><span class='ocrx_word' id='word_1_120' title='bbox 222 983 284 1014; x_wconf 84' lang='lat' dir='ltr'>dem</span> <span class='ocrx_word' id='word_1_121' title='bbox 308 984 415 1024; x_wconf 83' lang='lat' dir='ltr'><strong>sepeliri</strong></span> <span class='ocrx_word' id='word_1_122' title='bbox 439 990 578 1024; x_wconf 85' lang='lat' dir='ltr'><strong>poterunt,</strong></span> <span class='ocrx_word' id='word_1_123' title='bbox 590 995 643 1014; x_wconf 90' lang='lat' dir='ltr'>non</span> <span class='ocrx_word' id='word_1_124' title='bbox 666 991 696 1014; x_wconf 88' lang='lat' dir='ltr'><strong>ut</strong></span> <span class='ocrx_word' id='word_1_125' title='bbox 714 985 757 1014; x_wconf 92' lang='lat' dir='ltr'><strong>illi</strong></span> <span class='ocrx_word' id='word_1_126' title='bbox 777 996 869 1026; x_wconf 86' lang='lat' dir='ltr'><strong>poenas</strong></span> <span class='ocrx_word' id='word_1_127' title='bbox 890 986 966 1025; x_wconf 88' lang='lat' dir='ltr'><strong>dent,</strong></span> 
     </span>
     <span class='ocr_line' id='line_1_18' title="bbox 221 1030 966 1072; baseline 0.005 -13"><span class='ocrx_word' id='word_1_128' title='bbox 221 1030 267 1059; x_wconf 87' lang='lat' dir='ltr'>scd</span> <span class='ocrx_word' id='word_1_129' title='bbox 282 1037 311 1059; x_wconf 87' lang='lat' dir='ltr'><strong>ut</strong></span> <span class='ocrx_word' id='word_1_130' title='bbox 332 1030 380 1070; x_wconf 86' lang='lat' dir='ltr'><strong>qui</strong></span> <span class='ocrx_word' id='word_1_131' title='bbox 399 1030 491 1060; x_wconf 83' lang='lat' dir='ltr'><strong>vivent</strong></span> <span class='ocrx_word' id='word_1_132' title='bbox 514 1030 609 1061; x_wconf 86' lang='lat' dir='ltr'><strong>alienis</strong></span> <span class='ocrx_word' id='word_1_133' title='bbox 630 1030 709 1060; x_wconf 87' lang='lat' dir='ltr'><strong>malis</strong></span> <span class='ocrx_word' id='word_1_134' title='bbox 730 1031 841 1062; x_wconf 86' lang='lat' dir='ltr'><strong>abducti</strong></span> <span class='ocrx_word' id='word_1_135' title='bbox 858 1032 966 1072; x_wconf 87' lang='lat' dir='ltr'><strong>aliquid</strong></span> 
     </span>
     <span class='ocr_line' id='line_1_19' title="bbox 220 1075 965 1117; baseline 0.007 -13"><span class='ocrx_word' id='word_1_136' title='bbox 220 1076 314 1105; x_wconf 79' lang='lat' dir='ltr'><strong>saltem</strong></span> <span class='ocrx_word' id='word_1_137' title='bbox 335 1075 370 1105; x_wconf 90' lang='lat' dir='ltr'>de</span> <span class='ocrx_word' id='word_1_138' title='bbox 391 1077 510 1115; x_wconf 81' lang='lat' dir='ltr'>nequitia</span> <span class='ocrx_word' id='word_1_139' title='bbox 529 1076 677 1106; x_wconf 79' lang='lat' dir='ltr'>succidant.</span> <span class='ocrx_word' id='word_1_140' title='bbox 700 1078 738 1106; x_wconf 81' lang='lat' dir='ltr'>Ac</span> <span class='ocrx_word' id='word_1_141' title='bbox 752 1076 815 1107; x_wconf 87' lang='lat' dir='ltr'><strong>vide</strong></span> <span class='ocrx_word' id='word_1_142' title='bbox 828 1079 965 1117; x_wconf 87' lang='lat' dir='ltr'><strong>quomodo</strong></span> 
     </span>
     <span class='ocr_line' id='line_1_20' title="bbox 218 1121 962 1164; baseline 0.005 -13"><span class='ocrx_word' id='word_1_143' title='bbox 218 1122 376 1152; x_wconf 73' lang='lat' dir='ltr'>atrociorem</span> <span class='ocrx_word' id='word_1_144' title='bbox 389 1121 537 1151; x_wconf 78' lang='lat' dir='ltr'>reddiderit</span> <span class='ocrx_word' id='word_1_145' title='bbox 549 1133 709 1152; x_wconf 86' lang='lat' dir='ltr'><strong>sermonem.</strong></span> <span class='ocrx_word' id='word_1_146' title='bbox 724 1124 784 1153; x_wconf 89' lang='lat' dir='ltr'>Non</span> <span class='ocrx_word' id='word_1_147' title='bbox 794 1124 866 1154; x_wconf 88' lang='lat' dir='ltr'><strong>enim</strong></span> <span class='ocrx_word' id='word_1_148' title='bbox 879 1124 962 1164; x_wconf 81' lang='lat' dir='ltr'><strong>dixit,</strong></span> 
     </span>
     <span class='ocr_line' id='line_1_21' title="bbox 219 1168 963 1211; baseline 0.008 -15"><span class='ocrx_word' id='word_1_149' title='bbox 219 1178 269 1197; x_wconf 89' lang='lat' dir='ltr'>non</span> <span class='ocrx_word' id='word_1_150' title='bbox 281 1169 400 1208; x_wconf 85' lang='lat' dir='ltr'><strong>sepultos</strong></span> <span class='ocrx_word' id='word_1_151' title='bbox 410 1168 503 1204; x_wconf 79' lang='lat' dir='ltr'><strong>fuisse,</strong></span> <span class='ocrx_word' id='word_1_152' title='bbox 517 1168 565 1198; x_wconf 87' lang='lat' dir='ltr'>sed</span> <span class='ocrx_word' id='word_1_153' title='bbox 575 1168 704 1199; x_wconf 83' lang='lat' dir='ltr'><strong>cadavera</strong></span> <span class='ocrx_word' id='word_1_154' title='bbox 717 1170 870 1210; x_wconf 82' lang='lat' dir='ltr'>abjectiora,</span> <span class='ocrx_word' id='word_1_155' title='bbox 881 1183 963 1211; x_wconf 87' lang='lat' dir='ltr'><strong>quam</strong></span> 
     </span>
     <span class='ocr_line' id='line_1_22' title="bbox 217 1213 962 1255; baseline 0.007 -12"><span class='ocrx_word' id='word_1_156' title='bbox 217 1221 319 1243; x_wconf 67' lang='lat' dir='ltr'><strong>:tereus</strong></span> <span class='ocrx_word' id='word_1_157' title='bbox 332 1214 433 1254; x_wconf 81' lang='lat' dir='ltr'><strong>ipsum,</strong></span> <span class='ocrx_word' id='word_1_158' title='bbox 450 1214 530 1244; x_wconf 87' lang='lat' dir='ltr'><strong>modo</strong></span> <span class='ocrx_word' id='word_1_159' title='bbox 542 1213 659 1254; x_wconf 81' lang='lat' dir='ltr'><strong>projecta</strong></span> <span class='ocrx_word' id='word_1_160' title='bbox 675 1225 732 1244; x_wconf 88' lang='lat' dir='ltr'><strong>esse</strong></span> <span class='ocrx_word' id='word_1_161' title='bbox 743 1216 832 1255; x_wconf 87' lang='lat' dir='ltr'><strong>:quod</strong></span> <span class='ocrx_word' id='word_1_162' title='bbox 843 1217 962 1248; x_wconf 88' lang='lat' dir='ltr'><strong>viventi-</strong></span> 
     </span>
     <span class='ocr_line' id='line_1_23' title="bbox 217 1260 994 1302; baseline 0.009 -13"><span class='ocrx_word' id='word_1_163' title='bbox 217 1261 268 1290; x_wconf 89' lang='lat' dir='ltr'>bus</span> <span class='ocrx_word' id='word_1_164' title='bbox 287 1261 408 1290; x_wconf 86' lang='lat' dir='ltr'><strong>omnium</strong></span> <span class='ocrx_word' id='word_1_165' title='bbox 436 1260 678 1290; x_wconf 87' lang='lat' dir='ltr'><strong>horribilissimum</strong></span> <span class='ocrx_word' id='word_1_166' title='bbox 704 1272 762 1291; x_wconf 86' lang='lat' dir='ltr'><strong>esse</strong></span> <span class='ocrx_word' id='word_1_167' title='bbox 784 1263 911 1302; x_wconf 84' lang='lat' dir='ltr'><strong>videtur,</strong></span> <span class='ocrx_word' id='word_1_168' title='bbox 935 1272 961 1295; x_wconf 89' lang='lat' dir='ltr'>et</span> <span class='ocrx_word' id='word_1_169' title='bbox 976 1279 994 1301; x_wconf 67' lang='grc' dir='ltr'><strong><em>Β</em></strong></span> 
     </span>
     <span class='ocr_line' id='line_1_24' title="bbox 217 1306 960 1348; baseline 0.007 -13"><span class='ocrx_word' id='word_1_170' title='bbox 217 1307 275 1346; x_wconf 86' lang='lat' dir='ltr'><strong>ipsa</strong></span> <span class='ocrx_word' id='word_1_171' title='bbox 291 1314 376 1336; x_wconf 87' lang='lat' dir='ltr'><strong>morte</strong></span> <span class='ocrx_word' id='word_1_172' title='bbox 390 1306 523 1336; x_wconf 80' lang='lat' dir='ltr'><strong>acerbius.</strong></span> <span class='ocrx_word' id='word_1_173' title='bbox 535 1306 618 1344; x_wconf 88' lang='lat' dir='ltr'><strong>Quod</strong></span> <span class='ocrx_word' id='word_1_174' title='bbox 634 1317 699 1337; x_wconf 87' lang='lat' dir='ltr'><strong>vero</strong></span> <span class='ocrx_word' id='word_1_175' title='bbox 718 1309 795 1348; x_wconf 85' lang='lat' dir='ltr'><strong>pejus</strong></span> <span class='ocrx_word' id='word_1_176' title='bbox 805 1316 857 1346; x_wconf 81' lang='lat' dir='ltr'><strong>est,</strong></span> <span class='ocrx_word' id='word_1_177' title='bbox 872 1320 906 1339; x_wconf 89' lang='lat' dir='ltr'>ne</span> <span class='ocrx_word' id='word_1_178' title='bbox 916 1311 960 1341; x_wconf 83' lang='lat' dir='ltr'><strong>his</strong></span> 
     </span>
     <span class='ocr_line' id='line_1_25' title="bbox 196 1351 958 1392; baseline 0.009 -12"><span class='ocrx_word' id='word_1_179' title='bbox 196 1372 198 1374; x_wconf 37' lang='lat' dir='ltr'>v</span> <span class='ocrx_word' id='word_1_180' title='bbox 215 1352 326 1391; x_wconf 88' lang='lat' dir='ltr'><strong>quidem</strong></span> <span class='ocrx_word' id='word_1_181' title='bbox 346 1353 383 1381; x_wconf 80' lang='lat' dir='ltr'>ita</span> <span class='ocrx_word' id='word_1_182' title='bbox 404 1363 433 1381; x_wconf 86' lang='lat' dir='ltr'>se</span> <span class='ocrx_word' id='word_1_183' title='bbox 453 1351 626 1388; x_wconf 82' lang='lat' dir='ltr'>habentibus,</span> <span class='ocrx_word' id='word_1_184' title='bbox 649 1352 747 1392; x_wconf 88' lang='lat' dir='ltr'><strong>inquit,</strong></span> <span class='ocrx_word' id='word_1_185' title='bbox 768 1354 958 1387; x_wconf 77' lang='lat' dir='ltr'>moderatiores</span> 
     </span>
     <span class='ocr_line' id='line_1_26' title="bbox 214 1396 959 1441; baseline 0.007 -16"><span class='ocrx_word' id='word_1_186' title='bbox 214 1397 277 1427; x_wconf 76' lang='lat' dir='ltr'><strong>facti</strong></span> <span class='ocrx_word' id='word_1_187' title='bbox 297 1404 375 1431; x_wconf 86' lang='lat' dir='ltr'><strong>sunt;</strong></span> <span class='ocrx_word' id='word_1_188' title='bbox 389 1396 438 1426; x_wconf 86' lang='lat' dir='ltr'>sed</span> <span class='ocrx_word' id='word_1_189' title='bbox 456 1397 485 1425; x_wconf 88' lang='lat' dir='ltr'><strong>in</strong></span> <span class='ocrx_word' id='word_1_190' title='bbox 509 1396 606 1426; x_wconf 82' lang='lat' dir='ltr'><strong>iisdem</strong></span> <span class='ocrx_word' id='word_1_191' title='bbox 630 1397 786 1437; x_wconf 83' lang='lat' dir='ltr'><strong>persistunt.</strong></span> <span class='ocrx_word' id='word_1_192' title='bbox 810 1399 882 1436; x_wconf 86' lang='lat' dir='ltr'><strong>Quia</strong></span> <span class='ocrx_word' id='word_1_193' title='bbox 907 1400 959 1441; x_wconf 83' lang='lat' dir='ltr'><strong>igi-</strong></span> 
     </span>
     <span class='ocr_line' id='line_1_27' title="bbox 214 1442 958 1480; baseline 0.005 -8"><span class='ocrx_word' id='word_1_194' title='bbox 214 1450 258 1472; x_wconf 85' lang='lat' dir='ltr'>tur</span> <span class='ocrx_word' id='word_1_195' title='bbox 271 1453 324 1472; x_wconf 89' lang='lat' dir='ltr'>non</span> <span class='ocrx_word' id='word_1_196' title='bbox 338 1442 463 1472; x_wconf 81' lang='lat' dir='ltr'><strong>meliores</strong></span> <span class='ocrx_word' id='word_1_197' title='bbox 474 1442 635 1480; x_wconf 81' lang='lat' dir='ltr'><strong>evadebant,</strong></span> <span class='ocrx_word' id='word_1_198' title='bbox 650 1443 769 1473; x_wconf 85' lang='lat' dir='ltr'><strong>minatur</strong></span> <span class='ocrx_word' id='word_1_199' title='bbox 781 1455 890 1476; x_wconf 85' lang='lat' dir='ltr'><strong>rursum</strong></span> <span class='ocrx_word' id='word_1_200' title='bbox 901 1446 958 1476; x_wconf 76' lang='lat' dir='ltr'><strong>illis</strong></span> 
     </span>
     <span class='ocr_line' id='line_1_28' title="bbox 214 1488 956 1529; baseline 0.005 -11"><span class='ocrx_word' id='word_1_201' title='bbox 214 1488 401 1528; x_wconf 76' lang='lat' dir='ltr'><strong>gravissimam</strong></span> <span class='ocrx_word' id='word_1_202' title='bbox 413 1488 489 1517; x_wconf 80' lang='lat' dir='ltr'><strong>illam</strong></span> <span class='ocrx_word' id='word_1_203' title='bbox 496 1488 674 1518; x_wconf 82' lang='lat' dir='ltr'><strong>barbarorum</strong></span> <span class='ocrx_word' id='word_1_204' title='bbox 685 1490 802 1529; x_wconf 80' lang='lat' dir='ltr'>plagam.</span> <span class='ocrx_word' id='word_1_205' title='bbox 818 1492 956 1528; x_wconf 81' lang='lat' dir='ltr'><strong>Quamob-</strong></span> 
     </span>
     <span class='ocr_line' id='line_1_29' title="bbox 212 1535 956 1579; baseline 0.007 -14"><span class='ocrx_word' id='word_1_206' title='bbox 212 1547 267 1565; x_wconf 85' lang='lat' dir='ltr'>rem</span> <span class='ocrx_word' id='word_1_207' title='bbox 289 1536 377 1576; x_wconf 82' lang='lat' dir='ltr'><strong>pergit</strong></span> <span class='ocrx_word' id='word_1_208' title='bbox 400 1535 573 1565; x_wconf 60' lang='lat' dir='ltr'><strong>dicenszfflfi.</strong></span> <span class='ocrx_word' id='word_1_209' title='bbox 594 1538 691 1575; x_wconf 84' lang='lat' dir='ltr'><strong>Igitur</strong></span> <span class='ocrx_word' id='word_1_210' title='bbox 706 1537 817 1567; x_wconf 76' lang='lat' dir='ltr'><em>levabit</em></span> <span class='ocrx_word' id='word_1_211' title='bbox 840 1540 956 1579; x_wconf 82' lang='lat' dir='ltr'><strong>signum</strong></span> 
     </span>
     <span class='ocr_line' id='line_1_30' title="bbox 212 1582 954 1623; baseline 0.007 -11"><span class='ocrx_word' id='word_1_212' title='bbox 212 1587 244 1612; x_wconf 82' lang='grc' dir='ltr'>ιή,</span> <span class='ocrx_word' id='word_1_213' title='bbox 265 1584 430 1612; x_wconf 78' lang='lat' dir='ltr'><strong>nationibus</strong></span> <span class='ocrx_word' id='word_1_214' title='bbox 447 1582 560 1621; x_wconf 85' lang='lat' dir='ltr'><strong>procul.</strong></span> <span class='ocrx_word' id='word_1_215' title='bbox 582 1583 624 1612; x_wconf 91' lang='lat' dir='ltr'>Ne</span> <span class='ocrx_word' id='word_1_216' title='bbox 647 1582 698 1612; x_wconf 78' lang='lat' dir='ltr'><strong>viae</strong></span> <span class='ocrx_word' id='word_1_217' title='bbox 720 1583 861 1623; x_wconf 82' lang='lat' dir='ltr'>longitudo</span> <span class='ocrx_word' id='word_1_218' title='bbox 875 1586 902 1615; x_wconf 89' lang='lat' dir='ltr'><strong>in</strong></span> <span class='ocrx_word' id='word_1_219' title='bbox 914 1598 954 1617; x_wconf 87' lang='lat' dir='ltr'>se-</span> 
     </span>
     <span class='ocr_line' id='line_1_31' title="bbox 210 1628 954 1670; baseline 0.009 -13"><span class='ocrx_word' id='word_1_220' title='bbox 210 1629 321 1667; x_wconf 77' lang='lat' dir='ltr'><strong>gnitiem</strong></span> <span class='ocrx_word' id='word_1_221' title='bbox 336 1629 398 1658; x_wconf 89' lang='lat' dir='ltr'><strong>illos</strong></span> <span class='ocrx_word' id='word_1_222' title='bbox 419 1628 554 1668; x_wconf 84' lang='lat' dir='ltr'><strong>conjiciat,</strong></span> <span class='ocrx_word' id='word_1_223' title='bbox 570 1628 607 1657; x_wconf 87' lang='lat' dir='ltr'>ait</span> <span class='ocrx_word' id='word_1_224' title='bbox 620 1628 656 1657; x_wconf 84' lang='lat' dir='ltr'>ita</span> <span class='ocrx_word' id='word_1_225' title='bbox 676 1629 754 1658; x_wconf 79' lang='lat' dir='ltr'><strong>facile</strong></span> <span class='ocrx_word' id='word_1_226' title='bbox 775 1641 852 1670; x_wconf 87' lang='lat' dir='ltr'><strong>posse</strong></span> <span class='ocrx_word' id='word_1_227' title='bbox 866 1633 954 1663; x_wconf 88' lang='lat' dir='ltr'><strong>Deum</strong></span> 
     </span>
     <span class='ocr_line' id='line_1_32' title="bbox 209 1674 954 1716; baseline 0.008 -13"><span class='ocrx_word' id='word_1_228' title='bbox 209 1675 272 1704; x_wconf 82' lang='lat' dir='ltr'><strong>ilios</strong></span> <span class='ocrx_word' id='word_1_229' title='bbox 296 1674 437 1710; x_wconf 87' lang='lat' dir='ltr'><strong>inducere,</strong></span> <span class='ocrx_word' id='word_1_230' title='bbox 460 1681 490 1703; x_wconf 87' lang='lat' dir='ltr'><strong>ut</strong></span> <span class='ocrx_word' id='word_1_231' title='bbox 511 1674 589 1703; x_wconf 80' lang='lat' dir='ltr'><strong>facile</strong></span> <span class='ocrx_word' id='word_1_232' title='bbox 612 1681 653 1703; x_wconf 84' lang='lat' dir='ltr'>est</span> <span class='ocrx_word' id='word_1_233' title='bbox 673 1675 765 1705; x_wconf 83' lang='lat' dir='ltr'><strong>levare</strong></span> <span class='ocrx_word' id='word_1_234' title='bbox 785 1677 907 1716; x_wconf 85' lang='lat' dir='ltr'><strong>signum,</strong></span> <span class='ocrx_word' id='word_1_235' title='bbox 928 1687 954 1709; x_wconf 77' lang='lat' dir='ltr'>et</span> 
     </span>
     <span class='ocr_line' id='line_1_33' title="bbox 208 1720 950 1763; baseline 0.007 -14"><span class='ocrx_word' id='word_1_236' title='bbox 208 1731 253 1750; x_wconf 89' lang='lat' dir='ltr'><strong>cos</strong></span> <span class='ocrx_word' id='word_1_237' title='bbox 265 1721 312 1759; x_wconf 88' lang='lat' dir='ltr'><strong>qui</strong></span> <span class='ocrx_word' id='word_1_238' title='bbox 328 1720 450 1750; x_wconf 79' lang='lat' dir='ltr'><strong>adornati</strong></span> <span class='ocrx_word' id='word_1_239' title='bbox 462 1720 601 1760; x_wconf 81' lang='lat' dir='ltr'><strong>paratique</strong></span> <span class='ocrx_word' id='word_1_240' title='bbox 618 1727 680 1750; x_wconf 85' lang='lat' dir='ltr'><strong>sunt</strong></span> <span class='ocrx_word' id='word_1_241' title='bbox 690 1722 802 1752; x_wconf 82' lang='lat' dir='ltr'>educere</span> <span class='ocrx_word' id='word_1_242' title='bbox 814 1722 841 1752; x_wconf 90' lang='lat' dir='ltr'><strong>in</strong></span> <span class='ocrx_word' id='word_1_243' title='bbox 855 1724 950 1763; x_wconf 76' lang='lat' dir='ltr'><strong>aciem,</strong></span> 
     </span>
     <span class='ocr_line' id='line_1_34' title="bbox 208 1766 948 1806; baseline 0.008 -11"><span class='ocrx_word' id='word_1_244' title='bbox 208 1767 282 1806; x_wconf 92' lang='lat' dir='ltr'><strong>quod</strong></span> <span class='ocrx_word' id='word_1_245' title='bbox 297 1767 390 1804; x_wconf 85' lang='lat' dir='ltr'><strong>utique</strong></span> <span class='ocrx_word' id='word_1_246' title='bbox 403 1766 434 1796; x_wconf 82' lang='lat' dir='ltr'>fit</span> <span class='ocrx_word' id='word_1_247' title='bbox 449 1766 474 1795; x_wconf 88' lang='lat' dir='ltr'><strong>in</strong></span> <span class='ocrx_word' id='word_1_248' title='bbox 492 1767 569 1805; x_wconf 85' lang='lat' dir='ltr'><strong>equis</strong></span> <span class='ocrx_word' id='word_1_249' title='bbox 583 1766 619 1795; x_wconf 83' lang='lat' dir='ltr'><strong>ad</strong></span> <span class='ocrx_word' id='word_1_250' title='bbox 632 1767 788 1797; x_wconf 82' lang='lat' dir='ltr'><strong>certandum</strong></span> <span class='ocrx_word' id='word_1_251' title='bbox 801 1768 948 1801; x_wconf 82' lang='lat' dir='ltr'><strong>instructis.</strong></span> 
     </span>
     <span class='ocr_line' id='line_1_35' title="bbox 207 1813 984 1853; baseline 0.009 -12"><span class='ocrx_word' id='word_1_252' title='bbox 207 1813 295 1844; x_wconf 86' lang='lat' dir='ltr'><strong>Simul</strong></span> <span class='ocrx_word' id='word_1_253' title='bbox 309 1814 380 1842; x_wconf 88' lang='lat' dir='ltr'><strong>euim</strong></span> <span class='ocrx_word' id='word_1_254' title='bbox 398 1820 477 1852; x_wconf 85' lang='lat' dir='ltr'><strong>atque</strong></span> <span class='ocrx_word' id='word_1_255' title='bbox 500 1813 607 1852; x_wconf 80' lang='lat' dir='ltr'><strong>signum</strong></span> <span class='ocrx_word' id='word_1_256' title='bbox 625 1813 775 1843; x_wconf 82' lang='lat' dir='ltr'><strong>emissionis</strong></span> <span class='ocrx_word' id='word_1_257' title='bbox 792 1815 819 1844; x_wconf 87' lang='lat' dir='ltr'><strong>in</strong></span> <span class='ocrx_word' id='word_1_258' title='bbox 834 1817 952 1848; x_wconf 84' lang='lat' dir='ltr'><strong>sublime</strong></span> <span class='ocrx_word' id='word_1_259' title='bbox 965 1830 984 1853; x_wconf 73' lang='lat'>(3</span> 
     </span>
     <span class='ocr_line' id='line_1_36' title="bbox 205 1860 948 1901; baseline 0.005 -10"><span class='ocrx_word' id='word_1_260' title='bbox 205 1861 328 1901; x_wconf 83' lang='lat' dir='ltr'><strong>erigitur,</strong></span> <span class='ocrx_word' id='word_1_261' title='bbox 348 1872 382 1890; x_wconf 83' lang='lat' dir='ltr'>cx</span> <span class='ocrx_word' id='word_1_262' title='bbox 409 1860 563 1889; x_wconf 81' lang='lat' dir='ltr'>carceribus</span> <span class='ocrx_word' id='word_1_263' title='bbox 582 1860 722 1890; x_wconf 81' lang='lat' dir='ltr'><strong>confestim</strong></span> <span class='ocrx_word' id='word_1_264' title='bbox 744 1861 785 1890; x_wconf 86' lang='lat' dir='ltr'><strong>illi</strong></span> <span class='ocrx_word' id='word_1_265' title='bbox 806 1863 948 1895; x_wconf 86' lang='lat' dir='ltr'><strong>exsiliunt.</strong></span> 
     </span>
     <span class='ocr_line' id='line_1_37' title="bbox 205 1906 950 1951; baseline 0.004 -14"><span class='ocrx_word' id='word_1_266' title='bbox 205 1908 336 1948; x_wconf 76' lang='lat' dir='ltr'><strong>Propheta</strong></span> <span class='ocrx_word' id='word_1_267' title='bbox 355 1908 438 1947; x_wconf 84' lang='lat' dir='ltr'><strong>igitur</strong></span> <span class='ocrx_word' id='word_1_268' title='bbox 449 1906 505 1936; x_wconf 89' lang='lat' dir='ltr'><strong>duo</strong></span> <span class='ocrx_word' id='word_1_269' title='bbox 518 1906 563 1935; x_wconf 84' lang='lat' dir='ltr'>hic</span> <span class='ocrx_word' id='word_1_270' title='bbox 579 1906 743 1944; x_wconf 73' lang='lat' dir='ltr'>subindicat,</span> <span class='ocrx_word' id='word_1_271' title='bbox 759 1908 837 1938; x_wconf 85' lang='lat' dir='ltr'><strong>facile</strong></span> <span class='ocrx_word' id='word_1_272' title='bbox 854 1920 950 1951; x_wconf 87' lang='lat' dir='ltr'><strong>nempe</strong></span> 
     </span>
     <span class='ocr_line' id='line_1_38' title="bbox 203 1953 947 1992; baseline 0.003 -8"><span class='ocrx_word' id='word_1_273' title='bbox 203 1964 261 1984; x_wconf 86' lang='lat' dir='ltr'><strong>esse</strong></span> <span class='ocrx_word' id='word_1_274' title='bbox 278 1965 323 1983; x_wconf 89' lang='lat' dir='ltr'>eos</span> <span class='ocrx_word' id='word_1_275' title='bbox 343 1953 468 1983; x_wconf 85' lang='lat' dir='ltr'><strong>accedere</strong></span> <span class='ocrx_word' id='word_1_276' title='bbox 488 1954 545 1982; x_wconf 87' lang='lat' dir='ltr'>Deo</span> <span class='ocrx_word' id='word_1_277' title='bbox 559 1960 681 1989; x_wconf 87' lang='lat' dir='ltr'><strong>vocante,</strong></span> <span class='ocrx_word' id='word_1_278' title='bbox 696 1960 723 1982; x_wconf 87' lang='lat' dir='ltr'>et</span> <span class='ocrx_word' id='word_1_279' title='bbox 731 1955 789 1992; x_wconf 86' lang='lat' dir='ltr'>jam</span> <span class='ocrx_word' id='word_1_280' title='bbox 803 1954 868 1984; x_wconf 90' lang='lat' dir='ltr'><strong>olim</strong></span> <span class='ocrx_word' id='word_1_281' title='bbox 883 1967 947 1986; x_wconf 90' lang='lat' dir='ltr'><strong>ven-</strong></span> 
     </span>
     <span class='ocr_line' id='line_1_39' title="bbox 204 1999 948 2039; baseline 0.003 -8"><span class='ocrx_word' id='word_1_282' title='bbox 204 2009 278 2031; x_wconf 87' lang='lat' dir='ltr'><strong>turos</strong></span> <span class='ocrx_word' id='word_1_283' title='bbox 301 2001 402 2038; x_wconf 85' lang='lat' dir='ltr'><strong>fuisse,</strong></span> <span class='ocrx_word' id='word_1_284' title='bbox 424 2000 475 2028; x_wconf 88' lang='lat' dir='ltr'><strong>nisi</strong></span> <span class='ocrx_word' id='word_1_285' title='bbox 498 2010 543 2028; x_wconf 89' lang='lat' dir='ltr'><strong>cos</strong></span> <span class='ocrx_word' id='word_1_286' title='bbox 564 1999 656 2039; x_wconf 82' lang='lat' dir='ltr'><strong>ingens</strong></span> <span class='ocrx_word' id='word_1_287' title='bbox 675 1999 727 2028; x_wconf 88' lang='lat' dir='ltr'>Dei</span> <span class='ocrx_word' id='word_1_288' title='bbox 749 2001 877 2039; x_wconf 82' lang='lat' dir='ltr'><strong>patientia</strong></span> <span class='ocrx_word' id='word_1_289' title='bbox 901 2003 948 2033; x_wconf 90' lang='lat' dir='ltr'><strong>dc-</strong></span> 
     </span>
     <span class='ocr_line' id='line_1_40' title="bbox 202 2045 947 2086; baseline 0.001 -9"><span class='ocrx_word' id='word_1_290' title='bbox 202 2048 335 2078; x_wconf 83' lang='lat' dir='ltr'><strong>tinuisset.</strong></span> <span class='ocrx_word' id='word_1_291' title='bbox 351 2045 455 2076; x_wconf 79' lang='lat' dir='ltr'><strong>Deinde</strong></span> <span class='ocrx_word' id='word_1_292' title='bbox 468 2047 535 2075; x_wconf 82' lang='lat' dir='ltr'><strong>inter</strong></span> <span class='ocrx_word' id='word_1_293' title='bbox 554 2045 719 2075; x_wconf 74' lang='lat' dir='ltr'><strong>narrandum</strong></span> <span class='ocrx_word' id='word_1_294' title='bbox 732 2047 859 2086; x_wconf 86' lang='lat' dir='ltr'><strong>majorem</strong></span> <span class='ocrx_word' id='word_1_295' title='bbox 873 2049 947 2078; x_wconf 80' lang='lat' dir='ltr'><strong>exhi-</strong></span> 
     </span>
     <span class='ocr_line' id='line_1_41' title="bbox 202 2092 945 2125; baseline 0.001 -1"><span class='ocrx_word' id='word_1_296' title='bbox 202 2095 247 2124; x_wconf 86' lang='lat' dir='ltr'><strong>bet</strong></span> <span class='ocrx_word' id='word_1_297' title='bbox 267 2093 422 2123; x_wconf 69' lang='lat' dir='ltr'><strong>facilitatem</strong></span> <span class='ocrx_word' id='word_1_298' title='bbox 444 2093 553 2122; x_wconf 90' lang='lat' dir='ltr'><strong>dicens:</strong></span> <span class='ocrx_word' id='word_1_299' title='bbox 566 2093 606 2121; x_wconf 81' lang='lat' dir='ltr'>Et</span> <span class='ocrx_word' id='word_1_300' title='bbox 628 2092 760 2122; x_wconf 67' lang='lat' dir='ltr'><strong>sibilavit</strong></span> <span class='ocrx_word' id='word_1_301' title='bbox 777 2103 826 2122; x_wconf 87' lang='lat' dir='ltr'>eos</span> <span class='ocrx_word' id='word_1_302' title='bbox 841 2097 878 2123; x_wconf 85' lang='lat' dir='ltr'>ab</span> <span class='ocrx_word' id='word_1_303' title='bbox 895 2107 945 2125; x_wconf 73' lang='lat' dir='ltr'>ex-</span> 
     </span>
     <span class='ocr_line' id='line_1_42' title="bbox 202 2138 946 2179; baseline 0.003 -11"><span class='ocrx_word' id='word_1_304' title='bbox 202 2147 291 2170; x_wconf 79' lang='lat' dir='ltr'><strong>tremo</strong></span> <span class='ocrx_word' id='word_1_305' title='bbox 307 2147 400 2170; x_wconf 84' lang='lat' dir='ltr'><strong>terrae.</strong></span> <span class='ocrx_word' id='word_1_306' title='bbox 412 2139 453 2168; x_wconf 89' lang='lat' dir='ltr'>Ne</span> <span class='ocrx_word' id='word_1_307' title='bbox 470 2138 576 2167; x_wconf 90' lang='lat' dir='ltr'><strong>mireris</strong></span> <span class='ocrx_word' id='word_1_308' title='bbox 589 2145 678 2168; x_wconf 86' lang='lat' dir='ltr'><strong>autem</strong></span> <span class='ocrx_word' id='word_1_309' title='bbox 702 2138 736 2167; x_wconf 87' lang='lat' dir='ltr'>de</span> <span class='ocrx_word' id='word_1_310' title='bbox 756 2140 813 2168; x_wconf 86' lang='lat' dir='ltr'>Deo</span> <span class='ocrx_word' id='word_1_311' title='bbox 835 2140 946 2179; x_wconf 88' lang='lat' dir='ltr'><strong>loquen-</strong></span> 
     </span>
     <span class='ocr_line' id='line_1_43' title="bbox 200 2184 945 2217; baseline 0.001 -1"><span class='ocrx_word' id='word_1_312' title='bbox 200 2195 254 2216; x_wconf 86' lang='lat' dir='ltr'>tem</span> <span class='ocrx_word' id='word_1_313' title='bbox 273 2187 308 2215; x_wconf 85' lang='lat' dir='ltr'>ita</span> <span class='ocrx_word' id='word_1_314' title='bbox 332 2184 503 2216; x_wconf 88' lang='lat' dir='ltr'><strong>crassissimis</strong></span> <span class='ocrx_word' id='word_1_315' title='bbox 523 2184 562 2213; x_wconf 91' lang='lat' dir='ltr'>uti</span> <span class='ocrx_word' id='word_1_316' title='bbox 584 2185 692 2214; x_wconf 83' lang='lat' dir='ltr'><strong>verbis:</strong></span> <span class='ocrx_word' id='word_1_317' title='bbox 711 2195 773 2213; x_wconf 80' lang='lat' dir='ltr'><strong>nain</strong></span> <span class='ocrx_word' id='word_1_318' title='bbox 795 2187 945 2217; x_wconf 89' lang='lat' dir='ltr'><strong>secundum</strong></span> 
     </span>
     <span class='ocr_line' id='line_1_44' title="bbox 200 2230 943 2273; baseline 0.001 -12"><span class='ocrx_word' id='word_1_319' title='bbox 200 2231 382 2273; x_wconf 82' lang='lat' dir='ltr'><strong>insipientiam</strong></span> <span class='ocrx_word' id='word_1_320' title='bbox 398 2230 553 2260; x_wconf 80' lang='lat' dir='ltr'><strong>auditorum</strong></span> <span class='ocrx_word' id='word_1_321' title='bbox 573 2231 658 2261; x_wconf 87' lang='lat' dir='ltr'><strong>verba</strong></span> <span class='ocrx_word' id='word_1_322' title='bbox 677 2238 844 2271; x_wconf 83' lang='lat' dir='ltr'><strong>attemperat,</strong></span> <span class='ocrx_word' id='word_1_323' title='bbox 859 2243 943 2262; x_wconf 89' lang='lat' dir='ltr'><strong>unum</strong></span> 
     </span>
     <span class='ocr_line' id='line_1_45' title="bbox 199 2276 942 2318; baseline 0 -10"><span class='ocrx_word' id='word_1_324' title='bbox 199 2279 242 2308; x_wconf 87' lang='lat' dir='ltr'>his</span> <span class='ocrx_word' id='word_1_325' title='bbox 267 2277 392 2307; x_wconf 83' lang='lat' dir='ltr'><strong>omnibus</strong></span> <span class='ocrx_word' id='word_1_326' title='bbox 418 2277 554 2306; x_wconf 82' lang='lat' dir='ltr'><strong>declarare</strong></span> <span class='ocrx_word' id='word_1_327' title='bbox 580 2277 690 2312; x_wconf 87' lang='lat' dir='ltr'><strong>volens,</strong></span> <span class='ocrx_word' id='word_1_328' title='bbox 713 2276 743 2306; x_wconf 85' lang='lat' dir='ltr'><strong>id</strong></span> <span class='ocrx_word' id='word_1_329' title='bbox 766 2287 861 2318; x_wconf 86' lang='lat' dir='ltr'><strong>nempe</strong></span> <span class='ocrx_word' id='word_1_330' title='bbox 885 2280 942 2308; x_wconf 89' lang='lat' dir='ltr'>Deo</span> 
     </span>
     <span class='ocr_line' id='line_1_46' title="bbox 198 2323 977 2364; baseline 0 -10"><span class='ocrx_word' id='word_1_331' title='bbox 198 2325 276 2354; x_wconf 72' lang='lat' dir='ltr'><strong>facile</strong></span> <span class='ocrx_word' id='word_1_332' title='bbox 291 2334 358 2360; x_wconf 87' lang='lat' dir='ltr'><strong>esse,</strong></span> <span class='ocrx_word' id='word_1_333' title='bbox 370 2330 397 2352; x_wconf 89' lang='lat' dir='ltr'>et</span> <span class='ocrx_word' id='word_1_334' title='bbox 415 2334 471 2352; x_wconf 82' lang='lat' dir='ltr'>rem</span> <span class='ocrx_word' id='word_1_335' title='bbox 488 2333 599 2362; x_wconf 82' lang='lat' dir='ltr'><strong>prorsus</strong></span> <span class='ocrx_word' id='word_1_336' title='bbox 618 2330 774 2353; x_wconf 84' lang='lat' dir='ltr'><strong>eventuram</strong></span> <span class='ocrx_word' id='word_1_337' title='bbox 780 2335 789 2361; x_wconf 70' lang='grc' dir='ltr'><strong><em>ς</em></strong></span> <span class='ocrx_word' id='word_1_338' title='bbox 803 2323 864 2353; x_wconf 91' lang='lat' dir='ltr'><strong>ideo</strong></span> <span class='ocrx_word' id='word_1_339' title='bbox 875 2325 941 2355; x_wconf 84' lang='lat' dir='ltr'><strong>suh-</strong></span> <span class='ocrx_word' id='word_1_340' title='bbox 957 2341 977 2364; x_wconf 75' lang='lat' dir='ltr'>D</span> 
     </span>
     <span class='ocr_line' id='line_1_47' title="bbox 194 2370 941 2412; baseline 0 -11"><span class='ocrx_word' id='word_1_341' title='bbox 194 2373 287 2412; x_wconf 80' lang='lat' dir='ltr'><strong>junxit</strong></span> <span class='ocrx_word' id='word_1_342' title='bbox 298 2383 304 2399; x_wconf 94' lang='lat'><strong>:</strong></span> <span class='ocrx_word' id='word_1_343' title='bbox 314 2371 342 2400; x_wconf 88' lang='lat' dir='ltr'><em>E</em></span> <span class='ocrx_word' id='word_1_344' title='bbox 346 2376 356 2399; x_wconf 83' lang='lat' dir='ltr'><strong>t</strong></span> <span class='ocrx_word' id='word_1_345' title='bbox 367 2379 432 2398; x_wconf 86' lang='lat' dir='ltr'><strong>ecce</strong></span> <span class='ocrx_word' id='word_1_346' title='bbox 444 2372 501 2398; x_wconf 81' lang='lat' dir='ltr'><strong>cilo</strong></span> <span class='ocrx_word' id='word_1_347' title='bbox 511 2370 654 2398; x_wconf 76' lang='lat' dir='ltr'><strong>velociter</strong></span> <span class='ocrx_word' id='word_1_348' title='bbox 663 2372 796 2400; x_wconf 79' lang='lat' dir='ltr'><strong>venient.</strong></span> <span class='ocrx_word' id='word_1_349' title='bbox 807 2372 856 2400; x_wconf 72' lang='lat'>27.</span> <span class='ocrx_word' id='word_1_350' title='bbox 871 2373 941 2401; x_wconf 80' lang='lat' dir='ltr'>Non</span> 
     </span>
     <span class='ocr_line' id='line_1_48' title="bbox 196 2415 939 2458; baseline 0.001 -10"><span class='ocrx_word' id='word_1_351' title='bbox 196 2420 335 2452; x_wconf 82' lang='lat' dir='ltr'><strong>esurient,</strong></span> <span class='ocrx_word' id='word_1_352' title='bbox 356 2426 450 2456; x_wconf 82' lang='lat' dir='ltr'><strong>neque</strong></span> <span class='ocrx_word' id='word_1_353' title='bbox 470 2415 662 2452; x_wconf 79' lang='lat' dir='ltr'>laborabunt,</span> <span class='ocrx_word' id='word_1_354' title='bbox 686 2427 780 2458; x_wconf 85' lang='lat' dir='ltr'><strong>neque</strong></span> <span class='ocrx_word' id='word_1_355' title='bbox 797 2419 939 2449; x_wconf 79' lang='lat' dir='ltr'><strong>dormica-</strong></span> 
     </span>
     <span class='ocr_line' id='line_1_49' title="bbox 197 2460 937 2502; baseline 0.004 -10"><span class='ocrx_word' id='word_1_356' title='bbox 197 2464 276 2493; x_wconf 77' lang='lat' dir='ltr'><strong>Imnt.</strong></span> <span class='ocrx_word' id='word_1_357' title='bbox 285 2465 347 2493; x_wconf 75' lang='lat' dir='ltr'>Haec</span> <span class='ocrx_word' id='word_1_358' title='bbox 356 2460 530 2502; x_wconf 86' lang='lat' dir='ltr'><strong>hyperbolice</strong></span> <span class='ocrx_word' id='word_1_359' title='bbox 544 2468 606 2490; x_wconf 89' lang='lat' dir='ltr'><strong>sunt</strong></span> <span class='ocrx_word' id='word_1_360' title='bbox 619 2461 701 2491; x_wconf 85' lang='lat' dir='ltr'><strong>dicta.</strong></span> <span class='ocrx_word' id='word_1_361' title='bbox 711 2463 855 2499; x_wconf 87' lang='lat' dir='ltr'><strong>Quomodo</strong></span> <span class='ocrx_word' id='word_1_362' title='bbox 866 2465 937 2494; x_wconf 88' lang='lat' dir='ltr'><strong>enim</strong></span> 
     </span>
     <span class='ocr_line' id='line_1_50' title="bbox 194 2508 934 2550; baseline 0.003 -12"><span class='ocrx_word' id='word_1_363' title='bbox 194 2510 252 2539; x_wconf 79' lang='lat' dir='ltr'><strong>{ieri</strong></span> <span class='ocrx_word' id='word_1_364' title='bbox 264 2517 366 2550; x_wconf 82' lang='lat' dir='ltr'><strong>poterat</strong></span> <span class='ocrx_word' id='word_1_365' title='bbox 380 2516 410 2538; x_wconf 88' lang='lat' dir='ltr'><strong>ut</strong></span> <span class='ocrx_word' id='word_1_366' title='bbox 420 2518 505 2547; x_wconf 88' lang='lat' dir='ltr'><strong>neque</strong></span> <span class='ocrx_word' id='word_1_367' title='bbox 521 2508 662 2545; x_wconf 80' lang='lat' dir='ltr'><strong>esurirent,</strong></span> <span class='ocrx_word' id='word_1_368' title='bbox 676 2519 762 2547; x_wconf 89' lang='lat' dir='ltr'><strong>neque</strong></span> <span class='ocrx_word' id='word_1_369' title='bbox 776 2509 934 2549; x_wconf 85' lang='lat' dir='ltr'><strong>dormirent,</strong></span> 
     </span>
    </p>
   </div>
   <div class='ocr_carea' id='block_1_2' title="bbox 189 2585 956 2660">
    <p class='ocr_par' dir='ltr' id='par_1_2' title="bbox 189 2585 956 2660">
     <span class='ocr_line' id='line_1_51' title="bbox 225 2585 956 2620; baseline 0.001 -8"><span class='ocrx_word' id='word_1_370' title='bbox 225 2596 235 2608; x_wconf 73' lang='lat' dir='ltr'><strong>n</strong></span> <span class='ocrx_word' id='word_1_371' title='bbox 255 2589 285 2612; x_wconf 89' lang='lat' dir='ltr'>lu</span> <span class='ocrx_word' id='word_1_372' title='bbox 297 2589 349 2620; x_wconf 82' lang='lat' dir='ltr'>Reg</span> <span class='ocrx_word' id='word_1_373' title='bbox 374 2593 399 2612; x_wconf 84' lang='lat' dir='ltr'>et</span> <span class='ocrx_word' id='word_1_374' title='bbox 410 2586 487 2612; x_wconf 68' lang='lat' dir='ltr'><strong>Saxil.</strong></span> <span class='ocrx_word' id='word_1_375' title='bbox 506 2590 606 2620; x_wconf 67' lang='grc' dir='ltr'>πόλεμον</span> <span class='ocrx_word' id='word_1_376' title='bbox 618 2585 695 2612; x_wconf 82' lang='lat' dir='ltr'><strong>deest.</strong></span> <span class='ocrx_word' id='word_1_377' title='bbox 712 2586 762 2611; x_wconf 88' lang='lat' dir='ltr'>Sed</span> <span class='ocrx_word' id='word_1_378' title='bbox 779 2588 905 2620; x_wconf 80' lang='lat' dir='ltr'><strong>interpres</strong></span> <span class='ocrx_word' id='word_1_379' title='bbox 922 2589 956 2613; x_wconf 89' lang='lat' dir='ltr'>le-</span> 
     </span>
     <span class='ocr_line' id='line_1_52' title="bbox 189 2625 956 2660; baseline 0.001 -9"><span class='ocrx_word' id='word_1_380' title='bbox 189 2629 233 2660; x_wconf 80' lang='lat' dir='ltr'><strong>git.</strong></span> <span class='ocrx_word' id='word_1_381' title='bbox 249 2626 315 2653; x_wconf 79' lang='lat' dir='ltr'><strong>[bid.</strong></span> <span class='ocrx_word' id='word_1_382' title='bbox 337 2628 397 2659; x_wconf 70' lang='lat' dir='ltr'><strong>Reg.</strong></span> <span class='ocrx_word' id='word_1_383' title='bbox 412 2632 436 2650; x_wconf 87' lang='lat' dir='ltr'>et</span> <span class='ocrx_word' id='word_1_384' title='bbox 447 2625 524 2652; x_wconf 82' lang='lat' dir='ltr'><strong>Savil.</strong></span> <span class='ocrx_word' id='word_1_385' title='bbox 535 2629 563 2655; x_wconf 75' lang='grc' dir='ltr'>ὡς</span> <span class='ocrx_word' id='word_1_386' title='bbox 575 2628 633 2651; x_wconf 72' lang='grc' dir='ltr'>οὐδέ,</span> <span class='ocrx_word' id='word_1_387' title='bbox 645 2626 726 2650; x_wconf 82' lang='lat' dir='ltr'><strong>minus</strong></span> <span class='ocrx_word' id='word_1_388' title='bbox 736 2632 811 2652; x_wconf 78' lang='lat' dir='ltr'><strong>recte.</strong></span> <span class='ocrx_word' id='word_1_389' title='bbox 827 2627 857 2652; x_wconf 89' lang='lat' dir='ltr'>In</span> <span class='ocrx_word' id='word_1_390' title='bbox 870 2627 956 2652; x_wconf 67' lang='lat' dir='ltr'><strong>iisdem</strong></span> 
     </span>
    </p>
   </div>
   <div class='ocr_carea' id='block_1_3' title="bbox 577 224 1466 257">
    <p class='ocr_par' dir='ltr' id='par_1_3' title="bbox 577 224 1466 257">
     <span class='ocr_line' id='line_1_53' title="bbox 577 224 1466 257; baseline 0.012 -11"><span class='ocrx_word' id='word_1_391' title='bbox 577 224 604 246; x_wconf 83' lang='lat' dir='ltr'>S.</span> <span class='ocrx_word' id='word_1_392' title='bbox 634 225 772 248; x_wconf 71' lang='lat' dir='ltr'>JOANMS</span> <span class='ocrx_word' id='word_1_393' title='bbox 798 227 980 251; x_wconf 80' lang='lat' dir='ltr'>CHRYSOST.</span> <span class='ocrx_word' id='word_1_394' title='bbox 1013 229 1165 252; x_wconf 75' lang='lat' dir='ltr'><strong>AncnlEP.</strong></span> <span class='ocrx_word' id='word_1_395' title='bbox 1195 231 1466 257; x_wconf 77' lang='lat' dir='ltr'><strong>CONSTANTINOP.</strong></span> 
     </span>
    </p>
   </div>
   <div class='ocr_carea' id='block_1_4' title="bbox 991 290 1805 2555">
    <p class='ocr_par' dir='ltr' id='par_1_4' title="bbox 991 290 1805 2555">
     <span class='ocr_line' id='line_1_54' title="bbox 1077 290 1805 338; baseline 0.016 -19"><span class='ocrx_word' id='word_1_396' title='bbox 1077 290 1194 320; x_wconf 83' lang='grc' dir='ltr'>Ἅπαντα</span> <span class='ocrx_word' id='word_1_397' title='bbox 1208 292 1259 332; x_wconf 84' lang='grc' dir='ltr'>γὰρ</span> <span class='ocrx_word' id='word_1_398' title='bbox 1273 295 1356 323; x_wconf 77' lang='grc' dir='ltr'>ταῦτα</span> <span class='ocrx_word' id='word_1_399' title='bbox 1369 296 1386 330; x_wconf 86' lang='grc' dir='ltr'>ἡ</span> <span class='ocrx_word' id='word_1_400' title='bbox 1401 295 1464 335; x_wconf 81' lang='grc' dir='ltr'>φλὸξ</span> <span class='ocrx_word' id='word_1_401' title='bbox 1477 296 1523 326; x_wconf 77' lang='grc' dir='ltr'>καὶ</span> <span class='ocrx_word' id='word_1_402' title='bbox 1539 298 1562 326; x_wconf 80' lang='grc' dir='ltr'>οἱ</span> <span class='ocrx_word' id='word_1_403' title='bbox 1576 298 1714 338; x_wconf 78' lang='grc' dir='ltr'>ἄνθρακες,</span> <span class='ocrx_word' id='word_1_404' title='bbox 1729 301 1774 330; x_wconf 78' lang='grc' dir='ltr'>καὶ</span> <span class='ocrx_word' id='word_1_405' title='bbox 1787 303 1805 337; x_wconf 78' lang='grc' dir='ltr'><strong><em>ἦ</em></strong></span> 
     </span>
     <span class='ocr_line' id='line_1_55' title="bbox 1035 335 1804 386; baseline 0.016 -22"><span class='ocrx_word' id='word_1_406' title='bbox 1035 335 1162 374; x_wconf 83' lang='grc' dir='ltr'>καλάμη,</span> <span class='ocrx_word' id='word_1_407' title='bbox 1186 337 1232 366; x_wconf 83' lang='grc' dir='ltr'>καὶ</span> <span class='ocrx_word' id='word_1_408' title='bbox 1252 337 1286 367; x_wconf 81' lang='grc' dir='ltr'>τὰ</span> <span class='ocrx_word' id='word_1_409' title='bbox 1305 338 1365 375; x_wconf 81' lang='grc' dir='ltr'>ἑξῆς</span> <span class='ocrx_word' id='word_1_410' title='bbox 1387 342 1452 379; x_wconf 83' lang='grc' dir='ltr'>ἡμῖν</span> <span class='ocrx_word' id='word_1_411' title='bbox 1473 342 1672 382; x_wconf 80' lang='grc' dir='ltr'>παρεδήλωσεν.</span> <span class='ocrx_word' id='word_1_412' title='bbox 1695 345 1730 375; x_wconf 85' lang='grc' dir='ltr'><strong>Ἣ</strong></span> <span class='ocrx_word' id='word_1_413' title='bbox 1745 346 1804 386; x_wconf 83' lang='grc' dir='ltr'>ῥίζα</span> 
     </span>
     <span class='ocr_line' id='line_1_56' title="bbox 1033 382 1804 432; baseline 0.017 -23"><span class='ocrx_word' id='word_1_414' title='bbox 1033 382 1119 411; x_wconf 79' lang='grc' dir='ltr'>αὐτῶν</span> <span class='ocrx_word' id='word_1_415' title='bbox 1133 384 1168 416; x_wconf 84' lang='grc' dir='ltr'>ὡς</span> <span class='ocrx_word' id='word_1_416' title='bbox 1181 386 1259 422; x_wconf 81' lang='grc' dir='ltr'>χνοῦς</span> <span class='ocrx_word' id='word_1_417' title='bbox 1271 384 1355 421; x_wconf 85' lang='grc' dir='ltr'>ἔσται,</span> <span class='ocrx_word' id='word_1_418' title='bbox 1369 385 1414 415; x_wconf 83' lang='grc' dir='ltr'>καὶ</span> <span class='ocrx_word' id='word_1_419' title='bbox 1425 386 1456 415; x_wconf 84' lang='grc' dir='ltr'>τὸ</span> <span class='ocrx_word' id='word_1_420' title='bbox 1470 387 1545 422; x_wconf 84' lang='grc' dir='ltr'>ἄνθος</span> <span class='ocrx_word' id='word_1_421' title='bbox 1557 388 1644 419; x_wconf 80' lang='grc' dir='ltr'>αὐτῶν</span> <span class='ocrx_word' id='word_1_422' title='bbox 1657 392 1695 424; x_wconf 83' lang='grc' dir='ltr'>ὡς’</span> <span class='ocrx_word' id='word_1_423' title='bbox 1701 402 1804 432; x_wconf 87' lang='grc' dir='ltr'>κονιορ-</span> 
     </span>
     <span class='ocr_line' id='line_1_57' title="bbox 1031 427 1801 475; baseline 0.014 -19"><span class='ocrx_word' id='word_1_424' title='bbox 1031 427 1075 461; x_wconf 87' lang='grc' dir='ltr'>τὸς</span> <span class='ocrx_word' id='word_1_425' title='bbox 1095 428 1267 465; x_wconf 67' lang='grc' dir='ltr'>ἀναδήσεται.</span> <span class='ocrx_word' id='word_1_426' title='bbox 1291 430 1334 460; x_wconf 83' lang='grc' dir='ltr'>Τὰ</span> <span class='ocrx_word' id='word_1_427' title='bbox 1354 432 1493 472; x_wconf 80' lang='grc' dir='ltr'>πεπηγότα</span> <span class='ocrx_word' id='word_1_428' title='bbox 1512 434 1557 463; x_wconf 73' lang='grc' dir='ltr'>καὶ</span> <span class='ocrx_word' id='word_1_429' title='bbox 1570 434 1604 464; x_wconf 78' lang='grc' dir='ltr'>τὰ</span> <span class='ocrx_word' id='word_1_430' title='bbox 1619 435 1713 475; x_wconf 62' lang='lat' dir='ltr'><strong>piem</strong></span> <span class='ocrx_word' id='word_1_431' title='bbox 1732 439 1801 467; x_wconf 83' lang='grc' dir='ltr'>ἀπο-</span> 
     </span>
     <span class='ocr_line' id='line_1_58' title="bbox 1029 474 1799 524; baseline 0.014 -22"><span class='ocrx_word' id='word_1_432' title='bbox 1029 474 1130 511; x_wconf 85' lang='grc' dir='ltr'>λεῖται,</span> <span class='ocrx_word' id='word_1_433' title='bbox 1145 475 1190 504; x_wconf 76' lang='grc' dir='ltr'>καὶ</span> <span class='ocrx_word' id='word_1_434' title='bbox 1205 476 1394 516; x_wconf 78' lang='grc' dir='ltr'>δια-χυθήσεται</span> <span class='ocrx_word' id='word_1_435' title='bbox 1407 478 1441 508; x_wconf 80' lang='grc' dir='ltr'>τὰ</span> <span class='ocrx_word' id='word_1_436' title='bbox 1458 479 1570 520; x_wconf 79' lang='grc' dir='ltr'>λαμπρὰ</span> <span class='ocrx_word' id='word_1_437' title='bbox 1579 501 1587 516; x_wconf 86' lang='grc'>,</span> <span class='ocrx_word' id='word_1_438' title='bbox 1601 481 1646 512; x_wconf 72' lang='grc' dir='ltr'>καὶ</span> <span class='ocrx_word' id='word_1_439' title='bbox 1658 481 1691 511; x_wconf 80' lang='grc' dir='ltr'>τὰ</span> <span class='ocrx_word' id='word_1_440' title='bbox 1703 484 1799 524; x_wconf 81' lang='grc' dir='ltr'>φαιδρὰ</span> 
     </span>
     <span class='ocr_line' id='line_1_59' title="bbox 1027 519 1802 567; baseline 0.014 -19"><span class='ocrx_word' id='word_1_441' title='bbox 1027 519 1165 560; x_wconf 82' lang='grc' dir='ltr'>οἰχήσεται</span> <span class='ocrx_word' id='word_1_442' title='bbox 1182 521 1227 550; x_wconf 88' lang='grc' dir='ltr'>καὶ</span> <span class='ocrx_word' id='word_1_443' title='bbox 1247 523 1443 563; x_wconf 82' lang='grc' dir='ltr'>διαῤῥυήσεται.</span> <span class='ocrx_word' id='word_1_444' title='bbox 1465 526 1507 555; x_wconf 77' lang='grc' dir='ltr'>Οὔ</span> <span class='ocrx_word' id='word_1_445' title='bbox 1528 526 1580 567; x_wconf 84' lang='grc' dir='ltr'>γὰρ</span> <span class='ocrx_word' id='word_1_446' title='bbox 1601 526 1734 564; x_wconf 81' lang='grc' dir='ltr'>ἠθέλησαν</span> <span class='ocrx_word' id='word_1_447' title='bbox 1754 529 1802 559; x_wconf 78' lang='grc' dir='ltr'>τὸν</span> 
     </span>
     <span class='ocr_line' id='line_1_60' title="bbox 1026 565 1799 614; baseline 0.016 -21"><span class='ocrx_word' id='word_1_448' title='bbox 1026 565 1105 604; x_wconf 88' lang='grc' dir='ltr'>νόμον</span> <span class='ocrx_word' id='word_1_449' title='bbox 1126 566 1225 606; x_wconf 84' lang='grc' dir='ltr'>Κυρίου</span> <span class='ocrx_word' id='word_1_450' title='bbox 1247 568 1362 599; x_wconf 73' lang='grc' dir='ltr'>Σαὸαὼθ</span> <span class='ocrx_word' id='word_1_451' title='bbox 1386 575 1488 608; x_wconf 78' lang='grc' dir='ltr'>ποιεῖν,</span> <span class='ocrx_word' id='word_1_452' title='bbox 1510 572 1579 602; x_wconf 79' lang='grc' dir='ltr'>ἀλλὰ</span> <span class='ocrx_word' id='word_1_453' title='bbox 1599 573 1630 603; x_wconf 84' lang='grc' dir='ltr'>τὸ</span> <span class='ocrx_word' id='word_1_454' title='bbox 1651 574 1740 614; x_wconf 78' lang='grc' dir='ltr'>λόγιον</span> <span class='ocrx_word' id='word_1_455' title='bbox 1753 578 1799 606; x_wconf 82' lang='grc' dir='ltr'>τοῦ</span> 
     </span>
     <span class='ocr_line' id='line_1_61' title="bbox 1025 610 1798 659; baseline 0.016 -20"><span class='ocrx_word' id='word_1_456' title='bbox 1025 610 1100 650; x_wconf 75' lang='grc' dir='ltr'>ἁγίου</span> <span class='ocrx_word' id='word_1_457' title='bbox 1120 612 1284 652; x_wconf 87' lang='grc' dir='ltr'>παρώξυναν.</span> <span class='ocrx_word' id='word_1_458' title='bbox 1298 615 1394 655; x_wconf 87' lang='grc' dir='ltr'>Λόγιον</span> <span class='ocrx_word' id='word_1_459' title='bbox 1416 615 1461 646; x_wconf 82' lang='grc' dir='ltr'>τὸν</span> <span class='ocrx_word' id='word_1_460' title='bbox 1482 617 1563 657; x_wconf 79' lang='grc' dir='ltr'>νόμον</span> <span class='ocrx_word' id='word_1_461' title='bbox 1575 618 1655 659; x_wconf 81' lang='grc' dir='ltr'>λέγει.</span> <span class='ocrx_word' id='word_1_462' title='bbox 1670 620 1724 650; x_wconf 76' lang='grc' dir='ltr'>Καὶ</span> <span class='ocrx_word' id='word_1_463' title='bbox 1738 622 1798 650; x_wconf 81' lang='grc' dir='ltr'>ἔθυ-</span> 
     </span>
     <span class='ocr_line' id='line_1_62' title="bbox 1025 656 1796 702; baseline 0.016 -17"><span class='ocrx_word' id='word_1_464' title='bbox 1025 656 1101 694; x_wconf 64' lang='lat' dir='ltr'>‚ts-160⁷,</span> <span class='ocrx_word' id='word_1_465' title='bbox 1114 658 1210 698; x_wconf 84' lang='grc' dir='ltr'>Κύριος</span> <span class='ocrx_word' id='word_1_466' title='bbox 1223 660 1338 689; x_wconf 72' lang='grc' dir='ltr'>Σαὸαὼθ</span> <span class='ocrx_word' id='word_1_467' title='bbox 1356 663 1422 702; x_wconf 78' lang='grc' dir='ltr'>ὀργῇ</span> <span class='ocrx_word' id='word_1_468' title='bbox 1443 663 1487 692; x_wconf 76' lang='grc' dir='ltr'>ἐπὶ</span> <span class='ocrx_word' id='word_1_469' title='bbox 1500 664 1545 693; x_wconf 87' lang='grc' dir='ltr'>τὸν</span> <span class='ocrx_word' id='word_1_470' title='bbox 1565 665 1629 695; x_wconf 85' lang='grc' dir='ltr'>λαὸν</span> <span class='ocrx_word' id='word_1_471' title='bbox 1643 667 1739 696; x_wconf 78' lang='grc' dir='ltr'>αὐτοῦ·</span> <span class='ocrx_word' id='word_1_472' title='bbox 1751 667 1796 697; x_wconf 68' lang='grc' dir='ltr'>καὶ</span> 
     </span>
     <span class='ocr_line' id='line_1_63' title="bbox 1022 702 1795 748; baseline 0.016 -17"><span class='ocrx_word' id='word_1_473' title='bbox 1022 702 1136 733; x_wconf 76' lang='grc' dir='ltr'>ἑπέὸαλε</span> <span class='ocrx_word' id='word_1_474' title='bbox 1149 704 1197 741; x_wconf 83' lang='grc' dir='ltr'>τὴν</span> <span class='ocrx_word' id='word_1_475' title='bbox 1211 710 1291 746; x_wconf 85' lang='grc' dir='ltr'>χεῖρα</span> <span class='ocrx_word' id='word_1_476' title='bbox 1310 709 1389 737; x_wconf 79' lang='grc' dir='ltr'>αὐτοῦ</span> <span class='ocrx_word' id='word_1_477' title='bbox 1409 710 1452 738; x_wconf 81' lang='grc' dir='ltr'>ἐπ’</span> <span class='ocrx_word' id='word_1_478' title='bbox 1475 709 1581 748; x_wconf 62' lang='grc' dir='ltr'>αὐτοὺς,</span> <span class='ocrx_word' id='word_1_479' title='bbox 1594 711 1641 741; x_wconf 87' lang='grc' dir='ltr'>καὶ</span> <span class='ocrx_word' id='word_1_480' title='bbox 1664 712 1795 747; x_wconf 77' lang='grc' dir='ltr'>ἐπάταξεν</span> 
     </span>
     <span class='ocr_line' id='line_1_64' title="bbox 1023 749 1794 798; baseline 0.014 -20"><span class='ocrx_word' id='word_1_481' title='bbox 1023 749 1124 783; x_wconf 75' lang='grc' dir='ltr'>αὖτούς.</span> <span class='ocrx_word' id='word_1_482' title='bbox 1142 751 1196 781; x_wconf 78' lang='grc' dir='ltr'>Καὶ</span> <span class='ocrx_word' id='word_1_483' title='bbox 1209 752 1364 792; x_wconf 80' lang='grc' dir='ltr'>παρωξύνθη</span> <span class='ocrx_word' id='word_1_484' title='bbox 1388 754 1432 784; x_wconf 81' lang='grc' dir='ltr'>ἐπὶ</span> <span class='ocrx_word' id='word_1_485' title='bbox 1445 754 1479 784; x_wconf 82' lang='grc' dir='ltr'>τὰ</span> <span class='ocrx_word' id='word_1_486' title='bbox 1498 756 1547 796; x_wconf 83' lang='grc' dir='ltr'>ὅρη</span> <span class='ocrx_word' id='word_1_487' title='bbox 1559 779 1567 794; x_wconf 91' lang='grc'>,</span> <span class='ocrx_word' id='word_1_488' title='bbox 1583 758 1628 787; x_wconf 79' lang='grc' dir='ltr'>καὶ</span> <span class='ocrx_word' id='word_1_489' title='bbox 1641 757 1745 798; x_wconf 73' lang='grc' dir='ltr'>ἐγένετο</span> <span class='ocrx_word' id='word_1_490' title='bbox 1758 759 1794 789; x_wconf 80' lang='grc' dir='ltr'>τὰ</span> 
     </span>
     <span class='ocr_line' id='line_1_65' title="bbox 1021 796 1796 843; baseline 0.015 -20"><span class='ocrx_word' id='word_1_491' title='bbox 1021 796 1164 835; x_wconf 87' lang='grc' dir='ltr'>θνησιμαῖα</span> <span class='ocrx_word' id='word_1_492' title='bbox 1184 798 1270 827; x_wconf 72' lang='grc' dir='ltr'>αὗτῶν</span> <span class='ocrx_word' id='word_1_493' title='bbox 1293 800 1329 832; x_wconf 83' lang='grc' dir='ltr'>ὡς</span> <span class='ocrx_word' id='word_1_494' title='bbox 1351 800 1449 841; x_wconf 84' lang='grc' dir='ltr'>κοπρία</span> <span class='ocrx_word' id='word_1_495' title='bbox 1468 802 1496 831; x_wconf 85' lang='grc' dir='ltr'>ἐν</span> <span class='ocrx_word' id='word_1_496' title='bbox 1510 801 1585 843; x_wconf 79' lang='grc' dir='ltr'>μέσῳ</span> <span class='ocrx_word' id='word_1_497' title='bbox 1609 804 1681 834; x_wconf 82' lang='grc' dir='ltr'>ὁδοῦ.</span> <span class='ocrx_word' id='word_1_498' title='bbox 1698 805 1751 834; x_wconf 81' lang='grc' dir='ltr'>Καὶ</span> <span class='ocrx_word' id='word_1_499' title='bbox 1765 806 1796 835; x_wconf 80' lang='grc' dir='ltr'>ἐν</span> 
     </span>
     <span class='ocr_line' id='line_1_66' title="bbox 1020 841 1794 887; baseline 0.016 -18"><span class='ocrx_word' id='word_1_500' title='bbox 1020 845 1088 870; x_wconf 74' lang='grc' dir='ltr'>πᾶσι</span> <span class='ocrx_word' id='word_1_501' title='bbox 1099 841 1201 876; x_wconf 77' lang='grc' dir='ltr'>τούτοις</span> <span class='ocrx_word' id='word_1_502' title='bbox 1214 844 1262 872; x_wconf 69' lang='grc' dir='ltr'>οὗκ</span> <span class='ocrx_word' id='word_1_503' title='bbox 1274 845 1430 887; x_wconf 79' lang='grc' dir='ltr'>ἀπεστράφη</span> <span class='ocrx_word' id='word_1_504' title='bbox 1442 849 1456 876; x_wconf 82' lang='grc' dir='ltr'>ὁ</span> <span class='ocrx_word' id='word_1_505' title='bbox 1470 848 1550 886; x_wconf 83' lang='grc' dir='ltr'>θυμὸς</span> <span class='ocrx_word' id='word_1_506' title='bbox 1567 850 1664 887; x_wconf 78' lang='grc' dir='ltr'>αὐτοῦ,</span> <span class='ocrx_word' id='word_1_507' title='bbox 1677 850 1737 879; x_wconf 76' lang='grc' dir='ltr'>ἀλλ’</span> <span class='ocrx_word' id='word_1_508' title='bbox 1752 850 1794 881; x_wconf 88' lang='grc' dir='ltr'>ἔτι</span> 
     </span>
     <span class='ocr_line' id='line_1_67' title="bbox 1020 885 1790 934; baseline 0.016 -20"><span class='ocrx_word' id='word_1_509' title='bbox 1020 887 1037 921; x_wconf 86' lang='grc' dir='ltr'>ἡ</span> <span class='ocrx_word' id='word_1_510' title='bbox 1051 885 1110 927; x_wconf 76' lang='grc' dir='ltr'>χεὶρ</span> <span class='ocrx_word' id='word_1_511' title='bbox 1135 888 1214 917; x_wconf 75' lang='grc' dir='ltr'>αὐτοῦ</span> <span class='ocrx_word' id='word_1_512' title='bbox 1228 890 1327 929; x_wconf 75' lang='grc' dir='ltr'>ὑψηλή.</span> <span class='ocrx_word' id='word_1_513' title='bbox 1343 891 1475 922; x_wconf 80' lang='grc' dir='ltr'>Ἐνταῦθα</span> <span class='ocrx_word' id='word_1_514' title='bbox 1491 896 1502 909; x_wconf 74' lang='grc'><em>“</em></span> <span class='ocrx_word' id='word_1_515' title='bbox 1511 894 1628 934; x_wconf 87' lang='grc' dir='ltr'>πόλεμον</span> <span class='ocrx_word' id='word_1_516' title='bbox 1647 895 1790 927; x_wconf 76' lang='grc' dir='ltr'>αἰνίττεται</span> 
     </span>
     <span class='ocr_line' id='line_1_68' title="bbox 1019 932 1790 982; baseline 0.014 -21"><span class='ocrx_word' id='word_1_517' title='bbox 1019 932 1151 970; x_wconf 76' lang='grc' dir='ltr'>χαλεπὸν,</span> <span class='ocrx_word' id='word_1_518' title='bbox 1163 933 1191 967; x_wconf 86' lang='grc' dir='ltr'>δς</span> <span class='ocrx_word' id='word_1_519' title='bbox 1204 934 1263 964; x_wconf 78' lang='grc' dir='ltr'>οὐδὲ</span> <span class='ocrx_word' id='word_1_520' title='bbox 1282 938 1352 976; x_wconf 86' lang='grc' dir='ltr'>ταφῇ</span> <span class='ocrx_word' id='word_1_521' title='bbox 1372 937 1406 966; x_wconf 81' lang='grc' dir='ltr'>τὰ</span> <span class='ocrx_word' id='word_1_522' title='bbox 1421 938 1534 978; x_wconf 85' lang='grc' dir='ltr'>σώματα</span> <span class='ocrx_word' id='word_1_523' title='bbox 1553 941 1722 982; x_wconf 76' lang='grc' dir='ltr'>συγχωρήσει</span> <span class='ocrx_word' id='word_1_524' title='bbox 1735 954 1790 972; x_wconf 86' lang='grc' dir='ltr'>πα-</span> 
     </span>
     <span class='ocr_line' id='line_1_69' title="bbox 1020 978 1789 1023; baseline 0.017 -17"><span class='ocrx_word' id='word_1_525' title='bbox 1020 978 1173 1018; x_wconf 83' lang='grc' dir='ltr'>ραδοθῆναι,</span> <span class='ocrx_word' id='word_1_526' title='bbox 1193 982 1244 1022; x_wconf 85' lang='grc' dir='ltr'>οὔχ</span> <span class='ocrx_word' id='word_1_527' title='bbox 1256 981 1298 1011; x_wconf 78' lang='grc' dir='ltr'>ἵνα</span> <span class='ocrx_word' id='word_1_528' title='bbox 1313 984 1407 1014; x_wconf 80' lang='grc' dir='ltr'>ἐκεῖνοι</span> <span class='ocrx_word' id='word_1_529' title='bbox 1428 985 1536 1016; x_wconf 81' lang='grc' dir='ltr'>κόλασιν</span> <span class='ocrx_word' id='word_1_530' title='bbox 1557 988 1654 1023; x_wconf 80' lang='grc' dir='ltr'>δῶσιν,</span> <span class='ocrx_word' id='word_1_531' title='bbox 1667 989 1728 1018; x_wconf 73' lang='grc' dir='ltr'>ἀλλ’</span> <span class='ocrx_word' id='word_1_532' title='bbox 1747 988 1789 1019; x_wconf 72' lang='grc' dir='ltr'>ἵνα</span> 
     </span>
     <span class='ocr_line' id='line_1_70' title="bbox 1018 1025 1788 1073; baseline 0.016 -20"><span class='ocrx_word' id='word_1_533' title='bbox 1018 1025 1042 1053; x_wconf 77' lang='grc' dir='ltr'>οἱ</span> <span class='ocrx_word' id='word_1_534' title='bbox 1057 1025 1151 1060; x_wconf 77' lang='grc' dir='ltr'>ζῶντες</span> <span class='ocrx_word' id='word_1_535' title='bbox 1172 1027 1200 1056; x_wconf 80' lang='grc' dir='ltr'>ἐν</span> <span class='ocrx_word' id='word_1_536' title='bbox 1219 1031 1277 1062; x_wconf 84' lang='grc' dir='ltr'>ταῖς</span> <span class='ocrx_word' id='word_1_537' title='bbox 1298 1029 1448 1070; x_wconf 85' lang='grc' dir='ltr'>ἀλλοτρίαις</span> <span class='ocrx_word' id='word_1_538' title='bbox 1462 1038 1608 1073; x_wconf 81' lang='grc' dir='ltr'>συμφοραῖς</span> <span class='ocrx_word' id='word_1_539' title='bbox 1629 1035 1678 1070; x_wconf 75' lang='grc' dir='ltr'>τῆς</span> <span class='ocrx_word' id='word_1_540' title='bbox 1690 1035 1788 1069; x_wconf 82' lang='grc' dir='ltr'>οἰκείας</span> 
     </span>
     <span class='ocr_line' id='line_1_71' title="bbox 1017 1069 1786 1122; baseline 0.017 -23"><span class='ocrx_word' id='word_1_541' title='bbox 1017 1069 1216 1110; x_wconf 79' lang='grc' dir='ltr'>ἀποτέμνωνταί</span> <span class='ocrx_word' id='word_1_542' title='bbox 1228 1086 1255 1103; x_wconf 84' lang='grc' dir='ltr'>τι</span> <span class='ocrx_word' id='word_1_543' title='bbox 1268 1074 1371 1109; x_wconf 78' lang='grc' dir='ltr'>κακίας.</span> <span class='ocrx_word' id='word_1_544' title='bbox 1386 1077 1439 1106; x_wconf 82' lang='grc' dir='ltr'>Καὶ</span> <span class='ocrx_word' id='word_1_545' title='bbox 1459 1078 1507 1119; x_wconf 78' lang='grc' dir='ltr'>ὅρα</span> <span class='ocrx_word' id='word_1_546' title='bbox 1526 1081 1584 1113; x_wconf 84' lang='grc' dir='ltr'>πῶς</span> <span class='ocrx_word' id='word_1_547' title='bbox 1600 1080 1786 1122; x_wconf 77' lang='grc' dir='ltr'>χαλεπώτερον</span> 
     </span>
     <span class='ocr_line' id='line_1_72' title="bbox 1015 1114 1786 1167; baseline 0.017 -23"><span class='ocrx_word' id='word_1_548' title='bbox 1015 1114 1060 1145; x_wconf 88' lang='grc' dir='ltr'>τὸν</span> <span class='ocrx_word' id='word_1_549' title='bbox 1073 1115 1149 1156; x_wconf 80' lang='grc' dir='ltr'>λόγον</span> <span class='ocrx_word' id='word_1_550' title='bbox 1162 1117 1295 1156; x_wconf 77' lang='grc' dir='ltr'>ἐποίησεν.</span> <span class='ocrx_word' id='word_1_551' title='bbox 1310 1122 1351 1151; x_wconf 78' lang='grc' dir='ltr'>Οὔ</span> <span class='ocrx_word' id='word_1_552' title='bbox 1365 1122 1416 1162; x_wconf 85' lang='grc' dir='ltr'>γὰρ</span> <span class='ocrx_word' id='word_1_553' title='bbox 1427 1118 1510 1162; x_wconf 79' lang='grc' dir='ltr'>εἶπεν,</span> <span class='ocrx_word' id='word_1_554' title='bbox 1524 1125 1565 1154; x_wconf 79' lang='grc' dir='ltr'>ὅτι</span> <span class='ocrx_word' id='word_1_555' title='bbox 1579 1126 1627 1155; x_wconf 67' lang='grc' dir='ltr'>οὔκ</span> <span class='ocrx_word' id='word_1_556' title='bbox 1641 1126 1786 1167; x_wconf 76' lang='grc' dir='ltr'>ἐτάφησαν,</span> 
     </span>
     <span class='ocr_line' id='line_1_73' title="bbox 1016 1161 1785 1211; baseline 0.017 -21"><span class='ocrx_word' id='word_1_557' title='bbox 1016 1161 1075 1190; x_wconf 82' lang='grc' dir='ltr'>ἀλλ’</span> <span class='ocrx_word' id='word_1_558' title='bbox 1090 1162 1131 1192; x_wconf 75' lang='grc' dir='ltr'>ὅτι</span> <span class='ocrx_word' id='word_1_559' title='bbox 1143 1162 1241 1205; x_wconf 71' lang='grc' dir='ltr'>κόπρου</span> <span class='ocrx_word' id='word_1_560' title='bbox 1259 1166 1348 1203; x_wconf 76' lang='grc' dir='ltr'>πάσης</span> <span class='ocrx_word' id='word_1_561' title='bbox 1368 1168 1523 1210; x_wconf 81' lang='grc' dir='ltr'>ἀτιμότερον</span> <span class='ocrx_word' id='word_1_562' title='bbox 1543 1171 1698 1211; x_wconf 82' lang='grc' dir='ltr'>ἔῤῥιμμένοι</span> <span class='ocrx_word' id='word_1_563' title='bbox 1716 1169 1785 1209; x_wconf 70' lang='grc' dir='ltr'>ἦσαν</span> 
     </span>
     <span class='ocr_line' id='line_1_74' title="bbox 1015 1208 1781 1259; baseline 0.018 -23"><span class='ocrx_word' id='word_1_564' title='bbox 1015 1208 1040 1236; x_wconf 77' lang='grc' dir='ltr'>οἱ</span> <span class='ocrx_word' id='word_1_565' title='bbox 1055 1210 1278 1249; x_wconf 72' lang='grc' dir='ltr'>τετελευτηκότες,</span> <span class='ocrx_word' id='word_1_566' title='bbox 1290 1211 1305 1242; x_wconf 83' lang='grc' dir='ltr'>ὃ</span> <span class='ocrx_word' id='word_1_567' title='bbox 1316 1218 1371 1247; x_wconf 87' lang='grc' dir='ltr'>τοῖς</span> <span class='ocrx_word' id='word_1_568' title='bbox 1384 1215 1448 1248; x_wconf 84' lang='grc' dir='ltr'>ζῶσι</span> <span class='ocrx_word' id='word_1_569' title='bbox 1468 1218 1676 1259; x_wconf 82' lang='grc' dir='ltr'>φρικωδέστερον</span> <span class='ocrx_word' id='word_1_570' title='bbox 1697 1219 1781 1250; x_wconf 80' lang='grc' dir='ltr'>ἁπάν-</span> 
     </span>
     <span class='ocr_line' id='line_1_75' title="bbox 1015 1249 1779 1306; baseline 0.017 -24"><span class='ocrx_word' id='word_1_571' title='bbox 1015 1265 1067 1283; x_wconf 81' lang='grc' dir='ltr'>των</span> <span class='ocrx_word' id='word_1_572' title='bbox 1079 1249 1146 1285; x_wconf 71' lang='grc' dir='ltr'>εἶναι</span> <span class='ocrx_word' id='word_1_573' title='bbox 1157 1256 1238 1295; x_wconf 82' lang='grc' dir='ltr'>δοκεῖ,</span> <span class='ocrx_word' id='word_1_574' title='bbox 1249 1257 1294 1288; x_wconf 76' lang='grc' dir='ltr'>καὶ</span> <span class='ocrx_word' id='word_1_575' title='bbox 1305 1261 1353 1295; x_wconf 79' lang='grc' dir='ltr'>τῆς</span> <span class='ocrx_word' id='word_1_576' title='bbox 1361 1261 1485 1297; x_wconf 80' lang='grc' dir='ltr'>τελευτῆς</span> <span class='ocrx_word' id='word_1_577' title='bbox 1497 1264 1578 1298; x_wconf 74' lang='grc' dir='ltr'>αὐτῆς</span> <span class='ocrx_word' id='word_1_578' title='bbox 1586 1261 1779 1306; x_wconf 72' lang='grc' dir='ltr'>χαλεπώτερον.</span> 
     </span>
     <span class='ocr_line' id='line_1_76' title="bbox 1015 1300 1783 1350; baseline 0.014 -21"><span class='ocrx_word' id='word_1_579' title='bbox 1015 1300 1069 1330; x_wconf 84' lang='grc' dir='ltr'>Καὶ</span> <span class='ocrx_word' id='word_1_580' title='bbox 1082 1300 1113 1330; x_wconf 84' lang='grc' dir='ltr'>τὸ</span> <span class='ocrx_word' id='word_1_581' title='bbox 1127 1302 1159 1339; x_wconf 78' lang='grc' dir='ltr'>δὴ</span> <span class='ocrx_word' id='word_1_582' title='bbox 1170 1306 1266 1344; x_wconf 78' lang='grc' dir='ltr'>χεῖρον,</span> <span class='ocrx_word' id='word_1_583' title='bbox 1275 1304 1320 1334; x_wconf 64' lang='grc' dir='ltr'>ὅτι</span> <span class='ocrx_word' id='word_1_584' title='bbox 1333 1306 1392 1336; x_wconf 69' lang='grc' dir='ltr'>οὐδὲ</span> <span class='ocrx_word' id='word_1_585' title='bbox 1406 1306 1505 1336; x_wconf 81' lang='grc' dir='ltr'>τούτων</span> <span class='ocrx_word' id='word_1_586' title='bbox 1519 1308 1677 1348; x_wconf 82' lang='grc' dir='ltr'>γινομένων,</span> <span class='ocrx_word' id='word_1_587' title='bbox 1689 1311 1783 1350; x_wconf 80' lang='grc' dir='ltr'>φησὶν,</span> 
     </span>
     <span class='ocr_line' id='line_1_77' title="bbox 1012 1346 1781 1395; baseline 0.014 -20"><span class='ocrx_word' id='word_1_588' title='bbox 1012 1346 1199 1388; x_wconf 81' lang='grc' dir='ltr'>ἐπιεικέστεροι</span> <span class='ocrx_word' id='word_1_589' title='bbox 1213 1350 1370 1390; x_wconf 78' lang='grc' dir='ltr'>γεγόνασιν,</span> <span class='ocrx_word' id='word_1_590' title='bbox 1386 1353 1456 1382; x_wconf 80' lang='grc' dir='ltr'>ἀλλὰ</span> <span class='ocrx_word' id='word_1_591' title='bbox 1469 1358 1523 1387; x_wconf 89' lang='grc' dir='ltr'>τοῖς</span> <span class='ocrx_word' id='word_1_592' title='bbox 1543 1355 1631 1388; x_wconf 81' lang='grc' dir='ltr'>αὐτοῖς</span> <span class='ocrx_word' id='word_1_593' title='bbox 1643 1356 1781 1395; x_wconf 78' lang='grc' dir='ltr'>ἐπιμένου-</span> 
     </span>
     <span class='ocr_line' id='line_1_78' title="bbox 1010 1389 1782 1438; baseline 0.014 -17"><span class='ocrx_word' id='word_1_594' title='bbox 1010 1404 1063 1422; x_wconf 84' lang='grc' dir='ltr'>σιν.</span> <span class='ocrx_word' id='word_1_595' title='bbox 1075 1394 1155 1424; x_wconf 71' lang='grc' dir='ltr'>Ἐπεὶ</span> <span class='ocrx_word' id='word_1_596' title='bbox 1167 1389 1212 1425; x_wconf 61' lang='grc' dir='ltr'>οὖν</span> <span class='ocrx_word' id='word_1_597' title='bbox 1223 1395 1296 1426; x_wconf 66' lang='grc' dir='ltr'>οὖδὶν</span> <span class='ocrx_word' id='word_1_598' title='bbox 1309 1397 1428 1436; x_wconf 78' lang='grc' dir='ltr'>βελτίους</span> <span class='ocrx_word' id='word_1_599' title='bbox 1440 1399 1570 1438; x_wconf 78' lang='grc' dir='ltr'>ἐγένοντο,</span> <span class='ocrx_word' id='word_1_600' title='bbox 1586 1402 1690 1430; x_wconf 86' lang='grc' dir='ltr'>ἀπειλεῖ</span> <span class='ocrx_word' id='word_1_601' title='bbox 1699 1402 1782 1432; x_wconf 89' lang='grc' dir='ltr'>πάλιν</span> 
     </span>
     <span class='ocr_line' id='line_1_79' title="bbox 1010 1439 1780 1486; baseline 0.013 -19"><span class='ocrx_word' id='word_1_602' title='bbox 1010 1439 1098 1473; x_wconf 87' lang='grc' dir='ltr'>αὐτοῖς</span> <span class='ocrx_word' id='word_1_603' title='bbox 1119 1439 1169 1477; x_wconf 72' lang='grc' dir='ltr'>τὴν</span> <span class='ocrx_word' id='word_1_604' title='bbox 1192 1443 1386 1482; x_wconf 83' lang='grc' dir='ltr'>χαλεπωτάτην</span> <span class='ocrx_word' id='word_1_605' title='bbox 1410 1444 1512 1480; x_wconf 83' lang='grc' dir='ltr'>ἐκείνην</span> <span class='ocrx_word' id='word_1_606' title='bbox 1535 1446 1641 1486; x_wconf 77' lang='grc' dir='ltr'>πληγὴν</span> <span class='ocrx_word' id='word_1_607' title='bbox 1664 1446 1714 1483; x_wconf 81' lang='grc' dir='ltr'>τὴν</span> <span class='ocrx_word' id='word_1_608' title='bbox 1727 1449 1780 1477; x_wconf 82' lang='grc' dir='ltr'>τῶν</span> 
     </span>
     <span class='ocr_line' id='line_1_80' title="bbox 1010 1484 1779 1534; baseline 0.012 -20"><span class='ocrx_word' id='word_1_609' title='bbox 1010 1484 1160 1525; x_wconf 73' lang='grc' dir='ltr'>βαρὸάρων.</span> <span class='ocrx_word' id='word_1_610' title='bbox 1179 1487 1228 1517; x_wconf 81' lang='grc' dir='ltr'>Διὸ</span> <span class='ocrx_word' id='word_1_611' title='bbox 1249 1488 1294 1518; x_wconf 83' lang='grc' dir='ltr'>καὶ</span> <span class='ocrx_word' id='word_1_612' title='bbox 1314 1489 1408 1529; x_wconf 81' lang='grc' dir='ltr'>ἐπάγει</span> <span class='ocrx_word' id='word_1_613' title='bbox 1427 1489 1527 1530; x_wconf 86' lang='grc' dir='ltr'>λέγων·</span> <span class='ocrx_word' id='word_1_614' title='bbox 1549 1493 1697 1533; x_wconf 79' lang='grc' dir='ltr'>Τοιγαροῦν</span> <span class='ocrx_word' id='word_1_615' title='bbox 1719 1495 1779 1534; x_wconf 78' lang='grc' dir='ltr'>ἀρεῖ</span> 
     </span>
     <span class='ocr_line' id='line_1_81' title="bbox 1008 1529 1777 1578; baseline 0.013 -19"><span class='ocrx_word' id='word_1_616' title='bbox 1008 1529 1144 1570; x_wconf 78' lang='grc' dir='ltr'>σύσσημον</span> <span class='ocrx_word' id='word_1_617' title='bbox 1163 1533 1190 1562; x_wconf 77' lang='grc' dir='ltr'>ἕν</span> <span class='ocrx_word' id='word_1_618' title='bbox 1211 1537 1265 1567; x_wconf 79' lang='grc' dir='ltr'>τοῖς</span> <span class='ocrx_word' id='word_1_619' title='bbox 1288 1533 1373 1564; x_wconf 75' lang='grc' dir='ltr'>ἔθνεσι</span> <span class='ocrx_word' id='word_1_620' title='bbox 1394 1540 1448 1569; x_wconf 88' lang='grc' dir='ltr'>τοῖς</span> <span class='ocrx_word' id='word_1_621' title='bbox 1471 1537 1583 1577; x_wconf 84' lang='grc' dir='ltr'>μακράν.</span> <span class='ocrx_word' id='word_1_622' title='bbox 1606 1537 1664 1567; x_wconf 83' lang='grc' dir='ltr'>Ἵνα</span> <span class='ocrx_word' id='word_1_623' title='bbox 1678 1539 1716 1578; x_wconf 80' lang='grc' dir='ltr'>μὴ</span> <span class='ocrx_word' id='word_1_624' title='bbox 1730 1542 1777 1576; x_wconf 75' lang='grc' dir='ltr'>τῆς</span> 
     </span>
     <span class='ocr_line' id='line_1_82' title="bbox 1006 1576 1777 1625; baseline 0.013 -20"><span class='ocrx_word' id='word_1_625' title='bbox 1006 1576 1067 1606; x_wconf 80' lang='grc' dir='ltr'>ὁδοῦ</span> <span class='ocrx_word' id='word_1_626' title='bbox 1084 1577 1115 1607; x_wconf 84' lang='grc' dir='ltr'>τὸ</span> <span class='ocrx_word' id='word_1_627' title='bbox 1133 1580 1216 1617; x_wconf 75' lang='grc' dir='ltr'>μῆκος</span> <span class='ocrx_word' id='word_1_628' title='bbox 1233 1581 1270 1613; x_wconf 80' lang='grc' dir='ltr'>εἰς</span> <span class='ocrx_word' id='word_1_629' title='bbox 1290 1581 1419 1620; x_wconf 79' lang='grc' dir='ltr'>ῥᾳθυμίαν</span> <span class='ocrx_word' id='word_1_630' title='bbox 1437 1582 1530 1616; x_wconf 79' lang='grc' dir='ltr'>αὐτοὺς</span> <span class='ocrx_word' id='word_1_631' title='bbox 1549 1583 1681 1623; x_wconf 70' lang='grc' dir='ltr'>ἔμὸάλλῃ,</span> <span class='ocrx_word' id='word_1_632' title='bbox 1696 1586 1777 1625; x_wconf 80' lang='grc' dir='ltr'>φησὶν</span> 
     </span>
     <span class='ocr_line' id='line_1_83' title="bbox 1005 1621 1776 1672; baseline 0.014 -21"><span class='ocrx_word' id='word_1_633' title='bbox 1005 1621 1046 1651; x_wconf 75' lang='grc' dir='ltr'>ὅτι</span> <span class='ocrx_word' id='word_1_634' title='bbox 1061 1622 1131 1653; x_wconf 70' lang='grc' dir='ltr'>οὕτω</span> <span class='ocrx_word' id='word_1_635' title='bbox 1150 1626 1188 1665; x_wconf 75' lang='grc' dir='ltr'>τῷ</span> <span class='ocrx_word' id='word_1_636' title='bbox 1205 1626 1268 1666; x_wconf 78' lang='grc' dir='ltr'>Θεῷ</span> <span class='ocrx_word' id='word_1_637' title='bbox 1284 1626 1372 1666; x_wconf 75' lang='grc' dir='ltr'>ῥᾴδιον</span> <span class='ocrx_word' id='word_1_638' title='bbox 1387 1628 1494 1667; x_wconf 78' lang='grc' dir='ltr'>ἀγαγεῖν</span> <span class='ocrx_word' id='word_1_639' title='bbox 1514 1629 1623 1666; x_wconf 83' lang='grc' dir='ltr'>αὐτοὺς,</span> <span class='ocrx_word' id='word_1_640' title='bbox 1644 1633 1680 1665; x_wconf 84' lang='grc' dir='ltr'>ὥς</span> <span class='ocrx_word' id='word_1_641' title='bbox 1693 1633 1732 1672; x_wconf 82' lang='grc' dir='ltr'>τῷ</span> <span class='ocrx_word' id='word_1_642' title='bbox 1744 1631 1776 1662; x_wconf 77' lang='grc' dir='ltr'>τὸ</span> 
     </span>
     <span class='ocr_line' id='line_1_84' title="bbox 1006 1667 1773 1715; baseline 0.014 -19"><span class='ocrx_word' id='word_1_643' title='bbox 1006 1667 1142 1709; x_wconf 79' lang='grc' dir='ltr'>σύσσημον</span> <span class='ocrx_word' id='word_1_644' title='bbox 1163 1669 1278 1711; x_wconf 72' lang='grc' dir='ltr'>αἶροντι,</span> <span class='ocrx_word' id='word_1_645' title='bbox 1299 1671 1345 1701; x_wconf 75' lang='grc' dir='ltr'>καὶ</span> <span class='ocrx_word' id='word_1_646' title='bbox 1365 1672 1425 1708; x_wconf 81' lang='grc' dir='ltr'>τοὺς</span> <span class='ocrx_word' id='word_1_647' title='bbox 1447 1676 1710 1715; x_wconf 81' lang='grc' dir='ltr'>παρεσκευασμένους</span> <span class='ocrx_word' id='word_1_648' title='bbox 1727 1677 1773 1707; x_wconf 82' lang='grc' dir='ltr'>καὶ</span> 
     </span>
     <span class='ocr_line' id='line_1_85' title="bbox 1005 1713 1772 1761; baseline 0.013 -18"><span class='ocrx_word' id='word_1_649' title='bbox 1005 1713 1124 1754; x_wconf 81' lang='grc' dir='ltr'>ἑτοίμους</span> <span class='ocrx_word' id='word_1_650' title='bbox 1135 1714 1252 1756; x_wconf 74' lang='grc' dir='ltr'>ἕξάγοντι</span> <span class='ocrx_word' id='word_1_651' title='bbox 1269 1717 1334 1758; x_wconf 84' lang='grc' dir='ltr'>πρὸς</span> <span class='ocrx_word' id='word_1_652' title='bbox 1346 1718 1503 1759; x_wconf 75' lang='grc' dir='ltr'>παράταξιν,</span> <span class='ocrx_word' id='word_1_653' title='bbox 1522 1721 1587 1761; x_wconf 80' lang='grc' dir='ltr'>ὅπερ</span> <span class='ocrx_word' id='word_1_654' title='bbox 1601 1722 1646 1751; x_wconf 76' lang='grc' dir='ltr'>καὶ</span> <span class='ocrx_word' id='word_1_655' title='bbox 1661 1723 1705 1752; x_wconf 78' lang='grc' dir='ltr'>ἐπὶ</span> <span class='ocrx_word' id='word_1_656' title='bbox 1719 1725 1772 1753; x_wconf 76' lang='grc' dir='ltr'>τῶν</span> 
     </span>
     <span class='ocr_line' id='line_1_86' title="bbox 1004 1761 1773 1809; baseline 0.012 -19"><span class='ocrx_word' id='word_1_657' title='bbox 1004 1762 1094 1791; x_wconf 77' lang='grc' dir='ltr'>ἵππων</span> <span class='ocrx_word' id='word_1_658' title='bbox 1109 1761 1208 1802; x_wconf 76' lang='grc' dir='ltr'>γίνεται</span> <span class='ocrx_word' id='word_1_659' title='bbox 1225 1764 1276 1793; x_wconf 78' lang='grc' dir='ltr'>τῶν</span> <span class='ocrx_word' id='word_1_660' title='bbox 1291 1764 1499 1805; x_wconf 76' lang='grc' dir='ltr'>ἇμιλλατ-ηρίων.</span> <span class='ocrx_word' id='word_1_661' title='bbox 1513 1765 1600 1805; x_wconf 77' lang='grc' dir='ltr'>Ὁμοῦ</span> <span class='ocrx_word' id='word_1_662' title='bbox 1619 1780 1648 1798; x_wconf 91' lang='grc' dir='ltr'>τε</span> <span class='ocrx_word' id='word_1_663' title='bbox 1668 1769 1720 1809; x_wconf 83' lang='grc' dir='ltr'>γὰρ</span> <span class='ocrx_word' id='word_1_664' title='bbox 1740 1769 1773 1799; x_wconf 86' lang='grc' dir='ltr'>τὸ</span> 
     </span>
     <span class='ocr_line' id='line_1_87' title="bbox 1003 1806 1766 1854; baseline 0.012 -19"><span class='ocrx_word' id='word_1_665' title='bbox 1003 1806 1135 1846; x_wconf 75' lang='grc' dir='ltr'>σύμὸολον</span> <span class='ocrx_word' id='word_1_666' title='bbox 1147 1809 1197 1844; x_wconf 75' lang='grc' dir='ltr'>τῆς</span> <span class='ocrx_word' id='word_1_667' title='bbox 1205 1808 1322 1850; x_wconf 79' lang='grc' dir='ltr'>ἀφέσεως</span> <span class='ocrx_word' id='word_1_668' title='bbox 1335 1809 1453 1850; x_wconf 84' lang='grc' dir='ltr'>αἴρεται,</span> <span class='ocrx_word' id='word_1_669' title='bbox 1467 1814 1585 1842; x_wconf 82' lang='grc' dir='ltr'>κάκεῖνοι</span> <span class='ocrx_word' id='word_1_670' title='bbox 1600 1815 1652 1843; x_wconf 81' lang='grc' dir='ltr'>τῶν</span> <span class='ocrx_word' id='word_1_671' title='bbox 1674 1815 1766 1854; x_wconf 70' lang='grc' dir='ltr'>βαλὸί-</span> 
     </span>
     <span class='ocr_line' id='line_1_88' title="bbox 1003 1853 1769 1900; baseline 0.01 -18"><span class='ocrx_word' id='word_1_672' title='bbox 1003 1853 1054 1882; x_wconf 82' lang='grc' dir='ltr'>δων</span> <span class='ocrx_word' id='word_1_673' title='bbox 1067 1853 1216 1890; x_wconf 75' lang='grc' dir='ltr'>ἐκπηδῶσιν</span> <span class='ocrx_word' id='word_1_674' title='bbox 1229 1854 1331 1888; x_wconf 79' lang='grc' dir='ltr'>εὐθέως.</span> <span class='ocrx_word' id='word_1_675' title='bbox 1346 1855 1400 1885; x_wconf 84' lang='grc' dir='ltr'>Δύο</span> <span class='ocrx_word' id='word_1_676' title='bbox 1411 1857 1496 1886; x_wconf 86' lang='grc' dir='ltr'>τοίνυν</span> <span class='ocrx_word' id='word_1_677' title='bbox 1515 1855 1627 1888; x_wconf 78' lang='grc' dir='ltr'>ἐνταῦθα</span> <span class='ocrx_word' id='word_1_678' title='bbox 1640 1861 1654 1888; x_wconf 85' lang='grc' dir='ltr'>ὁ</span> <span class='ocrx_word' id='word_1_679' title='bbox 1665 1860 1769 1900; x_wconf 80' lang='grc' dir='ltr'>προφή-</span> 
     </span>
     <span class='ocr_line' id='line_1_89' title="bbox 1001 1898 1769 1942; baseline 0.01 -15"><span class='ocrx_word' id='word_1_680' title='bbox 1001 1910 1049 1933; x_wconf 88' lang='grc' dir='ltr'>της</span> <span class='ocrx_word' id='word_1_681' title='bbox 1062 1898 1216 1937; x_wconf 74' lang='grc' dir='ltr'>αἰνίττεται,</span> <span class='ocrx_word' id='word_1_682' title='bbox 1240 1900 1281 1930; x_wconf 78' lang='grc' dir='ltr'>ὅτι</span> <span class='ocrx_word' id='word_1_683' title='bbox 1300 1900 1345 1930; x_wconf 80' lang='grc' dir='ltr'>καὶ</span> <span class='ocrx_word' id='word_1_684' title='bbox 1366 1901 1472 1932; x_wconf 80' lang='grc' dir='ltr'>εὔκολον</span> <span class='ocrx_word' id='word_1_685' title='bbox 1495 1903 1589 1938; x_wconf 77' lang='grc' dir='ltr'>αὐτοὺς</span> <span class='ocrx_word' id='word_1_686' title='bbox 1609 1906 1709 1942; x_wconf 78' lang='grc' dir='ltr'>ἐλθεῖν,</span> <span class='ocrx_word' id='word_1_687' title='bbox 1725 1908 1769 1935; x_wconf 86' lang='grc' dir='ltr'>τοῦ</span> 
     </span>
     <span class='ocr_line' id='line_1_90' title="bbox 1001 1943 1768 1989; baseline 0.009 -16"><span class='ocrx_word' id='word_1_688' title='bbox 1001 1945 1071 1973; x_wconf 78' lang='grc' dir='ltr'>Θεοῦ</span> <span class='ocrx_word' id='word_1_689' title='bbox 1082 1945 1238 1982; x_wconf 72' lang='grc' dir='ltr'>καλοῦντος,</span> <span class='ocrx_word' id='word_1_690' title='bbox 1257 1944 1303 1975; x_wconf 80' lang='grc' dir='ltr'>καὶ</span> <span class='ocrx_word' id='word_1_691' title='bbox 1313 1946 1398 1975; x_wconf 86' lang='grc' dir='ltr'>πάλαι</span> <span class='ocrx_word' id='word_1_692' title='bbox 1411 1946 1442 1975; x_wconf 83' lang='grc' dir='ltr'>ἂν</span> <span class='ocrx_word' id='word_1_693' title='bbox 1461 1943 1550 1985; x_wconf 75' lang='grc' dir='ltr'>ἦλθον,</span> <span class='ocrx_word' id='word_1_694' title='bbox 1564 1950 1586 1978; x_wconf 88' lang='grc' dir='ltr'>εῖ</span> <span class='ocrx_word' id='word_1_695' title='bbox 1599 1949 1636 1989; x_wconf 81' lang='grc' dir='ltr'>μὴ</span> <span class='ocrx_word' id='word_1_696' title='bbox 1650 1953 1667 1986; x_wconf 85' lang='grc' dir='ltr'>ἡ</span> <span class='ocrx_word' id='word_1_697' title='bbox 1682 1950 1768 1987; x_wconf 80' lang='grc' dir='ltr'>πολλὴ</span> 
     </span>
     <span class='ocr_line' id='line_1_91' title="bbox 1000 1988 1769 2036; baseline 0.01 -18"><span class='ocrx_word' id='word_1_698' title='bbox 1000 1993 1120 2029; x_wconf 82' lang='grc' dir='ltr'>κατεῖχεν</span> <span class='ocrx_word' id='word_1_699' title='bbox 1143 1989 1236 2024; x_wconf 74' lang='grc' dir='ltr'>αὖτοὺς</span> <span class='ocrx_word' id='word_1_700' title='bbox 1259 1991 1435 2031; x_wconf 86' lang='grc' dir='ltr'>μακροθυμία.</span> <span class='ocrx_word' id='word_1_701' title='bbox 1462 1988 1531 2023; x_wconf 73' lang='grc' dir='ltr'>Εἶτα</span> <span class='ocrx_word' id='word_1_702' title='bbox 1555 1997 1589 2035; x_wconf 79' lang='grc' dir='ltr'>τῇ</span> <span class='ocrx_word' id='word_1_703' title='bbox 1611 1995 1769 2036; x_wconf 79' lang='grc' dir='ltr'>ἐπεξηγήσει</span> 
     </span>
     <span class='ocr_line' id='line_1_92' title="bbox 998 2035 1768 2083; baseline 0.012 -19"><span class='ocrx_word' id='word_1_704' title='bbox 998 2035 1105 2066; x_wconf 80' lang='grc' dir='ltr'>πλείονα</span> <span class='ocrx_word' id='word_1_705' title='bbox 1117 2035 1166 2072; x_wconf 74' lang='grc' dir='ltr'>τὴν</span> <span class='ocrx_word' id='word_1_706' title='bbox 1185 2036 1304 2066; x_wconf 78' lang='grc' dir='ltr'>εὐκολίαν</span> <span class='ocrx_word' id='word_1_707' title='bbox 1318 2038 1476 2068; x_wconf 84' lang='grc' dir='ltr'>ἐνδείκνυται</span> <span class='ocrx_word' id='word_1_708' title='bbox 1494 2040 1595 2080; x_wconf 85' lang='grc' dir='ltr'>λέγων·</span> <span class='ocrx_word' id='word_1_709' title='bbox 1610 2042 1664 2072; x_wconf 82' lang='grc' dir='ltr'>Καὶ</span> <span class='ocrx_word' id='word_1_710' title='bbox 1684 2047 1768 2083; x_wconf 80' lang='grc' dir='ltr'>αυριεῖ</span> 
     </span>
     <span class='ocr_line' id='line_1_93' title="bbox 999 2081 1768 2129; baseline 0.012 -19"><span class='ocrx_word' id='word_1_711' title='bbox 999 2081 1091 2115; x_wconf 77' lang='grc' dir='ltr'>αὐτοὺς</span> <span class='ocrx_word' id='word_1_712' title='bbox 1103 2083 1149 2111; x_wconf 81' lang='grc' dir='ltr'>ἀπ’</span> <span class='ocrx_word' id='word_1_713' title='bbox 1162 2081 1241 2122; x_wconf 80' lang='grc' dir='ltr'>ἄκρου</span> <span class='ocrx_word' id='word_1_714' title='bbox 1254 2084 1302 2118; x_wconf 80' lang='grc' dir='ltr'>τῆς</span> <span class='ocrx_word' id='word_1_715' title='bbox 1322 2085 1379 2123; x_wconf 78' lang='grc' dir='ltr'>γῆς.</span> <span class='ocrx_word' id='word_1_716' title='bbox 1392 2085 1439 2121; x_wconf 86' lang='grc' dir='ltr'>Μὴ</span> <span class='ocrx_word' id='word_1_717' title='bbox 1456 2087 1594 2127; x_wconf 86' lang='grc' dir='ltr'>θαυμάσῃς</span> <span class='ocrx_word' id='word_1_718' title='bbox 1613 2088 1658 2125; x_wconf 86' lang='grc' dir='ltr'>δὲ,</span> <span class='ocrx_word' id='word_1_719' title='bbox 1671 2091 1694 2118; x_wconf 88' lang='grc' dir='ltr'>εἷ</span> <span class='ocrx_word' id='word_1_720' title='bbox 1706 2090 1768 2129; x_wconf 86' lang='grc' dir='ltr'>περὶ</span> 
     </span>
     <span class='ocr_line' id='line_1_94' title="bbox 998 2128 1767 2175; baseline 0.01 -18"><span class='ocrx_word' id='word_1_721' title='bbox 998 2129 1068 2158; x_wconf 78' lang='grc' dir='ltr'>Θεοῦ</span> <span class='ocrx_word' id='word_1_722' title='bbox 1091 2128 1288 2168; x_wconf 84' lang='grc' dir='ltr'>διαλεγόμενος,</span> <span class='ocrx_word' id='word_1_723' title='bbox 1309 2129 1377 2158; x_wconf 77' lang='grc' dir='ltr'>οὕτω</span> <span class='ocrx_word' id='word_1_724' title='bbox 1400 2133 1566 2171; x_wconf 79' lang='grc' dir='ltr'>παχυτάταις</span> <span class='ocrx_word' id='word_1_725' title='bbox 1579 2134 1709 2175; x_wconf 82' lang='grc' dir='ltr'>κέχρηται</span> <span class='ocrx_word' id='word_1_726' title='bbox 1723 2135 1767 2165; x_wconf 87' lang='grc' dir='ltr'>λε’-</span> 
     </span>
     <span class='ocr_line' id='line_1_95' title="bbox 999 2174 1767 2221; baseline 0.01 -18"><span class='ocrx_word' id='word_1_727' title='bbox 999 2174 1052 2208; x_wconf 83' lang='grc' dir='ltr'>ξεσι</span> <span class='ocrx_word' id='word_1_728' title='bbox 1062 2186 1069 2193; x_wconf 95' lang='grc'><em>·</em></span> <span class='ocrx_word' id='word_1_729' title='bbox 1081 2174 1146 2215; x_wconf 81' lang='grc' dir='ltr'>πρὸς</span> <span class='ocrx_word' id='word_1_730' title='bbox 1155 2174 1208 2215; x_wconf 78' lang='grc' dir='ltr'>γὰρ</span> <span class='ocrx_word' id='word_1_731' title='bbox 1219 2174 1268 2211; x_wconf 69' lang='grc' dir='ltr'>τὴν</span> <span class='ocrx_word' id='word_1_732' title='bbox 1281 2175 1370 2205; x_wconf 80' lang='grc' dir='ltr'>ἄνοιαν</span> <span class='ocrx_word' id='word_1_733' title='bbox 1383 2180 1436 2207; x_wconf 87' lang='grc' dir='ltr'>τῶν</span> <span class='ocrx_word' id='word_1_734' title='bbox 1451 2179 1598 2209; x_wconf 84' lang='grc' dir='ltr'>ἀκουόντων</span> <span class='ocrx_word' id='word_1_735' title='bbox 1607 2181 1767 2221; x_wconf 80' lang='grc' dir='ltr'>σχηματίζει</span> 
     </span>
     <span class='ocr_line' id='line_1_96' title="bbox 997 2219 1767 2262; baseline 0.01 -13"><span class='ocrx_word' id='word_1_736' title='bbox 997 2219 1031 2249; x_wconf 83' lang='grc' dir='ltr'>τὰ</span> <span class='ocrx_word' id='word_1_737' title='bbox 1044 2220 1163 2260; x_wconf 79' lang='grc' dir='ltr'>ῥήματα,</span> <span class='ocrx_word' id='word_1_738' title='bbox 1175 2221 1202 2250; x_wconf 85' lang='grc' dir='ltr'>ἓν</span> <span class='ocrx_word' id='word_1_739' title='bbox 1214 2220 1370 2261; x_wconf 84' lang='grc' dir='ltr'>βουλόμενος</span> <span class='ocrx_word' id='word_1_740' title='bbox 1386 2223 1466 2258; x_wconf 83' lang='grc' dir='ltr'>δεῖξαι</span> <span class='ocrx_word' id='word_1_741' title='bbox 1479 2224 1522 2254; x_wconf 84' lang='grc' dir='ltr'>διὰ</span> <span class='ocrx_word' id='word_1_742' title='bbox 1540 2225 1655 2262; x_wconf 78' lang='grc' dir='ltr'>πάντων,</span> <span class='ocrx_word' id='word_1_743' title='bbox 1667 2227 1707 2257; x_wconf 72' lang='grc' dir='ltr'>ὅτι</span> <span class='ocrx_word' id='word_1_744' title='bbox 1721 2227 1767 2257; x_wconf 78' lang='grc' dir='ltr'>καὶ</span> 
     </span>
     <span class='ocr_line' id='line_1_97' title="bbox 996 2266 1766 2308; baseline 0.01 -13"><span class='ocrx_word' id='word_1_745' title='bbox 996 2268 1035 2306; x_wconf 84' lang='grc' dir='ltr'>τῷ</span> <span class='ocrx_word' id='word_1_746' title='bbox 1046 2267 1109 2307; x_wconf 81' lang='grc' dir='ltr'>Θεῷ</span> <span class='ocrx_word' id='word_1_747' title='bbox 1120 2266 1206 2307; x_wconf 75' lang='grc' dir='ltr'>ῥᾴδιον</span> <span class='ocrx_word' id='word_1_748' title='bbox 1218 2270 1304 2304; x_wconf 78' lang='grc' dir='ltr'>τοῦτο,</span> <span class='ocrx_word' id='word_1_749' title='bbox 1316 2267 1361 2297; x_wconf 80' lang='grc' dir='ltr'>καὶ</span> <span class='ocrx_word' id='word_1_750' title='bbox 1381 2268 1421 2298; x_wconf 81' lang='grc' dir='ltr'>ὅτι</span> <span class='ocrx_word' id='word_1_751' title='bbox 1434 2270 1540 2305; x_wconf 88' lang='grc' dir='ltr'>πάντως</span> <span class='ocrx_word' id='word_1_752' title='bbox 1553 2272 1766 2308; x_wconf 76' lang='grc' dir='ltr'>ἀπαντήσονται·</span> 
     </span>
     <span class='ocr_line' id='line_1_98' title="bbox 997 2312 1766 2359; baseline 0.01 -18"><span class='ocrx_word' id='word_1_753' title='bbox 997 2312 1036 2341; x_wconf 90' lang='grc' dir='ltr'>διὸ</span> <span class='ocrx_word' id='word_1_754' title='bbox 1049 2312 1094 2341; x_wconf 80' lang='grc' dir='ltr'>καὶ</span> <span class='ocrx_word' id='word_1_755' title='bbox 1105 2312 1221 2352; x_wconf 75' lang='grc' dir='ltr'>ἐπήγαγε</span> <span class='ocrx_word' id='word_1_756' title='bbox 1231 2312 1315 2352; x_wconf 82' lang='grc' dir='ltr'>λέγων</span> <span class='ocrx_word' id='word_1_757' title='bbox 1324 2326 1331 2332; x_wconf 89' lang='grc'><em>·</em></span> <span class='ocrx_word' id='word_1_758' title='bbox 1343 2314 1397 2343; x_wconf 80' lang='grc' dir='ltr'>Καὶ</span> <span class='ocrx_word' id='word_1_759' title='bbox 1411 2315 1466 2344; x_wconf 83' lang='grc' dir='ltr'>ἰδοὺ</span> <span class='ocrx_word' id='word_1_760' title='bbox 1477 2316 1546 2356; x_wconf 82' lang='grc' dir='ltr'>ταχὺ</span> <span class='ocrx_word' id='word_1_761' title='bbox 1561 2317 1664 2358; x_wconf 82' lang='grc' dir='ltr'>κούφως</span> <span class='ocrx_word' id='word_1_762' title='bbox 1677 2318 1766 2359; x_wconf 85' lang='grc' dir='ltr'>ἔρχον-</span> 
     </span>
     <span class='ocr_line' id='line_1_99' title="bbox 995 2360 1765 2401; baseline 0.008 -11"><span class='ocrx_word' id='word_1_763' title='bbox 995 2373 1047 2390; x_wconf 89' lang='grc' dir='ltr'>ται.</span> <span class='ocrx_word' id='word_1_764' title='bbox 1062 2363 1103 2391; x_wconf 85' lang='grc' dir='ltr'>Οὐ</span> <span class='ocrx_word' id='word_1_765' title='bbox 1117 2360 1282 2391; x_wconf 84' lang='grc' dir='ltr'>πεινάσουσιν</span> <span class='ocrx_word' id='word_1_766' title='bbox 1291 2384 1299 2398; x_wconf 92' lang='grc'>,</span> <span class='ocrx_word' id='word_1_767' title='bbox 1322 2361 1381 2391; x_wconf 79' lang='grc' dir='ltr'>οὐδὲ</span> <span class='ocrx_word' id='word_1_768' title='bbox 1394 2363 1577 2401; x_wconf 85' lang='grc' dir='ltr'>κοπιάσουσιν,</span> <span class='ocrx_word' id='word_1_769' title='bbox 1593 2366 1652 2395; x_wconf 75' lang='grc' dir='ltr'>οὐδὲ</span> <span class='ocrx_word' id='word_1_770' title='bbox 1669 2366 1765 2395; x_wconf 82' lang='grc' dir='ltr'>νυστά-</span> 
     </span>
     <span class='ocr_line' id='line_1_100' title="bbox 995 2410 1762 2456; baseline 0.007 -15"><span class='ocrx_word' id='word_1_771' title='bbox 995 2410 1074 2444; x_wconf 82' lang='grc' dir='ltr'>ξουσι.</span> <span class='ocrx_word' id='word_1_772' title='bbox 1093 2413 1186 2442; x_wconf 82' lang='grc' dir='ltr'>Ταῦτα</span> <span class='ocrx_word' id='word_1_773' title='bbox 1205 2411 1385 2452; x_wconf 70' lang='grc' dir='ltr'>ὑπερὸολικῶς</span> <span class='ocrx_word' id='word_1_774' title='bbox 1410 2413 1521 2454; x_wconf 82' lang='grc' dir='ltr'>εἴρηται.</span> <span class='ocrx_word' id='word_1_775' title='bbox 1544 2417 1608 2449; x_wconf 85' lang='grc' dir='ltr'>Πῶς</span> <span class='ocrx_word' id='word_1_776' title='bbox 1630 2416 1762 2456; x_wconf 53' lang='grc' dir='ltr'>γὰρ&gt;ἔνῆν</span> 
     </span>
     <span class='ocr_line' id='line_1_101' title="bbox 993 2461 1763 2504; baseline 0.008 -14"><span class='ocrx_word' id='word_1_777' title='bbox 993 2462 1060 2500; x_wconf 75' lang='grc' dir='ltr'>μήτε</span> <span class='ocrx_word' id='word_1_778' title='bbox 1076 2464 1176 2502; x_wconf 84' lang='grc' dir='ltr'>πεινῇν,</span> <span class='ocrx_word' id='word_1_779' title='bbox 1192 2461 1257 2501; x_wconf 83' lang='grc' dir='ltr'>μήτε</span> <span class='ocrx_word' id='word_1_780' title='bbox 1271 2461 1420 2499; x_wconf 83' lang='grc' dir='ltr'>καθεύδειν,</span> <span class='ocrx_word' id='word_1_781' title='bbox 1441 2464 1593 2504; x_wconf 83' lang='grc' dir='ltr'>ἀνθρώπους</span> <span class='ocrx_word' id='word_1_782' title='bbox 1614 2466 1702 2504; x_wconf 84' lang='grc' dir='ltr'>ὄντας,</span> <span class='ocrx_word' id='word_1_783' title='bbox 1718 2467 1763 2496; x_wconf 81' lang='grc' dir='ltr'>καὶ</span> 
     </span>
     <span class='ocr_line' id='line_1_102' title="bbox 991 2511 1763 2555; baseline 0.006 -14"><span class='ocrx_word' id='word_1_784' title='bbox 991 2512 1038 2548; x_wconf 82' lang='grc' dir='ltr'>τὴν</span> <span class='ocrx_word' id='word_1_785' title='bbox 1054 2512 1142 2548; x_wconf 82' lang='grc' dir='ltr'>κοινὴν</span> <span class='ocrx_word' id='word_1_786' title='bbox 1155 2511 1284 2552; x_wconf 83' lang='grc' dir='ltr'>λαχόντας</span> <span class='ocrx_word' id='word_1_787' title='bbox 1297 2511 1386 2550; x_wconf 69' lang='grc' dir='ltr'>λῆξιν,</span> <span class='ocrx_word' id='word_1_788' title='bbox 1400 2512 1478 2542; x_wconf 89' lang='grc' dir='ltr'>Ἀλλὰ</span> <span class='ocrx_word' id='word_1_789' title='bbox 1488 2514 1518 2543; x_wconf 84' lang='grc' dir='ltr'>τὸ</span> <span class='ocrx_word' id='word_1_790' title='bbox 1529 2515 1609 2555; x_wconf 81' lang='grc' dir='ltr'>τάχος</span> <span class='ocrx_word' id='word_1_791' title='bbox 1622 2517 1669 2551; x_wconf 82' lang='grc' dir='ltr'>τῆς</span> <span class='ocrx_word' id='word_1_792' title='bbox 1683 2528 1763 2555; x_wconf 88' lang='grc' dir='ltr'>στρα-</span> 
     </span>
    </p>
   </div>
   <div class='ocr_carea' id='block_1_5' title="bbox 1010 2590 1554 2624">
    <p class='ocr_par' dir='ltr' id='par_1_5' title="bbox 1010 2590 1554 2624">
     <span class='ocr_line' id='line_1_103' title="bbox 1010 2590 1554 2624; baseline 0.006 -10"><span class='ocrx_word' id='word_1_793' title='bbox 1010 2590 1074 2622; x_wconf 66' lang='lat' dir='ltr'><strong>haec,</strong></span> <span class='ocrx_word' id='word_1_794' title='bbox 1089 2595 1130 2624; x_wconf 69' lang='grc' dir='ltr'>οὐχ</span> <span class='ocrx_word' id='word_1_795' title='bbox 1141 2595 1176 2618; x_wconf 74' lang='grc' dir='ltr'>ἵνα</span> <span class='ocrx_word' id='word_1_796' title='bbox 1185 2595 1260 2617; x_wconf 67' lang='grc' dir='ltr'>ἐκεῖνοι</span> <span class='ocrx_word' id='word_1_797' title='bbox 1272 2594 1361 2618; x_wconf 59' lang='grc' dir='ltr'>κόλασιν</span> <span class='ocrx_word' id='word_1_798' title='bbox 1374 2593 1446 2623; x_wconf 79' lang='grc' dir='ltr'>δῶσιν,</span> <span class='ocrx_word' id='word_1_799' title='bbox 1455 2591 1554 2617; x_wconf 80' lang='lat' dir='ltr'><strong>desunt.</strong></span> 
     </span>
    </p>
   </div>
  </div>
 </body>
</html>
