1890 2826
619 200 777 224 synopsts
802 200 991 224 scml’TURAE
1016 201 1140 224 SACRAE.

99 264 201 304 ἔγγονον
216 265 295 293 αὐτοῦ
308 262 382 298 Λὼτ,
397 261 444 292 καὶ
464 261 571 302 ἔρχεται
586 262 623 295 εἷς
636 262 756 301 Χαῤῥᾶν,
769 260 866 301 προθέ-

1595 186 1663 235 ’575

920 261 983 290 ham
1007 261 1196 301 transmigrare
1217 272 1251 291 ex
1270 260 1402 297 Charran,
1417 266 1444 288 et
1465 259 1539 289 venit
1561 259 1589 289 in
1610 260 1662 298 Sy-

98 320 174 349 μενος
184 310 220 342 εἰς
230 309 280 345 τὴν
293 308 449 339 Χαναναίων
463 308 555 343 ἐλθεῖν,
569 306 615 337 καὶ
626 307 802 339 ἀποθανόντος
816 308 864 336 αὖ·
882 307 900 331 C
920 307 998 336 chem
1013 307 1040 336 in
1054 314 1123 337 terra
1147 308 1284 338 Chanaan.
1301 307 1338 336 Et
1348 305 1420 335 dixit
1432 304 1456 334 ei
1470 306 1553 342 Deus,
1568 304 1663 334 semini

97 358 142 385 τοῦ
156 356 184 384 ἐν
197 350 306 395 Χαῤῥᾷ,
321 353 514 394 προστάττεται
532 353 584 383 ὑπὸ
603 355 648 382 τοῦ
662 354 733 382 Θεοῦ
746 352 867 393 Ἀδραὰμ

97 403 255 440 μετοικῆσαι
274 399 327 429 ἀπὸ
348 401 467 440 Χαῤῥᾶν,
490 398 536 429 καὶ
558 394 638 435 ἦλθεν
655 400 692 432 εἰς
712 398 807 438 Συχὲμ
820 400 867 434 τῆς

96 450 146 487 γῆς
159 447 277 478 Χαναοίν.
293 446 348 477 Καὶ
361 442 433 476 εἶπεν
447 447 519 486 αὖτῷ
539 447 554 475 ὁ
571 444 657 480 Θεὸς,
677 446 716 484 τῷ
733 443 868 484 σπέρματι

98 495 177 524 αὐτοῦ
198 493 290 523 δώσειν
304 492 352 529 τὴν
363 495 423 532 γῆν.
439 491 493 521 Καὶ
504 490 674 532 ᾠκοδόμησεν
687 490 809 531 Ἀδραὰμ
824 493 868 519 θυ-

98 539 250 580 σιαστήριον
269 542 308 580 τῷ
328 540 410 579 Θεῷ,
432 537 478 568 καὶ
492 537 572 574 ἔπηξε
595 537 644 574 τὴν
664 537 763 573 σκηνὴν
787 538 867 566 αὐτοῦ

96 587 165 617 κατὰ
178 587 320 616 Θάλασσαν.
341 584 487 625 Γενομένου
509 585 536 615 δὲ
560 586 651 624 λιμοῦ,
674 583 809 613 κατελθὼν
829 586 866 617 εἷς

95 632 231 672 Αἴγυπτον
244 631 424 672 παραγγέλλει
443 633 477 671 τῇ
499 631 605 671 γυναικὶ
623 632 702 660 αὐτοῦ
717 631 811 666 εἰπεῖν,
827 629 868 660 ὅτι

97 679 197 719 ἀδελφὴ
212 681 291 709 αὐτοῦ
302 678 354 714 εἴη.
366 677 420 708 Καὶ
433 677 523 707 λαθὼν
535 677 618 713 αὐτ-ὴν
628 676 742 717 Φαραὼ,
753 676 798 706 καὶ
808 678 869 706 ἐτα-

99 725 168 759 σθεὶς
189 725 240 754 ὕπὸ
256 727 302 754 τοῦ
316 726 398 760 Θεοῦ,
412 723 503 754 δίδωσι
515 725 554 764 τῷ
568 722 696 763 Ἀὸραᾶμ.
710 722 869 762 Μαχεσθέν-

97 783 150 800 των
161 773 214 801 τῶν
222 771 355 810 ποιμένων
367 773 414 800 τοῦ
427 770 548 810 Ἀδραὰμ
560 770 660 799 καὶτοῦ
672 769 736 799 Λὼτ
748 769 813 809 πρὸς
825 770 869 798 ἀλ-

96 818 209 859 λήλους,
223 817 349 847 διείλοντο
361 816 408 850 τὰς
422 816 547 853 οἰκήσεις.
563 816 616 846 Καὶ
627 818 641 846 ὃ
653 816 700 855 μὲν
713 815 777 846 Λὼτ
788 815 868 845 ἔλαὸε

920 354 978 394 ejus
992 365 1020 383 se
1031 354 1159 384 daturum
1171 361 1269 384 terram
1283 354 1367 383 illam.
1375 353 1412 383 Et
1424 351 1568 381 aedificavit
1582 352 1662 381 Abra-

920 400 984 429 ham
994 400 1077 430 altare
1087 402 1156 437 Deo,
1169 408 1194 430 et
1205 401 1267 430 fixit
1283 398 1487 435 tabernaculum
1505 408 1586 426 suum
1599 408 1663 427 vcr-

920 456 966 474 sus
979 456 1064 475 mare.
1078 447 1149 476 Cum
1162 447 1244 476 fames
1257 452 1346 475 autem
1368 451 1446 481 esset,
1460 442 1622 473 descendens
1636 443 1663 471 in

921 491 1070 532 AEgyptum
1081 493 1207 532 praecepit
1229 491 1308 521 uxori
1322 501 1377 520 suae
1390 497 1420 520 ut
1438 489 1539 519 diceret
1552 500 1579 518 se
1590 498 1665 517 soro<

921 547 977 567 rem
991 539 1049 578 ejus
1059 548 1126 567 esse.
1140 539 1210 568 Cum
1220 548 1301 578 porro
1311 536 1464 567 sustulisset
1475 546 1534 565 eam
1547 534 1663 570 Pharao,

921 590 947 613 et
969 585 1021 614 Dei
1045 585 1176 614 ultionem
1199 590 1326 624 expertus
1343 589 1423 619 esset,
1441 581 1561 612 reddidit
1589 581 1666 610 illam

921 631 1047 660 Abrahae.
1056 631 1238 671 Litigantibus
1251 629 1366 660 invicem
1381 628 1534 669 pastoribus
1549 628 1665 657 Abrahae

919 684 946 706 et
957 678 1030 715 Loti,
1043 677 1096 718 ipsi
1110 677 1273 707 habitatione
1283 675 1397 716 separati
1411 682 1483 704 sunt.
1499 676 1551 704 Lot
1563 675 1666 713 accepit

919 723 1123 755 Sodomitarum
1149 731 1248 753 terram
1263 736 1271 752 ι
1288 722 1425 752 Abraham
1450 731 1514 750 vero
1533 720 1569 749 ad
1586 730 1667 758 quer·-

921 781 983 800 cum
1000 770 1125 800 Mambre
1139 769 1284 806 habitavit,
1299 767 1541 808 promissionesque
1555 777 1666 795 rursum

920 829 936 847 a
952 819 1007 848 Deo
1024 810 1136 857 accepit,
1149 818 1208 857 ejus
1229 826 1318 846 semen
1331 814 1505 844 multitudine
1518 823 1668 854 propagan-

91 860 147 900 ’Ῑῐῆν
159 865 329 904 Σθδομηνῶν,
341 866 356 893 ὃ
367 863 395 893 δὲ
405 863 524 903 Ἀῧραᾶμ
531 862 596 903 πρὸς
608 864 641 903 τῇ
654 862 712 903 δρυῒ
722 865 756 903 τῇ
767 865 779 878 ²
787 864 868 901 Μαμ-
883 866 902 888 D
919 864 986 894 dum
1002 875 1070 902 esse,
1085 872 1112 894 et
1125 864 1202 893 illam
1215 870 1315 893 terram
1329 871 1525 902 possessurum.
1542 860 1667 890 chodol-

98 910 142 950 ὅρὶ
151 910 315 951 κατῴκησεν,
332 909 490 949 ἐπαγγελίας
507 921 536 938 τε
549 909 628 939 ἔλαὸε
644 909 726 939 πάλιν
736 908 810 949 παρὰ
822 911 868 938 τοῦ

98 958 179 992 Θεοῦ,
192 956 237 986 καὶ
247 956 288 985 ὅτι
301 957 338 989 εἷς
351 957 451 991 πλῆθος
462 955 587 985 ἐπιδώσει
601 956 680 984 αὐτοῦ
700 955 730 984 τὸ
745 954 852 994 σπέρμα
860 977 868 990 ,

97 1001 143 1031 καὶ
167 1002 207 1032 ὅτι
228 1001 421 1042 κληρονομήσει
444 1001 493 1038 τὴν
514 1003 573 1041 γῆν.
595 1001 631 1031 Ὁ
659 1000 868 1040 Χοδολαγομὸρ,

98 1048 189 1085 ἐπειδὴ
211 1048 364 1084 ἀπέστησαν
386 1049 465 1077 αὐτοῦ
489 1049 513 1076 οἱ
534 1047 613 1076 πέντε
639 1048 755 1082 βασιλεῖς
776 1048 801 1075 οἱ
823 1048 870 1081 τῆς

99 1094 254 1133 Σοδομηνῆς
267 1116 275 1130 ,
291 1093 541 1133 δουλεύοντεςαῦτῷ
554 1092 693 1133 πρότερον,
705 1091 871 1131 παραλαὸὼν

99 1139 202 1179 ἑτέρως
223 1140 340 1178 βασιλεῖς
363 1143 446 1178 τρεῖς,
469 1138 676 1179 ἐπεστράτευσεν
696 1139 802 1174 αὐτοῖς,
826 1137 872 1167 καὶ

99 1185 303 1225 τροπωσάμενος
320 1185 414 1214 ἔλαὸεν
428 1183 614 1224 αἰχμαλώτους
623 1196 630 1203 ·
644 1185 672 1213 ἐν
693 1179 732 1217 οἷς
750 1179 784 1219 ἦν
797 1183 842 1213 καὶ
857 1184 871 1212 ὁ

920 911 1051 950 lagoinor,
1065 910 1130 949 quia
1145 910 1180 939 ab
1200 909 1260 949 ipso
1280 908 1431 937 defecerant
1450 907 1570 945 quinque
1592 917 1668 946 reges

921 956 1092 986 Sodomiticae
1110 959 1197 991 terrae,
1211 955 1259 994 qui
1279 954 1331 994 ipsi
1352 953 1428 993 prius
1449 953 1612 990 servierant,
1625 963 1668 982 as—

922 1002 1019 1031 sumtis
1041 1012 1132 1031 secum
1152 1001 1240 1030 tribus
1260 1000 1322 1029 aliis
1345 999 1467 1038 regibus,
1480 998 1584 1028 bellum
1603 998 1670 1038 ipsis

923 1048 1028 1084 intulit,
1041 1057 1139 1086 eosque
1153 1047 1181 1076 in
1195 1047 1286 1086 fugam
1298 1055 1389 1076 versos
1401 1045 1522 1084 captivos
1535 1044 1650 1074 abduxit
1661 1056 1669 1082 3

923 1093 951 1122 in
973 1094 1073 1133 quibus
1092 1100 1150 1123 erat
1169 1093 1251 1122 etiam
1269 1093 1331 1121 Lot.
1347 1090 1397 1121 His
1408 1090 1509 1119 auditis
1522 1091 1671 1127 Abraham,

924 1151 986 1170 cnm
998 1139 1153 1170 vernaculis
1166 1138 1222 1167 suis
1235 1137 1360 1167 trecentis
1382 1135 1543 1173 octodecim,
1558 1136 1621 1166 illos
1634 1137 1673 1166 in—

923 1194 1067 1227 sequutus,
1083 1185 1185 1226 eripuit
1203 1184 1294 1214 fratris
1319 1183 1410 1213 filium
1431 1193 1494 1212 cum
1514 1182 1635 1221 equitatu
1648 1191 1674 1213 ct

100 1230 175 1260 Λώτ.
190 1229 225 1260 ‘O
248 1230 276 1259 δὲ
298 1230 419 1270 Ἀδραὰμ
432 1230 563 1267 ἀκούσας,
576 1230 622 1259 καὶ
636 1229 682 1259 σὺν
699 1233 753 1263 τοῖς
770 1231 871 1268 οἰκογε-

100 1275 170 1306 νέσιν
190 1278 268 1306 αὐτοῦ
286 1276 446 1316 τριακοσίοις
459 1275 594 1306 δεκαοκτὼ
606 1274 787 1311 καταδιώξας,
803 1274 871 1309 ἔξεί-
923 1278 1019 1308 serenti
1031 1288 1127 1319 panem
1148 1284 1174 1307 et
1186 1276 1291 1312 vinum,
1306 1275 1424 1305 decimas
1446 1274 1532 1304 dedit.
1545 1274 1611 1304 Ideo
1633 1275 1670 1305 ait

100 1321 162 1350 λετ-’0
181 1321 226 1351 τὸν
238 1322 391 1361 ἀδελφιδοῦν
411 1321 480 1361 μετὰ
490 1323 538 1357 ‘fris
556 1321 638 1351 ἵππου
652 1321 699 1351 καὶ
711 1323 764 1350 τῶν
778 1332 871 1360 γυναι·
924 1325 1025 1355 Paulus
1039 1325 1067 1354 in
1081 1323 1193 1364 epistola
1207 1322 1242 1352 ad
1255 1322 1382 1352 Hebraeos
1398 1334 1405 1350 ε
1421 1322 1462 1350 Et
1472 1321 1546 1350 Levi
1554 1323 1606 1361 qui
1618 1322 1671 1350 de·
1682 1332 1753 1356 neor.
1767 1340 1789 1363 7,
1799 1340 1821 1362 9-

102 1368 156 1396 κῶν
167 1378 174 1385 ·
193 1367 239 1397 καὶ
260 1369 298 1408 τῷ
317 1367 365 1406 μὲν
385 1367 554 1408 Μελχισεδὲκ
578 1367 753 1407 εὐλογήσαντι
776 1366 871 1403 αὖτὸν,
886 1367 906 1390 E
924 1373 1015 1401 cimas
1029 1372 1150 1410 accepit,
1162 1370 1323 1398 decimatus
1332 1375 1382 1398 est.
1403 1369 1471 1408 Regi
1491 1367 1673 1397 Sodomorum

101 1411 262 1452 ἐξενεγκόντι
275 1414 370 1454 ἄρτους
383 1425 412 1443 τε
425 1413 471 1443 καὶ
483 1408 564 1450 οἶνον,
578 1413 691 1450 δεκάτην
712 1412 802 1443 ἔδωκε·
823 1412 872 1442 Διό
925 1417 1030 1457 roganti
1052 1423 1083 1445 ut
1105 1415 1254 1455 equitatum
1276 1414 1407 1455 acciperet
1428 1424 1482 1443 non
1496 1413 1591 1444 annuit
1606 1426 1612 1442 ε
1626 1414 1673 1443 Ne

102 1469 180 1498 φησιν
194 1460 209 1488 ὅ
221 1458 344 1493 ’Παῦλος
365 1461 393 1489 ἐν
417 1462 450 1499 τῇ
471 1459 537 1499 πρὸς
549 1459 691 1500 Ἑὸραίῠυς
704 1482 712 1496 ‚
732 1458 772 1488 ὅτι
790 1459 844 1489 Καὶ
857 1461 915 1497 ⁶³20
926 1464 1019 1498 dicas,
1031 1463 1129 1501 inquit,
1139 1463 1206 1501 Ego
1226 1462 1320 1490 ditavi
1340 1460 1508 1489 Abraham.
1524 1460 1601 1489 Tunc
1614 1461 1672 1489 Deo
1684 1466 1740 1487 Gen.
1760 1465 1799 1495 14.

102 1504 180 1538 Λευὶς
202 1507 216 1534 ὃ
235 1505 346 1539 δεκάτας
367 1505 510 1545 λαμ-θείνων
531 1505 718 1535 δεδεκάτωται·
734 1505 804 1534 Ὑπὸ
825 1508 871 1534 τοῦ
888 1507 908 1528 A
926 1510 979 1550 ipsi
999 1509 1113 1545 dicente,
1129 1509 1241 1538 Merces
1267 1513 1319 1537 tua
1337 1517 1446 1547 magna
1464 1508 1530 1542 erit,
1552 1506 1672 1535 filiorum
1682 1495 1738 1549 ἐκ
1749 1527 1775 1549 ¹5
1802 1534 1809 1549 ¹

103 1550 232 1589 βασιλέως
251 1551 377 1590 Σοδόμων
400 1551 579 1591 παρακληθεὶς
598 1550 647 1587 τὴν
668 1550 748 1580 ἵππον
770 1550 872 1586 Rafiah,
925 1555 1067 1584 orbitatem
1079 1554 1219 1594 deplorat:
1232 1563 1394 1591 rursumque
1405 1552 1492 1587 audit,
1504 1562 1566 1581 eum
1578 1552 1673 1590 quiex
1780 1544 1784 1550 Ι
1816 1544 1819 1549 ¹

103 1597 151 1625 οὐκ
164 1595 300 1626 ἐπένευσεν
310 1608 317 1615 ·
338 1596 398 1626 Ἵνα
423 1596 460 1636 μὴ
473 1596 566 1636 εἴπῃς,
581 1596 670 1636 φησὶν,
690 1596 743 1636 ἐγὼ
757 1596 873 1626 πεπλού-
926 1602 975 1630 illo
987 1610 1144 1641 egressurus
1163 1606 1230 1636 erat,
1243 1600 1302 1639 ejus
1314 1598 1488 1628 hereditatem
1499 1605 1673 1638 accepturum

104 1652 174 1677 τηκα
186 1642 230 1671 τὸν
244 1641 373 1681 Ἀὸραοίμ.
386 1642 456 1672 Τότε
470 1645 516 1671 τοῦ
530 1644 600 1672 Θεοῦ
614 1642 679 1682 πρὸς
692 1642 770 1671 αὐτὸν
784 1641 874 1671 εἰπόν-

103 1699 163 1724 τος,
183 1687 224 1717 ὅτι
235 1687 270 1718 Ὁ
283 1688 375 1727 μισθός
394 1700 440 1718 σου
453 1687 535 1722 πολὺς
548 1688 623 1718 ἔσται
633 1710 641 1722 ,
654 1687 813 1727 ἀποδύρεται
824 1687 873 1723 τὴν

924 1232 1102 1269 mulieribus;
1117 1238 1143 1261 et
1155 1229 1359 1260 *Melchisedeco
1371 1239 1399 1258 se
1411 1228 1579 1258 benedicenti
1593 1236 1620 1258 et
1631 1229 1672 1258 af-

927 1657 994 1684 esse,
1006 1653 1032 1676 et
1045 1656 1134 1675 semen
1147 1645 1205 1685 ejus
1219 1645 1340 1674 futurum
1353 1645 1423 1673 sicut
1437 1643 1528 1673 stellas
1538 1644 1607 1673 caeli.
1621 1644 1673 1674 Hic

924 1693 994 1733 jacet
1007 1691 1079 1723 illud
1094 1703 1101 1720 ι
1119 1691 1249 1720 Credidit
1258 1690 1415 1719 Abraham
1428 1690 1503 1726 Deo,
1515 1696 1542 1719 et
1552 1695 1671 1729 reputa·
1685 1699 1742 1719 Gen.
1754 1698 1788 1720 15.
1797 1699 1822 1721 6.

104 1732 229 1762 ἀπαιδίαν
241 1745 247 1752 ·
261 1735 308 1764 καὶ
330 1733 419 1763 ἀκούει
439 1733 530 1770 πάλιν,
542 1733 584 1763 ὅτι
602 1736 617 1763 ὁ
634 1732 662 1767 ἐξ
677 1734 755 1763 αὐτοῦ
770 1732 875 1767 ἐξελευ-

104 1778 212 1818 σόμενος
236 1779 429 1820 κληρονομήσει
452 1779 539 1816 αὐτὸν,
561 1778 607 1808 καὶ
625 1779 655 1809 τὸ
669 1778 777 1819 σπέρμα
794 1781 874 1809 αὐτοῦ

104 1825 179 1854 ἔσται
194 1827 229 1858 ὥς
242 1825 276 1855 τὰ
289 1826 374 1865 ἄστρα
390 1828 436 1854 τοῦ
450 1827 569 1866 οὐρανοῦ.
584 1825 716 1855 Ἐνταῦθα
735 1829 820 1855 κεῖται
834 1825 874 1863 τὸ,

105 1869 278 1900 Ἐπίστευσεν
290 1870 410 1911 Ἀδραὰμ
423 1873 463 1911 τῷ
476 1872 548 1911 Θεῷ,
562 1870 607 1900 καὶ
620 1871 742 1910 ἐλογίσθη
755 1872 826 1911 αὐτῷ
838 1873 875 1905 εἷς

104 1917 282 1953 δικαιοσύνην.
295 1920 306 1933 ⁸
317 1916 360 1947 Τὰ
374 1917 575 1957 διχοτομήματα
589 1922 675 1952 ποιεῖ,
689 1917 734 1946 καὶ
749 1917 874 1956 μανθάνει

105 1962 146 1992 ὅτι
168 1963 293 2003 πάροικον
314 1963 389 1993 ἔσται
410 1963 441 1993 τὸ
454 1964 561 2003 σπέρμα
578 1964 668 2000 αὐτοῦ,
691 1963 737 1993 καὶ
750 1963 792 1993 ὅτι
805 1963 873 2003 μετὰ

105 2011 189 2039 ταῦτα
199 2009 432 2049 ἀπαλλαγήσεται,
443 2009 511 2049 μετὰ
524 2010 555 2039 τὸ
567 2010 759 2046 ταπεινωθῆναι
773 2010 819 2046 ἔτη
831 2022 872 2039 τε-
888 2015 906 2039 Β

106 2055 240 2095 τρακόσια.
255 2055 348 2095 Σοίρῤα
360 2055 387 2085 δὲ
399 2055 456 2085 ἐπεὶ
468 2059 559 2095 στεῖρα
571 2051 614 2092 ἦν,
627 2055 719 2085 δίδωσι
731 2055 780 2091 τὴν
791 2055 874 2096 Ἅγαρ

105 2102 144 2140 τῷ
157 2100 291 2141 Ἀὸραὰμ,
312 2101 356 2130 ἵνα
376 2101 600 2137 παιδοποιήσηται
621 2101 649 2136 ἐξ
670 2103 761 2137 αὐτῆς.
778 2100 826 2134 Ὡς
846 2101 874 2131 δὲ

107 2145 197 2182 ἐκύει,
221 2147 323 2186 ἐπήρθη
339 2147 408 2176 κατὰ
425 2149 474 2182 τῆς
491 2147 583 2186 κυρίας
596 2148 677 2183 αὐτῆς
688 2159 694 2166 ·
709 2147 754 2177 καὶ
768 2147 872 2176 δίδωσιν

108 2191 190 2228 αὐτὴν
209 2195 243 2232 τῇ
264 2193 358 2234 Σάρῤᾳ
370 2196 384 2223 ὁ
397 2193 526 2233 Ἀδραὰμ,
546 2193 615 2223 ὥστε
632 2196 731 2233 ἀμῦναι
751 2196 784 2233 τῇ
799 2193 874 2233 ὔὸρει

107 2240 141 2278 τῇ
161 2240 267 2273 ἑαυτῆς.
281 2238 316 2268 Ἢ
341 2238 370 2268 δὲ
393 2241 543 2268 κακωθεῖσα
569 2239 621 2269 ὕπὸ
641 2241 688 2275 τῆς
713 2239 873 2276 δεσποίνης,

108 2283 210 2324 ἀπέδρα
228 2284 281 2314 ἀπὸ
305 2286 352 2320 τῆς
369 2284 470 2320 οἰκίας,
483 2284 528 2314 καὶ
540 2285 676 2315 κελεύεται
688 2285 740 2315 ὑπὸ
760 2284 872 2324 ἀγγέλου

109 2331 309 2370 ἀποστραφῆναι
331 2330 395 2370 πρὸς
412 2330 461 2366 τὴν
479 2330 570 2370 κυρίαν
587 2332 668 2367 αὐτῆς
680 2343 686 2350 ·
699 2330 830 2370 λαμὸάνει
843 2342 873 2360 τε

108 2380 277 2420 ἐπαγγελίαν,
289 2381 330 2411 ὅτι
342 2380 374 2410 τὸ
389 2380 496 2421 σπέρμα
514 2383 595 2417 αὐτῆς
611 2381 736 2411 ἐπιδώσει
749 2383 786 2415 εἷς
802 2382 873 2417 πλῆ-

109 2433 161 2468 θος,
172 2431 217 2460 καὶ
230 2432 313 2471 ὄνομα
323 2434 360 2472 τῷ
374 2431 471 2471 παιδίῳ
482 2431 545 2472 πρὶν
558 2431 575 2467 ἢ
589 2434 714 2471 τεχθῆναι
728 2432 873 2469 ἐπιτίθησιν

144 2528 155 2540 ⁸
172 2524 273 2557 Μαμὸρή
286 2521 375 2556 legitur
387 2523 412 2547 in
424 2521 538 2547 Homiliis
549 2523 576 2547 in
592 2522 717 2548 Genesim.
727 2522 778 2548 Sed
789 2532 864 2556 quam

112 2559 191 2585 tacitis
209 2562 241 2586 sit
259 2560 349 2586 harum
367 2560 490 2587 vocalium
508 2574 522 2591 η
539 2567 564 2586 et
585 2573 591 2588 ι
610 2563 774 2588 commutatio
791 2571 866 2588 nemo

114 2605 200 2624 nescit.

928 1745 989 1768 tum
1006 1744 1050 1767 est
1068 1738 1115 1767 illi
1129 1738 1334 1776 adjustitiam.
1350 1736 1485 1766 Sectiones
1503 1736 1576 1773 facit,
1591 1743 1617 1765 et
1630 1736 1673 1765 di-

927 1785 977 1814 scit
989 1784 1160 1824 peregrinum
1173 1783 1296 1812 futurum
1303 1792 1359 1811 esse
1367 1792 1455 1811 semen
1465 1792 1495 1811 su
1500 1793 1556 1819 um,
1566 1788 1591 1811 et
1602 1789 1672 1822 post-

927 1842 958 1860 ea
976 1829 1147 1860 liberandum
1165 1828 1222 1858 sore
1247 1834 1390 1868 postquam
1410 1827 1567 1868 depressum
1589 1827 1672 1857 fuerit

926 1887 975 1916 per
992 1875 1200 1915 quadringentos
1217 1883 1312 1902 annos.
1324 1874 1391 1903 Sara
1413 1879 1502 1902 autem
1523 1873 1587 1912 quia
1598 1873 1671 1902 steri-

926 1923 961 1952 lis
971 1929 1026 1951 erat
1036 1921 1082 1951 dat
1096 1922 1209 1961 Agarem
1221 1919 1385 1956 Abrahamo,
1396 1926 1426 1948 ut
1438 1919 1539 1949 liberos
1552 1920 1670 1960 suscipe-

926 1975 966 1998 ret
976 1979 1011 1998 ex
1023 1967 1079 1997 illa.
1094 1968 1163 1998 Cum
1178 1973 1268 1996 autem
1278 1966 1336 1995 haec
1349 1972 1455 1994 uterum
1467 1973 1590 2005 gestaret,
1604 1977 1669 1996 con-

926 2021 967 2043 tra
991 2014 1084 2043 heram
1106 2023 1183 2042 suam
1209 2022 1265 2042 sese
1291 2011 1389 2041 extulit
1409 2024 1415 2040 :
1437 2012 1572 2051 traditque
1595 2012 1669 2042 illam

926 2063 1012 2092 Sarrae
1026 2059 1172 2096 Abraham,
1181 2066 1212 2089 ut
1223 2058 1412 2088 contumeliam
1424 2057 1607 2088 ulcisceretur.
1618 2059 1670 2089 Illa

926 2117 991 2138 vero
1001 2106 1035 2135 ab
1051 2106 1116 2135 hera
1135 2115 1184 2134 sua
1205 2104 1275 2133 male
1291 2110 1408 2143 accepta,
1423 2114 1439 2132 a
1453 2103 1534 2133 domo
1549 2104 1666 2144 aufugit,

927 2153 961 2183 ab
972 2152 1119 2193 angeloque
1135 2151 1247 2191 jubetur
1260 2149 1296 2179 ad
1308 2149 1446 2179 dominam
1460 2160 1537 2179 suam
1561 2150 1665 2189 redire;

927 2198 1176 2241 primissionemque
1196 2196 1294 2236 accipit
1317 2206 1408 2226 semen
1428 2195 1515 2235 ipsius
1532 2197 1666 2236 multipli-

927 2245 1042 2275 candum
1053 2248 1111 2274 esse
1123 2254 1130 2271 ι
1145 2253 1284 2283 pueroque
1297 2248 1439 2280 antequam
1453 2249 1608 2271 nasceretur
1622 2254 1668 2272 no-

927 2302 987 2322 men
1014 2290 1128 2331 imponit
1152 2290 1272 2329 angelus,
1284 2289 1381 2318 Ismat'il
1399 2289 1490 2328 ipsum
1516 2289 1665 2329 appellans.

907 2367 910 2370 Δ
928 2338 1033 2379 Peperit
1050 2339 1122 2377 Agar
1138 2335 1290 2373 Ismaiilem,
1304 2341 1330 2364 et
1346 2334 1480 2364 Abraham
1501 2345 1562 2363 cum
1583 2345 1667 2364 nona-

929 2385 1001 2425 ginta
1014 2394 1110 2414 novem
1124 2392 1256 2412 annorum
1266 2388 1345 2418 esset,
1357 2391 1453 2410 nomen
1466 2380 1590 2410 mutavit.
1607 2382 1667 2411 Non

929 2431 1002 2461 enim
1026 2430 1096 2460 ultra
1121 2429 1232 2465 Abram,
1256 2427 1303 2457 sed
1326 2427 1461 2456 Abraham
1484 2433 1594 2456 vocatus
1616 2433 1666 2456 est.

945 2523 957 2542 s
974 2521 1038 2548 Vide
1048 2521 1141 2547 Homil.
1156 2521 1187 2546 35
1201 2521 1226 2544 in
1236 2519 1310 2550 Gen.‚
1322 2518 1396 2542 Tom.
1408 2517 1452 2548 IV,
1465 2525 1490 2549 p.
1505 2517 1563 2542 357.

946 2570 956 2581 ¹·
973 2565 1007 2588 Τὰ
1026 2563 1210 2595 διχοτομήματα,
1227 2559 1347 2583 sectiones
1364 2555 1517 2582 animalium.
1534 2556 1596 2581 Vide
1605 2556 1667 2582 Gen.

918 2602 923 2624 l
965 2602 971 2624 ί
999 2620 1003 2625 .

932 2602 954 2631 5,
979 2602 994 2625 0
1445 2635 1491 2663 25.
