<?xml version="1.0" encoding="UTF-8"?>
<!DOCTYPE html PUBLIC "-//W3C//DTD XHTML 1.0 Transitional//EN"
    "http://www.w3.org/TR/xhtml1/DTD/xhtml1-transitional.dtd">
<html xmlns="http://www.w3.org/1999/xhtml" xml:lang="en" lang="en">
 <head>
  <title>
</title>
<meta http-equiv="Content-Type" content="text/html;charset=utf-8" />
  <meta name='ocr-system' content='tesseract 3.04.00' />
  <meta name='ocr-capabilities' content='ocr_page ocr_carea ocr_par ocr_line ocrx_word'/>
</head>
<body>
  <div class='ocr_page' id='page_1' title='image "./operaomniaquaeex06johnuoft_0550.png"; bbox 0 0 1890 2826; ppageno 0'>
   <div class='ocr_carea' id='block_1_1' title="bbox 225 167 294 203">
    <p class='ocr_par' dir='ltr' id='par_1_1' title="bbox 225 167 294 203">
     <span class='ocr_line' id='line_1_1' title="bbox 225 167 294 203; baseline -0.014 0"><span class='ocrx_word' id='word_1_1' title='bbox 225 167 294 203; x_wconf 82' lang='lat'><strong>530</strong></span> 
     </span>
    </p>
   </div>
   <div class='ocr_carea' id='block_1_2' title="bbox 218 241 999 654">
    <p class='ocr_par' dir='ltr' id='par_1_2' title="bbox 218 241 999 654">
     <span class='ocr_line' id='line_1_2' title="bbox 223 241 967 282; baseline 0.003 -12"><span class='ocrx_word' id='word_1_2' title='bbox 223 248 287 271; x_wconf 82' lang='lat' dir='ltr'><strong>erat</strong></span> <span class='ocrx_word' id='word_1_3' title='bbox 300 242 402 271; x_wconf 83' lang='lat' dir='ltr'><strong>domus</strong></span> <span class='ocrx_word' id='word_1_4' title='bbox 421 242 516 282; x_wconf 78' lang='lat' dir='ltr'><strong>gloria</strong></span> <span class='ocrx_word' id='word_1_5' title='bbox 529 243 605 282; x_wconf 85' lang='lat' dir='ltr'><strong>ejus;</strong></span> <span class='ocrx_word' id='word_1_6' title='bbox 623 241 721 272; x_wconf 86' lang='lat' dir='ltr'><strong>deinde</strong></span> <span class='ocrx_word' id='word_1_7' title='bbox 737 242 805 273; x_wconf 84' lang='lat' dir='ltr'><strong>dicit</strong></span> <span class='ocrx_word' id='word_1_8' title='bbox 821 254 827 270; x_wconf 90' lang='lat'><strong>:</strong></span> <span class='ocrx_word' id='word_1_9' title='bbox 844 243 967 282; x_wconf 78' lang='lat' dir='ltr'><strong>Repleta</strong></span> 
     </span>
     <span class='ocr_line' id='line_1_3' title="bbox 223 288 967 328; baseline 0.004 -12"><span class='ocrx_word' id='word_1_10' title='bbox 223 294 266 316; x_wconf 83' lang='lat' dir='ltr'><strong>est</strong></span> <span class='ocrx_word' id='word_1_11' title='bbox 283 288 377 326; x_wconf 84' lang='lat' dir='ltr'><strong>sumo.</strong></span> <span class='ocrx_word' id='word_1_12' title='bbox 394 289 516 328; x_wconf 79' lang='lat' dir='ltr'><strong>Ingresso</strong></span> <span class='ocrx_word' id='word_1_13' title='bbox 538 288 628 327; x_wconf 85' lang='lat' dir='ltr'><strong>itaque</strong></span> <span class='ocrx_word' id='word_1_14' title='bbox 648 290 734 327; x_wconf 86' lang='lat' dir='ltr'><strong>fumo,</strong></span> <span class='ocrx_word' id='word_1_15' title='bbox 746 299 850 319; x_wconf 84' lang='lat' dir='ltr'><strong>necesse</strong></span> <span class='ocrx_word' id='word_1_16' title='bbox 866 289 918 319; x_wconf 79' lang='lat' dir='ltr'><strong>fuit</strong></span> <span class='ocrx_word' id='word_1_17' title='bbox 937 297 967 319; x_wconf 89' lang='lat' dir='ltr'><strong>ut</strong></span> 
     </span>
     <span class='ocr_line' id='line_1_4' title="bbox 222 334 965 376; baseline 0.003 -12"><span class='ocrx_word' id='word_1_18' title='bbox 222 334 308 373; x_wconf 86' lang='lat' dir='ltr'><strong>gloria</strong></span> <span class='ocrx_word' id='word_1_19' title='bbox 335 336 532 365; x_wconf 79' lang='lat' dir='ltr'><strong>transferretur.</strong></span> <span class='ocrx_word' id='word_1_20' title='bbox 551 337 587 366; x_wconf 91' lang='lat' dir='ltr'><strong>Et</strong></span> <span class='ocrx_word' id='word_1_21' title='bbox 614 346 730 376; x_wconf 81' lang='lat' dir='ltr'><strong>quonam</strong></span> <span class='ocrx_word' id='word_1_22' title='bbox 752 336 881 366; x_wconf 83' lang='lat' dir='ltr'><strong>translata</strong></span> <span class='ocrx_word' id='word_1_23' title='bbox 908 337 965 366; x_wconf 65' lang='lat' dir='ltr'><strong>est?</strong></span> 
     </span>
     <span class='ocr_line' id='line_1_5' title="bbox 221 381 965 423; baseline 0.003 -13"><span class='ocrx_word' id='word_1_24' title='bbox 221 382 282 410; x_wconf 89' lang='lat' dir='ltr'><strong>Non</strong></span> <span class='ocrx_word' id='word_1_25' title='bbox 295 381 323 411; x_wconf 91' lang='lat' dir='ltr'><strong>iu</strong></span> <span class='ocrx_word' id='word_1_26' title='bbox 338 392 419 411; x_wconf 79' lang='lat' dir='ltr'><strong>unam</strong></span> <span class='ocrx_word' id='word_1_27' title='bbox 432 382 553 419; x_wconf 88' lang='lat' dir='ltr'><strong>domum,</strong></span> <span class='ocrx_word' id='word_1_28' title='bbox 567 382 615 412; x_wconf 90' lang='lat' dir='ltr'><strong>sed</strong></span> <span class='ocrx_word' id='word_1_29' title='bbox 629 382 752 423; x_wconf 84' lang='lat' dir='ltr'><strong>implevit</strong></span> <span class='ocrx_word' id='word_1_30' title='bbox 769 382 904 413; x_wconf 82' lang='lat' dir='ltr'><strong>Ecclesias</strong></span> <span class='ocrx_word' id='word_1_31' title='bbox 917 393 965 423; x_wconf 78' lang='lat' dir='ltr'><strong>per</strong></span> 
     </span>
     <span class='ocr_line' id='line_1_6' title="bbox 220 428 965 469; baseline 0.004 -13"><span class='ocrx_word' id='word_1_32' title='bbox 220 434 306 457; x_wconf 90' lang='lat' dir='ltr'><strong>totum</strong></span> <span class='ocrx_word' id='word_1_33' title='bbox 320 428 422 458; x_wconf 88' lang='lat' dir='ltr'><strong>orbem.</strong></span> <span class='ocrx_word' id='word_1_34' title='bbox 440 428 476 458; x_wconf 89' lang='lat' dir='ltr'><strong>Et</strong></span> <span class='ocrx_word' id='word_1_35' title='bbox 489 435 519 458; x_wconf 91' lang='lat' dir='ltr'><strong>ut</strong></span> <span class='ocrx_word' id='word_1_36' title='bbox 530 428 668 459; x_wconf 79' lang='lat' dir='ltr'><strong>ostendant</strong></span> <span class='ocrx_word' id='word_1_37' title='bbox 688 429 837 460; x_wconf 84' lang='lat' dir='ltr'><strong>Cherubim</strong></span> <span class='ocrx_word' id='word_1_38' title='bbox 848 437 965 469; x_wconf 78' lang='lat' dir='ltr'><strong>quonam</strong></span> 
     </span>
     <span class='ocr_line' id='line_1_7' title="bbox 220 473 999 516; baseline 0.004 -14"><span class='ocrx_word' id='word_1_39' title='bbox 220 473 316 503; x_wconf 87' lang='lat' dir='ltr'><strong>abierit</strong></span> <span class='ocrx_word' id='word_1_40' title='bbox 329 474 414 514; x_wconf 77' lang='lat' dir='ltr'><strong>gloria</strong></span> <span class='ocrx_word' id='word_1_41' title='bbox 426 485 485 513; x_wconf 74' lang='lat' dir='ltr'><strong>quae</strong></span> <span class='ocrx_word' id='word_1_42' title='bbox 499 474 527 504; x_wconf 90' lang='lat' dir='ltr'><strong>in</strong></span> <span class='ocrx_word' id='word_1_43' title='bbox 541 475 642 516; x_wconf 84' lang='lat' dir='ltr'><strong>templo</strong></span> <span class='ocrx_word' id='word_1_44' title='bbox 654 482 721 512; x_wconf 88' lang='lat' dir='ltr'><strong>erat,</strong></span> <span class='ocrx_word' id='word_1_45' title='bbox 735 475 830 506; x_wconf 87' lang='lat' dir='ltr'><strong>dicunt</strong></span> <span class='ocrx_word' id='word_1_46' title='bbox 843 488 851 504; x_wconf 71' lang='lat' dir='ltr'><strong>t</strong></span> <span class='ocrx_word' id='word_1_47' title='bbox 865 475 965 505; x_wconf 82' lang='lat' dir='ltr'><strong>Plena</strong></span> <span class='ocrx_word' id='word_1_48' title='bbox 980 473 999 497; x_wconf 84' lang='lat' dir='ltr'><strong>C</strong></span> 
     </span>
     <span class='ocr_line' id='line_1_8' title="bbox 220 521 963 564; baseline 0.005 -16"><span class='ocrx_word' id='word_1_49' title='bbox 220 526 263 549; x_wconf 82' lang='lat' dir='ltr'><strong>est</strong></span> <span class='ocrx_word' id='word_1_50' title='bbox 276 522 370 549; x_wconf 84' lang='lat' dir='ltr'><strong>omnis</strong></span> <span class='ocrx_word' id='word_1_51' title='bbox 380 527 457 550; x_wconf 79' lang='lat' dir='ltr'><strong>terra</strong></span> <span class='ocrx_word' id='word_1_52' title='bbox 468 521 568 561; x_wconf 81' lang='lat' dir='ltr'><strong>gloria</strong></span> <span class='ocrx_word' id='word_1_53' title='bbox 577 524 650 562; x_wconf 80' lang='lat' dir='ltr'><strong>ejus.</strong></span> <span class='ocrx_word' id='word_1_54' title='bbox 660 521 768 552; x_wconf 85' lang='lat' dir='ltr'><strong>Nudata</strong></span> <span class='ocrx_word' id='word_1_55' title='bbox 777 529 817 564; x_wconf 72' lang='lat' dir='ltr'><strong>est</strong></span> <span class='ocrx_word' id='word_1_56' title='bbox 825 532 890 561; x_wconf 81' lang='lat' dir='ltr'><strong>gens</strong></span> <span class='ocrx_word' id='word_1_57' title='bbox 900 533 963 559; x_wconf 85' lang='lat' dir='ltr'><strong>una,</strong></span> 
     </span>
     <span class='ocr_line' id='line_1_9' title="bbox 219 566 964 599; baseline 0.005 -5"><span class='ocrx_word' id='word_1_58' title='bbox 219 572 244 595; x_wconf 87' lang='lat' dir='ltr'><strong>et</strong></span> <span class='ocrx_word' id='word_1_59' title='bbox 254 566 401 596; x_wconf 85' lang='lat' dir='ltr'><strong>illuminati</strong></span> <span class='ocrx_word' id='word_1_60' title='bbox 415 573 478 596; x_wconf 83' lang='lat' dir='ltr'><strong>sunt</strong></span> <span class='ocrx_word' id='word_1_61' title='bbox 487 568 594 597; x_wconf 86' lang='lat' dir='ltr'><strong>termini</strong></span> <span class='ocrx_word' id='word_1_62' title='bbox 603 575 688 598; x_wconf 88' lang='lat' dir='ltr'><strong>terrae.</strong></span> <span class='ocrx_word' id='word_1_63' title='bbox 699 569 774 598; x_wconf 84' lang='lat' dir='ltr'><strong>Hanc</strong></span> <span class='ocrx_word' id='word_1_64' title='bbox 785 575 902 598; x_wconf 80' lang='lat' dir='ltr'>sanctam</span> <span class='ocrx_word' id='word_1_65' title='bbox 915 578 964 599; x_wconf 86' lang='lat' dir='ltr'><strong>vo-</strong></span> 
     </span>
     <span class='ocr_line' id='line_1_10' title="bbox 218 613 962 654; baseline 0.005 -14"><span class='ocrx_word' id='word_1_66' title='bbox 218 622 276 641; x_wconf 89' lang='lat' dir='ltr'><strong>cem</strong></span> <span class='ocrx_word' id='word_1_67' title='bbox 298 613 418 651; x_wconf 82' lang='lat' dir='ltr'><strong>Domini,</strong></span> <span class='ocrx_word' id='word_1_68' title='bbox 431 614 534 654; x_wconf 85' lang='lat' dir='ltr'><strong>regiam</strong></span> <span class='ocrx_word' id='word_1_69' title='bbox 553 614 786 654; x_wconf 79' lang='lat' dir='ltr'><strong>glorificationem,</strong></span> <span class='ocrx_word' id='word_1_70' title='bbox 801 615 871 645; x_wconf 87' lang='lat' dir='ltr'><strong>hanc</strong></span> <span class='ocrx_word' id='word_1_71' title='bbox 889 614 962 645; x_wconf 90' lang='lat' dir='ltr'><strong>divi-</strong></span> 
     </span>
    </p>
   </div>
   <div class='ocr_carea' id='block_1_3' title="bbox 187 659 961 701">
    <p class='ocr_par' dir='ltr' id='par_1_3' title="bbox 187 659 961 701">
     <span class='ocr_line' id='line_1_11' title="bbox 187 659 961 701; baseline 0.004 -13"><span class='ocrx_word' id='word_1_72' title='bbox 187 698 192 701; x_wconf 24' lang='lat'><em>*</em></span> <span class='ocrx_word' id='word_1_73' title='bbox 219 669 281 689; x_wconf 88' lang='lat' dir='ltr'><strong>nam</strong></span> <span class='ocrx_word' id='word_1_74' title='bbox 300 659 441 700; x_wconf 80' lang='lat' dir='ltr'><strong>mysticam</strong></span> <span class='ocrx_word' id='word_1_75' title='bbox 454 660 660 699; x_wconf 86' lang='lat' dir='ltr'><strong>institutionem,</strong></span> <span class='ocrx_word' id='word_1_76' title='bbox 674 661 782 692; x_wconf 85' lang='lat' dir='ltr'><strong>dicebat</strong></span> <span class='ocrx_word' id='word_1_77' title='bbox 801 672 831 691; x_wconf 90' lang='lat' dir='ltr'><strong>os</strong></span> <span class='ocrx_word' id='word_1_78' title='bbox 843 661 961 691; x_wconf 84' lang='lat' dir='ltr'><strong>diaboli-</strong></span> 
     </span>
    </p>
   </div>
   <div class='ocr_carea' id='block_1_4' title="bbox 20 800 209 824">
    <p class='ocr_par' dir='ltr' id='par_1_4' title="bbox 20 800 209 824">
     <span class='ocr_line' id='line_1_12' title="bbox 20 800 209 824; baseline 0.005 -2"><span class='ocrx_word' id='word_1_79' title='bbox 20 810 23 813; x_wconf 89' lang='grc'><em>·</em></span> <span class='ocrx_word' id='word_1_80' title='bbox 73 801 131 823; x_wconf 80' lang='lat' dir='ltr'><strong>lsai.</strong></span> <span class='ocrx_word' id='word_1_81' title='bbox 150 801 173 824; x_wconf 45' lang='grc'><strong>6,</strong></span> <span class='ocrx_word' id='word_1_82' title='bbox 186 800 209 823; x_wconf 87' lang='grc'><strong>8.</strong></span> 
     </span>
    </p>
   </div>
   <div class='ocr_carea' id='block_1_5' title="bbox 64 1633 192 1694">
    <p class='ocr_par' dir='ltr' id='par_1_5' title="bbox 64 1633 192 1694">
     <span class='ocr_line' id='line_1_13' title="bbox 64 1633 184 1655; baseline 0 -1"><span class='ocrx_word' id='word_1_83' title='bbox 64 1633 133 1655; x_wconf 73' lang='lat' dir='ltr'><strong>Jonn.</strong></span> <span class='ocrx_word' id='word_1_84' title='bbox 147 1638 184 1655; x_wconf 87' lang='lat'><strong>12.</strong></span> 
     </span>
     <span class='ocr_line' id='line_1_14' title="bbox 66 1662 192 1694; baseline 0.008 -9"><span class='ocrx_word' id='word_1_85' title='bbox 66 1662 176 1694; x_wconf 73' lang='grc' dir='ltr'>37.-Ιμ.</span> <span class='ocrx_word' id='word_1_86' title='bbox 190 1667 192 1669; x_wconf 82' lang='grc'><em>“</em></span> 
     </span>
    </p>
   </div>
   <div class='ocr_carea' id='block_1_6' title="bbox 79 2055 197 2081">
    <p class='ocr_par' dir='ltr' id='par_1_6' title="bbox 79 2055 197 2081">
     <span class='ocr_line' id='line_1_15' title="bbox 79 2055 197 2081; baseline 0 -3"><span class='ocrx_word' id='word_1_87' title='bbox 79 2064 123 2078; x_wconf 77' lang='lat' dir='ltr'><strong>sm.</strong></span> <span class='ocrx_word' id='word_1_88' title='bbox 137 2055 159 2078; x_wconf 88' lang='grc'><strong>6.</strong></span> <span class='ocrx_word' id='word_1_89' title='bbox 172 2055 197 2081; x_wconf 91' lang='grc'><strong>6.</strong></span> 
     </span>
    </p>
   </div>
   <div class='ocr_carea' id='block_1_7' title="bbox 67 2198 207 2230">
    <p class='ocr_par' dir='ltr' id='par_1_7' title="bbox 67 2198 207 2230">
     <span class='ocr_line' id='line_1_16' title="bbox 67 2198 207 2230; baseline 0.014 -11"><span class='ocrx_word' id='word_1_90' title='bbox 67 2198 126 2220; x_wconf 78' lang='lat' dir='ltr'><strong>Ibid.</strong></span> <span class='ocrx_word' id='word_1_91' title='bbox 135 2207 156 2220; x_wconf 89' lang='lat' dir='ltr'><strong>v.</strong></span> <span class='ocrx_word' id='word_1_92' title='bbox 167 2207 189 2230; x_wconf 89' lang='lat'><strong>7.</strong></span> <span class='ocrx_word' id='word_1_93' title='bbox 204 2226 207 2230; x_wconf 37' lang='grc' dir='ltr'>Ι</span> 
     </span>
    </p>
   </div>
   <div class='ocr_carea' id='block_1_8' title="bbox 212 706 996 1860">
    <p class='ocr_par' dir='ltr' id='par_1_8' title="bbox 212 706 996 1860">
     <span class='ocr_line' id='line_1_17' title="bbox 218 706 962 748; baseline 0.004 -14"><span class='ocrx_word' id='word_1_94' title='bbox 218 716 291 742; x_wconf 81' lang='lat' dir='ltr'><strong>cum,</strong></span> <span class='ocrx_word' id='word_1_95' title='bbox 307 706 382 735; x_wconf 82' lang='lat' dir='ltr'><strong>auser</strong></span> <span class='ocrx_word' id='word_1_96' title='bbox 394 706 429 735; x_wconf 88' lang='lat' dir='ltr'><strong>ab</strong></span> <span class='ocrx_word' id='word_1_97' title='bbox 439 706 528 736; x_wconf 83' lang='lat' dir='ltr'><strong>altari.</strong></span> <span class='ocrx_word' id='word_1_98' title='bbox 541 707 623 745; x_wconf 91' lang='lat' dir='ltr'><strong>Quod</strong></span> <span class='ocrx_word' id='word_1_99' title='bbox 632 708 787 743; x_wconf 37' lang='lat' dir='ltr'><strong>autem-haee</strong></span> <span class='ocrx_word' id='word_1_100' title='bbox 794 708 962 748; x_wconf 81' lang='lat' dir='ltr'><strong>blasphemia</strong></span> 
     </span>
     <span class='ocr_line' id='line_1_18' title="bbox 218 751 961 792; baseline 0.004 -12"><span class='ocrx_word' id='word_1_101' title='bbox 218 751 357 781; x_wconf 75' lang='lat' dir='ltr'><strong>Christum</strong></span> <span class='ocrx_word' id='word_1_102' title='bbox 369 752 490 792; x_wconf 83' lang='lat' dir='ltr'><strong>impetat,</strong></span> <span class='ocrx_word' id='word_1_103' title='bbox 501 754 670 783; x_wconf 84' lang='lat' dir='ltr'><strong>manifestum</strong></span> <span class='ocrx_word' id='word_1_104' title='bbox 681 754 865 784; x_wconf 73' lang='lat' dir='ltr'><strong>testimonium</strong></span> <span class='ocrx_word' id='word_1_105' title='bbox 875 753 961 784; x_wconf 85' lang='lat' dir='ltr'><strong>adest.</strong></span> 
     </span>
     <span class='ocr_line' id='line_1_19' title="bbox 218 796 964 836; baseline 0.003 -9"><span class='ocrx_word' id='word_1_106' title='bbox 218 799 368 835; x_wconf 85' lang='lat' dir='ltr'><strong>Quemnam</strong></span> <span class='ocrx_word' id='word_1_107' title='bbox 379 798 451 829; x_wconf 85' lang='lat' dir='ltr'><strong>vidit</strong></span> <span class='ocrx_word' id='word_1_108' title='bbox 464 796 493 829; x_wconf 86' lang='lat' dir='ltr'><strong>in</strong></span> <span class='ocrx_word' id='word_1_109' title='bbox 499 799 567 829; x_wconf 92' lang='lat' dir='ltr'><strong>solio</strong></span> <span class='ocrx_word' id='word_1_110' title='bbox 579 800 684 830; x_wconf 77' lang='lat' dir='ltr'><strong>Isaias?</strong></span> <span class='ocrx_word' id='word_1_111' title='bbox 698 800 744 831; x_wconf 87' lang='lat' dir='ltr'><strong>Ait</strong></span> <span class='ocrx_word' id='word_1_112' title='bbox 753 800 836 836; x_wconf 86' lang='lat' dir='ltr'><strong>enim,</strong></span> <span class='ocrx_word' id='word_1_113' title='bbox 845 799 964 830; x_wconf 73' lang='lat' dir='ltr'><strong>Audivi</strong></span> 
     </span>
     <span class='ocr_line' id='line_1_20' title="bbox 217 845 963 886; baseline 0.003 -13"><span class='ocrx_word' id='word_1_114' title='bbox 217 855 319 873; x_wconf 80' lang='lat' dir='ltr'><strong>vocem</strong></span> <span class='ocrx_word' id='word_1_115' title='bbox 344 845 468 875; x_wconf 70' lang='lat' dir='ltr'><strong>Domini</strong></span> <span class='ocrx_word' id='word_1_116' title='bbox 485 847 609 876; x_wconf 82' lang='lat' dir='ltr'><strong>dicentis</strong></span> <span class='ocrx_word' id='word_1_117' title='bbox 632 860 642 877; x_wconf 83' lang='lat'><strong>.-</strong></span> <span class='ocrx_word' id='word_1_118' title='bbox 666 847 759 886; x_wconf 87' lang='lat' dir='ltr'><strong>Quem</strong></span> <span class='ocrx_word' id='word_1_119' title='bbox 779 848 893 877; x_wconf 80' lang='lat' dir='ltr'><strong>mittam</strong></span> <span class='ocrx_word' id='word_1_120' title='bbox 901 849 914 874; x_wconf 76' lang='lat' dir='ltr'><em>P</em></span> <span class='ocrx_word' id='word_1_121' title='bbox 934 853 963 875; x_wconf 86' lang='lat' dir='ltr'><strong>et</strong></span> 
     </span>
     <span class='ocr_line' id='line_1_21' title="bbox 217 887 963 932; baseline 0.004 -12"><span class='ocrx_word' id='word_1_122' title='bbox 217 887 289 931; x_wconf 63' lang='grc' dir='ltr'><strong>φής’</strong></span> <span class='ocrx_word' id='word_1_123' title='bbox 300 893 354 921; x_wconf 87' lang='lat' dir='ltr'><strong>ibit</strong></span> <span class='ocrx_word' id='word_1_124' title='bbox 373 893 414 922; x_wconf 83' lang='lat' dir='ltr'><strong>ad</strong></span> <span class='ocrx_word' id='word_1_125' title='bbox 430 893 571 932; x_wconf 85' lang='lat' dir='ltr'><strong>populum</strong></span> <span class='ocrx_word' id='word_1_126' title='bbox 593 895 692 923; x_wconf 75' lang='lat' dir='ltr'><strong>hunc?</strong></span> <span class='ocrx_word' id='word_1_127' title='bbox 705 893 903 923; x_wconf 84' lang='lat' dir='ltr'><strong>Reconciliatus</strong></span> <span class='ocrx_word' id='word_1_128' title='bbox 923 900 963 923; x_wconf 86' lang='lat' dir='ltr'><strong>est</strong></span> 
     </span>
     <span class='ocr_line' id='line_1_22' title="bbox 217 939 957 979; baseline 0.004 -13"><span class='ocrx_word' id='word_1_129' title='bbox 217 948 305 974; x_wconf 83' lang='lat' dir='ltr'><strong>servu,</strong></span> <span class='ocrx_word' id='word_1_130' title='bbox 326 939 441 978; x_wconf 86' lang='lat' dir='ltr'><strong>speciem</strong></span> <span class='ocrx_word' id='word_1_131' title='bbox 460 946 549 969; x_wconf 87' lang='lat' dir='ltr'><strong>tamen</strong></span> <span class='ocrx_word' id='word_1_132' title='bbox 581 940 738 979; x_wconf 73' lang='lat' dir='ltr'><strong>praeferebat</strong></span> <span class='ocrx_word' id='word_1_133' title='bbox 755 939 957 979; x_wconf 82' lang='lat' dir='ltr'><strong>indignationis.</strong></span> 
     </span>
     <span class='ocr_line' id='line_1_23' title="bbox 217 982 996 1025; baseline 0.004 -13"><span class='ocrx_word' id='word_1_134' title='bbox 217 985 255 1013; x_wconf 78' lang='lat' dir='ltr'><strong>Ut</strong></span> <span class='ocrx_word' id='word_1_135' title='bbox 269 994 317 1013; x_wconf 88' lang='lat' dir='ltr'><strong>nos</strong></span> <span class='ocrx_word' id='word_1_136' title='bbox 338 984 445 1023; x_wconf 87' lang='lat' dir='ltr'><strong>quando</strong></span> <span class='ocrx_word' id='word_1_137' title='bbox 459 991 538 1016; x_wconf 82' lang='lat' dir='ltr'><strong>servo</strong></span> <span class='ocrx_word' id='word_1_138' title='bbox 557 985 736 1025; x_wconf 83' lang='lat' dir='ltr'><strong>pepercimus,</strong></span> <span class='ocrx_word' id='word_1_139' title='bbox 750 995 805 1015; x_wconf 87' lang='lat' dir='ltr'><strong>non</strong></span> <span class='ocrx_word' id='word_1_140' title='bbox 816 985 906 1015; x_wconf 83' lang='lat' dir='ltr'><strong>statim</strong></span> <span class='ocrx_word' id='word_1_141' title='bbox 919 985 962 1015; x_wconf 89' lang='lat' dir='ltr'><strong>illi</strong></span> <span class='ocrx_word' id='word_1_142' title='bbox 977 982 996 1005; x_wconf 83' lang='grc' dir='ltr'><strong>Ῑ)</strong></span> 
     </span>
     <span class='ocr_line' id='line_1_24' title="bbox 216 1032 963 1073; baseline 0.001 -12"><span class='ocrx_word' id='word_1_143' title='bbox 216 1038 301 1061; x_wconf 82' lang='lat' dir='ltr'><strong>totum</strong></span> <span class='ocrx_word' id='word_1_144' title='bbox 312 1032 419 1062; x_wconf 89' lang='lat' dir='ltr'><strong>vultum</strong></span> <span class='ocrx_word' id='word_1_145' title='bbox 428 1033 574 1072; x_wconf 86' lang='lat' dir='ltr'><strong>gratiosum</strong></span> <span class='ocrx_word' id='word_1_146' title='bbox 583 1033 753 1070; x_wconf 83' lang='lat' dir='ltr'><strong>exhibemus,</strong></span> <span class='ocrx_word' id='word_1_147' title='bbox 767 1032 815 1063; x_wconf 89' lang='lat' dir='ltr'><strong>sed</strong></span> <span class='ocrx_word' id='word_1_148' title='bbox 826 1040 963 1073; x_wconf 88' lang='lat' dir='ltr'><strong>aspectum</strong></span> 
     </span>
     <span class='ocr_line' id='line_1_25' title="bbox 217 1079 963 1119; baseline 0.003 -12"><span class='ocrx_word' id='word_1_149' title='bbox 217 1079 345 1119; x_wconf 74' lang='lat' dir='ltr'><strong>tantisper</strong></span> <span class='ocrx_word' id='word_1_150' title='bbox 364 1079 541 1109; x_wconf 85' lang='lat' dir='ltr'><strong>subducimus</strong></span> <span class='ocrx_word' id='word_1_151' title='bbox 560 1093 566 1109; x_wconf 88' lang='lat'>:</span> <span class='ocrx_word' id='word_1_152' title='bbox 584 1080 621 1109; x_wconf 86' lang='lat' dir='ltr'><strong>ita</strong></span> <span class='ocrx_word' id='word_1_153' title='bbox 637 1081 710 1110; x_wconf 89' lang='lat' dir='ltr'><strong>Deus</strong></span> <span class='ocrx_word' id='word_1_154' title='bbox 724 1090 787 1109; x_wconf 90' lang='lat' dir='ltr'><strong>cum</strong></span> <span class='ocrx_word' id='word_1_155' title='bbox 807 1090 859 1109; x_wconf 89' lang='lat' dir='ltr'><strong>non</strong></span> <span class='ocrx_word' id='word_1_156' title='bbox 880 1079 963 1109; x_wconf 86' lang='lat' dir='ltr'><strong>vellet</strong></span> 
     </span>
     <span class='ocr_line' id='line_1_26' title="bbox 216 1125 958 1162; baseline 0.003 -9"><span class='ocrx_word' id='word_1_157' title='bbox 216 1131 301 1153; x_wconf 82' lang='lat' dir='ltr'><strong>totum</strong></span> <span class='ocrx_word' id='word_1_158' title='bbox 327 1125 464 1155; x_wconf 78' lang='lat' dir='ltr'><strong>ostendere</strong></span> <span class='ocrx_word' id='word_1_159' title='bbox 490 1126 610 1162; x_wconf 87' lang='lat' dir='ltr'><strong>vultum,</strong></span> <span class='ocrx_word' id='word_1_160' title='bbox 635 1132 720 1155; x_wconf 80' lang='lat' dir='ltr'><strong>stante</strong></span> <span class='ocrx_word' id='word_1_161' title='bbox 747 1126 796 1155; x_wconf 85' lang='lat' dir='ltr'><strong>illo</strong></span> <span class='ocrx_word' id='word_1_162' title='bbox 819 1126 925 1156; x_wconf 88' lang='lat' dir='ltr'><strong>dicebat</strong></span> <span class='ocrx_word' id='word_1_163' title='bbox 951 1139 958 1155; x_wconf 92' lang='lat'><strong>:</strong></span> 
     </span>
     <span class='ocr_line' id='line_1_27' title="bbox 219 1171 960 1209; baseline 0.001 -9"><span class='ocrx_word' id='word_1_164' title='bbox 219 1171 311 1209; x_wconf 85' lang='lat' dir='ltr'><strong>Quem</strong></span> <span class='ocrx_word' id='word_1_165' title='bbox 334 1172 467 1200; x_wconf 79' lang='lat' dir='ltr'><strong>mittam?</strong></span> <span class='ocrx_word' id='word_1_166' title='bbox 486 1171 721 1208; x_wconf 75' lang='lat' dir='ltr'><strong>Quemadmodum</strong></span> <span class='ocrx_word' id='word_1_167' title='bbox 732 1172 756 1201; x_wconf 90' lang='lat' dir='ltr'><strong>si</strong></span> <span class='ocrx_word' id='word_1_168' title='bbox 767 1171 840 1201; x_wconf 85' lang='lat' dir='ltr'><strong>servi</strong></span> <span class='ocrx_word' id='word_1_169' title='bbox 862 1178 960 1201; x_wconf 87' lang='lat' dir='ltr'><strong>starent</strong></span> 
     </span>
     <span class='ocr_line' id='line_1_28' title="bbox 216 1217 961 1257; baseline 0.001 -12"><span class='ocrx_word' id='word_1_170' title='bbox 216 1226 306 1246; x_wconf 87' lang='lat' dir='ltr'><strong>coram</strong></span> <span class='ocrx_word' id='word_1_171' title='bbox 318 1217 394 1253; x_wconf 86' lang='lat' dir='ltr'><strong>hero,</strong></span> <span class='ocrx_word' id='word_1_172' title='bbox 409 1224 435 1246; x_wconf 89' lang='lat' dir='ltr'><strong>et</strong></span> <span class='ocrx_word' id='word_1_173' title='bbox 445 1217 527 1246; x_wconf 85' lang='lat' dir='ltr'><strong>vellet</strong></span> <span class='ocrx_word' id='word_1_174' title='bbox 539 1217 596 1257; x_wconf 86' lang='lat' dir='ltr'><strong>ipse</strong></span> <span class='ocrx_word' id='word_1_175' title='bbox 607 1228 701 1246; x_wconf 89' lang='lat' dir='ltr'><strong>eorum</strong></span> <span class='ocrx_word' id='word_1_176' title='bbox 724 1217 860 1257; x_wconf 78' lang='lat' dir='ltr'><strong>ignaviam</strong></span> <span class='ocrx_word' id='word_1_177' title='bbox 879 1217 961 1247; x_wconf 89' lang='lat' dir='ltr'><strong>incu—</strong></span> 
     </span>
     <span class='ocr_line' id='line_1_29' title="bbox 216 1262 960 1302; baseline 0.001 -11"><span class='ocrx_word' id='word_1_178' title='bbox 216 1273 284 1298; x_wconf 86' lang='lat' dir='ltr'><strong>sare,</strong></span> <span class='ocrx_word' id='word_1_179' title='bbox 304 1262 403 1292; x_wconf 84' lang='lat' dir='ltr'><strong>diceret</strong></span> <span class='ocrx_word' id='word_1_180' title='bbox 420 1274 426 1291; x_wconf 75' lang='grc' dir='ltr'><strong><em>ε</em></strong></span> <span class='ocrx_word' id='word_1_181' title='bbox 446 1263 535 1299; x_wconf 89' lang='lat' dir='ltr'><strong>Quem</strong></span> <span class='ocrx_word' id='word_1_182' title='bbox 554 1263 679 1293; x_wconf 75' lang='lat' dir='ltr'><strong>mittam?</strong></span> <span class='ocrx_word' id='word_1_183' title='bbox 693 1263 735 1292; x_wconf 84' lang='lat' dir='ltr'><strong>Ad</strong></span> <span class='ocrx_word' id='word_1_184' title='bbox 755 1263 807 1292; x_wconf 88' lang='lat' dir='ltr'><strong>hoc</strong></span> <span class='ocrx_word' id='word_1_185' title='bbox 823 1263 960 1302; x_wconf 82' lang='lat' dir='ltr'><strong>negotium</strong></span> 
     </span>
     <span class='ocr_line' id='line_1_30' title="bbox 215 1307 960 1348; baseline 0.003 -12"><span class='ocrx_word' id='word_1_186' title='bbox 215 1307 350 1338; x_wconf 87' lang='lat' dir='ltr'><strong>hominem</strong></span> <span class='ocrx_word' id='word_1_187' title='bbox 362 1319 417 1338; x_wconf 91' lang='lat' dir='ltr'><strong>non</strong></span> <span class='ocrx_word' id='word_1_188' title='bbox 435 1309 536 1347; x_wconf 82' lang='lat' dir='ltr'><strong>haheo;</strong></span> <span class='ocrx_word' id='word_1_189' title='bbox 551 1319 603 1338; x_wconf 88' lang='lat' dir='ltr'><strong>non</strong></span> <span class='ocrx_word' id='word_1_190' title='bbox 622 1309 696 1348; x_wconf 88' lang='lat' dir='ltr'><strong>quod</strong></span> <span class='ocrx_word' id='word_1_191' title='bbox 716 1319 769 1338; x_wconf 93' lang='lat' dir='ltr'><strong>non</strong></span> <span class='ocrx_word' id='word_1_192' title='bbox 790 1309 897 1346; x_wconf 83' lang='lat' dir='ltr'><strong>habeat,</strong></span> <span class='ocrx_word' id='word_1_193' title='bbox 912 1309 960 1338; x_wconf 90' lang='lat' dir='ltr'><strong>sed</strong></span> 
     </span>
     <span class='ocr_line' id='line_1_31' title="bbox 214 1351 960 1393; baseline 0.001 -10"><span class='ocrx_word' id='word_1_194' title='bbox 214 1351 288 1392; x_wconf 86' lang='lat' dir='ltr'><strong>quod</strong></span> <span class='ocrx_word' id='word_1_195' title='bbox 296 1361 435 1384; x_wconf 86' lang='lat' dir='ltr'><strong>strenuum</strong></span> <span class='ocrx_word' id='word_1_196' title='bbox 445 1365 499 1384; x_wconf 88' lang='lat' dir='ltr'><strong>non</strong></span> <span class='ocrx_word' id='word_1_197' title='bbox 511 1355 617 1385; x_wconf 79' lang='lat' dir='ltr'><strong>haheat.</strong></span> <span class='ocrx_word' id='word_1_198' title='bbox 627 1355 673 1386; x_wconf 88' lang='lat' dir='ltr'><strong>Sic</strong></span> <span class='ocrx_word' id='word_1_199' title='bbox 687 1357 760 1385; x_wconf 92' lang='lat' dir='ltr'><strong>Deus</strong></span> <span class='ocrx_word' id='word_1_200' title='bbox 774 1368 780 1385; x_wconf 94' lang='lat'>:</span> <span class='ocrx_word' id='word_1_201' title='bbox 794 1357 882 1393; x_wconf 86' lang='lat' dir='ltr'><strong>Quem</strong></span> <span class='ocrx_word' id='word_1_202' title='bbox 896 1355 960 1385; x_wconf 88' lang='lat' dir='ltr'><strong>mit-</strong></span> 
     </span>
     <span class='ocr_line' id='line_1_32' title="bbox 214 1401 959 1441; baseline 0.003 -11"><span class='ocrx_word' id='word_1_203' title='bbox 214 1407 269 1429; x_wconf 86' lang='lat' dir='ltr'><strong>tam</strong></span> <span class='ocrx_word' id='word_1_204' title='bbox 292 1401 375 1440; x_wconf 90' lang='lat' dir='ltr'><strong>hujus</strong></span> <span class='ocrx_word' id='word_1_205' title='bbox 395 1402 476 1431; x_wconf 77' lang='lat' dir='ltr'><strong>loco?</strong></span> <span class='ocrx_word' id='word_1_206' title='bbox 488 1410 522 1431; x_wconf 82' lang='lat' dir='ltr'><strong>an</strong></span> <span class='ocrx_word' id='word_1_207' title='bbox 538 1413 600 1431; x_wconf 91' lang='lat' dir='ltr'><strong>eum</strong></span> <span class='ocrx_word' id='word_1_208' title='bbox 618 1402 666 1441; x_wconf 90' lang='lat' dir='ltr'><strong>qui</strong></span> <span class='ocrx_word' id='word_1_209' title='bbox 681 1403 774 1439; x_wconf 85' lang='lat' dir='ltr'><strong>tacuit,</strong></span> <span class='ocrx_word' id='word_1_210' title='bbox 790 1402 885 1432; x_wconf 90' lang='lat' dir='ltr'><strong>videns</strong></span> <span class='ocrx_word' id='word_1_211' title='bbox 896 1413 959 1432; x_wconf 92' lang='lat' dir='ltr'><strong>eum</strong></span> 
     </span>
     <span class='ocr_line' id='line_1_33' title="bbox 215 1447 958 1489; baseline 0.004 -14"><span class='ocrx_word' id='word_1_212' title='bbox 215 1448 263 1486; x_wconf 90' lang='lat' dir='ltr'><strong>qui</strong></span> <span class='ocrx_word' id='word_1_213' title='bbox 281 1447 461 1478; x_wconf 84' lang='lat' dir='ltr'><strong>sacerdotium</strong></span> <span class='ocrx_word' id='word_1_214' title='bbox 474 1448 650 1488; x_wconf 74' lang='lat' dir='ltr'><strong>Impugnabat</strong></span> <span class='ocrx_word' id='word_1_215' title='bbox 658 1448 672 1477; x_wconf 70' lang='grc' dir='ltr'>Ρ</span> <span class='ocrx_word' id='word_1_216' title='bbox 685 1448 760 1485; x_wconf 87' lang='lat' dir='ltr'><strong>Quid</strong></span> <span class='ocrx_word' id='word_1_217' title='bbox 772 1459 836 1489; x_wconf 84' lang='lat' dir='ltr'><strong>ergo</strong></span> <span class='ocrx_word' id='word_1_218' title='bbox 851 1449 935 1479; x_wconf 79' lang='lat' dir='ltr'><strong>Isaias</strong></span> <span class='ocrx_word' id='word_1_219' title='bbox 944 1449 958 1478; x_wconf 76' lang='lat' dir='ltr'><strong>&#39;z&#39;</strong></span> 
     </span>
     <span class='ocr_line' id='line_1_34' title="bbox 215 1484 993 1536; baseline 0.004 -14"><span class='ocrx_word' id='word_1_220' title='bbox 215 1493 300 1530; x_wconf 89' lang='lat' dir='ltr'><strong>Quasi</strong></span> <span class='ocrx_word' id='word_1_221' title='bbox 308 1494 426 1524; x_wconf 84' lang='lat' dir='ltr'><strong>famulus</strong></span> <span class='ocrx_word' id='word_1_222' title='bbox 441 1494 467 1523; x_wconf 88' lang='lat' dir='ltr'><strong>in</strong></span> <span class='ocrx_word' id='word_1_223' title='bbox 476 1488 575 1524; x_wconf 81' lang='lat' dir='ltr'><strong>offensa</strong></span> <span class='ocrx_word' id='word_1_224' title='bbox 583 1494 777 1535; x_wconf 84' lang='lat' dir='ltr'><strong>deprehensus,</strong></span> <span class='ocrx_word' id='word_1_225' title='bbox 787 1506 818 1525; x_wconf 89' lang='lat' dir='ltr'><strong>ac</strong></span> <span class='ocrx_word' id='word_1_226' title='bbox 825 1506 957 1536; x_wconf 86' lang='lat' dir='ltr'><strong>compun-</strong></span> <span class='ocrx_word' id='word_1_227' title='bbox 973 1484 993 1508; x_wconf 62' lang='lat' dir='ltr'>z</span> 
     </span>
     <span class='ocr_line' id='line_1_35' title="bbox 213 1539 956 1581; baseline 0.003 -13"><span class='ocrx_word' id='word_1_228' title='bbox 213 1545 283 1576; x_wconf 89' lang='lat' dir='ltr'><strong>ctus,</strong></span> <span class='ocrx_word' id='word_1_229' title='bbox 291 1540 393 1579; x_wconf 85' lang='lat' dir='ltr'><strong>quique</strong></span> <span class='ocrx_word' id='word_1_230' title='bbox 403 1539 508 1569; x_wconf 87' lang='lat' dir='ltr'><strong>studeat</strong></span> <span class='ocrx_word' id='word_1_231' title='bbox 517 1540 607 1580; x_wconf 87' lang='lat' dir='ltr'><strong>priora</strong></span> <span class='ocrx_word' id='word_1_232' title='bbox 620 1541 772 1580; x_wconf 83' lang='lat' dir='ltr'><strong>abstergere</strong></span> <span class='ocrx_word' id='word_1_233' title='bbox 782 1554 790 1569; x_wconf 89' lang='grc'><strong>.·</strong></span> <span class='ocrx_word' id='word_1_234' title='bbox 802 1542 831 1570; x_wconf 89' lang='lat' dir='ltr'><em>E</em></span> <span class='ocrx_word' id='word_1_235' title='bbox 832 1551 880 1570; x_wconf 84' lang='lat' dir='ltr'><strong>cce</strong></span> <span class='ocrx_word' id='word_1_236' title='bbox 892 1552 956 1581; x_wconf 83' lang='lat' dir='ltr'><strong>ego,</strong></span> 
     </span>
     <span class='ocr_line' id='line_1_36' title="bbox 214 1585 959 1625; baseline 0.004 -12"><span class='ocrx_word' id='word_1_237' title='bbox 214 1587 296 1614; x_wconf 80' lang='lat' dir='ltr'><strong>mitte</strong></span> <span class='ocrx_word' id='word_1_238' title='bbox 303 1596 357 1614; x_wconf 83' lang='lat' dir='ltr'><strong>me.</strong></span> <span class='ocrx_word' id='word_1_239' title='bbox 365 1585 447 1616; x_wconf 88' lang='lat' dir='ltr'><strong>Unde</strong></span> <span class='ocrx_word' id='word_1_240' title='bbox 454 1596 516 1625; x_wconf 83' lang='lat' dir='ltr'><strong>ergo</strong></span> <span class='ocrx_word' id='word_1_241' title='bbox 524 1586 693 1616; x_wconf 89' lang='lat' dir='ltr'><strong>ostendemus</strong></span> <span class='ocrx_word' id='word_1_242' title='bbox 700 1597 759 1615; x_wconf 89' lang='lat' dir='ltr'><strong>eam</strong></span> <span class='ocrx_word' id='word_1_243' title='bbox 766 1587 849 1616; x_wconf 82' lang='lat' dir='ltr'><strong>fuisse</strong></span> <span class='ocrx_word' id='word_1_244' title='bbox 858 1587 959 1617; x_wconf 84' lang='lat' dir='ltr'><strong>Christi</strong></span> 
     </span>
     <span class='ocr_line' id='line_1_37' title="bbox 214 1632 956 1673; baseline 0.003 -12"><span class='ocrx_word' id='word_1_245' title='bbox 214 1632 346 1672; x_wconf 76' lang='lat' dir='ltr'><strong>gloriam?</strong></span> <span class='ocrx_word' id='word_1_246' title='bbox 362 1633 407 1662; x_wconf 87' lang='lat' dir='ltr'><strong>Ait</strong></span> <span class='ocrx_word' id='word_1_247' title='bbox 425 1634 541 1663; x_wconf 88' lang='lat' dir='ltr'><strong>Joannes</strong></span> <span class='ocrx_word' id='word_1_248' title='bbox 566 1633 728 1673; x_wconf 85' lang='lat' dir='ltr'><strong>evangelista</strong></span> <span class='ocrx_word' id='word_1_249' title='bbox 750 1646 758 1662; x_wconf 77' lang='grc' dir='ltr'>ε</span> <span class='ocrx_word' id='word_1_250' title='bbox 779 1634 852 1663; x_wconf 81' lang='lat' dir='ltr'><strong>Cum</strong></span> <span class='ocrx_word' id='word_1_251' title='bbox 873 1640 956 1663; x_wconf 81' lang='lat' dir='ltr'><strong>tanta</strong></span> 
     </span>
     <span class='ocr_line' id='line_1_38' title="bbox 213 1679 956 1719; baseline 0.003 -12"><span class='ocrx_word' id='word_1_252' title='bbox 213 1680 298 1718; x_wconf 80' lang='lat' dir='ltr'><strong>signa</strong></span> <span class='ocrx_word' id='word_1_253' title='bbox 299 1679 425 1719; x_wconf 79' lang='lat' dir='ltr'><strong>fecisset</strong></span> <span class='ocrx_word' id='word_1_254' title='bbox 434 1679 458 1708; x_wconf 89' lang='lat' dir='ltr'><em>J</em></span> <span class='ocrx_word' id='word_1_255' title='bbox 457 1689 520 1708; x_wconf 79' lang='lat' dir='ltr'><strong>esus</strong></span> <span class='ocrx_word' id='word_1_256' title='bbox 524 1700 533 1714; x_wconf 93' lang='lat'><strong><em>‚</em></strong></span> <span class='ocrx_word' id='word_1_257' title='bbox 544 1690 603 1708; x_wconf 87' lang='lat' dir='ltr'><strong>non</strong></span> <span class='ocrx_word' id='word_1_258' title='bbox 614 1680 799 1709; x_wconf 79' lang='lat' dir='ltr'><strong>crediderunt</strong></span> <span class='ocrx_word' id='word_1_259' title='bbox 807 1682 836 1708; x_wconf 87' lang='lat' dir='ltr'><strong>ei</strong></span> <span class='ocrx_word' id='word_1_260' title='bbox 845 1681 868 1710; x_wconf 89' lang='lat' dir='ltr'><strong><em>J</em></strong></span> <span class='ocrx_word' id='word_1_261' title='bbox 868 1681 956 1717; x_wconf 81' lang='lat' dir='ltr'><strong>udaei,</strong></span> 
     </span>
     <span class='ocr_line' id='line_1_39' title="bbox 214 1726 959 1766; baseline 0.003 -12"><span class='ocrx_word' id='word_1_262' title='bbox 214 1732 246 1754; x_wconf 84' lang='lat' dir='ltr'><strong>ut</strong></span> <span class='ocrx_word' id='word_1_263' title='bbox 259 1726 427 1766; x_wconf 82' lang='lat' dir='ltr'><strong>impleretur</strong></span> <span class='ocrx_word' id='word_1_264' title='bbox 434 1728 514 1766; x_wconf 84' lang='lat' dir='ltr'><strong>quod</strong></span> <span class='ocrx_word' id='word_1_265' title='bbox 521 1727 631 1756; x_wconf 85' lang='lat' dir='ltr'><strong>dictum</strong></span> <span class='ocrx_word' id='word_1_266' title='bbox 642 1732 684 1756; x_wconf 74' lang='lat' dir='ltr'><strong>est</strong></span> <span class='ocrx_word' id='word_1_267' title='bbox 694 1737 746 1766; x_wconf 86' lang='lat' dir='ltr'><strong>per</strong></span> <span class='ocrx_word' id='word_1_268' title='bbox 753 1728 879 1756; x_wconf 77' lang='lat' dir='ltr'><strong>lsaiam:</strong></span> <span class='ocrx_word' id='word_1_269' title='bbox 892 1728 959 1757; x_wconf 82' lang='lat' dir='ltr'><strong>Au-</strong></span> 
     </span>
     <span class='ocr_line' id='line_1_40' title="bbox 214 1772 959 1813; baseline 0.004 -13"><span class='ocrx_word' id='word_1_270' title='bbox 214 1772 276 1802; x_wconf 78' lang='lat' dir='ltr'><strong>dim</strong></span> <span class='ocrx_word' id='word_1_271' title='bbox 287 1774 424 1810; x_wconf 80' lang='lat' dir='ltr'><strong>audietis,</strong></span> <span class='ocrx_word' id='word_1_272' title='bbox 433 1778 462 1803; x_wconf 83' lang='lat' dir='ltr'><strong>et</strong></span> <span class='ocrx_word' id='word_1_273' title='bbox 471 1785 530 1803; x_wconf 85' lang='lat' dir='ltr'><strong>non</strong></span> <span class='ocrx_word' id='word_1_274' title='bbox 540 1774 720 1813; x_wconf 78' lang='lat' dir='ltr'><strong>intelligetis.</strong></span> <span class='ocrx_word' id='word_1_275' title='bbox 730 1775 804 1803; x_wconf 85' lang='lat' dir='ltr'><strong>Haec</strong></span> <span class='ocrx_word' id='word_1_276' title='bbox 814 1781 911 1804; x_wconf 85' lang='lat' dir='ltr'><strong>autem</strong></span> <span class='ocrx_word' id='word_1_277' title='bbox 918 1775 959 1803; x_wconf 88' lang='lat' dir='ltr'><strong>di-</strong></span> 
     </span>
     <span class='ocr_line' id='line_1_41' title="bbox 212 1820 959 1860; baseline 0.003 -12"><span class='ocrx_word' id='word_1_278' title='bbox 212 1821 257 1847; x_wconf 75' lang='lat' dir='ltr'><strong>xit</strong></span> <span class='ocrx_word' id='word_1_279' title='bbox 265 1821 384 1859; x_wconf 83' lang='lat' dir='ltr'><strong>quando</strong></span> <span class='ocrx_word' id='word_1_280' title='bbox 391 1821 469 1849; x_wconf 84' lang='lat' dir='ltr'><strong>vidit</strong></span> <span class='ocrx_word' id='word_1_281' title='bbox 477 1820 601 1860; x_wconf 79' lang='lat' dir='ltr'><strong>gloriam</strong></span> <span class='ocrx_word' id='word_1_282' title='bbox 610 1821 684 1860; x_wconf 82' lang='lat' dir='ltr'><strong>ejus,</strong></span> <span class='ocrx_word' id='word_1_283' title='bbox 690 1826 718 1849; x_wconf 80' lang='lat' dir='ltr'><strong>et</strong></span> <span class='ocrx_word' id='word_1_284' title='bbox 726 1820 865 1859; x_wconf 79' lang='lat' dir='ltr'><strong>loquutus</strong></span> <span class='ocrx_word' id='word_1_285' title='bbox 874 1827 916 1859; x_wconf 67' lang='lat' dir='ltr'><strong>est</strong></span> <span class='ocrx_word' id='word_1_286' title='bbox 922 1821 959 1850; x_wconf 85' lang='lat' dir='ltr'><strong>de</strong></span> 
     </span>
    </p>
   </div>
   <div class='ocr_carea' id='block_1_9' title="bbox 917 180 1097 209">
    <p class='ocr_par' dir='ltr' id='par_1_9' title="bbox 917 180 1097 209">
     <span class='ocr_line' id='line_1_42' title="bbox 917 180 1097 209; baseline 0.011 -4"><span class='ocrx_word' id='word_1_287' title='bbox 917 180 1097 209; x_wconf 75' lang='lat' dir='ltr'><strong>SEVERIANI</strong></span> 
     </span>
    </p>
   </div>
   <div class='ocr_carea' id='block_1_10' title="bbox 1019 246 1792 476">
    <p class='ocr_par' dir='ltr' id='par_1_10' title="bbox 1019 246 1792 476">
     <span class='ocr_line' id='line_1_43' title="bbox 1020 246 1792 293; baseline 0.013 -20"><span class='ocrx_word' id='word_1_288' title='bbox 1020 247 1070 274; x_wconf 85' lang='grc' dir='ltr'><strong>ποῦ</strong></span> <span class='ocrx_word' id='word_1_289' title='bbox 1085 246 1228 284; x_wconf 69' lang='grc' dir='ltr'>μετετέθη,</span> <span class='ocrx_word' id='word_1_290' title='bbox 1250 249 1310 278; x_wconf 81' lang='grc' dir='ltr'><strong>Οὔκ</strong></span> <span class='ocrx_word' id='word_1_291' title='bbox 1327 250 1355 278; x_wconf 82' lang='grc' dir='ltr'><strong>ἐν</strong></span> <span class='ocrx_word' id='word_1_292' title='bbox 1370 250 1408 279; x_wconf 75' lang='grc' dir='ltr'><strong>ἑνὶ</strong></span> <span class='ocrx_word' id='word_1_293' title='bbox 1422 251 1501 292; x_wconf 77' lang='grc' dir='ltr'>οἴκῳ,</span> <span class='ocrx_word' id='word_1_294' title='bbox 1524 253 1582 281; x_wconf 78' lang='grc' dir='ltr'>ἀλλ’</span> <span class='ocrx_word' id='word_1_295' title='bbox 1594 252 1733 293; x_wconf 78' lang='grc' dir='ltr'>ἐπλήρωσε</span> <span class='ocrx_word' id='word_1_296' title='bbox 1745 251 1792 287; x_wconf 73' lang='grc' dir='ltr'><strong>τὰς</strong></span> 
     </span>
     <span class='ocr_line' id='line_1_44' title="bbox 1019 290 1791 337; baseline 0.012 -17"><span class='ocrx_word' id='word_1_297' title='bbox 1019 290 1182 327; x_wconf 82' lang='grc' dir='ltr'>Ἐκκλησίας</span> <span class='ocrx_word' id='word_1_298' title='bbox 1216 293 1266 322; x_wconf 86' lang='grc' dir='ltr'><strong>ἀνὰ</strong></span> <span class='ocrx_word' id='word_1_299' title='bbox 1296 299 1385 324; x_wconf 76' lang='grc' dir='ltr'>πᾶσαν</span> <span class='ocrx_word' id='word_1_300' title='bbox 1409 295 1457 332; x_wconf 80' lang='grc' dir='ltr'><strong>τὴν</strong></span> <span class='ocrx_word' id='word_1_301' title='bbox 1482 298 1648 337; x_wconf 75' lang='grc' dir='ltr'><strong>οἰκουμένην.</strong></span> <span class='ocrx_word' id='word_1_302' title='bbox 1673 299 1726 328; x_wconf 80' lang='grc' dir='ltr'><strong>Καὶ</strong></span> <span class='ocrx_word' id='word_1_303' title='bbox 1748 299 1791 328; x_wconf 72' lang='grc' dir='ltr'><strong>ἵνα</strong></span> 
     </span>
     <span class='ocr_line' id='line_1_45' title="bbox 1020 336 1790 385; baseline 0.012 -19"><span class='ocrx_word' id='word_1_304' title='bbox 1020 336 1090 377; x_wconf 82' lang='grc' dir='ltr'>δείξῃ</span> <span class='ocrx_word' id='word_1_305' title='bbox 1105 337 1138 366; x_wconf 81' lang='grc' dir='ltr'><strong>τὰ</strong></span> <span class='ocrx_word' id='word_1_306' title='bbox 1148 338 1299 379; x_wconf 74' lang='grc' dir='ltr'>Χερουὸεὶμ</span> <span class='ocrx_word' id='word_1_307' title='bbox 1308 344 1359 370; x_wconf 82' lang='grc' dir='ltr'><strong>ποῦ</strong></span> <span class='ocrx_word' id='word_1_308' title='bbox 1373 343 1490 378; x_wconf 76' lang='grc' dir='ltr'>ἀπῆλθεν</span> <span class='ocrx_word' id='word_1_309' title='bbox 1501 346 1518 380; x_wconf 81' lang='grc' dir='ltr'>ἡ</span> <span class='ocrx_word' id='word_1_310' title='bbox 1531 343 1593 378; x_wconf 83' lang='grc' dir='ltr'>δόξα</span> <span class='ocrx_word' id='word_1_311' title='bbox 1606 347 1623 380; x_wconf 83' lang='grc' dir='ltr'>ἡ</span> <span class='ocrx_word' id='word_1_312' title='bbox 1636 346 1663 374; x_wconf 85' lang='grc' dir='ltr'><strong>ἐν</strong></span> <span class='ocrx_word' id='word_1_313' title='bbox 1675 347 1714 384; x_wconf 84' lang='grc' dir='ltr'><strong>τῷ</strong></span> <span class='ocrx_word' id='word_1_314' title='bbox 1725 347 1790 385; x_wconf 84' lang='grc' dir='ltr'>ναῷ,</span> 
     </span>
     <span class='ocr_line' id='line_1_46' title="bbox 1019 382 1791 430; baseline 0.013 -19"><span class='ocrx_word' id='word_1_315' title='bbox 1019 382 1091 422; x_wconf 84' lang='grc' dir='ltr'>λέγει</span> <span class='ocrx_word' id='word_1_316' title='bbox 1101 395 1107 402; x_wconf 88' lang='grc'><strong>’</strong></span> <span class='ocrx_word' id='word_1_317' title='bbox 1122 383 1233 424; x_wconf 80' lang='grc' dir='ltr'>Πλήρης</span> <span class='ocrx_word' id='word_1_318' title='bbox 1239 390 1314 416; x_wconf 75' lang='grc' dir='ltr'>πᾶσα</span> <span class='ocrx_word' id='word_1_319' title='bbox 1325 389 1343 423; x_wconf 85' lang='grc' dir='ltr'>ἡ</span> <span class='ocrx_word' id='word_1_320' title='bbox 1355 389 1390 427; x_wconf 83' lang='grc' dir='ltr'>γῆ</span> <span class='ocrx_word' id='word_1_321' title='bbox 1403 390 1452 424; x_wconf 78' lang='grc' dir='ltr'><strong>τῆς</strong></span> <span class='ocrx_word' id='word_1_322' title='bbox 1463 388 1539 425; x_wconf 81' lang='grc' dir='ltr'>δόξης</span> <span class='ocrx_word' id='word_1_323' title='bbox 1549 391 1641 420; x_wconf 77' lang='grc' dir='ltr'>αὐτοῦ.</span> <span class='ocrx_word' id='word_1_324' title='bbox 1653 390 1791 430; x_wconf 79' lang='grc' dir='ltr'>Ἐγυμνώ-</span> 
     </span>
     <span class='ocr_line' id='line_1_47' title="bbox 1020 429 1791 476; baseline 0.013 -19"><span class='ocrx_word' id='word_1_325' title='bbox 1020 431 1052 464; x_wconf 91' lang='grc' dir='ltr'>θη</span> <span class='ocrx_word' id='word_1_326' title='bbox 1065 429 1092 458; x_wconf 81' lang='grc' dir='ltr'><strong>ἓν</strong></span> <span class='ocrx_word' id='word_1_327' title='bbox 1105 429 1176 464; x_wconf 82' lang='grc' dir='ltr'>ἔθνος</span> <span class='ocrx_word' id='word_1_328' title='bbox 1185 452 1193 466; x_wconf 90' lang='grc'>,</span> <span class='ocrx_word' id='word_1_329' title='bbox 1206 431 1252 461; x_wconf 79' lang='grc' dir='ltr'><strong>καὶ</strong></span> <span class='ocrx_word' id='word_1_330' title='bbox 1265 433 1396 473; x_wconf 83' lang='grc' dir='ltr'>ἐφωτίσθη</span> <span class='ocrx_word' id='word_1_331' title='bbox 1408 434 1442 464; x_wconf 84' lang='grc' dir='ltr'><strong>τὰ</strong></span> <span class='ocrx_word' id='word_1_332' title='bbox 1455 434 1559 475; x_wconf 78' lang='grc' dir='ltr'>πέρατα</span> <span class='ocrx_word' id='word_1_333' title='bbox 1572 438 1620 472; x_wconf 70' lang='grc' dir='ltr'><strong>τῆς</strong></span> <span class='ocrx_word' id='word_1_334' title='bbox 1634 438 1693 476; x_wconf 81' lang='grc' dir='ltr'>γῆς.</span> <span class='ocrx_word' id='word_1_335' title='bbox 1713 437 1791 467; x_wconf 89' lang='grc' dir='ltr'>Ταύ-</span> 
     </span>
    </p>
   </div>
   <div class='ocr_carea' id='block_1_11' title="bbox 1018 475 1849 522">
    <p class='ocr_par' dir='ltr' id='par_1_11' title="bbox 1018 475 1849 522">
     <span class='ocr_line' id='line_1_48' title="bbox 1018 475 1849 522; baseline 0.012 -18"><span class='ocrx_word' id='word_1_336' title='bbox 1018 484 1067 511; x_wconf 85' lang='grc' dir='ltr'><strong>την</strong></span> <span class='ocrx_word' id='word_1_337' title='bbox 1080 475 1130 512; x_wconf 83' lang='grc' dir='ltr'><strong>τὴν</strong></span> <span class='ocrx_word' id='word_1_338' title='bbox 1146 477 1223 517; x_wconf 74' lang='grc' dir='ltr'>ἁγίαν</span> <span class='ocrx_word' id='word_1_339' title='bbox 1237 479 1326 518; x_wconf 82' lang='grc' dir='ltr'>φωνὴν</span> <span class='ocrx_word' id='word_1_340' title='bbox 1339 480 1455 521; x_wconf 85' lang='grc' dir='ltr'>Κυρίου,</span> <span class='ocrx_word' id='word_1_341' title='bbox 1470 479 1524 518; x_wconf 41' lang='grc' dir='ltr'><strong>τὴνΧ</strong></span> <span class='ocrx_word' id='word_1_342' title='bbox 1534 479 1673 522; x_wconf 77' lang='grc' dir='ltr'>βασιλικὴν</span> <span class='ocrx_word' id='word_1_343' title='bbox 1688 482 1790 517; x_wconf 82' lang='grc' dir='ltr'>δοξολο-</span> <span class='ocrx_word' id='word_1_344' title='bbox 1839 500 1849 505; x_wconf 49' lang='grc' dir='ltr'><em>ν</em></span> 
     </span>
    </p>
   </div>
   <div class='ocr_carea' id='block_1_12' title="bbox 1014 522 1791 795">
    <p class='ocr_par' dir='ltr' id='par_1_12' title="bbox 1014 522 1791 795">
     <span class='ocr_line' id='line_1_49' title="bbox 1017 522 1791 567; baseline 0.01 -17"><span class='ocrx_word' id='word_1_345' title='bbox 1017 522 1087 561; x_wconf 92' lang='grc' dir='ltr'>γίαν,</span> <span class='ocrx_word' id='word_1_346' title='bbox 1102 522 1201 559; x_wconf 82' lang='grc' dir='ltr'>ταύτην</span> <span class='ocrx_word' id='word_1_347' title='bbox 1211 523 1260 560; x_wconf 80' lang='grc' dir='ltr'><strong>τὴν</strong></span> <span class='ocrx_word' id='word_1_348' title='bbox 1271 524 1356 556; x_wconf 84' lang='grc' dir='ltr'>ἔνθεον</span> <span class='ocrx_word' id='word_1_349' title='bbox 1369 527 1566 567; x_wconf 84' lang='grc' dir='ltr'>μυσταγωγίαν,</span> <span class='ocrx_word' id='word_1_350' title='bbox 1577 527 1656 567; x_wconf 69' lang='grc' dir='ltr'>’ἔλεγε</span> <span class='ocrx_word' id='word_1_351' title='bbox 1670 528 1791 558; x_wconf 74' lang='grc' dir='ltr'>διαὸολι-</span> 
     </span>
     <span class='ocr_line' id='line_1_50' title="bbox 1017 567 1789 614; baseline 0.01 -18"><span class='ocrx_word' id='word_1_352' title='bbox 1017 567 1063 597; x_wconf 84' lang='grc' dir='ltr'><strong>κὸν</strong></span> <span class='ocrx_word' id='word_1_353' title='bbox 1084 568 1187 608; x_wconf 83' lang='grc' dir='ltr'>στόμα,</span> <span class='ocrx_word' id='word_1_354' title='bbox 1209 570 1314 610; x_wconf 75' lang='grc' dir='ltr'>περίελε</span> <span class='ocrx_word' id='word_1_355' title='bbox 1331 571 1384 602; x_wconf 81' lang='grc' dir='ltr'><strong>ἀπὸ</strong></span> <span class='ocrx_word' id='word_1_356' title='bbox 1401 575 1447 601; x_wconf 78' lang='grc' dir='ltr'><strong>τοῦ</strong></span> <span class='ocrx_word' id='word_1_357' title='bbox 1464 573 1660 614; x_wconf 87' lang='grc' dir='ltr'>θυσιαστηρίου.</span> <span class='ocrx_word' id='word_1_358' title='bbox 1675 573 1740 604; x_wconf 86' lang='grc' dir='ltr'><strong>Ὅτι</strong></span> <span class='ocrx_word' id='word_1_359' title='bbox 1761 574 1789 604; x_wconf 84' lang='grc' dir='ltr'>δὲ</span> 
     </span>
     <span class='ocr_line' id='line_1_51' title="bbox 1016 615 1788 660; baseline 0.008 -17"><span class='ocrx_word' id='word_1_360' title='bbox 1016 616 1075 643; x_wconf 85' lang='grc' dir='ltr'>κατ’</span> <span class='ocrx_word' id='word_1_361' title='bbox 1091 615 1170 644; x_wconf 78' lang='grc' dir='ltr'>αὐτοῦ</span> <span class='ocrx_word' id='word_1_362' title='bbox 1188 618 1236 645; x_wconf 88' lang='grc' dir='ltr'><strong>τοῦ</strong></span> <span class='ocrx_word' id='word_1_363' title='bbox 1247 617 1363 656; x_wconf 81' lang='grc' dir='ltr'>Χριστοῦ</span> <span class='ocrx_word' id='word_1_364' title='bbox 1376 622 1459 659; x_wconf 81' lang='grc' dir='ltr'>χωρεῖ</span> <span class='ocrx_word' id='word_1_365' title='bbox 1469 620 1487 654; x_wconf 83' lang='grc' dir='ltr'>ἡ</span> <span class='ocrx_word' id='word_1_366' title='bbox 1500 619 1672 660; x_wconf 81' lang='grc' dir='ltr'>βλασφημία,</span> <span class='ocrx_word' id='word_1_367' title='bbox 1688 619 1757 655; x_wconf 85' lang='grc' dir='ltr'>δήλη</span> <span class='ocrx_word' id='word_1_368' title='bbox 1769 622 1788 656; x_wconf 83' lang='grc' dir='ltr'>ἡ</span> 
     </span>
     <span class='ocr_line' id='line_1_52' title="bbox 1017 657 1789 706; baseline 0.009 -17"><span class='ocrx_word' id='word_1_369' title='bbox 1017 660 1156 700; x_wconf 85' lang='grc' dir='ltr'>μαρτυρία.</span> <span class='ocrx_word' id='word_1_370' title='bbox 1179 661 1249 691; x_wconf 89' lang='grc' dir='ltr'>Τίνα</span> <span class='ocrx_word' id='word_1_371' title='bbox 1268 657 1335 692; x_wconf 79' lang='grc' dir='ltr'>εἶδεν</span> <span class='ocrx_word' id='word_1_372' title='bbox 1357 662 1470 698; x_wconf 79' lang='grc' dir='ltr'>Ἡσαΐας</span> <span class='ocrx_word' id='word_1_373' title='bbox 1487 666 1515 694; x_wconf 76' lang='grc' dir='ltr'><strong>ἐν</strong></span> <span class='ocrx_word' id='word_1_374' title='bbox 1533 667 1572 704; x_wconf 79' lang='grc' dir='ltr'><strong>τῷ</strong></span> <span class='ocrx_word' id='word_1_375' title='bbox 1590 665 1687 706; x_wconf 83' lang='grc' dir='ltr'>θρόνῳ;</span> <span class='ocrx_word' id='word_1_376' title='bbox 1708 665 1789 705; x_wconf 81' lang='grc' dir='ltr'>Λέγει</span> 
     </span>
     <span class='ocr_line' id='line_1_53' title="bbox 1014 705 1788 749; baseline 0.008 -14"><span class='ocrx_word' id='word_1_377' title='bbox 1014 706 1082 746; x_wconf 86' lang='grc' dir='ltr'>γάρ·</span> <span class='ocrx_word' id='word_1_378' title='bbox 1103 705 1226 737; x_wconf 85' lang='grc' dir='ltr'>Ἤκουσα</span> <span class='ocrx_word' id='word_1_379' title='bbox 1243 708 1331 748; x_wconf 81' lang='grc' dir='ltr'>φωνὴν</span> <span class='ocrx_word' id='word_1_380' title='bbox 1351 709 1450 749; x_wconf 85' lang='grc' dir='ltr'>Κυρίου</span> <span class='ocrx_word' id='word_1_381' title='bbox 1472 710 1610 749; x_wconf 86' lang='grc' dir='ltr'>λέγοντος·</span> <span class='ocrx_word' id='word_1_382' title='bbox 1635 711 1696 740; x_wconf 91' lang='grc' dir='ltr'>τίνα</span> <span class='ocrx_word' id='word_1_383' title='bbox 1718 713 1788 741; x_wconf 83' lang='grc' dir='ltr'>ἀπο-</span> 
     </span>
     <span class='ocr_line' id='line_1_54' title="bbox 1016 752 1788 795; baseline 0.008 -14"><span class='ocrx_word' id='word_1_384' title='bbox 1016 752 1125 789; x_wconf 86' lang='grc' dir='ltr'>στείλω;</span> <span class='ocrx_word' id='word_1_385' title='bbox 1148 753 1193 782; x_wconf 78' lang='grc' dir='ltr'><strong>καὶ</strong></span> <span class='ocrx_word' id='word_1_386' title='bbox 1214 755 1254 787; x_wconf 87' lang='grc' dir='ltr'><strong>τίς</strong></span> <span class='ocrx_word' id='word_1_387' title='bbox 1273 754 1432 795; x_wconf 81' lang='grc' dir='ltr'>πορεύσεται</span> <span class='ocrx_word' id='word_1_388' title='bbox 1451 756 1519 795; x_wconf 78' lang='grc' dir='ltr'>πρὸς</span> <span class='ocrx_word' id='word_1_389' title='bbox 1533 755 1578 786; x_wconf 81' lang='grc' dir='ltr'><strong>τὸν</strong></span> <span class='ocrx_word' id='word_1_390' title='bbox 1596 756 1660 786; x_wconf 82' lang='grc' dir='ltr'>λαὸν</span> <span class='ocrx_word' id='word_1_391' title='bbox 1679 758 1788 794; x_wconf 62' lang='grc' dir='ltr'>τοῦτ-οη</span> 
     </span>
    </p>
   </div>
   <div class='ocr_carea' id='block_1_13' title="bbox 1016 799 1788 843">
    <p class='ocr_par' dir='ltr' id='par_1_13' title="bbox 1016 799 1788 843">
     <span class='ocr_line' id='line_1_55' title="bbox 1016 799 1788 843; baseline 0.006 -15"><span class='ocrx_word' id='word_1_392' title='bbox 1016 799 1179 839; x_wconf 82' lang='grc' dir='ltr'>Κατηλλάγη</span> <span class='ocrx_word' id='word_1_393' title='bbox 1194 799 1242 839; x_wconf 80' lang='grc' dir='ltr'><strong>μὲν</strong></span> <span class='ocrx_word' id='word_1_394' title='bbox 1258 802 1297 841; x_wconf 86' lang='grc' dir='ltr'><strong>τῷ</strong></span> <span class='ocrx_word' id='word_1_395' title='bbox 1317 801 1417 842; x_wconf 80' lang='grc' dir='ltr'>δούλῳ,</span> <span class='ocrx_word' id='word_1_396' title='bbox 1437 802 1527 841; x_wconf 81' lang='grc' dir='ltr'>ἀκμὴν</span> <span class='ocrx_word' id='word_1_397' title='bbox 1541 802 1569 832; x_wconf 85' lang='grc' dir='ltr'>δὲ</span> <span class='ocrx_word' id='word_1_398' title='bbox 1582 802 1673 843; x_wconf 76' lang='grc' dir='ltr'>ἔφερεν</span> <span class='ocrx_word' id='word_1_399' title='bbox 1688 804 1788 843; x_wconf 74' lang='grc' dir='ltr'>ἀγανα-</span> 
     </span>
    </p>
   </div>
   <div class='ocr_carea' id='block_1_14' title="bbox 1015 845 1852 889">
    <p class='ocr_par' dir='ltr' id='par_1_14' title="bbox 1015 845 1852 889">
     <span class='ocr_line' id='line_1_56' title="bbox 1015 845 1852 889; baseline 0.007 -15"><span class='ocrx_word' id='word_1_400' title='bbox 1015 845 1142 881; x_wconf 78' lang='grc' dir='ltr'>κτήσεως.</span> <span class='ocrx_word' id='word_1_401' title='bbox 1157 845 1261 887; x_wconf 85' lang='grc' dir='ltr'>Ὥσπερ</span> <span class='ocrx_word' id='word_1_402' title='bbox 1276 849 1353 886; x_wconf 82' lang='grc' dir='ltr'>ἡμεῖς</span> <span class='ocrx_word' id='word_1_403' title='bbox 1366 848 1411 877; x_wconf 76' lang='grc' dir='ltr'><strong>ἐὰν</strong></span> <span class='ocrx_word' id='word_1_404' title='bbox 1426 849 1611 888; x_wconf 76' lang='grc' dir='ltr'>διαλλαγῶμεν</span> <span class='ocrx_word' id='word_1_405' title='bbox 1622 849 1730 889; x_wconf 78' lang='grc' dir='ltr'>οἰκέτῃ,</span> <span class='ocrx_word' id='word_1_406' title='bbox 1740 850 1790 879; x_wconf 75' lang='grc' dir='ltr'><strong>οὐκ</strong></span> <span class='ocrx_word' id='word_1_407' title='bbox 1850 868 1852 870; x_wconf 83' lang='grc'><em>·</em></span> 
     </span>
    </p>
   </div>
   <div class='ocr_carea' id='block_1_15' title="bbox 1013 890 1789 1302">
    <p class='ocr_par' dir='ltr' id='par_1_15' title="bbox 1013 890 1789 1302">
     <span class='ocr_line' id='line_1_57' title="bbox 1016 890 1789 935; baseline 0.006 -15"><span class='ocrx_word' id='word_1_408' title='bbox 1016 890 1108 925; x_wconf 80' lang='grc' dir='ltr'>εὖθέως</span> <span class='ocrx_word' id='word_1_409' title='bbox 1122 893 1193 932; x_wconf 74' lang='grc' dir='ltr'>αὐτῷ</span> <span class='ocrx_word' id='word_1_410' title='bbox 1210 892 1241 922; x_wconf 80' lang='grc' dir='ltr'><strong>τὸ</strong></span> <span class='ocrx_word' id='word_1_411' title='bbox 1258 892 1318 923; x_wconf 83' lang='grc' dir='ltr'>ὅλον</span> <span class='ocrx_word' id='word_1_412' title='bbox 1334 893 1409 933; x_wconf 80' lang='grc' dir='ltr'>ὄμμα</span> <span class='ocrx_word' id='word_1_413' title='bbox 1425 896 1600 934; x_wconf 85' lang='grc' dir='ltr'>χαριζόμεθα,</span> <span class='ocrx_word' id='word_1_414' title='bbox 1617 894 1687 925; x_wconf 82' lang='grc' dir='ltr'>ἀλλὰ</span> <span class='ocrx_word' id='word_1_415' title='bbox 1699 895 1789 935; x_wconf 85' lang='grc' dir='ltr'>ἠρέμα</span> 
     </span>
     <span class='ocr_line' id='line_1_58' title="bbox 1015 937 1789 980; baseline 0.006 -14"><span class='ocrx_word' id='word_1_416' title='bbox 1015 937 1215 976; x_wconf 76' lang='grc' dir='ltr'>ὖποκλέπτομεν</span> <span class='ocrx_word' id='word_1_417' title='bbox 1225 938 1272 975; x_wconf 74' lang='grc' dir='ltr'><strong>τὴν</strong></span> <span class='ocrx_word' id='word_1_418' title='bbox 1284 938 1343 979; x_wconf 80' lang='grc' dir='ltr'>ὄψιν</span> <span class='ocrx_word' id='word_1_419' title='bbox 1353 951 1360 958; x_wconf 92' lang='grc'>·</span> <span class='ocrx_word' id='word_1_420' title='bbox 1370 940 1452 974; x_wconf 78' lang='grc' dir='ltr'>οὕτως</span> <span class='ocrx_word' id='word_1_421' title='bbox 1460 942 1474 969; x_wconf 99' lang='lat'>6</span> <span class='ocrx_word' id='word_1_422' title='bbox 1484 940 1553 974; x_wconf 83' lang='grc' dir='ltr'>Θεὸς</span> <span class='ocrx_word' id='word_1_423' title='bbox 1564 941 1602 980; x_wconf 84' lang='grc' dir='ltr'>μὴ</span> <span class='ocrx_word' id='word_1_424' title='bbox 1614 941 1697 971; x_wconf 81' lang='grc' dir='ltr'>θέλων</span> <span class='ocrx_word' id='word_1_425' title='bbox 1707 941 1789 976; x_wconf 83' lang='grc' dir='ltr'>δεῖξαι</span> 
     </span>
     <span class='ocr_line' id='line_1_59' title="bbox 1016 982 1788 1026; baseline 0.008 -15"><span class='ocrx_word' id='word_1_426' title='bbox 1016 982 1076 1012; x_wconf 81' lang='grc' dir='ltr'>ὅλον</span> <span class='ocrx_word' id='word_1_427' title='bbox 1089 982 1119 1012; x_wconf 88' lang='grc' dir='ltr'><strong>τὸ</strong></span> <span class='ocrx_word' id='word_1_428' title='bbox 1132 983 1283 1023; x_wconf 84' lang='grc' dir='ltr'>πρόσωπον,</span> <span class='ocrx_word' id='word_1_429' title='bbox 1297 986 1410 1020; x_wconf 72' lang='grc' dir='ltr'>ἑστῶτος</span> <span class='ocrx_word' id='word_1_430' title='bbox 1426 982 1523 1023; x_wconf 57' lang='grc' dir='ltr'>αὐτοῦ’,</span> <span class='ocrx_word' id='word_1_431' title='bbox 1542 986 1627 1026; x_wconf 82' lang='grc' dir='ltr'>λέγει·</span> <span class='ocrx_word' id='word_1_432' title='bbox 1642 987 1709 1017; x_wconf 90' lang='grc' dir='ltr'>Τίνα</span> <span class='ocrx_word' id='word_1_433' title='bbox 1722 989 1788 1017; x_wconf 84' lang='grc' dir='ltr'>ἀπο-</span> 
     </span>
     <span class='ocr_line' id='line_1_60' title="bbox 1015 1025 1788 1070; baseline 0.006 -12"><span class='ocrx_word' id='word_1_434' title='bbox 1015 1028 1127 1065; x_wconf 69' lang='grc' dir='ltr'>στείλως</span> <span class='ocrx_word' id='word_1_435' title='bbox 1140 1029 1245 1068; x_wconf 80' lang='grc' dir='ltr'>Ὥσπερ</span> <span class='ocrx_word' id='word_1_436' title='bbox 1257 1029 1302 1060; x_wconf 75' lang='grc' dir='ltr'><strong>ἐὰν</strong></span> <span class='ocrx_word' id='word_1_437' title='bbox 1314 1025 1365 1060; x_wconf 68' lang='grc' dir='ltr'><strong>ὦσι</strong></span> <span class='ocrx_word' id='word_1_438' title='bbox 1376 1032 1463 1062; x_wconf 78' lang='grc' dir='ltr'>δοῦλοι</span> <span class='ocrx_word' id='word_1_439' title='bbox 1472 1033 1584 1066; x_wconf 75' lang='grc' dir='ltr'>ἑστῶτες</span> <span class='ocrx_word' id='word_1_440' title='bbox 1595 1032 1640 1062; x_wconf 74' lang='grc' dir='ltr'><strong>ἐπὶ</strong></span> <span class='ocrx_word' id='word_1_441' title='bbox 1650 1032 1788 1070; x_wconf 76' lang='grc' dir='ltr'>δεσπότου,</span> 
     </span>
     <span class='ocr_line' id='line_1_61' title="bbox 1015 1074 1787 1119; baseline 0.006 -16"><span class='ocrx_word' id='word_1_442' title='bbox 1015 1074 1060 1104; x_wconf 76' lang='grc' dir='ltr'><strong>καὶ</strong></span> <span class='ocrx_word' id='word_1_443' title='bbox 1083 1074 1146 1113; x_wconf 83' lang='grc' dir='ltr'>θέλῃ</span> <span class='ocrx_word' id='word_1_444' title='bbox 1170 1077 1256 1105; x_wconf 79' lang='grc' dir='ltr'>αὐτῶν</span> <span class='ocrx_word' id='word_1_445' title='bbox 1284 1077 1440 1117; x_wconf 76' lang='grc' dir='ltr'>μέμψασθαι</span> <span class='ocrx_word' id='word_1_446' title='bbox 1466 1077 1514 1114; x_wconf 77' lang='grc' dir='ltr'><strong>τὴν</strong></span> <span class='ocrx_word' id='word_1_447' title='bbox 1539 1078 1678 1118; x_wconf 72' lang='grc' dir='ltr'>ρᾳθυμίαν,</span> <span class='ocrx_word' id='word_1_448' title='bbox 1701 1079 1787 1119; x_wconf 83' lang='grc' dir='ltr'>λέγει·</span> 
     </span>
     <span class='ocr_line' id='line_1_62' title="bbox 1014 1120 1787 1164; baseline 0.005 -14"><span class='ocrx_word' id='word_1_449' title='bbox 1014 1120 1084 1150; x_wconf 84' lang='grc' dir='ltr'>Τίνα</span> <span class='ocrx_word' id='word_1_450' title='bbox 1096 1121 1262 1158; x_wconf 84' lang='grc' dir='ltr'>ἄποστείλω;</span> <span class='ocrx_word' id='word_1_451' title='bbox 1278 1123 1326 1156; x_wconf 85' lang='grc' dir='ltr'><strong>Εἷς</strong></span> <span class='ocrx_word' id='word_1_452' title='bbox 1339 1121 1419 1160; x_wconf 65' lang='grc' dir='ltr'>τήνδε</span> <span class='ocrx_word' id='word_1_453' title='bbox 1437 1123 1485 1159; x_wconf 76' lang='grc' dir='ltr'><strong>τὴν</strong></span> <span class='ocrx_word' id='word_1_454' title='bbox 1504 1123 1597 1163; x_wconf 82' lang='grc' dir='ltr'>χρείαν</span> <span class='ocrx_word' id='word_1_455' title='bbox 1611 1125 1659 1153; x_wconf 78' lang='grc' dir='ltr'><strong>οὐκ</strong></span> <span class='ocrx_word' id='word_1_456' title='bbox 1672 1123 1726 1164; x_wconf 86' lang='grc' dir='ltr'>ἔχω</span> <span class='ocrx_word' id='word_1_457' title='bbox 1738 1124 1787 1154; x_wconf 83' lang='grc' dir='ltr'><strong>ἄν-</strong></span> 
     </span>
     <span class='ocr_line' id='line_1_63' title="bbox 1014 1168 1789 1210; baseline 0.005 -14"><span class='ocrx_word' id='word_1_458' title='bbox 1014 1168 1126 1206; x_wconf 86' lang='grc' dir='ltr'>θρωπον·</span> <span class='ocrx_word' id='word_1_459' title='bbox 1141 1169 1191 1208; x_wconf 82' lang='grc' dir='ltr'><strong>οὐχ</strong></span> <span class='ocrx_word' id='word_1_460' title='bbox 1199 1170 1235 1201; x_wconf 80' lang='grc' dir='ltr'><strong>ὡς</strong></span> <span class='ocrx_word' id='word_1_461' title='bbox 1248 1168 1285 1207; x_wconf 81' lang='grc' dir='ltr'>μὴ</span> <span class='ocrx_word' id='word_1_462' title='bbox 1299 1169 1378 1209; x_wconf 86' lang='grc' dir='ltr'>ἔχων,</span> <span class='ocrx_word' id='word_1_463' title='bbox 1389 1170 1449 1199; x_wconf 71' lang='grc' dir='ltr'>ἀλλ’</span> <span class='ocrx_word' id='word_1_464' title='bbox 1458 1171 1494 1203; x_wconf 82' lang='grc' dir='ltr'><strong>ὡς</strong></span> <span class='ocrx_word' id='word_1_465' title='bbox 1506 1170 1646 1199; x_wconf 82' lang='grc' dir='ltr'>σπουδαῖον</span> <span class='ocrx_word' id='word_1_466' title='bbox 1659 1170 1696 1209; x_wconf 83' lang='grc' dir='ltr'>μὴ</span> <span class='ocrx_word' id='word_1_467' title='bbox 1708 1170 1789 1210; x_wconf 85' lang='grc' dir='ltr'>ἔχων.</span> 
     </span>
     <span class='ocr_line' id='line_1_64' title="bbox 1014 1212 1788 1253; baseline 0.006 -12"><span class='ocrx_word' id='word_1_468' title='bbox 1014 1212 1094 1242; x_wconf 74' lang='grc' dir='ltr'>Οὕτω</span> <span class='ocrx_word' id='word_1_469' title='bbox 1105 1213 1150 1242; x_wconf 74' lang='grc' dir='ltr'><strong>καὶ</strong></span> <span class='ocrx_word' id='word_1_470' title='bbox 1160 1216 1176 1243; x_wconf 90' lang='lat'>6</span> <span class='ocrx_word' id='word_1_471' title='bbox 1188 1214 1257 1247; x_wconf 86' lang='grc' dir='ltr'>Θεός</span> <span class='ocrx_word' id='word_1_472' title='bbox 1266 1226 1272 1232; x_wconf 92' lang='grc'>·</span> <span class='ocrx_word' id='word_1_473' title='bbox 1287 1214 1347 1244; x_wconf 87' lang='grc' dir='ltr'>τίνα</span> <span class='ocrx_word' id='word_1_474' title='bbox 1363 1214 1513 1245; x_wconf 76' lang='grc' dir='ltr'>ἀποστείλω</span> <span class='ocrx_word' id='word_1_475' title='bbox 1527 1215 1603 1245; x_wconf 73' lang='grc' dir='ltr'>’ἀντὶ</span> <span class='ocrx_word' id='word_1_476' title='bbox 1622 1215 1730 1253; x_wconf 69' lang='grc' dir='ltr'>τούτους</span> <span class='ocrx_word' id='word_1_477' title='bbox 1743 1216 1788 1246; x_wconf 86' lang='grc' dir='ltr'><strong>τὸν</strong></span> 
     </span>
     <span class='ocr_line' id='line_1_65' title="bbox 1013 1257 1787 1302; baseline 0.006 -16"><span class='ocrx_word' id='word_1_478' title='bbox 1013 1258 1185 1294; x_wconf 78' lang='grc' dir='ltr'>σιωπήσαντα</span> <span class='ocrx_word' id='word_1_479' title='bbox 1194 1282 1202 1296; x_wconf 91' lang='grc'>,</span> <span class='ocrx_word' id='word_1_480' title='bbox 1215 1261 1260 1288; x_wconf 80' lang='grc' dir='ltr'><strong>τὸν</strong></span> <span class='ocrx_word' id='word_1_481' title='bbox 1268 1259 1441 1299; x_wconf 53' lang='grc' dir='ltr'>’πολεμοῦντα</span> <span class='ocrx_word' id='word_1_482' title='bbox 1454 1261 1503 1297; x_wconf 82' lang='grc' dir='ltr'><strong>τὴν</strong></span> <span class='ocrx_word' id='word_1_483' title='bbox 1519 1262 1680 1302; x_wconf 72' lang='grc' dir='ltr'>ἱερωσύνην,</span> <span class='ocrx_word' id='word_1_484' title='bbox 1694 1262 1730 1292; x_wconf 88' lang='grc' dir='ltr'><strong>Τί</strong></span> <span class='ocrx_word' id='word_1_485' title='bbox 1743 1257 1787 1291; x_wconf 62' lang='grc' dir='ltr'><strong>οὖν</strong></span> 
     </span>
    </p>
   </div>
   <div class='ocr_carea' id='block_1_16' title="bbox 978 1303 1788 1347">
    <p class='ocr_par' dir='ltr' id='par_1_16' title="bbox 978 1303 1788 1347">
     <span class='ocr_line' id='line_1_66' title="bbox 978 1303 1788 1347; baseline 0.006 -15"><span class='ocrx_word' id='word_1_486' title='bbox 978 1316 987 1324; x_wconf 84' lang='grc'><em>·</em></span> <span class='ocrx_word' id='word_1_487' title='bbox 1012 1303 1127 1338; x_wconf 69' lang='grc' dir='ltr'>Ἱὶσαΐας</span> <span class='ocrx_word' id='word_1_488' title='bbox 1135 1316 1144 1343; x_wconf 85' lang='lat'>;</span> <span class='ocrx_word' id='word_1_489' title='bbox 1159 1304 1206 1338; x_wconf 84' lang='grc' dir='ltr'><strong>Ὡς</strong></span> <span class='ocrx_word' id='word_1_490' title='bbox 1219 1306 1324 1342; x_wconf 77' lang='grc' dir='ltr'>οἰκέτης</span> <span class='ocrx_word' id='word_1_491' title='bbox 1338 1308 1365 1335; x_wconf 89' lang='grc' dir='ltr'><strong>ἐν</strong></span> <span class='ocrx_word' id='word_1_492' title='bbox 1379 1306 1555 1346; x_wconf 82' lang='grc' dir='ltr'>προσκρούσει</span> <span class='ocrx_word' id='word_1_493' title='bbox 1572 1307 1728 1347; x_wconf 76' lang='grc' dir='ltr'>γενόμενος,</span> <span class='ocrx_word' id='word_1_494' title='bbox 1742 1307 1788 1337; x_wconf 74' lang='grc' dir='ltr'><strong>καὶ</strong></span> 
     </span>
    </p>
   </div>
   <div class='ocr_carea' id='block_1_17' title="bbox 1011 1351 1788 1670">
    <p class='ocr_par' dir='ltr' id='par_1_17' title="bbox 1011 1351 1788 1670">
     <span class='ocr_line' id='line_1_67' title="bbox 1013 1351 1788 1394; baseline 0.006 -15"><span class='ocrx_word' id='word_1_495' title='bbox 1013 1351 1132 1390; x_wconf 76' lang='grc' dir='ltr'>δηχθεὶς,</span> <span class='ocrx_word' id='word_1_496' title='bbox 1146 1351 1191 1380; x_wconf 78' lang='grc' dir='ltr'><strong>καὶ</strong></span> <span class='ocrx_word' id='word_1_497' title='bbox 1205 1351 1324 1381; x_wconf 79' lang='grc' dir='ltr'>σπεύδων</span> <span class='ocrx_word' id='word_1_498' title='bbox 1339 1352 1406 1392; x_wconf 83' lang='grc' dir='ltr'>ὖπὲρ</span> <span class='ocrx_word' id='word_1_499' title='bbox 1424 1354 1476 1382; x_wconf 86' lang='grc' dir='ltr'><strong>τῶν</strong></span> <span class='ocrx_word' id='word_1_500' title='bbox 1488 1352 1600 1392; x_wconf 67' lang='grc' dir='ltr'>πρέπων</span> <span class='ocrx_word' id='word_1_501' title='bbox 1618 1353 1788 1394; x_wconf 71' lang='grc' dir='ltr'>ἀπολογήσα-</span> 
     </span>
     <span class='ocr_line' id='line_1_68' title="bbox 1012 1395 1787 1439; baseline 0.005 -14"><span class='ocrx_word' id='word_1_502' title='bbox 1012 1399 1088 1425; x_wconf 88' lang='grc' dir='ltr'>σθαι·</span> <span class='ocrx_word' id='word_1_503' title='bbox 1103 1396 1170 1426; x_wconf 79' lang='grc' dir='ltr'>Ἰδοὺ</span> <span class='ocrx_word' id='word_1_504' title='bbox 1184 1397 1236 1437; x_wconf 79' lang='grc' dir='ltr'>ἐγὼ</span> <span class='ocrx_word' id='word_1_505' title='bbox 1245 1420 1255 1434; x_wconf 89' lang='grc'>,</span> <span class='ocrx_word' id='word_1_506' title='bbox 1271 1398 1427 1428; x_wconf 85' lang='grc' dir='ltr'>ἀπόστειλόν</span> <span class='ocrx_word' id='word_1_507' title='bbox 1439 1410 1484 1437; x_wconf 84' lang='grc' dir='ltr'><strong>με.</strong></span> <span class='ocrx_word' id='word_1_508' title='bbox 1498 1398 1585 1428; x_wconf 84' lang='grc' dir='ltr'>Πόθεν</span> <span class='ocrx_word' id='word_1_509' title='bbox 1595 1395 1639 1429; x_wconf 68' lang='grc' dir='ltr'><strong>οῧν</strong></span> <span class='ocrx_word' id='word_1_510' title='bbox 1652 1400 1787 1439; x_wconf 81' lang='grc' dir='ltr'>δείξωμεν,</span> 
     </span>
     <span class='ocr_line' id='line_1_69' title="bbox 1012 1439 1786 1485; baseline 0.005 -14"><span class='ocrx_word' id='word_1_511' title='bbox 1012 1441 1052 1471; x_wconf 81' lang='grc' dir='ltr'><strong>ὅτι</strong></span> <span class='ocrx_word' id='word_1_512' title='bbox 1060 1443 1178 1482; x_wconf 78' lang='grc' dir='ltr'>Χριστοῦ</span> <span class='ocrx_word' id='word_1_513' title='bbox 1187 1439 1219 1480; x_wconf 75' lang='grc' dir='ltr'><strong>ἦν</strong></span> <span class='ocrx_word' id='word_1_514' title='bbox 1230 1446 1247 1479; x_wconf 83' lang='grc' dir='ltr'>ἡ</span> <span class='ocrx_word' id='word_1_515' title='bbox 1258 1443 1333 1480; x_wconf 72' lang='grc' dir='ltr'>δόξα,</span> <span class='ocrx_word' id='word_1_516' title='bbox 1345 1444 1425 1484; x_wconf 78' lang='grc' dir='ltr'>Λέγει</span> <span class='ocrx_word' id='word_1_517' title='bbox 1431 1444 1556 1480; x_wconf 76' lang='grc' dir='ltr'>Ἰωάννης</span> <span class='ocrx_word' id='word_1_518' title='bbox 1565 1446 1579 1474; x_wconf 80' lang='grc' dir='ltr'>ὁ</span> <span class='ocrx_word' id='word_1_519' title='bbox 1587 1446 1786 1485; x_wconf 77' lang='grc' dir='ltr'>εὐαγγελιστής·</span> 
     </span>
     <span class='ocr_line' id='line_1_70' title="bbox 1012 1488 1787 1529; baseline 0.005 -12"><span class='ocrx_word' id='word_1_520' title='bbox 1012 1489 1131 1518; x_wconf 82' lang='grc' dir='ltr'>Τοιαῦτα</span> <span class='ocrx_word' id='word_1_521' title='bbox 1144 1488 1172 1518; x_wconf 83' lang='grc' dir='ltr'>δὲ</span> <span class='ocrx_word' id='word_1_522' title='bbox 1186 1494 1284 1529; x_wconf 88' lang='grc' dir='ltr'>σημεῖα</span> <span class='ocrx_word' id='word_1_523' title='bbox 1297 1490 1473 1526; x_wconf 82' lang='grc' dir='ltr'>πεποιηκότος</span> <span class='ocrx_word' id='word_1_524' title='bbox 1486 1493 1531 1520; x_wconf 78' lang='grc' dir='ltr'><strong>τοῦ</strong></span> <span class='ocrx_word' id='word_1_525' title='bbox 1548 1491 1636 1528; x_wconf 81' lang='grc' dir='ltr'>Ἰησοῦ</span> <span class='ocrx_word' id='word_1_526' title='bbox 1644 1514 1653 1528; x_wconf 84' lang='lat'><strong>,</strong></span> <span class='ocrx_word' id='word_1_527' title='bbox 1667 1493 1716 1521; x_wconf 67' lang='grc' dir='ltr'><strong>οὐκ</strong></span> <span class='ocrx_word' id='word_1_528' title='bbox 1725 1492 1787 1521; x_wconf 81' lang='grc' dir='ltr'>ἐπί-</span> 
     </span>
     <span class='ocr_line' id='line_1_71' title="bbox 1012 1531 1787 1577; baseline 0.005 -14"><span class='ocrx_word' id='word_1_529' title='bbox 1012 1546 1123 1564; x_wconf 89' lang='grc' dir='ltr'>στευσαν</span> <span class='ocrx_word' id='word_1_530' title='bbox 1146 1536 1218 1576; x_wconf 82' lang='grc' dir='ltr'>αὐτῷ</span> <span class='ocrx_word' id='word_1_531' title='bbox 1234 1536 1374 1574; x_wconf 84' lang='grc' dir='ltr'>Ἰουδαῖοι,</span> <span class='ocrx_word' id='word_1_532' title='bbox 1396 1536 1441 1566; x_wconf 79' lang='grc' dir='ltr'><strong>ἵνα</strong></span> <span class='ocrx_word' id='word_1_533' title='bbox 1461 1536 1592 1577; x_wconf 76' lang='grc' dir='ltr'>πληρωθῇ</span> <span class='ocrx_word' id='word_1_534' title='bbox 1606 1537 1638 1567; x_wconf 83' lang='grc' dir='ltr'><strong>τὸ</strong></span> <span class='ocrx_word' id='word_1_535' title='bbox 1651 1537 1728 1577; x_wconf 79' lang='grc' dir='ltr'>ῥηθὲν</span> <span class='ocrx_word' id='word_1_536' title='bbox 1743 1531 1787 1567; x_wconf 79' lang='grc' dir='ltr'>διὰ</span> 
     </span>
     <span class='ocr_line' id='line_1_72' title="bbox 1011 1580 1788 1621; baseline 0.005 -12"><span class='ocrx_word' id='word_1_537' title='bbox 1011 1580 1136 1610; x_wconf 86' lang='grc' dir='ltr'>Ἡσαΐου·</span> <span class='ocrx_word' id='word_1_538' title='bbox 1150 1581 1383 1621; x_wconf 80' lang='grc' dir='ltr'>Ἀκοῇ-ἀκούσετε,</span> <span class='ocrx_word' id='word_1_539' title='bbox 1404 1582 1452 1612; x_wconf 80' lang='grc' dir='ltr'><strong>καὶ</strong></span> <span class='ocrx_word' id='word_1_540' title='bbox 1471 1584 1500 1612; x_wconf 81' lang='grc' dir='ltr'><strong>οὗ</strong></span> <span class='ocrx_word' id='word_1_541' title='bbox 1522 1582 1560 1621; x_wconf 84' lang='grc' dir='ltr'>μὴ</span> <span class='ocrx_word' id='word_1_542' title='bbox 1575 1585 1679 1618; x_wconf 76' lang='grc' dir='ltr'>συνῆτε.</span> <span class='ocrx_word' id='word_1_543' title='bbox 1692 1584 1788 1613; x_wconf 85' lang='grc' dir='ltr'>Ταῦτα</span> 
     </span>
     <span class='ocr_line' id='line_1_73' title="bbox 1012 1621 1788 1670; baseline 0.005 -15"><span class='ocrx_word' id='word_1_544' title='bbox 1012 1626 1040 1656; x_wconf 83' lang='grc' dir='ltr'>δὲ</span> <span class='ocrx_word' id='word_1_545' title='bbox 1053 1621 1187 1662; x_wconf 76' lang='grc' dir='ltr'>εἷπεν,ὅτε</span> <span class='ocrx_word' id='word_1_546' title='bbox 1195 1622 1263 1656; x_wconf 71' lang='grc' dir='ltr'>εἶδεν</span> <span class='ocrx_word' id='word_1_547' title='bbox 1277 1627 1327 1664; x_wconf 77' lang='grc' dir='ltr'><strong>τὴν</strong></span> <span class='ocrx_word' id='word_1_548' title='bbox 1341 1627 1417 1663; x_wconf 83' lang='grc' dir='ltr'>δόξαν</span> <span class='ocrx_word' id='word_1_549' title='bbox 1431 1630 1526 1665; x_wconf 78' lang='grc' dir='ltr'>αὐτοῦ,</span> <span class='ocrx_word' id='word_1_550' title='bbox 1541 1627 1587 1665; x_wconf 70' lang='grc' dir='ltr'><strong>καὶ</strong></span> <span class='ocrx_word' id='word_1_551' title='bbox 1598 1621 1712 1667; x_wconf 83' lang='grc' dir='ltr'>ἐλάλησε</span> <span class='ocrx_word' id='word_1_552' title='bbox 1725 1629 1788 1670; x_wconf 80' lang='grc' dir='ltr'>περὶ</span> 
     </span>
    </p>
   </div>
   <div class='ocr_carea' id='block_1_18' title="bbox 1005 1669 1787 1716">
    <p class='ocr_par' dir='ltr' id='par_1_18' title="bbox 1005 1669 1787 1716">
     <span class='ocr_line' id='line_1_74' title="bbox 1005 1669 1787 1716; baseline 0.005 -14"><span class='ocrx_word' id='word_1_553' title='bbox 1005 1673 1104 1702; x_wconf 81' lang='grc' dir='ltr'>-αὗτοῦ,</span> <span class='ocrx_word' id='word_1_554' title='bbox 1130 1669 1207 1708; x_wconf 75' lang='grc' dir='ltr'>Εἶδες</span> <span class='ocrx_word' id='word_1_555' title='bbox 1218 1674 1249 1704; x_wconf 84' lang='grc' dir='ltr'><strong>τὸ</strong></span> <span class='ocrx_word' id='word_1_556' title='bbox 1261 1674 1404 1715; x_wconf 81' lang='grc' dir='ltr'>κεφάλαιον</span> <span class='ocrx_word' id='word_1_557' title='bbox 1424 1676 1501 1714; x_wconf 74' lang='grc' dir='ltr'>ἡμῶν</span> <span class='ocrx_word' id='word_1_558' title='bbox 1522 1671 1582 1711; x_wconf 56' lang='lat' dir='ltr'><strong>‘effic‘</strong></span> <span class='ocrx_word' id='word_1_559' title='bbox 1593 1676 1725 1716; x_wconf 75' lang='grc' dir='ltr'>σωτηρίας</span> <span class='ocrx_word' id='word_1_560' title='bbox 1743 1676 1787 1706; x_wconf 80' lang='grc' dir='ltr'><strong>τὸν</strong></span> 
     </span>
    </p>
   </div>
   <div class='ocr_carea' id='block_1_19' title="bbox 1012 1719 1789 1854">
    <p class='ocr_par' dir='ltr' id='par_1_19' title="bbox 1012 1719 1789 1854">
     <span class='ocr_line' id='line_1_75' title="bbox 1012 1719 1789 1761; baseline 0.005 -13"><span class='ocrx_word' id='word_1_561' title='bbox 1012 1719 1159 1758; x_wconf 76' lang='grc' dir='ltr'>ἆγιασμόν;</span> <span class='ocrx_word' id='word_1_562' title='bbox 1173 1719 1316 1760; x_wconf 79' lang='grc' dir='ltr'>Ἁγιασμὸς</span> <span class='ocrx_word' id='word_1_563' title='bbox 1328 1720 1374 1750; x_wconf 78' lang='grc' dir='ltr'><strong>ἐὰν</strong></span> <span class='ocrx_word' id='word_1_564' title='bbox 1387 1720 1424 1760; x_wconf 85' lang='grc' dir='ltr'>μὴ</span> <span class='ocrx_word' id='word_1_565' title='bbox 1434 1721 1543 1761; x_wconf 83' lang='grc' dir='ltr'>γε’νηται</span> <span class='ocrx_word' id='word_1_566' title='bbox 1553 1743 1562 1759; x_wconf 89' lang='grc'>,</span> <span class='ocrx_word' id='word_1_567' title='bbox 1576 1721 1678 1752; x_wconf 77' lang='grc' dir='ltr'>οὐδὲτὸ</span> <span class='ocrx_word' id='word_1_568' title='bbox 1689 1722 1789 1761; x_wconf 62' lang='grc' dir='ltr'>μυστή-</span> 
     </span>
     <span class='ocr_line' id='line_1_76' title="bbox 1013 1762 1786 1808; baseline 0.005 -14"><span class='ocrx_word' id='word_1_569' title='bbox 1013 1776 1068 1804; x_wconf 89' lang='grc' dir='ltr'>ριον</span> <span class='ocrx_word' id='word_1_570' title='bbox 1089 1766 1214 1796; x_wconf 82' lang='grc' dir='ltr'>τελεῖται.</span> <span class='ocrx_word' id='word_1_571' title='bbox 1225 1765 1318 1807; x_wconf 82' lang='grc' dir='ltr'>Ἔχεις</span> <span class='ocrx_word' id='word_1_572' title='bbox 1331 1766 1380 1808; x_wconf 77' lang='grc' dir='ltr'><strong>τὴν</strong></span> <span class='ocrx_word' id='word_1_573' title='bbox 1393 1766 1491 1797; x_wconf 82' lang='grc' dir='ltr'>εἰκόνα.</span> <span class='ocrx_word' id='word_1_574' title='bbox 1505 1767 1594 1797; x_wconf 84' lang='grc' dir='ltr'>Μόνον</span> <span class='ocrx_word' id='word_1_575' title='bbox 1615 1762 1673 1797; x_wconf 75' lang='grc' dir='ltr'>εἷπε</span> <span class='ocrx_word' id='word_1_576' title='bbox 1685 1768 1719 1798; x_wconf 84' lang='grc' dir='ltr'><strong>τὰ</strong></span> <span class='ocrx_word' id='word_1_577' title='bbox 1732 1769 1786 1798; x_wconf 82' lang='grc' dir='ltr'><strong>Χε-</strong></span> 
     </span>
     <span class='ocr_line' id='line_1_77' title="bbox 1013 1810 1785 1854; baseline 0.006 -15"><span class='ocrx_word' id='word_1_578' title='bbox 1013 1810 1123 1850; x_wconf 75' lang='grc' dir='ltr'>ρουὸεὶμ</span> <span class='ocrx_word' id='word_1_579' title='bbox 1133 1833 1142 1848; x_wconf 93' lang='grc'>,</span> <span class='ocrx_word' id='word_1_580' title='bbox 1167 1811 1256 1851; x_wconf 77' lang='grc' dir='ltr'>Ἄγιος</span> <span class='ocrx_word' id='word_1_581' title='bbox 1267 1835 1275 1850; x_wconf 91' lang='grc'>,</span> <span class='ocrx_word' id='word_1_582' title='bbox 1298 1812 1388 1852; x_wconf 65' lang='grc' dir='ltr'>ἅγιος,</span> <span class='ocrx_word' id='word_1_583' title='bbox 1412 1813 1485 1852; x_wconf 74' lang='grc' dir='ltr'>ἅγιος</span> <span class='ocrx_word' id='word_1_584' title='bbox 1507 1813 1606 1854; x_wconf 85' lang='grc' dir='ltr'>Κύριος</span> <span class='ocrx_word' id='word_1_585' title='bbox 1617 1825 1624 1832; x_wconf 92' lang='grc'><strong><em>·</em></strong></span> <span class='ocrx_word' id='word_1_586' title='bbox 1637 1814 1753 1854; x_wconf 83' lang='grc' dir='ltr'>ἡγιάσθη</span> <span class='ocrx_word' id='word_1_587' title='bbox 1767 1817 1785 1851; x_wconf 87' lang='grc' dir='ltr'>ἡ</span> 
     </span>
    </p>
   </div>
   <div class='ocr_carea' id='block_1_20' title="bbox 213 1856 1786 1906">
    <p class='ocr_par' dir='ltr' id='par_1_20' title="bbox 213 1856 1786 1906">
     <span class='ocr_line' id='line_1_78' title="bbox 213 1856 1786 1906; baseline 0.005 -13"><span class='ocrx_word' id='word_1_588' title='bbox 213 1865 477 1906; x_wconf 85' lang='lat' dir='ltr'><strong>eo.Vidistin’caput</strong></span> <span class='ocrx_word' id='word_1_589' title='bbox 483 1865 577 1895; x_wconf 86' lang='lat' dir='ltr'><strong>salutis</strong></span> <span class='ocrx_word' id='word_1_590' title='bbox 586 1872 695 1902; x_wconf 84' lang='lat' dir='ltr'><strong>nostrae,</strong></span> <span class='ocrx_word' id='word_1_591' title='bbox 704 1866 1003 1896; x_wconf 57' lang='lat' dir='ltr'><strong>sanctificationemfflu</strong></span> <span class='ocrx_word' id='word_1_592' title='bbox 1013 1856 1101 1886; x_wconf 68' lang='grc' dir='ltr'>θυσία·</span> <span class='ocrx_word' id='word_1_593' title='bbox 1117 1857 1172 1887; x_wconf 64' lang='grc' dir='ltr'><strong>Καὶ</strong></span> <span class='ocrx_word' id='word_1_594' title='bbox 1183 1858 1320 1895; x_wconf 56' lang='grc' dir='ltr'>ἀπεστάλη</span> <span class='ocrx_word' id='word_1_595' title='bbox 1330 1880 1338 1894; x_wconf 76' lang='lat'>²</span> <span class='ocrx_word' id='word_1_596' title='bbox 1350 1858 1416 1898; x_wconf 67' lang='grc' dir='ltr'>φησὶ</span> <span class='ocrx_word' id='word_1_597' title='bbox 1423 1882 1431 1896; x_wconf 78' lang='lat'><em>2</em></span> <span class='ocrx_word' id='word_1_598' title='bbox 1446 1858 1512 1899; x_wconf 65' lang='grc' dir='ltr'>πρός</span> <span class='ocrx_word' id='word_1_599' title='bbox 1526 1871 1559 1898; x_wconf 66' lang='grc' dir='ltr'><strong>με</strong></span> <span class='ocrx_word' id='word_1_600' title='bbox 1574 1860 1603 1889; x_wconf 69' lang='grc' dir='ltr'><strong>ἓν</strong></span> <span class='ocrx_word' id='word_1_601' title='bbox 1615 1862 1669 1890; x_wconf 64' lang='grc' dir='ltr'><strong>τῶν</strong></span> <span class='ocrx_word' id='word_1_602' title='bbox 1680 1861 1786 1901; x_wconf 66' lang='grc' dir='ltr'>Χερω·</span> 
     </span>
    </p>
   </div>
   <div class='ocr_carea' id='block_1_21' title="bbox 212 1903 994 2416">
    <p class='ocr_par' dir='ltr' id='par_1_21' title="bbox 212 1903 994 2416">
     <span class='ocr_line' id='line_1_79' title="bbox 212 1903 994 1951; baseline 0.004 -11"><span class='ocrx_word' id='word_1_603' title='bbox 212 1911 392 1942; x_wconf 84' lang='lat' dir='ltr'><strong>Sanctificatio</strong></span> <span class='ocrx_word' id='word_1_604' title='bbox 405 1912 428 1941; x_wconf 86' lang='lat' dir='ltr'><strong>si</strong></span> <span class='ocrx_word' id='word_1_605' title='bbox 441 1922 493 1941; x_wconf 88' lang='lat' dir='ltr'><strong>non</strong></span> <span class='ocrx_word' id='word_1_606' title='bbox 513 1912 603 1947; x_wconf 81' lang='lat' dir='ltr'><strong>suerit,</strong></span> <span class='ocrx_word' id='word_1_607' title='bbox 617 1921 702 1950; x_wconf 86' lang='lat' dir='ltr'><strong>neque</strong></span> <span class='ocrx_word' id='word_1_608' title='bbox 721 1912 880 1951; x_wconf 83' lang='lat' dir='ltr'><strong>mysterium</strong></span> <span class='ocrx_word' id='word_1_609' title='bbox 894 1923 960 1943; x_wconf 92' lang='lat' dir='ltr'><strong>con—</strong></span> <span class='ocrx_word' id='word_1_610' title='bbox 973 1903 994 1926; x_wconf 59' lang='lat' dir='ltr'>A</span> 
     </span>
     <span class='ocr_line' id='line_1_80' title="bbox 213 1959 957 1999; baseline 0.005 -12"><span class='ocrx_word' id='word_1_611' title='bbox 213 1967 372 1989; x_wconf 89' lang='lat' dir='ltr'><strong>summatur.</strong></span> <span class='ocrx_word' id='word_1_612' title='bbox 389 1960 477 1990; x_wconf 88' lang='lat' dir='ltr'><strong>Habes</strong></span> <span class='ocrx_word' id='word_1_613' title='bbox 491 1959 645 1999; x_wconf 86' lang='lat' dir='ltr'><strong>imaginem.</strong></span> <span class='ocrx_word' id='word_1_614' title='bbox 660 1959 754 1989; x_wconf 90' lang='lat' dir='ltr'><strong>Solum</strong></span> <span class='ocrx_word' id='word_1_615' title='bbox 772 1959 867 1990; x_wconf 84' lang='lat' dir='ltr'><strong>dixere</strong></span> <span class='ocrx_word' id='word_1_616' title='bbox 883 1961 957 1991; x_wconf 86' lang='lat' dir='ltr'><strong>Che-</strong></span> 
     </span>
     <span class='ocr_line' id='line_1_81' title="bbox 214 2005 970 2042; baseline 0.003 -8"><span class='ocrx_word' id='word_1_617' title='bbox 214 2005 324 2034; x_wconf 82' lang='lat' dir='ltr'><strong>rubim:</strong></span> <span class='ocrx_word' id='word_1_618' title='bbox 343 2005 480 2042; x_wconf 81' lang='lat' dir='ltr'><strong>Sanctus‚</strong></span> <span class='ocrx_word' id='word_1_619' title='bbox 495 2011 625 2042; x_wconf 76' lang='lat' dir='ltr'><strong>sanctus,</strong></span> <span class='ocrx_word' id='word_1_620' title='bbox 645 2013 763 2035; x_wconf 79' lang='lat' dir='ltr'><strong>sanctus</strong></span> <span class='ocrx_word' id='word_1_621' title='bbox 785 2007 931 2037; x_wconf 86' lang='lat' dir='ltr'><strong>Dominus</strong></span> <span class='ocrx_word' id='word_1_622' title='bbox 947 2020 954 2036; x_wconf 72' lang='grc' dir='ltr'><strong>ι</strong></span> <span class='ocrx_word' id='word_1_623' title='bbox 968 2026 970 2028; x_wconf 88' lang='grc'>-</span> 
     </span>
     <span class='ocr_line' id='line_1_82' title="bbox 214 2051 959 2091; baseline 0.003 -11"><span class='ocrx_word' id='word_1_624' title='bbox 214 2051 375 2081; x_wconf 84' lang='lat' dir='ltr'><strong>sanctificata</strong></span> <span class='ocrx_word' id='word_1_625' title='bbox 396 2058 436 2081; x_wconf 91' lang='lat' dir='ltr'><strong>est</strong></span> <span class='ocrx_word' id='word_1_626' title='bbox 448 2051 546 2080; x_wconf 87' lang='lat' dir='ltr'><strong>hostia.</strong></span> <span class='ocrx_word' id='word_1_627' title='bbox 559 2051 602 2079; x_wconf 84' lang='lat' dir='ltr'><strong>Et</strong></span> <span class='ocrx_word' id='word_1_628' title='bbox 616 2053 719 2080; x_wconf 81' lang='lat' dir='ltr'><strong>missus</strong></span> <span class='ocrx_word' id='word_1_629' title='bbox 732 2059 786 2089; x_wconf 82' lang='lat' dir='ltr'><strong>est,</strong></span> <span class='ocrx_word' id='word_1_630' title='bbox 801 2052 900 2091; x_wconf 84' lang='lat' dir='ltr'><strong>inquit,</strong></span> <span class='ocrx_word' id='word_1_631' title='bbox 916 2053 959 2082; x_wconf 85' lang='lat' dir='ltr'><strong>ad</strong></span> 
     </span>
     <span class='ocr_line' id='line_1_83' title="bbox 215 2097 958 2134; baseline 0.005 -9"><span class='ocrx_word' id='word_1_632' title='bbox 215 2107 262 2125; x_wconf 83' lang='lat' dir='ltr'><strong>me</strong></span> <span class='ocrx_word' id='word_1_633' title='bbox 273 2107 347 2126; x_wconf 81' lang='lat' dir='ltr'><strong>unus</strong></span> <span class='ocrx_word' id='word_1_634' title='bbox 356 2098 392 2126; x_wconf 83' lang='lat' dir='ltr'><strong>de</strong></span> <span class='ocrx_word' id='word_1_635' title='bbox 405 2097 571 2134; x_wconf 82' lang='lat' dir='ltr'><strong>Cherubim,</strong></span> <span class='ocrx_word' id='word_1_636' title='bbox 585 2104 613 2126; x_wconf 88' lang='lat' dir='ltr'><strong>et</strong></span> <span class='ocrx_word' id='word_1_637' title='bbox 624 2099 656 2126; x_wconf 80' lang='lat' dir='ltr'><strong>in</strong></span> <span class='ocrx_word' id='word_1_638' title='bbox 666 2109 754 2127; x_wconf 85' lang='lat' dir='ltr'><strong>manu</strong></span> <span class='ocrx_word' id='word_1_639' title='bbox 766 2109 820 2128; x_wconf 87' lang='lat' dir='ltr'><strong>sua</strong></span> <span class='ocrx_word' id='word_1_640' title='bbox 830 2100 958 2129; x_wconf 78' lang='lat' dir='ltr'><strong>habebat</strong></span> 
     </span>
     <span class='ocr_line' id='line_1_84' title="bbox 215 2144 956 2184; baseline 0.007 -13"><span class='ocrx_word' id='word_1_641' title='bbox 215 2144 381 2179; x_wconf 83' lang='lat' dir='ltr'><strong>carbonem,</strong></span> <span class='ocrx_word' id='word_1_642' title='bbox 394 2154 480 2183; x_wconf 78' lang='lat' dir='ltr'><strong>quem</strong></span> <span class='ocrx_word' id='word_1_643' title='bbox 482 2144 602 2184; x_wconf 83' lang='lat' dir='ltr'><strong>forcipe</strong></span> <span class='ocrx_word' id='word_1_644' title='bbox 614 2144 721 2173; x_wconf 79' lang='lat' dir='ltr'><strong>tulerat</strong></span> <span class='ocrx_word' id='word_1_645' title='bbox 735 2145 771 2173; x_wconf 84' lang='lat' dir='ltr'><strong>de</strong></span> <span class='ocrx_word' id='word_1_646' title='bbox 784 2146 885 2175; x_wconf 80' lang='lat' dir='ltr'><strong>altari.</strong></span> <span class='ocrx_word' id='word_1_647' title='bbox 895 2147 956 2176; x_wconf 87' lang='lat' dir='ltr'><strong>Non</strong></span> 
     </span>
     <span class='ocr_line' id='line_1_85' title="bbox 214 2189 959 2231; baseline 0.005 -13"><span class='ocrx_word' id='word_1_648' title='bbox 214 2189 289 2227; x_wconf 79' lang='lat' dir='ltr'><strong>tulit,</strong></span> <span class='ocrx_word' id='word_1_649' title='bbox 305 2189 390 2219; x_wconf 90' lang='lat' dir='ltr'><strong>donec</strong></span> <span class='ocrx_word' id='word_1_650' title='bbox 401 2190 580 2219; x_wconf 84' lang='lat' dir='ltr'><strong>sanctificatus</strong></span> <span class='ocrx_word' id='word_1_651' title='bbox 596 2197 644 2219; x_wconf 84' lang='lat' dir='ltr'><strong>cst.</strong></span> <span class='ocrx_word' id='word_1_652' title='bbox 666 2191 782 2231; x_wconf 79' lang='lat' dir='ltr'><strong>Tetigit,</strong></span> <span class='ocrx_word' id='word_1_653' title='bbox 798 2192 895 2231; x_wconf 85' lang='lat' dir='ltr'><strong>inquit,</strong></span> <span class='ocrx_word' id='word_1_654' title='bbox 912 2193 959 2222; x_wconf 85' lang='lat' dir='ltr'><strong>la-</strong></span> 
     </span>
     <span class='ocr_line' id='line_1_86' title="bbox 215 2236 953 2277; baseline 0.005 -14"><span class='ocrx_word' id='word_1_655' title='bbox 215 2237 264 2264; x_wconf 86' lang='lat' dir='ltr'><strong>bia</strong></span> <span class='ocrx_word' id='word_1_656' title='bbox 292 2246 367 2264; x_wconf 82' lang='lat' dir='ltr'><strong>mea.</strong></span> <span class='ocrx_word' id='word_1_657' title='bbox 389 2237 446 2274; x_wconf 75' lang='lat' dir='ltr'><strong>Cur</strong></span> <span class='ocrx_word' id='word_1_658' title='bbox 474 2236 567 2264; x_wconf 82' lang='lat' dir='ltr'><strong>labia?</strong></span> <span class='ocrx_word' id='word_1_659' title='bbox 587 2236 781 2277; x_wconf 65' lang='lat' dir='ltr'><strong>Mysten-iorum</strong></span> <span class='ocrx_word' id='word_1_660' title='bbox 808 2239 953 2269; x_wconf 84' lang='lat' dir='ltr'><strong>vestibula.</strong></span> 
     </span>
     <span class='ocr_line' id='line_1_87' title="bbox 214 2281 955 2324; baseline 0.005 -13"><span class='ocrx_word' id='word_1_661' title='bbox 214 2281 290 2320; x_wconf 89' lang='lat' dir='ltr'><strong>Quid</strong></span> <span class='ocrx_word' id='word_1_662' title='bbox 310 2281 426 2311; x_wconf 85' lang='lat' dir='ltr'><strong>dicimus</strong></span> <span class='ocrx_word' id='word_1_663' title='bbox 449 2281 561 2311; x_wconf 75' lang='lat' dir='ltr'><strong>fideles?</strong></span> <span class='ocrx_word' id='word_1_664' title='bbox 585 2283 642 2312; x_wconf 88' lang='lat' dir='ltr'><strong>Hoc</strong></span> <span class='ocrx_word' id='word_1_665' title='bbox 662 2284 821 2322; x_wconf 86' lang='lat' dir='ltr'><strong>mysterium</strong></span> <span class='ocrx_word' id='word_1_666' title='bbox 848 2293 955 2324; x_wconf 86' lang='lat' dir='ltr'><strong>peccata</strong></span> 
     </span>
     <span class='ocr_line' id='line_1_88' title="bbox 212 2328 956 2361; baseline 0.004 -3"><span class='ocrx_word' id='word_1_667' title='bbox 212 2328 336 2358; x_wconf 84' lang='lat' dir='ltr'><strong>dimittit.</strong></span> <span class='ocrx_word' id='word_1_668' title='bbox 353 2330 454 2358; x_wconf 88' lang='lat' dir='ltr'><strong>Dicunt</strong></span> <span class='ocrx_word' id='word_1_669' title='bbox 470 2329 550 2358; x_wconf 88' lang='lat' dir='ltr'><strong>etiam</strong></span> <span class='ocrx_word' id='word_1_670' title='bbox 562 2329 711 2358; x_wconf 85' lang='lat' dir='ltr'><strong>Cherubim</strong></span> <span class='ocrx_word' id='word_1_671' title='bbox 725 2341 732 2357; x_wconf 90' lang='lat'>:</span> <span class='ocrx_word' id='word_1_672' title='bbox 749 2331 827 2360; x_wconf 81' lang='lat' dir='ltr'><strong>Ecce</strong></span> <span class='ocrx_word' id='word_1_673' title='bbox 845 2332 956 2361; x_wconf 76' lang='lat' dir='ltr'><strong>abstuli</strong></span> 
     </span>
     <span class='ocr_line' id='line_1_89' title="bbox 212 2375 954 2416; baseline 0.004 -12"><span class='ocrx_word' id='word_1_674' title='bbox 212 2382 332 2415; x_wconf 83' lang='lat' dir='ltr'><strong>peccata</strong></span> <span class='ocrx_word' id='word_1_675' title='bbox 351 2382 411 2405; x_wconf 82' lang='lat' dir='ltr'><strong>tua.</strong></span> <span class='ocrx_word' id='word_1_676' title='bbox 431 2375 536 2406; x_wconf 87' lang='lat' dir='ltr'><strong>Vidisti</strong></span> <span class='ocrx_word' id='word_1_677' title='bbox 553 2375 689 2415; x_wconf 78' lang='lat' dir='ltr'><strong>figuram?</strong></span> <span class='ocrx_word' id='word_1_678' title='bbox 701 2375 794 2406; x_wconf 83' lang='lat' dir='ltr'><strong>vidisti</strong></span> <span class='ocrx_word' id='word_1_679' title='bbox 807 2377 954 2416; x_wconf 87' lang='lat' dir='ltr'><strong>splenden-</strong></span> 
     </span>
    </p>
   </div>
   <div class='ocr_carea' id='block_1_22' title="bbox 195 2418 987 2463">
    <p class='ocr_par' dir='ltr' id='par_1_22' title="bbox 195 2418 987 2463">
     <span class='ocr_line' id='line_1_90' title="bbox 195 2418 987 2463; baseline 0.004 -12"><span class='ocrx_word' id='word_1_680' title='bbox 195 2418 197 2421; x_wconf 70' lang='grc'><strong>’</strong></span> <span class='ocrx_word' id='word_1_681' title='bbox 214 2429 267 2451; x_wconf 83' lang='lat' dir='ltr'><strong>tem</strong></span> <span class='ocrx_word' id='word_1_682' title='bbox 282 2421 443 2452; x_wconf 74' lang='lat' dir='ltr'><strong>veritatem?</strong></span> <span class='ocrx_word' id='word_1_683' title='bbox 458 2422 552 2461; x_wconf 89' lang='lat' dir='ltr'><strong>Ipsum</strong></span> <span class='ocrx_word' id='word_1_684' title='bbox 566 2421 659 2460; x_wconf 84' lang='lat' dir='ltr'><strong>igitur,</strong></span> <span class='ocrx_word' id='word_1_685' title='bbox 674 2423 721 2460; x_wconf 83' lang='lat' dir='ltr'><strong>qui</strong></span> <span class='ocrx_word' id='word_1_686' title='bbox 735 2421 808 2451; x_wconf 83' lang='lat' dir='ltr'><strong>sedet</strong></span> <span class='ocrx_word' id='word_1_687' title='bbox 820 2433 900 2463; x_wconf 89' lang='lat' dir='ltr'><strong>super</strong></span> <span class='ocrx_word' id='word_1_688' title='bbox 913 2434 953 2453; x_wconf 85' lang='lat' dir='ltr'><strong>so·</strong></span> <span class='ocrx_word' id='word_1_689' title='bbox 971 2431 987 2454; x_wconf 86' lang='grc' dir='ltr'><strong>Β</strong></span> 
     </span>
    </p>
   </div>
   <div class='ocr_carea' id='block_1_23' title="bbox 213 2511 967 2624">
    <p class='ocr_par' dir='ltr' id='par_1_23' title="bbox 213 2511 967 2624">
     <span class='ocr_line' id='line_1_91' title="bbox 241 2511 967 2547; baseline 0.004 -9"><span class='ocrx_word' id='word_1_690' title='bbox 241 2521 252 2532; x_wconf 78' lang='lat'>²</span> <span class='ocrx_word' id='word_1_691' title='bbox 261 2513 393 2538; x_wconf 83' lang='lat' dir='ltr'><strong>sicomnes</strong></span> <span class='ocrx_word' id='word_1_692' title='bbox 399 2513 457 2538; x_wconf 87' lang='lat' dir='ltr'><strong>Mss.</strong></span> <span class='ocrx_word' id='word_1_693' title='bbox 464 2512 522 2538; x_wconf 79' lang='lat' dir='ltr'><strong>sav.</strong></span> <span class='ocrx_word' id='word_1_694' title='bbox 532 2511 662 2546; x_wconf 85' lang='lat' dir='ltr'><strong>legendum</strong></span> <span class='ocrx_word' id='word_1_695' title='bbox 674 2518 746 2545; x_wconf 78' lang='lat' dir='ltr'><strong>putat</strong></span> <span class='ocrx_word' id='word_1_696' title='bbox 755 2517 812 2543; x_wconf 78' lang='grc' dir='ltr'>,ἀντὶ</span> <span class='ocrx_word' id='word_1_697' title='bbox 821 2517 869 2545; x_wconf 71' lang='grc' dir='ltr'>τοῦ,</span> <span class='ocrx_word' id='word_1_698' title='bbox 878 2512 967 2547; x_wconf 78' lang='grc' dir='ltr'>[τοῦτον</span> 
     </span>
     <span class='ocr_line' id='line_1_92' title="bbox 215 2551 966 2586; baseline 0.001 -10"><span class='ocrx_word' id='word_1_699' title='bbox 215 2557 253 2578; x_wconf 74' lang='grc' dir='ltr'>τὸν</span> <span class='ocrx_word' id='word_1_700' title='bbox 270 2551 350 2586; x_wconf 61' lang='lat' dir='ltr'><strong>cmm]</strong></span> <span class='ocrx_word' id='word_1_701' title='bbox 368 2557 393 2576; x_wconf 86' lang='lat' dir='ltr'><strong>et</strong></span> <span class='ocrx_word' id='word_1_702' title='bbox 410 2551 476 2578; x_wconf 80' lang='lat' dir='ltr'><strong>hanc</strong></span> <span class='ocrx_word' id='word_1_703' title='bbox 494 2552 627 2577; x_wconf 76' lang='lat' dir='ltr'><strong>lectionem</strong></span> <span class='ocrx_word' id='word_1_704' title='bbox 646 2552 698 2576; x_wconf 86' lang='lat' dir='ltr'><strong>sine</strong></span> <span class='ocrx_word' id='word_1_705' title='bbox 715 2551 883 2584; x_wconf 74' lang='lat' dir='ltr'><strong>auctoritate,</strong></span> <span class='ocrx_word' id='word_1_706' title='bbox 904 2552 966 2577; x_wconf 75' lang='lat' dir='ltr'><strong>nihil</strong></span> 
     </span>
     <span class='ocr_line' id='line_1_93' title="bbox 213 2590 965 2624; baseline 0.003 -9"><span class='ocrx_word' id='word_1_707' title='bbox 213 2599 330 2623; x_wconf 76' lang='lat' dir='ltr'><strong>mouens,</strong></span> <span class='ocrx_word' id='word_1_708' title='bbox 344 2592 369 2616; x_wconf 86' lang='lat' dir='ltr'><strong>in</strong></span> <span class='ocrx_word' id='word_1_709' title='bbox 383 2597 478 2617; x_wconf 81' lang='lat' dir='ltr'><strong>textum</strong></span> <span class='ocrx_word' id='word_1_710' title='bbox 498 2592 591 2617; x_wconf 71' lang='lat' dir='ltr'><strong>invexit</strong></span> <span class='ocrx_word' id='word_1_711' title='bbox 602 2590 775 2617; x_wconf 79' lang='lat' dir='ltr'><strong>Combefisius.</strong></span> <span class='ocrx_word' id='word_1_712' title='bbox 790 2592 838 2617; x_wconf 76' lang='lat' dir='ltr'><strong>Sed</strong></span> <span class='ocrx_word' id='word_1_713' title='bbox 855 2598 916 2624; x_wconf 73' lang='lat' dir='ltr'><strong>puto</strong></span> <span class='ocrx_word' id='word_1_714' title='bbox 929 2602 965 2617; x_wconf 86' lang='lat' dir='ltr'><strong>sc-</strong></span> 
     </span>
    </p>
   </div>
   <div class='ocr_carea' id='block_1_24' title="bbox 1009 1900 1786 2472">
    <p class='ocr_par' dir='ltr' id='par_1_24' title="bbox 1009 1900 1786 2472">
     <span class='ocr_line' id='line_1_94' title="bbox 1012 1900 1784 1947; baseline 0.005 -15"><span class='ocrx_word' id='word_1_715' title='bbox 1012 1903 1077 1943; x_wconf 77' lang='grc' dir='ltr'>ὅεὶμ</span> <span class='ocrx_word' id='word_1_716' title='bbox 1085 1925 1093 1939; x_wconf 90' lang='grc'>,</span> <span class='ocrx_word' id='word_1_717' title='bbox 1107 1903 1152 1933; x_wconf 80' lang='grc' dir='ltr'><strong>καὶ</strong></span> <span class='ocrx_word' id='word_1_718' title='bbox 1172 1905 1200 1933; x_wconf 84' lang='grc' dir='ltr'><strong>ἐν</strong></span> <span class='ocrx_word' id='word_1_719' title='bbox 1221 1906 1255 1944; x_wconf 83' lang='grc' dir='ltr'><strong>τῇ</strong></span> <span class='ocrx_word' id='word_1_720' title='bbox 1277 1905 1348 1945; x_wconf 81' lang='grc' dir='ltr'>χειρὶ</span> <span class='ocrx_word' id='word_1_721' title='bbox 1371 1906 1451 1935; x_wconf 80' lang='grc' dir='ltr'>αὐτοῦ</span> <span class='ocrx_word' id='word_1_722' title='bbox 1473 1900 1546 1945; x_wconf 77' lang='grc' dir='ltr'>εἶχεν</span> <span class='ocrx_word' id='word_1_723' title='bbox 1560 1905 1691 1946; x_wconf 85' lang='grc' dir='ltr'>ἄνθρακα,</span> <span class='ocrx_word' id='word_1_724' title='bbox 1707 1907 1736 1936; x_wconf 83' lang='grc' dir='ltr'><strong>ὃν</strong></span> <span class='ocrx_word' id='word_1_725' title='bbox 1750 1909 1784 1947; x_wconf 84' lang='grc' dir='ltr'><strong>τῇ</strong></span> 
     </span>
     <span class='ocr_line' id='line_1_95' title="bbox 1011 1948 1785 1991; baseline 0.006 -13"><span class='ocrx_word' id='word_1_726' title='bbox 1011 1948 1100 1978; x_wconf 81' lang='grc' dir='ltr'>λαὸίδι</span> <span class='ocrx_word' id='word_1_727' title='bbox 1111 1949 1205 1979; x_wconf 77' lang='grc' dir='ltr'>ἔλαὸεν</span> <span class='ocrx_word' id='word_1_728' title='bbox 1223 1950 1275 1979; x_wconf 81' lang='grc' dir='ltr'><strong>ἀπὸ</strong></span> <span class='ocrx_word' id='word_1_729' title='bbox 1287 1953 1334 1979; x_wconf 88' lang='grc' dir='ltr'><strong>τοῦ</strong></span> <span class='ocrx_word' id='word_1_730' title='bbox 1347 1951 1541 1991; x_wconf 86' lang='grc' dir='ltr'>θυσιαστηρίου.</span> <span class='ocrx_word' id='word_1_731' title='bbox 1557 1951 1605 1988; x_wconf 79' lang='grc' dir='ltr'><strong>Μὴ</strong></span> <span class='ocrx_word' id='word_1_732' title='bbox 1617 1951 1721 1990; x_wconf 69' lang='grc' dir='ltr'>ἔλαθεν,</span> <span class='ocrx_word' id='word_1_733' title='bbox 1731 1953 1785 1986; x_wconf 82' lang='grc' dir='ltr'>-ἕως</span> 
     </span>
     <span class='ocr_line' id='line_1_96' title="bbox 1011 1991 1785 2036; baseline 0.004 -12"><span class='ocrx_word' id='word_1_734' title='bbox 1011 1991 1041 2024; x_wconf 73' lang='grc' dir='ltr'><strong>οῧ</strong></span> <span class='ocrx_word' id='word_1_735' title='bbox 1051 1993 1176 2034; x_wconf 73' lang='grc' dir='ltr'>ἡγιάσθη.</span> <span class='ocrx_word' id='word_1_736' title='bbox 1187 1994 1310 2036; x_wconf 85' lang='grc' dir='ltr'>Ἥψατο,</span> <span class='ocrx_word' id='word_1_737' title='bbox 1325 1995 1406 2036; x_wconf 78' lang='grc' dir='ltr'>φησὶ,</span> <span class='ocrx_word' id='word_1_738' title='bbox 1422 1998 1475 2026; x_wconf 84' lang='grc' dir='ltr'><strong>τῶν</strong></span> <span class='ocrx_word' id='word_1_739' title='bbox 1493 1996 1605 2036; x_wconf 80' lang='grc' dir='ltr'>χειλέων</span> <span class='ocrx_word' id='word_1_740' title='bbox 1628 2009 1687 2036; x_wconf 87' lang='grc' dir='ltr'>μου.</span> <span class='ocrx_word' id='word_1_741' title='bbox 1705 1998 1785 2027; x_wconf 87' lang='grc' dir='ltr'>Διατί</span> 
     </span>
     <span class='ocr_line' id='line_1_97' title="bbox 1011 2041 1786 2084; baseline 0.005 -14"><span class='ocrx_word' id='word_1_742' title='bbox 1011 2042 1063 2070; x_wconf 84' lang='grc' dir='ltr'><strong>τῶν</strong></span> <span class='ocrx_word' id='word_1_743' title='bbox 1081 2041 1206 2081; x_wconf 84' lang='grc' dir='ltr'>χειλέων;</span> <span class='ocrx_word' id='word_1_744' title='bbox 1225 2041 1269 2071; x_wconf 88' lang='grc' dir='ltr'><strong>Τὰ</strong></span> <span class='ocrx_word' id='word_1_745' title='bbox 1278 2041 1402 2084; x_wconf 30' lang='grc' dir='ltr'>,πρόθυρα</span> <span class='ocrx_word' id='word_1_746' title='bbox 1414 2043 1466 2071; x_wconf 84' lang='grc' dir='ltr'><strong>τῶν</strong></span> <span class='ocrx_word' id='word_1_747' title='bbox 1482 2042 1644 2083; x_wconf 84' lang='grc' dir='ltr'>μυστηρίων.</span> <span class='ocrx_word' id='word_1_748' title='bbox 1658 2043 1694 2073; x_wconf 93' lang='grc' dir='ltr'>Τί</span> <span class='ocrx_word' id='word_1_749' title='bbox 1707 2043 1786 2083; x_wconf 85' lang='grc' dir='ltr'>λέγο-</span> 
     </span>
     <span class='ocr_line' id='line_1_98' title="bbox 1012 2087 1781 2129; baseline 0.004 -13"><span class='ocrx_word' id='word_1_750' title='bbox 1012 2098 1060 2125; x_wconf 90' lang='grc' dir='ltr'><strong>μεν</strong></span> <span class='ocrx_word' id='word_1_751' title='bbox 1074 2088 1098 2116; x_wconf 82' lang='grc' dir='ltr'><strong>οἱ</strong></span> <span class='ocrx_word' id='word_1_752' title='bbox 1111 2087 1214 2123; x_wconf 82' lang='grc' dir='ltr'>πιστοί;</span> <span class='ocrx_word' id='word_1_753' title='bbox 1228 2089 1315 2117; x_wconf 80' lang='grc' dir='ltr'>Τοῦτο</span> <span class='ocrx_word' id='word_1_754' title='bbox 1326 2088 1357 2117; x_wconf 83' lang='grc' dir='ltr'><strong>τὸ</strong></span> <span class='ocrx_word' id='word_1_755' title='bbox 1368 2088 1512 2128; x_wconf 85' lang='grc' dir='ltr'>μυστήριον</span> <span class='ocrx_word' id='word_1_756' title='bbox 1522 2088 1630 2129; x_wconf 83' lang='grc' dir='ltr'>ἀφίησιν</span> <span class='ocrx_word' id='word_1_757' title='bbox 1639 2089 1781 2129; x_wconf 81' lang='grc' dir='ltr'>ἁμαρτίας.</span> 
     </span>
     <span class='ocr_line' id='line_1_99' title="bbox 1011 2132 1785 2176; baseline 0.004 -14"><span class='ocrx_word' id='word_1_758' title='bbox 1011 2132 1092 2173; x_wconf 84' lang='grc' dir='ltr'>Λέγει</span> <span class='ocrx_word' id='word_1_759' title='bbox 1102 2133 1147 2163; x_wconf 78' lang='grc' dir='ltr'><strong>καὶ</strong></span> <span class='ocrx_word' id='word_1_760' title='bbox 1158 2133 1192 2163; x_wconf 79' lang='grc' dir='ltr'><strong>τὰ</strong></span> <span class='ocrx_word' id='word_1_761' title='bbox 1202 2133 1364 2173; x_wconf 74' lang='grc' dir='ltr'>Χερουὸείμ·</span> <span class='ocrx_word' id='word_1_762' title='bbox 1379 2133 1447 2164; x_wconf 78' lang='grc' dir='ltr'>Ἰδοὺ</span> <span class='ocrx_word' id='word_1_763' title='bbox 1460 2134 1586 2175; x_wconf 75' lang='grc' dir='ltr'>ἀφῄρηκα</span> <span class='ocrx_word' id='word_1_764' title='bbox 1593 2135 1641 2169; x_wconf 83' lang='grc' dir='ltr'><strong>τὰς</strong></span> <span class='ocrx_word' id='word_1_765' title='bbox 1654 2135 1785 2176; x_wconf 78' lang='grc' dir='ltr'>ἁμαρτίας</span> 
     </span>
     <span class='ocr_line' id='line_1_100' title="bbox 1012 2175 1784 2221; baseline 0.004 -13"><span class='ocrx_word' id='word_1_766' title='bbox 1012 2190 1070 2209; x_wconf 90' lang='grc' dir='ltr'>σου.</span> <span class='ocrx_word' id='word_1_767' title='bbox 1086 2175 1164 2213; x_wconf 73' lang='grc' dir='ltr'>Εἶδες</span> <span class='ocrx_word' id='word_1_768' title='bbox 1172 2179 1217 2209; x_wconf 86' lang='grc' dir='ltr'><strong>τὸν</strong></span> <span class='ocrx_word' id='word_1_769' title='bbox 1228 2179 1324 2217; x_wconf 50' lang='lat' dir='ltr'><strong>roa-on</strong></span> <span class='ocrx_word' id='word_1_770' title='bbox 1341 2175 1407 2214; x_wconf 78' lang='grc' dir='ltr'>εἶδες</span> <span class='ocrx_word' id='word_1_771' title='bbox 1417 2179 1466 2216; x_wconf 86' lang='grc' dir='ltr'><strong>τὴν</strong></span> <span class='ocrx_word' id='word_1_772' title='bbox 1477 2180 1602 2217; x_wconf 82' lang='grc' dir='ltr'>ἀλήθειαν</span> <span class='ocrx_word' id='word_1_773' title='bbox 1611 2182 1784 2221; x_wconf 66' lang='grc' dir='ltr'>λάμπουσαν,</span> 
     </span>
     <span class='ocr_line' id='line_1_101' title="bbox 1011 2225 1784 2268; baseline 0.004 -13"><span class='ocrx_word' id='word_1_774' title='bbox 1011 2225 1097 2256; x_wconf 76' lang='grc' dir='ltr'>Αὑτὸν</span> <span class='ocrx_word' id='word_1_775' title='bbox 1108 2225 1195 2255; x_wconf 89' lang='grc' dir='ltr'>τοίνυν</span> <span class='ocrx_word' id='word_1_776' title='bbox 1205 2225 1248 2255; x_wconf 81' lang='grc' dir='ltr'><strong>τὸν</strong></span> <span class='ocrx_word' id='word_1_777' title='bbox 1261 2226 1305 2256; x_wconf 82' lang='grc' dir='ltr'><strong>ἐπὶ</strong></span> <span class='ocrx_word' id='word_1_778' title='bbox 1315 2226 1405 2266; x_wconf 89' lang='grc' dir='ltr'>θρόνου</span> <span class='ocrx_word' id='word_1_779' title='bbox 1415 2227 1517 2266; x_wconf 78' lang='grc' dir='ltr'>ὑψηλοῦ</span> <span class='ocrx_word' id='word_1_780' title='bbox 1528 2227 1573 2256; x_wconf 79' lang='grc' dir='ltr'><strong>καὶ</strong></span> <span class='ocrx_word' id='word_1_781' title='bbox 1584 2227 1734 2268; x_wconf 82' lang='grc' dir='ltr'>ἐπηρμένου</span> <span class='ocrx_word' id='word_1_782' title='bbox 1746 2228 1784 2267; x_wconf 77' lang='grc' dir='ltr'>μὴ</span> 
     </span>
     <span class='ocr_line' id='line_1_102' title="bbox 1011 2269 1784 2314; baseline 0.004 -14"><span class='ocrx_word' id='word_1_783' title='bbox 1011 2271 1187 2311; x_wconf 85' lang='grc' dir='ltr'>διαλείπωμεν</span> <span class='ocrx_word' id='word_1_784' title='bbox 1196 2271 1354 2311; x_wconf 79' lang='grc' dir='ltr'>ἁγιάζοντες·</span> <span class='ocrx_word' id='word_1_785' title='bbox 1371 2272 1605 2312; x_wconf 70' lang='grc' dir='ltr'>εὖχαριστ-ήσωμεν</span> <span class='ocrx_word' id='word_1_786' title='bbox 1617 2273 1644 2303; x_wconf 84' lang='grc' dir='ltr'>δὲ</span> <span class='ocrx_word' id='word_1_787' title='bbox 1658 2269 1784 2314; x_wconf 72' lang='grc' dir='ltr'>καὶῦπὲρ</span> 
     </span>
     <span class='ocr_line' id='line_1_103' title="bbox 1010 2322 1782 2364; baseline 0.001 -12"><span class='ocrx_word' id='word_1_788' title='bbox 1010 2325 1058 2359; x_wconf 84' lang='grc' dir='ltr'>τ’ῆς</span> <span class='ocrx_word' id='word_1_789' title='bbox 1076 2324 1163 2363; x_wconf 77' lang='grc' dir='ltr'>ψυχῆς</span> <span class='ocrx_word' id='word_1_790' title='bbox 1175 2325 1224 2359; x_wconf 77' lang='grc' dir='ltr'><strong>τῆς</strong></span> <span class='ocrx_word' id='word_1_791' title='bbox 1243 2322 1445 2361; x_wconf 83' lang='grc' dir='ltr'>δελεασθείοης,</span> <span class='ocrx_word' id='word_1_792' title='bbox 1465 2323 1499 2359; x_wconf 79' lang='grc' dir='ltr'><strong>ἢν</strong></span> <span class='ocrx_word' id='word_1_793' title='bbox 1518 2323 1638 2364; x_wconf 79' lang='grc' dir='ltr'>ἥρπασεν</span> <span class='ocrx_word' id='word_1_794' title='bbox 1655 2325 1670 2353; x_wconf 88' lang='lat'>6</span> <span class='ocrx_word' id='word_1_795' title='bbox 1687 2323 1782 2361; x_wconf 85' lang='grc' dir='ltr'>λύκος,</span> 
     </span>
     <span class='ocr_line' id='line_1_104' title="bbox 1009 2373 1783 2417; baseline 0 -14"><span class='ocrx_word' id='word_1_796' title='bbox 1009 2374 1055 2403; x_wconf 76' lang='grc' dir='ltr'><strong>καὶ</strong></span> <span class='ocrx_word' id='word_1_797' title='bbox 1078 2374 1230 2403; x_wconf 86' lang='grc' dir='ltr'>ἀπέσπασεν</span> <span class='ocrx_word' id='word_1_798' title='bbox 1242 2375 1256 2403; x_wconf 88' lang='lat'>6</span> <span class='ocrx_word' id='word_1_799' title='bbox 1268 2373 1379 2412; x_wconf 83' lang='grc' dir='ltr'>ποιμὴν,</span> <span class='ocrx_word' id='word_1_800' title='bbox 1399 2373 1445 2403; x_wconf 79' lang='grc' dir='ltr'><strong>καὶ</strong></span> <span class='ocrx_word' id='word_1_801' title='bbox 1468 2373 1587 2417; x_wconf 81' lang='grc' dir='ltr'>ἥρπασεν</span> <span class='ocrx_word' id='word_1_802' title='bbox 1611 2375 1626 2403; x_wconf 88' lang='lat'>6</span> <span class='ocrx_word' id='word_1_803' title='bbox 1647 2373 1783 2410; x_wconf 78' lang='grc' dir='ltr'>διάὸολος,</span> 
     </span>
     <span class='ocr_line' id='line_1_105' title="bbox 1009 2423 1784 2472; baseline 0.001 -19"><span class='ocrx_word' id='word_1_804' title='bbox 1009 2424 1054 2453; x_wconf 78' lang='grc' dir='ltr'><strong>καὶ</strong></span> <span class='ocrx_word' id='word_1_805' title='bbox 1062 2424 1201 2464; x_wconf 82' lang='grc' dir='ltr'>ἄφείλατον</span> <span class='ocrx_word' id='word_1_806' title='bbox 1209 2426 1223 2454; x_wconf 92' lang='lat'>6</span> <span class='ocrx_word' id='word_1_807' title='bbox 1234 2424 1424 2465; x_wconf 84' lang='grc' dir='ltr'>φιλάνθρωπος·</span> <span class='ocrx_word' id='word_1_808' title='bbox 1432 2423 1475 2453; x_wconf 77' lang='grc' dir='ltr'><strong>ἵνα</strong></span> <span class='ocrx_word' id='word_1_809' title='bbox 1486 2429 1539 2454; x_wconf 79' lang='grc' dir='ltr'><strong>πᾶν</strong></span> <span class='ocrx_word' id='word_1_810' title='bbox 1549 2423 1636 2463; x_wconf 81' lang='grc' dir='ltr'>στόμα</span> <span class='ocrx_word' id='word_1_811' title='bbox 1642 2425 1784 2472; x_wconf 57' lang='grc' dir='ltr'>αἱρετικὸν,</span> 
     </span>
    </p>
   </div>
   <div class='ocr_carea' id='block_1_25' title="bbox 1016 2515 1782 2591">
    <p class='ocr_par' dir='ltr' id='par_1_25' title="bbox 1016 2515 1782 2591">
     <span class='ocr_line' id='line_1_106' title="bbox 1016 2515 1782 2548; baseline 0 -9"><span class='ocrx_word' id='word_1_812' title='bbox 1016 2516 1078 2540; x_wconf 85' lang='lat' dir='ltr'><strong>riem</strong></span> <span class='ocrx_word' id='word_1_813' title='bbox 1090 2516 1200 2548; x_wconf 80' lang='lat' dir='ltr'><strong>optime,</strong></span> <span class='ocrx_word' id='word_1_814' title='bbox 1214 2521 1242 2541; x_wconf 83' lang='lat' dir='ltr'><strong>ut</strong></span> <span class='ocrx_word' id='word_1_815' title='bbox 1253 2521 1304 2548; x_wconf 81' lang='lat' dir='ltr'><strong>est,</strong></span> <span class='ocrx_word' id='word_1_816' title='bbox 1317 2521 1384 2541; x_wconf 80' lang='lat' dir='ltr'><strong>stare</strong></span> <span class='ocrx_word' id='word_1_817' title='bbox 1397 2523 1478 2548; x_wconf 76' lang='lat' dir='ltr'><strong>posse.</strong></span> <span class='ocrx_word' id='word_1_818' title='bbox 1499 2515 1563 2540; x_wconf 87' lang='lat' dir='ltr'><strong>Cum</strong></span> <span class='ocrx_word' id='word_1_819' title='bbox 1583 2515 1692 2539; x_wconf 82' lang='lat' dir='ltr'><strong>maxime</strong></span> <span class='ocrx_word' id='word_1_820' title='bbox 1705 2515 1782 2540; x_wconf 85' lang='lat' dir='ltr'><strong>Seve-</strong></span> 
     </span>
     <span class='ocr_line' id='line_1_107' title="bbox 1016 2553 1781 2591; baseline 0 -12"><span class='ocrx_word' id='word_1_821' title='bbox 1016 2555 1100 2580; x_wconf 85' lang='lat' dir='ltr'><strong>rianus</strong></span> <span class='ocrx_word' id='word_1_822' title='bbox 1109 2564 1160 2581; x_wconf 88' lang='lat' dir='ltr'><strong>non</strong></span> <span class='ocrx_word' id='word_1_823' title='bbox 1171 2561 1244 2581; x_wconf 76' lang='lat' dir='ltr'><strong>tanto</strong></span> <span class='ocrx_word' id='word_1_824' title='bbox 1254 2555 1374 2588; x_wconf 82' lang='lat' dir='ltr'><strong>scrupulo</strong></span> <span class='ocrx_word' id='word_1_825' title='bbox 1383 2554 1460 2582; x_wconf 74' lang='lat' dir='ltr'><strong>verbo</strong></span> <span class='ocrx_word' id='word_1_826' title='bbox 1466 2554 1518 2580; x_wconf 83' lang='lat' dir='ltr'><strong>haec</strong></span> <span class='ocrx_word' id='word_1_827' title='bbox 1529 2554 1566 2581; x_wconf 88' lang='lat' dir='ltr'><strong>vel</strong></span> <span class='ocrx_word' id='word_1_828' title='bbox 1571 2554 1620 2579; x_wconf 79' lang='lat' dir='ltr'><strong>alia</strong></span> <span class='ocrx_word' id='word_1_829' title='bbox 1628 2553 1781 2591; x_wconf 78' lang='lat' dir='ltr'><strong>adhibuerit.</strong></span> 
     </span>
    </p>
   </div>
  </div>
 </body>
</html>
