1890 2826
555 187 588 210 m
616 187 714 211 ιιιυῐ)
735 202 744 218 ,
767 187 799 208 m
822 185 887 215 Qus

121 252 166 283 καὶ
178 252 290 293 θηραταὶ
300 251 393 284 κακίας
402 273 410 286 ,
423 249 471 285 τὴν
485 251 585 279 ἑαυτῶν
599 247 790 286 ἐνδεικνύμενοι
805 257 886 281 πονη-

121 297 190 336 ρίαν,
208 299 343 336 λογισμοῖς
361 295 532 336 ἀνθρωπίνοις
555 296 697 334 ἐπειρῶντο
715 292 886 333 περιγράφειν

120 342 168 378 τὴν
183 342 275 383 σοφίαν
289 342 338 378 τὴν
348 342 532 382 ὑπερκόσμιον.
545 341 700 381 Προοῆλθον
714 338 780 378 γὰρ,
795 337 885 377 φησὶν,

121 389 148 417 ἐν
157 390 195 425 τῷ
208 390 271 429 ἱερῷ
279 391 318 429 τῷ
331 388 421 423 Ἰησοῦ
435 389 459 416 ot
472 389 549 427 ἱερεῖς
562 386 608 416 καὶ
619 387 644 415 οἱ
655 383 828 425 πρεσὸύτεροι
841 385 886 412 τοῦ

121 435 185 463 λαοῦ
198 434 331 474 λε’γοντες·
343 435 371 463 ἓν
380 434 444 474 ποίᾳ
457 433 561 473 ἐξουσίᾳ
576 435 661 462 ταῦτα
675 435 758 463 ποιεῖς
770 443 777 466 ;
791 428 836 459 καὶ
848 428 888 461 τίς

88 501 91 503 »
122 492 164 510 σοι
175 480 256 510 ἔδωκε
270 480 318 516 τὴν
332 480 451 514 ἐξουσίαν
463 479 579 515 ταύτην;
599 478 641 508 Ὦ
651 480 699 513 τῆς
713 476 812 517 ἀφόδου
824 486 888 515 καρ-

123 527 193 561 δίας,
204 526 254 556 8σα
266 527 362 567 τολμᾷ,
373 526 422 556 ὅσα
434 526 582 567 φθέγγεται,
596 525 645 554 ὅσα
658 523 723 563 πρὸς
737 521 890 556 ἀλαζονείαν

122 573 233 612 αἴρεται.
247 572 285 602 Ὠ
298 575 346 609 τῆς
359 575 412 602 τῶν
424 573 546 611 πονηρῶν
561 570 664 602 ἀνοίας·
678 569 700 598 ὣ
714 570 761 604 τῆς
773 570 820 597 τοῦ
830 568 890 597 Σω-

123 620 200 657 τῆρος
224 617 397 651 ἀνεξικακίας.
419 616 569 656 Φθέγγεται
591 617 699 644 τοιαῦτα
720 613 804 649 πηλὸς
814 635 822 648 ,
844 611 889 640 καὶ

121 663 242 703 ἀνέχεται
256 666 270 693 ὁ
282 663 417 698 πλάστης·
438 661 576 702 ἐπαίρεται
586 659 655 690 κατὰ
666 662 712 689 τοῦ
727 659 888 698 δημιουργοῦ

124 709 155 738 τὸ
168 709 293 748 πλάσμα,
315 708 360 738 καὶ
379 708 526 742 ἀνεξικακεῖ
538 709 552 737 ὁ
567 705 704 745 εὐεργέτης
715 707 729 734 ὁ
743 702 889 736 ἀνεύθυνος·

126 757 267 785 ἀπαιτοῦσι
293 755 369 794 λόγον
389 754 463 793 παρὰ
482 757 528 783 τοῦ
548 754 620 782 Θεοῦ
640 751 744 790 Λόγου,
774 749 819 779 καὶ
843 749 892 784 τὴν

126 801 243 835 ἐξουσίαν
262 797 525 840 πολυπραγμονοῦσι,
545 798 594 834 τὴν
608 797 723 837 κορυφὴν
736 798 783 831 τῆς
797 797 891 842 αὖθεν;

126 847 194 880 τίσις.
211 847 336 886 Εἶπωμεν
350 845 476 886 εὐκαίρως
493 845 538 874 καὶ
551 847 628 883 ἡμεῖς
647 843 681 872 τὰ
702 845 748 872 τοῦ
763 845 856 882 σοφοῦ·
871 843 893 869 ὠ

127 894 246 933 ἄνθρωπε
255 916 264 930 ,
275 892 312 922 Τί
322 891 472 926 ἀλαζονεύει
481 893 516 930 γῆ
526 890 572 920 καὶ
581 889 691 923 σποδόςς
705 887 774 918 Θεὸν
786 889 894 927 ἐρωτᾷς,

464 934 684 949 ’’’’’

126 940 171 969 καὶ
187 938 264 978 λόγον
278 939 397 971 ἀπαιτεῖς
409 949 463 977 παρ
489 948 567 966 αυτου
582 947 634 964 των
649 935 720 964 ιδιων
734 934 817 974 ἔργων
827 956 835 969 ,
851 932 895 962 καὶ

126 986 227 1024 τολμᾷς
242 984 328 1023 λέγειν
347 984 412 1024 πρὸς
431 982 480 1018 τὴν
504 981 680 1021 ὑπερκόσμιον
701 979 834 1014 ἐξουσίαν·
850 979 897 1007 Ἔν

127 1031 191 1071 ποίᾳ
200 1030 304 1070 ἐξουσίᾳ
314 1033 398 1059 ταῦτα
412 1033 510 1066 ποιεῑς;
523 1027 602 1057 Διατί
617 1027 644 1056 δὲ
657 1026 725 1059 ὅλως
738 1026 815 1055 αὐτὸν
831 1026 899 1064 ἐρω-

129 1084 189 1117 τᾷς,
202 1077 247 1107 καὶ
258 1079 307 1106 οὐκ
320 1076 403 1111 αὐτὴν
415 1075 464 1110 τὴν
477 1073 642 1114 πραγμάτων
656 1073 765 1111 δύναμιν
780 1073 898 1111 ἐρευνᾷς

130 1122 270 1157 Ἐξέτασον
283 1122 359 1154 αὐτὸς
378 1120 493 1160 ἀκριὸῶς
513 1121 539 1148 ἐν
562 1121 600 1158 τῷ
620 1120 729 1160 κρυπτῷ
749 1119 797 1152 τῆς
814 1119 900 1157 ψυχῆς

131 1168 308 1208 βουλευτηρίῳ
318 1189 326 1202 ,
345 1167 394 1202 τὴν
411 1168 464 1195 τῶν
477 1165 640 1206 πραγμάτων
654 1164 731 1204 φύσιν
751 1163 898 1203 ἐπισκεψά-

131 1226 222 1254 μενος,
237 1216 260 1244 εἶ
273 1213 436 1253 ἀνθρωπίνης
456 1212 526 1241 ἐστὶν
547 1211 645 1244 ἐννοίας
666 1210 700 1239 τὰ
719 1209 858 1248 γινόμενα,
880 1207 897 1243 ἢ

131 1260 201 1292 θείας
216 1259 351 1292 αὐθεντίας
369 1258 403 1287 τὰ
423 1260 461 1298 τῷ
479 1257 569 1297 Κυρίῳ
591 1256 796 1296 κατορθούμενα.
813 1253 899 1294 Ἐρώ-

132 1317 212 1342 mem
226 1305 271 1335 καὶ
285 1305 386 1345 φύσεως
408 1303 519 1342 νόμους,
540 1303 585 1332 καὶ
607 1301 724 1336 ἐξουσίας
743 1300 833 1340 ὅρους,
856 1299 901 1328 καὶ

131 1353 266 1390 λογισμῶν
287 1350 449 1385 ἀκολουθίαν,
463 1349 527 1389 ποίᾳ
540 1347 644 1387 ἐξουσίᾳ
667 1347 774 1376 δύναται
797 1344 902 1386 νεκροὺς

133 1400 248 1437 ἐγεῖραι,
269 1396 415 1436 ἀνθρώπων
427 1394 452 1430 ’ἣ
475 1397 563 1430 Θεοῦ;
594 1393 644 1426 Τίς
663 1393 771 1422 δύναται
793 1390 905 1431 λεπροὺς

135 1443 277 1482 καθαίρειν,
297 1442 343 1472 καὶ
364 1442 454 1474 νόσους
471 1440 637 1476 ἀπελαύνειν,
652 1439 696 1469 καὶ
709 1444 799 1468 πᾶσαν
811 1439 904 1477 ψυχῶν

136 1490 180 1519 καὶ
194 1490 323 1528 σωμάτων
337 1488 485 1528 ἀῤῥωστίαν
498 1487 568 1526 λόγῳ
584 1486 656 1526 μόνῳ
677 1485 797 1521 διώκειν,
821 1479 904 1518 Εἶτα,

137 1537 176 1569 τίς
189 1536 297 1565 δύναται
310 1535 362 1563 ἀπὸ
374 1535 461 1569 πηλοῦ
474 1531 622 1573 ὀφθαλμοὺς
636 1531 794 1567 διαπλάσαι,
809 1529 876 1562 Θεὸς
886 1529 904 1564 ἢ

139 1583 286 1622 ἄνθρωπος,
307 1580 385 1610 Διατί
400 1579 437 1618 μὴ
458 1579 506 1614 τὴν
521 1578 598 1618 φύσιν
612 1577 693 1612 αὐτὴν
710 1578 763 1605 τῶν
776 1575 905 1615 πραγμά-

139 1639 191 1657 των
202 1629 300 1668 ἐρωτᾷς
309 1650 316 1663 ,
330 1626 399 1656 ἀλλὰ
413 1625 479 1664 μετὰ
497 1623 658 1664 θρασύτητος
669 1623 713 1652 τὸν
731 1621 844 1661 ἐργάτην
856 1632 907 1650 πο-

140 1676 332 1714 λυπραγμονεῖς
343 1671 437 1711 λέγων,
451 1671 498 1699 Ἐν
518 1669 583 1708 ποίᾳ
594 1668 699 1708 ἐξουσίᾳ
710 1670 794 1696 ταῦτα
807 1670 907 1701 ποιεῖς;

143 1718 374 1758 ’1·“,παναλαμ6άνω
387 1717 438 1757 γὰρ
449 1717 482 1746 τὰ
497 1715 605 1756 ῥήματα
618 1716 698 1744 πάλιν
711 1716 764 1743 τῶν
775 1714 809 1743 τὰ
821 1713 909 1742 πάντα

143 1766 238 1806 ῥαδίως
249 1764 416 1803 τολμώντων,
435 1765 488 1792 τῶν
503 1761 683 1791 ἀπαιτούντων
702 1760 780 1800 λόγον
797 1759 841 1789 τὸν
862 1761 909 1788 τοῦ

142 1815 214 1842 Θεοῦ
225 1812 318 1851 Λόγον,
329 1810 374 1840 καὶ
383 1809 554 1849 περιγράφειν
564 1810 700 1847 λογισμοῖς
709 1806 911 1846 ἐπιχειρούντων

143 1859 187 1888 τὸν
201 1857 377 1898 δρασσόμενον
389 1855 449 1889 τοὺς
461 1854 555 1895 σοφοὺς
568 1855 595 1883 ἐν
608 1856 642 1893 τῇ
655 1852 803 1892 πανουργίᾳ
817 1853 911 1881 αὖτῶν.

145 1905 182 1934 Ὢ
196 1906 243 1940 τῆς
256 1903 353 1936 ἀνοίας.
365 1904 428 1942 Θεῷ
445 1901 523 1940 Λόγῳ
539 1899 702 1940 προσάγουσι
713 1902 806 1937 πεῖραν
819 1897 914 1936 λόγων,

146 1948 168 1991 ᾧ
182 1956 255 1980 πᾶσα
269 1949 352 1990 τέχνη
363 1949 448 1987 λόγων
462 1948 592 1979 εὐάλωτος
602 1968 610 1981 ,
631 1945 676 1975 καὶ
694 1949 768 1974 πᾶσα
780 1945 915 1983 λογισμῶν

148 1995 350 2036 μεμελετημένη
368 1993 465 2029 πλοκή.
484 1993 521 2023 Τί
533 1993 584 2032 γὰρ
598 1990 759 2031 ἀνθρώπινος
773 1989 860 2030 ἶσχύει
871 1988 917 2018 λό-

148 2055 192 2083 γος
206 2043 269 2083 πρὸς
281 2042 351 2071 Θεὸν
366 2040 466 2079 Λόγον;
481 2039 507 2068 τί
521 2039 549 2068 δὲ
563 2036 740 2077 σεσοφισμένη
762 2035 842 2065 κακία
853 2034 918 2074 πρὸς

150 2089 326 2128 ὑπερκόσμιον
341 2086 448 2127 σοφίαν;
463 2086 511 2115 Ἐν
524 2084 588 2124 ποίᾳ
602 2083 705 2123 ἐξουσίᾳ
720 2085 804 2112 ταῦτα
818 2085 916 2117 ποιεῖς,

151 2135 303 2175 'Ep-§mem
316 2134 360 2163 τὸν
371 2131 560 2172 παραλυτικὸν,
584 2130 626 2159 διὰ
646 2129 725 2162 ποίας
744 2127 861 2162 ἐξουσίας
882 2128 918 2160 εἰς

153 2184 232 2221 βῶσιν
242 2179 408 2209 ἀνακλίνεται
417 2190 423 2196 ·
438 2177 570 2217 ἐρώτησον
584 2175 722 2214 θαύματα,
736 2174 781 2203 καὶ
791 2174 828 2212 μὴ
840 2173 920 2202 πολυ-

153 2226 299 2267 πραγμόνει
310 2227 355 2254 τοῦ
368 2226 563 2263 θαυματοποιοῦ
580 2222 629 2258 τὴν
639 2221 768 2255 ἐξουσίαν.
782 2222 842 2250 Οὐκ
856 2221 920 2248 ἀπο-

154 2273 271 2313 κρίνεται
281 2274 342 2310 ὓμῖν
354 2272 372 2305 ἡ
385 2269 441 2299 θεία
454 2268 541 2309 χάρις,
554 2267 671 2302 ἀναξίους
684 2265 847 2306 ἀποκρίσεως
860 2264 918 2304 κρί-

155 2331 234 2349 νουσα
255 2317 314 2350 τοὺς
337 2318 424 2348 κακῶς
443 2316 603 2355 ἐρωτῶντας.
626 2314 752 2344 Τοιοῦτος
770 2311 821 2351 γὰρ
843 2313 857 2340 ὁ
876 2313 922 2339 τοῦ

156 2368 226 2395 Θεοῦ
242 2364 324 2403 Λόγος
337 2375 343 2381 ·
365 2362 429 2392 ὅταν
440 2361 484 2400 ἴδῃ
497 2360 585 2400 ψυχὴν
602 2359 708 2388 σκολιὰν
721 2358 766 2387 καὶ
779 2358 922 2397 διεστραμ-

158 2412 248 2451 μένην,
260 2409 411 2440 ἀποσείεται
424 2409 506 2443 αὐτὴν
520 2408 556 2439 ὡς
569 2405 676 2439 ἀναξίαν
690 2406 737 2440 τ’ἧς
746 2404 852 2444 χάριτος
860 2426 868 2439 ,
880 2402 925 2432 >tal

159 2457 243 2488 πολλὰ
258 2455 384 2488 πολλάκις
397 2453 550 2487 σπουδάζων
572 2451 721 2490 μανθάνειν,
745 2450 870 2486 ἀλήθειαν
895 2449 925 2478 οὔ

161 2503 284 2542 τυγχάνει
303 2501 376 2541 παρὰ
399 2502 447 2535 τῆς
472 2498 604 2534 ἀληθείας.
627 2496 779 2537 Ἐροπῶσιν
806 2496 928 2525 Ἰουδαῖοι

162 2538 300 2584 πολλάκις,
324 2547 368 2576 καὶ
381 2546 440 2575 οὐδὲ
454 2544 524 2578 ἅπαξ
539 2543 720 2583 μανθάνουσιν,
735 2542 827 2579 ἐπειδὴ
842 2544 930 2574 κακῶς

162 2596 301 2634 ι’ριιιτῶσιν.
319 2595 364 2626 Εἰς
378 2595 500 2621 τοσοῦτον
515 2591 600 2620 αὐτῶν
620 2588 666 2622 τὰς
679 2588 766 2629 ψυχὰς
780 2588 930 2622 ἐὸασάνιζεν

549 939 567 946 ω

915 184 1108 207 ro'rns'rssr,
1116 200 1126 216 ‚
1146 185 1222 207 ETc.
1612 173 1684 220 [489

942 245 1027 274 manis
1042 245 1190 274 ratiociniis
1209 255 1352 286 supernam
1367 245 1524 286 sapientiam
1538 245 1685 274 circumve-

941 291 998 320 nire
1011 291 1187 324 conabantur.
1196 292 1265 320 Nam
1276 291 1323 320 ait:
1332 292 1526 320 Accesserant
1535 294 1566 319 in
1580 291 1686 330 templo
1695 298 1780 320 innah.
1797 304 1835 319 αι.

942 337 984 366 ad
995 338 1097 366 Jesum
1110 338 1273 366 sacerdotes
1293 344 1321 366 et
1334 340 1461 367 seniores
1472 337 1575 376 populi
1593 329 1733 365 dicen-‘²³0

944 390 1002 412 tes:
1021 385 1059 412 In
1075 393 1136 422 qua
1152 390 1296 423 potestate
1314 380 1487 424 hcecsacisi’
1502 389 1529 412 et
1547 385 1613 423 quis
1637 386 1689 413 tibi

942 430 1022 459 dedit
1035 431 1112 461 hanc
1120 437 1291 471 potestatem
1302 433 1315 458 P
1326 431 1350 459 Ο
1357 441 1403 459 cor
1411 429 1508 459 timore
1516 429 1686 459 destitutum!

942 475 1031 514 qualia
1051 477 1141 513 audet,
1160 476 1251 515 qualia
1269 475 1405 514 loquitur!
1421 482 1551 514 quantum
1565 485 1690 514 arrogan-

943 521 979 550 tia
1001 522 1166 552 extollitur!
1189 523 1214 552 Ο
1227 522 1413 561 improborum
1433 520 1634 560 insipientiam!
1674 532 1691 550 ο

945 568 1096 598 Servatoris
1105 568 1273 598 clementiam
1285 566 1292 597 l
1309 568 1372 596 Haec
1382 567 1503 606 loquitur
1515 567 1614 604 lutum,
1624 574 1650 596 et
1664 567 1691 596 id

941 614 1043 654 figulus
1056 615 1181 655 patitur:
1204 613 1317 653 erigitur
1335 620 1426 642 contra
1446 613 1579 652 Opit'ioem
1608 614 1687 653 opifi-

909 662 927 685 B
942 661 1026 696 cium,
1038 667 1064 690 et
1077 661 1105 689 id
1116 661 1209 690 tolerat
1219 659 1357 689 Beneficus
1370 658 1469 687 nemini
1479 659 1615 688 obnoxius
1628 671 1636 687 .-
1651 670 1693 688 ra-

944 707 1041 736 tionem
1048 714 1074 736 et
1084 709 1199 737 verbum
1208 712 1330 746 repetunt
1342 715 1357 733 a
1369 705 1419 734 Dci
1427 705 1563 739 Verbum
1575 712 1692 745 potesta-

944 761 997 783 tem
1016 754 1075 794 ejus
1088 754 1191 783 curiose
1205 751 1376 793 perquirunt,
1399 761 1458 789 quae
1471 758 1510 780 est
1529 751 1694 780 auctoritatis

945 800 1063 830 culmen.
1077 802 1238 840 Opportune
1250 798 1371 828 dicamus
1386 797 1443 827 haec
1452 797 1580 837 sapientis
1594 798 1692 828 verba:

946 848 971 877 O
981 847 1072 884 homo,
1087 847 1165 886 Quid
1174 847 1301 885 superbit
1309 851 1387 874 terra
1396 850 1424 872 et
1439 846 1512 873 cinis
1525 847 1538 872 f>
1552 846 1639 874 Deum
1655 845 1696 873 in·
1705 854 1781 876 Evae.
1790 859 1823 875 ιο,

946 899 1074 932 terrogaS,
1099 899 1125 921 et
1138 891 1298 930 requiris-ab
1316 890 1363 919 illo
1384 890 1514 919 rationem
1528 900 1621 919 eorum
1637 901 1696 928 quae
1704 893 1727 915 9·

949 946 1085 978 operatur,
1101 938 1235 976 audesque
1249 947 1392 977 supernam
1402 936 1477 965 illam
1489 943 1644 976 potestatem
1659 937 1698 966 sic

948 984 1025 1013 affari
1041 995 1047 1010 :
1064 986 1102 1012 In
1120 994 1179 1023 qua
1197 989 1341 1023 potestate
1354 983 1505 1023 haecsacis
1523 985 1536 1011 Ρ
1547 983 1605 1012 Cur
1618 983 1698 1012 illum

950 1031 1107 1070 interrogas,
1118 1041 1205 1069 neque
1216 1030 1302 1070 ipsam
1311 1039 1402 1059 rerum
1416 1029 1545 1058 virtutem
1552 1030 1677 1070 exploras
1684 1031 1698 1059 ἵ)

951 1078 1077 1107 Scrutare
1094 1077 1152 1116 ipse
1167 1076 1311 1116 diligenter
1323 1075 1350 1104 in
1368 1076 1474 1104 occulto
1487 1075 1581 1104 animae
1592 1082 1696 1111 senatu,

952 1123 1089 1163 explorata
1103 1133 1193 1155 rerum
1211 1129 1317 1156 natura,
1332 1133 1397 1151 num
1419 1132 1478 1161 quae
1500 1122 1568 1151 fiunt
1587 1122 1697 1151 humani

952 1169 1057 1198 consilIi
1087 1170 1150 1205 sint,
1174 1179 1208 1197 an
1233 1168 1333 1197 divinae
1357 1167 1524 1197 auctoritatis
1534 1190 1542 1204 ‚
1571 1168 1699 1208 praeclara

953 1226 1049 1256 nempe
1062 1216 1108 1244 illa
1130 1214 1239 1244 Domini
1255 1221 1338 1254 gesta.
1355 1215 1491 1253 Interroga
1499 1221 1603 1243 naturae
1616 1214 1697 1253 leges,

953 1261 1089 1303 potestatis
1101 1261 1237 1297 terminos,
1253 1260 1401 1299 seriemque
1414 1260 1617 1290 ratiociniorum
1629 1272 1634 1288 :
1648 1272 1701 1299 qua

955 1315 1082 1349 potestate
1102 1307 1230 1337 suscitare
1250 1313 1369 1336 mortuos
1383 1313 1484 1347 potest3
1500 1307 1652 1345 hominum,
1668 1318 1701 1337 an
1745 1323 1747 1326 ·

956 1356 1005 1386 Dei
1015 1355 1029 1384 ἒ)
1042 1355 1110 1392 Quis
1133 1360 1219 1394 potest
1233 1353 1351 1393 leprosos
1370 1353 1512 1389 mundare,
1524 1354 1632 1383 morbos
1644 1355 1701 1394 pel-

956 1404 1021 1439 lere,
1034 1411 1193 1440 omnemque
1210 1400 1306 1429 anima:
1319 1399 1490 1440 corporisque
1509 1400 1634 1430 morbum
1646 1401 1703 1430 solo

957 1449 1039 1478 verbo
1052 1447 1146 1477 tollere
1160 1449 1172 1474 Ρ
1187 1445 1302 1481 Deinde,
1317 1445 1379 1484 quis
1396 1452 1484 1484 potest
1497 1456 1531 1474 ex
1545 1445 1601 1475 luto
1611 1446 1703 1475 oculos

956 1495 1080 1529 formam,
1098 1494 1171 1521 Deus
1194 1501 1228 1520 an
1242 1491 1346 1519 homo?
1360 1492 1416 1520 Cur
1428 1501 1480 1519 non
1506 1491 1591 1531 ipsam
1611 1496 1703 1521 rerum

959 1547 1081 1569 naturam
1090 1538 1247 1576 interrogas,
1263 1536 1310 1565 sed
1329 1536 1455 1565 audacter
1465 1537 1596 1576 Opificem
1608 1537 1703 1577 explu-

958 1596 1001 1615 ras
1011 1584 1113 1619 dicens,
1130 1585 1167 1612 Ῑη
1179 1593 1239 1623 qua
1250 1588 1393 1622 potestate
1406 1583 1468 1611 hoec
1478 1583 1563 1623 facis
1580 1585 1592 1610 Ρ
1604 1584 1704 1612 Iterum

961 1631 1032 1661 enim
1038 1629 1121 1659 verba
1131 1635 1221 1669 repeto
1233 1639 1337 1663 eorum,
1347 1628 1393 1666 qui
1408 1628 1495 1656 omnia
1512 1628 1704 1665 sarilcandent,

963 1677 1009 1714 qui
1024 1687 1038 1704 a
1059 1675 1152 1706 Verbo
1164 1674 1215 1703 Dei
1228 1673 1355 1702 rationem
1371 1680 1502 1713 repetunt,
1515 1680 1540 1703 ct
1561 1674 1707 1704 ratiociniis

963 1721 1182 1752 circumscribere
1202 1726 1305 1749 tentant
1328 1730 1390 1749 enm
1406 1743 1413 1755 ‚
1431 1720 1479 1758 qui
1505 1721 1735 1760 comprehcnditt.
1751 1728 1803 1750 cor.
1817 1728 1836 1749 3.

932 1763 949 1785 ⁰
964 1769 1094 1809 sapientes
1113 1767 1141 1796 in
1153 1766 1251 1796 astutia
1272 1776 1374 1795 eorum.
1401 1767 1426 1796 O
1448 1765 1625 1797 dementiam?
1652 1768 1753 1797 Deo'9'

967 1815 1062 1845 Verbo
1081 1812 1272 1854 experientiam
1291 1812 1437 1841 verborum
1449 1813 1576 1847 offerunt,
1591 1824 1606 1842 a
1619 1823 1673 1852 quo
1685 1820 1710 1842 et

969 1870 1047 1890 omne
1069 1859 1215 1889 verborum
1232 1857 1388 1892 artificium,
1411 1864 1437 1887 et
1449 1858 1536 1887 omnis
1548 1865 1712 1899 praeparatus

976 1905 1176 1935 ratiociniorum
1197 1903 1355 1943 complexus
1367 1904 1445 1933 facile
1466 1905 1625 1945 percipitur.
1638 1905 1714 1942 Quid

970 1953 1041 1983 enim
1060 1958 1146 1993 potest
1166 1952 1318 1980 humanum
1339 1951 1454 1980 verbum
1478 1959 1568 1981 contra
1589 1953 1712 1982 Verbum

970 2003 1060 2031 Deum
1076 1999 1090 2028 ἶ)
1111 1998 1177 2038 quid
1194 1998 1402 2039 sophismatibus
1423 1998 1549 2028 instructa
1573 1999 1712 2039 sapientia,

971 2054 1061 2077 contra
1081 2045 1211 2075 caelestem
1229 2044 1409 2085 sapientiam?
1433 2046 1470 2074 In
1491 2056 1551 2085 qua
1572 2052 1715 2085 potestate

973 2093 1120 2134 hoecsacis
1133 2093 1146 2119 Ρ
1155 2091 1292 2130 Interroga
1307 2090 1497 2131 paralyticum,
1513 2102 1563 2131 per
1575 2102 1656 2130 quam
1667 2103 1714 2131 po·
1722 2107 1794 2134 Opem
1817 2105 1861 2130 ips..

973 2145 1092 2169 testatem
1106 2147 1186 2168 sanus
1204 2136 1341 2166 recumbat
1357 2148 1364 2165 z
1380 2137 1513 2176 interroga
1540 2137 1679 2174 miracula,
1690 2144 1716 2166 ct
1735 2139 1861 2184 1‘⁰'‘·†'·''‘¹¹f'·¹

974 2184 1142 2215 mirabilium
1152 2182 1297 2213 Patratoris
1318 2189 1474 2223 potestatem
1485 2184 1589 2212 curiose
1600 2194 1633 2212 ne
1653 2194 1714 2222 pcr—
1724 2168 1825 2228 Χῖιξῗηι
1844 2174 1848 2184 ⁸

975 2232 1076 2271 quiras.
1088 2230 1150 2260 Non
1163 2228 1303 2269 respondet
1312 2228 1487 2258 vobisdivina
1498 2229 1592 2268 gratia,
1608 2239 1717 2268 respon-

975 2279 1049 2308 sione
1062 2276 1186 2316 indignos
1197 2274 1320 2315 judicans
1333 2285 1378 2304 eos
1391 2274 1439 2312 qui
1451 2285 1589 2314 perperam
1607 2275 1717 2304 interro-

977 2330 1050 2363 gant.
1064 2323 1105 2352 Ita
1119 2322 1186 2351 solet
1199 2320 1248 2350 Dei
1268 2320 1391 2350 Verbum
1407 2332 1413 2348 ε
1429 2330 1489 2348 cum
1507 2319 1581 2349 videt
1601 2320 1717 2348 animam

975 2368 1114 2406 obliquam
1126 2373 1152 2395 et
1163 2375 1325 2406 perversam,
1337 2363 1448 2403 expellit
1462 2374 1530 2399 eam,
1538 2369 1568 2391 ut
1576 2364 1661 2402 gratia
1675 2364 1719 2393 in—

978 2411 1098 2452 dignam,
1110 2417 1136 2439 et
1148 2420 1210 2438 cum
1225 2408 1309 2437 multa
1321 2418 1391 2446 saepe
1400 2407 1504 2435 discere
1514 2413 1634 2443 conetur,
1650 2408 1721 2436 veri-

979 2462 1059 2485 tatem
1078 2465 1131 2483 non
1146 2454 1270 2493 impetrat
1282 2463 1297 2480 a
1308 2451 1430 2481 veritate.
1450 2451 1617 2489 Interrogant
1634 2451 1722 2481 Judmi

981 2510 1060 2539 saepe,
1076 2508 1107 2527 ac
1121 2508 1153 2526 nc
1168 2496 1248 2525 semel
1262 2495 1371 2534 quidem
1387 2493 1504 2529 discunt,
1517 2494 1581 2532 quia
1599 2495 1668 2523 male
1683 2495 1722 2524 in-

983 2548 1127 2582 terrogant.
1147 2542 1241 2578 Usque
1258 2538 1324 2568 adeo
1337 2538 1448 2566 illorum
1468 2538 1570 2567 animos
1589 2539 1726 2568 cruciabat

985 2585 1134 2617 Sei-vatoris
1153 2582 1299 2619 silentium,
1325 2588 1353 2610 ut
1379 2588 1441 2611 tunc
1455 2580 1555 2611 diceret
1573 2582 1660 2611 malus
1680 2583 1727 2611 illc
