1904 2840
237 196 307 230 802

838 201 921 225 01³th
946 201 981 224 iM
987 200 1184 224 PERFEGTUM

238 269 371 299 efficimur
383 266 460 300 mali,
469 272 495 295 et
506 263 624 295 solutum
633 271 672 294 est
683 263 852 305 propositum
865 263 943 303 legis,
954 270 980 293 et
997 266 1018 290 Α
1035 251 1098 302 qiiia
1112 262 1229 307 teipsum
1243 261 1386 293 vindicasti
1399 275 1406 293 =
1419 269 1446 293 et
1461 263 1581 294 liberasti
1593 275 1656 295 eum
1668 265 1703 296 de
1715 276 1775 296 ma-

239 308 306 338 dum
316 306 403 337 voluit
414 306 498 335 malos
509 305 594 334 facere
608 304 705 341 bonos,
722 304 801 333 etiam
821 304 905 333 bonos
918 304 980 332 fecit

238 348 334 377 malos.
344 346 374 376 Si
387 352 475 375 autem
487 343 636 374 secundum
646 344 750 374 Christi
760 343 915 373 mandatum
927 353 980 372 non

238 387 377 416 resistatur
401 385 484 421 malo,
505 384 555 414 etsi
574 383 640 413 mali
657 394 710 413 non
731 383 877 420 laeduntur,
893 390 980 412 tamen

237 426 302 456 boni
328 425 520 470 permanebunt
531 424 597 453 boni
618 436 625 452 :
646 430 672 452 et
695 423 734 453 sic
758 433 806 463 per
825 422 981 452 mandatum

238 465 339 496 Christi
362 465 491 504 impletur
517 470 543 492 et
567 463 634 503 legis
660 462 826 492 mandatum.
843 463 913 492 Nam
933 462 980 501 qui

238 504 393 534 mandatum
418 503 485 543 legis
508 503 621 543 implet,
647 513 701 531 non
726 502 808 532 simul
839 501 934 542 implet
955 509 982 531 et

237 545 359 575 Christi:
378 543 425 582 qui
446 550 535 572 autem
562 542 663 572 Christi
684 542 795 582 implet,
821 541 904 570 simul
930 541 981 571 im-

236 585 293 624 plet
315 591 340 614 et
356 583 435 623 legis.
459 584 582 622 Utputa,
605 582 654 621 qui
679 582 811 627 percutit,
827 588 918 610 contra
939 581 980 610 le—

237 635 296 663 gem
309 623 383 663 agit:
399 623 446 662 qui
457 629 545 652 autem
559 628 722 661 repercutit,
735 620 882 651 secundum
896 621 981 660 legem

236 664 317 701 facit,
333 674 386 692 non
411 669 500 692 autem
526 668 553 691 et
573 661 722 691 secundum
745 660 847 691 Christi
870 660 983 689 manda-

237 710 306 732 tum.
327 702 384 740 Qui
405 709 495 732 autem
515 701 663 731 secundum
685 701 785 731 Christi
806 699 978 737 mandatum,

238 753 324 781 neque
334 752 478 782 percussus
491 741 646 781 repercutit,
662 741 741 770 tacite
754 747 780 770 et
798 739 866 779 legis
876 740 978 769 volun-

238 789 320 812 tatem
343 781 477 822 implevit.
493 782 563 811 Nam
576 780 622 819 qui
665 791 788 809 ercussus
812 789 865 808 non
887 790 978 819 reper-

238 823 330 858 cussit,
346 822 433 851 multo
447 820 532 860 magis
556 830 604 849 nec
625 830 640 849 a
685 819 761 849 initio
785 819 976 859 percussisset:

238 862 301 901 quia
315 872 368 891 non
378 861 453 891 venit
465 860 590 890 Christus
605 859 709 888 solvere
723 859 819 899 legem,
832 858 879 887 sed
890 858 981 887 adim·
996 862 1014 885 B

237 902 322 942 plere.
339 901 392 931 Sed
410 900 490 936 dicis,
505 899 568 938 quia
585 899 685 938 dignus
703 905 743 928 est
757 899 804 927 ille
827 898 978 939 repercuti,

239 941 286 979 qui
303 948 394 971 contra
405 941 490 980 legem
503 939 643 979 percussit.
660 938 759 968 Etiam.
773 937 825 968 Sed
844 944 874 966 tu
889 947 941 966 non
953 948 980 967 es

238 980 338 1020 dignus
350 986 528 1020 repercutere,
541 979 604 1017 quia
618 978 694 1007 illius
709 978 861 1017 discipulus
880 987 919 1013 es,
932 977 980 1016 qui

239 1020 398 1050 maledictus
423 1029 475 1049 non
498 1018 685 1054 remaledixit,
703 1028 846 1058 percussus
861 1027 913 1046 non
934 1027 980 1046 re-

240 1060 378 1099 percussit,
391 1059 537 1089 crucifixus
549 1069 599 1098 pro
612 1057 832 1096 crucifigentibus
842 1067 869 1086 se
881 1056 978 1086 oravit.

239 1100 269 1130 Si
284 1099 486 1140 repercusseris,
501 1109 563 1137 crgo
577 1098 695 1137 primum
705 1097 853 1136 denegasti,
866 1103 892 1126 te
902 1096 982 1125 Chri—

239 1140 274 1168 sti
284 1150 339 1169 esse
347 1139 524 1178 discipulum,
540 1147 593 1167 non
606 1137 706 1174 verbis,
718 1137 766 1166 sed
777 1137 862 1166 factis.
879 1135 983 1165 Deinde

240 1190 303 1209 cum
321 1179 431 1219 ejeceris
456 1177 567 1207 oculum
587 1187 636 1217 pro
661 1177 740 1206 oculo
764 1183 822 1211 tuo,
835 1183 860 1205 et
873 1175 983 1214 fregeris

240 1218 345 1248 dentem
357 1229 406 1258 pro
418 1218 496 1247 dente
511 1223 557 1246 tuo
566 1240 575 1252 ,
585 1216 719 1255 numquid
736 1227 785 1256 per
797 1217 849 1245 hoc
863 1215 982 1245 restitui—

241 1264 285 1286 tur
297 1258 447 1287 membrum
460 1264 537 1286 tuum
553 1256 579 1285 in
591 1257 649 1286 loeo
663 1256 796 1295 proprio?
809 1256 838 1285 Si
850 1265 913 1294 crgo
927 1265 980 1284 non

241 1296 392 1327 reddideris
407 1297 509 1326 malum
542 1306 571 1324 ro
582 1296 663 1331 malo,
677 1302 702 1324 et
725 1295 747 1323 si
758 1295 909 1324 membrum
921 1304 982 1323 cor-

241 1337 316 1376 poris
326 1336 480 1377 perdidisti,
495 1346 528 1364 ve
560 1335 667 1364 lucrum
679 1334 813 1374 patientiae
833 1333 982 1372 acquisisti.

241 1377 271 1407 Si
283 1384 372 1406 autem
379 1375 528 1406 reddideris
537 1381 578 1404 :et
587 1372 838 1414 corporisdamuum
847 1383 940 1412 passus
945 1382 983 1408 es,

242 1424 268 1446 et
277 1416 380 1446 salutis.
389 1416 504 1446 59.Sed
513 1416 538 1444 si
549 1416 614 1455 quis
623 1421 650 1442 te
658 1416 827 1453 percusserit
836 1414 867 1440 in
880 1412 986 1440 maxil-

1034 303 1115 332 nibus
1127 303 1191 339 Det,
1208 302 1272 341 quia
1285 302 1427 332 reddidisti
1447 304 1489 332 illi
1499 304 1573 343 quod
1583 306 1654 335 fecit.
1672 306 1701 336 Si
1712 317 1727 335 0

1033 342 1137 372 fortiter
1151 342 1284 378 irasceris,
1296 343 1440 382 patientius
1453 354 1509 383 age,
1523 351 1552 373 ut
1570 345 1666 374 melius
1679 346 1775 376 vindi—

1033 381 1113 417 ceris,
1126 382 1229 410 scilicet
1249 392 1297 427 per
1310 383 1410 411 Deum.
1425 384 1474 412 ⁴0.
1491 384 1533 413 Et
1553 385 1583 413 ei
1591 387 1643 424 qui
1655 386 1723 415 vult
1736 392 1776 415 te-

1033 431 1100 450 cum
1111 423 1144 449 in
1163 421 1275 460 judicio
1287 423 1470 458 contendere,
1492 429 1520 451 et
1543 426 1674 453 tunicam
1696 433 1776 455 tuam

1035 461 1147 497 tollere,
1160 461 1274 489 dimitte
1286 463 1314 490 ei
1327 467 1356 490 et
1372 462 1507 501 pallium.
1526 463 1647 493 Primum
1664 465 1775 506 indigna

1033 511 1076 529 res
1088 507 1139 536 est,
1152 507 1181 529 ut
1195 500 1275 529 homo
1295 500 1385 529 fidelis
1399 508 1449 531 stet
1466 501 1494 531 in
1504 502 1611 542 judicio
1627 511 1688 533 ante
1710 515 1775 534 con-

1034 546 1155 581 spectum
1175 539 1276 579 judicis
1289 539 1416 570 infidelis.
1432 542 1501 571 Nam
1515 542 1564 571 etsi
1585 543 1703 573 infidelis
1722 554 1776 573 non

1034 586 1083 615 est,
1099 586 1170 608 certe
1190 579 1325 608 saecularis
1345 587 1395 609 est.
1412 581 1448 610 Et
1471 582 1518 620 qui·
1536 588 1563 611 te
1583 584 1706 613 venerari
1728 583 1776 613 de-

1033 619 1130 648 buerat
1146 626 1256 659 propter
1275 618 1434 659 dignitatem
1455 621 1518 650 fidei
1529 644 1537 659 ‚
1557 621 1657 652 ‘udicat
1671 629 1697 652 te
1710 634 1776 664 pro-

1033 666 1093 698 pter
1118 659 1297 688 necessitatem
1322 670 1426 696 causae,
1450 667 1476 690 et
1499 633 1595 700 perdes
1619 662 1777 702 dignitatem

1033 698 1134 728 Christi
1155 705 1265 738 propter
1295 699 1432 738 negotium
1466 701 1574 730 mundi.
1598 703 1694 731 Nonne
1719 713 1777 732 me-

1033 737 1087 767 lius
1098 744 1138 767 est
1146 761 1156 774 ,
1171 745 1200 767 ut
1213 737 1310 778 perdas
1324 749 1364 768 res
1386 739 1548 776 mundiales,
1563 751 1643 779 quam
1662 742 1777 781 gloriam

1033 777 1245 822 sempiternam?
1269 778 1299 807 Si
1321 778 1392 807 enim
1414 789 1470 808 rem
1494 779 1645 819 perdideris
1667 788 1777 822 propter

1033 817 1172 847 Christum
1184 840 1191 854 ,
1207 817 1332 847 Christus
1353 818 1403 847 tihi
1429 829 1485 848 rem
1510 820 1649 849 restituere
1669 827 1774 861 potest:

1032 856 1055 885 si
1075 863 1163 886 autem
1186 864 1296 897 propter
1316 868 1371 886 rem
1393 858 1542 897 perdideris
1559 859 1710 898 Christum,
1733 872 1844 892 restxix

1032 896 1083 925 tibi
1106 907 1159 925 11011
1176 903 1262 937 potest
1279 897 1418 926 restituere
1430 898 1580 928 Christum.
1603 900 1708 930 Deinde
1729 911 1777 930 ne-

1033 946 1105 965 cesse
1115 943 1163 973 est,
1178 943 1208 965 ut
1220 936 1348 966 humilies
1357 943 1384 966 te
1394 947 1484 966 coram
1494 937 1597 977 judice,
1613 946 1639 968 et
1652 940 1777 970 subditus

1033 975 1083 1020 fias
1106 975 1148 1004 illi
1169 982 1278 1016 propter
1291 976 1473 1006 necessitatem
1491 987 1588 1007 causae.
1613 980 1649 1008 Et
1667 980 1778 1010 forsitan

1033 1025 1081 1054 qui
1102 1022 1214 1055 propter
1236 1016 1324 1045 Deum
1345 1026 1398 1045 non
1418 1017 1506 1046 fueras
1525 1023 1551 1046 te
1573 1018 1776 1058 humiliaturus,

1034 1054 1162 1084 humilias
1175 1062 1200 1084 te
1213 1063 1324 1095 propter
1346 1055 1464 1093 lucrum,
1483 1063 1510 1086 et
1530 1057 1595 1087 sacis
1608 1068 1665 1087 rem
1698 1060 1778 1089 retio-

1034 1094 1131 1139 siorem
1144 1105 1226 1134 quarn
1237 1097 1335 1124 Deum.
1349 1095 1452 1131 Tertio,
1467 1096 1532 1135 quia
1553 1108 1632 1127 omne
1641 1099 1672 1138 ju
1694 1098 1778 1128 icium

1034 1134 1149 1163 irritatio
1166 1134 1255 1163 cordis
1273 1141 1323 1171 est,
1338 1141 1364 1164 et
1377 1136 1569 1175 cogitationum
1582 1137 1726 1167 malarum.
1748 1139 1779 1169 Si

1035 1174 1118 1203 semel
1131 1174 1303 1214 injudicium
1317 1174 1452 1214 ingressus
1465 1175 1556 1212 fueris,
1572 1177 1629 1216 jam
1642 1187 1695 1206 non
1707 1177 1779 1209 desi-

1035 1212 1113 1242 deras
1134 1220 1164 1243 111
1183 1214 1282 1243 veritas
1295 1224 1381 1244 causae
1395 1222 1531 1255 appareat,
1544 1216 1591 1246 sed
1605 1223 1633 1245 ut
1646 1227 1781 1255 quocum-

1037 1263 1090 1292 que
1103 1252 1184 1282 modo
1194 1253 1282 1283 victor
1294 1254 1414 1283 exsistas.
1433 1255 1463 1284 Si
1479 1261 1569 1284 autem
1587 1256 1690 1286 videris
1705 1258 1781 1296 quod

1037 1303 1116 1322 causa
1134 1300 1190 1328 tua,
1205 1293 1274 1322 sicut
1285 1293 1438 1332 frequenter
1452 1294 1518 1323 solet
1529 1295 1589 1325 fieri
1609 1296 1637 1325 in
1655 1296 1779 1337 ι1011101111,

1037 1339 1083 1361 3111
1096 1332 1195 1368 verbis,
1210 1339 1257 1361 3111
1269 1333 1422 1370 fraudibus,
1440 1340 1487 1362 aut
1508 1335 1629 1374 pecuniis
1642 1347 1781 1377 expugne-

1037 1377 1081 1399 tur
1094 1383 1101 1400 1
1117 1381 1221 1400 necesse
1240 1378 1279 1400 est
1292 1372 1418 1402 similiter
1431 1379 1461 1401 ut
1475 1379 1500 1402 et
1513 1380 1543 1403 tu
1556 1382 1603 1405 aut
1616 1376 1719 1413 verbis,
1735 1384 1782 1406 aut

1037 1410 1189 1447 fraudibus,
1203 1418 1250 1440 aut
1260 1411 1390 1451 pecuniis,
1402 1422 1489 1441 causae
1499 1419 1551 1442 tuae
1561 1414 1652 1444 adesse
1661 1415 1780 1446 festines.

243 1456 316 1491 lam,
329 1457 425 1496 proebe
438 1458 465 1484 ei
476 1455 612 1484 alteram.
626 1454 686 1483 Non
700 1452 772 1482 enim
785 1451 910 1480 diabolus
925 1458 983 1480 tan-
1001 1454 1020 1479 C
1038 1450 1074 1479 Et
1085 1450 1108 1479 si
1120 1450 1154 1479 ab
1166 1449 1242 1479 initio
1254 1450 1398 1479 consilium
1412 1461 1464 1480 non
1477 1451 1607 1489 habuisti,
1623 1460 1652 1483 ut
1663 1454 1702 1484 sic
1715 1466 1782 1496 age-

242 1503 300 1526 tum
307 1495 341 1524 de
347 1495 459 1526 vulnere
473 1494 582 1523 humani
590 1492 710 1532 corporis
719 1491 827 1531 gaudet,
837 1490 883 1520 sed
893 1497 918 1520 et
927 1501 986 1519 ma-

241 1536 284 1575 gis
298 1536 325 1565 in
347 1535 460 1564 vulnere
473 1533 568 1563 auimae
581 1532 726 1561 delectatur
743 1543 750 1559 τ
767 1530 827 1559 11100
847 1530 919 1559 enim
933 1541 986 1560 ex-

240 1575 307 1604 citat
320 1574 438 1613 aliquem
450 1573 497 1612 qui
509 1580 536 1602 te
549 1571 690 1612 percutiat,
705 1577 734 1599 111
748 1569 815 1599 1111111
835 1577 863 1599 111
884 1569 986 1599 excita-

241 1621 287 1643 tus
301 1614 445 1654 repercutis
466 1623 538 1649 011111,
550 1621 653 1652 pecces,
668 1617 694 1639 et
718 1620 771 1638 uno
792 1609 847 1638 ictu
861 1609 985 1639 vulneret

240 1654 347 1683 ambos.
358 1654 414 1683 Scit
422 1652 505 1688 enim,
517 1652 580 1691 quia
594 1650 693 1680 vulnus
706 1649 826 1689 corporis
840 1648 893 1678 cito
903 1658 983 1678 sana-

242 1700 289 1723 1111·
300 1693 410 1724 :vulnus
421 1699 511 1722 autem
529 1691 623 1720 animae
639 1690 666 1719 in
679 1688 843 1728 quibusdam
858 1688 906 1718 vix
922 1699 984 1717 cum

243 1733 353 1769 labore,
368 1733 395 1762 in
409 1731 572 1772 quibusdam
594 1736 683 1759 autem
696 1739 843 1767 numquam
862 1734 980 1757 sanatur.

241 1772 362 1811 Ideoque
376 1773 399 1802 si
420 1770 611 1812 repercusseris
629 1779 702 1806 eum,
719 1768 747 1797 in
768 1768 854 1808 prima
873 1766 984 1806 quidem

242 1813 312 1842 ,facie
325 1812 404 1841 illum
418 1812 515 1841 vicisse
528 1809 642 1845 videris,
657 1819 686 1837 re
710 1818 771 1837 vera
786 1814 874 1836 autem
897 1818 912 1836 3
925 1806 985 1836 1113-

243 1853 309 1882 holo
322 1852 409 1881 victus
423 1861 462 1880 es.
478 1851 513 1880 Et
527 1856 605 1889 putas
618 1847 681 1887 quia
697 1854 723 1876 te
737 1847 837 1876 satiasti
863 1846 897 1875 de
923 1846 983 1883 illo,

245 1902 308 1921 vere
320 1899 410 1922 autem
422 1890 560 1920 diabolum
572 1887 672 1918 satiasti
685 1886 719 1916 de
732 1894 768 1916 te.
782 1887 812 1917 Si
828 1893 917 1915 autem
931 1896 982 1915 non

246 1931 436 1971 repercusseris
456 1940 528 1966 011111,
544 1929 578 1957 31)
593 1927 700 1956 1101111110
713 1926 823 1965 quidem
841 1925 929 1956 victus
946 1926 988 1955 vi-

247 1971 318 2000 deris
328 1992 335 2006 ‚
350 1970 491 2000 diabolum
516 1975 605 1997 autem
628 1966 728 1996 vicisti.
751 1967 814 1995 Haec
839 1964 988 1995 secundum

245 2010 377 2050 justitiam
396 2010 457 2039 Dei.
468 2008 620 2039 Videamus
639 2013 727 2035 autem
746 2005 895 2034 secundum
908 2005 987 2034 utili-

247 2057 327 2079 tatem
340 2049 483 2079 carnalem.
495 2045 636 2085 Numquid
658 2045 682 2074 si
706 2045 898 2085 repercusseris
912 2055 986 2080 eum,

248 2089 434 2128 compescuisti
456 2098 529 2123 eum,
543 2093 572 2116 ut
589 2087 646 2126 jam
659 2095 714 2114 non
728 2091 753 2114 te
768 2084 920 2124 percutiat?
934 2083 988 2114 Sed

249 2129 333 2167 magis
344 2128 464 2158 excitasti
478 2137 550 2162 eum,
565 2133 593 2155 ut
611 2125 700 2154 adhuc
724 2131 749 2153 te
763 2123 904 2164 percutiat.
917 2124 986 2154 Nam

249 2168 387 2198 iracundia
406 2178 454 2207 per
480 2165 646 2195 iracundiam
665 2174 717 2193 non
740 2163 928 2204 compescitur,
941 2162 989 2192 sed

249 2207 366 2247 amplius
380 2207 509 2236 irritatur.
520 2204 756 2242 Quemadmodum
780 2204 804 2232 si
821 2203 910 2242 ignem
927 2214 990 2232 cum

249 2248 310 2287 igne
334 2247 489 2286 conjungas,
511 2246 596 2285 major
620 2244 727 2273 flamma
750 2243 922 2280 succenditur
937 2253 944 2271 :
965 2242 989 2271 si

249 2294 338 2316 autem
352 2297 404 2315 non
419 2284 608 2325 repercusseris
621 2294 683 2313 eum
694 2306 701 2320 ,
717 2283 764 2312 ille
774 2284 830 2322 jam
851 2282 931 2311 stabit
944 2293 950 2311 :
965 2281 987 2311 si

249 2326 359 2365 quidem
380 2327 458 2365 sapit,
471 2325 614 2353 confusus:
633 2323 656 2352 si
676 2330 765 2352 autem
780 2332 832 2350 non
851 2322 932 2361 sapit,
947 2332 990 2350 sa-

249 2367 329 2395 tiatus
343 2377 349 2393 :
363 2373 389 2394 ct
403 2375 454 2394 non
465 2364 552 2394 solum
566 2364 664 2392 iterum
681 2369 707 2391 te
729 2371 781 2390 non
800 2361 926 2401 percutit,
942 2360 990 2390 sed

249 2405 357 2434 forsitan
379 2410 553 2444 compunctus
573 2402 652 2432 corde
674 2401 800 2441 poenitet,
824 2401 888 2438 quia
901 2407 927 2429 te
944 2400 989 2430 vel

250 2445 331 2473 semel
350 2444 491 2484 percussit.
511 2445 636 2472 Attamen
657 2441 707 2470 etsi
733 2440 772 2469 sic
797 2440 907 2468 insanus
929 2446 986 2476 est,

251 2490 280 2512 ut
294 2494 340 2513 nec
354 2484 508 2523 patientiam
527 2489 601 2511 tuam
614 2480 757 2519 intelligat,
773 2489 820 2508 nec
834 2478 985 2508 confunda-

251 2529 296 2551 tur
319 2523 346 2552 in
360 2524 429 2553 facto
449 2532 498 2552 suo
514 2534 521 2540 ·
535 2519 667 2559 numquid
684 2526 759 2559 potes
783 2525 813 2547 tu
830 2525 857 2547 te
870 2518 988 2558 amplius

251 2561 398 2598 vindicare,
414 2572 495 2600 quam
508 2562 581 2590 Deus
593 2566 648 2589 erat
658 2566 683 2588 10
694 2557 899 2587 vindicaturus?
912 2557 990 2587 Ideo-

252 2610 303 2637 que
316 2601 338 2630 si
351 2600 540 2640 repercusseris
566 2610 646 2636 eum,
668 2597 809 2638 perdidisti
829 2597 987 2633 vindictam,

1038 1499 1092 1526 res,
1106 1496 1198 1529 postea
1212 1489 1250 1518 sic
1271 1500 1348 1529 agere
1365 1490 1451 1530 ipsius
1466 1493 1652 1523 conunversiae
1669 1504 1782 1524 necessi-

1038 1535 1078 1558 tas
1091 1536 1117 1558 te
1134 1529 1281 1568 compellit.
1298 1530 1368 1559 Nam
1382 1530 1500 1569 primum
1512 1542 1561 1571 pro
1575 1533 1652 1562 lucro
1662 1540 1780 1564 tantum-

1038 1568 1118 1613 1110111)
1131 1568 1284 1605 festinabas,
1304 1575 1393 1608 postea
1411 1570 1468 1609 jam
1481 1577 1507 1599 et
1520 1582 1570 1611 pro
1591 1572 1696 1612 pudore
1716 1584 1783 1604 con-

1037 1607 1134 1653 tendis.
1146 1608 1181 1637 Et
1190 1609 1275 1647 magis
1282 1614 1420 1652 contentus
1430 1619 1458 1638 es
1465 1609 1544 1639 etiam
1552 1622 1661 1651 peccare
1667 1619 1782 1650 tantum,

1037 1654 1067 1676 ut
1081 1658 1181 1682 vincas,
1195 1658 1276 1685 quam
1287 1647 1361 1677 vmci
1375 1655 1493 1684 tantum,
1509 1657 1538 1680 ut
1551 1661 1585 1680 ne
1596 1662 1695 1691 pecces.
1720 1654 1783 1684 Haec

1037 1687 1109 1716 Deus
1120 1687 1175 1716 illis
1185 1686 1303 1724 mandat,
1314 1687 1361 1726 qui
1370 1688 1454 1727 magis
1462 1688 1583 1729 diligunt
1595 1692 1692 1729 Deum,
1701 1704 1784 1732 quam

1037 1726 1180 1756 mundum.
1202 1727 1271 1756 Nam
1288 1727 1336 1766 qui
1354 1727 1461 1757 lucrum
1472 1730 1568 1759 animae
1586 1741 1712 1771 magnum
1726 1743 1784 1763 esse

1037 1767 1182 1803 existimat,
1195 1766 1325 1796 damnum
1341 1767 1379 1797 rei
1397 1767 1534 1798 modicum
1548 1777 1642 1810 putat:
1660 1781 1722 1801 nam
1735 1772 1784 1813 qui

1037 1805 1165 1850 damnum
1186 1806 1224 1835 rei
1243 1817 1370 1845 magnum
1388 1807 1534 1844 existimat,
1560 1809 1667 1840 lucrum
1689 1812 1784 1842 animae

1038 1846 1180 1889 minimum
1202 1852 1289 1885 putat.
1304 1846 1359 1883 Qui
1378 1857 1441 1886 ergo
1463 1846 1603 1878 difficilius
1627 1857 1703 1890 putat
1728 1862 1784 1881 rem

1039 1884 1185 1922 dimittere,
1201 1895 1282 1923 quam
1296 1885 1325 1914 in
1344 1885 1447 1916 'udicio
1466 1886 1585 1924 introire,
1604 1889 1656 1919 hoc
1676 1891 1783 1931 cogitet,

1040 1924 1102 1963 quia
1120 1924 1262 1954 difficilius
1274 1932 1312 1955 est
1346 1936 1360 1954 e
1370 1925 1476 1966 judicio
1493 1927 1551 1957 sine
1569 1936 1676 1968 peccato
1697 1931 1783 1960 exire.

1040 1964 1160 1994 Facilius
1182 1971 1221 1993 est
1242 1964 1313 1993 enim
1334 1972 1403 2001 ante
1413 1965 1557 2006 judicium‘¹
1570 1978 1626 1998 rem
1639 1968 1784 2006 dimittere,

1040 2014 1121 2048 quam
1140 2003 1246 2043 judicio
1259 2004 1360 2033 evitare
1374 2012 1521 2045 peccatum.
1543 2009 1613 2037 Nam
1635 2016 1695 2039 31110
1711 2009 1786 2049 judi-

1040 2054 1123 2077 cium,
1139 2043 1208 2072 sicut
1229 2043 1361 2080 diximus,
1379 2055 1431 2073 una
1451 2055 1529 2075 causa
1543 2048 1662 2077 avaritiae
1675 2055 1702 2078 10
1713 2059 1786 2078 com-

1040 2082 1129 2122 pellit,
1142 2090 1202 2122 post
1213 2082 1362 2123 ingressum
1377 2084 1456 2113 etiam
1467 2095 1546 2115 causa
1556 2086 1679 2131 pudoris.
1694 2089 1730 2118 Et
1738 2089 1787 2127 qui

1041 2132 1123 2151 unam
1141 2132 1248 2151 causam
1263 2122 1368 2152 vincere
1388 2133 1440 2152 non
1454 2125 1563 2168 potuisti
1595 2133 1686 2166 ropter
1705 2127 1786 2156 timo-

1041 2172 1098 2191 rem
1112 2161 1174 2198 Dei,
1194 2161 1262 2190 duas
1283 2162 1420 2207 quomodo
1435 2164 1547 2193 Vincas?
1592 2176 1640 2205 rgo
1654 2166 1786 2197 51011110-

1041 2201 1107 2241 seph
1121 2200 1224 2230 dimisit
1236 2201 1352 2241 pallium
1363 2202 1390 2231 in
1403 2213 1484 2232 manu
1495 2205 1654 2242 meretricis,
1673 2212 1700 2235 et
1718 2207 1788 2246 fugit

1042 2251 1107 2285 cum·
1128 2241 1238 2270 meliore
1258 2241 1342 2280 pallio
1365 2242 1513 2272 castitatisz
1530 2243 1569 2273 sic
1589 2251 1615 2274 et
1636 2252 1666 2274 tu
1687 2246 1788 2286 projice

1042 2280 1157 2348 pallium
1171 2280 1197 2309 in
1212 2290 1306 2310 manus
1319 2281 1532 2319 calumniatoris,
1545 2290 1572 2312 et
1584 2284 1646 2325 fuge
1655 2295 1717 2315 eum
1731 2296 1784 2314 me·

1054 2320 1109 2349 iore
1125 2319 1274 2349 velamento
1285 2320 1407 2360 justitiae,
1423 2332 1457 2350 110
1468 2322 1536 2352 forte
1546 2323 1613 2352 dum
1633 2324 1675 2354 vis
1694 2324 1786 2354 vindi-

1043 2370 1102 2389 care
1121 2366 1221 2389 vestem
1241 2360 1371 2400 corporis,
1388 2361 1611 2400 pretiosissimum
1629 2363 1724 2392 animm
1737 2374 1786 2394 ve-

1043 2399 1195 2444 stimen-tum
1210 2399 1316 2439 perdas.
1338 2400 1441 2430 Deinde
1454 2401 1477 2430 si
1493 2401 1608 2431 viderint
1625 2402 1746 2432 infideles
1760 2410 1786 2433 te

1042 2438 1225 2468 Christianum
1246 2449 1296 2479 pro
1313 2439 1420 2479 injuriis
1440 2440 1551 2479 iujurias
1568 2442 1711 2481 rependere
1723 2453 1785 2482 gra-

1042 2478 1141 2514 viores,
1157 2489 1206 2518 pro
1219 2479 1330 2508 terrenis
1341 2479 1524 2516 facultatibus,
1540 2486 1566 2508 et
1578 2491 1661 2519 usque
1680 2482 1713 2511 ad
1723 2493 1785 2522 per-

1042 2518 1138 2547 niciem
1156 2518 1251 2547 animae
1282 2518 1412 2547 secularia
1437 2518 1544 2558 pulsare
1565 2519 1668 2559 judicia
1691 2528 1786 2551 contra

1043 2557 1206 2602 direptorem
1231 2559 1362 2598 injustum
1380 2569 1387 2586 ε
1415 2557 1551 2596 quomodo
1576 2559 1685 2590 credant
1712 2571 1787 2600 spem

1045 2607 1118 2636 regni
1131 2597 1243 2627 caelestis
1255 2607 1310 2627 esse
1322 2608 1424 2635 veram,
1440 2608 1520 2636 quam
1541 2599 1686 2637 praedicant
1705 2601 1784 2630 Chri·
