1890 2826
637 198 794 221 SYNOPsts
821 198 1007 221 SCRIPTURAE

114 260 160 297 ἔτη
171 259 212 290 ιε’.
227 260 375 295 Μανασσῆς
387 261 402 288 ὁ
415 259 469 292 υἱὸς
482 259 562 288 αὐτοῦ
574 258 620 294 ἔτη
633 258 678 287 νε’.
693 280 702 294 ,
715 259 760 287 καὶ
773 259 879 293 ἐποίησε

113 306 144 336 τὸ
156 305 277 346 πονηρόν.
296 305 369 337 “Οσα
392 305 421 336 δὲ
445 305 611 344 κατέσκαψεν
636 304 755 338 Ἐζεκίας
765 327 774 339 ,
797 307 881 333 ταῦτα

113 347 187 385 οὗτος
197 352 318 391 ἀνήγειρε
326 374 334 388 ,
347 352 392 381 καὶ
402 351 507 391 γέγονεν
520 351 600 384 ἄλλος
611 350 751 390 Ἱεροὸοὰμ
762 352 799 390 τῷ
814 350 881 379 Ἰού-

113 398 159 437 δᾳ,
172 397 246 429 ὥστε,
257 399 290 427 δι’
310 398 387 427 αὐτὸν
399 400 491 427 παθεῖν
503 397 552 433 τὴν
565 396 740 437 Ἰερουσαλὴμ
750 419 758 432 ,
778 398 814 428 ὡς
833 396 880 431 τὴν

112 443 275 484 Σαμάρειαν.
291 444 344 474 Καὶ
357 444 408 484 γὰρ
419 445 461 474 ἐπ’
474 445 554 473 αὐτοῦ
564 442 674 483 ἐλέχθη,
684 441 736 475 ⁶0<
750 441 881 481 ἐξήμαρτε

112 489 156 519 τὸν
171 489 281 519 Ἰούδαν.
302 491 351 520 Διὸ
366 490 412 520 καὶ
428 489 596 530 αἰχμάλωτος
610 488 720 528 ἀπήχθη
734 489 770 521 εἰς
788 487 880 516 3026„-

112 537 192 566 λῶνα.
212 538 282 566 'AM’
297 538 324 566 ἐν
339 539 372 577 τῇ
386 535 556 577 αἰχμαλωσίᾳ
567 558 575 571 ,
589 537 625 569 ὡς
639 537 666 564 ἐν
678 538 732 568 τοῖς
746 534 881 574 Παραλει-

112 581 236 621 πομὲνοις
253 582 410 623 γέγραπται,
425 582 622 622 μετανοήσαντα
647 580 724 611 αὐτὸν
737 579 879 619 μετέστρε-

112 630 159 668 ψεν
171 631 185 658 ὁ
196 628 265 660 Θεὸς
276 631 313 663 εἷς
322 628 506 669 Ἰερουσαλὴμ,
517 628 562 658 καὶ
573 627 653 657 πάλιν
663 625 822 657 ἀντελάὸετο
833 628 880 661 τῆς

114 675 256 714 βασιλείας.
275 677 417 705 Μετανοῶν
431 675 459 705 δὲ
478 675 523 705 καὶ
541 674 670 704 διδάσκων
683 672 727 702 τὸν
740 672 803 701 λαόν
819 672 880 701 δου-

112 721 196 751 λεύειν
207 724 245 760 τῷ
256 723 330 761 Θεῷ,
345 721 523 757 ἐτελεύτησεν.
535 721 595 750 Οὐκ
614 719 698 759 ἐτάφη
718 718 746 748 δὲ
763 719 790 747 ἐν
804 718 880 748 πόλει

113 767 207 805 Δαυὶδ,
223 769 281 797 ἀλλ’
292 769 319 797 ἐν
332 770 370 807 τῷ
384 767 463 808 κήπῳ
481 768 569 803 αὐτοῦ,
585 767 663 805 κήπῳ
678 766 753 799 Ὀζᾶ.
767 764 853 804 Ἀμὼς
864 766 880 794 ὁ

114 813 167 846 υἱὸς
180 814 259 842 αὐτοῦ
272 813 318 849 ἔτη
329 813 364 843 δ’.
372 835 381 849 ,
394 813 439 843 καὶ
450 813 558 848 ἐποίησε
575 811 606 841 τὸ
615 811 739 851 πονηρὸν,
752 812 788 844 ὥς
801 813 815 840 ὁ
826 823 881 840 πα-

113 858 164 899 τὴρ
177 860 257 888 αὐτοῦ
274 860 420 894 Μανασσῆς
431 881 439 895 ,
454 858 499 888 καὶ
522 859 623 887 ἀνεῖλον
644 857 722 886 αὐτὸν
744 858 768 885 οἱ
789 857 881 889 παῖδες

114 905 203 940 αὐτοῦ,
217 904 263 934 καὶ
282 904 364 944 ἐτάφη
388 905 415 933 ἐν
428 904 507 944 κήπῳ
522 905 590 938 Ὀζᾶ
600 927 608 940 ,
626 903 687 932 ἔνθα
706 902 751 931 καὶ
764 904 778 931 ὃ
792 901 880 941 πατὴρ

113 951 202 980 αὐτοῦ.
216 951 321 984 Ἰωσίας
338 953 352 980 ὁ
371 950 426 984 υἱὸς
448 951 528 979 αὐτοῦ
548 950 594 985 ἔτη
612 948 665 978 λα’.
679 950 780 978 Τοῦτον
794 950 807 977 ὁ
821 948 882 981 λαὸς

113 996 202 1036 ἤγειρε
216 995 343 1036 βασιλέα,
359 996 422 1026 ὄντα
439 997 504 1025 ἐτῶν
519 995 553 1031 η’,
563 1017 571 1030 ,
589 995 634 1024 καὶ
648 994 755 1029 ἐποίησε
766 994 797 1023 τὸ
810 993 882 1026 εὔθὲς

113 1043 140 1071 ἐν
153 1042 227 1082 πάσῃ
238 1043 291 1082 ὁδῷ
305 1042 389 1072 Δαυὶδ
397 1064 404 1079 ,
418 1042 462 1071 καὶ
476 1043 524 1071 οὐκ
535 1041 637 1077 ἀπέστη
653 1040 739 1081 δεξιᾷ,
752 1040 810 1070 οὐδὲ
824 1042 880 1080 ἀρι-

113 1094 202 1128 στερᾷ.
218 1088 270 1118 Καὶ
282 1088 333 1128 γὰρ
350 1088 396 1117 καὶ
410 1087 444 1117 τὰ
457 1088 527 1123 ἄλση
542 1086 648 1127 ἐξέκοψε
658 1108 666 1121 ,
679 1086 724 1117 καὶ
738 1086 772 1116 τὰ
786 1086 880 1115 εἴδωλα

113 1134 200 1163 πάντα
218 1135 332 1163 καθεῖλε.
346 1134 488 1172 Γενόμενος
502 1133 529 1163 δὲ
544 1134 608 1162 ἐτῶν
626 1132 669 1166 ις’.
680 1155 688 1166 ,
702 1133 746 1162 τόν
759 1144 789 1161 τε
802 1131 880 1171 νόμον

115 1179 245 1215 ζητήσας,
263 1180 308 1208 καὶ
322 1179 404 1219 εὑρὼν
419 1178 584 1218 ἀμεληθέντα
593 1201 601 1215 ,
617 1179 816 1218 ἀναγνωσθῆναι
831 1189 880 1206 πε-

114 1226 224 1261 ποίηκε,
238 1225 284 1255 καὶ
301 1225 332 1254 τὸ
344 1225 436 1266 πάσχα
453 1225 574 1262 ἐποίησε,
587 1224 632 1254 καὶ
646 1224 779 1264 ἐκήρυξεν,
791 1226 826 1257 ὡς
837 1223 881 1263 γε’-

114 1283 242 1311 γραπται,
262 1272 363 1300 Τοῦτον
377 1270 404 1300 δὲ
425 1271 510 1300 ἀνεῖλε
531 1270 635 1311 Φαραὼ
657 1269 755 1310 Νεχαὼ
769 1269 813 1298 ἐπὶ
836 1272 882 1298 τοῦ

115 1317 255 1357 Εὐφράτου
275 1317 494 1357 φιλονεικήσαντα
517 1316 582 1356 πρὸς
606 1316 693 1345 αὐτόν.
707 1316 771 1345 Ἐπὶ
791 1315 883 1345 τούτου

115 1363 244 1403 Ἱερεμίας
257 1363 302 1392 καὶ
315 1362 443 1403 Σοφονίας
455 1358 524 1398 ἦσαν
537 1364 561 1392 οἱ
576 1365 726 1402 προφῆται,
741 1362 786 1391 καὶ
800 1361 884 1392 Ὀλδὰ

114 1411 132 1444 ἡ
154 1412 282 1449 προφῆτις
303 1408 369 1448 γυνὴ
388 1409 488 1444 Σελλῆ.
501 1409 615 1449 Ἰωάχαζ
636 1407 690 1441 υἱὸς
704 1410 782 1438 αὐτοῦ
801 1409 885 1446 μῆνας

114 1459 184 1495 τρεῖς
194 1477 202 1491 ,
215 1455 260 1484 καὶ
274 1454 382 1490 ἐποίησε
395 1453 426 1483 τὸ
438 1454 562 1494 πονηρὸν,
574 1454 620 1483 καὶ
633 1454 794 1492 μετέστησεν
809 1454 886 1483 αὐτὸν

115 1500 220 1540 Φαραὼ
238 1500 336 1540 Νεχαώ
346 1511 353 1518 ·
368 1500 414 1529 καὶ
427 1500 471 1529 ἐπὶ
487 1499 580 1529 τούτου
594 1496 627 1536 ἧν
641 1499 780 1539 Ἱερεμίας.
795 1501 886 1529 Ἐλια-

117 1546 180 1584 κεὶμ
192 1546 279 1586 ἕτερος
292 1546 346 1579 υἱὸς
359 1545 471 1580 Ἰωσίου,
491 1545 518 1578 ὃς
539 1546 730 1584 μετωνομάσθη
745 1546 885 1584 Ἰωακεὶμ,

118 1591 164 1627 ἔτη
180 1590 239 1628 ια’.,
252 1591 298 1620 καὶ
312 1591 420 1626 ἐποίησε
433 1591 464 1620 τὸ
474 1591 596 1630 πονηρόν.
608 1592 735 1629 Ὶωακεὶμ
748 1593 762 1620 ὃ
776 1591 821 1620 καὶ
836 1592 886 1620 Ἰε-

118 1636 222 1676 χονίας,
237 1638 252 1666 ὁ
265 1636 319 1670 υἱὸς
333 1638 420 1672 αὐτοῦ,
437 1638 521 1675 μῆνας
543 1636 587 1675 γ’.,
606 1636 652 1665 καὶ
673 1636 781 1673 ἐποίησε
795 1636 825 1665 τὸ
838 1648 888 1666 πο-

1034 199 1157 222 SAcuAE.
1605 188 1649 223 42
1660 202 1668 222 ι

936 269 982 287 sus
996 260 1107 299 angelus
1120 268 1225 290 centum
1246 261 1378 300 octoginta
1395 261 1513 300 quinque
1527 261 1613 290 millia
1627 261 1676 290 ho-

899 308 918 332 C
936 304 1039 334 minum
1051 306 1159 336 occidit.
1171 307 1323 336 Moriturus
1347 306 1475 337 Ezechias
1496 306 1532 335 ad
1550 317 1676 346 proroga-

935 350 1033 380 tionem
1051 352 1112 382 vitae
1132 363 1214 382 annos
1237 352 1390 392 quindecim
1415 351 1525 391 accepit.
1540 354 1676 382 Manasscs

936 397 1009 426 filius
1022 396 1080 437 ejus
1099 410 1182 428 annos
1199 399 1392 438 quinquaginta
1410 398 1540 437 quinque,
1562 398 1675 436 fecitque

934 443 1047 473 malum.
1068 446 1250 484 Quaecumque
1267 445 1412 475 demolitus
1430 444 1516 473 fuerat
1535 444 1674 481 Ezechias,

933 489 992 528 ipse
1013 490 1138 527 restituit,
1152 498 1177 520 et
1195 492 1280 520 sactus
1291 498 1330 520 est
1341 490 1419 521 Judae
1433 490 1501 519 alter
1514 490 1674 527 Jeroboam;

933 535 968 564 ita
985 543 1013 565 ut
1026 537 1084 576 ejus
1100 547 1179 566 causa
1193 536 1264 566 idem
1282 547 1358 577 passa
1373 537 1408 566 sit
1428 536 1588 573 Jerusalem,
1602 536 1676 574 quod

933 582 1066 611 Samaria.
1081 583 1122 611 De
1135 582 1185 611 illo
1199 582 1302 611 dictum
1322 590 1371 620 est,
1391 583 1448 621 Qui
1463 592 1584 621 peccare
1594 583 1707 623 fecita.
1719 590 1774 616 neg.
1785 596 1821 611 ει.

933 628 956 656 J
956 628 1055 656 udam.
1063 627 1127 657 Ideo
1138 628 1260 668 captivus
1271 628 1402 657 abductus
1411 628 1487 657 estin
1496 628 1671 667 Babylonem.

933 673 1025 703 sedin
1046 674 1211 714 captivitate,
1226 681 1256 703 ut
1272 674 1300 702 in
1315 673 1525 713 Paralipomenis
1544 673 1674 713 scriptum

933 726 983 757 est,
1005 720 1176 759 poenitentem
1195 719 1309 749 reduxit
1321 721 1394 749 Deus
1407 719 1435 748 in
1458 719 1618 756 Jerusalem,
1633 730 1674 748 re-

899 769 917 792 D
934 775 1070 804 gnumque
1086 765 1265 806 recuperavit.
1283 765 1467 795 Poenitentiam
1481 764 1570 803 itaque
1582 775 1673 805 agens,

933 811 1118 851 populumque
1132 818 1161 840 ut
1174 813 1232 841 Deo
1250 811 1364 841 serviret
1381 810 1491 847 docens,
1505 810 1583 839 obiit.
1598 812 1629 840 In
1641 811 1676 840 ci-

932 857 1014 887 vitate
1028 864 1114 887 tamen
1128 857 1221 887 David
1232 867 1285 886 nou
1299 864 1337 886 est
1354 857 1487 897 sepultus,
1500 857 1586 886 sedin
1598 857 1676 887 horto

934 914 995 940 suo,
1010 904 1039 932 in
1052 904 1130 933 horto
1143 905 1209 934 Oza.
1232 905 1312 933 Amos
1331 903 1405 933 filius
1418 905 1476 944 ejus
1495 904 1617 943 regnavit
1630 914 1677 934 an-

935 959 983 978 nos
991 949 1072 987 duos,
1087 957 1113 979 et
1125 950 1187 979 fecit
1200 950 1302 979 malum
1316 950 1386 979 sicut
1398 957 1473 990 pater
1488 951 1545 990 ejus
1565 951 1676 979 Manas-

934 1007 986 1033 seS‚
1002 1004 1027 1026 et
1045 997 1200 1026 occiderunt
1221 997 1311 1037 ipsum
1330 998 1400 1027 servi
1420 998 1489 1037 ejus,
1502 998 1677 1037 sepultusque

934 1049 973 1071 est
983 1042 1011 1071 in
1021 1043 1098 1072 horto
1107 1044 1172 1080 Oza,
1182 1042 1208 1071 in
1219 1053 1273 1081 quo
1282 1043 1403 1082 sepultus
1412 1049 1451 1072 est
1460 1049 1486 1072 et
1495 1050 1570 1083 pater
1578 1043 1674 1083 ipsius.

933 1089 1020 1120 Josias
1050 1089 1122 1118 filius
1144 1089 1203 1129 ejus
1231 1089 1351 1128 regnavit
1375 1089 1451 1118 annis
1476 1089 1586 1129 triginta
1609 1100 1674 1119 uno.

935 1138 1013 1166 Hunc
1026 1136 1144 1176 populus
1157 1147 1247 1176 regem
1259 1136 1371 1173 creavit,
1386 1146 1448 1165 cum
1461 1143 1529 1165 esset
1542 1146 1677 1165 annorum

935 1189 1006 1218 octo,
1020 1183 1135 1221 fecitque
1154 1189 1268 1218 rectum,
1284 1188 1309 1210 et
1328 1182 1478 1211 ambulavit
1496 1182 1524 1211 in
1546 1181 1620 1210 omni
1633 1182 1678 1212 via

901 1223 919 1245 r·
937 1228 1037 1264 David,
1054 1239 1102 1258 nec
1121 1227 1267 1258 declinavit
1287 1227 1324 1256 ad
1342 1227 1480 1257 dexteram
1497 1227 1542 1257 vel
1561 1227 1595 1256 ad
1612 1227 1678 1257 sini-

937 1282 1030 1305 stram.
1046 1274 1154 1304 Etenim
1169 1281 1195 1303 et
1208 1274 1283 1303 lucos
1300 1273 1425 1311 succidit,
1441 1280 1466 1303 et
1481 1274 1570 1303 omnia
1590 1274 1678 1303 simu-

936 1323 1007 1351 lacra
1021 1321 1141 1351 sustulit.
1152 1322 1225 1350 Cum
1236 1330 1370 1349 annorum
1378 1328 1446 1350 esset
1454 1320 1580 1357 sedecim,
1592 1320 1679 1360 legem

937 1367 1071 1407 quaesivit,
1087 1374 1112 1396 ct
1127 1378 1189 1396 cuin
1209 1373 1270 1395 ante
1289 1366 1435 1406 neglectam
1453 1366 1607 1403 invenisset,
1625 1366 1679 1406 legi

934 1414 1015 1454 jussit
1030 1426 1036 1442 :
1053 1425 1084 1443 ac
1097 1413 1195 1453 pascha
1213 1412 1369 1452 praedicavit
1392 1412 1598 1452 celebravitque,
1611 1413 1680 1442 sicut

938 1460 1067 1500 scriptum
1078 1466 1128 1489 est.
1141 1460 1221 1489 Hunc
1231 1458 1329 1488 occidit
1341 1459 1445 1488 Pharao
1457 1459 1564 1488 Nechao
1574 1458 1609 1488 ad
1620 1459 1679 1489 Eu-

938 1508 1070 1548 phratem,
1082 1517 1145 1536 cum
1158 1506 1291 1536 contentio
1304 1506 1374 1536 inter
1386 1506 1447 1536 illos
1459 1513 1518 1536 orta
1530 1513 1608 1536 esset.
1623 1507 1680 1536 Hu-

934 1554 981 1592 jus
994 1561 1112 1593 tempore
1122 1554 1231 1582 fuerunt
1243 1553 1381 1592 prophetae
1396 1553 1524 1582 Jeremias
1536 1559 1562 1581 et
1572 1552 1681 1592 Sopho-

938 1600 1012 1636 nias,
1036 1606 1062 1629 et
1082 1599 1154 1628 olda
1180 1599 1347 1638 prophetissa
1369 1609 1437 1627 uxor
1459 1598 1542 1628 Selle.
1566 1599 1681 1629 Joachaz

940 1645 1013 1673 filius
1023 1645 1081 1683 ejus
1095 1644 1216 1683 regnavit
1228 1654 1330 1674 menses
1339 1651 1402 1681 tres,
1416 1651 1442 1673 et
1454 1644 1517 1674 fecit
1529 1645 1640 1680 malum,
1655 1651 1681 1673 et

118 1682 197 1722 νηρὸν
212 1682 257 1711 καὶ
273 1681 383 1721 ἀπήχθη
398 1683 434 1715 Εἷς
446 1682 600 1712 umectam.
615 1682 727 1711 Ματθὰν
743 1685 756 1711 ὁ
769 1682 823 1715 υἱὸς
837 1684 888 1711 αὖ·
897 1691 1075 1720 ³⁶⁰transtulit
1097 1701 1159 1720 eum
1177 1690 1283 1719 Pharao
1302 1690 1420 1719 Nechao.
1440 1690 1498 1720 Sub
1510 1690 1561 1719 hoc
1575 1701 1681 1729 quoque

118 1731 174 1757 τοῦ.
197 1729 298 1757 Τοῦτον
318 1727 552 1767 Ναὸουχοδονόσορ
573 1727 681 1764 ἐποίησε
703 1727 830 1767 βασιλέα,
844 1728 889 1757 καὶ

119 1772 291 1811 μετωνόμασε
301 1768 378 1802 αὐτὸν
389 1772 524 1802 Σεδεκίαν.
536 1773 588 1803 Καὶ
600 1773 767 1803 ἐὸασίλευσεν
777 1773 823 1809 ἔτη
835 1773 889 1810 ιὸ’.,

120 1819 165 1848 καὶ
179 1819 286 1855 ἐποίησε
299 1819 330 1848 τὸ
342 1818 465 1859 πονηρόν.
482 1820 533 1848 Καὶ
548 1819 592 1848 ἐπὶ
603 1818 695 1848 τούτου
705 1815 738 1855 ἦν
751 1819 888 1860 Ἱερεμίας.

121 1865 192 1898 Ἕως
213 1864 306 1894 τούτου
319 1866 336 1900 ἡ
352 1864 473 1904 βασιλεία
487 1867 532 1894 τοῦ
548 1864 634 1894 Ἰούδα
645 1887 654 1901 ,
676 1865 721 1894 καὶ
740 1865 886 1902 κατελύθη,

120 1910 211 1950 ὥσπερ
222 1910 267 1940 καὶ
278 1912 325 1946 τῆς
337 1910 497 1950 Σαμαρείας.
514 1910 565 1940 Καὶ
573 1911 625 1951 γὰρ
635 1913 652 1946 ἡ
665 1911 740 1945 πόλις
752 1912 830 1948 ἑάλω,
844 1912 887 1941 καὶ

121 1958 216 1991 πάντες
234 1957 394 1997 ἀπήχθησαν
416 1957 581 1997 αἰχμάλωτοι
603 1959 639 1991 εἰς
662 1958 807 1988 Βαὸυλῶνα
822 1959 889 1997 μετὰ

121 2005 230 2034 σκευῶν.
246 2003 307 2033 Εἰσὶ
322 2003 350 2033 δὲ
365 2004 480 2042 βασιλεῖς
494 2003 546 2033 xz‘.
558 2003 631 2037 ἐκτὸς
649 2004 781 2038 Γοθολίας.

163 2374 299 2414 Ὀνόματα
316 2376 369 2403 τῶν
384 2375 512 2414 βασιλέων
527 2378 579 2405 τῶν
594 2377 739 2416 γενομένων
753 2379 780 2407 ἐν
795 2379 889 2418 Σαμα-

126 2420 182 2460 ρείᾳ
192 2443 200 2456 ,
214 2421 259 2450 καὶ
278 2425 351 2450 ποῖον
367 2424 414 2457 τῆς
429 2421 539 2451 ἑκάστου
562 2423 680 2462 πράξεως
695 2423 784 2463 γέγονε
797 2425 871 2459 τέλος
880 2448 889 2462 ,

125 2466 170 2495 καὶ
185 2466 254 2496 πόσα
269 2466 315 2502 ἔτη
334 2467 443 2501 ἕκαστος
457 2467 634 2503 ἐὸασίλευσεν,
648 2469 737 2503 οὕτως.
753 2470 890 2510 Ἱεροὸοὰμ

125 2511 179 2545 υἱὸς
192 2512 286 2542 Ναὸὰθ
306 2512 351 2547 ἔτη
367 2513 417 2541 κδ’.
434 2509 519 2546 Οὗτος
532 2514 683 2553 σχισθείσης
696 2518 742 2551 τῆς
757 2515 890 2555 βασιλείας

127 2557 241 2586 ἀνελθὼν
255 2559 300 2586 ἀπ’
314 2558 448 2596 Αἰγύπτου
462 2561 565 2598 πρῶτος
577 2560 744 2590 ἐὸασίλευσεν
755 2563 782 2591 ἐν
798 2564 891 2602 Σαμα-

129 2603 185 2643 ρείᾳ
195 2625 203 2639 ,
216 2603 260 2633 καὶ
276 2603 383 2638 ἐποίησε
396 2603 427 2632 τὸ
447 2605 559 2645 πονηρὸν
573 2608 608 2639 ὡς
628 2607 709 2641 οὐδεὶς
723 2607 817 2648 ἕτερος.
832 2611 891 2639 ψο-

285 2653 358 2672 Tom.
381 2654 424 2672 vr.

906 1727 925 1749 Α
939 1736 1010 1766 vixit
1027 1736 1168 1766 Jeremias.
1186 1735 1304 1765 Eliakim
1318 1735 1385 1764 alter
1402 1735 1475 1764 filius
1488 1736 1579 1773 Josiae,
1593 1736 1640 1775 qui
1656 1743 1682 1766 et

940 1784 1009 1813 Joak
1015 1782 1051 1812 im
1075 1789 1177 1812 mutato
1192 1783 1298 1811 nomine
1307 1781 1396 1811 dictus
1408 1788 1457 1818 est,
1472 1782 1594 1821 regnavit
1605 1782 1682 1812 annis

940 1828 1076 1865 undecim,
1088 1835 1114 1858 et
1125 1828 1185 1857 fecit
1198 1827 1271 1867 quod
1284 1828 1386 1857 malum
1400 1835 1466 1857 erat.
1477 1828 1585 1858 Joakim
1598 1829 1646 1868 qui
1657 1836 1682 1859 et

939 1874 1092 1911 Jechonias,
1107 1874 1182 1903 filius
1197 1875 1267 1914 ejus,
1280 1873 1402 1913 regnavit
1415 1884 1518 1903 menses
1528 1881 1591 1910 tres,
1607 1881 1633 1904 et
1645 1875 1682 1904 fe-

940 1919 976 1948 cit
986 1918 1059 1957 quod
1073 1918 1175 1947 malum
1189 1925 1255 1954 erat,
1268 1918 1463 1956 translatusque
1475 1925 1515 1947 est
1527 1918 1555 1947 in
1566 1919 1684 1959 Babylo-

940 1976 1011 1997 nem.
1028 1965 1149 1995 Matthan
1162 1965 1236 1994 filius
1254 1964 1323 2003 ejus.
1341 1965 1420 1993 Hunc
1434 1964 1683 1994 Nabuchodonosor

942 2012 1078 2042 constituit
1092 2022 1192 2051 regem,
1208 2018 1234 2040 et
1246 2017 1347 2040 mutato
1361 2010 1467 2039 nomine
1478 2010 1615 2040 Sedeciam
1635 2022 1682 2051 ap-

942 2057 1064 2098 pellavit,
1078 2057 1252 2097 regnavitque
1261 2056 1336 2086 annis
1344 2056 1498 2092 duodecim,
1512 2063 1538 2085 et
1549 2056 1614 2086 fecit
1623 2067 1681 2086 ma-

941 2105 1011 2134 lum.
1031 2105 1088 2135 Sub
1111 2103 1163 2133 hoc
1179 2113 1286 2142 quoque
1304 2110 1360 2133 erat
1375 2103 1515 2133 Jeremias.
1538 2104 1682 2142 Hucusque

943 2150 1053 2181 duravit
1070 2160 1182 2190 regnum
1202 2150 1220 2180 J
1223 2149 1286 2186 uda,
1312 2156 1428 2189 tuncque
1450 2149 1610 2179 subversum
1631 2156 1680 2185 est,

942 2197 1010 2226 sicut
1019 2203 1045 2226 et
1057 2206 1168 2236 regnum
1181 2195 1318 2226 samariae.
1329 2195 1403 2226 Urbs
1417 2205 1530 2234 namque
1543 2202 1619 2234 capta
1632 2202 1681 2230 cst,

942 2250 968 2272 et
986 2242 1104 2272 universi
1124 2241 1153 2271 in
1174 2242 1338 2282 Babylonem
1352 2242 1450 2282 captivi
1465 2252 1527 2270 cum
1545 2241 1617 2271 vasis
1633 2241 1680 2269 ab·

942 2288 1017 2318 ducti
1025 2295 1097 2318 sunt.
1113 2289 1234 2327 Suntque
1246 2299 1319 2328 reges
1331 2289 1426 2329 viginti
1441 2299 1520 2324 nnus,
1531 2298 1584 2317 non
1595 2297 1679 2316 annu-

914 2356 916 2359 ·
941 2341 1039 2364 metata
1052 2334 1191 2365 Gotholia.

981 2380 1095 2411 Nomina
1108 2391 1201 2420 regum
1211 2382 1259 2419 qui
1270 2382 1377 2410 suerunt
1389 2381 1417 2409 iu
1429 2380 1547 2411 Samaria
1556 2401 1564 2415 ‚
1586 2385 1612 2407 et
1622 2388 1680 2416 quae

943 2434 1026 2466 gesta,
1041 2427 1088 2465 qui
1101 2426 1163 2455 finis
1181 2427 1309 2466 cujusque
1319 2427 1409 2462 suerit,
1422 2433 1447 2455 et
1461 2432 1526 2467 quot
1537 2424 1612 2453 annis
1624 2424 1679 2452 sin-

943 2473 999 2512 guli
1017 2473 1186 2512 regnaverint
1207 2472 1249 2500 his
1267 2473 1367 2511 accipe.
1384 2472 1525 2502 Jeroboam
1539 2470 1612 2499 filius
1623 2471 1678 2499 Na-

909 2522 926 2546 B
943 2519 1008 2548 bath
1030 2519 1106 2548 annis
1123 2520 1173 2547 al..
1198 2518 1248 2547 Hic
1261 2517 1372 2547 discisso
1384 2527 1465 2555 regno
1483 2516 1625 2546 ascendens
1647 2527 1682 2544 ex

945 2565 1073 2604 AEgypto‚
1089 2564 1190 2604 primus
1203 2563 1322 2601 regnavit
1333 2563 1359 2590 in
1370 2562 1500 2598 Samaria,
1515 2569 1540 2591 et
1548 2563 1610 2591 fecit
1621 2574 1682 2592 ma-

946 2612 1015 2649 lum,
1033 2611 1069 2639 ita
1083 2617 1110 2639 ut
1122 2609 1229 2638 nullum
1250 2608 1364 2637 similem
1378 2608 1511 2636 habuerit.
1530 2609 1640 2639 Veritus
1653 2620 1685 2638 ne

1529 2647 1566 2677 28
