<?xml version="1.0" encoding="UTF-8"?>
<!DOCTYPE html PUBLIC "-//W3C//DTD XHTML 1.0 Transitional//EN"
    "http://www.w3.org/TR/xhtml1/DTD/xhtml1-transitional.dtd">
<html xmlns="http://www.w3.org/1999/xhtml" xml:lang="en" lang="en">
 <head>
  <title>
</title>
<meta http-equiv="Content-Type" content="text/html;charset=utf-8" />
  <meta name='ocr-system' content='tesseract 3.04.00' />
  <meta name='ocr-capabilities' content='ocr_page ocr_carea ocr_par ocr_line ocrx_word'/>
</head>
<body>
  <div class='ocr_page' id='page_1' title='image "./operaomniaquaeex06johnuoft_0366.png"; bbox 0 0 1890 2826; ppageno 0'>
   <div class='ocr_carea' id='block_1_1' title="bbox 247 193 1466 229">
    <p class='ocr_par' dir='ltr' id='par_1_1' title="bbox 247 193 1466 229">
     <span class='ocr_line' id='line_1_1' title="bbox 247 193 1466 229; baseline -0.003 -1"><span class='ocrx_word' id='word_1_1' title='bbox 247 193 315 229; x_wconf 82' lang='lat'>350</span> <span class='ocrx_word' id='word_1_2' title='bbox 593 202 623 226; x_wconf 84' lang='lat' dir='ltr'>S.</span> <span class='ocrx_word' id='word_1_3' title='bbox 650 202 785 226; x_wconf 76' lang='lat' dir='ltr'><strong>JoANMS</strong></span> <span class='ocrx_word' id='word_1_4' title='bbox 811 201 993 226; x_wconf 68' lang='lat' dir='ltr'>cmusosr.</span> <span class='ocrx_word' id='word_1_5' title='bbox 1023 201 1176 229; x_wconf 72' lang='lat' dir='ltr'><strong>Ancum-P.</strong></span> <span class='ocrx_word' id='word_1_6' title='bbox 1203 201 1466 226; x_wconf 76' lang='lat' dir='ltr'><strong>CONSTANTINOP-</strong></span> 
     </span>
    </p>
   </div>
   <div class='ocr_carea' id='block_1_2' title="bbox 94 261 1826 2523">
    <p class='ocr_par' dir='ltr' id='par_1_2' title="bbox 247 261 1810 304">
     <span class='ocr_line' id='line_1_2' title="bbox 247 261 1810 304; baseline -0.003 -9"><span class='ocrx_word' id='word_1_7' title='bbox 247 273 276 296; x_wconf 87' lang='lat' dir='ltr'><strong>ut</strong></span> <span class='ocrx_word' id='word_1_8' title='bbox 282 266 379 297; x_wconf 80' lang='lat' dir='ltr'><strong>animis</strong></span> <span class='ocrx_word' id='word_1_9' title='bbox 387 275 517 304; x_wconf 65' lang='lat' dir='ltr'><strong>ang-amur</strong></span> <span class='ocrx_word' id='word_1_10' title='bbox 524 263 655 295; x_wconf 77' lang='lat' dir='ltr'><strong>etavitiis</strong></span> <span class='ocrx_word' id='word_1_11' title='bbox 666 264 845 300; x_wconf 75' lang='lat' dir='ltr'>retrahamur,</span> <span class='ocrx_word' id='word_1_12' title='bbox 854 263 924 293; x_wconf 87' lang='lat' dir='ltr'><strong>nihil</strong></span> <span class='ocrx_word' id='word_1_13' title='bbox 933 273 986 292; x_wconf 88' lang='lat' dir='ltr'>non</span> <span class='ocrx_word' id='word_1_14' title='bbox 1039 274 1098 298; x_wconf 81' lang='grc' dir='ltr'>ται,</span> <span class='ocrx_word' id='word_1_15' title='bbox 1120 262 1189 292; x_wconf 82' lang='grc' dir='ltr'>ὥστε</span> <span class='ocrx_word' id='word_1_16' title='bbox 1209 262 1347 303; x_wconf 81' lang='grc' dir='ltr'>πρόῤῥιζον</span> <span class='ocrx_word' id='word_1_17' title='bbox 1369 262 1520 292; x_wconf 83' lang='grc' dir='ltr'>ἀνασπάσαι</span> <span class='ocrx_word' id='word_1_18' title='bbox 1543 264 1648 299; x_wconf 77' lang='grc' dir='ltr'>τοῦτον,</span> <span class='ocrx_word' id='word_1_19' title='bbox 1663 261 1705 291; x_wconf 82' lang='grc' dir='ltr'>ἵνα</span> <span class='ocrx_word' id='word_1_20' title='bbox 1719 262 1810 292; x_wconf 83' lang='grc' dir='ltr'>λοιπὸν</span> 
     </span>
    </p>

    <p class='ocr_par' dir='ltr' id='par_1_3' title="bbox 245 304 1812 352">
     <span class='ocr_line' id='line_1_3' title="bbox 245 304 1812 352; baseline -0.001 -12"><span class='ocrx_word' id='word_1_21' title='bbox 245 312 300 352; x_wconf 82' lang='lat' dir='ltr'><strong>agit</strong></span> <span class='ocrx_word' id='word_1_22' title='bbox 311 318 338 342; x_wconf 88' lang='lat' dir='ltr'><strong>et</strong></span> <span class='ocrx_word' id='word_1_23' title='bbox 350 311 470 349; x_wconf 88' lang='lat' dir='ltr'><strong>molitur,</strong></span> <span class='ocrx_word' id='word_1_24' title='bbox 486 318 516 340; x_wconf 84' lang='lat' dir='ltr'><strong>ut</strong></span> <span class='ocrx_word' id='word_1_25' title='bbox 529 309 600 340; x_wconf 89' lang='lat' dir='ltr'><strong>illud</strong></span> <span class='ocrx_word' id='word_1_26' title='bbox 612 309 743 341; x_wconf 78' lang='lat' dir='ltr'><strong>radicitus</strong></span> <span class='ocrx_word' id='word_1_27' title='bbox 754 309 863 346; x_wconf 75' lang='lat' dir='ltr'><strong>evellat,</strong></span> <span class='ocrx_word' id='word_1_28' title='bbox 878 320 933 349; x_wconf 85' lang='lat' dir='ltr'><strong>quo</strong></span> <span class='ocrx_word' id='word_1_29' title='bbox 943 309 988 339; x_wconf 88' lang='lat' dir='ltr'><strong>de-</strong></span> <span class='ocrx_word' id='word_1_30' title='bbox 1040 310 1123 343; x_wconf 80' lang='grc' dir='ltr'>ἀδεῶς</span> <span class='ocrx_word' id='word_1_31' title='bbox 1136 308 1206 339; x_wconf 78' lang='grc' dir='ltr'>κατὰ</span> <span class='ocrx_word' id='word_1_32' title='bbox 1219 310 1344 349; x_wconf 79' lang='grc' dir='ltr'>κρημνῶν</span> <span class='ocrx_word' id='word_1_33' title='bbox 1354 308 1502 350; x_wconf 81' lang='grc' dir='ltr'>φερώμεθα.</span> <span class='ocrx_word' id='word_1_34' title='bbox 1513 309 1577 343; x_wconf 77' lang='grc' dir='ltr'>Πῶς</span> <span class='ocrx_word' id='word_1_35' title='bbox 1587 304 1631 338; x_wconf 67' lang='grc' dir='ltr'>οὗν</span> <span class='ocrx_word' id='word_1_36' title='bbox 1645 310 1724 338; x_wconf 82' lang='grc' dir='ltr'>αὐτοῦ</span> <span class='ocrx_word' id='word_1_37' title='bbox 1737 320 1812 348; x_wconf 66' lang='grc' dir='ltr'>περι·</span> 
     </span>
    </p>

    <p class='ocr_par' dir='ltr' id='par_1_4' title="bbox 245 352 1809 398">
     <span class='ocr_line' id='line_1_4' title="bbox 245 352 1809 398; baseline -0.003 -10"><span class='ocrx_word' id='word_1_38' title='bbox 245 369 320 388; x_wconf 88' lang='lat' dir='ltr'><strong>mum</strong></span> <span class='ocrx_word' id='word_1_39' title='bbox 341 358 399 388; x_wconf 86' lang='lat' dir='ltr'><strong>sine</strong></span> <span class='ocrx_word' id='word_1_40' title='bbox 416 358 511 387; x_wconf 80' lang='lat' dir='ltr'><strong>timore</strong></span> <span class='ocrx_word' id='word_1_41' title='bbox 528 352 577 397; x_wconf 82' lang='lat' dir='ltr'><strong>per</strong></span> <span class='ocrx_word' id='word_1_42' title='bbox 596 355 744 396; x_wconf 65' lang='lat' dir='ltr'><strong>praecipitia</strong></span> <span class='ocrx_word' id='word_1_43' title='bbox 762 355 891 398; x_wconf 63' lang='lat' dir='ltr'><strong>feremur.</strong></span> <span class='ocrx_word' id='word_1_44' title='bbox 910 358 987 394; x_wconf 87' lang='lat' dir='ltr'><strong>Quo·</strong></span> <span class='ocrx_word' id='word_1_45' title='bbox 1039 355 1190 395; x_wconf 67' lang='grc' dir='ltr'>γενῴμεθας</span> <span class='ocrx_word' id='word_1_46' title='bbox 1203 355 1278 385; x_wconf 85' lang='grc' dir='ltr'>Ὅσα</span> <span class='ocrx_word' id='word_1_47' title='bbox 1297 355 1328 385; x_wconf 81' lang='grc' dir='ltr'>ἂν</span> <span class='ocrx_word' id='word_1_48' title='bbox 1346 355 1462 395; x_wconf 85' lang='grc' dir='ltr'>εἴπωμεν</span> <span class='ocrx_word' id='word_1_49' title='bbox 1475 354 1529 386; x_wconf 79' lang='grc' dir='ltr'>ἀπὸ</span> <span class='ocrx_word' id='word_1_50' title='bbox 1538 356 1591 385; x_wconf 76' lang='grc' dir='ltr'>τῶν</span> <span class='ocrx_word' id='word_1_51' title='bbox 1603 356 1809 395; x_wconf 70' lang='grc' dir='ltr'>Γραφῶν,ἐροί”ι-</span> 
     </span>
    </p>

    <p class='ocr_par' dir='ltr' id='par_1_5' title="bbox 241 400 1812 538">
     <span class='ocr_line' id='line_1_5' title="bbox 243 400 1809 445; baseline -0.004 -9"><span class='ocrx_word' id='word_1_52' title='bbox 243 405 324 436; x_wconf 86' lang='lat' dir='ltr'><strong>modo</strong></span> <span class='ocrx_word' id='word_1_53' title='bbox 337 405 421 445; x_wconf 79' lang='lat' dir='ltr'><strong>igitur</strong></span> <span class='ocrx_word' id='word_1_54' title='bbox 440 405 519 435; x_wconf 90' lang='lat' dir='ltr'><strong>illum</strong></span> <span class='ocrx_word' id='word_1_55' title='bbox 537 403 744 444; x_wconf 79' lang='lat' dir='ltr'><strong>superabimus?</strong></span> <span class='ocrx_word' id='word_1_56' title='bbox 756 404 940 443; x_wconf 62' lang='lat' dir='ltr'><strong>Quascumque</strong></span> <span class='ocrx_word' id='word_1_57' title='bbox 951 414 986 434; x_wconf 85' lang='lat' dir='ltr'><strong>ex</strong></span> <span class='ocrx_word' id='word_1_58' title='bbox 1041 414 1082 432; x_wconf 91' lang='grc' dir='ltr'>σιν</span> <span class='ocrx_word' id='word_1_59' title='bbox 1104 404 1129 432; x_wconf 79' lang='grc' dir='ltr'>οἱ</span> <span class='ocrx_word' id='word_1_60' title='bbox 1151 402 1342 443; x_wconf 79' lang='grc' dir='ltr'>ἀντιλέγοντες,</span> <span class='ocrx_word' id='word_1_61' title='bbox 1356 401 1397 432; x_wconf 79' lang='grc' dir='ltr'>ὅτι</span> <span class='ocrx_word' id='word_1_62' title='bbox 1410 402 1523 437; x_wconf 82' lang='grc' dir='ltr'>ἀπειλῆς</span> <span class='ocrx_word' id='word_1_63' title='bbox 1542 401 1629 431; x_wconf 77' lang='grc' dir='ltr'>ἕνεκεν</span> <span class='ocrx_word' id='word_1_64' title='bbox 1650 400 1809 441; x_wconf 82' lang='grc' dir='ltr'>γέγραπται.</span> 
     </span>
     <span class='ocr_line' id='line_1_6' title="bbox 242 446 1812 492; baseline -0.003 -11"><span class='ocrx_word' id='word_1_65' title='bbox 242 451 390 492; x_wconf 84' lang='lat' dir='ltr'><strong>Scripturis</strong></span> <span class='ocrx_word' id='word_1_66' title='bbox 410 450 570 490; x_wconf 85' lang='lat' dir='ltr'><strong>proferimus</strong></span> <span class='ocrx_word' id='word_1_67' title='bbox 581 449 671 480; x_wconf 80' lang='lat' dir='ltr'><strong>dicent</strong></span> <span class='ocrx_word' id='word_1_68' title='bbox 682 449 714 488; x_wconf 88' lang='lat' dir='ltr'>ii,</span> <span class='ocrx_word' id='word_1_69' title='bbox 726 449 775 489; x_wconf 84' lang='lat' dir='ltr'>qui</span> <span class='ocrx_word' id='word_1_70' title='bbox 785 449 982 486; x_wconf 73' lang='lat' dir='ltr'><strong>contradicunt,</strong></span> <span class='ocrx_word' id='word_1_71' title='bbox 1040 448 1120 479; x_wconf 75' lang='grc' dir='ltr'>Ἀλλὰ</span> <span class='ocrx_word' id='word_1_72' title='bbox 1131 449 1193 490; x_wconf 83' lang='grc' dir='ltr'>περὶ</span> <span class='ocrx_word' id='word_1_73' title='bbox 1208 448 1255 488; x_wconf 66' lang='grc' dir='ltr'>μὲν</span> <span class='ocrx_word' id='word_1_74' title='bbox 1268 451 1321 479; x_wconf 84' lang='grc' dir='ltr'>τῶν</span> <span class='ocrx_word' id='word_1_75' title='bbox 1334 447 1483 488; x_wconf 76' lang='grc' dir='ltr'>μελλόντων</span> <span class='ocrx_word' id='word_1_76' title='bbox 1493 447 1577 488; x_wconf 85' lang='grc' dir='ltr'>ἔχοιεν</span> <span class='ocrx_word' id='word_1_77' title='bbox 1587 447 1618 477; x_wconf 74' lang='grc' dir='ltr'>ἂν</span> <span class='ocrx_word' id='word_1_78' title='bbox 1629 450 1707 478; x_wconf 76' lang='grc' dir='ltr'>τοῦτο</span> <span class='ocrx_word' id='word_1_79' title='bbox 1715 446 1812 487; x_wconf 76' lang='grc' dir='ltr'>λέγειν,</span> 
     </span>
     <span class='ocr_line' id='line_1_7' title="bbox 241 493 1811 538; baseline -0.004 -9"><span class='ocrx_word' id='word_1_80' title='bbox 241 498 456 529; x_wconf 84' lang='lat' dir='ltr'><strong>comminationis</strong></span> <span class='ocrx_word' id='word_1_81' title='bbox 464 508 545 527; x_wconf 79' lang='lat' dir='ltr'><strong>causa</strong></span> <span class='ocrx_word' id='word_1_82' title='bbox 552 497 651 538; x_wconf 69' lang='lat' dir='ltr'><strong>scripta</strong></span> <span class='ocrx_word' id='word_1_83' title='bbox 661 507 728 528; x_wconf 81' lang='lat' dir='ltr'><strong>esse.</strong></span> <span class='ocrx_word' id='word_1_84' title='bbox 740 498 846 528; x_wconf 86' lang='lat' dir='ltr'><strong>Verum</strong></span> <span class='ocrx_word' id='word_1_85' title='bbox 857 496 887 526; x_wconf 88' lang='lat' dir='ltr'><strong>id</strong></span> <span class='ocrx_word' id='word_1_86' title='bbox 899 496 934 526; x_wconf 80' lang='lat' dir='ltr'><strong>de</strong></span> <span class='ocrx_word' id='word_1_87' title='bbox 942 497 984 526; x_wconf 79' lang='lat' dir='ltr'><strong>fu·</strong></span> <span class='ocrx_word' id='word_1_88' title='bbox 1040 497 1063 525; x_wconf 82' lang='grc' dir='ltr'>εἰ</span> <span class='ocrx_word' id='word_1_89' title='bbox 1074 495 1120 526; x_wconf 78' lang='grc' dir='ltr'>καὶ</span> <span class='ocrx_word' id='word_1_90' title='bbox 1131 495 1190 526; x_wconf 85' lang='grc' dir='ltr'>λίαν</span> <span class='ocrx_word' id='word_1_91' title='bbox 1201 495 1303 529; x_wconf 57' lang='lat' dir='ltr'><strong>‹iot-‚655</strong></span> <span class='ocrx_word' id='word_1_92' title='bbox 1310 507 1316 514; x_wconf 95' lang='lat'>·</span> <span class='ocrx_word' id='word_1_93' title='bbox 1327 495 1388 535; x_wconf 80' lang='grc' dir='ltr'>περὶ</span> <span class='ocrx_word' id='word_1_94' title='bbox 1399 494 1426 525; x_wconf 84' lang='grc' dir='ltr'>δὲ</span> <span class='ocrx_word' id='word_1_95' title='bbox 1437 497 1490 525; x_wconf 83' lang='grc' dir='ltr'>τῶν</span> <span class='ocrx_word' id='word_1_96' title='bbox 1501 493 1685 530; x_wconf 73' lang='grc' dir='ltr'>ἐκὸεὸηκότων</span> <span class='ocrx_word' id='word_1_97' title='bbox 1696 495 1744 524; x_wconf 79' lang='grc' dir='ltr'>οὐκ</span> <span class='ocrx_word' id='word_1_98' title='bbox 1755 493 1796 523; x_wconf 82' lang='grc' dir='ltr'>ἔτι</span> <span class='ocrx_word' id='word_1_99' title='bbox 1798 514 1811 532; x_wconf 80' lang='lat'><em>‚</em></span> 
     </span>
    </p>

    <p class='ocr_par' dir='ltr' id='par_1_6' title="bbox 241 539 1812 584">
     <span class='ocr_line' id='line_1_8' title="bbox 241 539 1812 584; baseline -0.003 -10"><span class='ocrx_word' id='word_1_100' title='bbox 241 545 311 575; x_wconf 87' lang='lat' dir='ltr'><strong>turis</strong></span> <span class='ocrx_word' id='word_1_101' title='bbox 330 545 397 574; x_wconf 84' lang='lat' dir='ltr'><strong>forte</strong></span> <span class='ocrx_word' id='word_1_102' title='bbox 416 543 506 574; x_wconf 81' lang='lat' dir='ltr'><strong>dicere</strong></span> <span class='ocrx_word' id='word_1_103' title='bbox 524 543 637 584; x_wconf 84' lang='lat' dir='ltr'><strong>possint,</strong></span> <span class='ocrx_word' id='word_1_104' title='bbox 648 543 698 574; x_wconf 78' lang='lat' dir='ltr'><strong>etsi</strong></span> <span class='ocrx_word' id='word_1_105' title='bbox 717 542 866 574; x_wconf 77' lang='lat' dir='ltr'><strong>admodum</strong></span> <span class='ocrx_word' id='word_1_106' title='bbox 882 542 982 583; x_wconf 80' lang='lat' dir='ltr'><strong>impie3</strong></span> <span class='ocrx_word' id='word_1_107' title='bbox 1039 541 1085 572; x_wconf 81' lang='grc' dir='ltr'>καὶ</span> <span class='ocrx_word' id='word_1_108' title='bbox 1098 541 1173 576; x_wconf 85' lang='grc' dir='ltr'>τέλος</span> <span class='ocrx_word' id='word_1_109' title='bbox 1186 541 1348 582; x_wconf 77' lang='grc' dir='ltr'>ἐσχηκότων.</span> <span class='ocrx_word' id='word_1_110' title='bbox 1363 540 1504 582; x_wconf 80' lang='grc' dir='ltr'>Ἐρώμεθα</span> <span class='ocrx_word' id='word_1_111' title='bbox 1513 540 1599 571; x_wconf 78' lang='grc' dir='ltr'>τοίνυν</span> <span class='ocrx_word' id='word_1_112' title='bbox 1611 539 1706 573; x_wconf 79' lang='grc' dir='ltr'>αὐτούς</span> <span class='ocrx_word' id='word_1_113' title='bbox 1714 551 1720 558; x_wconf 95' lang='grc'><em>·</em></span> <span class='ocrx_word' id='word_1_114' title='bbox 1730 539 1812 576; x_wconf 77' lang='grc' dir='ltr'>ἠκού-</span> 
     </span>
    </p>

    <p class='ocr_par' dir='ltr' id='par_1_7' title="bbox 242 587 1812 630">
     <span class='ocr_line' id='line_1_9' title="bbox 242 587 1812 630; baseline -0.003 -10"><span class='ocrx_word' id='word_1_115' title='bbox 242 591 276 620; x_wconf 89' lang='lat' dir='ltr'><strong>de</strong></span> <span class='ocrx_word' id='word_1_116' title='bbox 290 589 430 630; x_wconf 83' lang='lat' dir='ltr'><strong>praeteritis</strong></span> <span class='ocrx_word' id='word_1_117' title='bbox 446 600 521 627; x_wconf 88' lang='lat' dir='ltr'><strong>vero,</strong></span> <span class='ocrx_word' id='word_1_118' title='bbox 533 589 622 628; x_wconf 86' lang='lat' dir='ltr'><strong>deque</strong></span> <span class='ocrx_word' id='word_1_119' title='bbox 635 589 670 619; x_wconf 84' lang='lat' dir='ltr'>iis</span> <span class='ocrx_word' id='word_1_120' title='bbox 679 599 739 629; x_wconf 80' lang='lat' dir='ltr'><strong>quae</strong></span> <span class='ocrx_word' id='word_1_121' title='bbox 748 590 805 630; x_wconf 80' lang='lat' dir='ltr'>jam</span> <span class='ocrx_word' id='word_1_122' title='bbox 816 588 985 628; x_wconf 81' lang='lat' dir='ltr'><strong>contigerunt</strong></span> <span class='ocrx_word' id='word_1_123' title='bbox 1002 592 1021 615; x_wconf 82' lang='grc' dir='ltr'>Ε</span> <span class='ocrx_word' id='word_1_124' title='bbox 1041 600 1105 618; x_wconf 88' lang='grc' dir='ltr'>σατε</span> <span class='ocrx_word' id='word_1_125' title='bbox 1125 587 1186 629; x_wconf 85' lang='grc' dir='ltr'>περὶ</span> <span class='ocrx_word' id='word_1_126' title='bbox 1209 590 1255 617; x_wconf 81' lang='grc' dir='ltr'>τοῦ</span> <span class='ocrx_word' id='word_1_127' title='bbox 1282 588 1471 627; x_wconf 72' lang='grc' dir='ltr'>κατακλυσμοῦ</span> <span class='ocrx_word' id='word_1_128' title='bbox 1494 587 1540 617; x_wconf 80' lang='grc' dir='ltr'>καὶ</span> <span class='ocrx_word' id='word_1_129' title='bbox 1562 589 1611 622; x_wconf 79' lang='grc' dir='ltr'>τῆς</span> <span class='ocrx_word' id='word_1_130' title='bbox 1631 587 1812 627; x_wconf 78' lang='grc' dir='ltr'>πανωλεθρίας</span> 
     </span>
    </p>

    <p class='ocr_par' dir='ltr' id='par_1_8' title="bbox 242 632 1811 676">
     <span class='ocr_line' id='line_1_10' title="bbox 242 632 1811 676; baseline -0.003 -9"><span class='ocrx_word' id='word_1_131' title='bbox 242 647 295 667; x_wconf 90' lang='lat' dir='ltr'>non</span> <span class='ocrx_word' id='word_1_132' title='bbox 307 637 381 666; x_wconf 89' lang='lat' dir='ltr'><strong>item.</strong></span> <span class='ocrx_word' id='word_1_133' title='bbox 397 637 595 675; x_wconf 81' lang='lat' dir='ltr'><strong>Interrogemus</strong></span> <span class='ocrx_word' id='word_1_134' title='bbox 608 635 692 676; x_wconf 84' lang='lat' dir='ltr'><strong>igitur</strong></span> <span class='ocrx_word' id='word_1_135' title='bbox 705 646 750 666; x_wconf 83' lang='lat' dir='ltr'><strong>eos</strong></span> <span class='ocrx_word' id='word_1_136' title='bbox 765 648 771 665; x_wconf 89' lang='lat'><strong>:</strong></span> <span class='ocrx_word' id='word_1_137' title='bbox 787 635 943 666; x_wconf 80' lang='lat' dir='ltr'><strong>Audistisne</strong></span> <span class='ocrx_word' id='word_1_138' title='bbox 951 634 986 664; x_wconf 84' lang='lat' dir='ltr'><strong>de</strong></span> <span class='ocrx_word' id='word_1_139' title='bbox 1041 634 1156 671; x_wconf 73' lang='grc' dir='ltr'>ἐκείνης-ς</span> <span class='ocrx_word' id='word_1_140' title='bbox 1180 634 1218 673; x_wconf 82' lang='grc' dir='ltr'>μὴ</span> <span class='ocrx_word' id='word_1_141' title='bbox 1245 635 1352 664; x_wconf 80' lang='grc' dir='ltr'>κάκεῖνο</span> <span class='ocrx_word' id='word_1_142' title='bbox 1373 634 1485 669; x_wconf 78' lang='grc' dir='ltr'>ἀπειλῆς</span> <span class='ocrx_word' id='word_1_143' title='bbox 1508 633 1594 664; x_wconf 75' lang='grc' dir='ltr'>ἕνεκεν</span> <span class='ocrx_word' id='word_1_144' title='bbox 1619 632 1724 673; x_wconf 81' lang='grc' dir='ltr'>εἴρητο;</span> <span class='ocrx_word' id='word_1_145' title='bbox 1750 633 1811 673; x_wconf 75' lang='grc' dir='ltr'>οὐχὶ</span> 
     </span>
    </p>

    <p class='ocr_par' dir='ltr' id='par_1_9' title="bbox 244 678 1811 722">
     <span class='ocr_line' id='line_1_11' title="bbox 244 678 1811 722; baseline -0.003 -10"><span class='ocrx_word' id='word_1_146' title='bbox 244 683 361 718; x_wconf 85' lang='lat' dir='ltr'><strong>diluvio,</strong></span> <span class='ocrx_word' id='word_1_147' title='bbox 369 682 457 722; x_wconf 80' lang='lat' dir='ltr'><strong>deque</strong></span> <span class='ocrx_word' id='word_1_148' title='bbox 467 682 584 722; x_wconf 73' lang='lat' dir='ltr'>pernicie</span> <span class='ocrx_word' id='word_1_149' title='bbox 595 682 643 712; x_wconf 79' lang='lat' dir='ltr'><strong>illa</strong></span> <span class='ocrx_word' id='word_1_150' title='bbox 655 681 820 712; x_wconf 73' lang='lat' dir='ltr'><strong>universali?</strong></span> <span class='ocrx_word' id='word_1_151' title='bbox 830 691 897 710; x_wconf 87' lang='lat' dir='ltr'>num</span> <span class='ocrx_word' id='word_1_152' title='bbox 906 681 987 711; x_wconf 82' lang='lat' dir='ltr'><strong>etiam</strong></span> <span class='ocrx_word' id='word_1_153' title='bbox 1041 679 1141 720; x_wconf 79' lang='grc' dir='ltr'>γέγονε,</span> <span class='ocrx_word' id='word_1_154' title='bbox 1153 680 1199 710; x_wconf 77' lang='grc' dir='ltr'>καὶ</span> <span class='ocrx_word' id='word_1_155' title='bbox 1213 681 1250 713; x_wconf 81' lang='grc' dir='ltr'>εἰς</span> <span class='ocrx_word' id='word_1_156' title='bbox 1264 678 1450 720; x_wconf 62' lang='grc' dir='ltr'>ἔργονῆἐξέὸης</span> <span class='ocrx_word' id='word_1_157' title='bbox 1465 678 1526 718; x_wconf 66' lang='grc' dir='ltr'>οὐχὶ</span> <span class='ocrx_word' id='word_1_158' title='bbox 1539 678 1695 719; x_wconf 46' lang='lat' dir='ltr'>aelst-&amp;sta</span> <span class='ocrx_word' id='word_1_159' title='bbox 1709 690 1811 719; x_wconf 82' lang='grc' dir='ltr'>μαρτυ-</span> 
     </span>
    </p>

    <p class='ocr_par' dir='ltr' id='par_1_10' title="bbox 94 725 1814 1048">
     <span class='ocr_line' id='line_1_12' title="bbox 128 725 1813 767; baseline -0.002 -9"><span class='ocrx_word' id='word_1_160' title='bbox 128 737 160 758; x_wconf 75' lang='lat' dir='ltr'>Re</span> <span class='ocrx_word' id='word_1_161' title='bbox 163 736 215 764; x_wconf 82' lang='lat' dir='ltr'><strong>lqu&#39;</strong></span> <span class='ocrx_word' id='word_1_162' title='bbox 195 743 235 757; x_wconf 66' lang='lat' dir='ltr'><strong>une</strong></span> <span class='ocrx_word' id='word_1_163' title='bbox 245 730 317 759; x_wconf 88' lang='lat' dir='ltr'><strong>illud</strong></span> <span class='ocrx_word' id='word_1_164' title='bbox 330 729 544 759; x_wconf 79' lang='lat' dir='ltr'><strong>comminationis</strong></span> <span class='ocrx_word' id='word_1_165' title='bbox 563 739 643 759; x_wconf 79' lang='lat' dir='ltr'><strong>causa</strong></span> <span class='ocrx_word' id='word_1_166' title='bbox 661 728 766 759; x_wconf 78' lang='lat' dir='ltr'><strong>dictum</strong></span> <span class='ocrx_word' id='word_1_167' title='bbox 782 728 887 758; x_wconf 79' lang='lat' dir='ltr'><strong>fuerat?</strong></span> <span class='ocrx_word' id='word_1_168' title='bbox 898 738 987 757; x_wconf 83' lang='lat' dir='ltr'><strong>annon</strong></span> <span class='ocrx_word' id='word_1_169' title='bbox 1044 731 1083 767; x_wconf 90' lang='grc' dir='ltr'>ρεῖ</span> <span class='ocrx_word' id='word_1_170' title='bbox 1101 729 1149 763; x_wconf 74' lang='grc' dir='ltr'>τῆς</span> <span class='ocrx_word' id='word_1_171' title='bbox 1161 726 1311 766; x_wconf 77' lang='grc' dir='ltr'>Ἀρμενίας,</span> <span class='ocrx_word' id='word_1_172' title='bbox 1326 725 1387 756; x_wconf 82' lang='grc' dir='ltr'>ἔνθα</span> <span class='ocrx_word' id='word_1_173' title='bbox 1400 728 1418 762; x_wconf 82' lang='grc' dir='ltr'>ἡ</span> <span class='ocrx_word' id='word_1_174' title='bbox 1438 725 1550 759; x_wconf 77' lang='grc' dir='ltr'>κιὸωτὸς</span> <span class='ocrx_word' id='word_1_175' title='bbox 1568 725 1674 765; x_wconf 70' lang='grc' dir='ltr'>ἱδρύθης</span> <span class='ocrx_word' id='word_1_176' title='bbox 1693 725 1754 766; x_wconf 75' lang='grc' dir='ltr'>οὐχὶ</span> <span class='ocrx_word' id='word_1_177' title='bbox 1767 725 1813 755; x_wconf 77' lang='grc' dir='ltr'>καὶ</span> 
     </span>
     <span class='ocr_line' id='line_1_13' title="bbox 94 767 1813 827; baseline -0.005 -19"><span class='ocrx_word' id='word_1_178' title='bbox 94 767 219 827; x_wconf 51' lang='grc' dir='ltr'>ζ”οζῬοΓΝο</span> <span class='ocrx_word' id='word_1_179' title='bbox 220 775 236 788; x_wconf 71' lang='lat'>⁸²</span> <span class='ocrx_word' id='word_1_180' title='bbox 245 776 368 817; x_wconf 84' lang='lat' dir='ltr'><strong>contigit,</strong></span> <span class='ocrx_word' id='word_1_181' title='bbox 388 783 414 806; x_wconf 89' lang='lat' dir='ltr'><strong>et</strong></span> <span class='ocrx_word' id='word_1_182' title='bbox 437 776 465 807; x_wconf 89' lang='lat' dir='ltr'>iu</span> <span class='ocrx_word' id='word_1_183' title='bbox 483 775 588 806; x_wconf 83' lang='lat' dir='ltr'><strong>exitum</strong></span> <span class='ocrx_word' id='word_1_184' title='bbox 606 775 754 806; x_wconf 75' lang='lat' dir='ltr'><strong>deductum</strong></span> <span class='ocrx_word' id='word_1_185' title='bbox 773 775 832 806; x_wconf 82' lang='lat' dir='ltr'><strong>est?</strong></span> <span class='ocrx_word' id='word_1_186' title='bbox 850 785 938 805; x_wconf 89' lang='lat' dir='ltr'><strong>nonne</strong></span> <span class='ocrx_word' id='word_1_187' title='bbox 958 774 988 804; x_wconf 87' lang='lat' dir='ltr'><strong>id</strong></span> <span class='ocrx_word' id='word_1_188' title='bbox 1042 772 1077 802; x_wconf 85' lang='grc' dir='ltr'>τὰ</span> <span class='ocrx_word' id='word_1_189' title='bbox 1089 772 1201 812; x_wconf 89' lang='grc' dir='ltr'>λείψανα</span> <span class='ocrx_word' id='word_1_190' title='bbox 1212 774 1292 808; x_wconf 78' lang='grc' dir='ltr'>αὐτῆς</span> <span class='ocrx_word' id='word_1_191' title='bbox 1304 771 1353 806; x_wconf 79' lang='grc' dir='ltr'>ἕως</span> <span class='ocrx_word' id='word_1_192' title='bbox 1366 775 1411 802; x_wconf 78' lang='grc' dir='ltr'>νῦν</span> <span class='ocrx_word' id='word_1_193' title='bbox 1422 773 1477 803; x_wconf 81' lang='grc' dir='ltr'>ἐκεῖ</span> <span class='ocrx_word' id='word_1_194' title='bbox 1487 770 1599 806; x_wconf 82' lang='grc' dir='ltr'>σώζεται</span> <span class='ocrx_word' id='word_1_195' title='bbox 1608 771 1673 811; x_wconf 82' lang='grc' dir='ltr'>πρὸς</span> <span class='ocrx_word' id='word_1_196' title='bbox 1681 771 1813 811; x_wconf 76' lang='grc' dir='ltr'>ἡμετέραν</span> 
     </span>
     <span class='ocr_line' id='line_1_14' title="bbox 95 817 1814 883; baseline -0.003 -30"><span class='ocrx_word' id='word_1_197' title='bbox 95 833 140 883; x_wconf 47' lang='lat' dir='ltr'>Cf</span> <span class='ocrx_word' id='word_1_198' title='bbox 131 839 178 860; x_wconf 54' lang='grc' dir='ltr'>γε»</span> <span class='ocrx_word' id='word_1_199' title='bbox 166 834 225 851; x_wconf 70' lang='lat' dir='ltr'>osto-</span> <span class='ocrx_word' id='word_1_200' title='bbox 245 823 422 852; x_wconf 76' lang='lat' dir='ltr'><strong>testificantur</strong></span> <span class='ocrx_word' id='word_1_201' title='bbox 436 822 568 854; x_wconf 61' lang='lat' dir='ltr'><strong>Armeniae</strong></span> <span class='ocrx_word' id='word_1_202' title='bbox 579 828 694 857; x_wconf 81' lang='lat' dir='ltr'><strong>montes,</strong></span> <span class='ocrx_word' id='word_1_203' title='bbox 710 821 757 851; x_wconf 86' lang='lat' dir='ltr'><strong>ubi</strong></span> <span class='ocrx_word' id='word_1_204' title='bbox 771 831 832 851; x_wconf 84' lang='lat' dir='ltr'><strong>arca</strong></span> <span class='ocrx_word' id='word_1_205' title='bbox 845 819 988 851; x_wconf 80' lang='lat' dir='ltr'>consedit?</span> <span class='ocrx_word' id='word_1_206' title='bbox 1043 819 1205 858; x_wconf 80' lang='grc' dir='ltr'>ὑπόμνησιν;</span> <span class='ocrx_word' id='word_1_207' title='bbox 1221 820 1340 849; x_wconf 86' lang='grc' dir='ltr'>Τοιαῦτα</span> <span class='ocrx_word' id='word_1_208' title='bbox 1358 818 1403 848; x_wconf 81' lang='grc' dir='ltr'>καὶ</span> <span class='ocrx_word' id='word_1_209' title='bbox 1417 818 1476 848; x_wconf 80' lang='grc' dir='ltr'>τότε</span> <span class='ocrx_word' id='word_1_210' title='bbox 1496 817 1590 848; x_wconf 85' lang='grc' dir='ltr'>πολλοὶ</span> <span class='ocrx_word' id='word_1_211' title='bbox 1608 818 1714 858; x_wconf 79' lang='grc' dir='ltr'>ἔλεγον,</span> <span class='ocrx_word' id='word_1_212' title='bbox 1729 817 1774 847; x_wconf 82' lang='grc' dir='ltr'>καὶ</span> <span class='ocrx_word' id='word_1_213' title='bbox 1786 818 1814 847; x_wconf 77' lang='grc' dir='ltr'>ἐν</span> 
     </span>
     <span class='ocr_line' id='line_1_15' title="bbox 95 864 1814 930; baseline -0.002 -33"><span class='ocrx_word' id='word_1_214' title='bbox 95 868 237 930; x_wconf 59' lang='grc' dir='ltr'>ί’1ὐ’“Α“““““</span> <span class='ocrx_word' id='word_1_215' title='bbox 246 879 333 898; x_wconf 83' lang='lat' dir='ltr'><strong>annon</strong></span> <span class='ocrx_word' id='word_1_216' title='bbox 354 867 473 907; x_wconf 81' lang='lat' dir='ltr'><strong>reliquiae</strong></span> <span class='ocrx_word' id='word_1_217' title='bbox 493 869 552 908; x_wconf 82' lang='lat' dir='ltr'><strong>ejus</strong></span> <span class='ocrx_word' id='word_1_218' title='bbox 571 867 630 898; x_wconf 89' lang='lat' dir='ltr'><strong>illic</strong></span> <span class='ocrx_word' id='word_1_219' title='bbox 649 867 779 898; x_wconf 81' lang='lat' dir='ltr'><strong>hactenus</strong></span> <span class='ocrx_word' id='word_1_220' title='bbox 801 874 943 898; x_wconf 85' lang='lat' dir='ltr'><strong>servantur</strong></span> <span class='ocrx_word' id='word_1_221' title='bbox 953 866 989 896; x_wconf 79' lang='lat' dir='ltr'>ad</span> <span class='ocrx_word' id='word_1_222' title='bbox 1044 865 1137 896; x_wconf 76' lang='grc' dir='ltr'>ἑκατὸν</span> <span class='ocrx_word' id='word_1_223' title='bbox 1151 865 1221 895; x_wconf 84' lang='grc' dir='ltr'>ἔτεσι</span> <span class='ocrx_word' id='word_1_224' title='bbox 1239 867 1287 901; x_wconf 78' lang='grc' dir='ltr'>τῆς</span> <span class='ocrx_word' id='word_1_225' title='bbox 1309 864 1423 895; x_wconf 61' lang='lat' dir='ltr'><strong>mennon</strong></span> <span class='ocrx_word' id='word_1_226' title='bbox 1445 864 1662 904; x_wconf 77' lang='grc' dir='ltr'>τεκταινομένης,</span> <span class='ocrx_word' id='word_1_227' title='bbox 1682 864 1726 895; x_wconf 81' lang='grc' dir='ltr'>καὶ</span> <span class='ocrx_word' id='word_1_228' title='bbox 1740 866 1814 894; x_wconf 55' lang='lat' dir='ltr'><strong>‘viiiv</strong></span> 
     </span>
     <span class='ocr_line' id='line_1_16' title="bbox 96 910 1813 951; baseline -0.002 -6"><span class='ocrx_word' id='word_1_229' title='bbox 96 931 236 946; x_wconf 72' lang='lat' dir='ltr'>nnnnnnnnn</span> <span class='ocrx_word' id='word_1_230' title='bbox 246 922 365 945; x_wconf 80' lang='lat' dir='ltr'><strong>nostram</strong></span> <span class='ocrx_word' id='word_1_231' title='bbox 385 913 614 944; x_wconf 79' lang='lat' dir='ltr'><strong>admonitionem?</strong></span> <span class='ocrx_word' id='word_1_232' title='bbox 629 913 735 944; x_wconf 76' lang='lat' dir='ltr'><strong>Similia</strong></span> <span class='ocrx_word' id='word_1_233' title='bbox 758 921 821 944; x_wconf 85' lang='lat' dir='ltr'><strong>tunc</strong></span> <span class='ocrx_word' id='word_1_234' title='bbox 841 912 921 943; x_wconf 87' lang='lat' dir='ltr'><strong>multi</strong></span> <span class='ocrx_word' id='word_1_235' title='bbox 941 912 989 942; x_wconf 87' lang='lat' dir='ltr'>di·</span> <span class='ocrx_word' id='word_1_236' title='bbox 1044 911 1127 946; x_wconf 75' lang='grc' dir='ltr'>ξύλων</span> <span class='ocrx_word' id='word_1_237' title='bbox 1140 911 1422 950; x_wconf 74' lang='grc' dir='ltr'>κατασκευαζομένων,</span> <span class='ocrx_word' id='word_1_238' title='bbox 1435 911 1481 941; x_wconf 82' lang='grc' dir='ltr'>καὶ</span> <span class='ocrx_word' id='word_1_239' title='bbox 1503 914 1550 942; x_wconf 84' lang='grc' dir='ltr'>τοῦ</span> <span class='ocrx_word' id='word_1_240' title='bbox 1569 910 1670 941; x_wconf 81' lang='grc' dir='ltr'>δικαίου</span> <span class='ocrx_word' id='word_1_241' title='bbox 1684 912 1813 951; x_wconf 73' lang='grc' dir='ltr'>βοῶντος,</span> 
     </span>
     <span class='ocr_line' id='line_1_17' title="bbox 96 953 1813 1001; baseline -0.002 -11"><span class='ocrx_word' id='word_1_242' title='bbox 96 957 184 977; x_wconf 63' lang='grc'>””“””·</span> <span class='ocrx_word' id='word_1_243' title='bbox 246 961 350 998; x_wconf 83' lang='lat' dir='ltr'><strong>cebant,</strong></span> <span class='ocrx_word' id='word_1_244' title='bbox 366 971 397 990; x_wconf 85' lang='lat' dir='ltr'>ac</span> <span class='ocrx_word' id='word_1_245' title='bbox 409 971 457 1001; x_wconf 81' lang='lat' dir='ltr'><strong>per</strong></span> <span class='ocrx_word' id='word_1_246' title='bbox 469 967 577 993; x_wconf 82' lang='lat' dir='ltr'><strong>eentum</strong></span> <span class='ocrx_word' id='word_1_247' title='bbox 594 970 678 990; x_wconf 85' lang='lat' dir='ltr'><strong>annos</strong></span> <span class='ocrx_word' id='word_1_248' title='bbox 690 960 758 990; x_wconf 85' lang='lat' dir='ltr'><strong>dum</strong></span> <span class='ocrx_word' id='word_1_249' title='bbox 770 970 831 990; x_wconf 74' lang='lat' dir='ltr'><strong>arca</strong></span> <span class='ocrx_word' id='word_1_250' title='bbox 851 965 990 989; x_wconf 83' lang='lat' dir='ltr'><strong>construe·</strong></span> <span class='ocrx_word' id='word_1_251' title='bbox 1045 958 1128 991; x_wconf 81' lang='grc' dir='ltr'>οὐδεὶς</span> <span class='ocrx_word' id='word_1_252' title='bbox 1138 960 1152 987; x_wconf 86' lang='grc' dir='ltr'>ὁ</span> <span class='ocrx_word' id='word_1_253' title='bbox 1164 957 1295 988; x_wconf 75' lang='grc' dir='ltr'>πιστεύων</span> <span class='ocrx_word' id='word_1_254' title='bbox 1305 953 1352 994; x_wconf 74' lang='grc' dir='ltr'>ἧν·</span> <span class='ocrx_word' id='word_1_255' title='bbox 1362 959 1421 988; x_wconf 77' lang='grc' dir='ltr'>ἀλλ’</span> <span class='ocrx_word' id='word_1_256' title='bbox 1438 957 1530 994; x_wconf 76' lang='grc' dir='ltr'>ἐπειδὴ</span> <span class='ocrx_word' id='word_1_257' title='bbox 1544 959 1593 988; x_wconf 82' lang='grc' dir='ltr'>οὐκ</span> <span class='ocrx_word' id='word_1_258' title='bbox 1610 956 1768 987; x_wconf 82' lang='grc' dir='ltr'>ἐπίστευσαν</span> <span class='ocrx_word' id='word_1_259' title='bbox 1779 958 1813 995; x_wconf 82' lang='grc' dir='ltr'>τῇ</span> 
     </span>
     <span class='ocr_line' id='line_1_18' title="bbox 246 1002 1814 1048; baseline -0.003 -12"><span class='ocrx_word' id='word_1_260' title='bbox 246 1014 331 1044; x_wconf 88' lang='lat' dir='ltr'><strong>retur,</strong></span> <span class='ocrx_word' id='word_1_261' title='bbox 343 1007 418 1047; x_wconf 82' lang='lat' dir='ltr'><strong>ligna</strong></span> <span class='ocrx_word' id='word_1_262' title='bbox 430 1013 594 1048; x_wconf 79' lang='lat' dir='ltr'>aptarentur,</span> <span class='ocrx_word' id='word_1_263' title='bbox 607 1007 750 1046; x_wconf 82' lang='lat' dir='ltr'><strong>justusque</strong></span> <span class='ocrx_word' id='word_1_264' title='bbox 760 1006 898 1043; x_wconf 78' lang='lat' dir='ltr'><strong>clamaret,</strong></span> <span class='ocrx_word' id='word_1_265' title='bbox 913 1015 990 1036; x_wconf 86' lang='lat' dir='ltr'><strong>nemo</strong></span> <span class='ocrx_word' id='word_1_266' title='bbox 1045 1003 1088 1034; x_wconf 77' lang='grc' dir='ltr'>διὰ</span> <span class='ocrx_word' id='word_1_267' title='bbox 1100 1005 1153 1033; x_wconf 62' lang='grc' dir='ltr'>ὧν</span> <span class='ocrx_word' id='word_1_268' title='bbox 1168 1004 1293 1044; x_wconf 78' lang='grc' dir='ltr'>ῥημάτων</span> <span class='ocrx_word' id='word_1_269' title='bbox 1315 1006 1426 1044; x_wconf 80' lang='grc' dir='ltr'>ἀπειλῇ,</span> <span class='ocrx_word' id='word_1_270' title='bbox 1441 1004 1489 1040; x_wconf 79' lang='grc' dir='ltr'>τὴν</span> <span class='ocrx_word' id='word_1_271' title='bbox 1511 1004 1554 1035; x_wconf 82' lang='grc' dir='ltr'>διὰ</span> <span class='ocrx_word' id='word_1_272' title='bbox 1574 1005 1627 1033; x_wconf 77' lang='grc' dir='ltr'>τῶν</span> <span class='ocrx_word' id='word_1_273' title='bbox 1649 1002 1814 1043; x_wconf 81' lang='grc' dir='ltr'>πραγμάτων</span> 
     </span>
    </p>

    <p class='ocr_par' dir='ltr' id='par_1_11' title="bbox 246 1046 1815 1183">
     <span class='ocr_line' id='line_1_19' title="bbox 246 1046 1815 1092; baseline -0.003 -10"><span class='ocrx_word' id='word_1_274' title='bbox 246 1060 302 1083; x_wconf 83' lang='lat' dir='ltr'><strong>crat</strong></span> <span class='ocrx_word' id='word_1_275' title='bbox 313 1054 362 1092; x_wconf 87' lang='lat' dir='ltr'><strong>qui</strong></span> <span class='ocrx_word' id='word_1_276' title='bbox 374 1053 514 1085; x_wconf 83' lang='lat' dir='ltr'><strong>crederet·</strong></span> <span class='ocrx_word' id='word_1_277' title='bbox 531 1052 580 1083; x_wconf 82' lang='lat' dir='ltr'><strong>sed</strong></span> <span class='ocrx_word' id='word_1_278' title='bbox 592 1053 657 1092; x_wconf 83' lang='lat' dir='ltr'><strong>quia</strong></span> <span class='ocrx_word' id='word_1_279' title='bbox 666 1063 720 1083; x_wconf 90' lang='lat' dir='ltr'>non</span> <span class='ocrx_word' id='word_1_280' title='bbox 730 1051 855 1083; x_wconf 76' lang='lat' dir='ltr'><strong>credider</strong></span> <span class='ocrx_word' id='word_1_281' title='bbox 857 1059 905 1082; x_wconf 91' lang='lat' dir='ltr'>unt</span> <span class='ocrx_word' id='word_1_282' title='bbox 914 1062 989 1082; x_wconf 86' lang='lat' dir='ltr'><strong>com-</strong></span> <span class='ocrx_word' id='word_1_283' title='bbox 1000 1073 1036 1092; x_wconf 74' lang='lat'>29⁷</span> <span class='ocrx_word' id='word_1_284' title='bbox 1045 1050 1197 1087; x_wconf 76' lang='grc' dir='ltr'>ὑπέστησαν</span> <span class='ocrx_word' id='word_1_285' title='bbox 1210 1051 1340 1091; x_wconf 81' lang='grc' dir='ltr'>τιμωρίαν</span> <span class='ocrx_word' id='word_1_286' title='bbox 1354 1050 1455 1092; x_wconf 79' lang='grc' dir='ltr'>ἀθρόον,</span> <span class='ocrx_word' id='word_1_287' title='bbox 1469 1046 1539 1081; x_wconf 74' lang='grc' dir='ltr'>Εἶτα</span> <span class='ocrx_word' id='word_1_288' title='bbox 1548 1053 1562 1081; x_wconf 83' lang='grc' dir='ltr'><strong>ὁ</strong></span> <span class='ocrx_word' id='word_1_289' title='bbox 1572 1050 1696 1085; x_wconf 74' lang='grc' dir='ltr'>τοιαύτην</span> <span class='ocrx_word' id='word_1_290' title='bbox 1705 1049 1815 1081; x_wconf 83' lang='grc' dir='ltr'>κόλασιν</span> 
     </span>
     <span class='ocr_line' id='line_1_20' title="bbox 248 1095 1815 1151; baseline -0.003 -21"><span class='ocrx_word' id='word_1_291' title='bbox 248 1100 389 1130; x_wconf 70' lang='lat' dir='ltr'><strong>minutioni</strong></span> <span class='ocrx_word' id='word_1_292' title='bbox 404 1100 561 1137; x_wconf 83' lang='lat' dir='ltr'><strong>verborum,</strong></span> <span class='ocrx_word' id='word_1_293' title='bbox 573 1099 706 1129; x_wconf 84' lang='lat' dir='ltr'><strong>ultionem</strong></span> <span class='ocrx_word' id='word_1_294' title='bbox 726 1106 835 1149; x_wconf 79' lang='lat' dir='ltr'><strong>repente</strong></span> <span class='ocrx_word' id='word_1_295' title='bbox 850 1109 882 1128; x_wconf 86' lang='lat' dir='ltr'>ac</span> <span class='ocrx_word' id='word_1_296' title='bbox 904 1098 992 1139; x_wconf 80' lang='lat' dir='ltr'><strong>reipsa</strong></span> <span class='ocrx_word' id='word_1_297' title='bbox 1009 1102 1028 1124; x_wconf 76' lang='lat' dir='ltr'>A</span> <span class='ocrx_word' id='word_1_298' title='bbox 1046 1096 1187 1137; x_wconf 80' lang='grc' dir='ltr'>ἐπαγαγὼν</span> <span class='ocrx_word' id='word_1_299' title='bbox 1198 1096 1314 1134; x_wconf 78' lang='grc' dir='ltr'>ἐκείνοις,</span> <span class='ocrx_word' id='word_1_300' title='bbox 1323 1098 1353 1127; x_wconf 81' lang='grc' dir='ltr'>οὔ</span> <span class='ocrx_word' id='word_1_301' title='bbox 1367 1097 1475 1151; x_wconf 53' lang='grc' dir='ltr'>πολλῳί</span> <span class='ocrx_word' id='word_1_302' title='bbox 1470 1097 1570 1126; x_wconf 73' lang='grc' dir='ltr'>μᾶλλον</span> <span class='ocrx_word' id='word_1_303' title='bbox 1580 1095 1671 1130; x_wconf 82' lang='grc' dir='ltr'>ἐπάξει</span> <span class='ocrx_word' id='word_1_304' title='bbox 1683 1097 1763 1135; x_wconf 67' lang='grc' dir='ltr'>ἡμῖν,</span> <span class='ocrx_word' id='word_1_305' title='bbox 1785 1096 1815 1125; x_wconf 74' lang='grc' dir='ltr'>οὐ</span> 
     </span>
     <span class='ocr_line' id='line_1_21' title="bbox 248 1141 1815 1183; baseline -0.001 -10"><span class='ocrx_word' id='word_1_306' title='bbox 248 1144 400 1173; x_wconf 86' lang='lat' dir='ltr'><strong>subierunt.</strong></span> <span class='ocrx_word' id='word_1_307' title='bbox 416 1143 520 1183; x_wconf 78' lang='lat' dir='ltr'><strong>Atqui</strong></span> <span class='ocrx_word' id='word_1_308' title='bbox 511 1154 546 1180; x_wconf 80' lang='lat' dir='ltr'>is,</span> <span class='ocrx_word' id='word_1_309' title='bbox 561 1143 609 1182; x_wconf 88' lang='lat' dir='ltr'>qui</span> <span class='ocrx_word' id='word_1_310' title='bbox 621 1150 726 1173; x_wconf 80' lang='lat' dir='ltr'><strong>tantum</strong></span> <span class='ocrx_word' id='word_1_311' title='bbox 743 1143 809 1183; x_wconf 87' lang='lat' dir='ltr'><strong>ipsis</strong></span> <span class='ocrx_word' id='word_1_312' title='bbox 827 1143 993 1183; x_wconf 83' lang='lat' dir='ltr'><strong>supplicium</strong></span> <span class='ocrx_word' id='word_1_313' title='bbox 1045 1142 1096 1183; x_wconf 83' lang='grc' dir='ltr'>γὰρ</span> <span class='ocrx_word' id='word_1_314' title='bbox 1108 1142 1236 1172; x_wconf 71' lang='grc' dir='ltr'>ἐλάττονα</span> <span class='ocrx_word' id='word_1_315' title='bbox 1247 1144 1300 1172; x_wconf 83' lang='grc' dir='ltr'>τῶν</span> <span class='ocrx_word' id='word_1_316' title='bbox 1314 1142 1374 1172; x_wconf 79' lang='grc' dir='ltr'>τότε</span> <span class='ocrx_word' id='word_1_317' title='bbox 1386 1144 1475 1173; x_wconf 79' lang='grc' dir='ltr'>κακῶν</span> <span class='ocrx_word' id='word_1_318' title='bbox 1490 1143 1525 1173; x_wconf 81' lang='grc' dir='ltr'>τὰ</span> <span class='ocrx_word' id='word_1_319' title='bbox 1538 1145 1584 1172; x_wconf 81' lang='grc' dir='ltr'>νῦν</span> <span class='ocrx_word' id='word_1_320' title='bbox 1597 1141 1731 1182; x_wconf 78' lang='grc' dir='ltr'>γινόμενα.</span> <span class='ocrx_word' id='word_1_321' title='bbox 1745 1141 1815 1172; x_wconf 80' lang='grc' dir='ltr'>Τότε</span> 
     </span>
    </p>

    <p class='ocr_par' dir='ltr' id='par_1_12' title="bbox 249 1186 1815 1229">
     <span class='ocr_line' id='line_1_22' title="bbox 249 1186 1815 1229; baseline -0.001 -12"><span class='ocrx_word' id='word_1_322' title='bbox 249 1188 353 1225; x_wconf 87' lang='lat' dir='ltr'><strong>intulit,</strong></span> <span class='ocrx_word' id='word_1_323' title='bbox 367 1198 455 1217; x_wconf 79' lang='lat' dir='ltr'><strong>annon</strong></span> <span class='ocrx_word' id='word_1_324' title='bbox 480 1188 567 1217; x_wconf 88' lang='lat' dir='ltr'><strong>multo</strong></span> <span class='ocrx_word' id='word_1_325' title='bbox 592 1188 679 1227; x_wconf 83' lang='lat' dir='ltr'><strong>majus</strong></span> <span class='ocrx_word' id='word_1_326' title='bbox 699 1187 777 1217; x_wconf 87' lang='lat' dir='ltr'><strong>nobis</strong></span> <span class='ocrx_word' id='word_1_327' title='bbox 798 1187 913 1217; x_wconf 75' lang='lat' dir='ltr'><strong>inferet?</strong></span> <span class='ocrx_word' id='word_1_328' title='bbox 940 1197 993 1216; x_wconf 91' lang='lat' dir='ltr'>non</span> <span class='ocrx_word' id='word_1_329' title='bbox 1047 1189 1094 1228; x_wconf 85' lang='grc' dir='ltr'>μὲν</span> <span class='ocrx_word' id='word_1_330' title='bbox 1112 1189 1164 1229; x_wconf 83' lang='grc' dir='ltr'>γὰρ</span> <span class='ocrx_word' id='word_1_331' title='bbox 1177 1188 1310 1228; x_wconf 82' lang='grc' dir='ltr'>ἐπιμιξίας</span> <span class='ocrx_word' id='word_1_332' title='bbox 1328 1189 1433 1219; x_wconf 81' lang='grc' dir='ltr'>ἐποίουν</span> <span class='ocrx_word' id='word_1_333' title='bbox 1448 1189 1591 1228; x_wconf 84' lang='grc' dir='ltr'>ἀθέσμους·</span> <span class='ocrx_word' id='word_1_334' title='bbox 1603 1189 1734 1224; x_wconf 74' lang='grc' dir='ltr'>Εἰσῆλθον</span> <span class='ocrx_word' id='word_1_335' title='bbox 1746 1186 1815 1228; x_wconf 76' lang='grc' dir='ltr'>γὰρ,</span> 
     </span>
    </p>

    <p class='ocr_par' dir='ltr' id='par_1_13' title="bbox 249 1233 1817 1276">
     <span class='ocr_line' id='line_1_23' title="bbox 249 1233 1817 1276; baseline 0.001 -14"><span class='ocrx_word' id='word_1_336' title='bbox 249 1234 321 1263; x_wconf 90' lang='lat' dir='ltr'><strong>enim</strong></span> <span class='ocrx_word' id='word_1_337' title='bbox 334 1234 439 1263; x_wconf 85' lang='lat' dir='ltr'><strong>minora</strong></span> <span class='ocrx_word' id='word_1_338' title='bbox 452 1240 515 1263; x_wconf 85' lang='lat' dir='ltr'><strong>sunt</strong></span> <span class='ocrx_word' id='word_1_339' title='bbox 522 1233 579 1262; x_wconf 83' lang='lat' dir='ltr'>haec</span> <span class='ocrx_word' id='word_1_340' title='bbox 590 1233 669 1263; x_wconf 80' lang='lat' dir='ltr'><strong>malis</strong></span> <span class='ocrx_word' id='word_1_341' title='bbox 677 1233 754 1262; x_wconf 88' lang='lat' dir='ltr'><strong>illius</strong></span> <span class='ocrx_word' id='word_1_342' title='bbox 763 1233 902 1273; x_wconf 89' lang='lat' dir='ltr'><strong>temporis.</strong></span> <span class='ocrx_word' id='word_1_343' title='bbox 915 1233 994 1262; x_wconf 82' lang='lat' dir='ltr'><strong>Tunc</strong></span> <span class='ocrx_word' id='word_1_344' title='bbox 1046 1235 1137 1276; x_wconf 76' lang='grc' dir='ltr'>φησὶν,</span> <span class='ocrx_word' id='word_1_345' title='bbox 1153 1237 1177 1265; x_wconf 78' lang='grc' dir='ltr'>οἱ</span> <span class='ocrx_word' id='word_1_346' title='bbox 1188 1236 1240 1265; x_wconf 80' lang='grc' dir='ltr'>υἱοὶ</span> <span class='ocrx_word' id='word_1_347' title='bbox 1252 1238 1298 1265; x_wconf 80' lang='grc' dir='ltr'>τοῦ</span> <span class='ocrx_word' id='word_1_348' title='bbox 1312 1237 1383 1266; x_wconf 75' lang='grc' dir='ltr'>Θεοί)1</span> <span class='ocrx_word' id='word_1_349' title='bbox 1400 1236 1465 1276; x_wconf 85' lang='grc' dir='ltr'>πρὸς</span> <span class='ocrx_word' id='word_1_350' title='bbox 1477 1236 1525 1270; x_wconf 82' lang='grc' dir='ltr'>τὰς</span> <span class='ocrx_word' id='word_1_351' title='bbox 1543 1235 1687 1275; x_wconf 74' lang='grc' dir='ltr'>θυγατέρας</span> <span class='ocrx_word' id='word_1_352' title='bbox 1699 1238 1752 1265; x_wconf 77' lang='grc' dir='ltr'>τῶν</span> <span class='ocrx_word' id='word_1_353' title='bbox 1771 1236 1817 1264; x_wconf 82' lang='grc' dir='ltr'>ἀν-</span> 
     </span>
    </p>

    <p class='ocr_par' dir='ltr' id='par_1_14' title="bbox 104 1278 1816 1369">
     <span class='ocr_line' id='line_1_24' title="bbox 104 1278 1816 1323; baseline 0.004 -17"><span class='ocrx_word' id='word_1_354' title='bbox 104 1285 223 1308; x_wconf 70' lang='lat' dir='ltr'>111÷n.6.2.</span> <span class='ocrx_word' id='word_1_355' title='bbox 250 1279 354 1309; x_wconf 85' lang='lat' dir='ltr'><strong>illicitis</strong></span> <span class='ocrx_word' id='word_1_356' title='bbox 373 1279 490 1309; x_wconf 81' lang='lat' dir='ltr'><strong>coitibus</strong></span> <span class='ocrx_word' id='word_1_357' title='bbox 512 1289 620 1318; x_wconf 82' lang='lat' dir='ltr'><strong>operam</strong></span> <span class='ocrx_word' id='word_1_358' title='bbox 641 1279 743 1309; x_wconf 81' lang='lat' dir='ltr'><strong>dabant</strong></span> <span class='ocrx_word' id='word_1_359' title='bbox 757 1291 765 1308; x_wconf 72' lang='grc' dir='ltr'>ι</span> <span class='ocrx_word' id='word_1_360' title='bbox 779 1289 842 1308; x_wconf 85' lang='lat' dir='ltr'><strong>nam</strong></span> <span class='ocrx_word' id='word_1_361' title='bbox 864 1279 994 1319; x_wconf 82' lang='lat' dir='ltr'>[agressi</span> <span class='ocrx_word' id='word_1_362' title='bbox 1047 1281 1173 1322; x_wconf 83' lang='grc' dir='ltr'>θρώπων·</span> <span class='ocrx_word' id='word_1_363' title='bbox 1186 1285 1231 1311; x_wconf 79' lang='grc' dir='ltr'>νῦν</span> <span class='ocrx_word' id='word_1_364' title='bbox 1246 1282 1274 1311; x_wconf 85' lang='grc' dir='ltr'>δὲ</span> <span class='ocrx_word' id='word_1_365' title='bbox 1285 1284 1333 1312; x_wconf 73' lang='grc' dir='ltr'>οὐκ</span> <span class='ocrx_word' id='word_1_366' title='bbox 1346 1283 1418 1312; x_wconf 82' lang='grc' dir='ltr'>ἔστιν</span> <span class='ocrx_word' id='word_1_367' title='bbox 1432 1278 1500 1316; x_wconf 80' lang='grc' dir='ltr'>εἶδος</span> <span class='ocrx_word' id='word_1_368' title='bbox 1517 1282 1648 1323; x_wconf 79' lang='grc' dir='ltr'>ἁμαρτίας</span> <span class='ocrx_word' id='word_1_369' title='bbox 1662 1282 1797 1322; x_wconf 78' lang='grc' dir='ltr'>ἄπρακτον</span> <span class='ocrx_word' id='word_1_370' title='bbox 1807 1303 1816 1317; x_wconf 87' lang='grc'>,</span> 
     </span>
     <span class='ocr_line' id='line_1_25' title="bbox 250 1324 1816 1369; baseline 0.002 -15"><span class='ocrx_word' id='word_1_371' title='bbox 250 1331 330 1362; x_wconf 82' lang='lat' dir='ltr'><strong>sunt,</strong></span> <span class='ocrx_word' id='word_1_372' title='bbox 345 1324 443 1364; x_wconf 85' lang='lat' dir='ltr'><strong>inquit,</strong></span> <span class='ocrx_word' id='word_1_373' title='bbox 454 1325 513 1364; x_wconf 78' lang='lat' dir='ltr'><strong>filii</strong></span> <span class='ocrx_word' id='word_1_374' title='bbox 526 1326 585 1355; x_wconf 81' lang='lat' dir='ltr'><strong>Dei</strong></span> <span class='ocrx_word' id='word_1_375' title='bbox 595 1325 636 1355; x_wconf 84' lang='lat' dir='ltr'>ad</span> <span class='ocrx_word' id='word_1_376' title='bbox 648 1325 731 1365; x_wconf 79' lang='lat' dir='ltr'><strong>filias</strong></span> <span class='ocrx_word' id='word_1_377' title='bbox 738 1325 907 1354; x_wconf 65' lang='lat' dir='ltr'>Jzomismm:</span> <span class='ocrx_word' id='word_1_378' title='bbox 924 1335 995 1354; x_wconf 89' lang='lat' dir='ltr'><strong>nunc</strong></span> <span class='ocrx_word' id='word_1_379' title='bbox 1047 1328 1061 1357; x_wconf 81' lang='grc' dir='ltr'>ὃ</span> <span class='ocrx_word' id='word_1_380' title='bbox 1074 1328 1313 1366; x_wconf 85' lang='grc' dir='ltr'>καταλιμπάνεται.</span> <span class='ocrx_word' id='word_1_381' title='bbox 1328 1328 1410 1364; x_wconf 81' lang='grc' dir='ltr'>Ἀλλ’,</span> <span class='ocrx_word' id='word_1_382' title='bbox 1422 1330 1445 1358; x_wconf 83' lang='grc' dir='ltr'>εἰ</span> <span class='ocrx_word' id='word_1_383' title='bbox 1459 1329 1544 1366; x_wconf 83' lang='grc' dir='ltr'>δοκεῖ,</span> <span class='ocrx_word' id='word_1_384' title='bbox 1563 1329 1610 1358; x_wconf 79' lang='grc' dir='ltr'>καὶ</span> <span class='ocrx_word' id='word_1_385' title='bbox 1624 1329 1663 1369; x_wconf 75' lang='grc' dir='ltr'>ἐφ’</span> <span class='ocrx_word' id='word_1_386' title='bbox 1679 1328 1756 1368; x_wconf 75' lang='grc' dir='ltr'>ἕτερα</span> <span class='ocrx_word' id='word_1_387' title='bbox 1768 1339 1816 1357; x_wconf 89' lang='grc' dir='ltr'>κο-</span> 
     </span>
    </p>

    <p class='ocr_par' dir='ltr' id='par_1_15' title="bbox 251 1370 1819 1414">
     <span class='ocr_line' id='line_1_26' title="bbox 251 1370 1819 1414; baseline 0.003 -14"><span class='ocrx_word' id='word_1_388' title='bbox 251 1377 340 1400; x_wconf 86' lang='lat' dir='ltr'><strong>autem</strong></span> <span class='ocrx_word' id='word_1_389' title='bbox 352 1370 460 1400; x_wconf 87' lang='lat' dir='ltr'><strong>nullum</strong></span> <span class='ocrx_word' id='word_1_390' title='bbox 471 1378 510 1401; x_wconf 88' lang='lat' dir='ltr'><strong>est</strong></span> <span class='ocrx_word' id='word_1_391' title='bbox 523 1381 606 1411; x_wconf 82' lang='lat' dir='ltr'><strong>genus</strong></span> <span class='ocrx_word' id='word_1_392' title='bbox 619 1370 721 1411; x_wconf 79' lang='lat' dir='ltr'><strong>peccati</strong></span> <span class='ocrx_word' id='word_1_393' title='bbox 734 1370 808 1410; x_wconf 84' lang='lat' dir='ltr'><strong>quod</strong></span> <span class='ocrx_word' id='word_1_394' title='bbox 821 1377 891 1400; x_wconf 80' lang='lat' dir='ltr'><strong>retro</strong></span> <span class='ocrx_word' id='word_1_395' title='bbox 913 1370 995 1400; x_wconf 88' lang='lat' dir='ltr'><strong>relin-</strong></span> <span class='ocrx_word' id='word_1_396' title='bbox 1047 1373 1148 1406; x_wconf 83' lang='grc' dir='ltr'>λάσεως</span> <span class='ocrx_word' id='word_1_397' title='bbox 1161 1373 1217 1410; x_wconf 82' lang='grc' dir='ltr'>εἴδη</span> <span class='ocrx_word' id='word_1_398' title='bbox 1230 1374 1274 1403; x_wconf 84' lang='grc' dir='ltr'>τὸν</span> <span class='ocrx_word' id='word_1_399' title='bbox 1284 1374 1362 1413; x_wconf 81' lang='grc' dir='ltr'>λόγον</span> <span class='ocrx_word' id='word_1_400' title='bbox 1375 1375 1532 1414; x_wconf 79' lang='grc' dir='ltr'>ἀγάγωμεν,</span> <span class='ocrx_word' id='word_1_401' title='bbox 1545 1375 1589 1404; x_wconf 80' lang='grc' dir='ltr'>ἵνα</span> <span class='ocrx_word' id='word_1_402' title='bbox 1600 1377 1630 1404; x_wconf 81' lang='grc' dir='ltr'>ἐκ</span> <span class='ocrx_word' id='word_1_403' title='bbox 1641 1377 1694 1404; x_wconf 83' lang='grc' dir='ltr'>τῶν</span> <span class='ocrx_word' id='word_1_404' title='bbox 1706 1373 1819 1414; x_wconf 79' lang='grc' dir='ltr'>γενομέ-</span> 
     </span>
    </p>

    <p class='ocr_par' dir='ltr' id='par_1_16' title="bbox 251 1418 1820 1553">
     <span class='ocr_line' id='line_1_27' title="bbox 251 1418 1819 1460; baseline 0.001 -13"><span class='ocrx_word' id='word_1_405' title='bbox 251 1425 359 1457; x_wconf 87' lang='lat' dir='ltr'><strong>quatur.</strong></span> <span class='ocrx_word' id='word_1_406' title='bbox 370 1419 487 1453; x_wconf 87' lang='lat' dir='ltr'><strong>Verum,</strong></span> <span class='ocrx_word' id='word_1_407' title='bbox 499 1418 524 1447; x_wconf 87' lang='lat' dir='ltr'>si</span> <span class='ocrx_word' id='word_1_408' title='bbox 535 1418 633 1458; x_wconf 79' lang='lat' dir='ltr'><strong>placet,</strong></span> <span class='ocrx_word' id='word_1_409' title='bbox 646 1418 682 1447; x_wconf 83' lang='lat' dir='ltr'>ad</span> <span class='ocrx_word' id='word_1_410' title='bbox 694 1418 747 1447; x_wconf 77' lang='lat' dir='ltr'><strong>alia</strong></span> <span class='ocrx_word' id='word_1_411' title='bbox 759 1418 887 1459; x_wconf 86' lang='lat' dir='ltr'><strong>supplicii</strong></span> <span class='ocrx_word' id='word_1_412' title='bbox 900 1428 995 1459; x_wconf 82' lang='lat' dir='ltr'><strong>genera</strong></span> <span class='ocrx_word' id='word_1_413' title='bbox 1047 1431 1099 1448; x_wconf 90' lang='grc' dir='ltr'>νων</span> <span class='ocrx_word' id='word_1_414' title='bbox 1113 1420 1158 1450; x_wconf 82' lang='grc' dir='ltr'>καὶ</span> <span class='ocrx_word' id='word_1_415' title='bbox 1172 1418 1206 1449; x_wconf 72' lang='grc' dir='ltr'>τὰ</span> <span class='ocrx_word' id='word_1_416' title='bbox 1215 1419 1346 1458; x_wconf 84' lang='grc' dir='ltr'>μέλλοντα</span> <span class='ocrx_word' id='word_1_417' title='bbox 1356 1423 1495 1460; x_wconf 80' lang='grc' dir='ltr'>πιστευθῇ.</span> <span class='ocrx_word' id='word_1_418' title='bbox 1511 1420 1684 1459; x_wconf 76' lang='grc' dir='ltr'>Ἐπεδήμησέ</span> <span class='ocrx_word' id='word_1_419' title='bbox 1694 1432 1734 1454; x_wconf 91' lang='grc' dir='ltr'>τις</span> <span class='ocrx_word' id='word_1_420' title='bbox 1744 1422 1819 1458; x_wconf 78' lang='grc' dir='ltr'>ὑμῶν</span> 
     </span>
     <span class='ocr_line' id='line_1_28' title="bbox 251 1461 1820 1506; baseline 0 -12"><span class='ocrx_word' id='word_1_421' title='bbox 251 1475 399 1494; x_wconf 85' lang='lat' dir='ltr'><strong>sermonem</strong></span> <span class='ocrx_word' id='word_1_422' title='bbox 420 1472 617 1503; x_wconf 82' lang='lat' dir='ltr'>convertamus,</span> <span class='ocrx_word' id='word_1_423' title='bbox 639 1472 668 1495; x_wconf 91' lang='lat' dir='ltr'><strong>ut</strong></span> <span class='ocrx_word' id='word_1_424' title='bbox 686 1476 720 1495; x_wconf 85' lang='lat' dir='ltr'><strong>ex</strong></span> <span class='ocrx_word' id='word_1_425' title='bbox 740 1465 882 1506; x_wconf 81' lang='lat' dir='ltr'><strong>praeteritis</strong></span> <span class='ocrx_word' id='word_1_426' title='bbox 905 1466 996 1496; x_wconf 78' lang='lat' dir='ltr'><strong>futura</strong></span> <span class='ocrx_word' id='word_1_427' title='bbox 1049 1469 1082 1506; x_wconf 78' lang='grc' dir='ltr'>τῇ</span> <span class='ocrx_word' id='word_1_428' title='bbox 1097 1466 1263 1506; x_wconf 88' lang='grc' dir='ltr'>Παλαιστίνῃ</span> <span class='ocrx_word' id='word_1_429' title='bbox 1277 1466 1357 1503; x_wconf 83' lang='grc' dir='ltr'>ποτέ;</span> <span class='ocrx_word' id='word_1_430' title='bbox 1378 1465 1484 1506; x_wconf 78' lang='grc' dir='ltr'>Ἔγωγε</span> <span class='ocrx_word' id='word_1_431' title='bbox 1508 1461 1589 1505; x_wconf 75' lang='grc' dir='ltr'>οἶμαι.</span> <span class='ocrx_word' id='word_1_432' title='bbox 1615 1468 1720 1496; x_wconf 85' lang='grc' dir='ltr'>Οὐκοῦν</span> <span class='ocrx_word' id='word_1_433' title='bbox 1745 1467 1820 1505; x_wconf 74' lang='grc' dir='ltr'>ὑμεῖς</span> 
     </span>
     <span class='ocr_line' id='line_1_29' title="bbox 251 1511 1820 1553; baseline 0.001 -13"><span class='ocrx_word' id='word_1_434' title='bbox 251 1511 405 1540; x_wconf 85' lang='lat' dir='ltr'><strong>credantur.</strong></span> <span class='ocrx_word' id='word_1_435' title='bbox 415 1512 489 1541; x_wconf 88' lang='lat' dir='ltr'><strong>Num</strong></span> <span class='ocrx_word' id='word_1_436' title='bbox 498 1511 559 1550; x_wconf 88' lang='lat' dir='ltr'><strong>quis</strong></span> <span class='ocrx_word' id='word_1_437' title='bbox 571 1518 692 1541; x_wconf 78' lang='lat' dir='ltr'><strong>vestrum</strong></span> <span class='ocrx_word' id='word_1_438' title='bbox 707 1522 834 1550; x_wconf 86' lang='lat' dir='ltr'><strong>umquam</strong></span> <span class='ocrx_word' id='word_1_439' title='bbox 844 1512 871 1541; x_wconf 92' lang='lat' dir='ltr'>in</span> <span class='ocrx_word' id='word_1_440' title='bbox 879 1512 998 1541; x_wconf 80' lang='lat' dir='ltr'><strong>Palaesti-</strong></span> <span class='ocrx_word' id='word_1_441' title='bbox 1050 1513 1236 1553; x_wconf 77' lang='grc' dir='ltr'>μαρτυρήσατε</span> <span class='ocrx_word' id='word_1_442' title='bbox 1248 1515 1282 1552; x_wconf 80' lang='grc' dir='ltr'>τῇ</span> <span class='ocrx_word' id='word_1_443' title='bbox 1293 1513 1403 1552; x_wconf 78' lang='grc' dir='ltr'>ἀληθείᾳ</span> <span class='ocrx_word' id='word_1_444' title='bbox 1415 1515 1468 1542; x_wconf 77' lang='grc' dir='ltr'>τῶν</span> <span class='ocrx_word' id='word_1_445' title='bbox 1485 1513 1643 1553; x_wconf 84' lang='grc' dir='ltr'>λεγομένων.</span> <span class='ocrx_word' id='word_1_446' title='bbox 1658 1513 1820 1546; x_wconf 77' lang='grc' dir='ltr'>Ἀσκάλωνος</span> 
     </span>
    </p>

    <p class='ocr_par' dir='ltr' id='par_1_17' title="bbox 252 1557 1821 1600">
     <span class='ocr_line' id='line_1_30' title="bbox 252 1557 1821 1600; baseline 0.002 -14"><span class='ocrx_word' id='word_1_447' title='bbox 252 1567 314 1586; x_wconf 83' lang='lat' dir='ltr'><strong>nam</strong></span> <span class='ocrx_word' id='word_1_448' title='bbox 328 1557 512 1597; x_wconf 82' lang='lat' dir='ltr'>peregrinatus</span> <span class='ocrx_word' id='word_1_449' title='bbox 521 1558 581 1587; x_wconf 79' lang='lat' dir='ltr'><strong>est?</strong></span> <span class='ocrx_word' id='word_1_450' title='bbox 595 1557 668 1587; x_wconf 87' lang='lat' dir='ltr'><strong>Mihi</strong></span> <span class='ocrx_word' id='word_1_451' title='bbox 679 1557 789 1596; x_wconf 87' lang='lat' dir='ltr'><strong>quidem</strong></span> <span class='ocrx_word' id='word_1_452' title='bbox 803 1557 922 1588; x_wconf 83' lang='lat' dir='ltr'><strong>videtur.</strong></span> <span class='ocrx_word' id='word_1_453' title='bbox 936 1559 995 1588; x_wconf 91' lang='lat' dir='ltr'>Vos</span> <span class='ocrx_word' id='word_1_454' title='bbox 1049 1560 1101 1600; x_wconf 83' lang='grc' dir='ltr'>γὰρ</span> <span class='ocrx_word' id='word_1_455' title='bbox 1114 1560 1159 1589; x_wconf 82' lang='grc' dir='ltr'>καὶ</span> <span class='ocrx_word' id='word_1_456' title='bbox 1172 1560 1260 1596; x_wconf 80' lang='grc' dir='ltr'>Γάζης</span> <span class='ocrx_word' id='word_1_457' title='bbox 1271 1560 1399 1600; x_wconf 76' lang='grc' dir='ltr'>ἀνώτερον</span> <span class='ocrx_word' id='word_1_458' title='bbox 1413 1562 1451 1593; x_wconf 83' lang='grc' dir='ltr'>εἰς</span> <span class='ocrx_word' id='word_1_459' title='bbox 1463 1560 1528 1590; x_wconf 80' lang='grc' dir='ltr'>αὐτὸ</span> <span class='ocrx_word' id='word_1_460' title='bbox 1538 1563 1584 1590; x_wconf 77' lang='grc' dir='ltr'>τοῦ</span> <span class='ocrx_word' id='word_1_461' title='bbox 1595 1560 1727 1600; x_wconf 83' lang='grc' dir='ltr'>Ἰορδάνου</span> <span class='ocrx_word' id='word_1_462' title='bbox 1738 1571 1821 1589; x_wconf 74' lang='grc' dir='ltr'>πατα-</span> 
     </span>
    </p>

    <p class='ocr_par' dir='ltr' id='par_1_18' title="bbox 252 1602 1821 1647">
     <span class='ocr_line' id='line_1_31' title="bbox 252 1602 1821 1647; baseline 0.003 -15"><span class='ocrx_word' id='word_1_463' title='bbox 252 1613 316 1643; x_wconf 83' lang='lat' dir='ltr'><strong>ergo</strong></span> <span class='ocrx_word' id='word_1_464' title='bbox 339 1603 473 1633; x_wconf 87' lang='lat' dir='ltr'><strong>dictorum</strong></span> <span class='ocrx_word' id='word_1_465' title='bbox 498 1603 606 1634; x_wconf 77' lang='lat' dir='ltr'><strong>veritati</strong></span> <span class='ocrx_word' id='word_1_466' title='bbox 630 1604 814 1634; x_wconf 88' lang='lat' dir='ltr'><strong>testimonium</strong></span> <span class='ocrx_word' id='word_1_467' title='bbox 835 1604 916 1638; x_wconf 29' lang='lat' dir='ltr'><strong>ferte*</strong></span> <span class='ocrx_word' id='word_1_468' title='bbox 926 1605 996 1634; x_wconf 83' lang='lat' dir='ltr'>Nam</span> <span class='ocrx_word' id='word_1_469' title='bbox 1014 1614 1031 1637; x_wconf 78' lang='grc' dir='ltr'><strong>Β</strong></span> <span class='ocrx_word' id='word_1_470' title='bbox 1051 1608 1101 1644; x_wconf 83' lang='grc' dir='ltr'>μοῦ</span> <span class='ocrx_word' id='word_1_471' title='bbox 1115 1605 1145 1635; x_wconf 84' lang='grc' dir='ltr'>τὸ</span> <span class='ocrx_word' id='word_1_472' title='bbox 1157 1605 1232 1639; x_wconf 83' lang='grc' dir='ltr'>τέλος</span> <span class='ocrx_word' id='word_1_473' title='bbox 1245 1602 1278 1642; x_wconf 72' lang='grc' dir='ltr'>ἦν</span> <span class='ocrx_word' id='word_1_474' title='bbox 1297 1618 1337 1639; x_wconf 83' lang='grc' dir='ltr'>τις</span> <span class='ocrx_word' id='word_1_475' title='bbox 1349 1606 1426 1646; x_wconf 84' lang='grc' dir='ltr'>χώρα</span> <span class='ocrx_word' id='word_1_476' title='bbox 1439 1606 1526 1642; x_wconf 83' lang='grc' dir='ltr'>πολλή</span> <span class='ocrx_word' id='word_1_477' title='bbox 1541 1619 1570 1636; x_wconf 92' lang='grc' dir='ltr'>τε</span> <span class='ocrx_word' id='word_1_478' title='bbox 1583 1606 1628 1636; x_wconf 80' lang='grc' dir='ltr'>καὶ</span> <span class='ocrx_word' id='word_1_479' title='bbox 1642 1602 1762 1647; x_wconf 67' lang='grc' dir='ltr'>εὔφόρος,</span> <span class='ocrx_word' id='word_1_480' title='bbox 1775 1606 1821 1636; x_wconf 81' lang='grc' dir='ltr'>καὶ</span> 
     </span>
    </p>

    <p class='ocr_par' dir='ltr' id='par_1_19' title="bbox 254 1647 1820 1692">
     <span class='ocr_line' id='line_1_32' title="bbox 254 1647 1820 1692; baseline 0.001 -14"><span class='ocrx_word' id='word_1_481' title='bbox 254 1649 324 1679; x_wconf 82' lang='lat' dir='ltr'><strong>ultra</strong></span> <span class='ocrx_word' id='word_1_482' title='bbox 347 1650 505 1679; x_wconf 81' lang='lat' dir='ltr'><strong>Ascalonem</strong></span> <span class='ocrx_word' id='word_1_483' title='bbox 517 1657 543 1679; x_wconf 86' lang='lat' dir='ltr'><strong>et</strong></span> <span class='ocrx_word' id='word_1_484' title='bbox 555 1651 656 1680; x_wconf 73' lang='lat' dir='ltr'><strong>Gazam</strong></span> <span class='ocrx_word' id='word_1_485' title='bbox 675 1649 710 1679; x_wconf 79' lang='lat' dir='ltr'>ad</span> <span class='ocrx_word' id='word_1_486' title='bbox 729 1650 818 1690; x_wconf 90' lang='lat' dir='ltr'><strong>ipsum</strong></span> <span class='ocrx_word' id='word_1_487' title='bbox 831 1657 997 1691; x_wconf 88' lang='lat' dir='ltr'><strong>postremum</strong></span> <span class='ocrx_word' id='word_1_488' title='bbox 1050 1653 1089 1691; x_wconf 80' lang='grc' dir='ltr'>τῷ</span> <span class='ocrx_word' id='word_1_489' title='bbox 1098 1651 1252 1691; x_wconf 86' lang='grc' dir='ltr'>παραδείσῳ</span> <span class='ocrx_word' id='word_1_490' title='bbox 1264 1654 1310 1681; x_wconf 78' lang='grc' dir='ltr'>τοῦ</span> <span class='ocrx_word' id='word_1_491' title='bbox 1321 1654 1392 1682; x_wconf 75' lang='grc' dir='ltr'>Θεοῦ</span> <span class='ocrx_word' id='word_1_492' title='bbox 1403 1652 1590 1691; x_wconf 79' lang='grc' dir='ltr'>ἁμιλλωμένη·</span> <span class='ocrx_word' id='word_1_493' title='bbox 1601 1647 1663 1682; x_wconf 69' lang='lat' dir='ltr'><strong>Ei&amp;</strong></span> <span class='ocrx_word' id='word_1_494' title='bbox 1674 1652 1736 1692; x_wconf 79' lang='grc' dir='ltr'>γὰρ,</span> <span class='ocrx_word' id='word_1_495' title='bbox 1745 1651 1820 1692; x_wconf 77' lang='grc' dir='ltr'>φησὶ,</span> 
     </span>
    </p>

    <p class='ocr_par' dir='ltr' id='par_1_20' title="bbox 252 1694 1821 1739">
     <span class='ocr_line' id='line_1_33' title="bbox 252 1694 1821 1739; baseline 0 -13"><span class='ocrx_word' id='word_1_496' title='bbox 252 1695 379 1726; x_wconf 61' lang='lat' dir='ltr'><strong>‚Iordanis</strong></span> <span class='ocrx_word' id='word_1_497' title='bbox 392 1695 472 1726; x_wconf 83' lang='lat' dir='ltr'><strong>fluvii</strong></span> <span class='ocrx_word' id='word_1_498' title='bbox 483 1696 629 1726; x_wconf 87' lang='lat' dir='ltr'><strong>terminum</strong></span> <span class='ocrx_word' id='word_1_499' title='bbox 639 1703 695 1726; x_wconf 85' lang='lat' dir='ltr'><strong>erat</strong></span> <span class='ocrx_word' id='word_1_500' title='bbox 709 1696 833 1735; x_wconf 77' lang='lat' dir='ltr'><strong>quaedam</strong></span> <span class='ocrx_word' id='word_1_501' title='bbox 844 1697 918 1736; x_wconf 83' lang='lat' dir='ltr'><strong>regio</strong></span> <span class='ocrx_word' id='word_1_502' title='bbox 937 1708 993 1727; x_wconf 78' lang='lat' dir='ltr'>ma·</span> <span class='ocrx_word' id='word_1_503' title='bbox 1051 1698 1115 1727; x_wconf 81' lang='grc' dir='ltr'>Λὼτ</span> <span class='ocrx_word' id='word_1_504' title='bbox 1136 1702 1224 1727; x_wconf 70' lang='grc' dir='ltr'>πεῖσαν</span> <span class='ocrx_word' id='word_1_505' title='bbox 1249 1697 1298 1734; x_wconf 66' lang='grc' dir='ltr'>τὴν</span> <span class='ocrx_word' id='word_1_506' title='bbox 1321 1698 1469 1738; x_wconf 81' lang='grc' dir='ltr'>περίχωρον</span> <span class='ocrx_word' id='word_1_507' title='bbox 1493 1701 1539 1728; x_wconf 77' lang='grc' dir='ltr'>τοῦ</span> <span class='ocrx_word' id='word_1_508' title='bbox 1561 1698 1709 1739; x_wconf 79' lang='grc' dir='ltr'>Ἰορδάνου,</span> <span class='ocrx_word' id='word_1_509' title='bbox 1723 1698 1769 1728; x_wconf 77' lang='grc' dir='ltr'>καὶ</span> <span class='ocrx_word' id='word_1_510' title='bbox 1787 1694 1821 1734; x_wconf 78' lang='grc' dir='ltr'>ἦν</span> 
     </span>
    </p>

    <p class='ocr_par' dir='ltr' id='par_1_21' title="bbox 253 1742 1822 1784">
     <span class='ocr_line' id='line_1_34' title="bbox 253 1742 1822 1784; baseline 0.002 -13"><span class='ocrx_word' id='word_1_511' title='bbox 253 1752 305 1782; x_wconf 73' lang='lat' dir='ltr'><strong>gna</strong></span> <span class='ocrx_word' id='word_1_512' title='bbox 317 1749 343 1772; x_wconf 85' lang='lat' dir='ltr'><strong>et</strong></span> <span class='ocrx_word' id='word_1_513' title='bbox 357 1742 528 1779; x_wconf 77' lang='lat' dir='ltr'><strong>feracissima,</strong></span> <span class='ocrx_word' id='word_1_514' title='bbox 539 1753 600 1781; x_wconf 77' lang='lat' dir='ltr'><strong>quae</strong></span> <span class='ocrx_word' id='word_1_515' title='bbox 611 1753 674 1772; x_wconf 76' lang='lat' dir='ltr'><strong>ciun</strong></span> <span class='ocrx_word' id='word_1_516' title='bbox 682 1742 810 1783; x_wconf 78' lang='lat' dir='ltr'><strong>paradiso</strong></span> <span class='ocrx_word' id='word_1_517' title='bbox 824 1744 875 1773; x_wconf 88' lang='lat' dir='ltr'>Dei</span> <span class='ocrx_word' id='word_1_518' title='bbox 887 1754 996 1774; x_wconf 88' lang='lat' dir='ltr'><strong>concer-</strong></span> <span class='ocrx_word' id='word_1_519' title='bbox 1051 1743 1210 1782; x_wconf 77' lang='grc' dir='ltr'>ποτιζομένὴ</span> <span class='ocrx_word' id='word_1_520' title='bbox 1230 1746 1267 1778; x_wconf 81' lang='grc' dir='ltr'>ὡς</span> <span class='ocrx_word' id='word_1_521' title='bbox 1287 1747 1302 1774; x_wconf 81' lang='grc' dir='ltr'><strong>ὁ</strong></span> <span class='ocrx_word' id='word_1_522' title='bbox 1325 1744 1484 1784; x_wconf 80' lang='grc' dir='ltr'>παράδεισος</span> <span class='ocrx_word' id='word_1_523' title='bbox 1503 1748 1550 1774; x_wconf 79' lang='grc' dir='ltr'>τοῦ</span> <span class='ocrx_word' id='word_1_524' title='bbox 1571 1746 1651 1774; x_wconf 80' lang='grc' dir='ltr'>Θεοῦ.</span> <span class='ocrx_word' id='word_1_525' title='bbox 1674 1745 1754 1774; x_wconf 82' lang='grc' dir='ltr'>Ἀλλὰ</span> <span class='ocrx_word' id='word_1_526' title='bbox 1775 1747 1822 1774; x_wconf 77' lang='grc' dir='ltr'>νῦν</span> 
     </span>
    </p>

    <p class='ocr_par' dir='ltr' id='par_1_22' title="bbox 105 1789 1823 1924">
     <span class='ocr_line' id='line_1_35' title="bbox 105 1789 1823 1831; baseline 0.002 -14"><span class='ocrx_word' id='word_1_527' title='bbox 105 1800 161 1820; x_wconf 69' lang='lat' dir='ltr'>oen.</span> <span class='ocrx_word' id='word_1_528' title='bbox 181 1800 216 1822; x_wconf 83' lang='lat'>13.</span> <span class='ocrx_word' id='word_1_529' title='bbox 252 1795 309 1817; x_wconf 82' lang='lat' dir='ltr'><strong>tare</strong></span> <span class='ocrx_word' id='word_1_530' title='bbox 321 1795 412 1828; x_wconf 85' lang='lat' dir='ltr'><strong>posset</strong></span> <span class='ocrx_word' id='word_1_531' title='bbox 428 1801 434 1817; x_wconf 87' lang='lat'><strong>:</strong></span> <span class='ocrx_word' id='word_1_532' title='bbox 450 1798 512 1818; x_wconf 82' lang='lat' dir='ltr'><strong>nam</strong></span> <span class='ocrx_word' id='word_1_533' title='bbox 526 1789 619 1826; x_wconf 65' lang='lat' dir='ltr'><strong>Vadit,</strong></span> <span class='ocrx_word' id='word_1_534' title='bbox 636 1789 736 1828; x_wconf 88' lang='lat' dir='ltr'><strong>inquit,</strong></span> <span class='ocrx_word' id='word_1_535' title='bbox 748 1791 804 1819; x_wconf 80' lang='lat' dir='ltr'>Lot</span> <span class='ocrx_word' id='word_1_536' title='bbox 817 1800 931 1819; x_wconf 87' lang='lat' dir='ltr'><strong>omnem</strong></span> <span class='ocrx_word' id='word_1_537' title='bbox 949 1800 995 1819; x_wconf 78' lang='lat' dir='ltr'><strong>re·</strong></span> <span class='ocrx_word' id='word_1_538' title='bbox 1052 1790 1120 1826; x_wconf 69' lang='grc' dir='ltr'>αὕτη</span> <span class='ocrx_word' id='word_1_539' title='bbox 1133 1792 1227 1820; x_wconf 77' lang='grc' dir='ltr'>πασῶν</span> <span class='ocrx_word' id='word_1_540' title='bbox 1239 1793 1293 1820; x_wconf 75' lang='grc' dir='ltr'>τῶν</span> <span class='ocrx_word' id='word_1_541' title='bbox 1314 1790 1420 1830; x_wconf 84' lang='grc' dir='ltr'>ἐρήμων</span> <span class='ocrx_word' id='word_1_542' title='bbox 1441 1790 1513 1820; x_wconf 76' lang='grc' dir='ltr'>ἐστὶν</span> <span class='ocrx_word' id='word_1_543' title='bbox 1532 1790 1688 1831; x_wconf 80' lang='grc' dir='ltr'>ἑρημοτίρα.</span> <span class='ocrx_word' id='word_1_544' title='bbox 1704 1790 1823 1827; x_wconf 65' lang='lat' dir='ltr'><strong>‘Eamne</strong></span> 
     </span>
     <span class='ocr_line' id='line_1_36' title="bbox 106 1835 1822 1878; baseline 0.003 -16"><span class='ocrx_word' id='word_1_545' title='bbox 106 1835 140 1852; x_wconf 80' lang='lat'>¹⁰-</span> <span class='ocrx_word' id='word_1_546' title='bbox 253 1836 369 1874; x_wconf 82' lang='lat' dir='ltr'><strong>gionem</strong></span> <span class='ocrx_word' id='word_1_547' title='bbox 397 1835 506 1864; x_wconf 81' lang='lat' dir='ltr'><strong>circum</strong></span> <span class='ocrx_word' id='word_1_548' title='bbox 530 1835 706 1871; x_wconf 77' lang='lat' dir='ltr'><strong>Iordanem,</strong></span> <span class='ocrx_word' id='word_1_549' title='bbox 733 1846 799 1875; x_wconf 81' lang='lat' dir='ltr'>quoe</span> <span class='ocrx_word' id='word_1_550' title='bbox 820 1837 999 1876; x_wconf 76' lang='lat' dir='ltr'><strong>irrigabatur·</strong></span> <span class='ocrx_word' id='word_1_551' title='bbox 1053 1837 1100 1876; x_wconf 88' lang='grc' dir='ltr'>μὲν</span> <span class='ocrx_word' id='word_1_552' title='bbox 1113 1837 1165 1878; x_wconf 82' lang='grc' dir='ltr'>γὰρ</span> <span class='ocrx_word' id='word_1_553' title='bbox 1179 1837 1288 1876; x_wconf 77' lang='grc' dir='ltr'>δένδρα,</span> <span class='ocrx_word' id='word_1_554' title='bbox 1307 1836 1354 1866; x_wconf 79' lang='grc' dir='ltr'>καὶ</span> <span class='ocrx_word' id='word_1_555' title='bbox 1373 1837 1474 1877; x_wconf 80' lang='grc' dir='ltr'>καρπὸν</span> <span class='ocrx_word' id='word_1_556' title='bbox 1488 1837 1560 1878; x_wconf 82' lang='grc' dir='ltr'>ἔχει,</span> <span class='ocrx_word' id='word_1_557' title='bbox 1580 1839 1595 1867; x_wconf 84' lang='grc' dir='ltr'><strong>ὁ</strong></span> <span class='ocrx_word' id='word_1_558' title='bbox 1608 1837 1636 1867; x_wconf 69' lang='grc' dir='ltr'>δὲ</span> <span class='ocrx_word' id='word_1_559' title='bbox 1655 1837 1755 1878; x_wconf 78' lang='grc' dir='ltr'>καρπὸς</span> <span class='ocrx_word' id='word_1_560' title='bbox 1774 1840 1822 1873; x_wconf 75' lang='grc' dir='ltr'>τῆς</span> 
     </span>
     <span class='ocr_line' id='line_1_37' title="bbox 253 1881 1822 1924; baseline 0.003 -16"><span class='ocrx_word' id='word_1_561' title='bbox 253 1882 340 1919; x_wconf 80' lang='lat' dir='ltr'><strong>quasi</strong></span> <span class='ocrx_word' id='word_1_562' title='bbox 365 1881 521 1920; x_wconf 79' lang='lat' dir='ltr'><strong>paradisus</strong></span> <span class='ocrx_word' id='word_1_563' title='bbox 545 1881 613 1910; x_wconf 82' lang='lat' dir='ltr'><strong>Dei.</strong></span> <span class='ocrx_word' id='word_1_564' title='bbox 637 1882 744 1910; x_wconf 83' lang='lat' dir='ltr'><strong>verum</strong></span> <span class='ocrx_word' id='word_1_565' title='bbox 769 1881 826 1911; x_wconf 84' lang='lat' dir='ltr'>haec</span> <span class='ocrx_word' id='word_1_566' title='bbox 859 1892 932 1912; x_wconf 91' lang='lat' dir='ltr'><strong>nunc</strong></span> <span class='ocrx_word' id='word_1_567' title='bbox 958 1889 998 1912; x_wconf 71' lang='lat' dir='ltr'>est</span> <span class='ocrx_word' id='word_1_568' title='bbox 1051 1887 1097 1913; x_wconf 79' lang='grc' dir='ltr'>τοῦ</span> <span class='ocrx_word' id='word_1_569' title='bbox 1107 1886 1178 1914; x_wconf 77' lang='grc' dir='ltr'>Θεοῦ</span> <span class='ocrx_word' id='word_1_570' title='bbox 1190 1885 1271 1924; x_wconf 76' lang='grc' dir='ltr'>ὀργῆς</span> <span class='ocrx_word' id='word_1_571' title='bbox 1282 1884 1353 1912; x_wconf 79' lang='grc' dir='ltr'>ἐστιν</span> <span class='ocrx_word' id='word_1_572' title='bbox 1364 1883 1520 1922; x_wconf 78' lang='grc' dir='ltr'>ὑπόμνημα.</span> <span class='ocrx_word' id='word_1_573' title='bbox 1533 1883 1682 1919; x_wconf 79' lang='grc' dir='ltr'>Ἑστήκασι</span> <span class='ocrx_word' id='word_1_574' title='bbox 1691 1884 1744 1924; x_wconf 83' lang='grc' dir='ltr'>γὰρ</span> <span class='ocrx_word' id='word_1_575' title='bbox 1755 1884 1822 1924; x_wconf 78' lang='grc' dir='ltr'>ῥοιαὶ</span> 
     </span>
    </p>

    <p class='ocr_par' dir='ltr' id='par_1_23' title="bbox 254 1925 1824 1969">
     <span class='ocr_line' id='line_1_38' title="bbox 254 1925 1824 1969; baseline 0.003 -15"><span class='ocrx_word' id='word_1_576' title='bbox 254 1926 375 1955; x_wconf 85' lang='lat' dir='ltr'><strong>omnium</strong></span> <span class='ocrx_word' id='word_1_577' title='bbox 392 1925 559 1955; x_wconf 83' lang='lat' dir='ltr'><strong>desertorum</strong></span> <span class='ocrx_word' id='word_1_578' title='bbox 572 1926 761 1955; x_wconf 81' lang='lat' dir='ltr'><strong>desertissima.</strong></span> <span class='ocrx_word' id='word_1_579' title='bbox 775 1927 852 1957; x_wconf 75' lang='lat' dir='ltr'><strong>stant</strong></span> <span class='ocrx_word' id='word_1_580' title='bbox 870 1928 942 1957; x_wconf 87' lang='lat' dir='ltr'><strong>enim</strong></span> <span class='ocrx_word' id='word_1_581' title='bbox 954 1939 998 1958; x_wconf 71' lang='lat' dir='ltr'>ar-</span> <span class='ocrx_word' id='word_1_582' title='bbox 1052 1928 1176 1969; x_wconf 84' lang='grc' dir='ltr'>λαμπρὰν</span> <span class='ocrx_word' id='word_1_583' title='bbox 1197 1929 1245 1967; x_wconf 82' lang='grc' dir='ltr'>μὲν</span> <span class='ocrx_word' id='word_1_584' title='bbox 1263 1929 1373 1969; x_wconf 82' lang='grc' dir='ltr'>ἔχουσαι</span> <span class='ocrx_word' id='word_1_585' title='bbox 1385 1929 1435 1965; x_wconf 84' lang='grc' dir='ltr'>τὴν</span> <span class='ocrx_word' id='word_1_586' title='bbox 1457 1930 1628 1968; x_wconf 82' lang='grc' dir='ltr'>ἐπιφάνειαν,</span> <span class='ocrx_word' id='word_1_587' title='bbox 1641 1930 1686 1959; x_wconf 78' lang='grc' dir='ltr'>καὶ</span> <span class='ocrx_word' id='word_1_588' title='bbox 1704 1929 1824 1969; x_wconf 77' lang='grc' dir='ltr'>χρηστὰς</span> 
     </span>
    </p>

    <p class='ocr_par' dir='ltr' id='par_1_24' title="bbox 254 1970 1822 2016">
     <span class='ocr_line' id='line_1_39' title="bbox 254 1970 1822 2016; baseline 0.003 -17"><span class='ocrx_word' id='word_1_589' title='bbox 254 1970 342 2007; x_wconf 87' lang='lat' dir='ltr'><strong>bores,</strong></span> <span class='ocrx_word' id='word_1_590' title='bbox 356 1977 382 1999; x_wconf 90' lang='lat' dir='ltr'><strong>et</strong></span> <span class='ocrx_word' id='word_1_591' title='bbox 388 1971 506 1999; x_wconf 82' lang='lat' dir='ltr'><strong>fructum</strong></span> <span class='ocrx_word' id='word_1_592' title='bbox 514 1971 623 2008; x_wconf 75' lang='lat' dir='ltr'><strong>habent,</strong></span> <span class='ocrx_word' id='word_1_593' title='bbox 637 1978 664 2000; x_wconf 84' lang='lat' dir='ltr'>at</span> <span class='ocrx_word' id='word_1_594' title='bbox 674 1971 777 2001; x_wconf 80' lang='lat' dir='ltr'><strong>fructus</strong></span> <span class='ocrx_word' id='word_1_595' title='bbox 787 1972 833 2002; x_wconf 83' lang='lat' dir='ltr'><strong>ille</strong></span> <span class='ocrx_word' id='word_1_596' title='bbox 843 1973 889 2003; x_wconf 80' lang='lat' dir='ltr'>irae</span> <span class='ocrx_word' id='word_1_597' title='bbox 897 1973 998 2004; x_wconf 84' lang='lat' dir='ltr'><strong>divinae</strong></span> <span class='ocrx_word' id='word_1_598' title='bbox 1053 1975 1218 2016; x_wconf 82' lang='grc' dir='ltr'>παρέχουσαι</span> <span class='ocrx_word' id='word_1_599' title='bbox 1239 1979 1293 2009; x_wconf 79' lang='grc' dir='ltr'>τοῖς</span> <span class='ocrx_word' id='word_1_600' title='bbox 1314 1978 1451 2015; x_wconf 76' lang='grc' dir='ltr'>ἀγνοοῦσιν</span> <span class='ocrx_word' id='word_1_601' title='bbox 1474 1975 1599 2012; x_wconf 87' lang='grc' dir='ltr'>ἐλπίδας,</span> <span class='ocrx_word' id='word_1_602' title='bbox 1624 1977 1660 2009; x_wconf 82' lang='grc' dir='ltr'>εἰς</span> <span class='ocrx_word' id='word_1_603' title='bbox 1682 1975 1709 2004; x_wconf 86' lang='grc' dir='ltr'>δὲ</span> <span class='ocrx_word' id='word_1_604' title='bbox 1732 1980 1822 2016; x_wconf 87' lang='grc' dir='ltr'>χεῖρας</span> 
     </span>
    </p>

    <p class='ocr_par' dir='ltr' id='par_1_25' title="bbox 103 2017 1826 2248">
     <span class='ocr_line' id='line_1_40' title="bbox 126 2017 1822 2062; baseline 0.002 -15"><span class='ocrx_word' id='word_1_605' title='bbox 126 2025 196 2047; x_wconf 66' lang='lat' dir='ltr'>&#39;rem</span> <span class='ocrx_word' id='word_1_606' title='bbox 207 2026 247 2047; x_wconf 80' lang='lat' dir='ltr'>So-</span> <span class='ocrx_word' id='word_1_607' title='bbox 256 2017 450 2046; x_wconf 83' lang='lat' dir='ltr'><strong>monimentum</strong></span> <span class='ocrx_word' id='word_1_608' title='bbox 459 2023 508 2046; x_wconf 88' lang='lat' dir='ltr'><strong>est.</strong></span> <span class='ocrx_word' id='word_1_609' title='bbox 521 2017 789 2057; x_wconf 79' lang='lat' dir='ltr'><strong>Stantmalogranata</strong></span> <span class='ocrx_word' id='word_1_610' title='bbox 803 2020 945 2060; x_wconf 81' lang='lat' dir='ltr'><strong>splendida</strong></span> <span class='ocrx_word' id='word_1_611' title='bbox 958 2021 998 2051; x_wconf 82' lang='lat' dir='ltr'>sa·</span> <span class='ocrx_word' id='word_1_612' title='bbox 1052 2023 1193 2061; x_wconf 81' lang='grc' dir='ltr'>ληφθεῖσαι</span> <span class='ocrx_word' id='word_1_613' title='bbox 1213 2021 1259 2051; x_wconf 72' lang='lat' dir='ltr'>ml</span> <span class='ocrx_word' id='word_1_614' title='bbox 1282 2021 1493 2058; x_wconf 86' lang='grc' dir='ltr'>διακλασθεῖσαι,</span> <span class='ocrx_word' id='word_1_615' title='bbox 1514 2021 1616 2062; x_wconf 77' lang='grc' dir='ltr'>καρπὸν</span> <span class='ocrx_word' id='word_1_616' title='bbox 1643 2021 1690 2061; x_wconf 80' lang='grc' dir='ltr'>μὲν</span> <span class='ocrx_word' id='word_1_617' title='bbox 1714 2021 1822 2057; x_wconf 81' lang='grc' dir='ltr'>οὐδένα,</span> 
     </span>
     <span class='ocr_line' id='line_1_41' title="bbox 103 2057 1825 2109; baseline 0.003 -16"><span class='ocrx_word' id='word_1_618' title='bbox 103 2057 234 2109; x_wconf 50' lang='grc' dir='ltr'>ᾖξ”ζιζῖἓὲἷ-</span> <span class='ocrx_word' id='word_1_619' title='bbox 256 2063 296 2092; x_wconf 89' lang='lat' dir='ltr'>cie</span> <span class='ocrx_word' id='word_1_620' title='bbox 307 2074 382 2103; x_wconf 85' lang='lat' dir='ltr'><strong>spem</strong></span> <span class='ocrx_word' id='word_1_621' title='bbox 395 2063 493 2092; x_wconf 88' lang='lat' dir='ltr'><strong>honam</strong></span> <span class='ocrx_word' id='word_1_622' title='bbox 505 2062 690 2102; x_wconf 83' lang='lat' dir='ltr'><strong>ignorantibus</strong></span> <span class='ocrx_word' id='word_1_623' title='bbox 707 2065 862 2104; x_wconf 79' lang='lat' dir='ltr'><strong>praebentia,</strong></span> <span class='ocrx_word' id='word_1_624' title='bbox 873 2066 998 2095; x_wconf 83' lang='lat' dir='ltr'><strong>manibus</strong></span> <span class='ocrx_word' id='word_1_625' title='bbox 1053 2067 1124 2097; x_wconf 82' lang='grc' dir='ltr'>κόνιν</span> <span class='ocrx_word' id='word_1_626' title='bbox 1139 2067 1167 2097; x_wconf 82' lang='grc' dir='ltr'>δὲ</span> <span class='ocrx_word' id='word_1_627' title='bbox 1180 2067 1225 2097; x_wconf 85' lang='grc' dir='ltr'>καὶ</span> <span class='ocrx_word' id='word_1_628' title='bbox 1239 2067 1336 2107; x_wconf 84' lang='grc' dir='ltr'>τέφραν</span> <span class='ocrx_word' id='word_1_629' title='bbox 1349 2067 1541 2097; x_wconf 80' lang='grc' dir='ltr'>ἐπιδείκνυνται</span> <span class='ocrx_word' id='word_1_630' title='bbox 1553 2067 1655 2104; x_wconf 83' lang='grc' dir='ltr'>πολλὴν</span> <span class='ocrx_word' id='word_1_631' title='bbox 1669 2068 1741 2098; x_wconf 84' lang='grc' dir='ltr'>ἔνδον</span> <span class='ocrx_word' id='word_1_632' title='bbox 1755 2069 1825 2098; x_wconf 84' lang='grc' dir='ltr'>ἀπο-</span> 
     </span>
     <span class='ocr_line' id='line_1_42' title="bbox 103 2110 1826 2153; baseline 0.002 -13"><span class='ocrx_word' id='word_1_633' title='bbox 103 2123 138 2140; x_wconf 68' lang='grc' dir='ltr'>οιο</span> <span class='ocrx_word' id='word_1_634' title='bbox 157 2126 230 2147; x_wconf 76' lang='lat' dir='ltr'>pem.</span> <span class='ocrx_word' id='word_1_635' title='bbox 255 2117 345 2140; x_wconf 82' lang='lat' dir='ltr'><strong>autem</strong></span> <span class='ocrx_word' id='word_1_636' title='bbox 355 2116 462 2150; x_wconf 82' lang='lat' dir='ltr'><strong>accepta</strong></span> <span class='ocrx_word' id='word_1_637' title='bbox 474 2116 500 2139; x_wconf 88' lang='lat' dir='ltr'><strong>et</strong></span> <span class='ocrx_word' id='word_1_638' title='bbox 511 2110 605 2146; x_wconf 81' lang='lat' dir='ltr'><strong>fracta,</strong></span> <span class='ocrx_word' id='word_1_639' title='bbox 619 2110 737 2140; x_wconf 77' lang='lat' dir='ltr'><strong>fructum</strong></span> <span class='ocrx_word' id='word_1_640' title='bbox 751 2111 863 2150; x_wconf 88' lang='lat' dir='ltr'><strong>quidem</strong></span> <span class='ocrx_word' id='word_1_641' title='bbox 876 2113 996 2149; x_wconf 88' lang='lat' dir='ltr'><strong>nullum,</strong></span> <span class='ocrx_word' id='word_1_642' title='bbox 1053 2113 1186 2152; x_wconf 83' lang='grc' dir='ltr'>κειμένην.</span> <span class='ocrx_word' id='word_1_643' title='bbox 1206 2113 1324 2150; x_wconf 82' lang='grc' dir='ltr'>Τοιαύτη</span> <span class='ocrx_word' id='word_1_644' title='bbox 1349 2114 1406 2143; x_wconf 83' lang='grc' dir='ltr'>ἐστὶ</span> <span class='ocrx_word' id='word_1_645' title='bbox 1427 2114 1472 2143; x_wconf 79' lang='grc' dir='ltr'>καὶ</span> <span class='ocrx_word' id='word_1_646' title='bbox 1493 2116 1510 2149; x_wconf 85' lang='grc' dir='ltr'>ἡ</span> <span class='ocrx_word' id='word_1_647' title='bbox 1532 2116 1582 2153; x_wconf 78' lang='grc' dir='ltr'>γῆ,</span> <span class='ocrx_word' id='word_1_648' title='bbox 1607 2117 1720 2144; x_wconf 79' lang='grc' dir='ltr'>τοιοῦτοι</span> <span class='ocrx_word' id='word_1_649' title='bbox 1741 2114 1787 2144; x_wconf 82' lang='grc' dir='ltr'>καὶ</span> <span class='ocrx_word' id='word_1_650' title='bbox 1800 2115 1826 2144; x_wconf 81' lang='grc' dir='ltr'>οἱ</span> 
     </span>
     <span class='ocr_line' id='line_1_43' title="bbox 104 2154 1825 2200; baseline 0.002 -14"><span class='ocrx_word' id='word_1_651' title='bbox 104 2154 173 2171; x_wconf 58' lang='lat'>*⁰¹³²*</span> <span class='ocrx_word' id='word_1_652' title='bbox 255 2155 303 2186; x_wconf 89' lang='lat' dir='ltr'><strong>sed</strong></span> <span class='ocrx_word' id='word_1_653' title='bbox 321 2155 461 2196; x_wconf 83' lang='lat' dir='ltr'><strong>pulverem</strong></span> <span class='ocrx_word' id='word_1_654' title='bbox 474 2155 645 2194; x_wconf 83' lang='lat' dir='ltr'><strong>cineremque</strong></span> <span class='ocrx_word' id='word_1_655' title='bbox 659 2155 776 2186; x_wconf 88' lang='lat' dir='ltr'><strong>multum</strong></span> <span class='ocrx_word' id='word_1_656' title='bbox 790 2158 862 2188; x_wconf 89' lang='lat' dir='ltr'><strong>intus</strong></span> <span class='ocrx_word' id='word_1_657' title='bbox 879 2158 998 2199; x_wconf 89' lang='lat' dir='ltr'><strong>positum</strong></span> <span class='ocrx_word' id='word_1_658' title='bbox 1016 2170 1035 2193; x_wconf 74' lang='lat' dir='ltr'><strong>c</strong></span> <span class='ocrx_word' id='word_1_659' title='bbox 1053 2159 1130 2195; x_wconf 85' lang='grc' dir='ltr'>λίθοι,</span> <span class='ocrx_word' id='word_1_660' title='bbox 1144 2162 1260 2192; x_wconf 82' lang='grc' dir='ltr'>τοιοῦτος</span> <span class='ocrx_word' id='word_1_661' title='bbox 1273 2159 1344 2188; x_wconf 82' lang='grc' dir='ltr'>καὶὸ</span> <span class='ocrx_word' id='word_1_662' title='bbox 1358 2159 1411 2199; x_wconf 81' lang='grc' dir='ltr'>ἀὴρ</span> <span class='ocrx_word' id='word_1_663' title='bbox 1424 2159 1510 2193; x_wconf 83' lang='grc' dir='ltr'>αὐτός.</span> <span class='ocrx_word' id='word_1_664' title='bbox 1520 2160 1615 2190; x_wconf 79' lang='grc' dir='ltr'>Πάντα</span> <span class='ocrx_word' id='word_1_665' title='bbox 1628 2160 1825 2200; x_wconf 81' lang='grc' dir='ltr'>ἐμπέπρησται,</span> 
     </span>
     <span class='ocr_line' id='line_1_44' title="bbox 255 2202 1826 2248; baseline 0.003 -16"><span class='ocrx_word' id='word_1_666' title='bbox 255 2203 394 2233; x_wconf 85' lang='lat' dir='ltr'><strong>exhibent.</strong></span> <span class='ocrx_word' id='word_1_667' title='bbox 409 2202 486 2232; x_wconf 86' lang='lat' dir='ltr'><strong>Talis</strong></span> <span class='ocrx_word' id='word_1_668' title='bbox 505 2209 545 2232; x_wconf 92' lang='lat' dir='ltr'><strong>est</strong></span> <span class='ocrx_word' id='word_1_669' title='bbox 557 2209 637 2240; x_wconf 81' lang='lat' dir='ltr'><strong>terra,</strong></span> <span class='ocrx_word' id='word_1_670' title='bbox 652 2203 719 2232; x_wconf 78' lang='lat' dir='ltr'><strong>tales</strong></span> <span class='ocrx_word' id='word_1_671' title='bbox 733 2204 849 2244; x_wconf 80' lang='lat' dir='ltr'><strong>lapides,</strong></span> <span class='ocrx_word' id='word_1_672' title='bbox 863 2205 924 2234; x_wconf 82' lang='lat' dir='ltr'><strong>talis</strong></span> <span class='ocrx_word' id='word_1_673' title='bbox 941 2206 999 2246; x_wconf 83' lang='lat' dir='ltr'><strong>ipse</strong></span> <span class='ocrx_word' id='word_1_674' title='bbox 1053 2206 1141 2236; x_wconf 84' lang='grc' dir='ltr'>πάντα</span> <span class='ocrx_word' id='word_1_675' title='bbox 1153 2205 1331 2246; x_wconf 80' lang='grc' dir='ltr'>τετέφρωται,</span> <span class='ocrx_word' id='word_1_676' title='bbox 1344 2208 1392 2242; x_wconf 81' lang='grc' dir='ltr'>τῆς</span> <span class='ocrx_word' id='word_1_677' title='bbox 1405 2206 1590 2247; x_wconf 76' lang='grc' dir='ltr'>προλαὸούσης</span> <span class='ocrx_word' id='word_1_678' title='bbox 1602 2208 1683 2248; x_wconf 76' lang='grc' dir='ltr'>ὀργῆς</span> <span class='ocrx_word' id='word_1_679' title='bbox 1701 2207 1826 2246; x_wconf 69' lang='grc' dir='ltr'>ὑπομνή-</span> 
     </span>
    </p>

    <p class='ocr_par' dir='ltr' id='par_1_26' title="bbox 254 2248 1826 2339">
     <span class='ocr_line' id='line_1_45' title="bbox 254 2248 1823 2294; baseline 0.002 -16"><span class='ocrx_word' id='word_1_680' title='bbox 254 2260 310 2278; x_wconf 84' lang='lat' dir='ltr'><strong>aer.</strong></span> <span class='ocrx_word' id='word_1_681' title='bbox 319 2248 419 2279; x_wconf 76' lang='lat' dir='ltr'><strong>Omnia</strong></span> <span class='ocrx_word' id='word_1_682' title='bbox 428 2249 532 2278; x_wconf 82' lang='lat' dir='ltr'><strong>insensa</strong></span> <span class='ocrx_word' id='word_1_683' title='bbox 542 2255 615 2286; x_wconf 87' lang='lat' dir='ltr'><strong>sunt,</strong></span> <span class='ocrx_word' id='word_1_684' title='bbox 625 2249 748 2278; x_wconf 83' lang='lat' dir='ltr'><strong>omniain</strong></span> <span class='ocrx_word' id='word_1_685' title='bbox 756 2250 872 2280; x_wconf 81' lang='lat' dir='ltr'><strong>cinerem</strong></span> <span class='ocrx_word' id='word_1_686' title='bbox 880 2251 998 2287; x_wconf 76' lang='lat' dir='ltr'><strong>redacta,</strong></span> <span class='ocrx_word' id='word_1_687' title='bbox 1056 2264 1128 2292; x_wconf 85' lang='grc' dir='ltr'>ματα</span> <span class='ocrx_word' id='word_1_688' title='bbox 1140 2252 1217 2288; x_wconf 83' lang='grc' dir='ltr'>ὄντα,</span> <span class='ocrx_word' id='word_1_689' title='bbox 1234 2255 1282 2288; x_wconf 78' lang='grc' dir='ltr'>τῆς</span> <span class='ocrx_word' id='word_1_690' title='bbox 1302 2251 1449 2291; x_wconf 79' lang='grc' dir='ltr'>μελλούσης</span> <span class='ocrx_word' id='word_1_691' title='bbox 1464 2253 1597 2287; x_wconf 85' lang='grc' dir='ltr'>κολάσεως</span> <span class='ocrx_word' id='word_1_692' title='bbox 1616 2253 1823 2294; x_wconf 78' lang='grc' dir='ltr'>προμηνύματα.</span> 
     </span>
     <span class='ocr_line' id='line_1_46' title="bbox 254 2293 1826 2339; baseline 0.003 -15"><span class='ocrx_word' id='word_1_693' title='bbox 254 2301 433 2334; x_wconf 67' lang='lat' dir='ltr'><strong>praeterquam</strong></span> <span class='ocrx_word' id='word_1_694' title='bbox 445 2294 491 2323; x_wconf 83' lang='lat' dir='ltr'>irae</span> <span class='ocrx_word' id='word_1_695' title='bbox 505 2293 678 2331; x_wconf 81' lang='lat' dir='ltr'><strong>monimenta,</strong></span> <span class='ocrx_word' id='word_1_696' title='bbox 686 2295 772 2324; x_wconf 83' lang='lat' dir='ltr'><strong>futuri</strong></span> <span class='ocrx_word' id='word_1_697' title='bbox 782 2296 911 2336; x_wconf 85' lang='lat' dir='ltr'><strong>supplicii</strong></span> <span class='ocrx_word' id='word_1_698' title='bbox 926 2297 998 2326; x_wconf 89' lang='lat' dir='ltr'><strong>indi-</strong></span> <span class='ocrx_word' id='word_1_699' title='bbox 1055 2300 1102 2336; x_wconf 81' lang='grc' dir='ltr'>Μὴ</span> <span class='ocrx_word' id='word_1_700' title='bbox 1114 2299 1160 2328; x_wconf 78' lang='grc' dir='ltr'>καὶ</span> <span class='ocrx_word' id='word_1_701' title='bbox 1174 2301 1260 2328; x_wconf 83' lang='grc' dir='ltr'>ταῦτα</span> <span class='ocrx_word' id='word_1_702' title='bbox 1270 2299 1376 2328; x_wconf 82' lang='grc' dir='ltr'>ἀπειλαὶ</span> <span class='ocrx_word' id='word_1_703' title='bbox 1388 2299 1528 2339; x_wconf 85' lang='grc' dir='ltr'>ῥημάτων;</span> <span class='ocrx_word' id='word_1_704' title='bbox 1541 2300 1578 2339; x_wconf 81' lang='grc' dir='ltr'>μὴ</span> <span class='ocrx_word' id='word_1_705' title='bbox 1590 2300 1636 2330; x_wconf 82' lang='grc' dir='ltr'>καὶ</span> <span class='ocrx_word' id='word_1_706' title='bbox 1648 2302 1732 2329; x_wconf 81' lang='grc' dir='ltr'>ταῦτα</span> <span class='ocrx_word' id='word_1_707' title='bbox 1746 2299 1826 2339; x_wconf 82' lang='grc' dir='ltr'>ψόφοι</span> 
     </span>
    </p>

    <p class='ocr_par' dir='ltr' id='par_1_27' title="bbox 256 2340 1826 2385">
     <span class='ocr_line' id='line_1_47' title="bbox 256 2340 1826 2385; baseline 0.003 -16"><span class='ocrx_word' id='word_1_708' title='bbox 256 2341 306 2370; x_wconf 81' lang='lat' dir='ltr'><strong>cia.</strong></span> <span class='ocrx_word' id='word_1_709' title='bbox 320 2341 394 2370; x_wconf 87' lang='lat' dir='ltr'><strong>Num</strong></span> <span class='ocrx_word' id='word_1_710' title='bbox 405 2347 432 2370; x_wconf 87' lang='lat' dir='ltr'><strong>et</strong></span> <span class='ocrx_word' id='word_1_711' title='bbox 447 2340 505 2369; x_wconf 77' lang='lat' dir='ltr'>haee</span> <span class='ocrx_word' id='word_1_712' title='bbox 517 2346 581 2369; x_wconf 88' lang='lat' dir='ltr'><strong>sunt</strong></span> <span class='ocrx_word' id='word_1_713' title='bbox 600 2340 747 2370; x_wconf 76' lang='lat' dir='ltr'><strong>verborum</strong></span> <span class='ocrx_word' id='word_1_714' title='bbox 759 2342 998 2372; x_wconf 80' lang='lat' dir='ltr'><strong>comminationes?</strong></span> <span class='ocrx_word' id='word_1_715' title='bbox 1054 2345 1195 2385; x_wconf 80' lang='grc' dir='ltr'>ῥημάτων;</span> <span class='ocrx_word' id='word_1_716' title='bbox 1214 2344 1250 2374; x_wconf 81' lang='grc' dir='ltr'>Εἴ</span> <span class='ocrx_word' id='word_1_717' title='bbox 1262 2357 1302 2378; x_wconf 85' lang='grc' dir='ltr'>τις</span> <span class='ocrx_word' id='word_1_718' title='bbox 1315 2346 1422 2374; x_wconf 89' lang='grc' dir='ltr'>ἀπιστεῖ</span> <span class='ocrx_word' id='word_1_719' title='bbox 1434 2347 1467 2385; x_wconf 83' lang='grc' dir='ltr'>τῇ</span> <span class='ocrx_word' id='word_1_720' title='bbox 1479 2344 1580 2385; x_wconf 82' lang='grc' dir='ltr'>γεέννῃ,</span> <span class='ocrx_word' id='word_1_721' title='bbox 1593 2344 1627 2375; x_wconf 81' lang='grc' dir='ltr'>τὰ</span> <span class='ocrx_word' id='word_1_722' title='bbox 1637 2344 1744 2383; x_wconf 82' lang='grc' dir='ltr'>Σόδομα</span> <span class='ocrx_word' id='word_1_723' title='bbox 1752 2345 1826 2383; x_wconf 80' lang='grc' dir='ltr'>λογι-</span> 
     </span>
    </p>

    <p class='ocr_par' dir='ltr' id='par_1_28' title="bbox 255 2386 1825 2431">
     <span class='ocr_line' id='line_1_48' title="bbox 255 2386 1825 2431; baseline 0.003 -15"><span class='ocrx_word' id='word_1_724' title='bbox 255 2397 322 2416; x_wconf 91' lang='lat' dir='ltr'>num</span> <span class='ocrx_word' id='word_1_725' title='bbox 344 2393 370 2416; x_wconf 89' lang='lat' dir='ltr'><strong>et</strong></span> <span class='ocrx_word' id='word_1_726' title='bbox 392 2386 450 2416; x_wconf 74' lang='lat' dir='ltr'>haec</span> <span class='ocrx_word' id='word_1_727' title='bbox 469 2395 626 2415; x_wconf 78' lang='lat' dir='ltr'><strong>sermonum</strong></span> <span class='ocrx_word' id='word_1_728' title='bbox 644 2386 794 2426; x_wconf 81' lang='lat' dir='ltr'><strong>strepitus?</strong></span> <span class='ocrx_word' id='word_1_729' title='bbox 813 2387 843 2418; x_wconf 91' lang='lat' dir='ltr'>Si</span> <span class='ocrx_word' id='word_1_730' title='bbox 863 2388 924 2427; x_wconf 90' lang='lat' dir='ltr'><strong>quis</strong></span> <span class='ocrx_word' id='word_1_731' title='bbox 944 2399 998 2418; x_wconf 88' lang='lat' dir='ltr'>non</span> <span class='ocrx_word' id='word_1_732' title='bbox 1054 2391 1147 2428; x_wconf 81' lang='grc' dir='ltr'>ζέσθω,</span> <span class='ocrx_word' id='word_1_733' title='bbox 1159 2390 1194 2420; x_wconf 79' lang='grc' dir='ltr'>τὰ</span> <span class='ocrx_word' id='word_1_734' title='bbox 1207 2390 1332 2431; x_wconf 84' lang='grc' dir='ltr'>Γόμοῤῥα</span> <span class='ocrx_word' id='word_1_735' title='bbox 1345 2391 1482 2428; x_wconf 79' lang='grc' dir='ltr'>ἐννοείτω,</span> <span class='ocrx_word' id='word_1_736' title='bbox 1497 2391 1546 2428; x_wconf 82' lang='grc' dir='ltr'>τὴν</span> <span class='ocrx_word' id='word_1_737' title='bbox 1563 2390 1692 2431; x_wconf 84' lang='grc' dir='ltr'>τιμωρίαν</span> <span class='ocrx_word' id='word_1_738' title='bbox 1706 2390 1754 2427; x_wconf 81' lang='grc' dir='ltr'>τὴν</span> <span class='ocrx_word' id='word_1_739' title='bbox 1774 2390 1825 2426; x_wconf 86' lang='grc' dir='ltr'>ἤδη</span> 
     </span>
    </p>

    <p class='ocr_par' dir='ltr' id='par_1_29' title="bbox 255 2431 1825 2477">
     <span class='ocr_line' id='line_1_49' title="bbox 255 2431 1825 2477; baseline 0.002 -15"><span class='ocrx_word' id='word_1_740' title='bbox 255 2432 341 2462; x_wconf 81' lang='lat' dir='ltr'><strong>credit</strong></span> <span class='ocrx_word' id='word_1_741' title='bbox 367 2432 504 2472; x_wconf 68' lang='lat' dir='ltr'><strong>gehennae,</strong></span> <span class='ocrx_word' id='word_1_742' title='bbox 525 2431 670 2462; x_wconf 69' lang='lat' dir='ltr'><strong>Sodomam</strong></span> <span class='ocrx_word' id='word_1_743' title='bbox 694 2433 802 2473; x_wconf 83' lang='lat' dir='ltr'><strong>cogitet,</strong></span> <span class='ocrx_word' id='word_1_744' title='bbox 818 2434 999 2464; x_wconf 83' lang='lat' dir='ltr'><strong>Gomorrham</strong></span> <span class='ocrx_word' id='word_1_745' title='bbox 1054 2436 1232 2476; x_wconf 80' lang='grc' dir='ltr'>γεγενημένην</span> <span class='ocrx_word' id='word_1_746' title='bbox 1247 2437 1292 2466; x_wconf 78' lang='grc' dir='ltr'>καὶ</span> <span class='ocrx_word' id='word_1_747' title='bbox 1315 2436 1395 2477; x_wconf 82' lang='grc' dir='ltr'>μέχρι</span> <span class='ocrx_word' id='word_1_748' title='bbox 1416 2439 1461 2466; x_wconf 78' lang='grc' dir='ltr'>νῦν</span> <span class='ocrx_word' id='word_1_749' title='bbox 1483 2437 1620 2476; x_wconf 90' lang='grc' dir='ltr'>μένουσαν.</span> <span class='ocrx_word' id='word_1_750' title='bbox 1633 2436 1723 2476; x_wconf 84' lang='grc' dir='ltr'>Ὅπερ</span> <span class='ocrx_word' id='word_1_751' title='bbox 1742 2436 1788 2466; x_wconf 80' lang='grc' dir='ltr'>καὶ</span> <span class='ocrx_word' id='word_1_752' title='bbox 1807 2439 1825 2472; x_wconf 93' lang='grc' dir='ltr'>ἡ</span> 
     </span>
    </p>

    <p class='ocr_par' dir='ltr' id='par_1_30' title="bbox 256 2479 1825 2523">
     <span class='ocr_line' id='line_1_50' title="bbox 256 2479 1825 2523; baseline 0.001 -13"><span class='ocrx_word' id='word_1_753' title='bbox 256 2491 346 2510; x_wconf 87' lang='lat' dir='ltr'><strong>secum</strong></span> <span class='ocrx_word' id='word_1_754' title='bbox 359 2486 473 2520; x_wconf 78' lang='lat' dir='ltr'><strong>reputet,</strong></span> <span class='ocrx_word' id='word_1_755' title='bbox 488 2479 654 2520; x_wconf 84' lang='lat' dir='ltr'><strong>supplicium</strong></span> <span class='ocrx_word' id='word_1_756' title='bbox 672 2480 799 2511; x_wconf 82' lang='lat' dir='ltr'><strong>videlicet</strong></span> <span class='ocrx_word' id='word_1_757' title='bbox 808 2483 865 2522; x_wconf 85' lang='lat' dir='ltr'>jam</span> <span class='ocrx_word' id='word_1_758' title='bbox 879 2489 998 2513; x_wconf 86' lang='lat' dir='ltr'><strong>sumtum</strong></span> <span class='ocrx_word' id='word_1_759' title='bbox 1055 2483 1112 2512; x_wconf 84' lang='grc' dir='ltr'>θεία</span> <span class='ocrx_word' id='word_1_760' title='bbox 1126 2481 1219 2522; x_wconf 81' lang='grc' dir='ltr'>Γραφὴ</span> <span class='ocrx_word' id='word_1_761' title='bbox 1234 2483 1394 2522; x_wconf 84' lang='grc' dir='ltr'>οιηγουμένη</span> <span class='ocrx_word' id='word_1_762' title='bbox 1408 2483 1470 2523; x_wconf 81' lang='grc' dir='ltr'>περὶ</span> <span class='ocrx_word' id='word_1_763' title='bbox 1483 2485 1530 2519; x_wconf 79' lang='grc' dir='ltr'>τῆς</span> <span class='ocrx_word' id='word_1_764' title='bbox 1541 2483 1632 2523; x_wconf 81' lang='grc' dir='ltr'>σοφίας</span> <span class='ocrx_word' id='word_1_765' title='bbox 1643 2483 1735 2523; x_wconf 79' lang='grc' dir='ltr'>φησίν·</span> <span class='ocrx_word' id='word_1_766' title='bbox 1752 2482 1825 2519; x_wconf 71' lang='grc' dir='ltr'>Αὕτη</span> 
     </span>
    </p>
   </div>
   <div class='ocr_carea' id='block_1_3' title="bbox 292 2582 699 2618">
    <p class='ocr_par' dir='ltr' id='par_1_31' title="bbox 292 2582 699 2618">
     <span class='ocr_line' id='line_1_51' title="bbox 292 2582 699 2618; baseline 0.005 -10"><span class='ocrx_word' id='word_1_767' title='bbox 292 2590 302 2602; x_wconf 80' lang='lat'><strong>¹</strong></span> <span class='ocrx_word' id='word_1_768' title='bbox 319 2582 391 2608; x_wconf 32' lang='lat' dir='ltr'><strong>Colbr</strong></span> <span class='ocrx_word' id='word_1_769' title='bbox 405 2589 449 2610; x_wconf 79' lang='grc' dir='ltr'>τῶν</span> <span class='ocrx_word' id='word_1_770' title='bbox 459 2586 528 2614; x_wconf 76' lang='grc' dir='ltr'>ξύλων</span> <span class='ocrx_word' id='word_1_771' title='bbox 539 2586 699 2618; x_wconf 69' lang='grc' dir='ltr'>ὺφαινομὲνων.</span> 
     </span>
    </p>
   </div>
  </div>
 </body>
</html>
