1890 2826
527 184 571 207 DE
597 183 704 207 MUNDI
731 180 931 204 GREATlONE
959 178 1086 202 ORATIO
1114 179 1136 201 1.

50 248 140 282 “onon
164 251 211 289 μὲν
233 249 284 289 γὰρ
310 246 467 287 δημιουργία
476 268 484 282 ,
509 245 583 279 ἔταξε
609 246 725 279 Μωῦσῆς
735 265 744 279 ,
767 242 797 271 τὸ
811 265 819 278 ,

51 296 208 332 Ἐποίησεν·
235 294 300 324 ὅπου
318 293 347 323 δὲ
365 291 536 332 δημιουργὸς,
559 290 633 324 ἔταξε
653 289 700 325 τὸ,
714 284 784 324 ³112,
807 289 821 316 ὁ

51 339 246 382 εὖαγγελιστής.
260 339 334 369 Πολὺ
349 338 376 367 δὲ
389 337 420 367 τὸ
434 337 514 376 μέσον
527 339 590 372 τοῦ,
609 334 754 371 Ἐποίησε,
777 332 823 363 καὶ

51 391 112 422 τοῦ,
124 382 193 416 ΙὲἨν·
207 386 237 415 τὸ
249 385 296 425 μὲν
309 384 361 425 γὰρ
372 384 488 424 ἐγένετο,
499 382 536 422 μὴ
550 382 579 412 ὂν
588 405 596 419 ,
609 384 623 411 ὁ
637 381 665 411 δὲ
676 377 708 417 ἦν
723 380 764 409 ἀεὶ
777 379 823 409 ὤν.

51 433 99 463 Ἐν
118 434 189 472 ἀρχῇ
214 431 336 467 ἐποίησε,
355 430 415 467 καὶ,
437 429 486 458 Ἐν
499 430 569 469 ἀρχῇ
591 423 634 464 ἦν.
652 428 722 457 Θεοῦ
741 425 772 455 τὸ
790 419 826 454 εἷ-

52 491 108 516 ναι,
121 477 274 517 κτισμάτων
296 476 324 506 δὲ
335 476 366 506 τὸ
378 475 511 515 γίνεσθαι,
525 474 616 514 ὥσπερ
630 473 675 503 καὶ
691 475 706 502 ὁ
719 474 825 511 εὐαγγε-

52 525 144 560 λιστὴς
155 523 264 564 μερίζει.
275 522 344 563 Περὶ
358 522 406 562 μὲν
416 521 468 561 γὰρ
478 523 524 549 τοῦ
540 521 666 559 Σωτῆρος
676 518 757 558 λέγει·
778 516 826 547 Ἐν

53 573 123 611 ἀρχῇ
142 567 175 607 ἦν
188 573 202 600 ὁ
215 569 314 609 Λόγος,
340 568 386 598 καὶ
403 570 417 597 ὁ
436 567 520 606 Λόγος
538 562 569 602 ῆν
592 566 658 605 πρὸς
677 565 722 594 τὸν
736 563 804 594 Θεὸν
817 585 826 599 ,

54 618 99 647 καὶ
112 617 180 650 Θεὸς
197 612 230 652 ῆν
249 618 264 645 ὃ
281 614 374 654 Λόγος.
400 609 486 646 Οὗτος
507 608 539 648 ῆν
554 613 581 641 ἐν
595 612 675 651 ἀρχῇ.
694 610 741 640 Ἐν
755 609 827 648 αὐτῷ

55 663 109 699 ζωὴ
121 659 153 699 ῆν
163 684 172 698 ,
183 663 229 692 καὶ
243 664 260 697 ἡ
272 661 326 698 ζωὴ
340 656 372 696 ἦν
384 659 415 689 τὸ
429 660 483 699 φῶς
495 660 548 687 τῶν
562 656 718 696 ἀνθρώπων.
732 654 828 689 ”Ἑξά-

55 721 96 742 >uc
107 709 179 748 λέγει
193 708 238 744 τὸ,
258 702 329 743 ἢἮν,
342 706 386 735 ἵνα
400 703 550 745 ἕρμηνεύσῃ
559 703 596 732 τὸ
608 703 646 732 ὄν.
659 702 727 741 Περὶ
741 700 768 730 δὲ
781 703 827 730 τοῦ

56 755 157 785 οἰκέτου
165 777 173 791 ,
187 754 230 784 ὅτε
242 752 351 793 ἐκήρυξε
361 752 406 781 τὸν
419 751 501 786 ὄντα,
515 749 560 779 καὶ
569 745 649 785 ἦλθεν
660 749 697 782 εἷς
710 747 755 777 τὸν
769 748 829 776 δοῦ-

56 802 102 831 λον
115 801 159 830 τὸν
172 799 310 836 Ἰωάννην,
320 797 406 837 λέγει·
419 795 542 835 Ἐγένετο
551 794 695 834 ἄνθρωπος.
707 793 775 826 Θεὸς
785 788 829 828 ἧν,

58 848 193 887 ἄνθρονπος
207 845 236 875 δὲ
249 844 363 885 ἐγένετο.
393 844 427 872 Εἰ
447 842 476 872 δὲ
491 841 536 871 καὶ
552 841 613 880 περὶ
637 843 683 869 τοῦ
706 840 831 879 Σωτῆρος

57 894 177 932 vennam
189 891 274 930 λέγειν
284 912 293 926 ,
316 889 356 919 ὅτι
370 888 416 918 καὶ
429 890 443 917 ὁ
457 886 554 927 Σωτὴρ
564 885 703 926 γενόμενος
713 881 762 922 ἦν,
782 886 831 914 οὐ·

59 939 102 969 δὲν
115 937 233 978 διαφέρει
246 938 294 972 -ι-ῆς
304 937 364 975 γῆς.
377 933 516 974 Πρόσεχε,
533 933 694 972 παρακαλῶ·
713 931 758 961 ἐὰν
770 930 832 969 εἴπῃ

59 986 74 1013 ὃ
86 982 229 1022 αῖρετυιὸς,
248 980 289 1010 ὅτι
300 978 415 1020 Χριστὸς
425 978 563 1018 γενόμενος
575 973 608 1012 ἦν
616 998 624 1013 ,
638 976 700 1016 πρὶν
712 974 834 1015 γενέσθαι

59 1029 107 1058 οὐκ
120 1024 169 1065 ἧν,
183 1027 210 1056 τί
219 1026 300 1057 πλέον
314 1026 369 1066 ἔχει
383 1026 431 1060 τῆς
447 1026 510 1063 γῆς;
524 1022 578 1053 Καὶ
589 1022 641 1062 γὰρ
651 1022 713 1062 περὶ
724 1024 772 1058 τῆς
785 1023 834 1060 γῆς

57 1070 115 1104 εἶπε
129 1075 260 1108 Μωῦσῆς·
277 1072 313 1101 ‘fl
330 1071 358 1101 δὲ
372 1073 407 1110 γῆ
420 1066 465 1106 ῆν.
482 1070 516 1099 Εἰ
529 1064 574 1098 οῦν
589 1068 632 1105 τὸ,
647 1069 693 1097 Ἐν
706 1069 776 1107 ἀρχῇ
789 1063 833 1104 ἦν,

58 1122 95 1153 εἰς
114 1119 219 1154 ποίησιν
239 1116 421 1156 λαμὸἄνουσι,
446 1114 492 1144 καὶ
502 1116 531 1143 οὖ
546 1113 615 1143 κατὰ
624 1113 674 1149 τὴν
683 1113 766 1142 ἀΐδιον
782 1112 834 1152 φύ-

60 1178 101 1196 σιν
109 1188 117 1202 ,
129 1166 202 1195 οὐδὲν
213 1164 294 1194 πλέον
307 1163 365 1203 ἔχει
376 1164 424 1198 τῆς
434 1163 493 1201 γῆς.
512 1160 568 1190 Καὶ
578 1161 593 1189 ὁ
604 1159 672 1193 Θεὸς
686 1159 771 1199 Λόγος
783 1155 816 1195 ἦν
824 1180 833 1196 ,

60 1211 106 1241 καὶ
119 1213 136 1247 ἡ
147 1212 182 1249 γῆ
194 1205 227 1246 ἦν
237 1222 243 1228 ·
258 1210 316 1239 ἀλλ’
331 1212 342 1224 ‘²
352 1209 407 1237 ἐκεῖ
424 1207 471 1246 μὲν
486 1208 513 1236 ἐν
528 1207 598 1246 ἀρχῇ
612 1201 656 1242 ἦν,
669 1205 706 1244 μὴ
724 1204 835 1252 γενόμε-

61 1268 119 1293 νος,
147 1256 189 1285 ἀεὶ
214 1255 265 1285 ὤν·
286 1257 304 1290 ἡ
323 1254 351 1284 δὲ
370 1256 405 1293 γῆ
427 1253 555 1293 γενομένη
582 1247 624 1287 ἦν.
641 1252 682 1281 Οὔ
706 1250 757 1290 γὰρ
778 1253 835 1279 εἰπε

61 1305 165 1343 πρῶτον
184 1303 199 1331 ὁ
217 1300 373 1340 νομοθέτης,
389 1299 425 1328 ‘H
443 1299 472 1328 δὲ
485 1300 520 1338 γῆ
542 1293 592 1334 ῆν,
615 1297 664 1330 ἕως
682 1296 725 1326 ὅτε
746 1291 835 1325 εἶπεν·

60 1350 111 1378 Ἔν
137 1349 208 1387 ἀρχῇ
233 1345 355 1381 ἐποίησεν
381 1346 396 1374 ὁ
417 1343 486 1378 Θεὸς
511 1343 554 1373 τὸν
582 1342 691 1383 οὐρανὸν
716 1341 762 1371 καὶ
786 1341 836 1377 τὴν

61 1396 120 1434 γῆν·
141 1394 246 1433 πρῶτον
258 1391 302 1428 τὸ,
332 1390 473 1427 Ἐποίησε,
499 1389 545 1419 καὶ
567 1389 627 1418 τότε
638 1389 686 1424 τὸ,
705 1383 770 1418 *Hm
784 1387 838 1418 Οἴ-

63 1441 145 1479 δαμεν
159 1435 219 1476 οὖν,
242 1437 367 1478 ἀδελφοὶ,
382 1437 422 1466 ὅτι
441 1436 475 1465 τὰ
493 1434 579 1465 λεπτὰ
590 1438 674 1464 ταῦτα
696 1433 838 1473 ζητήματα

64 1487 178 1525 δυσχερῆ
199 1483 319 1524 φαίνεται
331 1487 389 1516 ταῖς
408 1483 460 1511 τῶν
485 1482 591 1511 πολλῶν
610 1479 743 1513 διανοίαις,
759 1478 839 1509 Ἀλλὰ

65 1533 104 1561 δεῖ
117 1533 144 1560 ἐν
158 1530 246 1570 ἡμέρᾳ
259 1529 381 1566 νηστείας
393 1527 536 1568 νηφούσαις
559 1527 659 1566 μᾶλλον
672 1530 729 1559 ταῖς
742 1528 840 1566 ψυχαῖς

65 1576 127 1615 περὶ
139 1578 192 1605 τῶν
208 1574 356 1615 βαθυτέρων
365 1573 504 1613 νοημάτων
516 1572 693 1612 διαλέγεσθαι.
707 1573 756 1602 Ἐν
768 1573 838 1612 ἀρχῇ

66 1615 113 1656 ῆν,
134 1618 180 1648 καὶ
193 1620 239 1648 Ἐν
261 1620 332 1658 ἀρχῇ
352 1617 475 1655 ἐποίησε·
496 1616 539 1646 διὰ
562 1619 639 1645 τοῦτο
651 1616 682 1645 τὸ
702 1615 840 1656 προοίμιον

66 1669 77 1681 ²
86 1665 141 1695 ἴσον
155 1659 228 1694 εἶπον
237 1686 245 1700 ,
267 1665 315 1694 Ἐν
338 1664 409 1703 ἀρχῇ
421 1685 430 1700 ,
456 1662 501 1691 καὶ
518 1662 565 1692 Ἐν
580 1663 668 1702 ἀρχῇ,
690 1661 734 1691 ἵνα
748 1662 839 1701 δειχθῇ

69 1711 118 1750 μία
131 1710 190 1750 ῥίζα
209 1712 257 1745 τῆς
273 1708 409 1744 εὗσεὸίας,
430 1710 448 1743 ἡ
473 1709 593 1737 κάκεῖνον
617 1706 782 1736 παιδεύσασα
796 1706 840 1735 τὸν

69 1756 226 1795 νομοθέτην,
238 1755 283 1785 καὶ
296 1758 386 1784 τοῦτον
401 1753 539 1795 φωτίσασα
548 1754 591 1783 τὸν
607 1752 736 1792 θεολόγον.
751 1752 842 1782 Ἀδελ-

69 1802 116 1843 <pal
129 1802 180 1842 γὰρ
194 1802 222 1830 αἱ
245 1801 290 1830 δύο
304 1802 452 1836 Διαθῆκαι,
473 1799 500 1834 ἐξ
514 1799 569 1832 ἑνὸς
593 1798 698 1839 Πατρὸς
712 1800 841 1828 τεθεῖσαι·

70 1849 113 1878 διὰ
126 1851 203 1878 τοῦτο
220 1847 264 1876 καὶ
277 1846 423 1886 συμφώνως
436 1845 479 1875 τὸν
498 1845 574 1884 λόγον
586 1844 760 1885 προφέρουσι·
775 1855 842 1884 σχε-

70 1895 114 1924 δὸν
125 1893 176 1934 γὰρ
187 1895 204 1929 ἡ
219 1892 286 1928 αὐτὴ
302 1891 378 1922 εἰκὼν
392 1891 438 1921 καὶ
452 1890 575 1930 ὁμοιότης
589 1890 713 1930 ὑπάρχει.
728 1889 783 1919 Καὶ
793 1889 843 1919 ὦσε

70 1952 121 1980 περ
132 1941 158 1969 ἐν
176 1939 300 1979 ἀδελφαῖς
314 1937 341 1972 ἐξ
355 1937 410 1971 ἑνὸς
421 1936 519 1977 πατρὸς
532 1935 746 1976 γεγεννημέναις,
758 1935 843 1975 πρόσ-

74 1998 131 2016 εστι
149 1988 196 2021 τῆς
213 1984 366 2024 ὁμοιότητος
386 1982 420 2012 τὰ
437 1982 584 2021 {Suana-ra·
602 1981 684 2015 οὕτως
701 1981 792 2018 ἐπειδὴ
815 1982 843 2010 αἱ

75 2032 121 2062 δύο
134 2034 265 2067 Διαθῆκαι
289 2029 316 2064 ἕξ
339 2029 394 2063 ἑνὸς
413 2029 518 2069 Πατρὸς
536 2027 724 2067 ἐγεννήθησαν,
742 2026 843 2063 πολλὴν

76 2079 166 2118 ἔχουσι
178 2077 226 2114 τὴν
239 2076 387 2117 ἐμφέρειαν.
402 2075 506 2114 Ἀμέλει
516 2075 560 2104 καὶ
574 2075 602 2103 ἐν
613 2076 646 2114 τῇ
659 2075 761 2114 παλαιᾷ
774 2075 843 2103 Δια-

77 2124 145 2163 θήκῃ
165 2127 320 2163 προηγεῖται
333 2122 426 2161 νόμος,
452 2121 497 2151 καὶ
511 2122 681 2151 ἀκολουθοῦσι
692 2123 827 2161 προφῆται
838 2143 846 2157 ,

77 2169 122 2199 καὶ
133 2170 160 2198 ἐν
174 2171 207 2207 τῇ
222 2168 268 2208 νέᾳ
282 2167 372 2208 χάριτι
385 2172 540 2207 προηγεῖται
559 2166 589 2196 τὸ
612 2166 778 2206 εὐαγγέλιον,
803 2166 848 2196 καὶ

78 2217 261 2244 ἀκολουθοῦσιν
269 2213 495 2243 ἀπόστολοι.Ἐκεῖ
506 2213 607 2242 δώδεκα
615 2215 759 2253 προφῆται,
768 2211 782 2229 ¹³
788 2212 849 2242 ἕκα-

79 2272 138 2294 στος
151 2263 203 2290 τῶν
221 2259 335 2289 δώδεκα·
354 2258 456 2288 δώδεκα
476 2260 500 2288 οἱ
520 2259 581 2299 περὶ
596 2258 694 2294 Ὠσηέ·
708 2259 848 2298 τέσσαρες,

78 2306 206 2342 Ἡσαΐας,
222 2304 369 2345 Ἱερεμίας,
390 2304 534 2342 Ἰεζικιὴλ,
556 2305 667 2341 Δανιήλ.
682 2304 728 2334 Ἐν
743 2306 776 2344 τῇ
792 2303 848 2343 Νέᾳ

81 2351 181 2381 δώδεκα
194 2350 351 2387 ἀπόστολοι,
373 2350 418 2379 καὶ
430 2349 555 2390 τέσσαρες
569 2350 761 2390 εὖαγγελισταί.
774 2350 849 2379 Ἐκεῖ

80 2398 159 2427 πάλιν
171 2397 263 2437 πρώτη
275 2397 368 2432 κλῆσις
377 2398 447 2426 Θεοῦ
462 2396 514 2425 ἀπὸ
523 2397 640 2436 ἀδελφῶν
654 2396 759 2436 ἤρξατο·
771 2395 849 2425 ἔλαὸε

127 2476 140 2494 b
158 2474 225 2500 Illud
241 2477 312 2505 ὶξάκις
323 2474 393 2499 deest
405 2474 429 2499 in
438 2474 516 2501 savit.
529 2480 554 2499 et
565 2476 590 2499 in
602 2474 735 2501 Combelis.
753 2475 804 2501 Sed
815 2477 840 2501 in

84 2515 210 2538 Vaticano
228 2513 317 2547 legitur
338 2519 421 2547 recte,
443 2522 500 2539 nam
514 2517 540 2544 ἦν
551 2513 630 2539 sexies
640 2515 665 2539 in
679 2515 766 2547 primis
776 2523 839 2548 qua-

87 2559 144 2578 tuor
156 2553 259 2577 loannis
269 2550 379 2578 versibus
389 2552 485 2586 legitur.

118 2600 128 2611 v
146 2590 289 2624 [Combefis
300 2593 399 2623 tubos]

1548 164 1619 201 513

876 247 927 276 ter,
939 246 965 268 et
976 239 1020 268 hic
1034 240 1152 279 proprie.
1162 239 1217 268 Ubi
1230 249 1343 279 namque
1357 238 1455 269 creatio
1468 245 1536 275 erat,
1549 237 1618 267 dixit

877 287 997 325 Moyses,
1012 287 1118 322 Feci1,·
1133 285 1179 314 ubi
1192 295 1256 315 vero
1268 286 1388 322 Creator,
1405 285 1496 325 posuit
1508 294 1622 323 evange-

877 332 948 366 lista,
962 333 1049 361 Erat.
1065 332 1186 361 Multum
1201 338 1290 361 autem
1304 338 1343 361 est
1356 331 1520 361 discriminis
1543 337 1568 359 et
1582 331 1621 359 in-

878 377 985 408 tervalli
1003 378 1072 406 inter
1091 376 1174 415 illud,
1185 378 1270 406 Fecit
1276 390 1289 412 ,·
1304 384 1330 406 et
1344 377 1427 413 illud,
1443 378 1520 407 Erat
1530 387 1541 403 .·
1553 375 1623 405 illud

879 424 962 461 enim,
982 435 1046 454 cum
1061 431 1121 453 ante
1140 434 1194 453 non
1212 431 1297 461 esset,
1312 425 1411 454 factum
1427 431 1483 460 est3
1498 423 1543 453 hie
1559 433 1625 453 vero

844 475 863 498 D
879 481 984 510 semper
995 477 1062 500 erat.
1077 472 1115 499 In
1131 471 1274 509 principio
1288 471 1416 510 fecit,et,
1433 472 1472 499 1η
1482 470 1626 509 principio

880 522 954 545 erat.
970 515 1024 545 Dei
1044 522 1084 545 est
1102 525 1171 552 esse,
1186 522 1368 545 creaturarum
1380 526 1444 546 vero
1465 515 1535 552 fieri,
1550 522 1580 545 ut
1600 521 1625 544 et

880 563 1042 602 evangelista
1056 561 1212 601 distinguit.
1228 563 1297 592 Nam
1311 562 1345 592 de
1358 563 1499 593 Servatore
1512 563 1551 592 ait
1564 575 1571 591 z
1587 564 1625 591 In

879 610 1022 649 principio
1043 615 1106 638 erat
1130 608 1267 644 Verbum,
1285 615 1314 637 et
1335 609 1461 638 Verbum
1473 615 1536 637 erat
1547 608 1628 648 apud

880 656 988 692 Deum,
999 662 1026 684 et
1038 655 1120 684 Deus
1129 661 1192 684 erat
1205 655 1342 684 Verbum.
1356 655 1422 684 Hoc
1433 656 1538 684 eratin
1546 656 1628 694 prin-

881 703 967 741 cipio.
981 703 1019 730 ln
1029 702 1090 740 ipso
1102 702 1169 730 vita
1179 706 1254 737 erat,
1267 706 1296 730 et
1308 701 1375 729 vita
1388 706 1451 729 erat
1465 700 1517 728 lux
1532 701 1628 729 homi-

883 759 964 778 num.
973 747 1067 778 Sexies
1078 747 1160 784 dixit,
1174 747 1262 784 Erat,
1275 753 1305 776 ut
1316 746 1464 787 explicaret
1482 746 1542 786 ejus
1569 746 1628 775 exi-

883 794 1018 824 stentiam.
1033 795 1074 823 De
1087 793 1190 823 famulo
1203 800 1304 830 autem,
1319 800 1461 833 postquam
1474 792 1631 833 praedicavit

883 851 946 870 eum
957 840 1004 879 qui
1015 847 1082 877 erat,
1092 835 1118 869 et
1130 840 1204 870 venit
1214 839 1248 869 ad
1260 850 1367 869 servum
1385 838 1605 875 Joannem,dixit
1622 851 1628 867 ε

884 888 914 916 F
912 893 996 916 actus
1005 892 1047 916 est
1055 887 1226 916 komo.Deus
1232 893 1297 922 erat,
1306 886 1481 915 homoautem
1489 885 1574 915 factus
1580 892 1629 915 est.

851 933 870 957 E
885 931 967 969 Quod
981 932 1004 960 si
1026 931 1061 960 de
1079 932 1219 961 Servatore
1242 931 1330 960 dicere
1352 931 1467 961 audeant
1486 942 1492 959 :
1507 932 1631 961 Set-vator

886 978 966 1007 etiam
974 977 1059 1007 factus
1066 983 1116 1014 est,
1126 977 1197 1005 nihil
1206 976 1347 1006 differreta
1355 984 1435 1006 terra.
1445 977 1573 1007 Animum
1586 977 1632 1007 ad-

886 1023 962 1061 hibe,
979 1032 1070 1062 quaeso
1081 1035 1088 1051 ι
1100 1022 1123 1051 si
1140 1021 1213 1052 dicat
1235 1022 1525 1052 haereticus:Christus
1548 1023 1633 1053 sactus

886 1076 954 1106 erat,
960 1079 1012 1098 non
1023 1075 1079 1098 erat
1086 1075 1227 1107 antequam
1235 1068 1320 1106 lieret,
1329 1068 1397 1108 quid
1407 1080 1470 1109 ergo
1475 1069 1539 1110 plus
1552 1070 1632 1100 habe-

887 1114 938 1149 bit,
945 1125 1027 1153 quam
1038 1120 1109 1143 terra
1114 1114 1207 1144 i’Nam
1216 1114 1250 1143 de
1263 1121 1332 1144 terra
1343 1125 1451 1154 quoque
1459 1116 1497 1145 ait
1505 1118 1614 1156 Moyses
1624 1128 1630 1144 :

893 1161 982 1190 Terra
994 1167 1093 1189 autem
1103 1166 1176 1190 erat.
1191 1160 1221 1190 Si
1235 1159 1320 1200 igitur
1333 1160 1404 1189 illud
1419 1172 1426 1189 ι
1441 1162 1476 1189 In
1488 1162 1632 1201 principio

888 1213 962 1244 erat,
976 1206 1010 1236 de
1024 1206 1157 1236 creatione
1171 1206 1336 1245 intelligunt,
1351 1216 1405 1236 non
1426 1206 1460 1236 de
1477 1214 1574 1236 aeterna
1586 1217 1632 1236 na-

846 1259 964 1300 ffltura3
978 1252 1048 1282 nihil
1062 1252 1125 1292 plus
1137 1252 1229 1288 habet,
1244 1262 1325 1291 quam
1336 1259 1418 1282 terra.
1433 1253 1469 1282 Et
1481 1254 1554 1282 Deus
1566 1255 1634 1284 Ver-

854 1308 874 1330 Α
889 1299 955 1328 bum
972 1304 1040 1335 erat,
1055 1304 1082 1327 et
1095 1304 1167 1327 terra
1180 1304 1237 1327 erat
1253 1309 1260 1326 :
1272 1297 1319 1327 sed
1333 1297 1380 1327 ille
1392 1298 1502 1337 quidem
1518 1299 1545 1328 in
1558 1300 1633 1339 prin-

890 1344 960 1384 cipio
974 1350 1041 1380 erat,
1058 1353 1110 1372 non
1124 1343 1210 1372 factus
1221 1353 1325 1383 semper
1336 1343 1469 1373 existens:
1485 1351 1556 1374 terra
1569 1356 1635 1375 vero

889 1390 957 1419 sacta
970 1396 1038 1419 erat.
1050 1389 1112 1419 Non
1123 1389 1195 1418 enim
1208 1389 1285 1429 prius
1294 1388 1367 1418 dixit
1378 1389 1527 1429 legislator,
1548 1392 1636 1421 Terra

891 1442 965 1471 erat,
989 1435 1075 1465 donec
1097 1433 1197 1464 diceret
1213 1447 1220 1463 :
1236 1437 1276 1464 In
1295 1438 1437 1476 principio
1450 1437 1531 1476 secit
1554 1438 1636 1467 Deus

892 1481 996 1511 coelum
1014 1488 1042 1511 et
1055 1487 1161 1510 terram
1168 1494 1180 1516 ,-
1193 1481 1314 1520 primum
1327 1480 1411 1519 dixit,
1433 1484 1529 1521 Fecit,
1545 1490 1635 1523 postea

894 1537 969 1564 vero,
991 1527 1078 1557 Erat.
1094 1526 1204 1556 Scimus
1227 1533 1308 1564 certe,
1323 1527 1427 1564 fratres,
1450 1528 1499 1558 has
1523 1529 1636 1559 subtiles

1702 898 1782 919 Contra

1642 930 1734 951 Arianos

1642 962 1770 982 Annmoeos,

1761 934 1783 950 vl

893 1572 1051 1612 quaestiones
1063 1572 1212 1602 multorum
1224 1572 1321 1601 animis
1334 1572 1459 1603 molestas
1472 1574 1570 1604 videri.
1580 1576 1636 1606 Ve-
1663 1605 1668 1610 ‚
1700 1572 1787 1603 ΗΜ

894 1630 956 1649 rum
976 1626 1082 1660 oportet
1106 1619 1134 1648 in
1152 1618 1200 1648 die
1223 1619 1342 1659 jejunii,
1365 1630 1429 1650 cum
1453 1621 1637 1661 vigilantiores

894 1665 989 1694 animae
1003 1672 1076 1703 sunt,
1090 1664 1124 1694 de
1137 1664 1279 1694 altioribus
1297 1665 1380 1695 verba
1392 1666 1489 1696 facere.
1505 1669 1544 1696 In
1552 1669 1637 1707 prin-

895 1712 970 1750 cipio
981 1717 1055 1748 erat,
1067 1717 1105 1748 et,
1121 1712 1159 1740 ln
1169 1711 1312 1750 principio
1311 1711 1392 1752 fecit
1394 1725 1408 1747 ;
1424 1711 1486 1742 ideo
1496 1712 1639 1743 exordium

895 1767 944 1797 par
957 1767 1014 1786 esse
1037 1756 1114 1794 dixi,
1140 1758 1180 1786 In
1201 1757 1354 1796 principio,
1371 1764 1408 1795 et,
1420 1759 1459 1787 In
1470 1761 1616 1800 principio
1628 1773 1639 1792 .-

896 1810 926 1832 ut
936 1802 1144 1841 demonstretur,
1159 1813 1240 1832 unam
1252 1813 1309 1833 esse
1320 1803 1426 1844 pietatis
1436 1804 1567 1844 radicem,
1579 1816 1640 1846 quae

895 1856 922 1879 et
938 1849 1029 1887 illum,
1045 1859 1140 1889 nempe
1161 1849 1352 1889 legislatorem,
1376 1850 1504 1889 instituit,
1518 1858 1545 1882 et
1554 1852 1638 1890 hunc,

1662 1611 1702 1625 les.

895 1895 1052 1935 theologum
1064 1895 1179 1932 scilicet,
1191 1894 1368 1926 illuminavit.
1384 1897 1519 1927 Germana
1538 1898 1640 1939 quippe
1650 1918 1700 1940 Duo
1711 1918 1792 1940 Tma-

862 1942 880 1966 Β
897 1950 960 1973 sunt
980 1942 1036 1972 duo
1061 1943 1240 1980 Testamenta,
1253 1953 1308 1972 uno
1322 1944 1400 1973 Patre
1425 1951 1504 1974 orta:
1522 1945 1584 1975 ideo
1611 1946 1722 1976 inmo-1¹³
1746 1957 1791 1970 uno

897 1999 1018 2018 sermone
1040 1988 1301 2018 conseminantem
1324 1988 1398 2018 enim
1421 1989 1514 2020 eadem
1538 1991 1639 2032 imago,

898 2035 991 2065 eadem
1008 2033 1159 2064 similitudo
1179 2041 1228 2064 est.
1245 2036 1285 2064 Ac
1298 2035 1527 2074 quemadmodum
1540 2037 1568 2067 in
1581 2048 1641 2077 ger-

898 2081 996 2118 manis,
1010 2090 1064 2110 uno
1076 2087 1151 2120 patre
1164 2080 1240 2118 ortis,
1256 2079 1358 2110 similes
1373 2089 1436 2111 sunt
1446 2083 1638 2123 proprietates:

898 2127 937 2157 sic
963 2126 1027 2165 quia
1047 2125 1103 2155 duo
1125 2126 1295 2155 Testamenta
1308 2136 1362 2156 uno
1383 2128 1463 2157 Patre
1485 2135 1544 2158 orta
1566 2137 1641 2168 sunt,

899 2173 1013 2202 multam
1023 2172 1123 2202 habent
1137 2171 1352 2202 similitudinem.
1368 2174 1438 2203 Sane
1458 2181 1484 2204 et
1504 2174 1531 2204 in
1548 2176 1641 2206 Veteri

881 2244 883 2246 ,
899 2220 1070 2249 Testamento
1088 2217 1215 2258 praecedit
1226 2219 1283 2255 lex,
1296 2225 1322 2248 et
1334 2227 1483 2258 sequuntur
1492 2221 1641 2261 prophetae,

900 2270 926 2293 et
939 2264 966 2292 in
980 2273 1050 2293 nova
1058 2263 1142 2302 gratia
1156 2262 1282 2303 praecedit
1295 2263 1477 2303 evangelium,
1485 2271 1510 2294 et
1523 2275 1641 2303 sequun-

887 2314 946 2347 „tur
962 2306 1086 2347 apostoli.
1103 2306 1164 2336 Illic
1185 2306 1329 2336 duodecim
1341 2308 1488 2347 prophetae‚
1502 2315 1528 2338 et
1541 2308 1643 2348 singuli

901 2358 965 2382 sunt
981 2362 1016 2381 ex
1035 2361 1147 2380 numero
1165 2350 1290 2380 duodeno
1307 2363 1314 2379 τ
1330 2347 1473 2380 duodecim
1491 2359 1554 2381 sunt
1575 2353 1644 2382 Osee

901 2402 929 2426 et
951 2394 1049 2433 reliqui
1065 2406 1073 2423 z
1089 2400 1216 2433 quatuor,
1237 2394 1331 2430 haias,
1350 2395 1488 2430 Jeremias,
1509 2394 1643 2432 Ezechiel,

923 2482 935 2493 a
952 2474 1034 2498 Vatic.
1043 2478 1087 2499 ἴσον
1096 2478 1172 2501 εἰπεῖν,
1181 2473 1257 2499 savit.
1268 2478 1312 2500 ἴσον
1323 2472 1480 2505 chromatius
1496 2479 1524 2497 ut
1535 2472 1643 2499 videtur.

923 2514 936 2533 ὓ
954 2511 1053 2541 ἕκαστος
1060 2512 1129 2537 deest
1138 2513 1162 2537 in
1173 2512 1261 2544 Savit„
1269 2520 1347 2545 eoque
1354 2511 1453 2537 sublato
1461 2513 1582 2537 sententia
1593 2522 1646 2539 ma-

890 2558 933 2578 net
945 2550 1098 2584 imperfecta.

1650 1986 1711 2010 palte
1723 1985 1779 2002 ΟΙΊίΙ.
