1890 2826
550 195 593 217 DF.

85 261 212 300 τεγνίτης.
233 258 364 298 Ἔρχεται
381 259 395 286 6
409 256 513 289 ἑωθινὸς
536 255 625 295 καιρὸς
635 277 644 292 ,
669 254 715 283 καὶ
739 253 783 283 ἐὰν
814 253 851 292 μὴ

83 295 146 346 ἔγης
158 303 273 343 καθαρὰν
287 303 335 339 τὴν
346 306 424 342 χεῖρα
437 302 456 337 ἢ
473 301 520 337 τὴν
536 300 666 337 διάνοιαν,
678 299 782 330 ἑωθινὸν
790 311 852 328 και-

84 338 127 390 ρον
140 350 199 380 οὔτε
211 350 274 379 ἰδεῖν
285 349 385 388 τολμᾷς
394 360 400 366 ·
414 350 432 383 ἡ
443 351 523 387 πεῖρα
532 346 697 379 διδάσκαλος.
709 344 852 380 Ἐννόησον

82 398 144 429 ἄταν
157 407 196 428 τις
209 394 321 435 καθαρὸς
334 393 455 433 διαμείνῃ
465 416 473 428 ,
491 394 548 426 πῶς
562 391 710 432 εἰσέρχεται
724 390 768 420 διὰ
780 392 853 430 παῤ-

83 441 176 482 ῥησίας
184 465 191 478 ,
204 444 240 475 ὣς
251 440 319 471 ἰδίαν
333 440 415 476 αὐλὴν
428 441 530 469 πατῶν.
544 437 702 478 Παρρησίαν
713 436 765 477 γὰρ
781 437 853 476 αὐτῷ

82 487 188 517 δίδωσιν
203 488 229 516 ἐν
243 489 282 527 τῷ
299 487 398 526 ἑωθινῷ
415 485 499 524 καιρῷ
513 486 530 520 ἡ
546 485 574 513 ἐν
593 484 668 514 νυκτὶ
688 482 853 523 σωφροσύνη.

83 532 134 562 Διὰ
147 535 224 563 τοῦτο
237 531 320 563 Δαυὶδ
341 530 426 570 λέγει·
444 531 478 560 Εἰ
490 529 668 569 ἐμνημόνευόν
681 541 728 559 σου
750 528 794 558 ἐπὶ
806 530 854 564 τῆς

82 580 221 618 στρωμνῆς
235 589 295 616 μου,
306 578 333 607 ἐν
343 581 398 610 τοῖς
406 576 507 616 ὅρθροις
519 574 650 614 ἐμελέτων
664 576 701 609 εἰς
710 574 749 604 σέ.
763 575 854 614 Εὐχα-

84 625 164 663 ριστῶ
184 626 223 663 τῷ
237 623 315 664 Θεῷ·
330 623 485 662 μέμνημαι,
507 620 547 651 ὅτι
560 620 712 660 κάμνουσαν
728 622 793 660 ἡμῖν
804 620 853 657 τὴν

83 669 171 710 φωνὴν
183 671 198 699 6
211 673 258 699 τοῦ
271 670 342 699 Θεοῦ
355 667 495 708 ἀνώρθωσε
506 667 596 707 λόγος,
611 669 640 696 οὗ
654 667 719 707 πρὸς
730 666 778 703 τὴν
790 668 854 705 ἡμε-

82 716 161 756 τέραν
178 715 253 749 ἀξίαν
276 716 358 755 ὁρῶν,
384 713 453 743 ἀλλὰ
472 713 537 754 πρὸς
563 713 607 742 τὸν
627 714 752 753 ὑμέτερον
765 711 853 742 πόθον.

84 760 230 800 Εὐξώμεθα
247 761 333 791 τοίνυν
356 761 382 789 ἐν
402 758 511 799 ἀληθείᾳ
532 758 640 798 καρδίας
650 780 657 794 ,
683 758 728 788 καὶ
749 758 855 798 εἰρήνην

83 807 169 847 ἔχειν,
190 807 236 837 καὶ
252 809 278 837 ἐν
293 806 394 846 ὄρθροις
407 803 648 844 παρᾁσιάζεσθαι,
661 803 706 834 καὶ
721 803 855 844 αἱρετικὴν

85 853 180 892 μανίαν
200 853 319 894 φεύγειν,
342 851 388 881 καὶ
403 849 535 890 ὀρθόδοξον
557 849 646 880 πίστιν
662 849 833 888 μεταδιώκειν
846 871 854 885 ,

84 900 128 929 καὶ
140 899 216 933 δόξαν
227 898 392 937 ἀναπέμπειν
403 898 442 936 τῷ
454 895 543 936 Πατρὶ
555 895 601 925 καὶ
614 898 652 936 τῷ
674 897 732 936 Υἱῷ
751 896 796 925 καὶ
817 897 855 935 τῷ

84 945 151 985 ἁγίῳ
159 944 313 983 Πνεύματι,
326 946 371 972 νῦν
386 942 431 972 καὶ
443 941 502 976 ἀεὶ,
512 941 558 971 καὶ
572 943 608 975 εἰς
626 941 686 976 τοὺς
696 943 792 975 αἰῶνας
802 943 855 971 τῶν

84 990 194 1020 αἰώνων.
207 990 298 1031 Ἀμήν.

84 1181 140 1210 Τοῦ
155 1181 285 1212 αὐτοῦ-εἰς
292 1177 340 1214 τὴν
353 1177 483 1218 τετάρτην
498 1176 600 1216 ἡμέραν
611 1177 658 1212 τῆς
670 1177 852 1215 κοσμοποιίας.

121 1270 280 1310 Κοίμνουσαν
293 1271 358 1308 ἡμῖν
377 1269 426 1305 τὴν
448 1268 537 1309 φωνὴν
550 1270 584 1308 τῇ
599 1268 743 1308 προτεραίᾳ
764 1271 782 1304 ἡ
806 1270 852 1298 τοῦ

83 1318 154 1350 Θεοῦ
167 1316 245 1357 χάρις
259 1315 303 1345 διὰ
313 1315 360 1348 τὰς
373 1315 501 1355 ὑμετέρας
515 1314 595 1355 εὐχὰς
608 1314 654 1344 καὶ
667 1314 712 1344 τὸν
727 1314 852 1354 ὑμέτερον

80 1362 159 1391 πόθον
173 1360 343 1401 ἐστερέωσεν.
358 1362 433 1402 Αῦτῇ
445 1360 531 1390 τοίνυν
542 1360 712 1400 χρησάμενος
725 1362 759 1399 τῇ
773 1360 853 1400 πείρᾳ

85 1407 248 1447 διδασκάλῳ,
262 1406 322 1436 ὅσον
335 1406 422 1447 ἰσχύει
437 1408 516 1440 πόθος
535 1406 580 1436 καὶ
604 1407 681 1442 ζ’ἥλος
705 1405 852 1446 φιλοθεΐας,

84 1453 128 1482 ἐπὶ
140 1452 188 1489 τὴν
204 1451 287 1488 αὐτὴν
301 1451 469 1492 παράκλησιν
487 1451 561 1488 ἥκω,
575 1452 655 1481 πάλιν
670 1453 746 1491 ὑμῶν
759 1450 854 1490 δεόμε-

84 1511 126 1533 νος
138 1499 187 1535 τὴν
199 1498 282 1534 αὖτὴν
295 1498 361 1538 ὑπὲρ
381 1500 454 1537 ὑμῶν
475 1497 634 1534 αἰτήσασθαι
648 1496 735 1538 χάριν.
749 1498 783 1526 Εἰ
803 1496 855 1536 γὰρ

85 1546 116 1574 τὸ
126 1548 219 1579 σκεῦος
242 1547 290 1580 τῆς
308 1546 418 1584 ἐκλογῆς
430 1547 445 1573 6
458 1546 581 1580 Παῦλος,
596 1547 610 1574 6
630 1545 762 1574 λαλοῦντα
784 1543 852 1583 ἔχων

87 1593 113 1620 ἐν
127 1593 213 1631 ἑαυτῷ
226 1590 271 1620 τὸν
286 1590 415 1630 Χριστὸν,
429 1592 444 1619 6
464 1589 603 1629 Πνεύματι
622 1589 689 1629 ἁγίῳ
708 1588 856 1628 κυὸερνοό-

88 1648 181 1675 μενος,
194 1635 243 1671 τὴν
256 1636 333 1676 παρὰ.
342 1638 395 1665 τῶν
410 1636 547 1675 ἀκροατῶν
567 1634 755 1674 ἤῤῥαὸονίζετο
770 1645 856 1673 προσ-

88 1681 168 1723 ευχὴν
181 1681 280 1721 λέγων·
299 1680 434 1720 Meloe),
445 1679 625 1720 προσεύχεσθε
646 1680 707 1719 περὶ
722 1681 802 1718 ἐμοῦ,
813 1678 857 1708 ἵνα

90 1739 135 1766 μοι
146 1728 208 1766 δοθῇ
221 1726 298 1766 λόγος
311 1727 338 1756 ἐν
355 1725 451 1760 ἀνοίξει
472 1729 518 1754 τοῦ
540 1724 670 1764 στόματός
693 1736 743 1764 μου
752 1736 758 1743 ·
783 1724 857 1765 πόσῳ

90 1773 190 1811 μᾶλλον
210 1774 287 1812 ἡμεῖς
301 1773 325 1802 οἱ
337 1771 456 1801 ταπεινοὶ
470 1770 515 1800 καὶ
539 1770 569 1799 τὸ
589 1770 681 1809 μηδὲν,
706 1772 741 1803 ὡς
764 1771 858 1806 εἰπεῖν,

89 1818 161 1852 ὄντες
175 1819 298 1856 αἰτοῦμεν
311 1818 360 1853 τὴν
385 1819 450 1857 παρ’
464 1818 539 1856 ὑμῶν
563 1815 716 1856 πρεσὸείαν,
729 1816 772 1845 ἵνα
792 1817 857 1856 λυθῇ

91 1863 138 1903 μὲν
152 1866 166 1893 6
179 1863 274 1902 δεσμὸς
286 1865 335 1898 τῆς
353 1862 488 1902 γλώττης,
503 1863 593 1902 ἀνοιγῇ
607 1861 634 1891 δὲ
649 1863 696 1897 τῆς
710 1861 860 1902 παῤῥησίας

89 1909 203 1948 δλόγος·
217 1908 263 1939 καὶ
285 1908 351 1944 αὐτὴ
368 1909 396 1938 δὲ
413 1911 430 1944 ἡ
453 1907 510 1938 θεία
532 1908 610 1948 χάρις
630 1907 675 1936 καὶ
696 1908 727 1937 τὸ
750 1907 859 1947 ὄργανον

90 1955 281 1994 ἀνεμπόδιστον
293 1954 394 1995 φυλάξῃ
403 1977 411 1991 ,
425 1953 471 1983 καὶ
484 1955 536 1983 τῶν
551 1953 690 1993 νοημάτων
712 1953 762 1990 τὴν
775 1965 860 1994 χορη-

89 2001 149 2041 γίαν
163 2000 313 2041 ἀφθονήσῃ·
328 2001 378 2040 οὐχ
390 1999 432 2030 ἵνα
445 2002 459 2029 6
470 1999 555 2039 λέγων
566 1999 600 2028 τὰ
614 2002 671 2029 θεῖα
683 1999 796 2040 κερδάνῃ
810 1999 858 2038 μό·

91 2059 146 2083 νος,
156 2048 214 2076 ἀλλ’
222 2046 266 2076 ἵνα
276 2045 335 2085 μεθ’
343 2047 418 2085 ὑμῶν
427 2045 471 2075 τὸν
481 2045 600 2085 οὐράνιον
609 2046 722 2075 πλοῦτον
731 2045 859 2085 ἀντλήσῃ.

91 2093 164 2134 Φέρε
176 2092 272 2128 τοίνυν,
284 2094 332 2127 τῆς
353 2091 506 2125 ἀκολουθίας
520 2091 656 2132 ἁψώμεθα.
672 2091 775 2131 Πρέπει
793 2091 859 2131 γὰρ,

92 2134 184 2178 οἶμαι,
197 2138 287 2179 ὥσπερ
308 2138 385 2171 αὐτὸς
398 2139 412 2167 6
425 2137 567 2180 νομοθέτης
581 2138 699 2173 Μωῦσῆς
720 2137 860 2177 ἀκολουθίᾳ

92 2183 138 2213 καὶ
158 2183 230 2217 τάξει
250 2183 295 2213 τὸν
320 2185 369 2218 τῆς
390 2182 562 2222 δημιουργίας
586 2181 745 2222 συνεπέρανε
769 2182 859 2221 λόγον,

93 2228 162 2258 οὔτω
181 2229 227 2258 καὶ
250 2230 322 2267 ἡμᾶς
335 2232 389 2262 τοῖς
408 2227 523 2267 πρώτοις
544 2227 578 2256 τὰ
603 2227 726 2268 δεύτερα,
738 2227 784 2257 καὶ
807 2232 861 2261 τοῖς
880 2244 883 2246 ·

94 2274 222 2314 δευτέροις
248 2273 283 2302 τὰ
313 2271 390 2313 τρίτα
419 2272 597 2306 συνάπτοντας
627 2268 656 2302 εὖ
682 2277 786 2313 κρῖναι,
816 2273 861 2302 καὶ

95 2319 244 2359 dmi-(knew
259 2320 324 2357 ἡμῖν
336 2318 500 2358 παραδοῦναι
510 2321 555 2347 τοῦ
565 2318 643 2357 λόγου
653 2318 702 2354 τὴν
716 2318 861 2358 εἰσήγησιν.

93 2366 222 2401 Πέπηκτο
235 2368 249 2395 6
262 2364 381 2404 οὐρανὸς,
393 2364 509 2404 ἥδραστο
521 2364 551 2393 τὸ
560 2364 697 2404 στερέωμα
705 2387 712 2400 ,
729 2365 862 2405 ἀφώριστο

94 2414 111 2447 ἡ
122 2412 241 2441 θάλασσα
250 2434 257 2446 ,
267 2409 420 2449 γεγύμνωτο
433 2412 450 2445 ἡ
459 2411 503 2448 γῆ,
512 2410 667 2438 πεποίκιλτο
678 2415 788 2450 καρποῖς
798 2432 805 2446 ,
815 2422 863 2450 φυ-

93 2461 156 2490 τοῖς,
165 2456 287 2496 δένδροις,
292 2459 400 2494 πηγαῖς,
412 2455 457 2484 καὶ
467 2459 548 2483 πᾶσιν
558 2454 719 2488 ἁπαξαπλῶς
730 2451 767 2488 οἷς
780 2457 814 2496 ἐχ
815 2458 862 2496 ρῆν

94 2501 303 2531 κεκαλλώπιστο.
318 2501 388 2531 Οὔτε
412 2500 463 2539 γὰρ
477 2501 549 2535 ἁπλῆ
572 2512 612 2533 τις
625 2496 657 2536 ἦν
673 2503 689 2536 ἡ
714 2502 745 2530 ἐκ
765 2502 863 2538 ταύτης

95 2546 217 2579 ἀνάδοσις
230 2546 375 2585 γεναμένη,
392 2547 460 2575 ἀλλὰ
481 2545 601 2585 διάφορος
622 2547 668 2576 καὶ
688 2544 804 2584 ποικίλη.
821 2549 864 2578 Τὰ

97 2592 145 2630 μὲν
159 2591 211 2631 γὰρ
226 2592 308 2627 αὐτὴν
325 2592 433 2630 ἐκόσμει
446 2592 494 2627 τὴν
506 2594 565 2630 γῆν,
584 2590 617 2621 τὰ
632 2591 659 2622 δὲ
674 2594 710 2626 εἷς
723 2593 864 2633 διατροφὴν

619 194 728 217 ΜυΝῑΠ
755 193 947 216 (ΞΒΕΑΤΙΟΝΕ
974 194 1099 216 ORATIO
1128 194 1176 216 lV.

1577 183 1647 228 543

870 255 889 278 D
905 255 1096 292 ptatiom'bus.
1123 255 1244 295 Vespera
1267 266 1282 284 a
1316 255 1393 285 nohis
1419 256 1504 296 exigit
1533 267 1648 297 vesperae

905 310 997 339 opera.
1013 299 1154 340 Expandis
1177 310 1282 337 manus,
1296 301 1439 340 {scrutatur
1453 303 1649 336 A1·tisex.2Ad-

905 344 978 374 venit
994 346 1155 376 matutinum
1172 354 1286 387 tempus,
1297 354 1323 378 et
1335 348 1358 378 si
1369 359 1465 388 puram
1483 360 1536 379 non
1549 351 1649 381 habeas

905 397 931 420 et
945 401 1055 421 manum
1072 399 1098 422 et
1111 400 1237 429 mentem,
1250 394 1412 424 matutinum
1432 401 1538 436 tempus
1556 408 1590 427 ne
1603 409 1648 428 re-

905 437 1007 476 spicere
1026 438 1136 477 quidem
1158 438 1259 468 audes:
1277 440 1442 480 experientia
1455 442 1582 481 magistra
1595 451 1645 474 est.

904 483 999 523 Cogita
1022 495 1086 514 cum
1114 491 1213 524 quanta
1235 485 1336 515 fiducia
1361 486 1527 526 ingrediatur
1551 487 1575 518 is
1599 490 1648 528 qui

905 539 991 568 purus
1009 536 1124 567 maneat,
1142 531 1219 568 quasi
1238 530 1266 560 in
1287 532 1399 571 propria
1412 532 1492 563 domo
1515 534 1645 571 ambulet.

905 575 1047 606 Fiduciam
1059 576 1106 605 dat
1129 576 1172 606 illi
1186 578 1324 607 matutinis
1343 578 1417 608 horis
1437 589 1492 609 nox
1506 580 1536 609 in
1558 581 1647 611 conti-

906 621 995 651 nentia
1008 629 1111 651 exacta.
1127 622 1192 652 Ideo
1204 622 1295 652 David
1316 623 1384 653 dicit
1397 636 1404 652 :
1419 625 1452 655 Si
1470 636 1580 658 memor
1591 628 1648 669 fui
1659 630 1798 661 Psal.62.7.

906 670 948 697 tui
962 678 1048 708 super
1071 675 1195 699 stratum
1210 680 1315 705 meum,
1334 672 1367 700 in
1385 673 1536 702 matutinis
1554 674 1649 703 medi-

907 716 994 744 tahar
1006 716 1038 744 in
1054 721 1091 744 te.
1106 714 1214 745 Gratias
1225 725 1275 754 ago
1289 716 1347 746 Deo
1363 727 1371 744 ε
1387 717 1515 747 recordor
1525 718 1651 749 fatiscen-

872 764 891 788 Ε
907 767 960 790 tem
980 771 1075 790 vocem
1093 772 1109 790 a
1128 761 1179 790 Dei
1192 761 1276 791 verbo
1289 770 1438 802 reparatam
1451 774 1518 800 esse,
1530 772 1583 794 n'on
1599 776 1650 805 pro

907 806 1005 836 nostris
1022 807 1136 844 meritis,
1151 806 1200 837 scd
1215 813 1265 847 pro
1284 815 1376 838 vestro*
1393 808 1539 839 desiderio.
1555 812 1650 841 Prece-

906 862 969 882 mur
981 863 1046 892 ergo
1059 851 1087 882 in
1107 852 1218 882 veritate
1236 853 1337 890 cordis,
1350 860 1381 883 ut
1396 865 1461 894 pace
1471 856 1605 893 fruamur,
1625 864 1651 887 et

906 897 934 926 in
944 898 1082 927 matutinis
1095 897 1224 928 fiduciam
1236 898 1394 936 babeamus,
1409 900 1595 932 haereticorum
1606 904 1650 932 su-

907 953 995 972 rorem
1008 942 1171 980 devitemus,
1194 943 1277 973 fidem
1295 944 1474 976 orthodoxam
1493 957 1648 987 sequamur,

907 988 1075 1027 gloriamque
1087 989 1233 1019 referamus
1245 990 1329 1026 Patri,
1343 990 1414 1021 Filio
1428 999 1454 1021 et
1464 993 1578 1033 Spiritui
1588 1005 1650 1025 san-

906 1041 948 1064 cto
972 1044 1043 1064 nunc
1066 1041 1092 1064 et
1112 1045 1227 1075 semper,
1249 1042 1276 1065 et
1299 1036 1327 1066 in
1352 1038 1449 1069 saecula
1474 1041 1648 1071 saeculorum.

906 1082 1003 1107 Amen.

861 1162 897 1213 ⁴2⁵
904 1171 1045 1210 Ejusdem
1058 1173 1090 1199 in
1109 1178 1245 1211 quartam
1266 1173 1343 1203 diem
1364 1176 1519 1206 creationis
1535 1179 1649 1208 mundi.
1680 1184 1682 1186 ’

944 1263 976 1293 1.
999 1263 1146 1293 Labantem
1166 1274 1258 1294 vocem
1280 1273 1398 1296 nostram
1416 1268 1505 1308 pridie
1522 1280 1572 1309 per
1590 1282 1651 1300 ora·

903 1308 989 1337 tiones
1012 1315 1114 1338 vestras
1139 1319 1240 1348 perque
1263 1318 1382 1342 vesu-um
1408 1313 1574 1345 desiderium
1600 1317 1652 1346 Dei

904 1354 989 1394 gratia
1003 1354 1130 1384 firmavit.
1151 1355 1214 1394 Ipsa
1236 1356 1321 1396 igitur
1340 1360 1467 1399 magistra
1489 1372 1554 1391 usus
1571 1373 1652 1402 expe-

904 1397 1011 1434 rientia,
1020 1405 1153 1437 quantum
1164 1410 1239 1428 amor
1249 1399 1402 1442 divinaeque
1413 1404 1518 1444 pietatis
1530 1405 1653 1436 studium

905 1450 1002 1484 potest,
1016 1443 1052 1473 ad
1065 1444 1186 1474 eamdem
1206 1446 1415 1479 obsecrationem
1435 1451 1543 1489 accedo,
1559 1463 1653 1482 rursus

906 1500 1002 1530 rogans
1015 1497 1045 1520 ut
1054 1490 1175 1520 eamdem
1186 1502 1236 1531 pro
1249 1494 1328 1523 nobis
1338 1496 1451 1534 gratiam
1463 1498 1566 1537 petatis.
1582 1500 1654 1529 Nam

906 1536 929 1564 si
939 1547 986 1566 vas
1005 1536 1143 1577 electionis
1162 1538 1275 1576 Paulus,
1299 1541 1346 1578 qui
1360 1541 1499 1572 Christum
1519 1543 1548 1572 in
1566 1544 1654 1584 seipso

906 1582 1058 1621 loquentem
1075 1582 1201 1620 habebat,
1216 1584 1280 1623 quia
1292 1595 1307 1614 a
1316 1586 1420 1625 Spiritu
1434 1596 1524 1618 sancto
1543 1590 1654 1629 regeba-

908 1633 964 1663 tur,
977 1627 1132 1657 auditorum
1153 1630 1332 1668 precationem
1352 1634 1526 1664 mutuabatur
1537 1635 1628 1666 dicens
1645 1648 1652 1665 :

907 1674 1039 1709 Fratres,
1054 1680 1136 1702 orate
1153 1685 1207 1712 pro
1229 1686 1285 1713 me,
1301 1684 1334 1707 ut
1347 1679 1419 1707 mihi
1434 1680 1519 1710 delur
1532 1683 1654 1712 verbum
1666 1694 1748 1724 aphes.
1762 1693 1785 1716 ε.

908 1720 940 1748 in
954 1721 1104 1758 apertione
1117 1722 1175 1750 oris
1192 1723 1250 1750 mei
1264 1734 1272 1751 .·
1285 1731 1385 1762 quanto
1402 1727 1487 1766 magis
1508 1738 1556 1758 nos
1573 1729 1654 1766 viles,
1669 1732 1706 1755 ¹9·

909 1771 935 1794 et
948 1765 1007 1804 qui,
1025 1772 1054 1794 ut
1067 1765 1103 1796 ita
1120 1765 1220 1805 dicam,
1235 1768 1306 1798 nihil
1320 1779 1425 1808 sumus,
1442 1772 1656 1805 intercessionem

909 1819 1026 1842 vestram
1043 1820 1176 1854 potemus,
1195 1822 1225 1845 ut
1246 1815 1346 1856 linguae
1364 1818 1505 1849 vinculum
1524 1822 1656 1859 solvatur,

909 1858 1046 1898 aperiatur
1064 1860 1183 1890 veritatis
1204 1871 1305 1898 serm03
1328 1863 1440 1903 ipsaque
1459 1865 1552 1896 divina
1571 1869 1656 1907 gratia

909 1904 1064 1944 expeditum
1083 1916 1213 1945 organum
1237 1908 1390 1946 custodiat,
1413 1912 1657 1953 sententiarumque

909 1951 1014 1990 copiam
1024 1951 1193 1992 suppeditet;
1207 1963 1260 1983 non
1275 1961 1304 1983 ut
1316 1955 1390 1985 solus
1404 1963 1494 1986 orator
1507 1958 1601 1989 divina
1614 1960 1658 1990 lu-

909 2003 1009 2033 cretur,
1024 1996 1072 2026 sed
1082 2004 1112 2027 ut
1124 1998 1263 2029 vobiscum
1275 2000 1405 2031 caelestem
1423 2002 1529 2034 hauriat
1545 2005 1656 2035 thesau-

911 2040 980 2071 ru'm.
992 2043 1049 2081 Age
1066 2053 1140 2083 ergo,
1155 2044 1233 2084 prius
1253 2044 1386 2076 dictorum
1403 2048 1481 2078 serici
1495 2049 1655 2081 haereamus.

911 2089 962 2117 Par
977 2094 1017 2117 est
1033 2088 1116 2125 enim,
1140 2090 1268 2127 arbitror,
1296 2098 1326 2121 ut
1349 2093 1577 2131 quemadmodum
1599 2097 1657 2137 ipse

878 2140 896 2163 C
911 2134 1047 2174 legislator
1057 2137 1165 2175 Moyses
1176 2138 1244 2167 serie
1257 2145 1336 2177 atque
1344 2139 1438 2169 ordine
1447 2142 1587 2172 creationis
1598 2154 1657 2173 ser-

913 2191 1020 2210 monem
1031 2181 1158 2219 absolvit,
1172 2183 1211 2212 sic
1220 2190 1246 2213 et
1256 2194 1304 2214 nos
1317 2185 1412 2224 primis
1422 2187 1550 2225 secunda,
1564 2199 1659 2218 secun-

912 2226 956 2256 dis
978 2227 1055 2257 tertia
1077 2228 1235 2268 copulemus
1252 2237 1278 2260 et
1297 2231 1506 2271 distinguamus,
1527 2235 1659 2275 vobisque

913 2283 965 2302 non
987 2281 1176 2314 praeposteram
1199 2277 1329 2306 sermonis
1353 2280 1547 2309 enarrationem
1572 2282 1659 2310 trada-

913 2329 984 2349 mus.
1010 2319 1187 2360 Compactum
1211 2328 1267 2351 erat
1288 2322 1395 2359 caelum,
1419 2324 1505 2353 solide
1527 2332 1659 2355 structum

913 2365 1127 2403 firmamentum,
1151 2375 1318 2406 segregatum
1346 2379 1429 2405 mare,
1456 2370 1556 2399 detecta
1580 2377 1659 2409 terra,

914 2410 1056 2447 fructibus,
1069 2412 1180 2451 plantis,
1193 2413 1347 2448 arboribus,
1362 2414 1480 2443 fontibus
1496 2415 1568 2444 varie
1581 2426 1660 2445 orna-

914 2465 952 2493 ta,
963 2465 990 2487 et
1000 2465 1029 2488 ut
1039 2459 1192 2488 summatim
1204 2459 1304 2495 dicam,
1316 2460 1440 2489 omnibus
1451 2461 1501 2490 sibi
1514 2473 1659 2502 congruen·

916 2503 988 2533 tibus
999 2503 1123 2533 decorata
1131 2511 1197 2533 erat.
1213 2506 1306 2543 Neque
1322 2505 1392 2533 enim
1409 2506 1525 2545 simplex
1538 2507 1661 2545 quoedam

916 2549 1037 2578 feracitas
1060 2550 1122 2586 suit,
1148 2549 1196 2578 sed
1220 2549 1344 2578 distincta
1367 2556 1392 2578 et
1418 2550 1501 2580 varia.
1522 2552 1590 2581 Nam
1610 2554 1664 2584 alia

918 2595 1004 2634 ipsam
1018 2595 1150 2624 ornabant
1174 2601 1283 2632 terram;
1297 2594 1348 2623 alia
1361 2595 1387 2623 in
1402 2605 1486 2625 escam
1508 2597 1663 2629 hominibus
