1890 2826
607 168 766 192 SYNopsts
786 168 972 191 scnw'runffi
998 169 1108 193 SAcnAE
1115 187 1121 194 .

87 232 157 271 μετὰ
169 234 252 262 ταῦτα
265 231 355 272 φυλαί.
371 231 503 264 Ἕκαστος
513 231 563 271 γὰρ
575 230 659 270 φυλὴν
683 230 843 269 ἄπεγέννησε
851 251 858 264 ,

89 278 133 306 καὶ
153 279 178 307 οἱ
189 277 324 317 τεχθέντες
337 279 383 306 ἀπ’
403 277 508 307 ἐκείνων
522 278 671 317 ἐκαλοῦντο.
686 276 755 305 Ἀντὶ
769 276 858 314 μέντοι

87 326 132 352 τοῦ
147 323 244 364 Ἰωσὴφ
262 323 310 363 μία
321 323 389 364 φυλὴ
402 323 489 354 οὐκέτι
509 323 610 363 γίνεται
620 346 628 360 ,
653 322 722 352 ἀλλὰ
736 321 789 351 δύο.
817 323 857 351 Οὐ

86 370 137 409 γὰρ
150 370 284 406 ἠθουλήθη
304 373 318 400 ὁ
332 370 421 410 πατὴρ
433 373 448 400 ὁ
460 373 506 400 τοῦ
520 370 620 410 Ἰωσὴφ
635 374 683 409 μιᾷ
697 370 765 409 φυλῇ
788 367 857 397 ἐπώ-

86 427 166 455 νυμον
178 416 255 446 αὐτὸν
274 416 403 456 γενέσθαι.
436 417 472 446 Τί
485 412 529 446 οὖν
541 416 658 456 γίνεται;
683 415 794 451 Ἐπειδὴ
820 410 856 447 εἷς

85 456 117 496 ἦν
130 464 144 490 ὁ
161 462 250 498 αὐτὸς,
276 461 321 492 ἵνα
339 463 446 496 διπλοῦς
463 462 572 502 γένηται
596 462 780 502 πατριάρχης,
811 460 855 490 τὸν

86 507 204 547 Ἐφραῒμ
218 509 263 538 καὶ
276 509 319 539 τὸν
334 510 463 545 Μανασσῆ
477 508 537 542 τοὺς
550 508 620 542 υἱοὺς
634 509 713 538 αὐτοῦ
727 506 787 541 τοὺς
800 506 854 543 δύο,

84 554 207 587 Ετούτους
220 555 327 591 ἐποίησε
341 555 387 584 δύο
401 556 488 595 φυλῶν
499 555 620 594 γενέσθαι
634 554 800 593 ἐπωνύμους,
810 554 854 582 καὶ

83 601 110 628 αἱ
123 599 167 629 δύο
179 600 258 640 φυλαὶ
277 603 315 641 τῷ
329 601 427 641 Ἰωσὴφ
441 600 595 640 ἐλογίζοντο.
618 600 701 630 Ὥστε
714 599 810 643 συνξζὸη
824 600 855 628 ἐκ

82 645 174 675 τούτου
188 646 280 676 ἕνδεκα
294 647 330 683 (l.
343 647 530 687 τρισκαίδεκα)
549 642 615 676 εἶναι
633 646 681 680 τὰς
691 646 774 687 φυλὰς
783 669 791 682 ,
809 646 853 675 ἔν-

82 692 145 720 δεκα
158 692 205 725 τὰς
217 694 269 722 τῶν
283 693 384 730 ἄλλων,
397 693 443 722 δύο
456 693 503 727 τὰς
514 696 559 722 τοῦ
574 692 673 733 Ἰωσὴφ
685 693 731 727 τὰς
745 692 789 722 διὰ
799 695 852 722 τῶν

81 738 190 768 παίδων.
205 739 400 779 Ὑπεξαιρεῐται
413 742 430 775 ἡ
445 743 490 769 τοῦ
505 740 582 776 Λευὶ,
594 739 639 769 καὶ
653 739 803 780 ἀφορίζεται
816 741 849 779 τῇ

80 784 152 818 τάξει
170 788 217 821 τ’ἠς
231 787 388 826 ἱερωσύνης·
406 786 464 816 οὐδὲ
478 787 529 827 γὰρ
543 782 575 822 ἦν
590 787 730 825 ἀναγκαῖον
745 786 809 815 ἄλλο
823 798 850 815 τι

80 832 275 871 μεταχειρίσαι·
300 833 344 863 καὶ
369 832 442 871 μένει
463 834 516 862 τῶν
534 832 636 862 δώδεκα
649 835 662 862 ὁ
676 831 785 872 ἀριθμὸς
811 832 848 871 μὴ

78 878 309 917 ἀκρωτηριασθείς.
335 881 372 909 Αἱ
386 879 433 918 μὲν
445 874 489 908 οὖν
500 879 602 908 δώδεκα
615 879 649 908 τὰ
672 879 741 908 ἄλλα
761 879 849 908 πάντα

77 921 219 962 ἔπραττον·
228 927 245 960 ἡ
260 924 287 954 δὲ
297 928 343 954 τοῦ
357 925 422 954 Λευὶ
435 925 469 954 τὰ
481 924 600 964 ἱερατικὰ
613 920 645 961 ἧν
656 924 848 964 ἐπιτεταγμένη

78 969 153 1007 μόνη.
165 971 214 999 Ἐκ
230 970 328 1007 ταύτης
341 967 373 1007 ἧν
384 974 398 1001 ὁ
409 973 538 1007 Μωῦσῆς.
562 966 644 1000 Οὗτοι
656 970 741 1000 τοίνυν
756 972 780 999 οἱ
794 970 848 1000 δώ-

76 1015 140 1044 δεκα
153 1017 316 1057 πατριάρχαι
330 1017 487 1051 ἀπελθόντες
498 1019 535 1050 εἷς
558 1016 691 1056 Αἴγυπτον
702 1039 709 1053 ,
732 1019 779 1052 τῆς
801 1019 847 1046 τοῦ

75 1063 146 1091 Θεοῦ
157 1062 316 1102 ἐπαγγελίας
329 1065 376 1098 τῆς
387 1064 452 1103 πρὸς
464 1063 509 1092 τὸν
531 1062 650 1103 Ἀὸραὰμ
663 1061 848 1102 πληρουμένης

75 1108 258 1148 τῆζλεγούσης
270 1130 279 1143 ,
304 1109 416 1144 Ποιήσω
431 1109 462 1138 τὸ
485 1108 592 1148 σπέρμα
607 1120 653 1138 σου
667 1110 703 1141 ὡς
716 1107 750 1137 τὰ
763 1107 849 1147 ἄστρα
865 1109 885 1132 D

74 1156 119 1183 τοῦ
134 1155 258 1194 οὐρανοῦ,
271 1154 419 1194 ,ἑξακοσίων
434 1155 561 1195 χιλιάδων
576 1154 693 1194 ἐγένοντο
716 1152 848 1193 πρόγονοι.

74 1201 211 1230 Ἐντεῦθεν
224 1201 254 1231 τὸ
267 1203 319 1231 τῶν
351 1201 484 1230 Ἰουδαίων
498 1201 610 1238 συνέσιη
634 1200 707 1240 γένος
728 1200 781 1229 ἀπὸ
801 1202 849 1236 τῆς

74 1246 160 1276 Ἰούδα
171 1248 254 1286 φυλῆς
276 1247 419 1287 ὀνομασθὲν
433 1248 481 1282 τῆς
496 1247 718 1287 βασιλικωτάτης,
742 1245 800 1275 ὅθεν
822 1244 848 1275 οἳ

74 1294 191 1332 βασιλεῖς
204 1293 235 1322 ἂν
250 1293 378 1333 ἐγένοντο.
398 1294 456 1329 Τῆς
481 1288 526 1322 οῧν
540 1293 661 1326 Παλαιᾶς
683 1293 740 1322 ἐστι
752 1292 783 1322 τὸ
798 1292 845 1331 μὲν

71 1339 202 1379 ἱστορικὸν
213 1362 220 1376 ,
248 1342 326 1370 τοῦτο
338 1338 369 1375 δὴ
382 1339 397 1369 ὃ
406 1338 602 1379 προειρήκαμεν
611 1350 618 1357 ·
639 1338 670 1368 τὸ
682 1338 709 1367 δὲ
724 1338 844 1378 συμὸου-

70 1385 206 1422 λευτικὸν,
233 1387 268 1419 ὡς
290 1385 320 1414 αἴ
342 1397 371 1414 τε
388 1386 553 1426 Παροιμίαι,
576 1385 621 1415 καὶ
643 1387 660 1421 ἡ
680 1388 726 1415 τοῦ
741 1385 843 1425 Σειρὰχ

70 1431 171 1472 Σοφία,
186 1431 232 1461 καὶ
245 1433 259 1460 ὁ
284 1431 513 1468 Ἔκκλησιαστὴς,
532 1431 624 1461 καὶτὰ
635 1430 763 1474 ’ᾼσματα
789 1433 841 1461 τῶν

69 1477 212 1517 ᾀσμάτων·
238 1477 269 1507 τὸ
293 1477 320 1507 δὲ
342 1477 504 1518 προφητικὸν
517 1499 525 1513 ,
551 1480 587 1511 ὥς
615 1479 639 1508 οἱ
660 1478 752 1512 δεκαὲξ
772 1479 841 1518 λέγω

67 1524 226 1563 Προφῆται,
246 1523 292 1553 καὶ
317 1523 330 1540 ‘¹
339 1523 431 1559 Ῥοὺθ,
450 1524 496 1553 καὶ
509 1523 602 1553 Δαυίδ.
623 1523 706 1564 Εὕροι
719 1524 744 1553 δ’
757 1525 788 1554 ἄν
802 1537 841 1558 τις

68 1569 102 1598 τὰ
113 1569 172 1605 εἴδη
185 1572 269 1599 ταῦτα
283 1569 428 1609 διῃρημένα
442 1570 575 1609 ἁδρομερῆ
589 1571 617 1599 ἐν
631 1570 756 1606 ἀλλήλοις
768 1571 839 1600 ὄντα.

68 1611 133 1645 Οἶόν
149 1627 176 1645 τι
195 1615 278 1655 λέγω,
301 1617 327 1645 ἐν
339 1620 396 1649 ταῖς
409 1615 535 1655 ἱστορίαις
554 1616 624 1656 εὖροι
637 1628 676 1650 τις
695 1617 725 1645 ἂν
739 1629 840 1657 προφη-

68 1661 155 1690 τείαν·
176 1661 222 1691 καὶ
235 1664 287 1691 τῶν
300 1663 442 1702 προφητῶν
456 1661 591 1692 ἀκούσειεν
609 1662 639 1691 ἃν
661 1662 748 1692 πολλὰ
764 1665 835 1692 ἱστο-
858 1659 875 1681 E

66 1708 127 1747 ρικὰ
139 1708 337 1747 διαλεγομένων.
347 1708 400 1738 Καὶ
411 1708 441 1738 τὸ
452 1711 498 1744 τῆς
509 1709 660 1748 συμὸουλῆς
672 1709 698 1739 δὲ
715 1705 781 1743 εἶδος
794 1711 839 1740 καὶ

64 1753 95 1782 τὸ
112 1756 160 1789 τῆς
180 1754 374 1794 παραινέσεως,
400 1755 427 1784 ἐν
443 1754 559 1795 ἑκατέρῳ
578 1754 693 1792 τούτων,
713 1755 740 1785 ἔν
754 1768 783 1785 τε
802 1759 836 1797 τῇ

64 1800 224 1840 προφητείᾳ,
238 1800 264 1829 ἔν
278 1812 307 1829 τε
320 1802 354 1839 τῇ
363 1801 475 1840 ἱστορίᾳ.
491 1801 584 1830 Πάντα
595 1801 622 1831 δὲ
636 1804 736 1837 ταῦτα,
745 1802 835 1844 ὥσπερ

63 1845 143 1886 ἔφθην
156 1845 251 1881 εἰπὼν,
261 1848 298 1879 εἷς
309 1846 336 1875 ἓν
351 1846 456 1886 βλέπει,
470 1847 519 1882 τὴν
538 1849 590 1876 τῶν
604 1847 750 1878 ἀκουόντων
766 1849 835 1889 διόρ-

874 561 891 581 (2

1589 166 1652 213 571

914 230 1040 260 tribubus
1054 232 1162 261 nomina
1173 243 1221 263 sua
1235 234 1299 264 dare
1308 236 1401 275 jussit.
1416 236 1497 265 Unde
1507 237 1618 277 contigit
1629 248 1660 269 ut

914 276 1041 306 tredecim
1054 278 1142 307 tribus
1154 287 1255 314 essent;
1273 291 1369 321 nempe
1388 282 1512 311 undecim
1530 284 1656 320 aliorum,

913 328 938 351 et
951 322 1012 351 duae
1031 324 1143 364 Josephi
1157 336 1205 364 per
1219 328 1277 366 ejus
1290 327 1372 358 filios.
1388 328 1490 358 Tribus
1513 330 1580 359 Levi
1594 331 1658 361 hinc

912 369 1074 407 extrahitur,
1089 370 1231 410 ordinique
1252 373 1409 403 sacerdotali
1429 374 1593 414 deputatur:
1611 388 1657 407 ne-

912 426 964 454 que
977 416 1049 446 enim
1073 418 1249 448 necessarium
1273 427 1330 448 erat
1353 419 1429 449 aliud
1451 421 1592 461 quidpiam
1605 424 1657 463 ipsi

911 461 1033 500 tradere;
1048 462 1140 502 sicque
1161 471 1249 494 manet
1261 463 1407 495 duodecim
1425 466 1548 496 tribuum
1562 478 1656 498 nume-

912 518 959 536 rus
982 517 1035 536 non
1060 508 1230 539 imminutus.
1245 510 1394 540 Duodecim
1410 521 1473 551 ergo
1494 512 1582 542 trihus
1603 514 1657 543 alia

910 553 998 582 omnia
1012 554 1138 592 gerebant
1152 566 1158 582 :
1174 555 1240 586 Levi
1252 563 1339 585 autem
1351 556 1434 586 tribui
1448 557 1495 586 uni
1508 558 1658 589 sacerdota-

910 597 947 627 lia
960 599 1052 628 munia
1065 600 1217 630 concredita
1228 608 1312 631 erant.
1329 602 1373 632 Ex
1393 602 1443 631 hac
1461 603 1532 633 tribu
1549 605 1657 644 Moyses

908 651 974 673 erat.
990 645 1026 675 Hi
1046 656 1109 685 ergo
1130 646 1274 676 duodecim
1291 648 1449 688 patriarehae
1462 649 1490 678 in
1506 649 1656 690 AEgyptum

907 690 1030 729 profecti,
1040 691 1150 732 impleta
1160 693 1211 722 Dei
1222 694 1398 733 promissione
1409 695 1565 725 Abrahamo
1575 697 1654 733 facta,

907 746 959 774 qua
979 736 1131 776 dicebatur,
1147 741 1272 769 Faciam
1292 750 1390 770 semen
1405 747 1487 771 tuum
1498 744 1573 771 sicut
1586 744 1655 772 stel-

907 783 952 811 las
965 783 1039 820 caeh',
1049 792 1237 815 sexcentorum
1249 786 1368 816 millium
1377 787 1451 816 fuere
1460 788 1652 827 progenitores.

906 828 976 858 Hinc
994 829 1154 860 Judaeorum
1176 842 1259 871 genus
1273 833 1448 862 constitutum
1464 840 1504 863 est
1517 833 1591 872 quod
1603 844 1652 864 no·

905 885 965 904 men
986 877 1087 916 accepit
1101 888 1116 906 a
1134 878 1207 907 tribu
1232 879 1249 909 J
1252 878 1304 907 uda
1327 879 1448 908 omnium
1471 880 1607 920 praecipua
1628 889 1652 911 et

905 921 993 961 regia,
1008 923 1080 952 unde
1093 934 1168 963 reges
1191 925 1278 954 exorti
1292 932 1365 954 sunt.
1382 926 1489 956 Veteris
1503 926 1588 966 igitur
1598 928 1651 957 Te-

903 968 1025 997 stamenti
1039 968 1116 998 aliud
1129 969 1239 1008 quidem
1253 970 1412 1000 historicum
1426 978 1476 1008 est,
1491 972 1542 1002 hoc
1557 982 1652 1013 nempe

903 1013 974 1051 quod
992 1014 1049 1053 jam
1073 1015 1265 1045 recensuimus.
1278 1016 1346 1053 Quae
1365 1016 1400 1046 ad
1413 1017 1525 1047 consilia
1538 1018 1651 1048 moralia

903 1060 1047 1098 pertinent,
1059 1067 1122 1090 sunt
1129 1061 1286 1098 Proverbia,
1295 1061 1432 1102 Sapientia
1442 1063 1549 1102 Sirach,
1557 1065 1650 1094 Eccle—

902 1106 995 1136 siastes
1004 1129 1012 1144 ,
1038 1108 1147 1138 Cantica
1177 1109 1352 1138 canticorum.
1376 1111 1566 1150 Propheticum
1586 1123 1650 1143 vero

902 1159 965 1181 sunt
989 1152 1124 1183 sexdecim
1148 1154 1301 1194 Prophetae‚
1321 1155 1409 1193 Ruth,
1423 1163 1449 1185 et
1473 1157 1574 1187 David.
1601 1159 1649 1188 flae

902 1208 966 1227 vero
978 1199 1078 1239 species
1095 1199 1201 1238 divisae‚
1213 1201 1293 1230 etiam
1306 1201 1462 1241 permixtim
1474 1203 1534 1231 aliae
1547 1203 1576 1232 in
1588 1203 1649 1234 aliis

902 1244 1079 1284 reperiuntur.
1086 1246 1213 1286 Exempli
1220 1257 1310 1284 causa,
1318 1247 1346 1276 in
1352 1247 1472 1277 historiis
1479 1248 1648 1288 prophetiam

901 1289 1021 1320 invenire
1033 1298 1072 1320 est
1088 1303 1094 1320 :
1109 1298 1134 1321 et
1147 1292 1291 1332 prophetas
1308 1293 1437 1322 historica
1450 1294 1535 1323 multa
1554 1306 1646 1325 recen—

899 1346 956 1365 sere
967 1337 1106 1375 audimus,
1121 1345 1200 1377 atque
1217 1339 1245 1367 in
1260 1339 1358 1368 horum
1371 1346 1484 1379 utroque
1495 1341 1607 1371 consilia
1620 1350 1646 1372 et

898 1383 1000 1413 monita
1011 1383 1250 1424 deprehendimus,
1264 1394 1359 1426 nempe
1372 1387 1401 1416 in
1415 1387 1555 1427 prophetia
1575 1395 1601 1418 et
1617 1389 1645 1418 in

897 1428 1018 1459 historia.
1030 1431 1094 1460 Haec
1105 1432 1205 1469 omnia,
1216 1439 1246 1462 ut
1256 1432 1326 1470 dixi,
1339 1432 1374 1462 ad
1387 1443 1469 1463 unum
1482 1435 1643 1474 respiciunt,

897 1485 991 1516 nempe
1004 1476 1040 1506 ad
1053 1477 1223 1507 audientium
1236 1478 1446 1509 emendationem
1455 1503 1462 1517 ,
1476 1480 1512 1509 ita
1529 1488 1558 1510 ut
1570 1489 1595 1511 et
1609 1493 1644 1511 ex

895 1522 971 1561 prius
981 1530 1117 1562 gestorum
1130 1524 1293 1562 narratione,
1308 1535 1343 1554 ex
1355 1526 1468 1555 consilio
1481 1527 1643 1557 admonitio—

896 1578 1000 1606 neque,
1015 1575 1088 1599 etex
1101 1570 1243 1610 prophetia
1262 1570 1296 1600 ad
1313 1571 1342 1600 id
1363 1571 1437 1610 quod
1456 1572 1584 1603 decorum
1603 1582 1642 1604 est

895 1623 942 1643 uos
960 1615 1161 1645 concinnemus.
1184 1616 1334 1657 Prophetiae
1353 1628 1416 1647 vero
1436 1618 1508 1647 illud
1524 1620 1642 1650 maxime

895 1670 963 1699 opus
977 1668 1049 1697 erat,
1063 1668 1092 1691 ut
1105 1662 1194 1691 sutura
1205 1663 1399 1702 praenunciaret
1410 1686 1418 1701 ,
1445 1675 1492 1693 seu
1507 1665 1575 1694 bona
1592 1677 1639 1696 seu

895 1706 966 1735 mala
979 1714 1075 1743 essent3
1087 1714 1116 1737 ut
1123 1708 1190 1737 alios
1202 1709 1381 1747 attraherent,
1397 1710 1465 1739 alios
1479 1717 1551 1740 metu
1564 1722 1580 1741 a
1592 1722 1638 1742 ne-

893 1753 978 1791 quitia
996 1761 1154 1783 coercerent.
1174 1754 1224 1784 Est
1245 1761 1271 1784 et
1286 1754 1364 1784 aliud
1379 1756 1526 1796 prophetiae
1538 1767 1635 1797 genus,

892 1795 987 1839 nempe
1000 1810 1036 1828 ea·
1044 1810 1102 1838 quae
1120 1799 1155 1829 ad
1168 1800 1307 1830 Christum
1325 1802 1460 1841 pertinent
1472 1802 1613 1833 vaticinari
1627 1815 1634 1832 :

892 1845 938 1874 ubi
953 1853 1074 1875 accurate
1085 1853 1223 1883 tractatur,
1239 1856 1292 1876 non
1306 1846 1339 1877 de
1351 1847 1470 1878 adventu
1481 1848 1572 1886 modo,
1586 1851 1634 1880 sed

63 1894 157 1928 θωσιν,
182 1891 250 1922 ὥστε
263 1892 308 1922 καὶ
321 1892 374 1922 ἀπὸ
397 1895 444 1929 τῆς
462 1896 514 1923 τῶν
529 1893 662 1934 προτέρων
677 1895 832 1934 διηγήσεως,
843 1910 880 1928 ,17
890 1891 960 1920 etde
973 1891 1007 1921 iis
1018 1903 1077 1931 quae
1086 1899 1147 1932 post
1159 1892 1307 1922 adventum
1317 1893 1436 1924 facturus
1445 1902 1513 1933 erat,
1527 1895 1562 1927 de
1572 1907 1632 1936 par-

63 1938 108 1967 χαὶ
130 1938 182 1968 ἀπὸ
203 1940 251 1974 τῆς
271 1938 423 1978 συμὸουλῆς
445 1939 490 1969 καὶ
508 1942 556 1975 τῆς
576 1940 771 1979 παραινέσεως,
787 1942 832 1972 χαὶ
851 1938 871 1960 A
890 1944 930 1974 tu,
946 1936 980 1966 de
999 1937 1149 1974 natalibus,
1163 1938 1197 1968 de
1213 1949 1307 1976 cruce,
1321 1938 1356 1969 de
1372 1940 1525 1979 miraculis,
1541 1940 1576 1971 de
1587 1942 1632 1972 dj-

59 1983 115 2013 ἆπὸ
126 1986 173 2020 τῆς
186 1984 346 2025 προφητείας
366 1984 535 2025 ρυθμίζεσθαι
547 1986 612 2025 πρὸς
624 1986 654 2015 τὸ
668 1987 735 2017 δέον.
760 1989 831 2028 Προ-

62 2030 169 2068 φητείας
182 2030 210 2061 δὲ
222 2033 299 2061 τοῦτο
317 2030 392 2071 ἔργον
420 2032 520 2070 μᾶλλον
533 2028 566 2068 ἦν
575 2053 583 2067 ,
604 2032 634 2062 τὸ
647 2033 681 2062 τὰ
702 2033 832 2073 μέλλοντα

61 2082 254 2117 προαναφωνεῖν
261 2100 270 2114 ,
278 2077 331 2107 εἴτε
339 2077 454 2117 χρηστὰ,
463 2077 516 2107 εἴτε
526 2078 643 2118 λυπηρὰ,
656 2078 699 2108 ἵνα
710 2080 769 2113 τοὺς
784 2080 832 2119 μὲν

61 2122 280 2160 ἅποσπάσωνται,
293 2122 353 2157 τοὺς
364 2123 392 2152 δὲ
405 2125 444 2163 τῷ
453 2123 525 2164 φόῧῳ
536 2126 583 2160 τῆς
597 2125 691 2158 κακίας
701 2126 832 2166 ἀπείρξω-

61 2179 112 2197 σιν.
124 2167 204 2198 Ἔστι
213 2169 241 2199 δὲ
253 2169 299 2198 καὶ
311 2169 398 2209 ἕτερον
409 2169 571 2209 προφητείας
583 2165 650 2203 εἶδος
661 2194 667 2205 ,
679 2171 710 2200 τὸ
723 2171 757 2200 τὰ
771 2172 831 2211 περὶ

91 2268 103 2280 ⁸
118 2263 213 2290 Τούτους
228 2263 316 2291 heims
333 2263 372 2288 δύο
388 2265 461 2296 φυλῶν
486 2265 584 2295 γενέσθαι
610 2265 744 2295 ἐπωνύμους.
763 2264 816 2288 Ho-

57 2298 111 2324 mil.
122 2301 137 2325 7
149 2298 266 2325 adversus
281 2299 391 2326 Judaeoe.
404 2301 478 2325 Tom.
492 2301 515 2331 1,
535 2309 561 2332 p.
576 2301 632 2330 668,
646 2302 664 2325 Α
678 2310 683 2324 z
697 2309 816 2332 Μανασσῆς

58 2342 95 2364 καὶ
105 2337 198 2374 ἑρραῒμ
209 2341 247 2365 δύο
265 2341 332 2374 φυλαὶ
349 2345 461 2372 γεγόνασιν
477 2342 596 2372 ἐπώνυμοι.
611 2338 660 2364 Ubi
672 2339 778 2365 Savilius
790 2348 815 2367 et

57 2376 152 2410 aliquot
163 2378 220 2404 Mu.
234 2380 272 2404 δὺο
287 2381 360 2413 φυλῶν
374 2377 484 2408 habeut,
495 2383 522 2402 ut
540 2379 566 2402 in
577 2385 639 2404 nota
657 2379 778 2413 diximus;
790 2387 816 2406 et

56 2416 160 2442 cornaz
170 2416 259 2443 melius
269 2427 275 2441 ε
285 2426 344 2442 nam
360 2425 418 2442 cum
432 2416 607 2451 hac,Synopsi
626 2425 750 2444 consonat
761 2419 815 2445 htec

53 2461 180 2488 ,postrema
192 2456 275 2482 lectio.
285 2456 341 2482 Illic
353 2457 427 2490 igitur
437 2456 514 2481 habet
531 2464 652 2488 Μανασσῆς
664 2462 701 2485 καὶ
720 2458 814 2495 lippam

56 2497 93 2522 δύο
111 2499 183 2528 φυλῶν
195 2502 308 2529 γεγόνασιν
326 2500 451 2528 ἐπώνυμοι,
463 2494 600 2521 secundum
618 2496 750 2523 lectionem
767 2498 814 2525 Sa-

56 2533 106 2559 vilii
119 2544 124 2559 :
138 2534 179 2559 hic
191 2541 274 2560 autem
287 2537 377 2563 τοὺτου,-
389 2538 477 2563 ἐποίησι
489 2536 526 2561 δύο
537 2538 609 2568 φυλῶν
619 2540 717 2569 γενέσθαι
727 2541 813 2565 ἐπωνύ-

58 2582 121 2605 μους,
140 2580 167 2598 ut
187 2573 270 2598 videas
292 2573 498 2606 Chrysostomum
518 2573 648 2608 utrobique
667 2575 753 2601 cadem
773 2576 812 2602 lo-

888 1984 1055 2024 scipulorum
1076 1985 1214 2023 electione,
1237 1985 1272 2015 de
1294 1986 1373 2017 Novo
1397 1987 1576 2025 Testamenta,
1597 1989 1632 2018 de

889 2030 1033 2059 cessatione
1054 2030 1230 2061 Juda’i'corum
1252 2031 1372 2070 rituum,
1393 2031 1428 2062 de
1450 2032 1631 2065 destructione

888 2076 1095 2115 gentilitiorum,
1109 2076 1143 2106 de
1155 2077 1295 2107 nobilitate
1308 2078 1450 2116 Ecclesiae,
1469 2079 1556 2119 deque
1569 2082 1630 2110 aliis

888 2122 1014 2152 omnibus
1026 2122 1249 2162 subsequentibus
1260 2123 1350 2153 rebus.
1364 2125 1428 2154 Haec
1438 2126 1528 2155 omnia
1541 2126 1630 2156 claris-

887 2173 954 2202 sime
967 2179 1028 2203 ante
1040 2173 1156 2203 multum
1168 2179 1273 2214 tempus
1282 2174 1464 2214 praedixerant
1473 2177 1610 2217 prophetae
1618 2200 1626 2215 ,

865 2271 992 2298 quentem.
1010 2265 1088 2290 Pon-o
1096 2273 1150 2298 quae
1159 2264 1191 2290 de
1199 2264 1313 2292 tribubus
1323 2266 1487 2292 Hebraeorum
1497 2267 1625 2301 dicuntur,

864 2303 952 2329 eodem
965 2304 1080 2329 nomilia:
1091 2305 1202 2337 septima:
1224 2304 1280 2330 loco
1300 2304 1424 2331 habentur
1436 2316 1461 2339 p.
1472 2308 1520 2331 667
1532 2313 1557 2332 et
1567 2309 1624 2333 668.

897 2342 908 2366 {¹
925 2342 993 2368 nuth
1005 2345 1069 2368 iuter
1085 2343 1246 2376 propheticos
1262 2344 1340 2370 libros
1355 2346 1461 2370 sortasse
1472 2347 1553 2378 ponit,
1567 2349 1623 2380 quia

865 2383 936 2407 unius
947 2381 1056 2407 mulieris
1067 2383 1174 2415 privatae
1190 2382 1295 2408 historia
1307 2393 1359 2409 non
1371 2383 1504 2410 videbatur
1516 2386 1580 2409 inter
1590 2385 1623 2410 li-

863 2420 923 2447 bros
938 2430 1022 2447 saeros
1033 2423 1159 2447 accenseri
1170 2431 1251 2455 posse,
1265 2424 1351 2448 nisiex
1361 2432 1390 2448 ea
1399 2423 1501 2448 muliere
1513 2425 1623 2449 nascitu-

861 2469 904 2486 rus
919 2460 1004 2487 suxisset
1017 2460 1141 2492 Christus,
1155 2460 1182 2486 id
1193 2461 1262 2494 quod
1278 2467 1318 2487 tot
1335 2467 1394 2487 ante
1410 2461 1505 2487 saeculis
1523 2464 1621 2488 nonnisi

861 2499 1006 2533 prophetice
1024 2501 1081 2526 sciri
1099 2506 1212 2533 poterat;
1232 2500 1271 2526 vel
1290 2500 1355 2525 forte
1372 2499 1428 2526 ῥοὺθ
1445 2500 1486 2526 hic
1503 2503 1622 2528 mendose

862 2540 1000 2572 irrepserit.
