1904 2840
179 1829 254 1846 cxxxi

115 2260 171 2282 Luc.
179 2267 185 2281 ι
192 2267 210 2285 2.
217 2260 255 2283 33.

118 2373 172 2395 Lnr.
183 2372 206 2395 6.
218 2373 256 2396 30.

264 206 334 242 868

830 239 835 242 ,
851 214 934 237 OPUS
960 213 1194 236 lMPERFECTUM

264 280 319 309 illis
333 286 382 315 est,
394 267 428 307 de
440 277 540 316 quibus
550 276 682 306 sollicitus
695 286 732 306 es.
747 277 837 321 Qpera
850 276 919 314 bona
930 276 1005 316 cupi·
1022 278 1043 301 Α
1060 275 1177 316 stinere?
1189 277 1263 312 Quot
1279 275 1352 306 enim
1369 278 1530 309 confessores
1547 263 1609 320 post
1621 280 1720 311 multas
1732 281 1806 323 inju-

263 320 332 348 ditas
344 318 499 347 divitiarum
514 323 538 345 te
550 317 635 346 facere
648 326 699 345 non
713 316 787 346 sinit.
800 315 943 353 Quomodo
955 327 1002 345 au-

263 366 315 388 tem
330 358 399 387 sinat
412 364 436 386 tc
450 364 495 385 tua
508 357 644 393 foenerare,
658 366 717 394 quae
729 356 866 396 compellit
879 363 905 385 te
918 356 1004 384 aliena

263 397 410 436 colligere?
424 397 490 425 Item
504 396 527 424 si
541 395 656 424 verbum
669 395 718 425 Dei
735 396 837 425 venerit
849 395 878 424 in
896 396 1003 435 pericu-

263 438 330 474 lum,
346 444 376 465 tu
392 442 500 475 propter
515 435 680 474 voluptatem
695 435 864 470 divitiarum,
880 442 926 464 aut
938 435 1004 472 quia

262 477 338 505 times
353 476 462 515 perdere
475 485 534 514 quae
546 475 639 510 habes,
651 481 696 503 aut
707 485 766 513 quae
780 485 832 503 non
845 475 925 503 habes
937 484 1002 503 cou-

262 516 376 555 cupiscis
391 514 538 553 acquirere,
550 514 690 543 veritatem
705 514 768 543 fidei
782 521 834 543 tuae
848 514 936 554 palam
951 523 1003 542 non

261 555 404 584 confiteris.
422 554 507 583 Vides
519 553 654 592 quomodo
669 554 823 583 sollicitudo
839 561 863 583 et
878 554 1003 594 voluptas

260 594 419 624 divitiarum
442 594 572 623 suffocant
586 593 709 629 verbum,
727 600 753 622 et
768 593 930 622 fructificare
950 603 1002 622 non

261 634 370 663 sinunt?
380 633 410 663 8.
426 634 566 672 Quaedam
576 643 663 672 super·
672 640 778 662 terram
791 634 905 662 bonam.
915 633 1002 662 Terra

261 681 350 703 autem
363 674 432 702 bona
446 680 508 702 sunt
522 673 568 711 qui
579 673 713 702 abstinent
725 683 754 701 se
764 683 779 701 a
794 673 898 702 divitiis
911 672 1000 709 malis,

260 720 286 742 et
299 713 447 743 secundum
453 713 524 743 vires
535 723 596 742 suas
607 712 710 741 faciunt
718 712 799 747 bona,
812 719 838 741 et
849 719 888 741 est
899 712 1002 741 fructus

260 763 352 782 eorum
366 753 530 793 trigesimus.
546 752 575 782 Si
588 758 677 781 autem
690 751 780 781 omnia
793 751 862 781 bona
875 762 1001 781 sua-con-

260 799 388 828 temnant,
401 799 426 821 et
446 791 572 822 accedant
587 791 621 820 ad
634 791 805 821 serviendum
820 792 888 827 Deo,
902 791 1002 820 habent

259 833 466 872 sexagesimum.
479 831 509 861 Si
523 838 611 860 autem
624 837 650 860 et
669 830 810 860 infirmitas
824 831 946 871 corporis
963 830 1001 860 eis

259 872 409 911 contigerit,
422 878 448 901 et
458 870 574 900 fideliter
584 870 769 902 sustinuerint.
780 870 879 900 habent
889 870 1001 900 centesi-
1018 875 1037 898 B

259 922 346 948 mum,
359 918 384 941 et
397 918 466 940 terra
477 911 549 940 bona
560 917 610 939 est.
623 911 692 940 Nam
706 917 732 939 et
742 910 795 940 Job
808 917 869 939 ante
881 909 1002 939 tentatio-

260 962 320 980 nem
340 951 505 990 trigesimum
523 950 619 979 habuit
639 950 666 979 in
679 949 850 979 facultatibus
864 950 920 979 suis
930 950 1002 989 juste

262 990 377 1021 vivendo
401 1003 407 1019 :
428 996 488 1030 post
512 990 610 1019 damna
633 989 786 1019 substantiae
810 996 836 1018 et
863 989 998 1025 filiorum,

261 1031 453 1069 sexagesimum
465 1042 471 1058 :
486 1036 546 1070 post
556 1029 661 1069 plagam
674 1036 762 1058 autem
775 1028 906 1069 corporis,
916 1035 1002 1058 cente-

261 1070 360 1099 simum
379 1070 450 1100 fecit.
473 1069 527 1106 Qui
551 1069 724 1098 centesimum
736 1069 828 1105 habet,
845 1069 874 1097 in
888 1079 916 1097 se
928 1079 1001 1098 sexa-

262 1109 392 1148 gesimum
401 1116 428 1139 et
443 1109 611 1148 trigesimum
623 1109 712 1138 habet.
728 1109 763 1138 Et
773 1108 822 1147 qui
833 1108 1001 1148 trigesimum

261 1149 352 1185 habet,
365 1149 560 1189 sexagesimum
577 1158 630 1177 non
648 1148 737 1177 hahet.
754 1149 788 1177 Et
802 1148 849 1186 qui
867 1147 1001 1187 sexagesi-

262 1199 335 1217 mum
347 1189 437 1224 habet,
449 1199 500 1218 non
514 1188 593 1217 etiam
604 1188 776 1217 centesimum
789 1188 879 1216 habet.
892 1188 1002 1227 Semper

262 1229 331 1257 enim
347 1230 433 1269 majus
446 1228 519 1267 quod
530 1228 619 1257 minus
631 1235 670 1257 est
683 1229 710 1256 in
720 1238 747 1257 se
760 1227 841 1256 habet
853 1227 999 1264 inclusum,

263 1268 333 1297 illud
349 1275 447 1304 autem,
463 1267 536 1306 quod
556 1267 646 1296 minus
666 1274 716 1303 est,
737 1267 824 1307 majus
847 1266 874 1295 in
898 1277 926 1296 sc
948 1276 1002 1296 non

262 1308 362 1338 habet:
379 1315 485 1347 utputa,
508 1307 669 1347 praefectoria
689 1313 805 1346 potestas
828 1306 908 1334 habet
927 1305 955 1335 in
974 1316 1002 1335 se

262 1347 390 1376 vicariam
413 1354 439 1376 et
460 1347 636 1376 consulariam
658 1352 812 1385 potestatem
828 1357 835 1373 ι
851 1345 1002 1374 consularia

263 1394 351 1415 autem
371 1393 495 1425 potestas,
513 1397 597 1425 neque
610 1385 750 1420 vicariam,
765 1395 851 1422 neque
863 1384 1002 1423 praefecto-

262 1426 330 1455 riam
352 1426 430 1455 habet
452 1426 480 1455 in
505 1437 532 1455 se
554 1431 718 1465 potestatem.
734 1425 848 1462 Utputa,
862 1423 909 1461 qui
923 1423 1002 1452 talem

263 1465 344 1495 fidem
362 1466 451 1502 habet,
467 1473 497 1495 ut
530 1465 594 1495 ossit
607 1463 674 1493 mori
690 1474 740 1509 pro
754 1463 872 1498 Christo,
887 1462 933 1491 ille
946 1462 1003 1491 sine

263 1505 347 1535 dubio
366 1513 391 1535 et
408 1506 497 1534 omnia
534 1515 584 1534 ona
605 1502 701 1533 mundi
719 1509 886 1532 contemnere
905 1508 1000 1541 potest.

262 1546 331 1574 Nam
349 1545 483 1585 quomodo
498 1556 546 1574 sua
565 1554 619 1573 non
638 1548 798 1577 contemnat,
817 1541 864 1579 qui
885 1541 1003 1580 seipsum

263 1586 427 1614 contemnit?
440 1587 507 1622 Nam
526 1591 552 1613 et
570 1583 616 1612 ille
635 1581 809 1612 centesimum
829 1581 918 1609 habet.
936 1582 1004 1610 Nam

264 1625 310 1663 qui
331 1636 358 1654 se
372 1632 397 1653 ct
410 1636 456 1654 sua
469 1624 624 1658 contemnit,
639 1622 724 1651 multo
738 1620 822 1658 magis
842 1620 928 1649 aliena
950 1630 1002 1649 non

263 1664 344 1699 tollit,
360 1665 497 1703 multoque
510 1662 616 1692 facilius
634 1661 668 1690 de
684 1659 854 1689 facultatibus
871 1659 927 1688 suis
940 1670 1003 1699 par-

263 1710 317 1732 tcni
330 1704 385 1740 dat,
397 1705 442 1742 qui
457 1710 524 1732 totas
543 1701 681 1730 facultates
693 1710 755 1729 suas
774 1699 843 1727 nihil
857 1699 1002 1728 existimat.

262 1744 329 1772 Item
348 1744 394 1781 qui
415 1742 610 1782 sexagesimum
628 1740 718 1775 habet,
740 1738 769 1767 id
791 1745 839 1775 cst,
863 1738 908 1777 qui
930 1738 1004 1768 divi-

263 1782 313 1811 tias
342 1789 428 1822 potest
459 1789 626 1811 contemnere
640 1801 647 1816 ‚
675 1780 702 1808 in
730 1778 834 1823 jejunio
863 1789 1005 1817 permane-

265 1833 307 1858 re,
329 1829 398 1850 caste
420 1821 512 1851 vivere
521 1843 528 1856 ,
551 1819 700 1858 corporales
727 1819 839 1857 injurias
862 1818 1002 1853 sustinere,

263 1861 321 1890 sine
331 1860 416 1890 dubio
428 1867 453 1889 et
465 1860 632 1899 trigesimum
645 1858 736 1886 habet.
751 1857 786 1886 Et
795 1857 842 1895 qui
855 1857 942 1886 sciunt
952 1857 1005 1886 sol-

263 1900 417 1930 licitudines
426 1900 528 1933 saeculi,
536 1906 560 1927 et
569 1898 718 1936 voluptates
728 1896 896 1932 divitiarum,
906 1897 1004 1926 clarius

264 1951 306 1969 cas
330 1946 496 1968 contemnere
518 1943 639 1978 possunt.
655 1937 711 1973 Qui
731 1943 818 1964 autem
838 1936 1004 1975 trigesimum

263 1979 352 2014 habet,
365 1978 394 2007 id
413 1985 462 2013 cst,
473 1978 521 2016 qui
541 1976 643 2005 malum
660 1987 712 2004 non
727 1976 799 2010 facit,
814 1975 862 2004 sed
875 1983 1005 2014 quantum

265 2024 350 2057 potest
370 2017 510 2051 benefacit,
531 2017 582 2045 hoc
604 2022 643 2044 cst
661 2015 732 2044 enim
753 2015 920 2054 trigesimum
934 2026 942 2042 :
958 2016 1005 2045 ille

264 2068 316 2086 non
331 2056 483 2086 omnimodo
496 2062 521 2084 et
535 2055 728 2094 sexagesimum
741 2055 830 2088 habet,
845 2055 874 2084 id
888 2062 937 2088 est,
953 2065 1004 2084 non

264 2096 372 2125 omnino
396 2102 481 2135 potest
501 2095 590 2124 omnia
613 2095 682 2123 bona
704 2105 751 2123 sua
776 2101 957 2129 contemnere,
979 2101 1005 2123 et

264 2135 389 2165 omnibus
409 2134 504 2163 diebus
523 2135 584 2164 vitae
604 2145 657 2163 suae
668 2134 801 2174 jejunare,
816 2141 863 2163 aut
883 2135 908 2163 in
924 2134 1005 2163 casti-

263 2181 316 2204 tate
330 2175 428 2210 vivere,
438 2181 485 2203 aut
497 2174 648 2213 corporales
659 2174 770 2214 injurias
782 2174 845 2214 pati.
862 2175 919 2203 Hoc
933 2173 1004 2202 enim

265 2222 305 2244 est
320 2214 525 2253 sexagesimum.
549 2214 612 2243 Ideo
640 2214 770 2243 Dominus
795 2213 921 2253 apostolis
940 2211 1002 2250 quiss

265 2254 337 2291 dem,
352 2255 399 2292 qui
418 2253 611 2292 sexagesimum
631 2260 761 2293 poterant,
773 2252 811 2281 sic
823 2252 890 2282 dicit
905 2264 911 2280 t
929 2252 955 2280 V
955 2261 1006 2280 en-

267 2295 326 2324 dite
348 2304 412 2332 quoe
434 2294 597 2329 habetis‚ec
617 2294 685 2322 date
705 2293 931 2329 eleemosynam.
944 2290 1006 2320 Istis

266 2342 366 2367 autem,
379 2334 426 2372 qui
451 2343 503 2361 non
529 2340 647 2372 poterant
669 2332 875 2371 sexagesimum,
891 2330 1008 2369 injungit

267 2374 304 2403 cis
319 2372 595 2413 trigesimun1‚dicens
612 2383 618 2399 :
637 2373 724 2402 Omni
734 2372 844 2410 petenti
858 2376 895 2404 te,
912 2370 950 2397 da
962 2376 1008 2398 :et

268 2415 319 2454 qui
329 2420 457 2443 mutuum
470 2414 552 2451 petit,
569 2423 628 2441 non
642 2418 757 2441 avertas
770 2411 806 2439 ab
824 2419 868 2438 eo.
883 2410 950 2453 Item
963 2409 1010 2447 qui

267 2454 460 2493 sexagesimum
483 2458 577 2491 potest,
588 2462 639 2480 non
661 2450 769 2480 omnino
792 2456 818 2478 et
837 2455 1009 2477 centeSimum

1060 315 1113 344 rias
1135 316 1203 345 mori
1218 316 1347 346 -timentes
1367 316 1437 357 lapsi
1453 319 1541 348 sunt?
1548 320 1594 350 Sic
1606 328 1632 350 et
1649 321 1741 358 homo,
1777 332 1806 351 ιιι

1059 365 1134 384 secus
1147 356 1220 384 viam
1234 362 1284 392 est,
1296 356 1387 386 omnia
1398 358 1508 387 malain
1521 369 1550 388 se
1563 359 1686 397 habet‚et
1699 361 1753 402 lapi
1775 372 1805 390 o-

1059 405 1105 423 sus
1118 401 1168 429 est,
1182 402 1208 424 et
1220 395 1355 435 spinosus.
1371 396 1423 426 Ille
1434 404 1535 434 autem,
1550 399 1598 438 qui
1610 400 1736 440 spinosus
1753 408 1804 436 est,

1060 444 1112 463 non
1131 435 1240 463 omnino
1254 435 1397 479 lapidosus
1410 443 1459 466 est.
1477 437 1513 467 Et
1526 438 1584 474 ille,
1600 440 1647 478 qui
1665 440 1804 480 lapidosus

1060 480 1110 510 est,
1123 483 1176 502 non
1188 484 1297 504 omnino
1315 485 1390 505 secus
1404 476 1475 506 viam
1489 484 1539 507 est.
1552 479 1668 518 Utputu,
1684 480 1733 518 qui
1745 480 1805 508 for-

1060 513 1177 542 nicarius
1190 521 1239 550 est,
1256 515 1303 553 qui
1318 526 1415 545 avarus
1429 523 1480 554 est,
1492 517 1540 555 qui
1553 518 1679 558 perjurus
1690 525 1742 555 est,
1756 519 1805 558 qui

1059 553 1103 581 sur
1125 560 1174 589 est,
1188 554 1296 584 omnino
1310 555 1333 583 si
1347 555 1391 584 illi
1407 559 1579 596 persequutio
1596 565 1644 588 aut
1664 558 1804 588 tribulatio

1060 592 1162 637 venerit
1182 601 1290 633 propter
1307 595 1432 632 verbum,
1446 595 1503 625 sine
1523 596 1609 627 dubio
1626 605 1758 637 quantum
1769 598 1805 628 ad

1058 631 1193 661 hommem
1204 633 1410 671 scandalizatur,
1420 642 1446 664 et
1457 637 1657 675 praevaricatur.
1667 638 1723 675 Qui
1732 637 1805 667 enim

1058 678 1118 700 ante
1134 673 1305 702 tentationem
1323 674 1403 703 fidem
1417 676 1474 704 Deo
1487 685 1541 705 non
1553 684 1654 713 servat,
1668 677 1804 716 quomodo

1058 710 1085 739 in
1100 711 1156 750 ipsa
1167 713 1311 742 tentatione
1322 714 1373 743 erit
1390 713 1498 744 fidelis?
1514 716 1580 746 [tem
1598 717 1647 756 qui
1665 717 1804 758 lapidosus

1058 757 1098 779 est
1109 757 1134 780 et
1147 752 1282 790 spinosus,
1297 753 1326 782 id
1338 760 1386 790 est,
1399 754 1447 793 qui
1461 765 1496 783 ex
1509 755 1589 785 corde
1601 766 1654 785 non
1669 756 1764 794 credit,
1778 763 1805 787 ct

1056 797 1098 819 est
1116 790 1234 835 infidelis
1253 799 1278 821 et
1294 803 1406 830 vacuus,
1426 793 1463 823 ita
1482 801 1511 824 ut
1530 805 1580 825 nec
1597 796 1805 836 persequutione

1058 836 1104 874 aut
1125 830 1298 861 tribulatione
1316 833 1474 862 scandalum
1487 835 1605 874 patiatur
1620 848 1627 865 ε
1643 836 1730 866 multo
1740 842 1804 866 ma·

1058 879 1098 908 gis
1110 880 1158 899 nec
1171 870 1367 900 sollicitudines
1380 873 1520 902 saeculares
1533 876 1631 913 poterit
1641 876 1804 911 ηἰηνομαι

1056 908 1207 949 voluptates
1226 910 1354 940 carnales.
1367 913 1422 949 Qui
1441 913 1512 941 enim
1531 914 1588 944 illic
1607 915 1803 945 scandalizatur

1056 954 1082 977 et
1099 949 1301 988 praevaricatur,
1315 951 1362 979 ubi
1383 951 1509 991 intelligit
1522 963 1551 982 se
1572 954 1670 994 perire,
1686 955 1709 985 si
1722 955 1803 985 fuerit

1056 987 1249 1032 scandalizatus
1263 997 1382 1028 :quanto
1401 992 1487 1031 magis
1509 993 1706 1024 sollicitudines
1726 995 1802 1024 divi-

1055 1033 1155 1056 tiarum
1172 1035 1198 1057 et
1212 1028 1362 1069 voluptates
1381 1041 1434 1060 non
1448 1038 1488 1060 est
1504 1039 1642 1063 contentus
1660 1035 1800 1074 repellere,

1055 1066 1084 1095 in
1095 1067 1196 1106 quibus
1214 1078 1242 1097 se
1262 1070 1368 1107 gravari
1386 1070 1525 1110 intelligit,
1538 1082 1591 1102 non
1609 1074 1720 1113 perire?
1733 1075 1803 1104 Nam

1056 1106 1251 1137 sollicitudines
1270 1107 1428 1139 divitiarum
1445 1116 1471 1139 et
1488 1111 1640 1152 voluptates
1653 1114 1801 1153 profectum

1057 1145 1219 1186 impediunt,
1242 1157 1294 1176 non
1318 1148 1420 1178 faciunt
1439 1157 1615 1189 peccatorem.
1635 1153 1691 1189 Qui
1712 1160 1802 1183 autem

1058 1185 1253 1216 scandaliratur
1262 1187 1290 1216 in
1302 1187 1425 1224 Christo,
1434 1189 1506 1219 cadit
1515 1201 1532 1219 a
1542 1190 1661 1221 Christo.
1672 1193 1728 1229 Qui
1737 1203 1801 1234 ergo

1058 1232 1084 1255 et
1094 1225 1188 1255 cadere
1200 1233 1294 1266 potest,
1306 1228 1393 1258 multo
1406 1229 1490 1268 magis
1507 1229 1727 1270 impedimentum
1745 1233 1802 1273 pati

1057 1272 1195 1294 contentus
1208 1273 1257 1295 est.
1269 1267 1324 1304 Qui
1339 1274 1428 1298 autem
1437 1269 1561 1308 spinosus
1572 1277 1620 1307 est,
1627 1281 1678 1300 non
1692 1272 1802 1302 omnino

1057 1311 1083 1334 et
1102 1304 1239 1344 lapidosus
1259 1313 1308 1335 est.
1323 1307 1392 1337 Sunt
1410 1309 1493 1342 eni‘m,
1507 1309 1555 1346 qui
1571 1316 1671 1341 tantam
1691 1311 1802 1351 quidem

1058 1343 1139 1372 fidem
1159 1354 1212 1373 non
1226 1345 1333 1382 habent,
1347 1353 1376 1375 ut
1394 1347 1504 1377 divitias
1520 1359 1582 1378 suas
1605 1357 1631 1379 et
1650 1352 1802 1392 voluptates

1058 1393 1108 1422 pro
1129 1383 1216 1412 nihilo
1237 1391 1340 1423 putent,
1352 1393 1378 1414 et
1396 1387 1607 1418 sollicitudinem
1625 1400 1719 1420 earum
1736 1401 1802 1421 con-

1059 1429 1187 1466 temnant,
1196 1429 1221 1451 et
1231 1424 1315 1462 magis
1325 1424 1438 1464 diligant
1450 1427 1563 1456 caelestia
1577 1439 1657 1466 quam
1671 1437 1775 1461 terrena
1791 1443 1798 1459 ε

1060 1467 1147 1490 tamen
1161 1471 1184 1490 si
1202 1463 1310 1491 tentatio
1326 1465 1440 1500 venerit,
1456 1475 1509 1494 non
1528 1467 1656 1496 recedunt
1667 1469 1801 1499 aChristo

1059 1507 1167 1540 propter
1188 1501 1310 1531 timorem
1331 1504 1499 1542 perditionis.
1514 1507 1583 1535 Nam
1599 1507 1648 1536 etsi
1667 1508 1801 1539 mundum

1058 1547 1225 1570 contemnere
1241 1551 1294 1571 non
1304 1542 1405 1573 fuerint
1414 1545 1541 1579 contenti,
1555 1546 1599 1575 vel
1609 1547 1674 1586 quia
1687 1558 1739 1577 non
1751 1549 1801 1587 qui

1060 1585 1068 1615 (
1080 1580 1142 1619 sic)
1156 1587 1216 1609 ante
1229 1580 1417 1612 desiderabant
1431 1584 1595 1623 magnificari
1613 1587 1687 1625 apud
1700 1589 1799 1625 Deum,

1059 1626 1146 1663 tamen
1171 1630 1187 1648 a
1207 1620 1315 1650 Christo
1335 1622 1457 1652 recedere
1482 1634 1535 1652 non
1558 1632 1620 1655 sunt
1641 1627 1716 1663 ausi,
1738 1627 1802 1666 qui'a

1060 1666 1154 1688 timent
1169 1662 1265 1699 perire.
1289 1660 1372 1699 Ideo,
1398 1662 1422 1691 si
1444 1663 1584 1693 necessitas
1601 1666 1725 1704 venerit,
1745 1667 1801 1696 sre-

1061 1705 1171 1743 quent'er
1194 1706 1220 1728 ct
1238 1699 1308 1729 bona
1335 1712 1383 1730 sua
1407 1701 1565 1739 dimittunt,
1592 1706 1709 1743 quorum
1726 1706 1802 1736 solli-

1061 1738 1180 1767 citudine
1199 1746 1259 1768 ante
1280 1740 1386 1770 fuerant
1402 1741 1526 1782 obligati.
1542 1744 1612 1773 Nam
1631 1746 1718 1775 multo
1742 1748 1802 1776 ma-

1061 1778 1101 1823 gis
1116 1778 1278 1808 laboriosum
1300 1786 1340 1809 est
1359 1780 1386 1814 in
1413 1783 1553 1812 securitate
1575 1785 1803 1825 concupiscentias

1062 1828 1184 1854 vincere,
1201 1829 1282 1856 quam
1306 1819 1334 1848 in
1358 1821 1480 1860 periculo
1504 1822 1613 1853 divitias
1653 1835 1711 1855 osse
1735 1836 1802 1856 con-

1062 1864 1187 1886 temnere.
1203 1859 1264 1897 Ipse
1283 1858 1355 1888 enim
1377 1860 1458 1891 timor
1477 1861 1591 1901 periculi
1610 1874 1624 1891 a
1643 1864 1721 1903 juvat
1741 1862 1802 1895 ani-

1062 1907 1143 1933 mam,
1159 1904 1184 1926 et
1196 1897 1274 1927 facile
1285 1898 1401 1928 vincitur
1409 1899 1550 1930 delectatio
1559 1903 1716 1942 corporalis.
1729 1906 1803 1941 Quot

1061 1943 1124 1981 sunt
1143 1937 1225 1973 enim,
1245 1937 1291 1976 qui
1319 1939 1346 1967 in
1365 1940 1505 1970 securitate
1536 1951 1589 1970 non
1609 1942 1718 1972 fuerunt
1739 1954 1803 1973 con-

1061 1982 1126 2005 tenti
1141 1987 1271 2016 pauperes
1281 1987 1348 2014 esse,
1363 1985 1389 2007 ct
1402 1989 1464 2008 cum
1475 1979 1602 2010 viderunt
1614 1984 1804 2022 persequutio-

1061 2025 1133 2049 nem,
1151 2015 1236 2055 magis
1250 2018 1366 2046 contenti
1382 2018 1491 2048 fuerunt
1509 2020 1580 2049 bona
1593 2031 1642 2050 sua
1655 2022 1802 2059 dimittere,

1062 2065 1143 2093 quam
1153 2056 1240 2094 perire
1249 2063 1358 2095 propter
1367 2057 1436 2086 illa?
1447 2059 1588 2088 Praesciens
1599 2061 1672 2090 Deus
1681 2063 1805 2100 frequen·

1063 2100 1102 2123 ter
1122 2093 1243 2138 praecidit
1263 2094 1372 2138 divitias
1387 2107 1491 2132 eorum,
1505 2104 1535 2126 ut
1547 2109 1562 2126 a
1575 2098 1804 2132 sollicitudinibus

1062 2133 1183 2169 relevati,
1197 2143 1318 2163 securius
1327 2142 1353 2163 et
1366 2136 1463 2165 melius
1477 2137 1648 2176 permaneant
1659 2150 1722 2169 cum
1735 2141 1801 2171 Deo.

1061 2172 1130 2201 Item
1144 2172 1190 2210 qui
1208 2172 1346 2212 lapidosus
1355 2181 1405 2211 est,
1418 2185 1472 2204 non
1483 2177 1591 2206 omnino
1604 2185 1630 2207 et
1644 2189 1722 2209 secus
1732 2181 1804 2210 viam

1062 2218 1111 2255 est.
1124 2211 1213 2240 Multo
1227 2213 1298 2241 enim
1314 2213 1449 2244 fideliores
1466 2222 1537 2251 sunt,
1551 2217 1600 2255 qui
1614 2218 1643 2246 in
1654 2229 1806 2258 persequu-

1062 2251 1181 2279 tionibus
1202 2251 1312 2281 forsitan
1335 2261 1446 2292 possunt
1465 2255 1651 2294 scandalizari,
1665 2265 1753 2288 tamen
1778 2260 1806 2290 in

1064 2290 1250 2328 iniquitatibus
1271 2302 1324 2320 non
1345 2303 1372 2321 se
1385 2294 1493 2323 omnino
1510 2295 1632 2335 obligant
1646 2308 1653 2325 :
1669 2299 1733 2336 quia
1744 2309 1807 2328 cum

1065 2329 1163 2369 gaudio
1177 2330 1312 2370 accipiunt
1329 2333 1453 2368 verbum,
1465 2341 1492 2363 et
1503 2333 1621 2375 diligunt
1634 2337 1747 2373 bonum,
1759 2339 1807 2368 sed

1066 2369 1210 2399 vincuntur
1221 2370 1249 2398 in
1264 2371 1446 2402 tribulatione.
1461 2374 1496 2403 Et
1513 2384 1558 2403 eos
1577 2375 1687 2405 forsitan
1698 2384 1808 2417 propter

1067 2409 1277 2439 misericordiam
1292 2421 1368 2440 suam
1381 2413 1451 2442 Deus
1462 2413 1613 2452 frequenter
1622 2415 1740 2453 salvans,
1755 2427 1808 2447 non

1066 2447 1177 2477 adducit
1196 2459 1276 2489 super
1300 2461 1344 2479 eos
1358 2452 1539 2488 tentationem,
1555 2453 1626 2484 unde
1644 2455 1807 2487 vincantur:

268 2500 363 2532 potest.
379 2492 480 2529 Quanti
500 2498 576 2527 sunt,
599 2490 646 2529 qui
669 2496 695 2519 et
713 2490 783 2518 bona
804 2498 852 2517 sua
875 2487 1010 2516 dimittere

268 2539 388 2571 possunt,
404 2539 428 2561 et
438 2530 607 2560 amissionem
627 2540 716 2559 rerum
729 2537 839 2572 suarum
858 2528 1006 2573 patiuntur,

268 2578 294 2600 et
304 2578 372 2601 caste
385 2571 475 2601 vivere
486 2577 608 2609 possunt,
622 2575 648 2599 et
662 2567 813 2608 corporales
826 2576 939 2611 injurias
950 2567 1008 2596 suf—

269 2611 355 2640 scrrc:
374 2618 398 2639 et
418 2609 499 2646 illud,
511 2609 584 2648 quod
597 2615 636 2639 est
653 2607 836 2644 centesimum,
853 2613 946 2635 timent
960 2617 1009 2635 su—

1066 2488 1192 2526 quoniam
1211 2499 1288 2518 nemo
1303 2497 1424 2520 nostrum
1442 2491 1554 2522 idoneus
1567 2500 1616 2529 est,
1633 2495 1647 2510 *
1660 2496 1682 2523 si
1697 2506 1744 2525 nos
1762 2498 1826 2537 ju·'
1837 2501 1904 2524 l'orie,

1065 2527 1110 2556 bet
1123 2528 1196 2557 Deus
1207 2538 1282 2558 orare
1295 2542 1302 2558 :
1317 2530 1345 2558 E
1348 2535 1359 2558 t
1373 2541 1408 2559 ne
1421 2540 1474 2560 nos
1486 2532 1609 2562 inducas
1625 2535 1657 2562 in
1669 2538 1805 2566 tentatio·
1819 2543 1904 2566 Μαιιιι.

1066 2577 1141 2595 nem.
1159 2568 1214 2604 Qui
1227 2575 1316 2598 autem
1330 2579 1407 2599 secus
1418 2570 1490 2599 viam
1506 2577 1557 2606 est,
1571 2572 1599 2601 in
1612 2574 1738 2604 omnibus
1751 2586 1808 2605 ma·
1822 2574 1857 2596 ¹3·

1065 2605 1098 2635 lis
1112 2607 1222 2637 obrutus
1236 2615 1284 2637 est.
1302 2609 1352 2638 10.
1371 2609 1410 2639 Ει
1430 2610 1600 2641 accedentes
1622 2614 1662 2642 ad
1682 2625 1747 2644 eum
1768 2615 1810 2644 di-
