1890 2826
212 154 258 199 48

211 230 257 259 bat
268 243 275 259 ε
286 231 328 259 E't
343 239 422 259 nunc
437 231 626 259 constituetur
642 229 834 268 adjudicium
848 229 950 258 Domi-

58 273 200 325 ssssszt’iffflw
211 285 275 304 nus.
292 275 364 312 Quia
376 276 447 305 enim
465 275 615 305 accusando
632 284 783 304 sermonem
792 274 949 312 consumsit,

57 312 67 325 C
109 313 128 326 ΙΊ
155 313 199 326 non
210 322 226 328 ιι

56 343 119 362 grave

71 368 83 386 ι’
133 368 199 388 terri-

56 374 67 386 c
79 374 85 386 ι

57 397 108 418 hile.

37 1806 122 1828 Manh.
134 1807 158 1829 5.

32 1842 72 1865 512.

35 1885 53 1900 ι.
67 1879 120 1901 Cor.
135 1884 159 1906 7·

33 1949 120 1970 nauh.
134 1949 157 1971 5.

32 1981 71 2001 23.
88 1979 125 2010 al.-

30 2104 115 2125 Manh.
131 2104 169 2127 25.

86 312 94 325 Β
123 352 128 361 ‚
151 336 199 364 p1„
208 333 242 351 ns
248 332 312 352 vero
321 322 369 362 qui
378 322 468 352 animo
477 329 541 352 sunt
548 322 658 362 stupido
670 321 853 351 accusarinon
859 321 951 352 admo·

207 369 274 399 dum
283 378 365 409 grave
378 376 428 407 est,
440 369 533 410 puniri
545 380 610 400 vero
620 367 754 405 terribile,
766 368 814 405 sit,
829 369 884 398 Res
893 378 948 398 non

206 416 236 445 in
247 416 413 446 accusatione
430 422 536 445 tantum
549 414 683 450 consistet,
697 413 746 443 sed
758 412 827 444 ultio
839 421 947 455 peccata

204 469 340 502 sequetur,
350 462 398 491 illo
417 463 464 501 qui
485 461 661 491 damnaturus
677 466 718 489 est
729 469 822 500 poenas
836 459 955 490 demum,

203 509 336 549 exigente,
351 516 378 538 et
394 508 525 539 adversus
544 506 760 547 praevariatores
769 508 819 547 jus
828 506 945 538 dicente.

204 555 285 592 Quod
298 561 368 585 certe
378 554 623 595 attemperationem
636 553 687 583 Dei
698 553 811 583 multam
819 553 946 589 ostendit,

203 603 251 641 qui
260 602 327 633 velit
343 602 424 631 etiam
441 611 504 630 cum
522 600 556 630 iis
576 600 669 630 subire
679 598 826 639 judicium,
841 610 872 630 ac
885 610 945 630 sei·-

203 659 308 678 monem
326 648 407 679 vertit
425 647 460 676 ad
478 646 650 677 excitandum
670 645 817 686 pudorem,
830 645 860 675 id
873 646 947 685 quod

203 702 273 725 certe
286 694 463 734 intelligentia
480 693 608 734 praeditos
622 692 649 721 in
667 702 805 723 summum
819 702 946 732 angorem

202 740 332 780 conjicere
345 740 423 770 solet.
435 741 530 779 Neque
543 739 631 769 solum
641 738 678 768 ob
690 749 760 775 eam,
771 748 853 777 quam
863 749 945 779 supra

200 787 270 824 dixi,
285 798 393 817 causam
414 786 450 815 ad
465 786 601 826 principes
619 791 646 814 et
663 785 780 814 seniores
796 794 944 815 sermonem

199 833 329 863 convertit
340 845 346 862 ε
357 831 404 862 sed
417 838 448 862 ut
459 842 550 861 omnes
567 831 670 866 doceat,
683 830 820 870 graviores
832 830 943 862 daturos

199 889 256 908 csse
274 888 366 919 poenas
387 877 538 919 principes,
557 888 640 917 quam
659 877 792 907 subditos.
810 877 942 908 Subditus

198 926 269 955 enim
288 936 338 966 pro
352 935 380 955 se
394 932 515 963 tantum;
530 925 655 964 princeps
665 934 730 954 vero
748 934 801 964 pro
818 924 906 964 seipso
916 931 942 954 et

198 982 248 1011 pro
262 971 406 1012 populo‚in
423 981 503 1010 quem
514 970 567 1010 ipsi
581 969 727 1010 imperium
747 969 876 999 traditum
889 977 939 1008 est,

197 1018 243 1048 dat
255 1018 385 1048 rationem
398 1030 404 1047 :
416 1024 442 1047 et
455 1028 471 1046 a
483 1016 634 1047 senioribus
656 1026 764 1055 quoque
777 1026 830 1045 non
843 1016 941 1058 imme-

198 1064 250 1094 rito
269 1071 342 1094 tanta
362 1064 511 1103 requiritur
527 1062 679 1102 diligentia.
697 1061 787 1100 Quod·
796 1061 868 1092 enim
885 1062 941 1092 illis

195 1115 234 1138 est
257 1108 413 1148 imperinm,
429 1107 551 1148 idipsum
572 1106 630 1136 istis
650 1113 723 1136 aetas.
741 1105 847 1146 Dignus
868 1107 940 1136 enim

195 1163 234 1186 cst
252 1157 332 1185 etiam
349 1156 442 1196 junior
462 1155 631 1195 correptione
653 1154 676 1183 si
695 1154 812 1194 graviter
834 1151 938 1194 peccet3

194 1203 242 1232 sed
255 1202 303 1232 ille
316 1202 364 1242 qui
376 1212 425 1242 per
438 1208 540 1230 aetatem
552 1200 750 1229 immunitatem
762 1206 802 1229 est
814 1199 938 1240 adeptus,

194 1258 281 1287 neque
291 1254 330 1278 tot
339 1248 485 1277 affectuum
501 1245 630 1276 fluctibus
649 1245 799 1282 obsidetur,
814 1246 860 1276 cui
872 1253 939 1276 tem-

194 1301 284 1334 perate
302 1294 393 1325 vivere
413 1293 520 1322 facilius
539 1299 590 1328 est,
601 1299 628 1322 et
639 1292 674 1322 ab
685 1292 747 1322 aliis
765 1292 940 1322 saecularibus

194 1341 275 1370 rebus
287 1341 365 1370 nullo
376 1339 482 1379 negotio
496 1339 628 1369 abstinere
640 1345 738 1380 potest,
751 1345 778 1368 et
788 1349 880 1369 rerum
890 1350 939 1369 ex-

192 1387 323 1427 perientia
337 1387 465 1426 majorem
485 1385 598 1426 adeptus
608 1385 794 1426 prudentiam3
805 1386 868 1426 jure
881 1397 940 1416 ma-

188 1434 249 1474 jore
260 1444 342 1473 quam
355 1433 403 1463 alii
417 1443 509 1463 omnes
526 1432 696 1462 damnatione
707 1432 807 1472 dignus
824 1440 875 1469 est,
891 1440 936 1463 ut-

191 1487 253 1520 pote
265 1480 313 1519 qui
324 1480 460 1520 juvenum
473 1478 612 1509 lasciviam
628 1478 656 1508 in
669 1485 796 1518 provecta
806 1485 882 1508 aetate
893 1490 936 1509 ex-

190 1526 319 1557 hibuerit.
339 1527 397 1557 Vos
425 1532 524 1555 autem
554 1535 607 1555 cur
623 1525 795 1555 incendistis
813 1527 934 1555 vineam

190 1584 296 1611 meam,
310 1580 338 1603 et
358 1574 462 1613 rapina
479 1575 614 1614 pauperis
625 1579 668 1602 est
688 1573 719 1601 in
732 1573 866 1602 domibus
879 1583 933 1601 ve-

189 1621 256 1648 stris
264 1622 277 1647 P
291 1619 402 1658 Ubique
412 1621 470 1648 Deo
480 1629 578 1659 magna
588 1617 758 1659 providentia
769 1624 808 1647 est
818 1628 881 1658 erga
889 1629 934 1648 eos

187 1665 235 1704 qui
257 1665 358 1706 injuria
383 1665 595 1695 afficiunturzac
620 1674 674 1693 non
694 1663 794 1699 minus,
810 1663 864 1693 imo
878 1664 933 1694 ali-

186 1711 295 1751 quando
314 1712 377 1752 plus
397 1711 554 1751 indignatur
572 1711 606 1741 de
616 1711 732 1752 peccatis
750 1721 812 1750 erga
823 1721 931 1740 conser-

186 1768 245 1795 vos,
259 1768 341 1797 quam
351 1757 386 1787 de
403 1758 519 1798 peccatis
530 1758 559 1786 in
573 1757 672 1797 ipsum.
689 1756 795 1786 Etenim
810 1756 932 1796 permisit

187 1811 217 1833 ut
231 1803 254 1833 is
267 1804 315 1843 qui
330 1803 503 1833 fornicariam
523 1803 634 1833 haberet
654 1813 779 1838 uxorem,
793 1802 869 1832 illam
881 1814 930 1833 ex-

186 1850 314 1890 pelleret,
336 1849 462 1890 gentilem
477 1859 541 1879 vero
561 1859 675 1878 uxorem
693 1859 782 1885 secus;
798 1849 860 1878 licet
879 1849 931 1879 hoc

185 1902 323 1936 peccatum
346 1902 438 1925 contra
456 1895 546 1935 ipsum
566 1901 644 1930 esset,
660 1894 737 1924 aliud
754 1905 818 1925 vero
840 1902 931 1924 contra

185 1942 331 1972 hominem.
352 1942 389 1972 Et
406 1941 494 1971 hostia
512 1947 657 1981 praesente,
677 1940 758 1981 jussit
780 1940 931 1979 relinquere

183 1999 293 2024 munus,
305 1998 354 2017 nec
375 1995 436 2018 ante
459 1986 533 2016 illud
555 1987 668 2024 offerre,
681 1997 761 2025 quam
775 1997 838 2016 cum
848 1987 930 2016 fratre

182 2034 400 2064 reconciliaretur
420 2034 460 2070 is,
480 2033 528 2072 qui
543 2032 701 2073 proximum
722 2032 878 2062 offenderat.
893 2034 928 2063 Et

182 2091 244 2110 cum
257 2080 291 2110 de
304 2081 354 2110 illo
368 2079 503 2120 judicavit
515 2078 564 2118 qui
584 2078 673 2108 decies
686 2078 762 2108 mille
773 2078 870 2108 talenta
881 2079 928 2108 de-

181 2133 333 2162 voraverat,
347 2136 409 2155 cum
429 2125 463 2155 de
486 2125 601 2166 peccatis
619 2132 713 2155 contra
727 2134 756 2154 se
773 2125 924 2155 commissis
955 2143 962 2151 a

181 2173 262 2201 illum
282 2179 435 2209 accusaret,
455 2182 507 2201 non
526 2171 616 2211 ipsum
632 2181 749 2210 nequam
766 2171 925 2211 appellavit,

180 2218 228 2248 scd
241 2219 293 2248 cito
307 2229 370 2248 cum
383 2217 432 2247 illo
452 2217 640 2247 reconciliatus
654 2224 709 2253 est,
721 2223 861 2256 totumque
875 2217 923 2247 de-

179 2264 268 2294 bitum
281 2263 384 2293 dimisit
399 2263 433 2299 ei,
445 2270 472 2292 at
488 2273 551 2292 cum
568 2262 602 2292 de
613 2270 721 2292 centum
732 2263 851 2293 denariis
861 2275 926 2304 age-

180 2317 267 2348 retur,
283 2317 309 2339 et
319 2320 427 2340 servum
441 2319 556 2348 nequam
570 2316 658 2343 vocat,
671 2316 698 2338 et
712 2310 859 2340 tortoribus
871 2318 926 2340 tra-

178 2356 238 2386 dit:
251 2367 299 2386 nec
319 2356 397 2396 prins
413 2366 477 2385 eum
494 2367 523 2385 se
540 2355 717 2385 dimissurum
734 2356 822 2394 dixit,
844 2367 924 2396 quam

177 2410 263 2432 totum
277 2402 399 2432 redderet
406 2402 545 2432 debitum.

217 2452 246 2479 7.
267 2452 326 2490 lpse
343 2459 452 2489 quoque
473 2448 598 2479 Christus
619 2458 680 2478 cum
704 2448 825 2489 colaphis
839 2449 924 2480 caede-

210 2536 222 2554 ¹¹
241 2539 284 2563 Τὴν
295 2536 317 2560 δὲ
326 2532 437 2563 clamita
444 2536 524 2563 οὐκέτι,
535 2533 651 2566 gentilem
661 2541 719 2556 vem
731 2541 810 2558 secus.
831 2532 879 2558 liic
893 2543 935 2566 per

193 2576 284 2602 λληνῑόα
301 2572 419 2605 intelligit
438 2581 491 2597 eam
504 2580 558 2605 quae
574 2570 701 2597 idolorum
713 2571 791 2597 cultui
801 2571 886 2598 dedita
899 2582 936 2598 es-

541 168 571 191 S.
602 166 744 191 JOANMS
770 166 954 191 eflRYsosr.
983 169 1138 194 Annium).
1167 172 1441 198 CONSTANTINOP-

1004 232 1199 268 καταστήσεται
1212 236 1249 268 εἰς
1269 235 1353 275 κρίσιν
1371 235 1473 276 Κύριος.
1488 235 1598 275 Ἐπειδὴ
1608 239 1664 280 γὰρ
1678 242 1714 275 εἷς
1726 243 1756 282 ἐγ
1769 261 1773 265 »

1003 275 1129 316 κλήματα
1149 278 1194 309 τὸν
1213 279 1290 319 λόγον
1314 281 1433 317 ἀνήλωσε
1448 305 1455 318 ,
1479 287 1534 317 τοῖς
1557 284 1585 314 δὲ
1607 287 1772 323 ἀναισθήτως

1003 322 1175 362 διακειμένοις
1192 325 1223 355 τὸ
1236 326 1283 364 μὲν
1296 328 1462 366 ἐγκαλεῖσθαι
1475 329 1504 357 οὗ
1523 330 1623 371 σφόδρα
1645 332 1727 373 βαρὺ,
1741 334 1772 364 τὸ

1003 366 1030 396 δὲ
1044 369 1197 403 κολάζεσθαι
1211 372 1330 412 φοὸερὸν,
1349 374 1438 413 φησὶν,
1457 374 1498 404 ὅτι
1513 376 1542 404 οὔ
1557 376 1639 417 μίχρι
1652 384 1770 419 κατηγο-

1003 412 1060 453 ρίας
1071 414 1105 444 τὰ
1115 415 1261 456 πράγματα
1272 418 1407 454 στήσεται,
1418 420 1486 450 ἀλλὰ
1497 420 1543 451 καὶ
1553 421 1612 459 δίκη
1622 427 1677 457 τοῖς
1687 425 1770 465 ἅμαρ-

1000 458 1116 499 τήμασιν
1137 461 1241 502 ἕψεται,
1263 466 1342 494 αὐτοῦ
1364 467 1410 494 τοῦ
1433 466 1573 505 μέλλοντος
1584 470 1768 505 καταδικάζειν

1000 505 1106 540 εὐθύνας
1129 508 1219 538 λοιπὸν
1241 511 1413 545 ἀπαιτοῦντος
1422 535 1429 549 ,
1456 513 1501 542 καὶ
1525 514 1679 554 κρινομένου
1704 518 1769 556 πρὸς

1000 550 1060 585 τοὺς
1079 554 1352 594 πεπλημμεληκότας.
1374 557 1411 587 ⁰0
1433 558 1478 587 καὶ
1499 559 1548 595 τὴν
1570 561 1769 600 συγκατάὸασιν

1000 599 1046 626 τοῦ
1067 598 1136 632 Θεοῦ
1154 601 1256 638 πολλὴν
1277 602 1415 639 δείκνυσιν,
1438 605 1596 644 ἀνεχομένου
1617 607 1767 641 δικάζεσθαι

1000 645 1058 680 μετ’
1074 644 1190 683 ἐκείνων,
1209 646 1254 676 καὶ
1268 649 1435 688 ἐντρεπτικὸν
1449 655 1518 680 ποιεῖ
1535 651 1580 681 τὸν
1594 651 1682 692 λόγον,
1694 653 1709 683 8
1722 654 1767 683 καὶ

998 688 1058 722 τοὺς
1081 692 1141 720 νοῦν
1167 691 1275 733 ἔχοντας
1298 696 1335 728 εἰς
1360 696 1478 735 μεγάλην
1503 698 1616 736 ἀγωνίαν
1640 699 1767 737 ἐμὸαλεῑν

998 733 1096 764 εἴωθεν.
1113 736 1173 766 Οὔκ
1188 737 1288 775 ἐκείνης
1300 740 1329 770 δὲ
1341 740 1428 771 ἕνεκεν
1442 743 1490 777 τῆς
1504 743 1604 779 αἰτίας,
1618 740 1650 780 ἧς
1662 745 1766 785 ἔμπρο-

998 782 1058 810 σθεν
1068 776 1150 820 εἷπον,
1163 783 1228 823 πρὸς
1239 784 1300 819 τοὺς
1312 785 1442 826 ἄρχοντας
1455 788 1500 817 καὶ
1513 788 1573 823 τοὺς
1585 791 1768 831 γεγηρακότας

997 826 1088 866 τρέπει
1107 827 1152 858 τὸν
1164 829 1252 869 λόγον,
1273 830 1342 861 ἀλλὰ
1362 833 1407 863 καὶ
1430 834 1559 864 διδάσκων
1574 835 1691 870 ἅπαντας
1703 860 1711 875 ,
1725 837 1766 867 ὅτι

997 872 1140 913 βαρύτεραι
1154 876 1206 905 τῶν
1228 877 1380 917 ἀρχομένων
1394 883 1448 913 τοῖς
1462 880 1586 920 ἄρχουσιν
1601 884 1628 911 αἱ
1652 884 1765 913 εὖθ’ῦναι.

995 918 1030 948 Ὁ
1045 919 1092 958 μὲν
1105 920 1157 960 γὰρ
1170 921 1237 964 ὑπὲρ
1250 924 1342 953 ἑαυτοῦ
1355 924 1442 964 μόνον,
1457 928 1471 955 ὁ
1486 926 1513 955 δὲ
1533 928 1598 968 ὑπὲρ
1611 931 1705 959 ἑαυτοῦ
1719 930 1764 959 καὶ

995 967 1041 994 τοῦ
1055 966 1157 1004 δήμου,
1171 962 1201 996 οἶ
1219 967 1270 1005 τὴν
1280 969 1366 1009 ἀρχὴν
1378 972 1604 1012 ἐγκεχειρισμένος
1621 975 1763 1015 τυγχάνει,

995 1010 1108 1051 παρέχει
1126 1012 1171 1042 τὸν
1183 1012 1276 1053 λόγον·
1289 1015 1335 1045 καὶ
1342 1017 1371 1046 -οἱ
1387 1017 1560 1058 πρεσὸύτεροι
1577 1019 1603 1049 δὲ
1617 1022 1665 1050 οὐκ
1685 1023 1764 1052 ἀπει-

994 1055 1078 1090 κότως
1099 1058 1231 1095 τοσαύτην
1252 1061 1424 1092 ἄπαιτοῦνται
1444 1062 1493 1099 τὴν
1514 1064 1658 1104 ἀκρίὸειαν.
1674 1066 1764 1108 ιὍπερ

993 1101 1044 1142 γὰρ
1062 1103 1169 1138 ἐκείνοις
1181 1107 1199 1141 ἡ
1215 1105 1300 1148 ἀρχὴ,
1312 1109 1390 1138 τοῦτο
1404 1108 1505 1143 τούτοις
1518 1112 1534 1145 ἡ
1555 1111 1657 1146 ἡλικία.
1680 1113 1763 1148 Ἄξιος

995 1146 1042 1186 μὲν
1058 1147 1110 1189 γὰρ
1123 1150 1168 1179 καὶ
1180 1152 1194 1180 ὁ
1208 1149 1264 1185 vlo<
1276 1148 1453 1192 ἐπιτιμήσεως
1469 1155 1540 1185 δεινὰ
1554 1157 1711 1196 ἁμαρτάνων
1725 1171 1731 1176 ·
1748 1162 1762 1188 ὁ

994 1193 1021 1222 δὲ
1035 1193 1084 1230 τὴν
1098 1195 1151 1224 ἀπὸ
1164 1197 1212 1231 ἰ-’ἤς
1223 1197 1326 1238 ᾑλικίας
1339 1198 1457 1230 ἀτέλειαν
1471 1199 1550 1240 ἔχων,
1565 1202 1610 1231 καὶ
1629 1204 1762 1238 τοσούτοις

992 1241 1082 1269 παθῶν
1097 1242 1126 1270 οὗ
1143 1242 1361 1284 πολιορκούμενος
1373 1245 1498 1285 κύμασιν,
1512 1247 1580 1277 ἀλλὰ
1598 1249 1643 1277 καὶ
1655 1261 1761 1290 σωφρο-

991 1288 1044 1314 νεῖν
1057 1286 1242 1327 εὖκολώτερον,
1256 1288 1363 1320 καὶτῶν
1377 1290 1463 1321 ἄλλων
1477 1293 1617 1333 ἀνέχεσθαι
1630 1296 1683 1324 τῶν
1697 1298 1761 1335 βιω-

991 1332 1072 1361 τικῶν
1085 1333 1148 1372 ῥᾷον
1158 1333 1301 1372 δυνάμενος
1310 1358 1318 1372 ,
1331 1336 1376 1366 xm
1389 1337 1497 1367 πλείονα
1509 1339 1670 1377 κεκτημένος
1683 1341 1760 1370 σύνε-

991 1387 1032 1406 σιν
1047 1377 1100 1407 ἀπὸ
1116 1381 1165 1414 τῆς
1175 1381 1228 1409 τῶν
1241 1381 1403 1420 πραγμάτων
1421 1383 1558 1424 ἐμπειρίας
1570 1407 1578 1421 ,
1598 1386 1706 1419 δικαίως
1728 1386 1759 1416 ἂν

991 1423 1092 1461 μᾶλλον
1113 1424 1236 1455 ἁπάντων
1257 1427 1465 1466 καταδικάζοιτο,
1484 1428 1518 1458 τὰ
1538 1432 1591 1460 τῶν
1606 1431 1760 1462 ἀκολάστων

990 1468 1053 1498 νέων
1076 1471 1104 1499 ἐν
1123 1470 1194 1511 γήρᾳ
1206 1472 1424 1513 ἐπιδεικνύμενος.
1437 1474 1530 1514 Ὑμεῖς
1549 1475 1577 1505 δὲ
1597 1477 1623 1506 τί
1639 1479 1759 1518 ἐνεπυρί-

989 1526 1053 1544 σατε
1070 1516 1114 1546 τὸν
1130 1517 1274 1556 ἀμπελῶνά
1287 1530 1348 1559 μου,
1361 1520 1407 1550 καὶ
1426 1523 1443 1557 ἡ
1464 1522 1571 1562 ἁρπαγὴ
1587 1526 1633 1552 τοῦ
1647 1528 1756 1564 πτωχοῦ

989 1562 1015 1590 ἐν
1029 1566 1084 1596 τοῖς
1098 1562 1181 1598 οἴκοις
1191 1566 1282 1604 ὑμῶν;
1296 1566 1438 1607 Πανταχοῢ
1460 1569 1498 1608 τῷ
1519 1569 1582 1608 Θεῷ
1603 1570 1688 1606 πολλὴ
1703 1574 1758 1600 τῶν

987 1609 1166 1648 ἀδικουμένων
1181 1613 1198 1646 ἡ
1213 1611 1336 1651 πρόνοια·
1355 1612 1400 1642 καὶ
1421 1615 1473 1643 τῶν
1485 1615 1522 1647 εἷς
1535 1615 1614 1644 αὐτὸν
1634 1616 1755 1656 ἁμαρτη-

951 1668 970 1691 1)
987 1654 1079 1692 μάτων
1090 1656 1138 1685 οὔκ
1151 1655 1268 1694 ἔλαττον,
1281 1658 1340 1687 ἀλλ’
1358 1658 1428 1689 ἔστιν
1439 1659 1504 1690 ὅπου
1517 1660 1562 1690 καὶ
1575 1661 1656 1691 πλέον
1670 1674 1757 1702 παρο-

986 1699 1091 1734 ξύνεται
1103 1701 1169 1742 ὑπὲρ
1183 1704 1235 1732 τῶν
1249 1704 1286 1737 εἰς
1306 1703 1367 1738 τοὺς
1384 1704 1540 1743 ὁμοδούλους
1553 1707 1758 1747 πλημμελημά-

985 1758 1048 1776 των.
1059 1747 1114 1776 Καὶ
1127 1747 1178 1788 γὰρ
1191 1747 1236 1778 τὸν
1254 1748 1303 1789 μὲν
1316 1749 1414 1790 πόρνην
1428 1750 1523 1791 ἔχοντα
1532 1757 1644 1791 γυναῖκα
1657 1753 1756 1783 {2642-

985 1793 1040 1822 λειν
1055 1792 1182 1834 ἐπέτρεψε
1191 1817 1200 1831 ,
1218 1793 1231 1810 ¹’
1241 1794 1286 1824 τὸν
1304 1795 1332 1825 δὲ
1348 1795 1490 1832 Ἑλληνίδα
1502 1797 1591 1827 οὐκέτι
1603 1810 1609 1816 ·
1625 1799 1713 1828 καίτοι
1725 1799 1755 1828 τὸ

986 1837 1033 1876 μὲν
1046 1840 1083 1872 εἷς
1096 1838 1184 1876 αὐτὸν,
1196 1839 1227 1869 τὸ
1245 1840 1320 1883 {34³⁴
1332 1841 1467 1881 ἄνθρωπον
1480 1842 1511 1872 τὸ
1525 1843 1680 1883 ἁμάρτημα.
1703 1845 1756 1873 Καὶ

984 1885 1032 1919 τῆς
1056 1884 1146 1920 θυσίας
1168 1886 1356 1926 προκειμένης,
1383 1888 1592 1928 καταλιμπάνειν
1617 1891 1647 1920 τὸ
1670 1892 1754 1930 δῶρον

983 1929 1123 1967 ἐκέλευσε,
1137 1931 1182 1961 καὶ
1206 1931 1244 1971 μὴ
1262 1932 1386 1973 πρότερον
1400 1934 1464 1963 αὐτὸ
1483 1934 1636 1975 προσάγειν,
1657 1936 1706 1970 ἕως
1721 1936 1752 1965 ἂν

983 1975 1017 2004 τὰ
1035 1976 1100 2016 πρὸς
1113 1977 1157 2007 τὸν
1171 1979 1280 2022 ἀδελφὸν
1293 1974 1323 2008 εὖ
1332 1979 1453 2014 διαθῆναι
1467 1981 1481 2008 ὁ
1495 1980 1539 2010 τὸν
1551 1981 1664 2016 πλησίον
1677 1984 1756 2012 λελυ-

982 2021 1086 2057 πηκώς.
1108 2023 1162 2053 Καὶ
1177 2023 1255 2060 ἡνίκα
1266 2024 1312 2054 τὸν
1324 2023 1360 2054 τὰ
1379 2024 1460 2065 μύρια
1478 2025 1596 2056 τάλαντα
1609 2027 1752 2063 κατεδηδο,

983 2067 1050 2097 κότα
1063 2068 1172 2109 ἔκρινεν,
1184 2069 1249 2111 ὑπὲρ
1261 2070 1308 2110 μὲν
1318 2073 1371 2101 τῶν
1386 2072 1423 2104 εἰς
1437 2072 1514 2101 αὐτὸν
1530 2074 1649 2111 ἐγκαλῶν
1664 2075 1752 2115 ἁμαρ-

981 2114 1119 2153 τημάτων,
1128 2115 1187 2145 οὔτε
1196 2116 1308 2157 πονηρὸν
1316 2117 1450 2154 ἐκάλεσεν,
1462 2118 1530 2148 ἀλλὰ
1541 2119 1586 2149 καὶ
1596 2121 1753 2160 κατηλλάγη

982 2160 1100 2200 ταχέως,
1117 2161 1162 2191 καὶ
1180 2162 1211 2192 τὸ
1224 2162 1323 2192 δάνειον
1337 2163 1406 2193 ἅπαν
1425 2165 1525 2204 ἀφῆκεν
1536 2176 1543 2183 ·
1564 2165 1630 2205 ὑπὲρ
1651 2167 1679 2195 δὲ
1700 2169 1752 2196 τῶν

982 2207 1076 2236 ἑκατὸν
1099 2208 1242 2248 δηναρίων,
1262 2209 1308 2239 καὶ
1331 2209 1444 2250 πονηρὸν
1471 2211 1561 2241 δοῦλον
1586 2212 1662 2241 καλεῖ
1673 2235 1680 2248 ,
1708 2213 1753 2242 καὶ

981 2256 1036 2285 τοῖς
1050 2254 1220 2292 βασανισταῖς
1229 2254 1404 2295 παραδίδωσι,
1416 2255 1462 2284 καὶ
1473 2258 1503 2286 οὖ
1514 2256 1642 2297 πρότερον
1657 2258 1752 2298 ἔφησεν

989 2297 1105 2336 ἐνήσειν,
1116 2299 1165 2334 ἕως
1177 2300 1248 2330 ἅπαν
1261 2301 1351 2341 ἀποδῷ
1363 2301 1394 2331 τὸ
1404 2300 1489 2341 χρέος.

1025 2451 1077 2480 Καὶ
1088 2450 1167 2486 ἡνίκα
1183 2450 1229 2490 μὲν
1242 2450 1318 2484 αὐτὸς
1331 2451 1485 2491 ἐῤῥαπίζετο
1498 2454 1512 2482 ὁ
1527 2453 1641 2493 Χριστὸς
1650 2476 1658 2491 ‚
1678 2454 1752 2484 οὐδὲν

986 2540 1031 2565 sct,
1045 2534 1071 2559 id
1081 2533 1149 2567 quod
1161 2542 1192 2560 ex
1203 2535 1265 2560 serie
1276 2534 1362 2568 liquet.
