1904 2840
82 422 147 444 psat.
162 422 185 445 3.
202 428 222 443 ι.

80 501 140 523 Ima.
153 508 174 522 v·
182 500 205 524 6.

224 971 303 1004 'Tale
317 981 358 1004 est
377 984 431 1013 quo

85 1017 139 1039 Ace.
151 1023 174 1039 2.
186 1023 225 1046 27.

85 1052 108 1070 et
116 1049 183 1070 Psat.
190 1048 224 1070 15.

88 1085 125 1101 ιο.

172 1541 210 1559 ccl
213 1541 227 1558 V

93 2443 229 2470 nom.2.28.

90 2486 130 2509 29.

93 2610 160 2634 Peal.
169 2605 233 2637 7551

234 189 306 238 946

233 264 360 294 scendum
374 269 423 297 cst,
439 259 528 300 qualis
540 265 580 304 est
592 257 757 288 consuetudo
769 258 971 304 prophetarum.
991 260 1011 285 Α
1029 259 1157 290 luminas
1169 266 1200 290 tu
1215 257 1389 289 mirabiliter
1406 269 1426 288 a
1441 261 1586 289 montibus
1595 260 1721 289 ceter-nis.
1736 261 1773 291 Et

233 305 397 342 Frequenter
418 311 452 330 ex
471 309 608 329 occasione
627 298 727 327 carnali
749 298 929 337 incipiebant,
947 304 974 327 et

234 343 272 372 sic
292 341 437 371 miscebant
455 338 633 380 prophetiam.
656 338 780 378 Utputa,
800 337 889 367 David
911 347 973 366 cum

234 379 335 422 fugeret
347 392 363 409 a
374 380 440 409 facie
457 378 585 414 Absalon,
600 388 634 407 ex
645 377 782 406 occasione
795 387 849 406 suae
862 377 974 406 tribula-

234 421 313 451 tionis
332 419 463 459 incipiens
482 417 553 447 dixit
566 429 573 446 :
585 418 722 452 Domine,
740 417 814 456 quid
827 417 973 455 multipli—

233 464 292 490 cati
305 466 373 489 sunt
386 461 438 498 qui
452 457 596 487 tribulant
606 459 670 486 me?
683 457 719 486 Et
732 455 902 488 introducens
911 466 973 495 pro-

232 500 349 540 phetiam
370 498 512 527 dominicae
531 497 682 536 passionis,
706 495 812 525 addidit
832 496 890 526 ita:
907 496 973 535 Ego

232 540 358 569 dormivi
369 545 396 567 et
407 543 558 576 soporatus
577 546 651 571 sum,
665 542 693 565 et
711 537 873 572 exsurrexi,
919 545 972 563 uo-

233 582 311 608 niam
322 578 466 607 Dominus
477 578 601 614 suscepit
613 587 667 604 me.
681 575 733 605 Illa
746 585 877 614 ergoquae
910 574 971 610 ixit,

231 620 368 655 Domine,
387 617 459 657 quid
475 616 666 655 multiplicati
679 622 747 644 sunt
761 616 813 652 qui
830 614 973 643 tribulant

232 669 288 695 me,
303 664 329 688 et
343 664 448 692 caetera,
463 666 522 695 quae
539 654 702 695 praecedunt,
722 653 870 684 secundum
883 653 971 682 histo-

232 698 300 728 riam
319 697 512 736 intelligamus.
533 696 596 725 Haec
614 701 714 730 autem,
738 703 797 733 quae
810 693 893 729 dixit,
907 694 972 733 Ego

232 738 359 766 dormivi
365 743 393 765 et
402 741 552 776 soporatus
561 744 636 770 sum,
646 733 667 763 si
677 733 825 763 secundum
833 733 972 762 historiam

232 777 300 807 velis
314 776 398 806 intelli
419 786 473 810 ere,
485 775 592 804 nullum
606 773 703 802 habent
713 783 846 818 saporem,
861 779 890 801 ut
902 772 974 801 dica-

232 827 304 854 mus,
327 786 418 846 David
438 825 500 844 cum
520 819 656 854 pateretur
675 824 691 842 a
709 813 778 848 filio,
799 811 929 842 dormivit
947 818 973 842 et

233 856 360 886 surrexit.
377 853 522 892 Quomodo
541 853 614 883 euim
632 852 773 889 dormivit,
788 859 818 881 ut
831 862 879 881 sur
897 851 972 881 eret?

233 895 310 933 Quid
323 905 387 935 ergo
395 895 409 924 ξ’
420 895 534 924 Necesse
546 893 675 922 habemus
688 892 840 931 relinquere
850 902 881 920 or
901 892 973 920 inem

234 935 364 971 historiae,
383 941 410 963 et
466 933 610 963 iritualitcr
631 931 780 972 intelligere
804 931 837 961 de
850 931 968 961 Christo.

474 975 568 1003 Petrus
585 971 652 1001 dicit
666 971 692 1000 in
707 972 826 1006 Actibus,
842 971 973 1010 interpre-

235 1021 304 1051 tans,
318 1016 360 1044 Et
373 1024 433 1042 non
447 1013 530 1042 dabis
543 1012 685 1041 Sanctum
701 1017 782 1040 tuum
792 1011 895 1039 videre
909 1020 972 1039 cor—

236 1054 397 1094 ruptionem
415 1066 423 1082 .·
437 1052 502 1092 quia
519 1062 572 1081 non
596 1058 700 1091 poterat
712 1050 763 1080 hoc
777 1050 926 1089 intelligere
939 1049 973 1079 de

236 1094 336 1131 David,
352 1093 399 1123 sed
410 1093 444 1122 de
457 1092 565 1122 Christo
578 1104 585 1120 ε
599 1091 661 1130 quia
685 1089 772 1120 David
790 1089 860 1120 vidit
879 1100 974 1119 corru-

234 1135 365 1174 ptionem,
379 1132 504 1163 Christus
514 1138 603 1161 autem
611 1130 687 1159 tertia
701 1129 745 1159 die
757 1139 906 1169 resurgens,
920 1139 973 1158 non

234 1173 305 1203 vidit
326 1172 536 1212 corruptionem.
555 1171 601 1201 Sic
621 1168 795 1209 intelligenda
816 1176 854 1198 est
872 1176 898 1198 ct
916 1168 974 1198 haec

234 1213 334 1243 Christi
351 1211 503 1253 prophetia.
519 1210 608 1250 Coepit
621 1220 655 1239 ex
669 1209 806 1239 occasione
826 1209 974 1249 corporalis

234 1253 315 1292 fugae,
332 1260 358 1282 et
371 1262 430 1290 quae
442 1251 510 1280 facta
524 1257 563 1279 est
576 1257 694 1289 tempore
707 1249 755 1278 illo
770 1249 796 1278 in
812 1249 972 1283 Jerusalem,

235 1299 260 1321 et
271 1292 414 1332 prophetia
426 1291 510 1329 magis
531 1289 565 1318 de
585 1289 726 1328 spirituali.
749 1289 818 1318 Ecce
836 1288 907 1317 enim
924 1288 974 1318 hoc

235 1331 310 1370 quod
331 1331 414 1366 dicit,
438 1331 495 1368 Qui
512 1331 543 1357 in
562 1329 672 1358 Judaen
691 1335 776 1363 sunt,
791 1329 917 1367 fugiant
935 1328 976 1356 ad

237 1377 347 1400 montes
363 1382 371 1398 .-
387 1369 560 1409 corporaliter
578 1367 725 1397 secundum
748 1367 898 1402 historiam,
913 1373 939 1396 et
952 1367 975 1396 si

236 1410 279 1440 vis
293 1410 453 1449 intelligere,
475 1407 605 1447 possibile
618 1407 695 1436 estin
708 1413 827 1446 tempore
841 1408 976 1435 Romano-

235 1460 295 1479 rum
311 1450 360 1478 :«in
373 1456 493 1488 tempore
513 1454 602 1476 autem
620 1446 778 1477 Antichristi
789 1445 823 1474 de
834 1447 850 1475 J
853 1445 929 1474 udaea
941 1445 976 1475 ad

235 1496 337 1518 montes
345 1489 438 1528 fugere
447 1487 632 1527 corporaliter,
641 1495 694 1515 non
703 1485 833 1525 proderit.
844 1485 976 1522 Primum,

236 1529 299 1568 quia
319 1539 367 1557 nec
384 1527 434 1557 erit
452 1526 631 1556 Antichristus
657 1524 843 1554 tantummodo
862 1525 888 1553 in
907 1531 977 1554 terra

236 1570 253 1599 J
257 1568 341 1605 udaea,
355 1578 403 1596 nec
412 1568 430 1597 J
433 1566 502 1596 udaei
513 1565 599 1595 futuri
609 1572 672 1594 sunt
683 1571 742 1594 ante
756 1564 846 1599 illum,
861 1563 909 1593 sed
919 1564 978 1593 ubi-

236 1618 351 1648 cumque
365 1606 464 1636 fuerint
476 1605 633 1641 Christiani,
647 1605 682 1633 ab
695 1604 744 1634 illo
757 1610 805 1633 aut
817 1614 831 1632 a
846 1603 977 1633 ministris

235 1648 293 1687 ejus
304 1646 536 1687 persequutionem
547 1644 651 1684 passuri
662 1650 725 1673 sunt
739 1656 745 1673 :
758 1653 806 1672 nec
815 1643 911 1672 civitas
924 1643 978 1672 alia

235 1694 300 1717 tunc
316 1693 356 1716 est
371 1684 597 1720 circumsidenda,
619 1683 666 1713 sed
684 1683 785 1722 ubique
805 1683 977 1712 Christianus

236 1727 354 1767 populus
367 1724 546 1765 indagandus.
561 1725 617 1753 Hoc
639 1730 728 1752 autem
739 1722 812 1762 quod
825 1722 902 1759 dicit,
921 1723 978 1760 Qui

236 1777 322 1806 super
343 1772 449 1795 tectum
468 1770 522 1800 est,
542 1773 602 1792 non
619 1763 776 1792 descendat
796 1763 899 1791 tollere
921 1762 978 1791 ali-

236 1807 310 1846 quid
330 1807 366 1835 de
383 1806 469 1834 domo
484 1816 494 1832 .·
508 1804 565 1833 sive
586 1803 613 1831 in
636 1809 755 1842 tempore
772 1803 975 1838 Romanorum,

236 1846 294 1875 sive
320 1846 347 1874 in
372 1852 490 1884 tempore
511 1842 686 1878 Antichristi,
707 1851 759 1870 non
778 1848 864 1881 potest
879 1841 978 1870 habere

237 1885 403 1926 corporalem
414 1883 578 1912 intellectum
593 1894 600 1911 ε
614 1881 677 1920 quia
691 1881 718 1909 in
730 1887 849 1921 tempore
863 1881 977 1920 captivi-

238 1925 309 1961 tatis,
325 1932 371 1954 aut
382 1922 605 1964 persequutionis,
617 1921 685 1960 quid
700 1920 806 1960 prodest
825 1920 941 1957 homini,
954 1920 978 1949 si

238 1965 327 1994 sedeat
340 1969 420 2009 super
433 1969 548 1997 tectum,
559 1968 585 1991 et
598 1971 650 1990 non
669 1959 812 1989 descendat
832 1960 978 1989 deorsum?

237 2005 302 2034 Sine
315 2003 399 2032 dubio
410 2002 492 2037 enim,
503 2008 550 2031 aut
562 1999 670 2039 quando
686 2010 737 2028 non
751 1999 812 2029 vult
822 1999 975 2039 deponitur,

237 2050 284 2073 aut
296 2054 358 2073 cum
370 2043 426 2082 ipsa
437 2041 518 2071 domo
530 2039 718 2070 succenditur:
728 2038 803 2075 Quid
816 2039 903 2079 ergo?
916 2039 978 2078 Spi-

239 2083 373 2114 ritualiter
385 2083 442 2111 haec
454 2081 545 2110 omnia
557 2079 642 2118 magis
655 2086 717 2108 sunt
729 2078 913 2118 intelligenda,
927 2079 978 2108 hoc

237 2122 319 2153 modo
334 2135 341 2152 :
358 2122 437 2151 Tunc
460 2122 511 2160 qui
530 2122 562 2148 in
579 2119 688 2149 Judaea
707 2125 785 2154 sunt,
805 2119 925 2158 fugiant
939 2118 980 2146 ad

238 2169 362 2192 montes.
389 2162 468 2190 Tunc
488 2170 553 2188 cum
578 2159 709 2188 videritis
731 2159 979 2186 abominationem

237 2202 430 2232 desolationis
450 2206 575 2229 stantem
596 2200 627 2227 in
650 2198 713 2227 loco
736 2204 847 2226 sancto.
868 2197 901 2226 Id
921 2204 977 2233 est,

238 2244 311 2272 Cum
323 2240 445 2271 videritis
452 2239 574 2268 haeresim
589 2238 710 2283 impiam,
723 2247 782 2275 quae
795 2244 834 2266 est
846 2237 978 2266 exercitus

239 2280 410 2317 Antichristi,
423 2286 537 2308 stantem
549 2278 575 2307 in
591 2278 655 2306 locis
673 2276 770 2305 sanctis
789 2276 926 2311 Ecclesiae,
951 2276 977 2305 in

239 2322 288 2351 illo
302 2328 421 2360 tempore
432 2318 479 2357 qui
493 2318 519 2346 in
535 2317 628 2348 Judaea
643 2323 717 2350 sunt,
734 2316 838 2354 fugiant
852 2315 885 2344 ad
900 2326 977 2344 mon-

240 2369 297 2390 tes:
314 2360 343 2389 id
357 2366 406 2395 est,
421 2358 467 2397 qui
487 2364 549 2387 sunt
568 2357 596 2386 in
609 2355 820 2390 christianitate,
844 2356 980 2384 conferant

240 2412 269 2430 se
289 2400 323 2429 ad
344 2399 506 2438 Scripturas.
528 2397 604 2427 Sicut
623 2395 695 2424 enim
709 2405 788 2424 verus
809 2394 920 2424 Judaeus
941 2401 981 2423 est

241 2440 422 2474 Christianus,
434 2437 538 2466 dicente
551 2435 682 2476 apostolo,
693 2435 767 2464 ‘Non
780 2436 831 2473 qui
846 2437 877 2462 in
891 2436 981 2462 mani-

234 2481 319 2521 festo
334 2479 457 2508 Judoeus
475 2483 527 2512 est,
540 2475 592 2505 sed
603 2476 656 2515 qui
674 2476 706 2503 ἱη
725 2474 838 2503 occulto
847 2485 857 2502 .-
868 2473 906 2502 sic
920 2484 982 2502 vera

244 2519 338 2550 Judaea
352 2516 539 2547 Christianitas
553 2522 602 2550 est,
622 2515 700 2555 cujus
713 2523 808 2542 nomen
823 2513 983 2551 intelligitur

240 2558 383 2588 consessio.
397 2558 504 2586 Montes
516 2562 604 2584 autem
616 2561 677 2583 sunt
689 2553 834 2593 Scripturae
846 2552 982 2592 apostolo--

243 2609 306 2629 rum
317 2604 363 2627 aut
372 2596 573 2637 prophetarum,
585 2593 619 2623 de
640 2593 739 2633 quibus
752 2592 856 2622 dictum
867 2598 906 2621 est
920 2605 925 2621 :
943 2592 983 2621 Il-

830 195 916 219 OPUS
944 196 1183 221 tMPRnFI-:CTUM

1028 299 1127 328 iterum
1147 299 1182 329 de
1198 300 1318 330 Ecclesia
1335 299 1420 329 dicit:
1437 299 1647 329 Fundamenta
1663 301 1724 340 ejus
1740 302 1772 330 in
1782 299 1847 325 psal.
1857 289 1904 335 86νῖ

1030 340 1175 368 montibus
1190 341 1311 368 sanctis.
1323 340 1359 368 Et
1370 349 1453 378 quare
1459 339 1537 379 jubet
1551 339 1579 368 in
1590 339 1642 368 hoc
1652 346 1772 379 tempore

1028 387 1119 407 omnes
1145 378 1311 414 Christianos
1338 378 1457 407 conferre
1484 388 1512 408 se
1537 378 1573 407 ad
1597 377 1771 419 Scripturas?

1027 417 1098 454 Quia
1124 417 1152 446 in
1174 424 1294 457 tempore
1316 417 1378 453 hoc,
1401 426 1446 446 ex'
1456 428 1511 456 quo
1529 418 1647 448 obtinuit
1665 418 1772 449 haeresis

1027 456 1088 485 illas
1107 456 1250 493 Ecclesias,
1273 456 1350 486 nulla
1370 456 1493 497 probatio
1519 463 1605 496 potest
1623 467 1680 487 osse
1700 462 1771 488 ‘verae

1027 495 1247 531 Christianitatis,
1260 506 1347 535 neque
1366 496 1500 536 refugium
1518 503 1605 536 potest
1617 507 1673 526 esse
1686 497 1770 528 Chri-

1027 535 1174 565 stianorum
1187 535 1274 572 aliud,
1289 535 1436 566 volentium
1451 545 1608 575 cognoscere
1619 536 1682 566 fidei
1697 537 1772 567 veri·

1027 581 1119 612 tatem,
1136 576 1188 604 nisi
1201 575 1348 615 Scripturae
1359 575 1470 605 divinae.
1488 578 1573 605 Antea
1592 576 1663 605 enim
1677 577 1771 607 multis

1028 614 1117 644 modis
1134 614 1335 652 ostendebatur,
1354 624 1415 654 quoe
1435 622 1504 644 esset
1516 615 1638 645 Ecclesia
1657 616 1769 654 Christi,

1028 660 1054 683 et
1067 663 1126 693 quae
1141 654 1274 694 gentilitas
1286 665 1293 682 :
1306 665 1378 684 nunc
1387 660 1477 683 autem
1489 654 1566 684 nullo
1578 654 1658 684 modo
1671 665 1771 695 cogno-

1028 693 1124 729 scitur,
1136 694 1290 723 volentibus
1301 704 1460 734 cognoscere
1472 704 1531 733 quae
1544 694 1580 723 sit
1598 705 1662 724 vera
1673 695 1770 726 Eccle-

1027 733 1067 762 sia
1094 733 1207 770 Christi,
1233 733 1286 762 nisi
1311 733 1497 763 tantummodo
1526 744 1579 774 per,
1604 734 1768 774 Scripturas.

1028 773 1120 809 Quare
1128 773 1142 802 Ρ
1155 774 1226 810 Quia
1240 773 1330 802 omnia
1342 773 1409 810 haee,
1419 783 1481 812 quae
1492 780 1556 803 snut
1568 774 1677 818 proprie
1687 775 1769 804 Chri-

1028 812 1062 841 sti
1073 812 1102 840 in
1112 813 1232 849 veritate,
1243 812 1341 842 habent
1351 820 1377 842 et
1388 813 1500 842 haereses
1509 812 1564 842 111ae
1572 824 1600 842 ιιι
1610 813 1768 844 schismate:

1027 851 1152 881 similiter
1162 852 1305 889 Ecclesias,
1314 852 1437 881 similiter
1446 859 1472 881 et
1483 852 1554 892 ipsas
1563 853 1717 893 Scripturas
1726 854 1771 884 di—

1027 891 1104 920 vinas
1115 913 1122 927 ‚
1148 892 1272 921 similiter
1298 892 1437 932 episcopos
1447 913 1455 928 ,
1481 899 1640 931 caeterosque
1663 892 1770 923 ordines

1027 930 1200 968 clericorum,
1213 931 1340 960 similiter
1359 932 1535 999 ΒἸιίειηυιη,
1555 932 1634 961 aliter
1645 932 1771 963 euchari-

1027 970 1117 1006 stiam,
1132 977 1159 999 et
1168 977 1261 1000 caetera
1274 970 1375 1006 omnia,
1407 971 1502 1009 cuique
1516 971 1605 1010 ipsum
1617 972 1767 1002 Christum.

1029 1010 1132 1041 Volens
1144 1020 1207 1049 ergo
1219 1010 1281 1049 quis
1292 1020 1449 1049 cognoscere
1461 1021 1520 1049 quae
1530 1011 1564 1039 sit
1576 1021 1637 1040 vera
1651 1012 1772 1043 Ecclesia

1028 1049 1140 1085 Christi,
1154 1049 1226 1079 unde
1236 1056 1376 1089 cognoscat
1390 1051 1418 1078 in
1430 1057 1510 1079 tantae
1525 1049 1679 1080 confusione
1691 1045 1771 1081 sinii-

1028 1088 1163 1125 litudinis‚
1178 1089 1230 1119 nisi
1249 1088 1434 1118 tantummodo
1447 1100 1496 1129 per
1510 1089 1683 1130 Scripturas?
1703 1092 1771 1122 Item

1028 1135 1103 1157 antea
1117 1136 1144 1158 et
1156 1140 1203 1169 per
1214 1129 1289 1168 signa
1306 1129 1543 1166 cognoscebantur,
1557 1129 1604 1168 qui
1617 1137 1693 1159 erant
1711 1132 1770 1161 veri

1029 1168 1186 1206 Christiani,
1207 1175 1233 1198 et
1246 1168 1293 1207 qui
1306 1168 1379 1198 falsi.
1395 1168 1559 1206 Quomodo?
1575 1169 1647 1198 Falsi
1661 1169 1771 1209 quidem

1029 1215 1138 1238 autnon
1152 1214 1274 1248 poterant
1281 1208 1381 1245 facere,
1393 1209 1461 1238 sicut
1475 1209 1531 1238 veri
1544 1208 1708 1239 Christiani=
1724 1217 1772 1240 aut

1029 1248 1092 1277 talia
1105 1259 1158 1277 non
1172 1254 1303 1288 poterant,
1316 1248 1407 1287 qualia
1426 1248 1483 1278 veri
1497 1247 1659 1278 Christiani:
1675 1248 1722 1279 sed
1732 1250 1771 1279 fa-

1029 1288 1133 1317 ciebant
1159 1298 1253 1322 vacua,
1277 1286 1482 1317 admirationem
1503 1287 1614 1327 quidem
1636 1288 1770 1326 facientia,

1032 1327 1173 1357 utilitatem
1187 1334 1275 1356 autem
1288 1327 1392 1356 nullam
1407 1327 1532 1357 habentia
1548 1340 1554 1356 ε
1568 1327 1638 1356 sicut
1649 1329 1665 1357 f
1709 1339 1773 1358 uen-

1031 1374 1071 1396 tcr
1083 1367 1267 1407 exposuimus.
1282 1366 1428 1396 Christiani
1442 1374 1530 1396 autem
1540 1339 1772 1408 faciebanielilena,

1031 1416 1084 1435 non
1105 1407 1194 1435 solum
1219 1405 1423 1435 admirationem
1451 1406 1574 1435 facientia
1583 1429 1591 1443 ,
1615 1407 1662 1436 sed
1692 1408 1772 1437 etiam

1004 1465 1013 1474 ,
1031 1456 1137 1475 omnem
1149 1445 1291 1475 utilitatem
1302 1445 1437 1474 habentia.
1457 1446 1493 1490 Et
1505 1456 1552 1491 per
1563 1446 1619 1475 haec
1633 1456 1773 1486 cognosce-

1030 1485 1130 1515 bantur
1141 1485 1274 1524 quierant
1292 1484 1350 1515 veri
1366 1485 1525 1521 Christiani,
1562 1485 1589 1514 ui
1604 1485 1675 1515 falsi.
1694 1487 1773 1516 Nunc

1032 1532 1121 1554 autem
1131 1525 1271 1564 signorum
1285 1534 1301 1553 o
1336 1524 1403 1553 ratio
1423 1524 1532 1554 omnino
1556 1532 1632 1554 evata
1645 1532 1684 1554 est
1694 1538 1702 1554 ι
1716 1537 1773 1555 ma—

1052 1564 1074 1593 is
1087 1571 1176 1593 autem
1196 1570 1223 1593 et
1242 1574 1294 1609 apu
1334 1574 1379 1593 eos
1399 1563 1545 1600 invenitur,
1567 1565 1615 1604 qui
1629 1564 1691 1594 falsi
1710 1573 1774 1595 sunt

1056 1603 1190 1639 hrisfiani,
1212 1603 1271 1632 liert
1283 1603 1357 1632 fieta.
1375 1603 1451 1633 Sicut
1473 1610 1563 1632 autem
1584 1605 1679 1634 Petrus
1699 1605 1774 1645 apud

1032 1643 1195 1673 Clementem
1215 1643 1337 1683 exponit,
1356 1642 1521 1672 Antichristo
1533 1644 1614 1672 etiam
1633 1643 1774 1684 plenorum

1032 1684 1172 1722 signorum
1189 1682 1371 1712 faciendorum
1392 1689 1431 1712 est
1448 1682 1537 1712 danda
1556 1690 1683 1723 potestas.
1705 1685 1774 1714 Item

1032 1733 1067 1751 ex
1091 1723 1213 1752 moribus
1238 1722 1304 1762 ipsis
1328 1722 1405 1763 prius
1427 1722 1628 1762 intelligebatur
1653 1724 1774 1754 Ecclesia

1032 1762 1144 1800 Christi,
1161 1761 1270 1801 quando
1294 1762 1458 1792 conversatio
1482 1761 1708 1800 Christianorum,
1728 1771 1774 1794 aut

1032 1802 1162 1838 omnium,
1182 1808 1228 1830 aut
1247 1802 1395 1831 multorum
1420 1808 1476 1831 erat
1497 1808 1679 1841 sanma,⁴quae
1699 1803 1775 1843 apud

1032 1841 1130 1881 impios
1141 1851 1192 1870 non
1205 1848 1270 1870 erat.
1283 1843 1363 1871 Nunc
1375 1848 1464 1870 autem
1478 1848 1524 1870 aut
1535 1841 1601 1871 tales
1610 1849 1657 1872 aut
1669 1843 1774 1888 pejores

1033 1881 1094 1910 facti
1117 1888 1179 1910 sunt
1202 1881 1360 1917 Christiani,
1383 1881 1476 1920 quales
1499 1888 1560 1910 sunt
1584 1881 1702 1911 haeretici
1727 1889 1774 1912 aut

1033 1921 1154 1960 gentiles.
1170 1920 1269 1950 Adhuc
1282 1927 1370 1950 autem
1386 1927 1412 1950 et
1423 1921 1508 1960 major
1521 1921 1682 1952 continentia
1698 1922 1773 1962 apud

1033 1960 1095 1989 illos
1108 1960 1256 1997 invenitur,
1270 1961 1395 1999 quamvis
1413 1960 1441 1989 in
1455 1961 1596 1990 schismate
1612 1962 1676 1998 sint,
1691 1972 1772 2000 quam

1033 1999 1108 2045 apud
1121 2000 1296 2030 Christianos.
1314 2000 1370 2036 Qui
1386 2010 1449 2039 crgo
1462 2000 1523 2030 vult
1540 2011 1698 2040 cognoscere
1713 2012 1774 2040 quze

1033 2046 1068 2068 stt
1086 2050 1151 2069 vera
1172 2039 1291 2069 Ecclesia
1317 2039 1429 2076 Christi,
1456 2039 1528 2069 unde
1551 2047 1701 2079 cognoscat,
1721 2041 1774 2070 nisi

1032 2079 1218 2108 tantummodo
1239 2090 1286 2118 per
1303 2079 1478 2118 Scripturas?
1496 2079 1588 2109 Sciens
1601 2090 1664 2119 ergo
1678 2081 1773 2109 Domi-

1033 2127 1085 2147 nus
1097 2125 1196 2147 tantam
1206 2118 1390 2147 confusionem
1404 2128 1493 2146 rerum
1507 2118 1535 2147 in
1550 2119 1702 2148 novissimis
1715 2118 1774 2148 die-

1033 2157 1085 2186 bus
1098 2168 1153 2187 esse
1163 2158 1282 2186 futuram
1295 2169 1301 2185 z
1318 2157 1378 2186 ideo
1390 2156 1509 2194 mandat,
1524 2164 1554 2187 ut
1569 2158 1715 2187 Christiani
1726 2160 1774 2197 qui

1033 2204 1095 2226 sunt
1114 2197 1141 2225 in
1162 2196 1370 2234 Christianitate‚
1391 2196 1510 2226 volentes
1530 2197 1683 2227 firmitatem
1701 2198 1774 2227 acci-

1033 2247 1095 2276 pere
1110 2236 1171 2266 fidei
1190 2240 1271 2271 verae,
1289 2235 1324 2264 ad
1345 2236 1449 2265 nullam
1467 2247 1524 2265 rem
1543 2237 1659 2276 fugiant,
1675 2237 1727 2267 nisi
1739 2238 1775 2267 ad

1033 2276 1195 2315 Scripturas.
1214 2276 1323 2314 Alioqui
1346 2276 1368 2305 si
1390 2275 1424 2304 ad
1437 2276 1488 2305 alia
1502 2277 1680 2317 respexerint,
1694 2287 1774 2307 scan-

1033 2315 1233 2351 dalizabuntur,
1254 2322 1279 2344 et
1298 2315 1436 2354 peribunt,
1456 2326 1509 2344 uon
1528 2316 1705 2356 intelligentes
1716 2327 1775 2355 quae

1033 2355 1067 2384 sit
1078 2366 1142 2384 vera
1152 2355 1283 2384 Ecclesia.
1299 2355 1335 2384 Et
1346 2365 1394 2394 pet·
1405 2354 1458 2384 hoc
1466 2355 1583 2384 incident
1596 2356 1622 2384 in
1637 2356 1776 2385 abomina-

1033 2395 1133 2423 tionem
1147 2394 1330 2431 desolationis,
1342 2404 1402 2433 quae
1418 2401 1471 2424 stat
1488 2395 1515 2424 in
1532 2395 1631 2425 sanctis
1650 2395 1775 2425 Ecclesia:

1034 2434 1111 2463 locis.
1129 2435 1170 2463 Et
1183 2436 1234 2474 qui
1245 2444 1329 2473 super
1342 2440 1447 2463 tectum
1461 2441 1514 2470 est,
1535 2436 1567 2463 in
1579 2441 1704 2474 tempore
1721 2436 1775 2465 illo

1036 2484 1095 2502 non
1110 2474 1266 2503 descendat
1287 2473 1390 2502 tollere
1412 2474 1528 2513 aliquid
1544 2474 1580 2502 de
1600 2474 1686 2503 domo
1706 2484 1772 2505 sua.

1036 2514 1138 2542 Domus
1150 2520 1239 2542 nostra
1251 2520 1290 2542 est
1301 2523 1399 2553 corpus
1411 2520 1543 2542 nostrum.
1558 2513 1703 2553 Superiora
1717 2515 1775 2554 ejus

1036 2559 1098 2581 sunt
1118 2563 1175 2585 cor,
1203 2560 1249 2581 aut
1270 2560 1361 2592 caput,
1384 2563 1444 2591 quae
1468 2552 1659 2592 intelliguntur
1680 2553 1776 2584 domus

1036 2598 1113 2621 tecta.
1128 2592 1257 2621 Inferiora
1269 2599 1430 2621 autem‘sunt
1447 2599 1550 2630 venter,
1567 2599 1612 2622 aut
1625 2599 1716 2624 caetera
1731 2603 1773 2623 oc-
