1904 2840
41 601 145 623 dui-elicta
171 615 177 621 ·
309 616 315 622 .
445 617 450 622 .
479 618 485 624 .
512 618 518 623 .

14 635 15 639 ,
44 632 92 653 Deo
123 637 145 654 e,
155 625 212 651 srae,
228 626 276 645 nec
289 622 372 646 vitam
384 617 487 646 Christi
510 629 537 646 ιι]
558 629 585 647 se
598 619 615 647 h
652 628 695 647 erc
707 624 830 657 possunt,
845 627 894 646 nec

40 663 106 685 nibus
153 654 319 685 viriditatem
331 656 421 696 gratiae
434 657 591 697 spiritualis,
606 657 653 686 sed
664 664 703 686 est
717 657 836 686 Ecclesia
849 656 894 685 e0-'

9 1531 77 1554 luuh.
94 1540 116 1563 7.

633 200 664 224 lu
691 198 899 224 MA’rrflAEunt.
928 199 1044 225 UOMH..
1073 199 1177 226 vatt.

158 262 204 290 cos
214 267 304 290 autem
314 260 471 328 replellatur.
481 261 583 291 Relicta
598 269 636 292 est
649 259 738 292 autem
744 270 770 292 et
781 262 895 298 deserta,
914 258 934 288 A'
949 262 1027 307 plum
1037 269 1126 292 autem
1142 264 1192 292 Dei
1216 270 1255 293 est
1276 263 1443 304 congregatio
1458 262 1602 296 electorum
1622 268 1687 297 reli-

333 311 342 328 1

158 309 260 338 eano
272 299 308 329 de
365 311 381 329 a
394 301 528 340 corporali
550 302 668 331 Ecclesia
683 313 695 331 s
716 302 832 332 iritualis
841 304 898 331 exi-

157 338 198 367 vit
213 350 220 366 :
242 338 272 368 id
293 345 342 376 est,
353 339 388 368 de
409 340 510 380 populo
524 351 583 376 suo,
597 341 645 380 qui
660 342 687 371 vi
707 342 802 371 ebatur
816 341 897 370 Chri·

157 378 270 415 stianus,
290 385 316 408 et
331 389 384 408 non
397 386 464 416 erat,
482 380 600 420 populus
614 381 664 410 iste
677 381 770 415 exivit,
782 380 829 420 qui
843 391 896 410 non

156 417 311 455 videbatur,
319 425 345 447 et
356 425 427 448 erat:
439 426 465 449 et
474 420 559 459 magis
568 420 816 457 autem‚secundum
823 419 898 465 quod

156 456 289 494 diximus,
303 457 345 487 illi
359 469 374 487 a
386 459 463 488 nobis
476 459 609 497 exierunt,
625 470 705 499 quam
719 470 767 489 nos
778 459 894 495 abillis.

155 495 233 526 Sicut
242 504 330 527 antem
339 498 491 528 membrum
505 509 520 527 a
532 509 644 539 corpore
653 499 794 539 praecisum
803 498 896 529 vivere

20 536 145 591 timue?-
156 545 210 565 non
223 535 320 576 potest,
333 547 418 576 neque
430 548 521 568 ramus
538 539 642 568 arboris
656 538 752 568 viridis
765 549 822 567 esse
837 549 843 565 ε
857 538 896 568 sic

77 578 113 591 Bm
123 578 146 591 e·
384 577 390 583 ”
410 577 416 582 ¹

156 582 183 604 et
195 585 286 606 omnes
299 577 416 606 haerettci
430 578 533 617 praecisi
552 589 566 607 a
580 589 626 608 cor
646 589 691 607 ore
704 577 784 607 unius
798 577 895 607 Eccle-

153 705 214 723 rum
227 695 329 724 deserta
349 707 356 724 ε
374 706 427 725 non
444 697 479 725 ab
497 697 666 736 hominibus3
679 696 798 726 abundat
816 696 888 726 enim

152 735 286 773 perversis
303 735 469 772 hominibus,
487 736 622 775 quomodo
634 747 689 766 sem
725 747 739 764 r
751 736 887 765 malorum

151 774 239 814 major
247 781 287 803 est
296 775 373 814 copia
380 785 461 814 quam
473 776 607 805 bonorum
623 787 630 803 ε
648 747 806 805 sedpdeserta
819 783 858 805 est
876 787 892 805 a

150 813 258 849 sanctis,
270 813 374 843 deserta
390 825 406 843 a
427 816 574 852 sanctitate,
587 826 603 844 a
621 815 684 849 fide,
703 826 718 844 a
741 815 862 853 veritate,
875 827 890 845 a

1615 195 1687 243 039

950 311 1023 340 giose
1036 302 1260 332 conversantium.
1272 304 1331 333 Ibat
1341 303 1375 333 de
1386 312 1437 334 tem
1458 305 1485 334 lo
1497 305 1578 343 foras,
1594 305 1623 336 id
1635 314 1685 343 est,

951 340 985 370 dc
997 341 1099 371 Judaeis
1110 341 1144 370 ad
1176 349 1258 371 entes.
1268 343 1327 372 Ibat
1340 354 1391 372 non
1405 316 1493 374 soiiim
1507 355 1628 385 corpore,
1638 346 1687 376 sed

948 380 1085 410 voluntate
1100 391 1142 410 rec
1177 391 1223 410 ens
1246 382 1273 410 in
1291 382 1486 422 spiritualibus.
1502 385 1572 414 Ecce
1587 385 1609 414 si
1624 395 1686 425 pars

948 419 1039 458 aliqua
1057 419 1153 449 domus
1173 421 1254 450 suerit
1278 420 1377 458 decisa,
1399 433 1461 452 cum
1486 423 1577 454 labore
1597 431 1685 454 tamen

948 459 1076 498 possibile
1088 466 1126 488 est
1137 467 1166 489 ut
1177 467 1314 500 reparetur
1327 473 1334 490 :
1348 461 1371 490 si
1386 469 1473 492 autem
1485 463 1573 503 ipsum
1586 463 1685 494 funda-

948 505 1066 527 mentum
1088 499 1169 528 suerit
1191 507 1405 538 conquassatum,
1419 501 1484 540 quid
1503 503 1581 532 faciat
1593 511 1683 543 pater-

946 537 1073 573 familias,
1087 538 1137 567 nisi
1149 539 1216 567 forte
1227 538 1255 567 in
1277 539 1368 577 aliquo
1380 540 1438 570 loco
1452 551 1521 571 nova
1531 542 1610 572 saciat
1622 544 1683 572 sun-

947 575 1080 612 damenta,
1092 585 1117 606 et
1131 577 1234 616 lapides
1247 577 1281 607 de
1293 579 1376 617 priori
1397 579 1477 609 domo
1490 587 1680 620 transvectans,

946 615 1027 644 aliam
1034 616 1086 645 sibi
1093 616 1203 646 aedificet
1213 616 1324 646 domum
1331 617 1345 646 Ρ
1355 618 1400 648 Sic
1413 626 1438 648 et
1447 619 1475 648 in
1483 620 1679 660 spiritualibus,

946 655 968 683 si
983 655 1091 695 quidem
1103 656 1245 695 populares
1254 658 1429 695 peccaverint,
1442 669 1489 698 per
1502 660 1682 698 poenitentiam

945 695 1133 734 corriguntur:
1146 695 1169 724 si
1186 702 1274 726 autem
1297 696 1474 726 sacerdotium
1495 698 1584 737 ipsum
1602 700 1682 731 suerit

944 733 1114 774 dissipatum,
1128 734 1202 773 quod
1214 742 1253 765 cst
1274 736 1368 775 populi
1387 737 1599 776 fundamentum,
1615 740 1684 778 quid

942 774 1021 803 faciat
1042 774 1135 803 Dens?
1147 775 1203 804 Hac
1217 774 1319 804 ratione
1343 782 1446 814 gentem
1465 776 1587 806 Judaeam
1599 779 1680 808 relin-

942 823 1037 852 quens,
1052 815 1079 842 in
1093 813 1146 842 alio
1157 813 1227 849 loco,
1242 813 1271 843 id
1285 821 1334 848 est,
1350 815 1378 843 in
1389 815 1478 845 medio
1491 816 1610 857 gentium
1621 818 1680 847 uni-

150 853 246 891 gratia‚
257 863 272 881 a
284 854 398 893 spiritu;
417 854 520 884 deserta
532 854 649 894 denique
661 855 696 884 ab
709 854 767 899 ipso
781 856 848 890 Deo,
864 859 891 885 et
907 862 925 885 Β
942 863 1162 890 versarum,nova
1170 854 1260 892 posuit
1267 853 1483 891 fundamenta,id
1489 862 1537 893 est,
1547 858 1681 896 apostolos

150 902 166 920 a
176 892 254 922 bouis
263 894 389 922 omnibns
401 904 460 933 quae
475 901 537 924 sunt
550 894 611 923 Dei.
626 895 701 924 Sicut
712 905 784 923 emm
795 894 886 932 homo,

149 932 198 970 qui
219 933 270 962 Dei
284 942 336 961 non
351 940 400 970 est,
415 940 540 963 mortuus
562 933 664 963 dicitur
680 944 747 970 esse,
763 935 887 972 quamvis

148 971 223 1000 vivat
235 981 243 999 :
257 972 320 1010 quia
332 982 385 1002 non
399 974 467 1008 Deo,
478 973 525 1002 sed
533 973 642 1002 diabolo
654 973 739 1003 vivit.-
755 973 794 1002 sic
800 975 887 1003 omnis

148 1011 268 1040 Ecclesia
290 1012 414 1050 quamvis
436 1012 553 1042 abundet
574 1013 742 1049 bominibus,
754 1019 840 1042 tamen
863 1014 887 1043 si

147 1050 183 1079 ab
195 1050 251 1079 illis
270 1051 349 1080 bonis
374 1062 434 1090 quae
453 1052 524 1082 dicta
551 1059 613 1081 sunt
633 1052 767 1089 desuerit,
783 1052 886 1083 deserta

146 1096 187 1119 est
200 1103 207 1119 z
222 1090 285 1129 qnia
305 1100 359 1119 non
377 1092 444 1128 Deo,
459 1092 506 1121 sed
527 1091 636 1121 diabolo
649 1092 727 1132 plena
752 1099 799 1121 est.
818 1092 886 1122 Dico

145 1129 217 1158 enim
232 1130 310 1159 vobis
324 1140 332 1157 ε
346 1131 416 1159 Non
441 1141 485 1160 me
506 1132 643 1160 videbitis
666 1133 782 1167 amodo,
795 1133 886 1162 donec

145 1170 262 1204 dicatis,
275 1171 452 1200 Benedictus
467 1172 518 1211 qui
534 1173 616 1200 venit
632 1174 662 1200 in
683 1174 799 1201 nomine
822 1172 885 1201 Do-

145 1210 227 1238 mini.
243 1210 316 1239 Vere
329 1210 400 1239 enim
413 1221 448 1239 ex
464 1217 582 1250 tempore
594 1210 751 1251 perditionis
764 1221 818 1240 suae
829 1211 884 1240 bae-

144 1248 220 1277 retici
234 1258 381 1287 numquam
394 1250 532 1280 Christum
546 1250 683 1280 viderunt.
699 1250 801 1281 Vident
811 1251 883 1280 enim

144 1297 207 1316 eum
226 1287 298 1324 fide,
321 1299 374 1317 non
400 1290 497 1325 oculis,
511 1289 559 1328 qui
577 1289 725 1319 secundnm
744 1291 883 1320 veritatem

144 1327 203 1366 ejus
214 1327 328 1357 credunt
338 1328 366 1357 in
377 1339 439 1358 eum
447 1339 453 1356 t
462 1329 510 1367 qui
521 1336 610 1358 autem
621 1339 673 1358 non
681 1329 807 1365 credunt,
821 1331 884 1359 caeci

143 1374 208 1396 sunt
216 1366 305 1402 corde,
319 1377 372 1396 non
383 1379 496 1408 corpore
509 1380 516 1397 :
530 1379 583 1398 non
596 1370 759 1405 necessitate,
776 1368 823 1399 sed
837 1379 883 1399 vo-

143 1405 254 1436 luntate.
274 1407 414 1446 Cognituri
436 1414 499 1437 sunt
511 1414 600 1437 autem
614 1419 676 1437 eum
689 1409 716 1437 in
729 1408 775 1437 die
784 1407 883 1447 judicii

144 1445 273 1482 nolentes,
280 1446 388 1485 quando
398 1447 531 1477 videbunt
542 1458 604 1476 eum
613 1447 641 1476 in
647 1448 881 1487 majestatePatris,

143 1485 252 1523 quando
258 1486 388 1515 videbunt
395 1497 457 1516 eum
465 1487 543 1516 etiam
551 1497 641 1516 omncs
651 1487 748 1526 iniqui,
758 1495 784 1517 et
790 1488 884 1516 Domi—

144 1534 209 1554 num
221 1536 283 1554 enm
299 1526 499 1555 confitebuntur
511 1527 648 1555 nolentes:
664 1528 801 1563 Domine,
818 1528 882 1556 Do-

145 1566 232 1601 mine,
237 1575 288 1594 nos
294 1566 326 1593 in
333 1567 451 1595 nomme
457 1572 506 1595 tuo
518 1567 663 1595 doemonia
671 1568 880 1606 ejecimus,etc.3

143 1603 192 1633 scd
210 1604 279 1633 nibil
295 1605 351 1633 illis
365 1605 487 1645 proderit
507 1605 582 1635 tarda
601 1605 741 1635 consessio.
759 1606 837 1635 Tunc
856 1612 882 1635 et

144 1643 188 1672 isti
200 1643 300 1673 dicturi
314 1651 376 1674 sunt
388 1645 496 1675 Christo
513 1657 519 1673 τ
535 1647 593 1674 Nos
605 1647 635 1674 in
646 1647 762 1674 nomine
774 1651 823 1674 tuo
834 1646 882 1674 do-

143 1686 304 1720 cuimus,et
324 1687 356 1713 in
374 1688 490 1714 nomine
508 1691 558 1714 tuo
571 1686 715 1714 doemom'a
733 1686 878 1724 ejecimus.

142 1722 221 1752 Dioet
241 1730 331 1753 autem
349 1724 384 1753 ad
403 1735 448 1754 eos
465 1736 472 1753 ε
487 1724 628 1763 Numquid
645 1724 677 1752 'in
691 1725 791 1754 virtute
802 1724 881 1753 mea?

141 1763 275 1801 numquid
292 1763 320 1792 in
341 1763 438 1804 spiritu
453 1764 534 1793 meo?
552 1765 584 1793 ln
598 1764 704 1792 nomine
727 1763 799 1792 enim
823 1773 881 1792 meo

140 1801 246 1840 aliquid
258 1813 346 1841 agere,
358 1803 528 1833 seductorum
539 1810 594 1832 est:
606 1802 651 1832 sed
666 1803 692 1831 in
701 1803 799 1832 virtute
812 1813 880 1840 mea,

141 1847 167 1870 et
178 1842 206 1870 in
213 1841 310 1881 spiritu
323 1853 392 1880 meo,
399 1850 562 1872 sanctorum.
570 1842 705 1872 Disceditc
715 1853 729 1870 a
736 1853 788 1879 me,
795 1842 882 1871 nescio

141 1881 189 1919 qui
202 1881 275 1910 estis.
291 1882 366 1911 Sicut
379 1883 449 1911 enim
463 1892 511 1911 vos
517 1888 702 1920 cognoscentes
714 1893 767 1919 me,
781 1891 881 1921 cogno-

141 1930 214 1949 scere
234 1920 368 1957 nolnistis,
379 1932 432 1951 non
448 1928 555 1966 propter
573 1921 745 1950 difficultates
764 1921 883 1950 veritatis

141 1969 217 1995 meae,
233 1959 280 1988 sed
298 1968 406 2000 propter
419 1961 571 1999 iniquitates
582 1960 689 1990 malitiae
711 1967 804 1990 vestrae
820 1971 826 1988 :
843 1960 883 1990 sic

141 2005 168 2027 et
179 2008 228 2038 ego
243 2009 403 2037 cognoscens
417 2010 478 2036 vos,
492 2001 555 2030 nolo
568 2000 738 2039 cognoscere,
753 2010 805 2028 non
819 2010 881 2039 pro-

940 902 1013 928 suos,
1029 899 1055 922 et
1069 903 1160 922 omnes
1181 893 1265 922 bonos
1279 893 1448 931 transferens,
1461 895 1508 933 qui
1532 896 1632 926 fuerint
1644 908 1678 927 ex

939 932 957 961 J
959 931 1053 969 udaeis‚
1065 932 1170 961 dicente
1178 933 1306 972 propbeta
1322 934 1560 964 xConvertanlur
1571 937 1610 964 ad
1618 947 1674 975 me,
1686 942 1752 965 Psal.
1773 943 1822 968 118.

938 973 989 1010 qui
1002 973 1104 1000 timent
1119 979 1155 1001 te.
1165 973 1268 1009 Novam
1282 972 1335 1001 sihi
1348 973 1408 1002 fecit
1417 974 1574 1011 Ecclesiam,
1585 982 1611 1004 et
1624 976 1675 1005 ad—
1684 979 1722 1003 ⁷9-

937 1011 1042 1040 monuit
1064 1011 1152 1048 illam,
1173 1018 1202 1040 ut
1224 1011 1294 1041 sicut
1307 1013 1421 1042 mutavit
1440 1013 1540 1049 locum,
1552 1022 1635 1044 mutet
1649 1024 1675 1046 et

937 1060 1034 1086 mores,
1048 1050 1140 1080 dicens
1160 1062 1208 1091 per
1224 1051 1381 1091 prophetam
1401 1064 1408 1081 z
1432 1053 1528 1089 Audi,
1554 1055 1634 1092 filia,
1645 1063 1673 1085 et
1682 1064 1749 1086 Psac.
1764 1062 1792 1096 44

937 1091 1008 1119 vide
1021 1096 1049 1119 et
1062 1091 1174 1119 inclina
1185 1101 1283 1119 aurem
1296 1097 1386 1128 tuam,
1402 1098 1432 1121 et
1442 1093 1611 1122 obliviscere
1617 1106 1672 1134 po·
1684 1100 1719 1116 ¹¹·
1737 1101 1772 1117 ¹2·

933 1129 1035 1168 pulum
1050 1137 1141 1165 tuum,
1155 1136 1183 1159 et
1202 1131 1318 1159 domum
1331 1133 1423 1170 patris
1447 1133 1500 1168 tui,
1515 1139 1543 1162 et
1566 1143 1671 1164 concu-

933 1170 1023 1207 piscet
1037 1180 1088 1198 rex
1097 1170 1228 1199 decorem
1250 1176 1342 1198 tuum.
1361 1170 1419 1200 Ibat
1429 1171 1510 1208 enim,
1526 1183 1672 1212 numquam

934 1207 968 1236 ad
980 1208 1050 1237 illud
1072 1209 1201 1249 templum
1218 1209 1316 1238 iterum
1335 1220 1511 1240 reversurus:
1527 1214 1581 1252 jam
1599 1214 1671 1243 enim

934 1248 1108 1277 maledixerat
1121 1249 1156 1285 ei,
1168 1248 1275 1277 dicens:
1286 1249 1457 1288 Numquam
1471 1261 1507 1278 ex
1517 1258 1546 1280 te
1556 1252 1671 1290 fructus
1682 1260 1767 1281 Μηιιιι.
1781 1265 1818 1281 21.

935 1295 1082 1317 nascatur.
1098 1289 1161 1317 Haec
1177 1288 1248 1317 enim
1270 1287 1404 1328 synagoga
1413 1296 1470 1319 erat
1483 1290 1529 1319 illa
1543 1285 1668 1329 ficulnea,
1683 1295 1719 1319 ¹9·

934 1334 1026 1356 ornata
1039 1327 1122 1363 foliis,
1141 1334 1167 1357 et
1190 1327 1320 1356 fructibus
1334 1338 1420 1357 vacua
1435 1341 1441 1357 :
1456 1340 1515 1368 quae
1526 1331 1606 1360 arbor
1626 1333 1669 1363 vi-

933 1365 1058 1403 debatur,
1072 1377 1125 1395 non
1148 1373 1235 1396 autem
1256 1373 1312 1396 erat
1325 1367 1375 1396 nisi
1396 1367 1529 1407 figuralis,
1547 1370 1594 1399 sed
1616 1379 1672 1401 erat

934 1415 1068 1450 synagoga
1081 1406 1161 1435 realis
1176 1418 1183 1434 ε
1200 1406 1268 1435 sicut
1281 1413 1307 1435 et
1321 1406 1426 1442 Judaea,
1440 1418 1500 1446 qnae
1514 1410 1669 1444 verbasan—

900 1456 918 1480 0
934 1451 1032 1477 cutans,
1071 1446 1184 1482 citabat,
1197 1453 1223 1475 et
1241 1456 1320 1485 opera
1334 1446 1439 1485 pietatis
1462 1458 1514 1476 non
1533 1448 1647 1480 habebat
1662 1462 1668 1478 :

935 1494 993 1522 qnae
1013 1456 1154 1513 vidiizbatur
1168 1485 1285 1524 populus
1306 1485 1367 1520 Dei,
1382 1495 1435 1514 non
1451 1494 1539 1516 autem
1554 1490 1670 1526 emund

934 1533 1014 1562 quam
1028 1524 1101 1552 venit
1122 1524 1245 1553 Christus
1264 1523 1391 1553 esuriens.
1417 1525 1542 1555 Christus
1556 1527 1627 1557 enim
1646 1529 1669 1558 si
1720 1532 1819 1553 christus

933 1563 1027 1599 esurit,
1042 1563 1175 1601 quomodo
1189 1563 1320 1592 satiatur?
1334 1563 1451 1594 Satiatur
1463 1564 1491 1593 in
1512 1565 1565 1595 fide
1577 1567 1669 1596 homi·-
1723 1564 1820 1614 ⁰⁵¹¹⁶⁰⁵¹⁵

933 1612 1010 1639 num,
1023 1602 1106 1631 esurit
1127 1608 1214 1631 autem
1228 1602 1255 1630 in
1280 1602 1436 1632 infidelitate
1457 1614 1560 1634 eorum.
1577 1607 1613 1636 Et
1624 1606 1670 1636 de·
1678 1601 1789 1645 „22:22⁰
1807 1602 1819 1613 ⁰

934 1652 1015 1680 super
1025 1641 1220 1671 Samaritanum
1229 1649 1338 1681 puteum
1351 1642 1468 1681 gaudens
1479 1643 1597 1682 sedebat,
1605 1657 1671 1685 qno-

934 1681 1004 1710 niam
1015 1680 1081 1709 fides
1088 1681 1315 1710 Samaritanorum
1323 1681 1457 1711 offerenda
1462 1683 1486 1712 ei
1497 1683 1592 1722 fuerat,
1600 1692 1670 1715 tam·
1680 1692 1802 1721 Joan.4.6.

934 1730 1015 1758 quam
1028 1720 1145 1759 optimus
1154 1720 1241 1749 cibus.
1255 1720 1306 1750 Hic
1315 1728 1402 1750 autem
1418 1721 1444 1750 in
1458 1723 1557 1762 templo
1568 1725 1670 1754 nullam

934 1770 1019 1788 escam
1034 1760 1157 1788 humanae
1170 1759 1316 1789 sanctitatis
1337 1759 1489 1797 inveniens,
1504 1772 1623 1800 egressus
1636 1764 1671 1793 de

934 1799 1044 1838 templo,
1055 1798 1166 1828 tristiter
1183 1799 1249 1828 ibat.
1271 1800 1307 1829 Et
1323 1810 1385 1829 vere
1398 1801 1492 1830 merito
1505 1802 1670 1839 tristabatur,

932 1837 1099 1877 eteratquod
1109 1839 1276 1867 irasceretur.
1291 1839 1372 1878 Apud
1382 1840 1560 1871 samaritanos
1571 1842 1597 1871 in
1609 1854 1671 1882 per-

934 1888 995 1916 egre
1015 1877 1126 1907 satiatus
1144 1885 1194 1911 est,
1208 1878 1281 1917 apud
1295 1878 1403 1908 Judaeos
1420 1880 1448 1908 in
1466 1879 1546 1910 domo
1563 1893 1612 1926 pro
1633 1883 1673 1912 ria

935 1917 1030 1946 mansit
1039 1917 1159 1957 jejunus.
1175 1918 1244 1947 Nam
1257 1918 1323 1947 ibat.
1339 1920 1389 1947 Per
1398 1918 1448 1947 hoc
1456 1919 1528 1957 quod
1542 1920 1586 1950 hic
1600 1893 1671 1951 (1ςεί-

934 1963 989 1990 tur,
1001 1958 1080 1993 Ibat,
1090 1956 1141 1986 hoc
1154 1956 1379 1996 significat‚qnasi
1391 1958 1507 1988 offensus
1519 1959 1584 1989 ibat.
1597 1961 1673 1991 Alio-

934 1996 982 2034 qui
995 1995 1127 2025 sufficeret
1139 1995 1238 2032 dicere,
1251 1997 1320 2026 Cum
1330 2007 1450 2037 egressus
1460 1998 1551 2028 suisset
1563 1999 1596 2029 de
1604 2007 1670 2030 tem*

141 2043 201 2105 pter
218 2046 358 2068 extraneas
370 2050 495 2079 personas
509 2047 621 2076 vestras,
637 2039 683 2069 sed
698 2046 807 2079 propter
819 2038 879 2068 odi-
894 2046 919 2069 -D
935 2035 991 2074 Plo,
1005 2042 1170 2064 accesseruffl
1183 2034 1219 2064 ad
1238 2045 1310 2065 eum·
1326 2036 1559 2073 Quemadmodum
1578 2040 1670 2078 home,
1681 2056 1768 2072 exeun

161 2076 210 2106 iles
225 2078 340 2108 malitias
351 2086 462 2108 vestras.

301 2175 436 2204 Homilia
447 2176 532 2216 xlvij.
549 2186 656 2216 excap.
670 2179 751 2207 xxiv.

182 2269 211 2295 1.
221 2267 362 2306 Egressus
373 2267 461 2296 Jesus
473 2268 510 2296 de
523 2268 640 2307 templo,
653 2270 733 2297 ibae.-
746 2275 774 2297 et
787 2279 882 2299 acces-

142 2313 240 2335 serunt
254 2306 391 2344 discipuli
411 2308 484 2345 ejus,
500 2313 532 2335 ut
555 2308 740 2337 ostenderent
750 2310 777 2337 ei
790 2309 883 2348 cech'fi-

143 2348 271 2374 cationes
286 2345 395 2384 templi.
410 2346 541 2385 Superius
554 2346 688 2385 ingressus
698 2353 737 2375 est
750 2347 882 2376 Dominus

142 2385 283 2424 templum,
296 2395 416 2423 quaerens
426 2385 590 2414 sanctitatem
601 2385 693 2424 templi
705 2398 710 2414 ε
722 2386 769 2414 sed
778 2397 839 2415 cnm
855 2387 882 2417 in

143 2424 242 2462 templo
255 2424 323 2452 nihil
340 2424 470 2453 inveniret
484 2424 624 2463 proprium
637 2425 728 2464 templi
739 2436 748 2462 ς
763 2435 883 2464 egressus

143 2462 178 2491 de
201 2463 300 2502 templo
323 2463 377 2492 ibat
389 2475 396 2492 ε
408 2463 470 2501 quia
494 2462 637 2492 aedificium
655 2463 763 2502 quidem
787 2465 882 2502 stabat,

143 2501 216 2540 quod
229 2509 370 2531 erexerunt
380 2502 512 2539 homines,
525 2502 648 2531 sanctitas
662 2513 726 2532 vero
740 2503 881 2542 ceciderat,

144 2551 223 2579 quam
237 2541 409 2571 constituerat
420 2543 503 2570 Deus.
520 2543 588 2571 Nam
599 2541 728 2581 templum
741 2542 880 2573 hominum

144 2586 182 2609 est
201 2579 341 2609 aedificatio
361 2580 483 2620 lapidum
506 2581 617 2620 pulchre
632 2581 777 2621 composita
794 2595 799 2611 :
815 2589 880 2612 tem-

935 2074 958 2103 si
972 2073 1052 2106 vadat
1065 2074 1177 2110 alicubi,
1192 2074 1346 2105 existimans
1360 2076 1480 2106 invenire
1503 2088 1670 2118 responsum,

936 2114 959 2142 si
980 2124 1032 2142 non
1054 2113 1196 2151 invenerit,
1214 2115 1340 2144 confusus
1359 2115 1509 2154 egreditur,
1527 2118 1603 2156 quasi
1626 2119 1673 2157 qui

936 2152 1055 2189 perdidit
1067 2152 1182 2192 aliquid,
1195 2153 1258 2192 quia
1273 2154 1346 2192 quod
1358 2155 1481 2195 sperabat
1493 2166 1545 2186 non
1559 2157 1670 2186 invenit.

923 2192 998 2226 ,Ideo
1009 2199 1035 2221 ct
1048 2192 1174 2231 apostolis
1187 2194 1262 2231 quasi
1276 2193 1369 2223 dolore
1379 2193 1505 2233 repletus,
1518 2196 1668 2235 respondit:

935 2233 965 2260 ἓ.
983 2231 1079 2260 Amen
1089 2233 1154 2260 dico
1164 2233 1260 2268 vobis,
1271 2243 1329 2262 non
1342 2235 1429 2262 stabit
1440 2235 1487 2263 hic
1501 2235 1575 2273 lapis
1588 2245 1673 2273 super·

936 2271 1073 2309 lapidem,
1087 2273 1139 2310 qui
1158 2281 1215 2300 non
1232 2273 1408 2301 destruatur.
1427 2273 1486 2302 Non
1500 2280 1584 2312 potest
1596 2274 1671 2312 paci-

935 2310 985 2338 fica
999 2309 1084 2348 loqui,
1099 2310 1145 2348 qui
1160 2320 1206 2339 cor
1219 2310 1298 2340 habet
1320 2311 1467 2340 turbatum.
1486 2313 1527 2340 Ec
1544 2322 1670 2341 accesse-

935 2355 1002 2377 runt
1023 2349 1063 2377 ad
1076 2360 1141 2378 eum
1162 2350 1297 2389 discipuli
1310 2351 1381 2389 ejus,
1397 2356 1428 2378 ut
1449 2351 1630 2379 ostenderent
1643 2354 1671 2381 ei

935 2387 1110 2417 structuram
1124 2389 1232 2426 templi.
1250 2389 1345 2417 Adhuc
1355 2389 1466 2427 apostoli
1478 2389 1595 2418 carnales
1606 2400 1669 2419 con-

935 2427 1019 2456 stituti
1034 2450 1041 2462 ,
1063 2428 1216 2467 spirituales
1234 2428 1325 2456 oculos
1343 2426 1461 2456 nondum
1478 2427 1544 2456 benc
1565 2436 1670 2468 apertos

935 2466 1081 2502 habebant,
1095 2474 1120 2495 et
1142 2466 1202 2495 ideo
1218 2466 1390 2505 spiritualiter
1406 2465 1494 2494 adhuc
1512 2466 1602 2496 vivere
1616 2479 1668 2497 non

935 2512 1066 2545 poterant.
1081 2506 1148 2534 Ecce
1159 2504 1230 2533 enim
1240 2512 1323 2533 totum
1332 2504 1460 2544 templum
1471 2505 1573 2544 jacebat
1586 2507 1668 2546 spiri-

935 2545 1043 2574 tualiter
1055 2544 1225 2583 dissipatum,
1240 2550 1266 2572 ct
1279 2543 1320 2572 illi
1334 2544 1409 2581 quasi
1431 2544 1581 2573 mirabilem
1596 2556 1668 2578 com.

937 2583 1093 2623 positionem
1106 2582 1198 2622 templi
1218 2582 1324 2612 Christo
1348 2583 1537 2620 monstrabant,
1550 2594 1602 2613 non
1624 2586 1669 2614 in—
