1890 2826
201 169 269 214 370

199 251 247 270 sua
266 238 376 267 abducti
395 237 516 272 fuerant,
531 235 622 274 ibique
635 235 804 275 septuaginta
821 234 898 263 annis
912 234 940 263 in

200 286 329 315 servitute
354 290 520 319 manserant,
534 281 644 310 demum
668 283 742 311 Deus
765 280 897 321 placatus,
911 280 941 310 id

201 331 321 371 providit
335 337 365 359 ut
377 331 465 370 Cyrus
478 336 542 358 tunc
554 338 602 357 rex
616 329 769 364 Persarum,
784 328 884 367 Cyrus,
899 327 941 356 in-

200 390 293 418 quam,
319 379 397 418 cujus
422 376 556 416 puerilem
582 375 774 406 institutionem
800 375 943 416 descripsit

201 425 365 466 Xenophon,
381 423 499 463 captivos
511 421 668 457 dimitteret.
684 421 800 451 Dimissi
814 432 879 452 vero
898 432 944 451 re-

203 471 310 501 dierunt
327 470 444 499 discibus
469 468 567 504 Esdra‚
582 468 693 498 Neemia
717 475 743 498 et
766 467 943 498 Zorobabele.

203 520 282 548 Hunc
303 516 420 546 reditum
442 515 573 545 describit
592 514 704 551 Esdras,
717 522 744 545 et
756 513 891 554 quomodo
903 524 946 543 re-

204 563 275 593 versi
299 562 430 602 templum
452 560 541 590 denuo
565 561 782 597 construxerint,
799 560 946 599 urbemque

111 619 189 646 Schol
205 607 432 638 reaedificaverint.
445 608 559 636 Centum
571 606 669 636 deinde
677 607 754 637 annis
764 607 874 647 elapsis,
886 617 947 636 rur-

56 656 178 679 Μακεόονῑ-
206 666 252 685 sus
265 655 326 684 illos
349 653 467 688 bellum,
483 652 690 682 Macedonicum
711 663 816 693 nempe,
836 651 945 682 invasit.

57 699 98 745 '⁰0'
133 689 200 713 “⁰7⁵-
209 701 310 731 Deinde
318 699 444 730 Antiochi
455 699 607 740 Epiphanis
614 706 687 739 gesta
695 706 856 738 sequuntur,
865 709 948 738 quan·-

55 732 184 791 fftqiicedo-
207 748 242 777 do
253 747 426 776 tribusannis
438 753 464 776 et
473 745 588 775 dimidio
599 745 710 783 obsessi,
718 746 840 784 maleque
851 745 949 780 affecti,

59 794 145 843 Zl‘frj‘m
151 784 222 824 bel-a
234 794 431 824 calamitatibus
441 803 552 823 rursum
565 793 651 833 erepti
663 800 735 822 sunt.
750 794 813 822 Post
824 793 882 822 haec
895 803 949 822 mo-

59 838 171 885 Ᾱντίρχος,
207 841 268 870 dico
291 841 382 881 elapso
395 847 526 880 tempore,
542 839 667 870 Christus
687 839 807 876 advenit,
822 846 848 868 et
862 840 950 870 Vetus

109 886 137 909 Λ
140 886 202 908 '¹15⁰-
208 888 408 916 Testamentum
419 886 528 916 desinit.
546 888 586 917 Ut
600 893 687 915 autem
700 885 819 915 discatur
828 884 950 915 Juda'icae

59 918 293 977 Cluiiiiaaimgemis
307 933 394 972 origo,
415 932 538 971 quoedam
558 931 603 961 hic
623 930 772 961 enarranda
792 937 865 960 sunt.
889 930 952 960 Post

59 989 120 1016 γένος
127 988 201 1015 πόθε-ι,
210 979 296 1008 Adam
310 979 362 1008 suit
374 979 450 1015 Seth,
466 977 565 1007 deinde
579 977 672 1007 Enoch
681 999 688 1013 ‚
703 984 794 1017 postea
807 977 855 1006 alii
870 986 953 1015 usque

60 1017 164 1042 J¹“¹‘²'⁰‘
210 1026 245 1055 ad
257 1027 355 1055 multas
368 1026 562 1066 generationes:
573 1025 683 1054 demum
694 1025 847 1065 Noe,cujus
855 1030 956 1063 tempo-

60 1060 114 1075 ''Hm
124 1059 203 1084 genus
396 1074 401 1078 ,
618 1071 623 1076 .
639 1071 645 1077 .
787 1071 792 1077 .
837 1070 843 1076 ο
897 1070 903 1076 ι

61 1084 134 1108 mule.
209 1083 249 1109 re,
257 1084 319 1102 cum
329 1074 451 1102 homines
461 1079 548 1102 essent
559 1071 662 1101 malitia
673 1078 805 1111 corrupti,
815 1070 954 1100 dilnvium

209 1118 316 1148 accidit.
332 1120 457 1149 Cessante
478 1118 595 1155 diluvio,
611 1128 732 1158 egressus
751 1128 786 1146 ex
806 1127 867 1146 arca
882 1115 956 1145 solus
973 1124 991 1147 E

210 1176 271 1194 cum
285 1165 372 1194 tribus
385 1164 461 1200 filiis,
477 1171 576 1193 terram
589 1174 696 1193 omnem
708 1163 786 1203 prole
799 1174 847 1192 sua
867 1162 955 1202 reple-

210 1211 260 1246 vit,
276 1211 370 1240 multis
395 1210 559 1239 successione
583 1209 699 1248 quadam
720 1209 869 1249 prognatis.
884 1210 955 1238 Cum

211 1268 274 1297 ergo
282 1257 393 1297 plurimi
403 1263 500 1292 essent,
507 1255 691 1285 deliberarunt
699 1255 832 1284 aedificare
849 1254 955 1291 turrim,

212 1315 272 1343 quae
283 1303 318 1333 ad
331 1304 427 1334 caelum
441 1314 525 1342 usque
548 1304 720 1343 pertingeret.
743 1302 846 1331 Eorum
868 1302 956 1331 consi-

213 1350 281 1380 lium
293 1349 447 1390 improbans
461 1350 545 1385 Deus,
559 1349 666 1388 linguas
679 1349 801 1388 ipsorum
820 1347 955 1384 confudit,

214 1406 348 1434 unamque
358 1395 386 1424 in
401 1395 500 1424 multas
519 1394 623 1424 divisit.
638 1395 729 1430 Quare
748 1404 810 1423 cum
834 1404 887 1423 non
901 1403 958 1422 soee

214 1449 308 1471 mutuo
331 1441 466 1478 audirent,
479 1441 561 1471 simul
575 1441 695 1470 habitare
712 1451 766 1470 non
787 1447 932 1480 potuerunt
948 1452 956 1468 ε

213 1499 273 1527 quae
282 1498 361 1518 causa
370 1487 422 1517 fuit
431 1494 462 1516 ut
472 1498 520 1527 per
529 1494 616 1516 totum
625 1487 718 1516 orbem
727 1486 956 1526 dispergerentur.

214 1534 322 1564 Dicitur
334 1541 423 1564 autem
436 1534 464 1562 in
479 1533 527 1562 illa
546 1533 702 1562 confusione
720 1533 886 1572 linguarum,
899 1535 957 1563 He-

968 1561 1004 1580 ⁸¹6

528 175 556 197 S.
586 173 726 196 JOANNIS
753 171 937 196 cuanosT.
967 171 1123 196 ARCRIEP.
1150 171 1423 196 CONSTANTINOP-

997 241 1095 274 λωσίας
1109 243 1156 276 τῆς
1183 243 1220 274 εἷς
1242 241 1397 271 Βαὸυλῶνα.
1422 239 1498 270 Μετὰ
1523 239 1550 270 δὲ
1564 239 1611 273 τὰς
1631 240 1780 280 Βασιλείας

996 287 1124 327 Ἔσδρας.
1148 287 1259 323 Ἐπειδὴ
1284 287 1335 327 γὰρ
1360 287 1549 327 ἀπηνέχθησαν
1569 288 1607 319 εἷς
1626 286 1772 315 Βαὸυλῶνα

998 333 1160 374 ἁμαρτόντες
1171 355 1179 370 ,
1199 333 1244 363 καὶ
1258 333 1440 372 ἑῧδομήκοντα
1454 333 1500 368 ἔτη
1522 332 1670 362 διετέλεσαν
1683 332 1773 362 αὐτόθι

999 379 1177 416 δουλεύοντες,
1191 382 1205 409 6
1219 380 1287 413 Θεὸς
1312 379 1421 420 ὕστερον
1436 378 1514 412 ἵλεως
1526 381 1614 412 αὐτοῖς
1627 378 1772 418 γενόμενος,

999 426 1183 465 παρεσκεύασε
1197 425 1240 455 τὸν
1266 427 1354 466 Κῦρον
1367 425 1412 455 τὸν
1429 424 1488 454 τότε
1507 425 1620 464 Περσῶν
1649 424 1774 463 βασιλεύ-

999 483 1076 507 οντα,
1103 473 1206 511 Κῦρον,
1231 467 1261 500 οὗ
1283 471 1331 505 τὰς
1346 471 1467 505 παιδείας
1484 471 1616 511 ἀνέγραψε
1630 471 1754 510 Ξενοφῶν
1766 493 1774 505 ,

963 519 983 542 D
1001 519 1104 558 ἀφεῖναι
1127 517 1188 551 τοὺς
1212 518 1409 558 αἰχμαλώτους.
1441 517 1494 547 Καὶ
1521 517 1642 557 ἀφέντος,
1657 517 1775 551 ἐπανῆλ-

1001 566 1046 593 θον
1073 563 1220 603 ἡγουμένου
1247 566 1293 592 τοῦ
1321 562 1424 603 Ἔσδρα
1440 586 1448 601 ,
1486 565 1532 592 τοῦ
1571 562 1685 602 Νεεμίου
1696 584 1703 597 ,
1729 564 1774 591 τοῦ

1006 609 1168 649 Ζοροόάὸελ.
1185 608 1239 638 Καὶ
1253 609 1301 646 τὴν
1315 608 1439 638 ἐπάνοδον
1459 608 1558 644 ταύτην
1570 608 1666 649 γράφει
1684 610 1698 637 6
1711 607 1777 637 ''Ee-

1003 657 1066 696 δρας
1074 667 1081 673 ·
1103 657 1139 689 ὡς
1153 655 1336 688 ἐπανελθόντες
1361 656 1391 684 ἐκ
1416 655 1536 695 δευτέρω
1556 655 1601 684 τὸν
1627 654 1688 684 ναὸν
1706 655 1775 694 ᾠκο-

1004 701 1124 741 δόμησαν
1134 723 1142 737 ,
1167 701 1212 731 καὶ
1223 701 1271 738 τὴν
1283 701 1359 730 πόλιν
1372 700 1530 737 ἀνέστησαν.
1544 701 1597 730 Καὶ
1611 700 1703 730 ἑκατὸν
1717 701 1778 729 δια-

1003 747 1150 788 γενομένων
1165 748 1230 777 ἐτῶν
1239 770 1247 783 ,
1261 746 1341 776 πάλιν
1355 746 1471 786 πόλεμος
1493 746 1586 780 αὐτοὺς
1605 746 1753 776 κατέλαὸεν
1765 747 1779 774 6

1003 793 1191 827 Μακεδονικός.
1205 789 1273 823 Ε’ἶτα
1285 793 1318 823 τὰ
1329 793 1373 822 ἐπὶ
1384 793 1524 834 Ἀντιόχου
1539 793 1635 829 συνέὸη
1650 795 1696 822 τοῦ
1705 793 1781 821 Ἐπι-

1004 843 1100 880 φανοῦς
1109 863 1117 878 ,
1137 839 1180 869 ὅτε
1193 840 1239 870 καὶ
1254 840 1314 880 τρία
1331 839 1377 875 ἔτη
1388 839 1606 879 πολιορκηθέντες
1628 839 1673 868 καὶ
1686 838 1780 877 ἥμισυ,

1005 889 1093 920 κακῶς
1117 886 1256 923 παθόντες,
1275 886 1355 916 πάλιν
1378 886 1571 926 ἀπηλλάγησαν
1589 888 1642 915 τῶν
1662 887 1781 925 ἐπιγενο-

1006 932 1091 972 μένων
1105 934 1203 961 κακῶν.
1227 931 1241 948 ¹²
1250 932 1304 962 Καὶ
1322 934 1380 972 μετ’
1401 933 1485 962 ἐκεῖνο
1497 932 1586 972 ὀλίγου
1599 932 1782 972 διαγενομένου

1006 979 1118 1020 χρόνου,
1141 979 1247 1019 ἔρχεται
1269 981 1284 1009 6
1304 979 1437 1020 Χριστὸς,
1463 979 1508 1008 καὶ
1529 979 1602 1012 τέλος
1620 979 1751 1018 λαμὸάνει
1764 982 1781 1015 ἡ

1008 1026 1126 1055 Παλαιά.
1139 1025 1225 1055 Ὥστε
1238 1025 1266 1055 δὲ
1282 1028 1373 1065 μαθεῖν
1386 1025 1466 1055 πόθεν
1480 1026 1593 1062 συνέστη
1604 1026 1640 1055 τὸ
1649 1026 1783 1055 Ἰουδαίων

1009 1071 1097 1111 γένος,
1110 1074 1252 1111 ἀναγκαῖον
1265 1071 1341 1111 ὀλίγα
1355 1073 1446 1101 εἷπεῑν.
1466 1072 1543 1101 Μετὰ
1564 1071 1608 1101 τὸν
1631 1071 1722 1110 Ἀδὰμ
1736 1071 1784 1111 γέ-

1009 1130 1084 1158 γονεν
1096 1120 1110 1147 6
1123 1117 1181 1154 Σὴθ
1191 1140 1200 1155 ,
1228 1113 1285 1147 εἶτα
1298 1117 1390 1157 Ἐνὼχ
1397 1140 1405 1153 ,
1428 1113 1485 1147 εἶτα
1499 1118 1583 1158 ἕτεροι
1597 1118 1679 1158 μέχρι
1692 1117 1783 1146 πλειό-

1009 1177 1060 1194 νων
1071 1166 1169 1204 γενεῶν
1177 1176 1183 1182 ·
1198 1164 1243 1194 καὶ
1260 1164 1319 1193 τότε
1331 1166 1345 1193 6
1355 1165 1416 1194 Νῶε
1426 1186 1434 1199 ,
1454 1165 1494 1204 ἐφ’
1508 1159 1538 1193 οὗ
1547 1186 1555 1200 ,
1575 1165 1628 1193 τῶν
1640 1163 1785 1205 ἀνθρώπων

1010 1210 1204 1251 διαφθαρέντων
1230 1210 1282 1239 ὑπὸ
1294 1210 1407 1245 κακίας,
1433 1210 1534 1250 γίνεται
1554 1213 1568 1240 6
1588 1209 1784 1248 κατακλυσμός.

1010 1252 1079 1286 Εἶτα
1097 1259 1143 1286 τοῦ
1168 1257 1357 1295 κατακλυσμοῦ
1370 1257 1529 1291 παυθέντος,
1551 1255 1662 1290 ἐξελθὼν
1674 1256 1727 1286 ἀπὸ
1740 1258 1788 1291 τῆς

1011 1303 1126 1332 κιὸωτοῦ
1149 1302 1226 1342 μόνος
1252 1302 1320 1342 μετὰ
1344 1302 1446 1332 παίδων
1470 1304 1549 1342 τριῶν
1559 1326 1566 1340 ,
1589 1302 1718 1339 ἐνέπλησε
1739 1302 1788 1339 τὴν

1011 1351 1062 1389 γ’ἠν
1074 1351 1104 1379 ἐκ
1117 1351 1165 1384 τῆς
1179 1351 1258 1378 αὐτοῦ
1274 1354 1378 1389 γενεᾶς,
1402 1349 1471 1378 κατὰ
1485 1348 1612 1389 διαδοχὴν
1626 1350 1732 1379 πολλῶν
1743 1349 1788 1379 ὄν-

1012 1407 1064 1425 των
1077 1398 1130 1425 τῶν
1145 1395 1317 1434 τικτομένων.
1331 1395 1380 1429 Ὡς
1393 1391 1438 1424 οὖν
1452 1395 1569 1435 ἐγένοντο
1579 1395 1689 1429 πολλοὶ,
1714 1395 1789 1424 ἔθου-

1011 1442 1140 1471 λεύσαντο
1152 1441 1252 1481 πύργον
1266 1442 1457 1481 οἰκοδομῆσαι,
1479 1441 1609 1482 φθάνοντα
1622 1441 1671 1474 ἕως
1685 1443 1732 1470 τοῦ
1743 1442 1788 1470 οὖ-

1015 1491 1102 1528 ρανοῧ.
1126 1486 1280 1527 Καταγνοὺς
1301 1487 1328 1517 δὲ
1352 1488 1439 1516 αὐτῶν
1462 1487 1511 1523 τὴν
1533 1486 1643 1527 γνώμην
1667 1489 1680 1516 6
1705 1486 1789 1523 Θεὸς,

1015 1534 1137 1574 συνέχεεν
1156 1535 1243 1563 αὐτῶν
1262 1533 1308 1567 τὰς
1319 1533 1457 1573 γλώσσας,
1479 1533 1525 1563 καὶ
1535 1533 1583 1569 τὴν
1599 1533 1662 1572 μίαν
1674 1535 1710 1567 εἷς
1723 1534 1791 1562 πολ-

214 1581 310 1609 berum
328 1580 485 1611 Judaeorum
510 1579 706 1619 progenitorem
725 1579 843 1608 noluisse
867 1580 960 1609 tentati
977 1589 998 1612 Α
1014 1581 1062 1616 λὰς
1074 1581 1200 1619 διέτεμεν.
1220 1580 1301 1610 ’Όθεν
1315 1580 1417 1620 ἀνάγκη
1429 1579 1535 1620 γέγονεν
1547 1581 1636 1614 αὐτοῖς
1650 1581 1698 1610 οὐκ
1709 1579 1792 1610 ἀκού-

215 1627 303 1667 operis
311 1638 367 1656 esse
379 1627 546 1667 participem,
556 1626 698 1665 solumque
704 1626 833 1655 mansisse
851 1626 898 1665 qui
913 1626 962 1656 lin-

216 1684 296 1712 guam
307 1680 434 1710 servaret,
449 1673 500 1703 hoc
514 1672 611 1712 optimi
624 1672 730 1701 consilii
741 1674 884 1711 praemium
897 1673 962 1703 ade-

214 1728 301 1760 ptum.
318 1721 362 1751 Ex
376 1720 518 1760 nepotibus
534 1720 592 1759 ejus
605 1720 657 1749 fuit
670 1718 809 1749 Abraham
827 1732 834 1748 :
850 1720 963 1759 ideoque

215 1767 372 1798 Judoeorum
386 1768 491 1807 lingua,
508 1768 639 1797 Hebra'ica
652 1773 764 1796 vocatur
787 1767 822 1796 ab
845 1768 961 1797 Hebero.

218 1814 332 1843 Abrahae
351 1814 425 1843 filius
435 1814 486 1843 suit
499 1815 583 1849 Isaac,
599 1814 682 1854 hujus
694 1813 789 1843 Jacob.
805 1814 857 1843 Hic
870 1814 963 1854 genuit

217 1859 361 1890 duodecim
373 1860 550 1899 patriarchas,
560 1859 669 1895 Ruben,
681 1856 809 1899 Symeon,
823 1860 899 1895 Levi,
913 1861 964 1890 Ju-

219 1905 282 1934 dam
290 1928 298 1942 ,
310 1906 432 1942 Isachar,
453 1905 575 1935 Zabulon
584 1927 593 1941 ,
604 1905 760 1944 Nepthalitn
769 1927 776 1941 ,
793 1905 855 1934 Gad
864 1928 872 1942 ,
886 1907 945 1934 Dan
956 1928 963 1939 ‚

220 1955 297 1988 Aser,
310 1951 422 1991 Joseph,
434 1951 585 1991 Benjamin.
599 1950 733 1980 Uudecim
744 1951 842 1980 horum
857 1951 967 1991 patriar-

221 1997 333 2026 charum
357 2007 454 2026 nomen
481 2007 605 2036 accepere
630 1997 718 2026 tribus
746 1998 780 2026 ab
806 1997 863 2026 illis
888 2004 964 2026 ortae.

221 2043 415 2082 Unusquisque
428 2043 500 2072 enim
512 2043 614 2072 tribum
626 2043 826 2082 proseminavit,
840 2051 866 2073 et
879 2044 968 2084 proles

223 2090 257 2118 ab
276 2090 315 2118 eis
332 2088 564 2118 denominabatur.
578 2090 683 2118 Verum
706 2090 818 2129 Josephi
840 2100 893 2119 non
916 2100 968 2119 una

1016 1639 1088 1657 ουσιν
1103 1627 1240 1663 ἀλλήλων,
1258 1626 1325 1665 μηδὲ
1339 1628 1494 1662 συνοικῆσαι
1507 1627 1645 1663 ἀλλήλοις·
1664 1627 1709 1656 καὶ
1725 1626 1792 1662 αὕτη

1017 1672 1107 1713 γέγονε
1120 1672 1251 1713 πρόφασις
1274 1675 1320 1702 τοῦ
1346 1675 1483 1712 πανταχοῦ
1495 1673 1672 1712 διασπαρῆναι
1701 1673 1794 1706 αὖτοὺς

1018 1721 1066 1755 τῆς
1086 1719 1248 1758 οἰκουμένης.
1264 1718 1378 1758 Λέγεται
1391 1717 1418 1747 δὲ
1429 1719 1455 1747 ἐν
1467 1717 1549 1758 ταύτῃ
1561 1720 1594 1758 τῇ
1606 1718 1733 1760 συγχύσει
1741 1721 1794 1748 τῶν

1019 1766 1148 1805 γλωσσῶν
1161 1767 1175 1794 6
1189 1764 1273 1805 Ἔὸερ
1285 1767 1299 1794 6
1310 1767 1364 1794 τῶν
1379 1763 1512 1794 Ἰουδαίων
1531 1765 1658 1805 πρόγονος
1671 1765 1709 1805 μὴ
1731 1768 1795 1805 βου-

1019 1813 1134 1848 ληθῆναι
1146 1813 1306 1847 κοινωνῆσαι
1326 1813 1374 1847 τῆς
1387 1811 1578 1852 ἐπιχειρήσεως
1600 1814 1705 1848 αὐτοῖς,
1731 1812 1796 1842 *ml

1021 1857 1098 1896 μόνος
1122 1862 1209 1897 μεῖναι
1235 1859 1366 1898 διατηρῶν
1389 1856 1438 1893 τὴν
1453 1858 1550 1887 οἰκείαν
1577 1859 1700 1897 γλῶσσαν
1712 1881 1720 1895 ,
1748 1861 1797 1894 τῆς

1020 1903 1166 1939 καλλίστης
1190 1903 1298 1943 γνώμης
1321 1906 1400 1932 τοῦτο
1426 1903 1556 1942 τιμηθείς.
1580 1904 1682 1934 Τούτου
1694 1904 1797 1944 ἔγγονος

1021 1949 1124 1989 ἐγένετο
1132 1949 1267 1990 Ἀδραάμ·
1282 1949 1322 1979 διὸ
1332 1949 1377 1979 καὶ
1391 1949 1526 1978 Ἰουδαίων
1537 1950 1647 1986 γλῶσσα
1665 1950 1796 1991 Ἑὸραϊκὴ

1022 1995 1173 2031 κέκληται,
1198 1994 1250 2024 ἀπὸ
1270 1997 1316 2024 τοῦ
1335 1994 1432 2035 Ἕὸερ.
1462 1994 1565 2037 Τούτου
1585 1995 1672 2024 τοίνυν
1695 1995 1798 2035 ἐγένετο

992 2077 994 2079 v
1022 2040 1147 2081 ὴέγγονος
1160 2040 1317 2081 [nepetae]
1327 2063 1335 2077 ,
1356 2044 1401 2071 τοῦ
1418 2041 1552 2081 Ἀδραὰμ,
1564 2042 1658 2072 Ἰσαὰκ
1676 2065 1683 2079 ,
1696 2039 1726 2072 οῧ
1741 2042 1799 2072 Ἰα-

1023 2087 1090 2117 κώὅ.
1109 2082 1195 2120 Οὗτος
1213 2086 1334 2127 ἐγέννησε
1348 2086 1407 2120 τοὺς
1422 2087 1524 2117 δώδεκα
1546 2087 1729 2128 πατριάρχας,
1755 2089 1799 2118 τὸν

223 2136 320 2170 tribus,
332 2135 378 2165 sed
390 2135 451 2164 duae
465 2135 681 2165 fuerunt.Noluit
692 2136 764 2164 enim
774 2136 885 2176 Josephi
895 2144 970 2177 pater
988 2147 1006 2171 B
1024 2133 1161 2172 Ῥουὸεὶμ,
1175 2132 1219 2162 τὸν
1233 2132 1346 2172 Συμεὼν
1356 2155 1364 2169 ,
1390 2133 1435 2162 τὸν
1450 2133 1529 2170 Λευὶ,
1543 2134 1587 2163 τὸν
1612 2134 1714 2163 Ἰούδαν
1723 2158 1731 2171 ,
1754 2134 1799 2164 τὸν

227 2192 308 2211 unam
321 2182 424 2211 tribum
435 2182 469 2210 ab
482 2191 513 2210 eo
523 2181 700 2210 denominari.
712 2181 787 2218 Quid
798 2193 860 2221 ergo
871 2183 971 2212 factum

225 2229 286 2258 est?
301 2228 373 2266 Quia
388 2238 457 2257 unus
468 2234 523 2257 erat
535 2227 594 2264 ille,
608 2234 637 2256 ut
649 2227 752 2267 duplex
766 2229 840 2258 fieret
853 2229 970 2268 patriar-

222 2275 287 2310 cha,
295 2274 426 2314 Ephraim
437 2281 463 2303 et
473 2275 623 2303 Manassem
630 2274 698 2303 duos
709 2273 767 2313 ejus
773 2274 854 2312 filios,
864 2275 971 2305 duabus

264 2380 278 2398 Ι»
295 2382 338 2405 Καὶ
349 2381 401 2412 μετ’
417 2382 485 2404 ἐκεῖνο
497 2380 571 2411 ὀλίγου
588 2380 743 2411 διαγενομένου
755 2383 848 2413 χρόνου,
871 2384 928 2412 post
938 2378 993 2403 hoec

231 2419 328 2443 modico
338 2418 426 2451 elapso
440 2423 555 2451 tempore.
567 2417 587 2442 Δ
596 2416 772 2449 profanatione
783 2417 872 2450 templi
883 2427 927 2450 per
939 2419 992 2443 An—

232 2458 345 2483 tiochum
357 2456 513 2490 Epiphanem
529 2456 596 2481 facta
609 2455 642 2481 ad
654 2462 739 2481 ortum
750 2456 844 2482 Christi
861 2457 920 2482 anni
933 2463 991 2482 sunt

232 2499 332 2523 circiter
343 2503 445 2522 eentum
454 2497 592 2529 sexaginta.

267 2545 278 2555 ἰ
304 2541 346 2562 Καὶ
366 2542 431 2569 μόνος
450 2541 525 2569 μεῖναι
548 2537 667 2570 διατηρῶν.
690 2534 809 2561 Homiliis
827 2536 854 2560 in
876 2535 992 2561 Genesim

232 2576 309 2599 Tom.
327 2575 371 2606 IV,
384 2584 410 2607 p.
429 2575 492 2605 300,
506 2574 541 2599 ait
557 2573 752 2607 chrysostomus
770 2574 895 2599 Heberum
912 2574 992 2600 solum

1026 2179 1137 2220 Ἰσαχὰρ
1147 2202 1155 2216 ,
1173 2179 1217 2208 τὸν
1232 2178 1390 2214 Ζαὸουλὼν,
1405 2178 1450 2208 τὸν
1465 2179 1619 2219 Νεφθαλεὶμ
1631 2203 1638 2215 ,
1665 2180 1710 2210 τὸν
1724 2180 1780 2210 Γὰδ
1792 2203 1800 2217 ,

1026 2226 1070 2255 τὸν
1081 2225 1136 2255 Δὰν
1146 2246 1154 2260 ,
1167 2224 1211 2254 τὸν
1226 2224 1321 2264 Ἀσὴρ,
1332 2224 1376 2254 τὸν
1388 2223 1502 2265 Ἰωσὴφ,
1516 2224 1562 2254 τὸν
1576 2226 1711 2265 Βενιαμίν.
1732 2227 1758 2255 T
1759 2225 1803 2256 ού-

1027 2288 1079 2306 των
1090 2277 1142 2306 τῶν
1157 2275 1249 2305 ἕνδεκα
1274 2277 1446 2316 πατριαρχῶν
1467 2275 1602 2315 ἐπώνυμοι
1624 2276 1762 2316 γεγόνασιν
1776 2278 1804 2306 αἱ

1040 2380 1151 2411 primum
1169 2377 1257 2404 mundi
1268 2387 1378 2409 servasse
1390 2378 1493 2408 idioma,
1507 2378 1576 2412 quod
1586 2378 1628 2404 hic
1641 2381 1717 2405 etiam
1728 2380 1803 2406 dicit.

1040 2418 1091 2444 Sed
1100 2427 1129 2444 eu
1141 2418 1173 2443 de
1185 2427 1211 2443 re
1222 2420 1429 2445 controvertitur.
1442 2418 1506 2444 Vide
1518 2425 1605 2444 notam
1617 2418 1680 2444 ibid.

1074 2458 1087 2477 b
1105 2458 1154 2482 Hic
1171 2456 1292 2482 mendum
1310 2465 1362 2482 esse
1382 2457 1490 2485 videtur.
1508 2457 1662 2492 Legendzmx,
1676 2460 1703 2483 ni
1720 2458 1802 2491 fallor,

1041 2501 1128 2530 ζγένιτο
1147 2500 1234 2530 ι”γγονος
1252 2495 1358 2531 Ᾰὲραὰμ,
1375 2501 1417 2524 τοῦ
1432 2496 1540 2533 Ᾰὸραὰμ,
1553 2497 1631 2524 iudx.
1645 2499 1805 2532 Quapropter

1043 2537 1140 2572 Ᾰὸραάμ
1152 2536 1262 2568 primum
1278 2536 1344 2560 inter
1362 2537 1467 2562 uncinos
1482 2538 1619 2570 posuimus,
1632 2546 1663 2563 ne
1680 2538 1806 2564 videretur

1041 2585 1071 2601 ex
1083 2576 1128 2601 Ms.
1142 2575 1293 2601 desumtum.
