1890 2826
769 186 802 210 in
824 184 895 208 ism
901 183 965 214 m,

174 252 320 292 ἄνθρωπον,
336 249 525 285 καταστεῖλαι,
539 249 585 279 καὶ
599 247 652 278 ἀπὸ
667 246 797 284 τοσαύτης
810 244 942 285 θρασύτη-

173 309 216 330 τος
225 298 263 330 εἰς
275 296 374 326 δειλίαν
384 295 430 326 καὶ
443 271 557 336 ἀγωνίαν
571 294 737 334 κατενεγκεῖν
749 293 797 329 τὴν
811 291 940 332 ἐσχάτην.

173 341 205 371 Ἃ
219 341 250 378 δὴ
270 343 389 382 προορῶν
404 344 418 372 ὁ
434 343 567 378 Μωῦσῆς,
587 340 706 374 καταὸὰς
719 338 829 373 εὐθέως,
845 337 893 371 τάς
911 348 943 366 τε

172 387 277 422 πλάκας
290 387 390 428 ἔρριψε,
400 387 447 418 καὶ
460 387 525 428 πρὸς
535 386 580 417 τὸν
591 386 692 427 Ἀαρὼν
703 386 777 425 ἔλεγε
786 396 793 404 ·
804 383 841 414 Τί
853 383 943 420 ἐποίη-

173 433 204 462 σε’
225 445 267 463 σοι
290 436 304 464 ὃ
325 433 388 467 λαὸς
401 429 489 469 οὗτος,
509 432 551 462 ὅτι
563 432 691 468 ἐποίησας
712 430 790 461 αὐτὸν
804 429 943 470 ἰπίχαρμα

172 483 227 514 τοῖς
240 480 360 520 ἐχθροῖςς

186 576 198 590 -“
215 571 303 600 Τοῦτο
312 570 358 600 καὶ
368 572 383 600 ὁ
396 569 535 611 προφήτης
546 566 621 603 οὗτος
630 572 719 605 ποιεῖ,
730 567 775 598 τὸν
789 567 863 607 ἅγιον
874 567 947 596 ἐκεῖ·

174 627 218 646 νον
236 616 396 656 μιμούμενος
418 616 503 656 διπλῷ
525 617 564 656 τῷ
578 615 677 655 τρόπῳ.
698 615 739 644 Οὔ
754 614 806 654 γὰρ
820 613 852 649 δὴ
867 613 945 652 μόνον

175 662 311 692 ἐνεκάλεσε
331 662 392 692 τότε
416 664 430 691 ὁ
454 663 587 698 Μωῦσῆς,
606 661 675 691 ἀλλὰ
694 660 740 690 καὶ
758 662 946 699 συναλγοῦντος

997 183 1076 206 cn.
1099 183 1151 207 111.
1692 172 1737 217 47

994 250 1058 273 runt
1070 255 1156 284 pauca
1167 244 1216 274 illa
1229 243 1312 275 verba
1327 243 1429 273 Aaroni
1445 243 1529 280 dicta,
1544 250 1573 273 ut
1590 249 1630 273 tot
1642 243 1740 279 millia,

994 290 1071 327 quasi
1085 300 1171 319 unum
1183 290 1319 320 hominem
1333 289 1557 330 comprimerent3
1573 296 1600 319 et
1616 300 1630 319 a
1641 289 1690 319 tali
1703 290 1741 319 se-

995 336 1104 365 rocitate
1119 336 1284 376 audaciaque
1302 337 1330 366 in
1349 343 1499 366 extremum
1516 337 1641 366 timorem
1654 346 1741 376 ango-

995 392 1105 421 remque
1122 382 1295 413 deducerent.
1307 381 1389 420 Quod
1403 392 1466 411 cum
1483 382 1646 422 praevideret
1658 384 1740 422 Moy-

995 438 1048 465 ses,
1061 429 1151 459 statim
1167 429 1330 459 descendens
1347 428 1452 458 tabulas
1469 428 1593 468 projecit,
1605 435 1631 457 et
1644 429 1741 458 Aaroni

995 472 1088 503 dixit:
1081 475 1268 516 ·Quidsecit
1292 476 1346 505 tibi
1367 474 1493 515 populus
1515 475 1582 510 hic,
1605 475 1677 513 quia
1691 476 1740 517 se·
1751 481 1802 502 Eam
1804 481 1829 502 ιι.
1837 480 1876 503 32.

997 521 1063 549 cisti
1072 531 1138 550 eum
1149 522 1291 561 gaudium
1305 522 1449 551 inimicis?

1037 567 1068 596 6.
1091 568 1150 597 Ηοο
1174 574 1200 597 et
1217 568 1264 597 hic
1284 567 1414 608 propheta
1434 566 1508 603 facit,
1520 573 1699 605 sanctumque
1710 566 1743 596 il

998 615 1059 644 lum
1069 614 1174 654 duplici
1183 613 1282 643 modo
1275 614 1405 643 lmitatur.
1419 612 1484 644 Non
1496 613 1567 642 enim
1578 613 1745 652 solumtunc

999 660 1135 690 accusavit
1157 662 1274 700 Moyses,
1289 660 1344 689 imo
1365 659 1446 689 etiam
1468 658 1585 688 dolentis
1602 669 1745 698 personam

175 710 339 746 προσωπεῖον
352 706 442 736 λαὸὼν
453 730 460 743 ,
479 706 562 739 οὕτως
582 707 696 735 ἐποιεῖτο
714 704 763 740 τὴν
785 703 946 744 κατηγορίαν
962 712 981 740 c
999 707 1135 744 assumsit,
1148 706 1240 745 sicque
1260 705 1454 736 accusationem
1467 704 1594 734 instituit.
1608 705 1650 734 Ita
1663 705 1745 735 ethic

175 751 288 787 ἐκείνην.
302 751 383 782 Οὕτω
395 752 441 782 καὶ
454 748 528 786 οὗτος
540 750 677 791 ἀμφότερα
688 750 840 789 ἐμιμήσατο
851 750 946 789 λέγων,

175 797 247 831 Λαός
261 810 319 836 μου,
333 800 358 828 οῖ
368 797 516 838 πράκτορες
524 799 604 836 ,ὑμῶν
616 797 790 835 καλαμῶνται
803 798 880 835 ὖμᾶς.
893 795 948 825 Καὶ

175 843 226 883 γὰρ
241 843 422 883 κατηγόρησεν
433 843 549 881 ἐκείνων,
562 843 608 872 καὶ
621 844 656 876 ὡς
670 843 807 881 συναλγῶν
820 844 858 882 τῷ
868 841 947 882 δήμῳ

174 892 260 918 ταῦτα
272 889 355 929 ἔλεγε.
379 889 538 930 Πράκτορας
559 889 587 918 δὲ
608 890 720 918 ἐνταῦθα
741 889 812 917 δοκεῖ
826 887 874 927 μὲν
888 887 948 921 τοὺς

175 937 351 966 ἀπαιτοῦντας
360 934 446 975 λέγειν
455 947 462 954 ·
474 935 527 975 ἐγὼ
539 935 567 964 δὲ
578 930 653 974 οἶμαι
665 933 725 968 τοὺς
736 935 856 974 ἅρπαγας
866 956 874 970 ,
886 933 948 967 τοὺς

174 981 332 1014 πλεονέκτας
353 983 439 1011 αὐτῶν
454 981 629 1011 αἰνίττεσθαι·
642 981 667 1009 εἰ
680 980 708 1009 δὲ
726 979 763 1019 μὴ
777 983 864 1016 τοῦτο,
879 979 948 1009 ἀλλὰ

175 1027 236 1060 τοὺς
253 1029 466 1068 φορολογοῦντας.
477 1027 550 1067 Ὅρα
567 1028 646 1056 aaron
659 1027 793 1055 κάνταῦθα
806 1026 854 1061 τὴν
869 1025 947 1054 σύνε-

176 1084 227 1102 σιν.
239 1074 280 1103 Οὔ
290 1074 341 1113 γὰρ
351 1073 383 1102 τὸ
393 1079 506 1113 πρᾶγμα
519 1072 654 1107 ἐκὸάλλει,
668 1071 737 1100 ἀλλὰ
747 1071 796 1107 τὴν
811 1071 948 1111 ἀμετρίαν.

177 1120 218 1148 Οὗ
229 1119 281 1159 γ’ὰρ
294 1115 376 1156 εἶπεν,
392 1120 556 1155 ἀπαιτοῦσιν,
574 1117 653 1153 ἀλλὰ,
673 1118 871 1156 Καλαμῶνται,
886 1129 947 1147 του-

178 1169 252 1194 τὲστι
260 1186 268 1200 ,
283 1167 411 1204 γυμνοῦσι
428 1167 481 1194 τῶν
501 1164 593 1199 ὄντων,
615 1165 804 1203 ἀποστεροῦσιν
824 1163 948 1192 ἁπάντων

178 1210 351 1250 προσχήματι
369 1213 417 1246 τῆς
430 1210 607 1246 ἀπαιτήσεως.
622 1209 731 1246 Ταύτην
747 1208 775 1238 δὲ
795 1209 885 1249 εἴρηκε
898 1209 947 1244 τὴν
964 1226 983 1249 D

177 1256 246 1291 λέξιν
260 1257 313 1286 ἀπὸ
327 1260 475 1296 μεταφορᾶς
495 1257 548 1284 τῶν
560 1254 750 1294 καλαμώντων.
769 1255 949 1293 Καλαμὸἰσθαι

176 1302 228 1342 γὰρ
240 1302 347 1341 λέγεται
360 1302 390 1332 τὸ
409 1301 478 1341 μετὰ
495 1302 539 1331 τὸν
553 1301 656 1340 ἀμητὸν
672 1300 732 1334 τοὺς
746 1300 904 1334 ἐκπεσόντας
918 1302 948 1330 ἐκ

177 1350 230 1378 τῶν
243 1348 395 1388 θεριζόντων
418 1347 554 1388 ἀστάχυας
574 1346 762 1386 ἀναλέγεσθαι,
785 1349 797 1363 ⁸
807 1345 852 1375 καὶ
867 1346 948 1386 μηδὲν

177 1393 244 1427 ὅλως
257 1393 301 1423 ἐπὶ
320 1396 368 1430 τῆς
390 1393 502 1434 ἀρούρας
515 1392 634 1433 ἀφιέναι·
656 1393 671 1422 ὃ
687 1392 719 1428 δὴ
734 1392 779 1422 καὶ
798 1391 857 1421 τότε
878 1388 949 1422 οὗτοι

177 1439 291 1474 ἐποίουν,
305 1439 437 1479 ὁλόκληρα
455 1439 489 1468 τὰ
502 1439 567 1468 ὄντα
581 1438 754 1479 ἁρπάζοντες,
776 1438 821 1468 καὶ
837 1437 951 1477 γυμνοὺς

178 1484 297 1525 ἀφιέντες
326 1485 428 1518 αὐτούς.
459 1485 514 1515 Καὶ
539 1485 564 1513 οἱ
589 1486 763 1517 ἀπαιτοῦντες
785 1483 948 1524 κυριεύουσιν

178 1532 263 1568 ὑμῶν.
279 1531 333 1560 Καὶ
345 1531 376 1560 τὸ
394 1530 426 1566 δὴ
445 1530 641 1571 χαλεπώτερον,
654 1530 695 1559 ὅτι
705 1529 764 1559 οὐδὲ
776 1530 888 1559 ἐνταῦθα
902 1532 950 1566 τῆς

178 1576 327 1611 πλεονεξίας
336 1576 453 1612 ἵσταντο,
468 1576 536 1606 ἀλλὰ
548 1575 593 1606 καὶ
606 1576 754 1616 περαιτέρω
769 1578 886 1616 προῆγον
901 1576 949 1612 τὴν

178 1622 334 1662 τυραννίδα,
349 1622 454 1656 δούλως
471 1622 531 1656 τοὺς
551 1621 701 1661 ἕλευθέρους
718 1625 862 1655 ποιοῦντες.
879 1621 950 1656 Λαός

180 1679 249 1706 μου,
274 1669 299 1696 ot
322 1668 508 1708 μακαρίζοντες
530 1669 618 1707 ὑμᾶς,
638 1669 773 1697 πλανῶσιν
797 1669 874 1706 ὑμᾶς.
889 1668 950 1697 Ἐν-

179 1713 263 1742 ταῦθᾶ
277 1725 321 1751 μοι
332 1713 392 1746 τοὺς
408 1709 626 1753 ψευδοπροφήτας
646 1712 806 1742 αἰνίττεσθαι
826 1714 897 1742 δοκεῖ
910 1735 918 1746 ,
932 1713 949 1748 ἢ

180 1758 239 1792 τοὺς
251 1759 316 1798 πρὸς
329 1759 407 1798 χάριν
421 1759 509 1792 αὐτοῖς
520 1758 720 1797 διαλεγομένους
729 1780 738 1793 ,
749 1758 763 1787 ὃ
774 1760 821 1793 τῆς
835 1757 950 1797 ἐσχάτης

178 1805 320 1845 διαφθορᾶς
333 1804 416 1833 αἴτιον
427 1803 528 1843 γίνεται
541 1806 687 1844 πανταχοῦ.
699 1803 757 1840 Τὴν
768 1806 830 1843 γοῦν
843 1804 873 1832 ἐκ
886 1802 950 1832 τού-

178 1861 225 1879 του
250 1850 353 1890 βλάὸην
377 1850 464 1886 δηλῶν
486 1849 605 1889 ἐπήγαγε
614 1870 623 1884 ,
645 1850 699 1879 Καὶ
718 1850 766 1886 ἰ-ἡν
786 1848 874 1889 τρίὸον
896 1850 948 1878 τῶν

160 1897 164 1900 ⁴
178 1897 266 1926 ποδῶν
279 1897 353 1935 ὑμῶν
366 1896 528 1935 ταράσσουσι
538 1907 545 1914 ·
565 1895 699 1925 τουτέστιν
709 1917 717 1930 ,
730 1897 778 1925 οὐκ
792 1897 870 1925 ἐῶσιν
886 1894 950 1935 ὀρθὰ

181 1941 293 1981 βαδίζειν
305 1963 314 1977 ,
338 1941 554 1981 διαστρέφοντες,
579 1940 732 1977 ἐκλύοντες,
759 1940 950 1981 ῥᾳθυμοτέρως

178 1991 321 2022 ποιοῦντες.
335 1988 415 2018 Ἀλλὰ
426 1991 472 2017 νῦν
485 1987 682 2023 καταστήσεται
695 1989 733 2020 εἷς
746 1987 831 2027 κρίσιν
845 1986 950 2026 Κύριος,

179 2035 224 2064 καὶ
239 2034 331 2070 στήσει
344 2035 381 2068 εἰς
393 2033 480 2074 κρίσιν
500 2034 544 2064 τὸν
560 2034 624 2063 λαὸν
644 2035 722 2063 αὐτοῦ
735 2045 741 2051 ·
757 2033 835 2067 αὐτὸς
854 2033 950 2073 Κύριος

180 2082 216 2114 εἷς
229 2079 315 2120 κρίσιν
329 2079 385 2116 ἥξει
403 2079 471 2119 μετὰ
483 2081 536 2109 τῶν
549 2078 733 2119 πρεσὸυτέρων
747 2081 793 2109 τοῦ
811 2080 891 2114 λαοῦ,
905 2079 951 2108 καὶ

180 2125 248 2164 μετὰ
260 2127 313 2155 τῶν
331 2125 466 2166 ἀρχόντων
477 2125 573 2155 αὐτῶν.
591 2125 654 2155 Ἔτι
669 2127 708 2165 τῷ
721 2126 794 2165 αὐτῷ
807 2124 870 2154 εἴδει
890 2126 951 2154 ἐπι*

181 2171 254 2211 μίνιι
268 2174 316 2208 τῆς
334 2171 512 2212 διορθώσεως,
526 2171 579 2201 ἀπὸ
591 2174 638 2201 τοῦ
654 2171 739 2210 δήμου
754 2170 820 2210 πρὸς
830 2169 891 2204 τοὺς
903 2182 951 2210 γε-

179 2217 328 2258 γηρακότας
339 2218 385 2247 καὶ
396 2217 456 2251 τοὺς
467 2217 595 2258 ἄρχοντας
606 2217 708 2257 τρέπων
722 2216 771 2253 τὴν
785 2216 949 2255 ἐπιτίμησιν,

181 2309 281 2349 εἰσάγει
291 2309 338 2339 τὸν
349 2309 418 2339 Θεὸν
433 2309 601 2349 δικαζόμενον
613 2310 658 2339 καὶ
670 2309 878 2343 καταδικάζοντα
886 2331 894 2346 ,
906 2309 952 2339 καὶ

180 2360 247 2401 ὑπὲρ
271 2362 324 2390 τῶν
346 2362 384 2394 εἰς
401 2361 446 2390 τὸν
467 2361 549 2400 δῆμον
570 2361 770 2401 ἁμαρτημάτων
790 2361 950 2399 ἐγκαλοῦντα

1000 759 1144 791 utrumque
1166 752 1286 782 imitatus
1304 758 1343 781 est
1359 751 1596 789 dicenszPopule
1609 752 1659 787 mi,
1676 761 1746 780 exa-

1000 805 1093 827 ctores
1105 800 1198 827 vestri
1211 798 1361 827 demetunt
1372 807 1437 826 νος.
1449 797 1518 826 Nam
1529 803 1555 825 et
1565 796 1628 826 illos
1642 797 1746 827 incusa-

1000 846 1051 882 vit,
1063 853 1089 875 et
1102 846 1179 885 quasi
1197 856 1259 875 cum
1274 845 1376 885 populo
1388 844 1483 874 dolens
1502 844 1558 873 haec
1571 843 1654 873 dixit.
1669 845 1744 874 Exa-

1000 899 1085 922 ctores
1095 898 1184 922 autem
1198 892 1243 922 hic
1252 902 1348 922 vocare
1359 891 1476 926 videtur,
1490 901 1535 919 eos
1545 890 1594 929 qui
1603 897 1727 930 repetunt
1740 902 1747 918 τ

1000 950 1050 979 ego
1068 950 1132 969 vero
1156 946 1222 979 puto
1243 940 1333 978 ipsum
1355 944 1476 977 raptores
1489 944 1515 966 et
1538 947 1633 966 avaros
1652 947 1746 966 eorum

1002 985 1187 1016 subindicare;
1201 985 1243 1014 sin
1255 985 1346 1014 minus
1358 984 1420 1017 hoc,
1436 990 1506 1013 certe
1518 983 1683 1012 tributorum
1694 983 1748 1012 col-

1002 1030 1122 1060 lectores.
1133 1032 1182 1060 Hic
1196 1031 1254 1069 ejus
1266 1029 1328 1059 vide
1341 1029 1523 1069 prudentiam.
1535 1030 1596 1059 Non
1611 1029 1683 1058 enim
1690 1040 1747 1058 rem

1001 1067 1146 1116 improbat,
1156 1076 1203 1106 sed
1212 1075 1414 1105 immoderatam
1423 1078 1563 1104 rationem.
1574 1076 1635 1105 Non
1646 1075 1748 1115 quippe

1001 1122 1081 1158 dixit,
1091 1123 1223 1162 Exigunt,
1238 1121 1296 1158 sed,
1308 1123 1487 1158 Demetunt,·
1480 1120 1528 1149 ·id
1538 1127 1588 1156 est,
1605 1121 1664 1151 Vos
1677 1133 1692 1150 a
1706 1122 1748 1150 sa-

1002 1169 1149 1198 cultatihus
1166 1167 1321 1203 denudant,
1338 1167 1484 1197 exactionis
1508 1168 1618 1196 obtentu
1639 1178 1688 1197 vos
1713 1168 1748 1197 ab

1002 1214 1127 1243 omnibus
1147 1213 1274 1253 spoliant.
1286 1214 1342 1243 Hoc
1359 1220 1449 1242 autem
1460 1213 1575 1253 protulit
1586 1213 1699 1243 verbum
1713 1225 1748 1243 ex

1001 1260 1156 1300 metaphora
1179 1259 1381 1289 demetentium.
1402 1261 1542 1289 Demetere
1561 1259 1632 1289 enim
1646 1258 1748 1289 dicitur

1000 1313 1061 1346 post
1077 1317 1189 1335 messem
1206 1306 1294 1346 lapsas
1307 1317 1322 1334 e
1335 1305 1460 1335 manibus
1482 1306 1639 1335 metentium
1661 1306 1748 1346 spicas

1001 1352 1143 1392 colligere,
1163 1359 1189 1382 et
1213 1352 1283 1382 nihil
1306 1352 1416 1381 omnino
1440 1351 1467 1381 in
1488 1363 1553 1382 arvo
1578 1353 1746 1391 relinquere:

1002 1399 1076 1438 quod
1088 1399 1118 1428 hi
1131 1405 1196 1428 tunc
1212 1399 1344 1429 faciebant
1352 1421 1360 1436 ,
1375 1399 1514 1428 universas
1525 1400 1663 1429 facultates
1677 1400 1750 1429 abri-

1001 1446 1115 1486 pientes,
1127 1457 1157 1475 ac
1164 1445 1251 1475 nudos
1263 1446 1334 1486 ipsos
1343 1445 1532 1484 relinquentes.
1546 1448 1584 1476 Et
1595 1453 1758 1477 exactores-

1002 1493 1193 1521 dominantur
1205 1494 1307 1521 vestri.
1319 1491 1454 1531 Quodque
1468 1493 1578 1531 gravius
1593 1500 1749 1531 erat‚nequc

1001 1539 1046 1568 hic
1062 1539 1180 1568 avaritiae
1198 1539 1304 1568 termini
1325 1545 1410 1575 erant,
1426 1538 1473 1568 sed
1488 1539 1659 1579 tyrannidem
1678 1540 1747 1569 ultra

1002 1584 1206 1625 promovebant,
1218 1585 1342 1614 servituti
1362 1585 1535 1624 subjicientes
1546 1597 1591 1615 eos
1607 1586 1655 1625 qui
1670 1587 1750 1616 liberi

1002 1637 1086 1660 erant.
1102 1631 1217 1670 Popule
1235 1632 1284 1667 mi,
1298 1633 1349 1671 qui
1361 1642 1415 1661 vos
1436 1632 1538 1661 dicunt
1551 1633 1660 1668 beatos,
1672 1634 1760 1664 deci-v

1000 1676 1086 1713 piunt
1094 1685 1159 1704 vos:
1169 1675 1220 1705 Hic
1231 1675 1299 1704 mihi
1312 1675 1421 1706 videtur
1430 1676 1677 1716 pseudoprophetas
1685 1677 1750 1706 sub-

1003 1720 1133 1757 indicare,
1146 1721 1191 1751 vel
1212 1731 1257 1750 eos
1274 1721 1322 1760 qui
1336 1721 1371 1750 ad
1392 1722 1502 1761 gratiam
1519 1722 1585 1761 ipsis
1600 1723 1747 1761 loqueban-

1002 1773 1057 1799 tur,
1070 1766 1144 1805 quod
1161 1774 1286 1796 extremae
1306 1768 1464 1806 corruptelae
1485 1768 1587 1806 ubique
1605 1779 1685 1799 causa
1698 1776 1747 1799 est.

1001 1813 1200 1841 Nocumentum
1222 1812 1306 1851 igitur
1327 1812 1389 1842 inde
1406 1813 1566 1852 proveniens
1586 1821 1616 1844 ut
1631 1813 1750 1844 declara-

1001 1864 1041 1887 ret
1060 1857 1202 1897 subjunxit
1215 1860 1273 1888 :Et
1295 1860 1428 1888 semitam
1455 1860 1561 1898 pedum
1586 1867 1750 1890 vestrorum

1002 1906 1121 1934 turbant
1132 1916 1140 1933 .·
1151 1904 1203 1934 hoc
1215 1911 1266 1941 est,
1278 1905 1338 1934 Non
1352 1904 1444 1935 sinunt
1458 1912 1528 1935 recte
1538 1906 1675 1946 progredi,
1683 1907 1748 1936 sub-

1001 1957 1142 1987 vertentes,
1160 1951 1347 1986 dissolventes,
1368 1951 1503 1990 segniores
1523 1963 1572 1982 vos
1593 1952 1746 1982 reddentes.

1003 1998 1051 2026 15.
1067 1997 1124 2026 Sed
1139 2006 1218 2025 nunc
1238 2000 1433 2026 constituetur
1446 1998 1477 2026 in
1483 1999 1630 2037 judicium
1642 2000 1748 2028 Domi—

1003 2053 1058 2072 nus
1068 2055 1077 2072 .-
1089 2050 1118 2072 et
1132 2050 1239 2072 statuet
1261 2044 1400 2083 populum
1421 2052 1505 2073 suum
1526 2045 1566 2073 ad
1579 2045 1727 2083 judicium
1738 2058 1748 2073 .·

1003 2088 1053 2117 14.
1067 2089 1128 2127 ipse
1144 2088 1290 2117 Dominus
1308 2088 1500 2127 adjudicium
1512 2091 1611 2118 veniet
1625 2099 1691 2118 cum
1701 2100 1747 2119 se-

1004 2134 1133 2163 nioribus
1148 2133 1266 2174 populi,
1278 2140 1306 2163 et
1324 2143 1389 2163 cum
1412 2134 1591 2174 principibus
1605 2137 1746 2174 ipsorum,

1004 2179 1142 2210 Adhucin
1160 2179 1253 2209 eadem
1266 2186 1364 2219 perstat
1377 2180 1549 2210 correctionis
1560 2181 1658 2221 specie,
1671 2191 1686 2210 a
1697 2192 1751 2220 po«

963 2246 987 2266 41
1003 2225 1070 2265 pulo
1091 2224 1127 2254 ad
1147 2225 1264 2254 seniores
1284 2231 1310 2254 et
1328 2225 1362 2254 ad
1382 2225 1517 2266 principes
1537 2226 1745 2266 increpationem

180 2262 226 2292 καὶ
241 2263 418 2304 φοόερώτερον
432 2262 622 2303 μεταχειρίζων
644 2263 690 2293 τὸν
702 2262 779 2302 λόγον
792 2274 799 2281 ·
824 2262 903 2292 αὐτὸν
920 2263 948 2293 δὲ
964 2275 985 2297 Α

1002 2278 1119 2308 vertens,
1129 2282 1159 2301 ac
1168 2281 1317 2300 sermonem
1326 2270 1439 2300 reddens
1446 2272 1648 2306 terribiliorem
1657 2272 1746 2312 ipsum

1002 2328 1065 2347 vero
1073 2318 1159 2347 Deum
1169 2317 1272 2346 inducit
1279 2318 1326 2358 jus
1333 2317 1465 2347 dicentem
1474 2324 1499 2347 et
1506 2318 1725 2347 condemnantem
1735 2331 1742 2348 ι

1001 2375 1032 2393 ac
1041 2363 1076 2393 de
1087 2363 1202 2403 peccaris
1211 2370 1301 2392 contra
1310 2364 1441 2403 populum
1452 2363 1610 2403 perpetratis
1618 2373 1745 2392 accusan-

180 2414 235 2444 τοῖς
253 2413 265 2426 “
275 2410 319 2440 τὸν
334 2411 416 2449 δῆμον
428 2411 556 2441 ἀδικοῦσι.
573 2410 622 2440 Διὸ
632 2410 678 2440 καὶ
691 2410 779 2450 ἔλεγεν
789 2422 797 2429 ·
812 2410 891 2440 Ἀλλὰ
904 2413 949 2440 νῦν
1000 2418 1055 2440 tem
1068 2421 1112 2440 eos
1124 2410 1170 2449 qui
1184 2410 1316 2450 populum
1327 2409 1470 2439 laedebant.
1483 2409 1665 2446 Quamobrem
1674 2409 1745 2440 dico-

212 2522 224 2533 ·
241 2514 302 2548 Reg-
316 2519 342 2539 et.
352 2513 430 2540 Savil.
442 2517 481 2541 καὶ
490 2517 561 2548 μηδἰν
571 2517 650 2544 οὕτως.

214 2560 226 2572 ²
242 2552 331 2578 Morel.
346 2559 391 2582 τοῖς
402 2557 441 2579 τὸν
452 2555 523 2587 δῆμον
540 2555 645 2584 ἀδικοῦσι,
658 2558 734 2578 recte.
747 2553 807 2586 Reg.
819 2558 845 2578 et.
855 2553 933 2578 Savil.

182 2597 227 2621 τοῖς
238 2595 276 2618 τὸν
285 2594 355 2624 δῆμον
367 2595 458 2624 oti-1000(
466 2600 472 2616 t
481 2592 507 2617 in
515 2600 569 2625 quae
579 2591 654 2617 verbe
667 2591 719 2617 haec
730 2597 802 2618 notat
814 2591 933 2618 Savilius:

986 2515 1101 2539 «Boisius
1120 2514 1180 2548 legit.
1199 2517 1323 2547 ἀλγύνουσι,
1340 2513 1388 2538 hoc
1401 2518 1438 2537 est
1450 2515 1549 2539 λυποῦσι.
1563 2511 1630 2537 Malo
1642 2518 1732 2546 ἄγουσι.
1749 2536 1751 2538 .

984 2552 1034 2578 hoc
1052 2559 1090 2578 est
1102 2556 1293 2586 δημαγωγοῦσι.»
1314 2551 1364 2577 Sed
1383 2550 1450 2575 malo
1466 2550 1599 2576 lectionem
1623 2552 1740 2583 Morem,

985 2601 1062 2625 qnam
1074 2590 1151 2617 habet
1162 2592 1237 2616 etiam
1247 2591 1379 2616 Bavaricus
1389 2589 1483 2614 Codex,
