1890 2826
489 206 524 229 ιΝ
552 205 662 237 innuo,
686 203 834 235 nomine,
861 202 931 226 NON
957 202 1018 227 EST
1045 204 1079 227 m
1106 205 1249 237 nomme,
1279 206 1355 228 erc.
1625 195 1689 229 183

131 265 250 305 κείμενον
276 269 339 305 ἡμῖν
362 269 407 296 νῦν
422 279 430 303 ;
457 267 498 297 Τὸ
522 267 595 307 παρὰ
617 269 663 296 τοῦ
687 265 823 307 προφήτου
848 264 900 300 σή-

131 323 211 351 μερον
235 312 398 352 ἀναγνωσθέν
411 325 417 331 ·
444 313 545 353 Κύριε,
570 315 617 343 οὐκ
638 315 665 343 ἐν
679 314 717 352 τῷ
738 311 867 351 ἀνθρώπῳ
881 312 898 345 ἡ

130 356 188 391 ὁδὸς
202 358 280 388 αὐτοῦ
289 381 298 395 ,
321 359 380 388 οὐδὲ
393 359 528 400 ἄνθρωπος
540 359 712 400 πορεύσεται,
737 358 783 388 καὶ
801 369 899 396 κατορ-

129 402 210 432 θώσει
231 402 280 440 τὴν
304 405 412 445 πορείαν
435 407 524 435 αὐτοῦ.
550 405 590 436 Τὸ
608 405 655 445 μὲν
670 404 778 443 ζήτημα
799 406 877 433 τοῦτο
892 415 898 422 ·

129 451 204 487 ὑμεῖς
217 450 260 486 δὲ,
281 451 371 491 ὥσπερ
384 452 444 482 τότε
461 451 610 492 παρέσχετε
623 451 671 487 τὴν
696 450 826 486 σπουδὴν,
853 449 898 479 καὶ

128 497 173 524 ν’ῦν
187 496 336 527 συντιίνατε
347 498 454 532 ἑαυτούς
463 511 470 517 ·
485 498 605 538 οὐδὲγὰρ
618 501 696 527 τοῦτο
704 495 818 527 ἔλαττον1
826 497 897 526 ἐκεί-

129 552 173 570 νου
190 541 221 572 τὸ
237 542 360 582 ζήτημα,
380 543 450 573 ἀλλὰ
466 544 512 574 καὶ
525 545 642 579 πλείονος
657 545 740 574 δεῖται
754 543 896 584 φροντίδος.

128 587 165 616 Τί
180 587 295 626 δήποτε,
308 589 374 619 ’Ότι
385 592 402 626 ἡ
418 589 466 629 μὲν
477 590 586 620 Παύλου
600 591 645 620 καὶ
658 590 763 630 Πέτρου
785 591 897 619 δοκοῦσα

127 632 177 671 μὲν
190 629 256 664 εἶναι
270 635 381 676 διαφορὰ
393 658 401 674 ,
421 638 470 666 οὐκ
482 633 547 666 οῧσα
559 636 586 666 δὲ
596 659 604 673 ,
631 638 660 667 οὗ
681 638 788 670 πολλοῖς
799 636 897 676 γνώρι-

950 264 1038 301 laevia,
1063 276 1200 306 pronaque
1231 267 1406 307 reperiamus.
1428 267 1503 303 Quid
1533 266 1616 307 igitur
1634 269 1691 307 jam

950 312 1028 341 nobis
1047 320 1086 342 est
1105 313 1386 354 1>roposituxn3²Quod
1405 314 1485 343 hodic
1505 325 1538 343 ex
1561 315 1691 354 propheta

950 359 1049 388 lectum
1069 367 1109 389 est
1126 371 1131 387 :
1146 362 1281 396 Domine,
1298 372 1358 390 non
1381 367 1424 390 est
1447 363 1478 390 in
1499 363 1616 391 homine
1638 364 1749 395 viak„
1762 371 1839 395 1023,

946 406 1019 444 ejas,
1028 416 1121 445 neque
1133 408 1185 435 ilu't
1197 408 1294 444 homo,
1304 413 1333 436 et
1344 407 1448 447 diriget
1457 417 1586 447 gressum
1597 417 1690 436 suum.

948 452 1069 488 Quaestio
1084 452 1195 491 quidem
1216 453 1272 482 haec
1292 460 1332 483 est
1348 465 1355 482 ε
1371 463 1420 483 vos
1436 463 1512 490 vero,
1528 460 1558 482 ut
1571 453 1693 482 studium

947 503 1011 526 tunc
1036 497 1208 535 adhibuistis,
1227 499 1262 528 ita
1284 509 1355 528 nunc
1377 498 1521 538 diligenter
1540 498 1689 527 attendite:

947 553 1032 583 neque
1043 544 1115 573 enim
1129 543 1176 573 illa
1190 546 1279 574 minor
1292 552 1331 574 est
1344 545 1401 574 haec
1413 540 1535 583 quaestio,
1549 544 1597 573 sed
1609 544 1693 584 majo—

946 600 1004 619 rem
1019 601 1112 620 curam
1125 591 1249 629 requirit.
1260 590 1334 628 Quid
1349 591 1408 620 ita?
1420 590 1555 628 Quoniam
1568 589 1616 619 illa
1631 590 1692 628 qui-

947 634 1009 665 dem
1020 636 1091 665 Petri
1109 643 1135 665 et
1153 637 1243 674 Pauli,
1257 648 1316 676 quae
1337 636 1481 667 vid-ebatur
1505 646 1563 665 esse
1582 642 1693 665 contro-

128 691 178 718 μος
188 676 221 717 ἦν
231 703 240 718 ,
254 681 311 711 ὅθεν
325 683 384 713 οὐδὲ
397 683 498 719 πολλὴν
510 684 541 713 ἐκ
550 686 598 719 τῆς
610 684 715 723 ἀγνοίας
725 683 794 716 εἰκὸς
808 679 839 719 ἦν
851 694 897 722 γε-
912 683 931 708 C
947 683 1045 719 versia,
1060 692 1108 712 nec
1120 690 1207 712 tamen
1225 690 1294 720 erat,
1305 694 1357 712 non
1381 683 1418 712 ita
1433 682 1527 711 multis
1547 689 1609 712 nota
1623 689 1690 719 crat,

128 726 218 756 νίσθαι
226 727 276 764 τὴν
286 728 396 768 βλάὸην·
412 729 478 766 αὕτη
493 729 521 759 δὲ
530 732 547 766 ἡ
557 732 632 770 ῥῆσις
643 732 780 770 πανταχοῦ
794 729 899 770 περιφέ-

129 784 203 812 ρεται
210 794 219 808 ,
229 775 257 803 ἐν
267 774 376 812 οἰκίαις,
387 777 415 804 ἐν
423 777 533 815 ἀγοραῖς
541 797 549 812 ,
566 778 593 806 ἐν
602 776 702 816 χώραις
713 783 725 813 ,“
736 777 762 805 ἐν
776 776 899 813 πόλεσιν,

129 819 156 847 ἐν
169 820 204 859 γῇ
218 819 264 849 καὶ
275 820 391 861 θαλάττῃ
402 821 449 851 καὶ
461 821 565 858 νήσοις·
578 822 625 852 καὶ
640 822 756 862 ὅπουπερ
769 822 800 852 ἂν
812 823 898 852 ἀπέλ-

128 868 190 904 θῃς,
210 865 310 907 ἀκούσῃ
329 870 413 897 ταῦτα
431 867 561 908 λεγόντων
585 870 707 898 πολλῶν·
729 869 896 909 γέγραπται,

128 913 188 942 Οὔκ
200 913 228 942 ἐν
241 915 279 954 τῷ
293 914 422 955 ἀνθρώπῳ
432 917 450 951 ἡ
463 915 521 948 ὁδὸς
531 916 623 946 αὐτοῦ.
639 917 681 946 Οὐ
695 915 795 952 ταύτην
809 916 837 946 δὲ
853 916 900 955 μό·

128 969 171 988 νον
182 960 380 998 μεμελετήκασι
391 961 441 997 τήν
461 963 547 1001 ῥῆσιν,
561 962 630 992 ἀλλὰ
642 962 689 992 καὶ
703 962 793 1002 ἑτέρας
814 962 899 1002 ’πρὸς

127 1004 226 1040 ταύτην
246 1006 392 1047 συνείρωσι
415 1007 558 1044 τοιαύτας,
573 1009 614 1038 ὅτι
628 1010 669 1038 Οὐ
689 1011 735 1038 τοῦ
762 1009 898 1043 θέλοντος,

127 1051 187 1081 οὐδὲ
200 1053 246 1080 τοῦ
257 1051 410 1092 τρῄοντος·
424 1053 470 1083 καὶ
489 1057 546 1092 μετ’
560 1055 646 1083 ἐκεῖνο
659 1054 739 1083 πάλιν
748 1078 756 1092 ,
781 1054 846 1084 Ἐὰν
861 1054 898 1092 μὴ

127 1095 226 1136 Κύριος
238 1098 400 1138 οἰκοδομήοῃ
415 1094 500 1135 οἶκον,
518 1101 556 1133 εἷς
570 1099 656 1138 μάτην
668 1101 811 1130 ἐκοπίασαν
825 1102 850 1130 οἱ
863 1103 900 1130 οἰ-

128 1143 299 1182 κοδομοῦντες
319 1144 406 1174 αὐτόν.
432 1146 520 1175 Τοῦτο
542 1145 569 1175 δὲ
593 1148 712 1183 ποιοῦσι,
733 1148 782 1182 τῆς
803 1147 901 1181 οἰκείας

130 1189 257 1228 ῥᾳθυμίας
266 1188 501 1230 1’προκαλύμματα
516 1191 563 1225 τὰς
577 1191 648 1225 θείας
661 1193 768 1233 Γραφὰς
783 1193 900 1232 προὸαλ-

128 1234 234 1273 λόμενοι
243 1257 252 1272 ,
276 1236 322 1265 καὶ
333 1236 382 1272 τὴν
397 1237 529 1277 σωτηρίαν
539 1240 617 1276 ἡμῶν
630 1238 675 1267 καὶ
688 1238 738 1274 τὴν
750 1239 844 1268 ἐλπίδα
856 1239 900 1268 διὰ

128 1280 228 1315 τούτων
241 1281 382 1321 διορύττειν
395 1284 588 1323 ἐπιχειροῦντες
601 1285 654 1312 τῶν
666 1285 802 1324 ῥημάτων.
813 1285 899 1315 Οὐδὲν

128 1325 180 1365 γὰρ
192 1325 282 1366 ἕτερον
295 1329 494 1358 κατασκευάσαι
509 1329 647 1369 βούλονται
659 1330 702 1359 διὰ
715 1330 823 1367 τούτων,
838 1332 897 1361 ἀλλ’

128 1371 146 1407 ἢ
159 1371 200 1411 ὅτι
211 1373 314 1407 οὐδενός
326 1375 406 1413 ἐσμεν
419 1374 514 1415 κύριοι.
538 1377 632 1406 Πάντα
654 1376 757 1418 οἴχεται
779 1377 813 1407 τὰ
838 1379 897 1408 καθ’

125 1419 200 1457 ἡμᾶς
211 1430 219 1438 ·
253 1421 312 1458 εἰκῇ
343 1420 478 1459 βασιλείας
507 1422 651 1463 ὑπόσχεσις
667 1447 675 1462 ,
709 1427 769 1464 εἰκῇ
793 1425 899 1465 γεέννης

129 1465 241 1501 ἀπειλὴ,
262 1467 321 1506 εἰκῇ
335 1466 410 1506 νόμοι
432 1468 478 1497 καὶ
499 1466 623 1509 τιμωρίαι
642 1470 688 1500 καὶ
708 1471 830 1506 κολάσεις
853 1473 898 1502 καὶ

128 1510 288 1549 συμὸουλαί.

167 1601 206 1630 Τί
217 1602 268 1641 γὰρ
281 1603 312 1632 ἄν
325 1615 369 1638 ϊιςι
375 1606 542 1645 παραινέσειε
557 1609 595 1647 τῷ
610 1609 716 1647 μεδενὸς
729 1610 784 1639 ὄντι
798 1610 898 1650 κυρίῳ;

128 1646 156 1675 τί
177 1647 205 1676 δὲ
218 1647 250 1676 ἄν
263 1660 304 1682 τις
315 1649 459 1690 ὑπόσχοιτο
467 1654 505 1691 τῷ
516 1653 604 1689 πάσης
619 1654 739 1689 ἐξουσίας
748 1658 899 1696 ἀπεστερη-

131 1691 220 1731 μένῳ;
234 1692 305 1722 Οὔτε
318 1696 332 1723 ὁ
341 1696 510 1735 κατορθώσας
528 1697 598 1732 ἄξιός
619 1701 690 1730 ἐστιν
704 1701 826 1739 ἐπαίνου,
840 1702 900 1731 οὔτε

129 1739 144 1766 ὁ
159 1738 310 1777 διαμαρτὼν
322 1739 463 1775 ὗπεύθυνος
469 1743 602 1777 κολάσεως
611 1745 656 1774 καὶ
667 1746 804 1786 τιμωρίας,
817 1747 848 1775 ἂν
862 1747 899 1786 μὴ

130 1783 172 1826 ἐφ’
186 1785 251 1822 ἡμῖν
264 1781 325 1825 ᾗτὰ
336 1787 466 1826 πρακτέα.
483 1789 516 1818 Ei
529 1789 556 1818 δὲ
567 1792 644 1820 τοῦτο
658 1794 786 1821 πεισθεῖεν
798 1793 900 1832 ἄνθρω-

128 1844 189 1870 ποι,
201 1833 284 1866 οὐδεὶς
295 1833 384 1862 οὐκέτι
402 1833 493 1863 λοιπὸν
511 1836 559 1865 οὐκ
573 1837 668 1875 ἀρετῆς
680 1837 814 1872 ἀνθέξεται
826 1861 834 1876 ,
848 1842 859 1855 ⁶
870 1840 898 1868 οὗ

129 1878 223 1909 κακίαν
235 1879 365 1920 φεύξεται.
391 1881 425 1909 Et
444 1879 495 1920 γὰρ
517 1883 562 1910 νῦν
582 1884 641 1912 καθ’
659 1883 774 1920 ἑκάστην
797 1884 899 1924 ἡμέραν

128 1924 189 1966 περὶ
208 1925 313 1964 γεέννης
327 1925 491 1965 ἐνηχούντων
505 1928 581 1965 ἡμῶν
591 1950 598 1964 ,
622 1928 684 1968 περὶ
699 1929 833 1968 βασιλείας
845 1931 900 1959 δια-

127 1971 291 2011 λεγομένων,
310 1972 355 2002 καὶ
367 1971 415 2006 τὰς
428 1972 548 2011 κολάσεις
571 1973 619 2007 τὰς
640 1975 786 2015 ἀφορήτους
800 1976 844 2006 καὶ
866 1976 900 2006 τὰ

948 728 1020 758 unde
1027 739 1075 758 nec
1083 728 1158 758 illam
1167 729 1347 769 ignorantiam
1354 729 1502 759 verisimile
1512 728 1565 757 fuit
1575 729 1694 757 multum

948 775 1113 805 invecturam
1133 775 1323 806 detrimentum
1347 787 1354 804 :
1381 776 1438 805 haec
1461 782 1549 805 autem
1565 775 1694 804 sententia

947 822 1136 852 circumfertur
1148 821 1258 860 ubique,
1273 823 1301 851 in
1312 821 1449 857 domibus,
1462 820 1489 850 in
1506 821 1583 857 foris,
1600 821 1626 849 in
1641 831 1692 860 pa·
1732 826 1780 848 Hoc
1795 828 1844 849 loco

947 867 999 907 gis,
1012 868 1040 896 in
1055 867 1180 906 urbibus,
1196 867 1224 896 in
1244 874 1324 904 terra,
1339 867 1366 896 in
1385 867 1464 904 mari,
1480 866 1509 895 iu
1529 866 1626 895 insulis
1640 877 1649 894 .·
1665 872 1692 895 et
1700 858 1843 911 ωῗωζῗῖιζ

947 923 1118 952 quocumque
1130 920 1156 942 te
1168 912 1315 942 contuleris
1334 913 1435 942 multos
1454 912 1559 948 audies,
1573 911 1620 950 qui
1636 911 1796 941 haecnberum
1806 928 1843 941 21·-

947 959 1042 989 dicunt
1056 971 1063 988 :
1077 958 1215 998 Scriptum
1236 966 1286 995 est,
1303 960 1372 988 Non
1395 965 1438 988 esc
1458 959 1490 987 iu.
1512 959 1630 987 homine
1640 951 1804 987 viab⁵²‘¹²¹¹¹‘·

948 1006 1010 1044 ejus
1022 1015 1127 1043 :neque
1145 1005 1234 1034 solum
1254 1005 1324 1033 hanc
1347 1005 1504 1034 sententiam
1526 1003 1693 1041 didicerunt,

948 1050 996 1080 scd
1009 1051 1076 1080 alias
1097 1051 1177 1080 etiam
1195 1051 1296 1080 similes
1315 1051 1379 1080 huic
1399 1057 1554 1088 annectunt,
1568 1051 1640 1080 Non
1651 1057 1694 1080 est
1702 1062 1796 1091 Rom,9.
1808 1062 1844 1084 ¹6.

950 1098 1089 1134 volentis,
1103 1108 1197 1137 neque
1215 1100 1373 1133 currentis;
1382 1104 1408 1127 et
1420 1105 1482 1138 post
1499 1097 1572 1127 illud
1586 1108 1692 1135 rursus,

949 1144 1017 1173 Nisi
1024 1144 1170 1173 Dominus
1187 1145 1376 1184 (edificaverit
1393 1145 1524 1180 domum,
1536 1146 1567 1173 in
1581 1155 1694 1174 vanum
1702 1155 1770 1177 Psal.
1781 1157 1833 1181 ¹26.

949 1189 1224 1229 laboraverunt‘qui
1241 1191 1392 1230 aedificant
1411 1201 1477 1219 eam
1493 1202 1501 1219 .·
1515 1190 1544 1219 id
1557 1201 1638 1230 porro
1651 1190 1694 1219 fit-
1703 1194 1724 1209 ¹·

915 1242 933 1265 ὓ
948 1235 1034 1271 ciunt,
1046 1234 1120 1274 quod
1133 1245 1168 1263 ex
1181 1235 1323 1274 Scriptura
1337 1235 1430 1266 divina
1453 1236 1625 1276 depromtum
1646 1246 1695 1265 nc-

949 1280 1082 1320 gligentiae
1106 1291 1161 1310 suae
1194 1280 1317 1311 velamen
1349 1281 1506 1319 obtendant,
1531 1289 1557 1311 et
1582 1282 1697 1312 salutem

948 1337 1076 1366 spemque
1089 1333 1207 1356 nostram
1221 1327 1265 1356 his
1277 1327 1369 1357 verbis
1388 1334 1519 1357 conentur
1537 1328 1694 1368 infringere.

947 1372 1026 1402 Nihil
1037 1372 1110 1402 enim
1123 1371 1200 1402 aliud
1213 1383 1262 1413 per
1274 1373 1333 1402 haec
1344 1373 1441 1403 volunt
1455 1373 1572 1411 efficere,
1587 1373 1651 1411 nisi,
1667 1375 1696 1402 in

948 1425 1076 1458 potestate
1098 1425 1187 1448 nostra
1211 1418 1283 1448 nihil
1301 1419 1384 1449 situm
1405 1430 1473 1449 esse.
1495 1421 1594 1449 Actum
1609 1426 1648 1449 est
1662 1419 1696 1449 de

949 1465 1030 1495 rebus
1046 1465 1144 1495 nostris
1158 1478 1165 1494 z
1180 1466 1280 1495 frustra
1302 1465 1378 1505 regni
1398 1466 1524 1495 caelorum
1541 1466 1694 1507 promissio,

947 1512 1047 1542 frustra
1059 1512 1139 1542 minae
1154 1512 1291 1552 gehennae,
1306 1512 1405 1542 frustra
1418 1512 1502 1553 leges,
1518 1523 1615 1553 poenae,
1630 1523 1696 1553 sup-

948 1559 1074 1600 plicia,et
1086 1560 1210 1590 consilia.

989 1608 1019 1636 2.
1042 1606 1118 1644 Quid
1131 1607 1202 1637 enim
1212 1607 1305 1637 attinet
1319 1608 1399 1637 alicui
1410 1608 1560 1643 consulere,
1576 1619 1639 1638 cum
1651 1608 1696 1637 ni·-

948 1652 991 1682 hil
1004 1653 1032 1682 iu
1045 1654 1104 1693 ejus
1118 1652 1201 1682 situm
1219 1654 1254 1683 sit
1266 1654 1413 1694 potestate?
1427 1661 1473 1683 aut
1487 1654 1555 1693 quid
1572 1665 1641 1694 opus
1657 1661 1696 1683 cst

947 1698 972 1728 ei
984 1698 1149 1738 promittere,
1161 1699 1209 1737 qui
1220 1699 1294 1728 omni
1307 1700 1343 1728 sit
1356 1710 1446 1728 rerum
1460 1699 1639 1738 gerendarum
1653 1700 1693 1728 sa-
1704 1711 1772 1733 omni
1782 1719 1845 1740 agen-

948 1744 1048 1774 cultate
1072 1743 1216 1783 privatus?
1230 1745 1325 1783 Neque
1342 1745 1365 1774 is
1378 1745 1425 1783 qui
1446 1752 1516 1774 recte
1529 1755 1557 1775 se
1571 1745 1692 1785 gesserit,
1702 1744 1847 1795 d³b11⁰ffl⁵¹⁶²¹¹⁰

916 1804 933 1827 Ε
948 1790 1048 1829 dignus
1058 1796 1097 1819 est
1110 1789 1201 1826 laude,
1218 1800 1304 1829 neque
1318 1791 1365 1829 qui
1376 1790 1532 1829 deliquerit,
1546 1801 1630 1831 poenae
1641 1792 1693 1821 ob-
1703 1779 1847 1826 1⁸:mmssn'ssfij

949 1836 1047 1865 noxius
1065 1845 1096 1864 ac
1116 1835 1262 1875 supplicio,
1285 1835 1339 1865 nisi
1360 1837 1466 1866 arbitrii
1485 1837 1570 1866 nostri
1593 1838 1784 1888 l'uerintffufflgd
1795 1837 1847 1857 '¹⁸¹¹‘

949 1894 1008 1922 quae
1025 1889 1087 1912 sunt
1104 1882 1219 1922 agenda.
1232 1882 1315 1920 Quod
1328 1883 1351 1912 si
1370 1883 1451 1913 fuerit
1465 1883 1517 1913 hoc
1537 1884 1695 1914 hominibus
1705 1874 1849 1920 ,fflnssfm‘

950 1939 1118 1969 persunsum,
1127 1939 1205 1958 nemo
1214 1930 1271 1968 jam
1284 1929 1402 1969 amplius
1410 1929 1540 1959 virtutem
1555 1930 1697 1970 amplecte·

950 1981 1006 2012 tur,
1021 1983 1098 2004 nemo
1108 1985 1122 2003 a
1137 1974 1205 2004 viiio
1220 1974 1379 2005 declinabit.
1393 1976 1463 2004 Nam
1476 1975 1511 2012 si,
1524 1975 1591 2005 dum
1601 1976 1697 2016 singu-

129 2017 232 2048 ἔπαθλα
244 2018 279 2048 τὰ
290 2018 481 2059 ὓπερὸαίνοντα
495 2019 610 2049 διάνοιαν
626 2021 792 2061 ἀνθρωπίνην
806 2034 901 2063 προτι-
907 2038 944 2057 ιω
950 2021 985 2050 lis
998 2021 1094 2051 diebus
1110 2028 1251 2061 personant
1262 2031 1340 2050 aures
1361 2021 1503 2051 hominum
1517 2022 1630 2052 vocibus
1644 2033 1696 2052 no-

131 2063 227 2094 Θίντων
235 2085 244 2100 ,
257 2065 498 2104 συμβουλευόντων,
511 2066 748 2106 παρακαλούντων,
760 2068 847 2098 πάντα
859 2082 899 2099 κι-

129 2107 240 2138 νούντων
253 2109 330 2148 λόγον
341 2131 349 2145 ,
370 2108 445 2149 μόλις
454 2109 521 2144 τινὲς
533 2110 694 2150 ὑπομένουσι
705 2112 765 2146 τοὺς
776 2113 843 2153 ὑπὲρ
850 2115 900 2149 τῆς

130 2154 226 2193 ἀρετῆς
237 2155 349 2195 4ἱδρῶτας
359 2178 367 2192 ,
392 2155 467 2195 μόλις
477 2155 635 2197 ἀφίστανται
647 2160 696 2193 τῆς
707 2160 733 2188 ἐν
743 2164 797 2192 τοῖς
811 2160 901 2200 ἆμαρ-

130 2198 246 2238 τήμασιν
258 2201 369 2237 ἡδονῆςξ
385 2202 416 2231 ἂν
425 2203 471 2231 καὶ
484 2202 584 2240 ταύτην
594 2204 710 2244 ἐκκόψῃς
721 2204 769 2241 τὴν
784 2204 900 2246 ἄγκυραν

129 2243 178 2281 τὴν
189 2244 278 2284 ἱερὰν,
291 2247 342 2287 οὐχ
352 2247 496 2288 ὁλόκληρον
519 2250 731 2288 βαπτισθήσεται
743 2251 773 2280 τὸ
785 2251 885 2291 σκάφος
893 2272 901 2287 ,

131 2289 177 2318 καὶ
189 2289 288 2323 πάντες
301 2291 456 2331 οἰχήσονται
468 2295 603 2334 γενόμενοι
617 2295 705 2325 τέλεον
727 2296 884 2337 ὑποίῗρύχιοι
893 2319 902 2333 ,

131 2334 176 2364 καὶ
186 2335 273 2365 πολλὰ
284 2335 359 2367 ἔσται
372 2340 430 2368 καθ’
444 2339 547 2380 ἡμέραν
561 2340 595 2369 τὰ
607 2341 735 2381 ναυάγια;
747 2342 831 2372 Οὐδὲν
842 2343 902 2383 γὰρ,

131 2381 205 2411 οὐδὲν
219 2382 303 2416 οὕτως
317 2383 482 2414 ἐσπούδακεν
495 2387 510 2415 ὁ
523 2386 643 2420 διάὸολος
655 2410 662 2424 ,
678 2390 713 2421 ὡς
726 2391 804 2418 τοῦτο
814 2393 905 2419 πεῖσαι

131 2427 180 2464 τὴν
196 2429 366 2469 ἀνθρωπίνην
379 2430 476 2471 ψυχὴν,
490 2431 531 2462 ὅτι
542 2432 600 2462 οὔτε
613 2429 640 2463 ἐν
651 2438 704 2467 τοῖς
718 2435 904 2475 ἇμαρτῆμασίν

130 2475 202 2503 ἐστιν
215 2474 358 2509 ὑπεύθυνος
371 2476 518 2515 κολάσεως,
531 2477 590 2507 οὔτε
606 2480 631 2508 ἐν
644 2484 696 2512 τοῖς
706 2479 905 2519 κατορθώμασιν

166 2571 178 2584 ·
201 2564 247 2590 Alii
259 2569 320 2592 ἀλλὰ
331 2570 368 2592 καὶ
379 2569 458 2602 ἑτέρας
469 2570 540 2603 ταύτῃ
551 2573 676 2605 συνείρουσι.

174 2603 187 2622 ¹·
204 2603 273 2629 Unus
293 2609 457 2640 προκάλυμμα.
482 2606 531 2633 Sed
553 2608 640 2642 savit,
662 2609 747 2637 Morcl.
769 2616 794 2636 ct
816 2620 902 2638 omnes

915 2066 935 2088 Α
949 2068 1012 2097 stris
1025 2067 1059 2097 de
1073 2067 1203 2110 wenna,
1219 2066 1286 2096 dum
1310 2066 1392 2097 verba
1413 2067 1526 2097 facimus
1550 2067 1584 2097 de
1615 2079 1697 2108 regno

949 2113 1086 2150 caelorum,
1107 2112 1174 2142 dum
1203 2112 1385 2142 intolerabiles
1411 2123 1502 2153 poenas
1526 2121 1552 2143 et
1575 2114 1696 2153 praemia,

949 2170 1008 2199 quae
1020 2159 1170 2188 humanum
1183 2157 1316 2188 excedunt
1326 2158 1490 2188 intellectum
1497 2159 1696 2199 ‚proponimus,

950 2205 1016 2236 dum
1030 2205 1207 2242 consulimus,
1222 2204 1290 2234 dum
1302 2204 1485 2240 cohortamur,
1500 2205 1566 2235 dum
1589 2216 1699 2236 omnem

951 2251 1099 2282 orationem
1122 2250 1308 2288 admovemus,
1329 2261 1397 2290 aegre
1418 2258 1505 2280 tamen
1526 2251 1698 2281 adducuntur

952 2298 1075 2338 quidam,
1088 2304 1119 2327 ut
1133 2296 1244 2326 sudores
1254 2308 1304 2337 pro
1316 2297 1417 2326 virtute
1432 2297 1591 2337 suscipiant,
1603 2308 1673 2337 aegre
1685 2309 1700 2326 a

952 2350 1123 2385 pcccatorum
1136 2342 1324 2382 voluptatibus
1336 2349 1482 2378 avocantur
1491 2354 1498 2371 ι
1508 2342 1530 2371 si
1542 2343 1609 2371 hane
1621 2342 1702 2371 etiam

954 2400 1056 2420 sacram
1081 2388 1222 2428 abruperis
1245 2398 1382 2421 ancoram.
1398 2397 1485 2416 nonne
1508 2387 1609 2426 integra
1626 2387 1702 2417 navis

955 2436 1153 2474 submergetur,
1165 2441 1191 2463 et
1208 2444 1299 2463 omnes
1317 2433 1423 2473 penitus
1440 2432 1567 2461 fluctibus
1582 2432 1702 2472 absorpti
1743 2456 1746 2459 ,

956 2481 1095 2521 peribunt,
1110 2479 1250 2518 multaque
1262 2477 1382 2517 quotidie
1398 2477 1462 2506 fient
1476 2476 1636 2516 naufragia?
1649 2477 1702 2507 Ni-

950 2571 1114 2603 Manuscriptl
1126 2571 1321 2604 προκαλύμματα,

984 2618 994 2631 ⁸
1012 2610 1089 2638 Savil.
1106 2613 1130 2636 οὗ
1142 2612 1219 2640 κακίας
1230 2610 1340 2641 φεύξεται.
1357 2605 1406 2632 Sed
1416 2608 1496 2638 κακίαν
1508 2605 1604 2631 melius.

1548 2640 1593 2668 13.
