1904 2840
29 1336 107 1360 Bet-Ie.
114 1337 136 1360 3.
148 1334 172 1358 5.

725 195 757 218 ΙΝ
783 195 996 218 MA'rrfflt-JUM.
1023 196 1140 221 nomn..
1168 199 1261 221 xle.

1670 191 1735 238 951

200 254 304 284 doloris
311 254 432 284 anxietas
441 254 531 284 omnia
543 255 670 284 omnihus
681 255 790 285 credere
799 254 871 294 cogit
884 267 891 284 ε
906 254 944 285 sic
962 259 979 282 Α
996 257 1093 287 fundas
1115 258 1227 288 insidias
1250 259 1371 297 inimici,
1396 261 1591 292 conturbantur
1610 262 1639 292 in
1661 265 1741 294 corde

198 300 227 323 et
238 301 301 323 tunc
309 293 393 324 saneti
402 294 430 323 in
439 294 593 324 necessitate
604 295 840 334 persequutionum
852 295 942 334 positi,
997 307 1047 326 suo
1059 319 1066 332 ‚
1082 308 1112 327 ac
1126 299 1338 329 scandalizantur
1348 322 1355 335 ‚
1377 306 1402 329 et
1415 300 1510 331 dicunt
1522 314 1528 330 :
1552 302 1627 339 Quid
1641 303 1676 333 sit
1689 304 1740 334 hoc

198 339 225 362 et
235 333 312 372 quasi
326 334 430 373 aegroti,
444 333 626 363 desiderantes
641 334 810 373 refrigerium
823 334 939 371 Christi,

196 372 324 402 omnibus
344 373 519 402 referentibus
540 374 646 413 aliquid
665 374 699 403 de
720 374 846 409 Christo,
863 374 941 403 facile

196 412 316 442 ‹tt-edent.
337 413 400 453 Ipsa
423 413 495 442 enim
517 424 648 453 pressurae
668 414 810 443 necessitas
831 413 940 443 credere

195 452 278 491 cogit.
301 453 351 482 2⁴.
366 454 536 490 Exsurgent
559 455 636 483 enim
654 454 885 494 pseudochristi,
911 460 940 482 et

193 492 462 531 pseudoprophetoe,
478 499 506 522 et
518 494 632 522 dabunt
646 496 730 534 signa
743 503 850 533 magna
860 505 873 522 .-
886 503 939 522 non

194 531 318 567 inutilia,
331 542 418 571 neque
430 542 497 561 vana
510 555 517 568 ,
554 543 592 562 uae
605 533 720 563 ministri
734 532 837 562 diaboli
853 533 940 563 facere

194 570 281 600 solent
296 584 303 599 :
319 571 367 601 sed
382 573 504 612 Magna,
520 543 550 601 id
571 579 621 609 est,
636 573 716 602 utilia
728 579 755 602 et
766 572 863 612 plena,
878 582 939 610 quae

192 611 278 641 sancti
291 611 378 641 facere
398 611 528 641 solebant.
554 613 622 642 Nam
635 613 664 642 in
686 620 806 657 tempore
828 612 938 650 quidem

192 661 209 679 a
297 661 395 688 orum,
419 658 446 681 et
466 651 658 691 postmodum,
683 651 799 681 ministri
826 652 938 690 quidem

193 692 216 719 C
237 690 298 720 risti
320 690 400 720 utilia
421 698 447 720 et
466 691 545 731 plena
565 691 640 730 signa
662 691 794 721 faciehant
814 701 848 720 ex
862 698 938 731 parte

191 729 289 760 dextra
305 740 318 759 τ’
326 729 418 770 qualia
436 738 518 768 sunt,
538 741 622 760 caeeos
643 731 813 766 illuminare,
834 737 860 759 et
882 731 937 760 alia

191 769 349 809 hujusmodi
363 770 450 800 faeere
463 782 472 799 :
486 770 603 800 ministri
616 778 704 800 autem
714 770 816 799 diaboli
829 770 936 800 inutilia

190 810 335 845 faciebant,
348 816 374 839 et
387 820 456 840 vana
469 820 505 839 ex
518 817 595 850 parte
604 810 714 840 sinistra
724 833 731 847 ‚
744 820 803 848 quae
817 809 934 839 admira-

995 336 1069 374 quod
1090 337 1128 366 ita
1154 338 1203 367 fit?
1217 339 1277 368 Non
1291 345 1377 369 tamen
1389 340 1441 369 cito
1459 341 1615 378 flectuntur,
1632 350 1660 372 ut
1679 354 1738 373 cre-

993 375 1058 405 dant
1071 389 1077 405 :
1093 384 1118 406 et
1131 377 1154 406 si
1169 388 1248 407 sensu
1268 377 1412 408 vincuntur
1431 381 1508 418 quasi
1529 380 1651 412 homines
1661 404 1669 419 ,
1682 383 1737 413 fide

991 423 1079 445 autem
1100 423 1170 446 stant
1184 417 1259 456 quasi
1281 418 1383 448 invicti.
1408 420 1624 459 Magnitudinem
1647 428 1736 452 autem

990 454 1127 494 signorum
1142 458 1280 487 ostendere
1290 459 1392 495 volens,
1405 458 1466 488 ideo
1480 459 1557 494 dicit,
1576 462 1625 494 Ut,
1637 462 1736 501 sifieri

987 501 1082 533 potest
1090 507 1098 523 .-
1106 496 1232 534 quoniam
1242 504 1371 535 quantum
1381 498 1415 527 ad
1423 499 1632 538 magnitudinem
1643 501 1734 540 signo-

989 544 1049 563 rum
1059 534 1169 564 illorum
1179 543 1265 575 potest
1276 537 1335 565 fieri
1347 544 1376 566 ut
1385 537 1546 567 seducantur
1554 539 1634 569 etiam
1641 541 1717 570 electi
1728 554 1734 570 ε

988 573 1035 602 sed
1045 574 1105 603 ideo
1115 585 1166 604 uon
1179 576 1356 611 seducuntur,
1371 577 1433 615 quia
1446 577 1534 617 perire
1545 588 1598 607 non
1607 587 1731 619 possunt,

988 623 1055 650 quos
1064 615 1135 643 Deus
1143 615 1332 653 praeordinavit
1342 615 1377 645 ad
1390 616 1484 646 vitam.
1493 618 1565 646 Dum
1571 628 1638 657 ergo
1644 619 1667 648 si
1688 629 1732 648 no-

988 662 1049 681 rum
1061 654 1272 692 magnitudinem
1283 655 1413 694 praedicit,
1426 655 1453 684 in
1466 657 1654 686 conservandis
1676 658 1730 687 ide-

987 690 1073 727 libus,
1089 693 1139 722 Dei
1159 694 1275 732 potentia
1293 694 1500 724 demonstratur.
1521 696 1557 725 Et
1567 696 1601 725 de
1614 703 1731 736 tempore

987 730 1118 761 haeresum
1137 733 1314 763 nihilominus
1335 734 1498 763 conveniunt
1523 734 1638 774 intelligi
1660 736 1728 767 liaec.

988 771 1060 800 Falsi
1072 771 1143 800 enim
1157 772 1319 808 Christiani,
1334 780 1396 802 sunt
1412 773 1485 802 falsae
1502 774 1626 804 veritates
1643 775 1729 805 haere-

985 820 1046 839 sum
1054 823 1060 839 :
1067 811 1126 840 falsi
1136 818 1226 841 autem
1235 813 1381 852 prophetie,
1391 812 1577 853 proedicatores
1587 815 1730 844 veritatum

190 849 289 878 tionem
301 849 410 889 quidem
430 843 586 879 videntibus
604 850 767 886 excitarent,
781 849 817 878 ad
833 850 933 879 utilita-
949 857 968 880 Β
985 849 1127 880 salsarum.
1138 852 1210 880 Dant
1222 859 1310 881 autem
1320 853 1406 890 signa,
1418 851 1510 882 eadem
1522 853 1646 883 facientes
1658 854 1684 883 in
1696 855 1731 884 si-

188 895 243 917 tem
257 896 345 918 autem
362 889 467 918 nullius
488 889 658 929 proficerent.
674 890 711 919 Et
730 896 786 918 erat
805 889 874 918 inter
888 889 936 919 mi-

189 928 287 958 nistros
297 928 397 958 Christi
405 936 432 958 et
439 928 575 958 ministros
586 929 688 958 diaboli
697 939 731 958 ex
740 930 791 958 hoc
799 928 933 969 judicare,

187 967 236 1006 qui
252 967 359 997 inutilia
370 990 378 1004 ‚
393 975 420 998 et
433 969 481 1007 qui
495 969 572 998 utilia
595 970 709 998 facerent
722 969 808 1008 signa.
834 969 866 997 In
880 969 934 999 fine

187 1014 278 1036 autem
290 1008 419 1048 temporis
433 1008 600 1038 concedenda
619 1015 659 1038 est
676 1015 791 1048 potestas
805 1007 914 1037 diabolo
923 1031 931 1046 ,

187 1046 258 1077 sicut
268 1047 295 1076 in
306 1047 419 1077 historia
432 1047 576 1077 Clementis
594 1049 689 1078 Petrus
708 1047 835 1087 exponit,
851 1054 880 1076 ut
892 1048 933 1077 fa-

187 1086 240 1116 ciat
252 1087 329 1127 signa
343 1087 420 1116 utilia
432 1109 440 1121 ,
455 1094 481 1117 et
494 1098 528 1117 ex
542 1098 572 1116 ea
586 1095 662 1127 parte
682 1098 734 1126 qua
748 1087 824 1127 prius
844 1088 932 1118 facere

186 1133 379 1156 consueverant
392 1127 488 1163 sancti,
504 1134 533 1157 nt
542 1128 598 1167 jam
612 1127 748 1156 ministros
760 1127 863 1157 Christi
877 1138 930 1157 non

185 1176 235 1205 per
246 1166 298 1195 hoc
310 1177 502 1206 cognoscamus
512 1189 520 1202 ,
535 1167 599 1206 quia
621 1167 699 1196 utilia
715 1167 816 1196 faciunt
834 1167 928 1207 signa,

184 1205 233 1234 sed
245 1205 308 1244 quia
319 1207 429 1236 omuino
449 1216 502 1236 non
516 1207 573 1236 haec
589 1207 690 1236 faciunt
706 1208 792 1245 signa.
807 1207 868 1244 Qua
881 1217 930 1236 au—

183 1251 237 1274 tem
250 1245 352 1275 ratione
362 1246 413 1275 hoc
423 1246 559 1276 ordinavit
569 1248 653 1282 Deus,
666 1246 771 1276 attende
784 1259 790 1275 :
803 1246 866 1285 quia
876 1256 929 1276 non

183 1294 289 1325 semper
300 1292 407 1326 tempus
418 1286 564 1315 vocationis
577 1293 627 1320 est,
638 1285 708 1315 sicut
721 1285 759 1315 ait
769 1286 903 1326 Sapientia
917 1299 925 1316 ε

189 1325 309 1364 Tempus
323 1325 522 1365 congregandi
538 1326 668 1365 lapides,
685 1327 848 1364 tempus‘di
880 1337 927 1355 er-

201 1365 282 1394 endi.
303 1366 424 1405 Tempus
437 1375 501 1404 ergo
515 1365 567 1394 suit
588 1365 837 1404 congregandorum
868 1366 926 1411 api-

181 1375 260 1439 dum,
273 1404 382 1443 quando
395 1403 498 1444 lapidos
512 1404 588 1441 vivi,
602 1404 632 1433 id
644 1411 695 1441 ost,
710 1404 803 1434 fideles
812 1427 820 1442 ,
835 1405 870 1434 ab
883 1415 925 1435 in·

985 889 1144 925 mulafioue,
1160 901 1219 929 quae
1230 891 1332 921 faciunt
1346 891 1438 921 fideles
1452 892 1479 920 in
1491 893 1609 922 veritate.
1623 895 1691 923 Nam
1704 902 1729 924 et

984 929 1097 959 castitati
1111 930 1229 966 student,
1246 937 1271 960 et
1281 931 1385 971 jejunia
1399 931 1545 968 celebrant,
1558 939 1585 961 et
1594 932 1727 973 elemosy-

983 978 1030 997 nas
1038 969 1147 1005 faciunt,
1158 977 1184 999 et
1193 981 1297 999 omnem
1309 971 1519 1001 ecclesiasticum
1529 982 1656 1001 canonem
1667 983 1729 1012 sup—

981 1008 1067 1047 plent.
1084 1011 1138 1038 Aut
1148 1019 1199 1039 non
1212 1010 1261 1039 tibi
1274 1010 1401 1040 videntur
1415 1021 1511 1050 magna
1523 1021 1580 1040 esse
1593 1012 1669 1051 signa
1684 1023 1726 1041 se-

982 1046 1127 1084 ductionis,
1143 1059 1206 1078 cum
1218 1049 1310 1079 videas
1330 1050 1469 1079 diabolum
1490 1050 1628 1079 facientem
1646 1062 1726 1091 opera

981 1087 1031 1116 Dei
1039 1087 1053 1116 ?
1062 1088 1113 1118 25.
1124 1090 1202 1118 Ecce
1211 1090 1336 1129 praedixi
1346 1091 1440 1118 vobis.
1454 1090 1661 1119 Contestationis
1670 1101 1726 1120 ver-

980 1126 1014 1155 ba
1028 1134 1090 1157 sunt
1105 1128 1173 1165 haec,
1188 1136 1218 1158 ut
1232 1139 1265 1158 ne
1285 1128 1383 1167 aliquis
1399 1128 1480 1164 dicat,
1497 1129 1566 1160 Vidi
1580 1140 1642 1159 eum
1660 1130 1725 1160 talia

979 1166 1119 1196 facientem
1129 1167 1213 1207 signa,
1228 1168 1319 1207 qualia
1330 1169 1388 1208 ipse
1400 1169 1523 1198 Christus
1537 1169 1609 1204 fecit,
1624 1176 1650 1198 et
1662 1170 1724 1199 ideo

979 1206 1094 1241 credidi,
1103 1207 1258 1237 existimans
1269 1208 1347 1238 illum
1357 1218 1414 1237 esse
1422 1208 1572 1237 Christum.
1581 1209 1723 1248 Propterea

979 1245 1057 1282 dicit,
1070 1248 1099 1276 E
1100 1257 1149 1276 cce
1155 1249 1281 1286 proedixi
1290 1249 1374 1277 vobis
1382 1260 1390 1276 :
1402 1254 1431 1276 ut
1440 1247 1637 1277 excusationem
1646 1248 1723 1287 igno-

978 1287 1070 1314 rantiae
1081 1287 1157 1316 tollat
1168 1287 1202 1316 ab
1215 1287 1381 1323 hominibus,
1394 1294 1419 1316 et
1430 1285 1583 1326 praecedens
1596 1294 1723 1317 contesta-

979 1324 1017 1353 tio
1026 1325 1128 1364 justam
1140 1327 1219 1356 faciat
1232 1336 1338 1366 poenam
1355 1333 1517 1365 sequentem.
1533 1325 1722 1356 Misericordia

977 1364 1048 1393 enim
1057 1371 1107 1399 est,
1116 1366 1247 1395 mandatis
1256 1366 1402 1410 praevenire
1410 1365 1571 1405 periculum.
1579 1366 1639 1395 Non
1649 1366 1720 1396 enim

975 1404 1036 1433 vult
1047 1405 1200 1445 quempiam
1210 1415 1307 1445 perire,
1318 1405 1367 1444 qui
1382 1405 1506 1434 omnibus
1520 1412 1647 1434 monstrat
1659 1416 1720 1445 per-

181 1442 310 1473 fidelitate
331 1444 497 1475 vocabantur
517 1443 552 1473 ad
575 1444 666 1474 fidem.
690 1445 811 1484 Tempus
835 1452 923 1474 autem
939 1452 958 1475 c
974 1442 1084 1473 ditionis
1096 1445 1251 1474 adventum.
1264 1445 1313 1474 96.
1324 1445 1355 1474 Si
1366 1451 1463 1474 autem
1478 1445 1610 1474 dixerint
1622 1446 1716 1480 vobis,

180 1483 233 1512 erit
244 1482 417 1523 dispergendi
430 1483 544 1523 lapides,
555 1483 664 1522 quando
671 1484 792 1514 Ecclesia
803 1484 924 1514 tradetur

180 1522 216 1551 ad
228 1523 412 1558 tentationem,
426 1530 456 1552 ut
469 1523 583 1567 lapides,
596 1523 625 1552 id
638 1530 686 1558 est,
699 1523 863 1559 Christiani,
874 1524 922 1562 qni

180 1571 233 1590 non
247 1561 392 1601 proficiunt
410 1562 437 1591 in
451 1562 653 1591 edificationem
665 1562 787 1601 corporis
803 1562 904 1592 Christi
912 1585 920 1598 ‚

178 1601 250 1629 foras
269 1601 456 1640 projiciantur.
474 1602 565 1631 Donec
579 1612 642 1641 ergo
658 1602 711 1630 fuit
724 1601 829 1630 vocatio
841 1602 876 1631 ad
889 1603 921 1631 fi-

178 1639 240 1669 dem
257 1651 291 1670 ex
305 1640 473 1675 infidelitate,
485 1641 606 1670 fecerunt
621 1641 697 1680 signa
709 1647 735 1670 et
748 1640 818 1670 servi
837 1641 918 1671 Chri-

179 1680 212 1709 sti
227 1691 234 1707 :
248 1680 311 1718 quia
325 1680 401 1719 signa
412 1680 513 1709 divinae
525 1680 672 1710 vocationis
683 1680 833 1710 testimonia
845 1688 917 1718 sunt,

179 1726 209 1748 ut
220 1719 417 1759 praedieationis
438 1720 536 1749 veritas
550 1720 689 1749 miraculis
701 1720 902 1750 commendetur
909 1732 918 1759 3

178 1766 294 1788 cessante
307 1766 396 1788 autem
412 1759 565 1795 vocatione,
581 1759 632 1788 inci
654 1760 690 1788 iet
709 1759 829 1789 seductio
843 1770 920 1789 revo-

178 1808 240 1827 cans
262 1799 384 1828 homines
397 1810 411 1828 a
425 1798 480 1828 fide
500 1798 536 1827 ad
556 1770 750 1828 infideiitatem.
772 1799 920 1839 Incipiente

177 1848 241 1876 ergo
254 1837 408 1867 seductione
420 1862 427 1873 ‚
443 1837 573 1868 tradenda
584 1845 646 1868 sunt
663 1838 825 1868 seductionis
839 1839 918 1878 adju-

177 1877 245 1907 toria
258 1877 379 1914 diabolo,
395 1877 424 1906 id
436 1885 485 1914 est,
502 1884 618 1917 potestas
631 1878 814 1908 faciendorum
827 1878 918 1918 signo-

177 1927 238 1946 rum
249 1938 256 1949 .
275 1924 305 1946 ut
318 1917 402 1957 signis
416 1924 442 1946 et
454 1917 586 1957 prodigiis
600 1917 736 1947 mendacia
750 1928 798 1947 sua
812 1928 860 1957 pro
875 1929 919 1949 ve-

177 1956 256 1986 ritate
272 1956 449 1986 commendet.
465 1957 519 1987 Sed
536 1957 603 1986 forte
614 1956 682 1986 dicis
696 1958 745 1987 :Si
767 1959 839 1987 Deus
853 1968 918 1987 con-

177 1995 255 2025 cessit
276 1996 386 2026 diabolo
407 1996 534 2026 virtutem
556 1996 738 2026 faciendorum
760 1997 897 2035 signorum
909 2020 916 2032 ,

176 2035 312 2075 quomodo
331 2036 389 2076 ipse
407 2035 530 2073 mandat,
548 2046 581 2065 ne
595 2036 757 2066 seducantur
778 2037 882 2066 sancti?
896 2037 918 2066 si

176 2086 205 2104 er
223 2085 240 2103 o
251 2085 303 2104 non
316 2076 378 2105 vult
391 2082 421 2105 ut
434 2075 612 2112 seducantur,
628 2083 658 2105 ut
669 2075 735 2115 quid
751 2076 862 2106 diabolo
872 2076 919 2106 dat

176 2085 320 2144 seduoemii
334 2115 483 2145 virtutem?
496 2115 518 2145 si
532 2122 620 2145 autem
640 2116 699 2146 vult
714 2123 744 2145 ut
757 2115 918 2145 seducantur

176 2154 279 2192 aliqui,
303 2165 386 2193 quare
407 2155 532 2184 omnibus
554 2155 662 2185 mandat
682 2165 714 2185 ne
736 2155 917 2184 seducantur?

177 2192 260 2221 Audi.
274 2194 402 2223 Concedit
412 2194 521 2223 diabolo
532 2194 677 2224 seducendi
692 2195 828 2230 virtutem,
846 2202 874 2224 ut
886 2205 929 2227 ne*

176 2231 318 2261 maliinter
326 2232 410 2262 bonos
426 2241 575 2263 remaneant
588 2234 661 2273 apud
674 2234 811 2264 Christum
826 2246 832 2262 ε
847 2244 918 2263 man·

175 2270 223 2300 dat
244 2278 334 2300 autem
345 2293 353 2305 ,
370 2278 401 2301 ut
422 2282 456 2300 ne
466 2272 530 2301 boni
553 2272 622 2301 inter
638 2273 723 2302 malos
737 2279 869 2302 transeant
883 2272 917 2302 ad

176 2310 328 2340 diabolum.
343 2311 412 2340 Nam
421 2312 491 2340 sicut
504 2311 612 2340 crudele
624 2319 672 2348 est,
684 2312 777 2340 fideles
788 2322 850 2341 cum
861 2312 919 2340 infi-

176 2349 285 2379 delibus
299 2350 397 2391 pet-ire,
406 2350 444 2380 sic
457 2350 598 2389 indignum
612 2358 661 2387 est,
676 2350 768 2379 fideles
781 2361 843 2380 cum
856 2351 918 2380 infi-

177 2389 285 2418 delibus
307 2389 462 2429 glorificari.
481 2391 530 2418 Ita
543 2395 575 2418 ut
595 2392 627 2418 in
640 2400 767 2419 errorem
781 2391 916 2426 mittant,

177 2430 203 2457 si
244 2431 286 2458 eri
304 2436 413 2469 potest,
438 2432 526 2458 etiam
547 2429 664 2458 electos.
688 2430 749 2458 Non
773 2429 858 2463 dixit,
879 2430 918 2459 Ut

177 2477 205 2496 se
228 2475 306 2497 ucant
317 2490 325 2505 ,
340 2468 362 2498 si
386 2468 443 2498 {ieri
465 2475 565 2508 potest,
581 2469 661 2498 etiam
674 2468 770 2498 electos
781 2491 788 2504 ,
804 2468 850 2497 sed
860 2491 867 2501 ,
880 2471 918 2498 In

177 2517 305 2536 errorem
319 2509 445 2537 mittant.
463 2509 625 2546 Frequenter
636 2507 708 2536 enim
726 2507 807 2537 sancti
822 2507 918 2537 videu-

179 2553 217 2575 tes
242 2546 346 2585 aliquas
370 2547 536 2587 operationes
559 2546 661 2576 diaboli
681 2546 848 2577 absconditas
868 2547 920 2576 sub

182 2585 270 2624 specie
289 2586 407 2625 pietatis,
421 2586 487 2616 dum
506 2596 558 2616 non
572 2592 682 2626 possunt
695 2585 844 2626 intelligere
855 2597 920 2627 pro-

973 1483 1052 1511 E'ece
1062 1485 1094 1511 in
1103 1484 1260 1513 solitudine
1269 1490 1320 1518 est,
1332 1484 1422 1513 nolite
1434 1485 1512 1512 exire
1526 1495 1534 1511 .-
1547 1494 1611 1512 ecce
1621 1485 1652 1511 in
1663 1485 1717 1513 do-

972 1523 1077 1557 mibus,
1092 1523 1181 1552 nolite
1198 1523 1322 1551 credere.
1337 1524 1395 1552 Hoc
1409 1532 1479 1551 nunc
1497 1522 1606 1551 tertium
1619 1522 1654 1551 de
1667 1533 1715 1552 ca-

971 1560 1066 1590 vendis
1077 1561 1277 1591 seductionibus
1290 1560 1336 1591 dat
1349 1561 1513 1591 mandatum.
1528 1562 1648 1590 Primum
1660 1570 1712 1599 est,

971 1600 1074 1629 Videte
1086 1611 1122 1630 ne
1134 1602 1315 1630 seducamini
1325 1614 1335 1631 .·
1350 1601 1434 1630 multi
1447 1601 1523 1629 enim
1543 1602 1665 1629 venient
1681 1603 1714 1630 in

970 1640 1085 1669 nomine
1097 1651 1174 1677 meo,
1187 1642 1314 1669 dicentes
1324 1663 1331 1676 ,
1347 1641 1411 1679 Ego
1424 1650 1487 1669 snm
1500 1640 1641 1669 Christus.
1663 1641 1712 1670 Se-

969 1678 1099 1715 cundum,
1118 1681 1199 1709 Tunc
1210 1681 1308 1709 dicent
1319 1681 1412 1716 vobis,
1424 1681 1502 1708 Ecce
1510 1680 1559 1708 hic
1572 1685 1612 1708 est
1626 1679 1711 1709 chri-

969 1725 1048 1755 stus,
1064 1729 1129 1748 ecce
1142 1719 1220 1754 illic,
1236 1719 1327 1748 nolite
1347 1719 1472 1748 credere.
1491 1718 1625 1753 Tertium,
1641 1729 1709 1757 prae-

968 1767 1039 1793 sens,
1053 1758 1144 1787 dicens
1159 1771 1166 1787 ε
1182 1759 1213 1788 Si
1225 1760 1353 1788 dixerint
1365 1759 1461 1795 vobis,
1475 1759 1553 1787 Ecce
1563 1759 1594 1786 in
1605 1759 1709 1787 solitu-

968 1797 1037 1827 dine
1046 1804 1105 1834 est,
1120 1798 1209 1827 nolite
1223 1799 1300 1827 exire
1309 1810 1320 1826 .-
1332 1802 1397 1827 εει-ε
1408 1798 1439 1826 in
1451 1798 1584 1826 domibus
1593 1819 1601 1832 ‚
1618 1798 1708 1826 nolite

968 1838 1103 1866 credere:
1120 1838 1159 1867 Ut
1171 1839 1203 1866 in
1215 1848 1263 1867 ore
1275 1838 1398 1866 duorum
1418 1837 1469 1866 vel
1489 1838 1576 1866 trium
1594 1839 1708 1866 testium
1718 1849 1803 1872 Mauh.
1823 1851 1857 1873 ,3,

1740 755 1794 772 CCIX

967 1883 1023 1905 stet
1033 1887 1118 1906 omne
1131 1879 1269 1914 verbum,
1285 1884 1315 1906 ut
1331 1876 1400 1906 trina
1420 1876 1585 1905 denuntiatio
1598 1876 1706 1905 inexcu-
1720 1882 1755 1905 ¹6.

967 1916 1078 1946 sabilem
1092 1916 1171 1946 faciat
1183 1916 1369 1956 negligentem.
1384 1915 1504 1945 Primum
1518 1925 1582 1954 ergo
1594 1915 1708 1944 manda-

967 1962 1025 1985 tum
1045 1956 1120 1986 dedit
1140 1955 1174 1985 de
1196 1955 1398 1985 seductionibus
1419 1954 1709 1994 futurisnpriusquam

967 1995 1130 2025 abominatio
1148 1995 1320 2025 desolationis
1340 1995 1546 2024 constitueretur
1558 1994 1586 2022 in
1600 1994 1669 2031 loco,
1683 2001 1709 2023 et

936 2041 953 2064 D
968 2035 1125 2074 priusquam
1144 2035 1274 2064 haeresum
1296 2034 1492 2063 :edificarentur
1505 2033 1640 2063 Ecclesiae.
1656 2035 1708 2063 Se-

967 2074 1087 2104 cundum
1099 2081 1186 2104 autem
1197 2074 1231 2103 de
1242 2073 1442 2103 seductionibus
1451 2072 1627 2113 postfuturis,
1640 2072 1709 2102 sicut

964 2114 1021 2154 jam
1035 2113 1155 2143 diximus
1167 2124 1260 2154 supra.
1274 2113 1397 2142 Tertium
1413 2123 1478 2142 vero
1498 2111 1708 2141 manifestissime

967 2154 1002 2183 de
1023 2161 1140 2193 tempore
1157 2153 1270 2183 furentis
1288 2152 1458 2187 Antichristi,
1470 2151 1561 2181 dicens
1572 2163 1580 2179 t
1593 2151 1624 2179 Si
1644 2152 1708 2189 quis

967 2195 1053 2223 vobis
1073 2194 1197 2229 dixerit,
1217 2194 1296 2222 Ecce
1317 2194 1349 2220 in
1367 2192 1526 2220 solitudine
1545 2196 1602 2224 est,
1618 2189 1708 2233 nolite

968 2235 1055 2262 exire.
1071 2232 1204 2262 Seducere
1224 2232 1296 2261 enim
1315 2241 1363 2260 vos
1375 2231 1479 2260 volunt.
1496 2228 1550 2259 Sed
1568 2228 1639 2272 dicat
1655 2228 1708 2271 ‘³¹3‘

967 2274 1039 2311 quis,
1051 2272 1125 2310 Quid
1141 2272 1213 2301 enim
1224 2271 1238 2300 Ρ
1253 2271 1275 2300 si
1292 2269 1384 2299 fideles
1403 2276 1467 2298 tunc
1488 2278 1539 2297 non
1553 2273 1666 2296 exierint
1680 2275 1708 2310 in

967 2312 1113 2348 desertum,
1121 2318 1166 2340 aut
1177 2321 1230 2340 non
1242 2309 1400 2339 intraverint
1413 2309 1441 2336 in
1454 2307 1547 2336 domos
1556 2318 1564 2334 z
1575 2304 1709 2341 numquid

968 2362 1017 2391 per
1029 2352 1078 2381 hoc
1093 2351 1181 2391 ipsum
1195 2355 1319 2390 poterunt
1330 2347 1463 2377 declinare
1474 2345 1635 2388 periculum,
1650 2354 1709 2372 ma-

967 2391 1040 2420 xime
1050 2401 1112 2420 cum
1122 2396 1186 2419 tunc
1201 2387 1382 2418 Antichristus
1395 2385 1521 2414 universa
1534 2384 1634 2420 ublque
1647 2392 1710 2411 con-

968 2430 1060 2467 tineat,
1071 2437 1097 2459 et
1108 2429 1180 2458 intus
1192 2435 1218 2457 et
1230 2428 1307 2462 foris,
1316 2432 1341 2454 et
1349 2426 1376 2454 in
1388 2424 1495 2453 civitate
1508 2429 1534 2451 et
1547 2422 1575 2450 in
1586 2421 1710 2466 deserto?

968 2469 1022 2499 Sed
1036 2469 1097 2499 vide
1111 2468 1238 2507 quoniam
1251 2466 1307 2494 haec
1321 2464 1411 2492 dicens
1425 2461 1550 2497 ostendit,
1569 2471 1633 2498 quta
1648 2467 1711 2504 tunc

970 2508 1063 2538 fideles
1074 2509 1183 2537 latentes
1194 2511 1273 2534 erunt
1284 2504 1309 2531 in
1324 2502 1390 2531 locis
1400 2499 1560 2540 quibusdam
1569 2501 1713 2544 secretiori-

970 2548 1032 2583 bus,
1047 2549 1104 2577 Deo
1116 2556 1161 2575 cos
1175 2542 1352 2574 abscondente
1365 2541 1455 2580 potius
1467 2550 1547 2578 quam
1559 2539 1629 2575 loco,
1645 2544 1714 2567 sicut

970 2587 1101 2626 scriptum
1113 2591 1152 2615 est
1167 2597 1173 2614 :
1190 2581 1363 2613 Abscondes
1379 2581 1410 2609 in
1425 2579 1596 2609 abscondito
1613 2578 1715 2608 vultus

1547 2631 1598 2660 Gi.

1728 2569 1791 2591 Psal.
1804 2568 1840 2590 30.

1726 2607 1739 2622 2
