1890 2826
711 150 756 173 DE
782 149 1036 173 MELCHISEDECO
1042 164 1050 173 .

112 219 165 247 τῶν
176 221 283 258 γυμνοῖς
294 219 350 249 τοῖς
363 215 484 254 σώμασιν
495 212 672 243 ἔκκυὸιστῶσι
687 211 756 241 κατὰ
769 212 822 240 τῶν
836 223 881 240 κυ-

114 264 213 303 μάτων,
226 262 271 293 καὶ
288 260 361 291 οὐδὲν
384 260 518 300 πάσχουσί
539 272 566 288 τι
589 261 720 288 τοιοῦτον·
734 257 803 287 ἀλλὰ
816 255 882 296 πρὸς

112 310 143 340 τὸ
157 309 236 349 βάθος
249 307 411 340 καταὸάντες
423 306 502 342 αὐτὸ,
513 308 565 335 τῶν
580 307 608 334 ἐν
621 304 712 344 ἐδάφει
725 301 881 341 καθημένων

113 354 307 396 ἀσφαλέστερον
321 353 484 394 διατρίὸουσι
495 374 503 388 ,
519 352 564 381 καὶ
578 353 617 391 τῷ
631 350 744 389 στόματι
755 372 763 386 ,
773 348 882 380 καὶτοῖς

113 402 266 441 ὀφθαλμοῖς,
279 399 325 429 καὶ
338 399 418 428 παντὶ
431 399 470 438 τῷ
483 397 589 436 σώματι
611 395 748 435 δεχόμενοι
768 393 817 429 τὴν
832 393 882 421 ἅλ-

115 459 177 486 μην,
193 448 222 476 οὗ
245 444 469 486 δυσχεραίνωσιν.
485 442 618 473 Τοσοῦτόν
637 443 695 471 ἐστι
715 441 816 480 μᾶλλον
837 439 883 468 καὶ

113 495 229 523 τοιοῦτον
242 491 350 532 ἀπειρία
361 490 451 521 κακόν.
462 489 576 522 ιὈὕτως
590 487 658 524 αὕτη
672 487 718 517 καὶ
732 488 784 516 τῶν
803 485 884 526 ‹poss-

116 541 168 579 ρῶν
186 542 359 578 καταφρονεῖν
380 536 483 566 πείθει·
498 535 585 570 ἐκείνη
600 533 628 564 δὲ
652 532 698 563 καὶ
716 531 751 561 τὰ
777 531 884 572 ἀσφαλῆ

115 584 272 615 ὑποπτεύειν
285 583 331 613 καὶ
350 582 494 613 δεδοικέναι
505 580 710 622 παρασκευάζει.
723 580 759 608 Οἱ
774 578 821 618 μὲν
834 578 886 617 γὰρ

115 631 158 671 ἐφ’
170 631 280 671 ὑψηλῶν
293 631 346 659 τῶν
361 629 453 669 ἰκρίων
466 628 612 667 καθήμενοι
624 628 673 661 τῆς
681 625 750 662 νηὸς,
764 624 809 654 καὶ
822 622 887 664 πρὸς

116 677 166 713 τὴν
178 676 239 706 θέαν
258 677 416 715 ἰλιγγιῶσιν,
428 675 452 704 οἱ
473 674 501 703 δὲ
514 675 542 703 ἐν
558 673 647 712 μέσοις
668 673 698 701 οὗ
718 670 888 711 θορυὸοῦνται

116 726 172 756 τοῖς
184 722 310 761 κύμασιν.
326 722 414 751 Τοῦτο
427 720 472 749 καὶ
486 718 531 748 ἐπὶ
541 721 589 755 τῆς
603 716 718 750 διανοίας
728 716 830 756 γίνεται
840 718 888 751 τῆς

117 767 258 808 ἡμετέρας.
271 766 325 796 Καὶ
333 765 385 806 γὰρ
396 765 443 796 καὶ
456 765 556 800 ταύτην
571 763 698 796 πολλάκις
708 761 888 801 καταλαμὸά-

117 827 158 844 νει
169 814 277 853 κύματα
289 814 390 849 παθῶν,
402 810 547 841 θαλαττίων
562 809 724 849 ἀγριώτερα,
738 803 792 837 οἷον
806 807 887 843 ζάλη,

118 860 219 900 ”θυμὸν
233 859 271 897 (f.
284 859 380 898 ἡμῶν)
392 857 508 887 κάτωθεν
533 854 679 895 στρέφοντα
699 853 748 890 τὴν
768 852 888 893 καρδίαν,

118 906 258 945 πνεύματα
279 903 418 943 ἐπιθυμίας
431 907 564 942 πονηρᾶς,
577 903 703 932 ποιοῦντα
717 899 820 935 πολλὴν
841 902 889 935 τῆς

119 953 234 986 διανοίας
246 951 296 987 τὴν
309 950 447 990 σύγχυσιν.
461 949 530 979 Ἀλλ’
546 950 562 978 ὁ
578 947 626 987 μὲν
645 947 753 986 ἄπειρος
763 945 808 975 καὶ
819 948 890 985 ἀμε-

118 999 243 1035 λέτητος,
257 996 404 1037 ἀρχομένω
422 997 468 1024 τοῦ
480 997 611 1035 χειμῶνος
628 996 675 1029 τῆς
690 994 782 1032 ὀργῆς,
797 991 891 1025 εὐθέως

120 1045 281 1085 θορυὸεἷται,
300 1041 477 1082 ταράττεται,
494 1042 637 1070 κλονεῖται.
659 1039 730 1079 ζΟρᾷ
751 1036 890 1077 γινομένην

119 1090 279 1131 ὁποὸρύχιον
293 1087 342 1124 τὴν
354 1086 443 1127 ψυχὴν
455 1086 507 1115 ὑπὸ
526 1087 579 1114 τῶν
592 1087 693 1120 παθῶν,
704 1083 750 1114 καὶ
769 1082 892 1122 ναυάγιον

121 1136 302 1176 ὑπομένουσαν
314 1145 322 1152 ·
340 1135 355 1163 ὁ
375 1132 404 1162 δὲ
426 1132 549 1172 ἔμπειρος
570 1131 616 1160 καὶ
641 1129 845 1170 μεμελετηκὼς,
858 1129 894 1158 τὰ

122 1185 232 1212 τοιαῦτα
245 1181 318 1221 φέρει
329 1179 454 1219 γενναίως
461 1190 468 1196 ·
478 1177 598 1217 καθάπερ
611 1175 774 1216 κυὸερνήτης
784 1175 828 1205 ἐπὶΙ
839 1176 892 1204 τῶν

123 1229 231 1265 οἰάκων,
241 1227 323 1261 οὕτως
335 1227 380 1256 τὸν
392 1224 520 1265 λογισμὸν
532 1223 621 1253 ἐπάνω
633 1225 686 1253 τῶν
703 1225 794 1253 παθῶν
816 1222 893 1252 καθί-

124 1275 234 1310 σας,οὖ
254 1273 381 1314 πρότερον
402 1271 546 1312 ἀφίσταται
570 1269 659 1299 πάντα
682 1271 777 1306 ποιῶν,
791 1269 840 1302 ἕως
862 1268 893 1298 ἂν

124 1320 268 1360 κατευθῦνῃ
280 1319 312 1349 τὸ
325 1318 424 1359 σκάφος
435 1317 500 1358 πρὸς
515 1317 560 1346 τὸν
574 1316 659 1346 εὕδων
678 1319 727 1352 τῆς
740 1315 894 1356 φιλοσοφίας

123 1368 227 1407 λιμένα.
239 1366 330 1407 Ὅπερ
343 1361 387 1395 οὖν
401 1365 445 1395 ἐπὶ
454 1365 503 1400 τῆς
516 1363 647 1399 θαλάττης
659 1363 775 1403 γίνεται,
790 1362 835 1392 καὶ
849 1362 894 1392 ἐπὶ

123 1416 172 1450 τῆς
182 1413 296 1447 διανοίας
306 1412 460 1452 συμὸαίνει,
473 1414 552 1440 τοῦτο
562 1409 607 1440 καὶ
619 1411 646 1439 ἐν
658 1412 692 1449 τῇ·
704 1409 828 1449 ἐξηγήσει
839 1411 893 1438 τῶν

124 1461 237 1500 Γραφῶν
256 1459 418 1499 συμπίπτειν
432 1457 550 1497 ἀνάγκη,
570 1456 751 1496 θορυὸεῐσθαι,
766 1455 894 1495 ταράττε-

125 1509 202 1536 σθαι·
216 1506 322 1535 ἔπειδὰν
341 1504 355 1522 ¹¹
365 1505 394 1535 δὲ
419 1503 565 1542 ἐξέλθωμεν
589 1504 627 1536 εἰς
651 1502 681 1531 τὸ
705 1502 833 1541 πέλαγος·
845 1504 895 1530 οὔκ

125 1552 216 1588 ἐπειδὴ
243 1552 274 1581 τὸ
298 1551 413 1592 πέλαγος
433 1549 554 1591 φοὸερὸν,
569 1550 627 1579 ἀλλ’
649 1548 741 1584 ἐπειδὴ
767 1550 846 1587 ἡμεῖς
870 1549 895 1577 οἱ

125 1598 248 1631 πλέοντες
267 1597 378 1637 ἄπειροι.
389 1596 456 1627 ‘'OEi
469 1595 521 1635 γάρ
533 1597 613 1632 ἐστιν,
627 1594 733 1624 εὔκολον
747 1593 825 1634 φύσει
845 1593 894 1622 λό-

125 1655 170 1682 γον
183 1643 261 1678 ὄντα,
271 1642 396 1672 δύσκολον
418 1641 538 1681 γενέσθαι
551 1641 625 1680 παρὰ
645 1641 695 1677 τὴν
710 1640 832 1680 ἀπειρίαν
842 1641 895 1669 τῶν

127 1689 282 1726 ἀκουόντων,
294 1689 401 1718 Παῦλον
414 1690 476 1727 ὑμῖν
487 1687 695 1728 παραστήσομαι
709 1687 839 1727 μάρτυρα.
852 1687 896 1716 Εἷ-

126 1736 183 1765 πὼν
197 1734 260 1775 γὰρ,
274 1735 315 1764 ὅτι
326 1737 340 1765 ὁ
362 1734 476 1774 Χριστὸς
489 1734 591 1774 ἐγένετο
612 1733 749 1774 ἀρχιερεὺς
763 1732 831 1762 κατὰ
847 1732 896 1769 τὴν

127 1782 200 1816 τάξιν
214 1781 395 1822 Μελχισεδὲκ,
408 1780 454 1811 καὶ
465 1782 550 1816 ζητῶν
562 1780 602 1814 τίς
615 1782 687 1810 ἐστιν
701 1775 775 1813 οὗτος
789 1781 804 1809 ὁ
818 1780 895 1809 Μελ-

127 1827 247 1868 χισεδὲκ,
261 1827 408 1868 ἐπήγαγεν·
435 1826 503 1867 Περὶ
515 1822 545 1856 οὗ
556 1826 638 1859 πολὺς
651 1829 716 1865 ἡμῖν
729 1828 743 1855 ὁ
758 1826 834 1866 λόγος
850 1825 896 1855 καὶ

128 1874 343 1914 δυσερμήνευτος.
362 1873 398 1903 Τί
410 1873 510 1913 λέγεις,
525 1868 548 1902 ὦ
559 1874 668 1909 Παῦλε;
683 1871 897 1912 Δυσερμήνευτός

127 1934 170 1952 σοι
183 1924 222 1963 τῷ
234 1921 283 1958 τὴν
293 1920 474 1960 πνευματικὴν
489 1921 577 1961 ἔχοντι
590 1921 697 1961 upplan
711 1922 751 1960 τῷ
763 1920 798 1949 τὰ
812 1919 897 1960 ἀπόῤ-

129 1971 197 2009 ρητα
210 1967 364 2004 &meduane
378 1969 417 2007 τῷ
428 1967 493 2007 πρὸς
510 1967 597 2007 τρίτον
615 1967 761 2007 ἁρπαγέντι
773 1967 897 2007 οὐρανόν,

129 2017 164 2046 Εἰ
175 2015 216 2046 σοὶ
227 2014 434 2054 δυσερμήνευτος
441 2036 450 2049 ,
460 2013 512 2043 τίνι
523 2014 705 2050 καταληπτός,
717 2013 797 2052 Ἐμοὶ
809 2014 898 2052 δυσερ-

131 2061 270 2100 μήνευτος,
284 2060 373 2101 φησὶν,
387 2060 416 2088 οὔ
431 2059 504 2100 παρὰ
517 2060 566 2096 τὴν
578 2059 677 2090 οἰκείαν
690 2071 738 2099 μου
754 2058 899 2095 ἀσθένειαν,

131 2106 200 2136 ἀλλὰ
220 2105 294 2146 παρὰ
311 2104 360 2142 τὴν
385 2104 525 2137 δυσκολίαν
548 2106 601 2134 τῶν
624 2104 783 2134 ἀκουόντων.
809 2102 900 2133 Εἰπὼν

131 2155 204 2192 γοῦν,
231 2151 461 2192 Δυσιρμήνευτος,
487 2150 620 2190 ἐτι-ἤγαγεν
633 2162 640 2169 ·
666 2149 779 2185 Ἐπειδὴ
807 2148 901 2188 νωθροὶ

1602 140 1672 188 509

932 210 1035 247 undas,
1046 220 1096 240 nec
1108 210 1257 250 quidquam
1278 211 1434 252 hujusmodi
1451 212 1610 251 patiuntur:
1626 213 1674 242 sed

932 263 1074 296 postquam
1087 257 1115 286 in
1129 257 1220 297 ipsum
1231 257 1397 298 profundum
1410 257 1585 294 devenerunt,
1598 269 1674 288 secu-

932 302 990 331 rius
1001 301 1113 341 degunt,
1126 314 1208 342 quam
1219 303 1239 332 ii
1253 304 1302 343 qui
1314 304 1342 333 in
1356 304 1416 344 ipso
1432 304 1490 333 solo
1502 304 1603 342 sedent,
1618 305 1675 334 sal-

932 348 1108 388 suginemque
1132 359 1178 379 ore
1189 371 1196 386 ‚
1217 350 1318 387 oculis,
1337 357 1446 389 totoque
1467 361 1578 389 corpore
1602 352 1674 380 exci-

897 397 916 420 B
934 395 1034 435 pientes
1045 418 1052 432 ,
1069 395 1098 424 id
1112 406 1164 424 non
1182 407 1252 436 aegre
1271 397 1370 426 serunt.
1384 398 1503 426 Tantum
1515 397 1621 435 taleque
1638 405 1676 426 est

933 441 1075 481 imperitia>
1085 441 1187 471 malum
1196 454 1202 476 5
1212 449 1317 472 tantum
1327 443 1447 473 vicissim
1458 442 1558 483 peritiae
1566 443 1676 472 bonum.

933 488 997 517 Haec
1010 487 1143 516 terribilia
1165 498 1277 526 quaeque
1296 489 1373 528 parvi
1398 489 1482 518 facere
1502 488 1596 518 suadet
1603 499 1613 526 ;
1630 488 1677 517 illa

935 543 1016 568 vero,
1030 534 1111 563 etiam
1124 543 1154 562 ea
1165 555 1173 570 ,
1194 544 1254 572 quae
1275 540 1332 563 tuta
1355 542 1428 572 sunt,
1444 541 1566 574 suspecta
1579 534 1678 562 habere

936 586 963 609 et
974 579 1129 609 formidare.
1144 579 1199 608 Alii
1216 579 1288 608 enim
1303 580 1330 608 in
1345 580 1412 620 ipsis
1423 580 1541 620 praealtis
1553 579 1679 609 tabulatis

937 626 1014 655 navis
1025 625 1146 655 sedentes
1155 625 1270 664 caligine
1281 626 1476 666 corripiuntur,
1483 626 1532 655 alii
1543 626 1570 655 in
1584 625 1680 655 mediis

937 671 1018 700 etiam
1031 671 1160 701 fluctibus
1172 682 1225 701 non
1239 672 1443 711 perturbantur.
1452 673 1511 705 Hoc
1524 671 1588 700 item
1600 671 1681 700 menti

937 724 1034 746 nostrae
1046 717 1154 747 accidit.
1169 717 1239 747 Nam
1254 717 1330 746 illam
1344 727 1413 756 saepe
1425 717 1570 746 affectuum
1584 716 1682 746 fluctus

937 763 1087 801 invadunt,
1100 764 1167 804 ipsis
1180 763 1291 793 marinis
1304 763 1433 792 fluctibus
1449 762 1661 794 vehementiores
1673 785 1680 798 ,

937 810 985 848 qui
993 833 1001 847 ,
1024 810 1188 850 tempestatis
1210 809 1294 839 instar
1302 831 1311 847 ,
1333 809 1455 838 anirnum
1476 808 1632 849 deprimunt
1652 819 1683 838 ac

938 855 1065 885 deorsum
1078 856 1199 893 trahunt,
1214 855 1326 896 spiritus
1340 855 1472 884 malarum
1486 854 1681 894 cupiditatum,

939 903 985 942 qui
998 913 1122 942 magnam
1135 902 1232 931 animis
1246 902 1473 942 perturbationem
1486 901 1613 930 inferunt.
1630 900 1684 930 Sed

940 950 988 988 qui
1009 948 1150 989 imperitus
1174 948 1376 988 imparatusque
1399 954 1452 985 est,
1470 947 1615 987 incipiente
1639 947 1685 976 irae

940 1001 1107 1035 tempestate,
1120 994 1209 1023 statim
1222 994 1394 1033 perturbatur
1403 1016 1410 1030 ‚
1426 994 1588 1030 concutitur,
1601 992 1685 1032 agita-

942 1048 997 1070 tur.
1013 1035 1097 1071 Videt
1109 1039 1226 1068 animam
1238 1039 1379 1068 affectibus
1389 1039 1521 1079 demergi,
1536 1046 1562 1068 et
1575 1039 1686 1068 naufra-

943 1086 1018 1126 gium
1030 1086 1100 1126 pati;
1111 1085 1206 1124 atqui
1220 1092 1329 1125 paratus
1348 1085 1545 1124 meditatusque
1560 1092 1614 1122 est,
1631 1085 1688 1114 haec

943 1140 1049 1162 strenue
1061 1133 1190 1170 sustinet;
1206 1139 1343 1170 tamquam
1356 1132 1500 1161 nauclerus
1511 1130 1547 1160 ad
1556 1131 1688 1170 guberua-

943 1179 1037 1208 culum
1050 1178 1154 1215 sedens,
1165 1178 1205 1208 sic
1216 1184 1330 1207 mentem
1341 1188 1423 1218 supra
1432 1184 1520 1207 motus
1530 1177 1613 1207 animi
1625 1188 1689 1207 con-

943 1226 1072 1263 stituens,
1083 1235 1137 1254 non
1156 1224 1232 1264 prius
1250 1223 1350 1253 desinit
1371 1224 1461 1254 omnia
1482 1224 1591 1261 moliri,
1604 1224 1689 1254 donec

943 1274 1070 1314 scapham
1083 1273 1119 1302 ad
1135 1272 1312 1312 tranquillum
1326 1272 1507 1313 philosophiae
1518 1280 1627 1312 portum
1639 1273 1688 1302 de-

943 1319 1063 1350 duxerit.
1071 1319 1147 1349 Illud
1161 1320 1251 1358 itaque
1263 1319 1337 1358 quod
1347 1319 1374 1348 in
1386 1319 1454 1348 mari
1462 1319 1570 1357 accidit,
1581 1327 1607 1348 et
1616 1320 1689 1358 quod

943 1365 1033 1395 animo
1045 1365 1193 1405 contingit,
1205 1365 1285 1394 etiam
1305 1365 1333 1394 in
1355 1365 1558 1405 scripturarum
1579 1366 1689 1405 exposi—

943 1413 1015 1442 tione
1035 1412 1158 1443 accidere
1177 1421 1284 1442 necesse
1296 1419 1353 1449 est,
1368 1418 1399 1441 ut
1412 1422 1507 1452 nempe
1520 1422 1689 1442 commovea-

911 1461 930 1483 D
944 1466 1043 1489 muret
1064 1459 1252 1499 perturbemur
1273 1457 1382 1497 quando
1402 1458 1429 1487 in
1450 1458 1535 1487 altum
1548 1458 1688 1494 venimus3

944 1502 1076 1544 nonquod
1083 1503 1286 1534 formidandum
1299 1503 1335 1534 sit
1346 1504 1469 1544 pelagus,
1485 1503 1531 1533 sed
1545 1503 1618 1542 quod
1630 1515 1688 1540 nos,

945 1551 992 1590 qui
1005 1550 1164 1590 navigamus
1173 1572 1181 1587 ,
1197 1550 1315 1590 imperiti
1328 1549 1423 1579 simus.
1442 1549 1524 1587 Quod
1537 1549 1608 1578 enim
1621 1549 1686 1578 aeci-

943 1596 1008 1626 dere
1019 1596 1119 1636 possit,
1131 1602 1162 1625 ut
1180 1606 1267 1625 sermo
1285 1602 1380 1625 natura
1400 1607 1449 1625 sua
1468 1595 1567 1632 facilis,
1581 1595 1690 1624 audien-

943 1642 1012 1673 tium
1022 1641 1159 1682 imperitia
1172 1641 1294 1671 difficilis
1307 1641 1414 1679 evadat,
1425 1641 1541 1671 Paulum
1555 1641 1634 1671 vobis
1647 1648 1688 1670 tem
1723 1654 1840 1682 smpfflm

944 1695 1012 1718 stem
1022 1688 1141 1718 afferam.
1157 1689 1227 1718 Cum
1243 1687 1357 1718 dixisset
1372 1688 1443 1717 enim
1458 1688 1595 1717 Christum
1607 1687 1689 1716 fuisse
1699 1693 1762 1736 ⁵³⁰¹?OE
1782 1684 1835 1705 disti·

945 1734 1099 1774 pontificem
1108 1733 1256 1763 seeundum
1265 1733 1388 1763 ordinem
1401 1733 1589 1769 Melchisedec,
1602 1740 1627 1762 et
1637 1733 1690 1762 dis-
1699 1721 1828 1768 {gfff-,1³32

945 1780 1073 1820 quireret,
1086 1779 1210 1819 quisnam
1223 1787 1290 1809 esset
1304 1780 1351 1809 ille
1368 1779 1563 1817 Melchisedec,
1576 1779 1667 1809 intulit
1681 1792 1687 1808 :

947 1828 994 1857 De
1006 1837 1066 1867 quo
1076 1827 1196 1867 grandis
1211 1829 1294 1857 nobis
1315 1833 1358 1857 est
1378 1837 1472 1856 sermo
1496 1832 1524 1855 et
1543 1827 1690 1866 explicatu
1702 1843 1758 1865 neh.
1769 1842 1791 1864 5¹
1806 1847 1840 1862 Η,

912 1868 931 1892 Ε
946 1873 1089 1915 difficilis.
1105 1872 1181 1910 Quid
1190 1873 1271 1910 dicis,
1284 1874 1367 1903 Paule
1377 1873 1391 1902 i‘
1403 1875 1444 1902 An
1451 1873 1586 1913 explicatu
1593 1872 1692 1901 diffici-

946 1921 981 1950 lis
994 1920 1045 1950 tibi
1056 1942 1064 1958 ‚
1080 1919 1128 1958 qui
1141 1919 1277 1960 spirituali
1297 1918 1427 1960 sapientia
1441 1918 1569 1959 praeditus
1584 1919 1633 1948 es?
1646 1918 1694 1957 qui

946 1976 1042 1996 arcana
1051 1964 1203 1995 audivisti?
1215 1965 1262 2004 qui
1274 1965 1309 1994 ad
1320 1965 1427 1994 tertium
1439 1964 1537 1993 eoelmn
1548 1971 1640 2004 raptus
1651 1964 1694 1993 es?

948 2013 978 2044 Si
1000 2012 1051 2042 tibi
1071 2012 1209 2052 explicatu
1228 2011 1350 2041 difficilis
1362 2035 1370 2049 ,
1383 2011 1427 2041 cui
1447 2011 1695 2051 comprehensibilis

949 2060 1017 2090 erit?
1029 2058 1101 2089 Mihi
1114 2058 1252 2098 explicatu
1263 2058 1397 2095 difficilis,
1411 2058 1499 2096 inquit
1509 2081 1517 2094 ,
1530 2065 1586 2094 est,
1597 2068 1649 2086 non
1662 2058 1696 2086 ol)

951 2117 1037 2136 meam
1055 2105 1277 2142 imbecillitatem,
1293 2104 1340 2134 sed
1354 2105 1389 2134 oh
1407 2104 1568 2144 imperitiam
1588 2104 1697 2133 audito-

953 2163 1025 2183 rum.
1045 2153 1117 2182 Cum
1139 2162 1202 2192 ergo
1224 2151 1354 2188 dixisset,
1369 2151 1531 2189 Explicatu
1545 2151 1695 2192 difficilis,

132 2197 255 2238 γεγόνατε
268 2201 326 2231 ταῖς
337 2199 437 2231 ἀκοαῖς·
451 2196 534 2237 Ὁρᾷς
553 2196 594 2226 ὅτι
613 2198 664 2236 οὐχ
673 2198 690 2232 ἡ
705 2196 781 2237 φύσις
795 2199 841 2225 τοῦ
855 2194 902 2224 λό-
911 2198 1110 2239 ²6⁷subjunxit:
1125 2198 1272 2236 Quoniam
1294 2196 1453 2226 imbecilles
1466 2196 1551 2235 sacti
1572 2197 1639 2225 estis
1659 2196 1699 2224 ad

133 2254 198 2283 γα),
213 2244 272 2273 ἀλλ’
283 2245 301 2279 ἧ
315 2243 423 2284 ἀπειρία
443 2245 496 2272 τῶν
517 2242 663 2272 ἀκουόντων
678 2242 802 2271 δύσκολον
820 2241 852 2270 τὸ
874 2242 903 2270 οὔ
921 2247 941 2270 Λ
956 2242 1145 2273 audiendum.
1159 2241 1259 2272 Viden'
1283 2250 1336 2270 non
1355 2246 1478 2268 naturam
1499 2239 1639 2275 sermonis,
1652 2238 1699 2267 sed

135 2288 260 2319 δύσκολον
282 2289 442 2326 πεποίηκεν,
467 2290 508 2319 Οὐ
529 2288 607 2327 μόνον
632 2287 659 2317 δὲ
682 2287 818 2323 δύσκολον,
834 2286 903 2316 ἀλλὰ

135 2334 181 2366 καὶ
196 2334 278 2365 πολὺν
298 2339 368 2365 ποιεῖ
387 2334 466 2364 αὐτὸν
494 2333 595 2374 βραχὺν
621 2336 638 2369 ἡ
664 2332 731 2368 αὐτ-ὴ
757 2332 839 2362 αἰτία.
856 2333 904 2362 Διὸ

168 2427 184 2448 b
198 2427 259 2452 Bne
269 2425 378 2452 clausula
392 2432 430 2451 est
445 2425 513 2451 haud
524 2425 601 2451 dubie
617 2424 696 2450 altero
708 2423 824 2449 membro
837 2433 893 2449 mu·-

136 2465 259 2491 alamon
274 2465 336 2491 illud
355 2467 422 2490 enim
441 2469 541 2491 τοιοῦτον
561 2467 654 2499 ἀπειρία
673 2468 755 2496 κακόν,
768 2462 896 2497 legebatur

136 2508 235 2532 τοιοῦτον
245 2508 353 2540 ὶμπιιρὶα
367 2507 445 2535 καλόν,
456 2502 495 2529 vel
507 2501 569 2536 quid
579 2501 668 2527 simile.

171 2549 182 2559 ”
197 2544 244 2570 llic
256 2542 323 2568 haud
341 2542 431 2572 dubie.
449 2542 475 2567 ni
493 2540 575 2573 fallor,
588 2539 719 2574 legendum
737 2545 817 2574 ἡμῶνι
832 2545 901 2573 θυμόν

298 2592 370 2611 Tou.
393 2592 437 2611 Vl.

956 2285 1123 2316 audientium
1134 2284 1296 2325 imperitiam
1310 2293 1367 2312 rem
1387 2293 1446 2321 quoe
1464 2293 1512 2322 per
1533 2293 1561 2311 se
1580 2281 1699 2310 difficilis

957 2341 1011 2360 non
1036 2336 1112 2366 erat,
1138 2328 1278 2358 difficilem
1299 2326 1468 2357 reddidisse?
1494 2325 1596 2355 Eadem
1619 2335 1700 2364 porro

945 2428 1031 2448 autem
1042 2421 1084 2446 hic
1098 2419 1167 2445 nullo
1179 2418 1257 2444 modo
1273 2424 1340 2443 stare
1351 2422 1434 2450 potest
1448 2425 1453 2439 :
1471 2420 1554 2448 posset
1564 2416 1640 2440 etiam
1652 2415 1702 2440 for-

945 2468 1013 2487 tasse
1022 2460 1071 2494 legi
1093 2462 1138 2486 οἷον
1155 2462 1214 2490 ζάλη
1226 2461 1304 2490 θυμοῦ.

982 2502 994 2516 ·“
1011 2502 1038 2526 A&
1051 2499 1091 2525 hic
1103 2495 1295 2531 expungendum
1308 2494 1414 2521 videtur.

1512 2579 1546 2599 21
