1904 2840
69 366 138 387 Deul.
151 363 173 386 6.
185 363 207 387 5-

68 397 141 418 Leon.
158 403 192 426 ¹9.

74 426 110 450 18.

74 527 162 555 Tob.4.
175 526 210 549 16*

70 565 156 587 llanh.
169 573 190 595 7.

74 602 108 618 12.

148 959 212 975 cun

77 1233 144 1254 Psal.
155 1232 192 1256 23.

79 1471 145 1494 Psal.
155 1470 195 1494 35.

94 2337 166 2360 ΖαεΙι.
177 2343 200 2366 9.
209 2342 232 2366 9.

220 207 291 256 896
791 232 795 234 v
820 214 903 239 opus
929 211 1167 238 imrnnrnc'rum

218 281 341 319 corrigite
357 278 430 309 illos.
442 279 518 308 Duos
536 283 625 307 autem
642 277 716 308 misit
733 278 878 318 apostolos,
893 277 958 317 quia

219 332 266 360 per
285 320 340 349 duo
354 318 485 358 generalia
498 317 622 346 mandata
633 328 712 347 omne
723 328 805 355 genus
818 317 959 347 hominum

219 360 252 389 de
264 366 368 399 peccato
379 358 538 387 absolvitur;
549 357 667 394 Qualia?
678 358 791 398 Diliges
803 358 960 387 Dominum

222 401 314 428 Deum
329 405 410 427 tuum
432 408 469 426 ex
484 403 543 426 toto
565 398 650 426 corde
672 403 732 434 tuo,
751 405 779 427 et
795 398 960 437 proximum

221 446 302 468 tuum
312 440 387 467 sicut
396 438 527 476 teipsum.
539 437 570 466 In
578 437 620 465 his
629 436 736 466 duobus
745 436 877 466 mandatis
884 446 962 465 omne

220 485 358 517 peccatum
372 477 530 516 expellitur,
543 482 569 505 et
582 476 669 505 omnis
675 476 780 516 justitia
794 486 962 506 consumma-

222 525 274 546 tur.
287 520 340 546 Aut
359 523 429 546 certe
446 516 499 545 alia
510 515 577 552 duo,
591 516 678 553 Quod
691 517 743 545 tibi
757 526 816 545 non
826 517 874 544 vis
882 516 960 553 sieri,

221 557 274 585 alii
283 567 320 585 ne
321 557 430 596 feceris
440 557 515 586 .1tem
527 556 711 595 Quodvultis
720 561 752 584 ut
774 555 964 585 aeiant‘vobis

222 597 364 634 homines,
375 596 468 635 facite
481 602 509 624 et
519 605 574 623 vos
587 596 731 624 similiter.
769 594 860 624 uidam
875 601 963 624 autem

220 636 285 665 istos
297 632 486 665 duos'Petrum
499 641 524 663 et
538 634 696 674 Philippum
709 635 843 674 apostolos
855 634 964 674 exponit

221 675 337 714 intelligi
355 685 371 704 o
392 681 477 703 ortere
493 686 500 702 ε
515 673 642 713 quoniam
655 674 685 703 hi
698 675 814 713 primum
832 681 965 703 transvre-

223 715 325 744 dientes
335 715 352 744 J
354 686 462 743 uga'icos
472 714 547 748 fines,
556 720 645 753 gentes
660 713 832 743 adduxerunt
843 713 879 743 ad
889 714 910 743 C
932 712 965 742 ri-

222 761 307 783 stum:
323 754 468 794 Philippus
481 752 591 792 quidem
611 753 770 788 Samariam,
783 763 862 792 quam
878 753 965 793 ipsam

222 793 369 823 Samariam
380 793 483 822 asinam
496 803 552 822 esse
565 792 755 832 interpretatur
774 805 782 822 ε
799 794 894 822 Petrus
914 803 964 821 au-

222 840 275 862 tem
286 832 522 872 gentes,accipiens
530 832 687 862 Cornelium
698 843 731 862 ex
744 832 878 871 gentibus,
887 832 964 870 quasi

223 872 348 902 Samariae
368 872 487 912 pullum.
503 873 531 901 5.
555 872 596 900 Et
615 874 641 900 si
660 874 726 911 quis
749 873 833 900 vobis
850 872 965 910 aliquid

223 912 339 947 dixerit,
357 913 464 941 dicite:
482 911 627 940 Dominus
645 921 763 950 opernm
775 921 873 940 eorum
888 911 966 940 desi-

224 952 316 981 derat.
333 953 374 981 Ne
394 950 500 987 dicatis,
515 950 648 980 Dominus
667 957 746 988 tuus;
761 961 857 989 neque,
870 950 964 979 Domi-

223 1001 274 1020 nus
288 998 376 1020 noster
384 1002 394 1030 3
407 1001 503 1029 neque,
517 990 649 1019 Dominus
659 990 859 1030 jumentorum:
877 996 905 1019 ut
922 990 964 1019 in-

223 1030 345 1070 telligant
369 1040 477 1067 omnes,
491 1030 555 1069 quia
574 1040 623 1069 ego
645 1030 719 1059 solus
740 1029 889 1064 Dominus,
913 1038 966 1058 non

224 1070 311 1100 solum
332 1069 500 1106 animalium,
516 1080 601 1108 neque
620 1069 708 1098 solum
728 1080 821 1098 eorum
838 1069 886 1107 qui
900 1069 967 1098 mihi

225 1109 326 1138 subditi
348 1116 428 1145 sunt,
453 1109 499 1138 sed
521 1109 641 1138 omnium
660 1109 801 1138 hominum
819 1109 898 1138 etiam
919 1109 967 1147 qui

225 1149 292 1177 mihi
312 1148 437 1178 contrarii
463 1155 535 1178 sunt.
559 1150 629 1178 Nam
649 1155 674 1178 et
702 1155 853 1188 peccatores
875 1148 971 1177 condiss

224 1188 296 1217 tione
309 1188 419 1226 quidem
434 1189 485 1217 mei
502 1195 572 1224 sant,
586 1188 724 1217 voluntate
743 1195 831 1217 autem
847 1198 894 1216 sua
912 1187 969 1217 dia-

225 1227 293 1256 boli.
311 1228 395 1256 Meus
413 1234 456 1256 est
475 1229 553 1256 enim
576 1229 653 1256 orbis
675 1234 758 1256 terne
776 1234 804 1256 et
816 1228 968 1266 plenitudo

227 1268 299 1305 ejus.
321 1267 464 1295 Dominus
482 1277 599 1304 operam
620 1277 719 1295 eorum
743 1267 898 1296 desiderat.
919 1268 968 1297 Ju-

228 1312 299 1334 stum
313 1312 352 1334 est
364 1312 394 1334 ut
411 1305 556 1343 aliquando
575 1313 694 1334 creatura
709 1306 807 1334 serviat
821 1316 869 1334 suo
892 1317 970 1335 crea-

227 1345 288 1374 tori.
307 1345 406 1373 Gentes
419 1347 491 1373 enim
514 1346 586 1373 Deus
603 1345 630 1373 in
653 1351 779 1384 potestate
802 1345 906 1374 diaboli
920 1356 970 1385 pro

228 1389 347 1423 tempore
360 1383 478 1422 reliquit,
495 1390 523 1412 ut
537 1390 629 1419 tentet,
644 1394 697 1412 non
717 1383 744 1412 in
760 1391 887 1413 aeternum
905 1395 969 1413 con-

229 1424 318 1453 temsit
330 1445 338 1459 ‚
356 1429 385 1451 ut
395 1422 497 1462 perdat.
513 1424 626 1452 Necesse
641 1430 679 1452 est
691 1429 781 1452 autem
795 1430 825 1452 ut
837 1423 884 1452 fiat
898 1423 970 1463 quod

229 1463 359 1502 scriptum
376 1469 436 1491 est:
452 1463 592 1491 Homines
617 1468 645 1490 et
664 1464 799 1502 jumenta
824 1463 968 1500 salvabis,

231 1503 363 1531 Domine.
385 1502 544 1542 Confestim
562 1508 660 1530 autem
675 1503 800 1531 remittet
823 1512 881 1531 eos.
902 1503 971 1531 Ani-

230 1542 284 1570 mal
303 1540 411 1580 quidem
425 1547 564 1580 postquam
578 1541 727 1580 ingressum
750 1548 790 1570 est
809 1541 836 1570 in
860 1542 970 1571 Jerusa-

230 1581 283 1610 lem
308 1581 423 1615 Judaeae,
441 1579 476 1608 ad
494 1580 634 1609 dominum
656 1591 735 1609 suum
752 1581 892 1610 remissum
914 1588 970 1617 est,

230 1621 354 1649 animalis
377 1626 465 1648 autem
490 1620 631 1660 prophetia
657 1620 684 1649 in
708 1619 803 1650 Judaea
833 1621 968 1650 remansit.

231 1661 300 1689 Nam
313 1660 346 1689 de
366 1659 474 1688 animali
493 1659 540 1687 illo
564 1669 616 1688 non
637 1660 700 1691 hoc.
723 1659 796 1698 quod
815 1659 969 1697 videbatur,

232 1700 409 1728 necessarium
422 1705 477 1727 erat
488 1698 606 1735 Christo,
622 1699 669 1728 sed
684 1699 763 1735 illud,
778 1699 853 1737 quod
869 1699 971 1729 intelli-

233 1739 355 1777 gebatur,
369 1738 398 1767 id
411 1744 458 1773 est,
473 1748 525 1766 non
540 1748 613 1774 caro,
629 1739 675 1767 sed
690 1738 769 1767 ratio:
784 1738 897 1777 idquue
911 1750 972 1768 caro

233 1778 341 1807 remissa
354 1784 403 1809 est,
418 1777 484 1806 ratio
498 1784 586 1806 autem
605 1784 704 1806 retenta
717 1784 765 1806 est.
784 1780 839 1807 Aut
851 1779 895 1807 ita.
910 1780 972 1808 Non

233 1817 315 1853 dixit,
334 1817 370 1846 Et
382 1817 479 1845 iterum
492 1817 606 1846 remittet
619 1827 663 1846 eos
681 1817 717 1846 ad
731 1824 771 1846 te:
789 1817 834 1846 sed
855 1824 970 1856 tantum,

233 1858 371 1886 Remittet
384 1866 442 1892 eos,
458 1862 488 1884 ut
500 1866 533 1885 ne
547 1856 705 1895 mysterium
720 1857 879 1895 praecederet
889 1859 971 1886 ratio-

234 1907 303 1925 nem.
326 1896 395 1925 Nam
410 1902 474 1934 puto
488 1895 516 1924 in
533 1896 626 1934 primis
649 1896 767 1924 homines
781 1906 833 1924 non
854 1907 974 1926 sermone

235 1935 308 1964 nudo
319 1936 425 1965 vocavit
437 1935 630 1974 apostolorum,
645 1934 692 1964 sed
726 1946 754 1963 er
771 1936 899 1965 virtutem
913 1937 975 1976 Spi-

237 1976 305 2003 ritus
320 1975 404 2003 sancti
417 1974 498 2003 solvit
521 1974 619 2013 pariter
638 1981 664 2002 et
685 1945 809 2004 adjduxit.
832 1976 975 2014 Postquam

237 2021 326 2043 autem
339 2013 463 2050 adduxit,
484 2013 580 2042 iterum
594 2012 697 2042 dimisit
709 2024 752 2043 eos
768 2014 794 2043 in
809 2015 930 2052 arbitrie,
946 2022 975 2044 ut

237 2053 328 2082 labore
349 2063 397 2081 suo
421 2052 562 2081 comitante
586 2053 669 2091 gratia
690 2053 879 2092 justificentur.
906 2055 976 2084 Nam

238 2091 312 2130 quod
324 2092 411 2122 vocati
431 2102 535 2128 sumus,
559 2092 610 2120 Dei
630 2099 679 2127 est,
700 2093 773 2130 quod
790 2100 879 2122 autem
895 2094 976 2134 digne

240 2138 299 2171 post
313 2130 479 2160 vocationem
495 2130 624 2166 vivimus,
640 2138 761 2161 nostrum
774 2133 874 2176 pariter
893 2140 933 2162 est
951 2140 976 2163 et

240 2170 302 2200 Dei.
320 2171 379 2199 Hoc
393 2177 432 2199 est
446 2169 519 2208 quod
540 2170 587 2206 ait,
603 2171 702 2199 Iterum
721 2178 834 2201 remittet
851 2183 907 2208 eos,
924 2183 977 2202 non

241 2209 275 2239 ad
289 2209 439 2246 diabolum,
454 2209 502 2247 qui
519 2209 595 2248 prius
614 2210 718 2239 tenebat
730 2221 785 2247 eos,
800 2211 847 2240 sed
862 2212 890 2241 in
905 2213 977 2242 arbi-

240 2250 292 2278 trio
306 2259 365 2285 suo,
381 2248 525 2286 adjuvaute
545 2249 634 2286 gratiae
648 2249 748 2279 scilicet
761 2250 842 2279 dono.
861 2252 891 2281 4.
914 2253 979 2281 Hoc

243 2295 340 2318 autem
360 2294 452 2318 totum
464 2288 585 2328 factum
606 2295 648 2318 est
665 2296 696 2318 ut
714 2290 881 2328 impleretur
901 2292 980 2331 quod

243 2329 352 2357 dictum
374 2335 415 2356 est
434 2338 487 2366 per·
501 2329 672 2367 prophetam
691 2329 853 2358 dicentem.-
872 2332 900 2361 5.
923 2331 981 2360 Di-

244 2369 300 2397 cite
306 2368 379 2407 filiae
393 2367 475 2403 Sion,
490 2368 568 2396 Ecce
581 2377 632 2396 rex
649 2374 718 2396 ‘tuus
739 2370 821 2397 venit
834 2371 886 2398 tibi
900 2381 982 2399 man-

245 2413 353 2442 suetus,
371 2407 473 2436 sedens
487 2417 573 2446 super
585 2408 712 2443 asinam,
728 2413 755 2436 et
763 2408 983 2449 pullumfilium

242 2448 377 2486 jumenti.
402 2446 534 2475 Dominus
550 2453 638 2475 noster
657 2446 801 2476 ascendens
818 2448 854 2477 ad
872 2456 985 2478 mortem

246 2486 453 2525 Jerosolymam,
465 2495 587 2524 magnam
596 2486 708 2525 gratiam
716 2486 790 2526 pacis
802 2494 828 2516 et
839 2489 985 2517 concordias

246 2524 347 2554 mundo
365 2524 491 2554 universo
509 2525 585 2563 quasi
605 2526 632 2554 in
650 2533 805 2555 testamento
819 2527 939 2565 reliquit.
954 2529 985 2557 In

246 2565 404 2609 mysterium
414 2564 485 2593 enim
495 2565 614 2603 gentium
629 2565 791 2602 futurarum,
802 2566 896 2596 sedens
907 2578 987 2607 super

246 2614 348 2633 asinam
366 2610 392 2633 et
411 2601 518 2643 pullum
536 2605 607 2644 ejus,
627 2604 737 2634 intravit
757 2605 784 2635 in
798 2606 940 2647 templum,
962 2614 987 2636 et

977 280 997 302 A
1021 277 1060 306 sic
1073 282 1162 316 gentes
1180 274 1282 305 Judaeis
1303 273 1454 314 conjunxit.
1478 274 1570 306 Sciens
1586 281 1676 304 autem
1693 284 1757 315 prot

1039 315 1100 344 heta
1130 315 1261 344 malitiam
1284 313 1452 352 Judaeorum,
1480 315 1543 354 quia
1567 312 1758 344 contradictufi

1020 327 1127 384 i’uerant
1137 354 1245 384 Christo
1258 353 1408 384 ascendenti
1419 355 1447 383 in
1459 355 1601 395 templum,
1616 354 1676 384 ideo
1686 364 1757 394 prae-

1022 394 1136 429 monuit,
1152 400 1182 423 ut
1203 405 1251 433 per
1268 394 1319 423 hoc
1336 394 1444 432 signum
1461 401 1650 433 cognoscerent
1668 403 1757 432 regem

1023 444 1102 463 suum
1112 434 1212 470 Judaei,
1226 433 1335 463 dicens:
1352 435 1431 464 Ecce
1450 443 1502 463 rex
1520 441 1585 463 tuus
1607 436 1691 463 venit
1707 433 1760 462 tibi

1023 481 1202 510 mansuetus,
1226 474 1329 503 sedens
1348 483 1436 514 super
1453 475 1568 502 asinam
1589 479 1618 502 et
1640 474 1759 512 pullum

1021 515 1094 552 ejus.
1111 514 1190 549 Ecce,
1209 512 1372 543 ostendentis
1385 514 1499 544 verbum
1516 519 1575 542 est:
1589 512 1618 542 id
1636 520 1685 550 est,
1698 514 1760 543 Non

1018 553 1152 592 corporali
1171 560 1290 592 aspectu,
1305 552 1351 582 sed
1371 553 1505 593 spirituali
1526 552 1660 582 intellectu
1679 563 1759 592 opera

1017 592 1149 630 virtutum
1160 593 1217 621 e'us
1230 593 1350 632 aspicite,
1360 603 1412 622 non
1425 592 1532 622 schema
1542 592 1678 622 visionum
1686 594 1760 633 ejus.'

1018 632 1047 662 Si
1061 632 1132 660 enim
1146 642 1174 661 sc
1194 633 1328 672 emaejus
1347 633 1514 672 aspexeritis,
1535 631 1678 671 dejiciendi
1695 633 1759 662 estis

1019 671 1047 700 in
1061 678 1154 700 natura
1169 671 1302 700 humana:
1318 672 1341 700 si
1352 679 1440 701 autem
1454 682 1523 711 opus
1535 672 1594 711 ejus
1607 671 1758 702 considera-
1896 691 1904 710 51

1018 710 1122 747 veritis,
1138 710 1261 740 salvandi
1274 711 1336 740 estis
1351 711 1379 740 in
1390 713 1490 741 virtute
1498 710 1601 740 divina.
1617 713 1684 741 Ante
1695 718 1759 741 tem·
1894 710 1904 745 ,l

1018 761 1085 790 pora
1101 758 1191 780 autem
1212 751 1295 780 multa
1317 751 1476 780 constitutus
1520 750 1643 790 ropheta‚
1664 751 1760 781 videns

1019 800 1081 819 eum
1092 801 1105 819 s
1126 790 1228 820 irituali
1240 798 1359 830 aspectu,
1375 791 1422 830 qui
1436 761 1557 819 nontlbm
1571 796 1648 819 natus
1661 791 1758 827 fuerat,

1020 829 1080 859 ideo
1114 830 1210 867 icebat,
1229 831 1316 866 Ecce,
1341 837 1371 859 ut
1392 830 1542 859 ostenderet
1559 829 1624 868 quia
1643 829 1702 867 ille,
1725 829 1761 860 de

982 875 1000 898 Β
1019 879 1073 908 quo
1091 870 1261 909 loquebatur,
1284 877 1425 909 antequam
1447 875 1609 905 nasceretur,
1621 870 1678 909 jam
1691 876 1758 900 erat.

1019 910 1090 938 Cum
1103 919 1166 948 ergo
1179 909 1303 940 videritis
1316 920 1378 939 eum
1400 909 1427 938 in
1439 909 1550 949 templo,
1561 919 1577 937 o
1592 908 1692 946 Judaei,
1707 919 1759 948 no-

1020 948 1068 977 lite
1081 949 1194 988 superbe
1207 959 1284 988 agere
1301 956 1391 979 contra
1411 959 1471 978 eum
1493 948 1681 978 dicentes:1n
1701 959 1761 989 qua
1768 953 1824 976 Lue-
1837 959 1875 975 2⁰·

1019 994 1160 1027 potestate
1174 989 1236 1017 hoec
1242 989 1326 1029 sacis
1335 991 1348 1017 Ρ
1360 988 1431 1025 Quia
1445 989 1523 1018 Ecce
1534 998 1585 1017 rex
1604 995 1669 1018 tuus
1679 990 1762 1018 venit

1022 1027 1074 1057 tibi
1093 1034 1272 1065 mansuetus,
1293 1029 1396 1058 sedens
1415 1037 1502 1067 super·
1523 1029 1648 1057 asinam.
1671 1029 1762 1058 Nolite

1021 1067 1199 1103 considerare,
1222 1068 1250 1097 in
1267 1078 1319 1107 qua
1341 1074 1468 1108 potestate
1488 1067 1561 1103 facit,
1580 1067 1628 1096 sed
1640 1068 1762 1098 conside-
1899 1090 1904 1097 ,

1022 1114 1079 1136 rate
1097 1114 1212 1141 tantum,
1231 1108 1254 1137 si
1275 1109 1362 1138 facere
1375 1113 1476 1147 potest:
1491 1107 1619 1146 quoniam
1637 1107 1689 1137 hoc
1702 1119 1761 1138 cre-
1897 1099 1904 1127 l

1022 1146 1085 1176 dere
1106 1154 1156 1182 est,
1178 1146 1249 1176 illud
1271 1154 1358 1177 autem
1385 1153 1495 1176 tentare.
1525 1148 1604 1176 Ecce
1623 1157 1676 1177 rex
1697 1154 1762 1178 taus

1023 1189 1108 1215 ‘venit
1131 1188 1184 1215 tihi
1204 1194 1372 1217 mansuetus
1385 1209 1392 1223 ‚
1415 1187 1519 1216 sedens
1535 1196 1622 1226 super
1635 1189 1760 1218 asinam.

1022 1226 1113 1256 Nolite
1131 1226 1230 1263 dicere,
1249 1228 1314 1257 Nos
1334 1237 1393 1256 non
1411 1227 1551 1255 habemus
1576 1237 1681 1265 regem,
1707 1229 1764 1257 nisi
1772 1234 1842 1255 Ιοιιιι.
1861 1226 1904 1266 r'94

1025 1266 1225 1295 tantummodo
1253 1267 1407 1296 Caesarem.
1428 1267 1508 1295 Ecce
1527 1276 1578 1295 rex
1601 1273 1667 1296 tuus
1681 1268 1765 1297 venit
1775 1263 1812 1287 ¹⁵·

1025 1307 1078 1334 tibi
1092 1313 1271 1342 mansuetus,
1286 1307 1389 1336 sedens
1401 1316 1487 1344 super·
1502 1307 1626 1334 asinam,
1642 1306 1671 1337 Si
1686 1308 1764 1338 intel-

1026 1345 1133 1381 lexeris,
1146 1346 1219 1374 venit
1228 1346 1295 1383 tibi3
1308 1346 1331 1374 si
1343 1356 1394 1374 non
1409 1345 1584 1380 intellexeris,
1598 1346 1687 1376 veniet
1698 1357 1766 1377 con-

1023 1392 1063 1414 tra
1077 1391 1114 1413 te:
1131 1383 1160 1412 id
1171 1391 1220 1420 est,
1233 1385 1255 1413 si
1267 1384 1442 1419 intellexerIS,
1457 1384 1544 1413 veniet
1553 1392 1582 1413 ut
1595 1385 1679 1415 salvet
1691 1393 1728 1423 te,
1741 1392 1775 1416 et‘

1024 1424 1075 1453 sub
1088 1422 1204 1463 pedibus
1216 1424 1269 1453 tuis
1282 1423 1407 1463 subjiciat
1415 1430 1514 1462 gentes,
1528 1430 1554 1452 et
1563 1424 1638 1453 dieas
1647 1435 1696 1464 per
1706 1436 1767 1465 pro-

989 1467 1007 1491 C
1024 1464 1132 1504 phetam
1147 1462 1278 1502 gaudens:
1293 1464 1439 1502 Quoniam
1455 1463 1535 1491 Deus
1550 1464 1692 1499 excelsus,
1707 1472 1763 1494 ter·-
1774 1477 1886 1506 Psal.46.

1024 1503 1130 1536 ribilis,
1156 1509 1184 1531 et
1205 1513 1257 1531 rex
1270 1512 1397 1540 magnus
1410 1512 1496 1542 super
1508 1513 1621 1533 omnem
1636 1511 1741 1534 terram
1756 1518 1764 1534 .-
1774 1507 1829 1532 -5,

1025 1543 1146 1581 subjecit
1167 1542 1290 1582 populos
1303 1544 1397 1578 nobis,
1413 1548 1444 1570 et
1457 1549 1556 1581 gentes
1579 1544 1631 1572 sub
1643 1544 1766 1583 pedibus

1026 1583 1140 1612 nostris.
1154 1582 1254 1621 Elegit
1266 1591 1318 1611 nos
1328 1583 1360 1610 in
1368 1582 1556 1611 hereditatem
1568 1584 1634 1619 sibi,
1644 1593 1656 1612 s
1678 1586 1767 1613 eciem
1899 1591 1904 1608 ²

1025 1623 1119 1652 Jacob
1134 1631 1220 1662 quem
1234 1621 1348 1650 dilexit.
1370 1621 1400 1651 Si
1413 1628 1503 1650 autem
1517 1632 1571 1651 non
1589 1622 1654 1652 intel
1666 1623 1765 1660 exeris,
1901 1623 1904 1625 ’

1024 1661 1113 1691 veniet
1125 1668 1153 1690 ut
1166 1661 1260 1700 perdat
1273 1667 1309 1698 te,
1324 1667 1350 1690 et
1359 1660 1393 1690 de
1403 1661 1503 1700 templo
1516 1661 1661 1691 sanctitatis
1675 1662 1768 1702 expel-

1025 1701 1073 1738 lat,
1085 1708 1110 1730 et
1122 1701 1203 1730 aliam
1214 1711 1338 1741 sponsam
1351 1700 1385 1730 de
1399 1701 1522 1740 gentibus
1534 1702 1673 1731 castiorem
1687 1701 1768 1731 indu·
1894 1696 1904 1755 ¹¹

1025 1748 1067 1770 cat
1080 1741 1107 1769 in
1121 1741 1278 1770 cubiculum
1288 1740 1445 1776 sanctitatis,
1470 1747 1499 1770 ut
1516 1747 1545 1770 tu
1561 1741 1679 1782 projecta
1696 1748 1723 1771 et
1739 1741 1766 1771 in
1899 1758 1904 1780 ,ι

1027 1781 1142 1810 tenebris
1165 1781 1308 1810 constituta
1330 1780 1404 1809 dicas
1428 1790 1477 1819 per
1499 1780 1669 1810 Salomonem
1689 1793 1696 1809 t
1721 1781 1768 1811 Ne
1779 1785 1848 1807 Cani.
1862 1790 1880 1806 ¹-

1026 1821 1197 1859 aspexeritis
1221 1831 1275 1857 me,
1296 1821 1435 1859 quoniam
1451 1830 1503 1859 ego
1521 1823 1586 1849 sum
1597 1821 1766 1861 denigrata,

1028 1860 1166 1901 quoniam
1179 1860 1308 1899 despexit
1327 1870 1372 1888 me
1385 1859 1442 1888 sol.
1455 1860 1508 1890 Vis
1521 1870 1679 1899 cognoscere
1691 1870 1767 1890 man-

1027 1899 1197 1929 suetudinem
1229 1899 1359 1928 venientis
1369 1900 1383 1928 :³
1408 1898 1555 1928 Considera
1580 1901 1694 1940 speciem
1720 1899 1770 1929 ad-

1028 1946 1124 1968 ventus
1138 1939 1206 1978 ejus.
1224 1940 1285 1968 Non
1299 1938 1372 1968 sedet
1393 1939 1420 1967 in
1437 1948 1521 1967 curru
1539 1949 1631 1976 aureo,
1654 1939 1771 1979 pretiosa

1031 1989 1151 2018 purpura
1171 1978 1293 2016 fulgens;
1322 1988 1370 2007 nec
1393 1977 1511 2006 ascendit
1533 1989 1615 2018 super
1634 1978 1771 2008 fervidum

1029 2029 1129 2056 equum
1141 2017 1282 2046 discordiae
1294 2025 1437 2046 amatorem
1449 2024 1475 2046 et
1483 2017 1550 2053 litis,
1561 2019 1609 2056 qui
1623 2018 1715 2057 gloriae
1725 2019 1771 2057 ja-

993 2062 1012 2085 D
1030 2057 1127 2086 etantia
1139 2063 1231 2096 pectus
1243 2057 1322 2085 habet
1332 2057 1475 2096 repletum,
1487 2056 1534 2094 qui
1545 2056 1580 2085 de
1590 2057 1668 2096 longe
1679 2057 1774 2086 odorat

1030 2096 1145 2132 bellum,
1163 2103 1188 2124 et
1201 2095 1298 2134 gaudet
1313 2095 1348 2124 ad
1360 2106 1453 2125 vocem
1466 2096 1547 2125 tu‘bae,
1558 2102 1583 2124 et
1596 2106 1658 2124 cum
1673 2096 1774 2125 viderit

1033 2135 1205 2174 sanguineum
1217 2146 1253 2174 pu
1275 2145 1345 2172 nam,
1361 2134 1428 2164 dicit
1441 2134 1468 2163 in
1479 2134 1560 2164 corde
1573 2146 1633 2170 suo,
1650 2135 1720 2165 Bene
1733 2141 1773 2165 est

1031 2176 1147 2204 sactum:
1163 2174 1209 2203 sed
1222 2146 1296 2204 sedet
1313 2185 1393 2214 super
1409 2174 1510 2204 asinam
1526 2174 1731 2212 tranquillitatis
1748 2181 1774 2204 et

1032 2215 1106 2254 pacis
1117 2214 1240 2243 amicam.
1255 2215 1315 2243 Non
1329 2221 1418 2243 autem
1435 2214 1512 2244 vides
1528 2213 1556 2242 in
1578 2214 1693 2243 circuitu
1716 2215 1775 2254 ejus

1033 2253 1201 2293 splendentes
1225 2253 1339 2293 gladios,
1353 2260 1400 2283 aut
1413 2260 1506 2283 caetera
1521 2260 1674 2283 ornamenta
1694 2254 1774 2283 terri-

1034 2294 1131 2322 bilium
1150 2303 1306 2322 armorum:
1323 2293 1369 2322 sed
1383 2292 1472 2332 quid?
1491 2295 1591 2323 Ramos
1613 2292 1775 2327 frondentes.

1035 2333 1185 2362 testimonia
1209 2333 1324 2372 pietatis.
1347 2333 1432 2363 Venit
1450 2343 1513 2372 ergo
1533 2339 1696 2368 mansuetus,
1721 2342 1775 2361 non

1036 2372 1065 2401 ut
1085 2379 1194 2412 propter
1207 2373 1353 2412 potentiam
1371 2372 1521 2410 timeretur,
1545 2372 1594 2402 sed
1615 2378 1645 2401 ut
1664 2378 1776 2412 propter

1035 2411 1267 2441 mansuetudinem
1281 2418 1423 2441 amaretur.
1437 2411 1546 2441 Sedens
1564 2421 1650 2451 super
1662 2413 1777 2440 asinam

1035 2457 1062 2480 et
1075 2452 1190 2490 pullum
1201 2453 1274 2491 ejus.
1286 2452 1322 2482 Su
1345 2462 1374 2481 er
1383 2458 1493 2481 matrem
1504 2451 1621 2480 sedebat.
1636 2451 1660 2480 N
1663 2450 1778 2490 nmquid.

1036 2498 1061 2520 et
1074 2501 1157 2530 super
1167 2491 1275 2530 pullum
1286 2502 1299 2520 s
1334 2491 1413 2520 ebat?
1426 2491 1528 2520 Tamen
1538 2490 1588 2520 etsi
1601 2491 1778 2530 corporaliter

1037 2530 1097 2559 fieri
1111 2540 1163 2558 non
1174 2537 1287 2570 poterat,
1303 2538 1332 2560 ut
1343 2541 1424 2571 super
1436 2530 1536 2559 animal
1548 2536 1692 2569 utrumque
1703 2529 1778 2559 sede-

1038 2576 1088 2605 ret,
1102 2570 1279 2609 spiritualiter
1289 2577 1402 2610 poterat,
1414 2580 1475 2599 cum
1489 2576 1557 2599 esset
1569 2570 1653 2607 Deus,
1668 2575 1699 2598 ut
1712 2576 1738 2598 et
1750 2568 1778 2597 in

1039 2608 1142 2638 Judaeis
1154 2609 1266 2647 sederet,
1282 2616 1307 2639 et
1325 2610 1352 2638 in
1368 2610 1492 2649 gentibus
1505 2609 1596 2639 simul.
1614 2608 1712 2640 Sedere
1727 2618 1779 2637 au·
