1904 2840
104 528 175 549 Ρνον.
189 525 227 548 25.

105 564 142 579 21.
154 563 192 579 22-

104 593 126 609 et
134 589 201 610 Rom.
210 595 242 610 12.

105 625 143 643 20.

106 1206 184 1266 Εἷοα.
200 1211 237 1226 20.

112 1243 119 1257 ι
142 1251 146 1256 .

254 210 322 258 798

848 218 931 240 OPUS
959 216 1193 240 tMPERFEcTtJM

253 281 468 312 multitudinem
481 286 668 319 peccatorum
682 292 690 309 :
705 279 727 309 si
737 279 818 309 semel
826 279 993 310 ,condemna-
1007 283 1028 306 Α
1044 285 1139 308 natura
1162 277 1278 307 carnalis
1301 276 1409 307 subdita
1430 283 1470 306 est
1490 276 1659 317 passionibus
1680 276 1750 315 istis,
1762 285 1789 307 et

251 329 295 351 tus
307 321 388 350 fueris
401 321 498 350 missus
515 320 543 349 in
555 330 699 357 carcerem,
711 321 767 360 jam
787 330 839 349 non
853 319 942 348 solum
957 319 992 348 de

252 361 381 401 gravibus
394 360 523 400 peccatis,
549 359 597 388 sed
618 361 700 389 etiam
715 369 763 398 pro
786 359 869 389 verbo
893 358 990 395 otioso,

252 400 325 439 quod
341 401 468 438 loquutus
481 410 520 435 es,
536 399 564 428 id
577 405 627 435 est,
643 399 665 428 si
678 399 769 428 Racha
783 398 865 428 alicui
882 398 990 434 dixisti,

252 451 302 479 pro
316 450 346 469 eo
359 446 422 468 sunt
434 438 564 479 exigenda
574 449 589 468 a
603 446 629 468 te
639 438 783 479 supplicia.
793 438 893 468 Tradet
903 444 992 466 autem

254 486 279 508 te
287 479 373 519 judici
388 479 556 508 adversarius
570 485 643 515 tuus,
659 479 708 507 etsi
722 485 748 507 te
767 479 844 517 prius
858 477 993 516 rogaverit

254 519 310 548 ille.
326 519 400 548 Dicit
410 518 480 548 enim
495 518 620 548 Salomon
637 529 643 545 :
657 518 689 547 Si
706 519 838 547 esurierit
858 519 993 546 inimicus

256 565 330 595 tuus,
344 560 410 588 ciba
430 558 515 587 illum
532 569 540 585 .-
556 559 611 587 hoc
626 560 702 587 enim
707 558 840 598 faciens,
853 558 994 586 carbones

253 600 329 638 ignis
341 608 477 638 congeres
489 606 574 637 super
583 605 670 637 caput
681 599 778 637 ipsius.
788 598 937 636 Congerere
947 606 994 624 au-

253 645 306 667 tem
318 638 444 668 carbones
453 637 523 677 ignis
533 637 598 676 quid
612 645 651 667 est
659 636 745 673 aliud,
759 637 810 666 nisi
823 636 909 681 magis
918 646 994 665 reum

253 678 338 707 facere
348 685 408 707 ante
418 677 525 707 Deum?
540 677 571 707 Si
583 687 646 717 ergo
660 677 708 716 qui
722 677 852 706 benefacit
871 676 992 712 mimico,

253 717 338 756 magis
351 718 431 747 illum
441 727 516 746 reum
527 716 590 746 facit
611 724 671 746 ante
681 718 769 746 Deum
782 727 789 743 ι
805 722 995 754 consequenter

254 764 279 786 et
300 758 348 795 qui
371 757 448 797 prius
462 763 536 796 rogat
549 757 690 786 inimicum
711 766 801 792 suum,
819 766 894 784 reum
915 754 994 783 illum

252 797 317 825 facit
336 803 396 826 ante
409 798 508 826 Deum.
525 797 689 835 Frequenter
701 795 822 825 homines
836 795 864 823 in
883 795 934 823 hoc
947 804 995 823 sae-

253 836 315 864 culo
329 837 473 865 mittuntur
483 836 510 865 in
533 846 664 865 carcerem
687 846 737 876 pro
750 842 856 875 peccato
873 846 879 862 :
895 833 924 863 id
943 840 993 870 est,

253 875 282 904 in
296 876 431 915 angustias
455 883 481 905 et
502 876 689 905 tribulationes
701 874 832 904 diversas.
847 875 916 904 Nam
941 873 996 913 ple-

254 926 369 954 rumque
387 922 523 955 peccantes
537 916 565 944 in
579 915 734 944 hominibus
746 914 889 943 mittuntur
902 913 930 942 in
942 913 996 942 tri-

254 954 404 984 bulationes
413 955 534 984 diversas
550 965 556 982 :
572 954 618 984 sed
633 965 685 984 non
699 953 887 993 intelligimus.
906 955 996 991 Angu—

255 994 311 1023 stiae
325 1001 414 1024 autem
425 994 507 1035 hujus
520 994 627 1032 mundi,
642 1004 759 1023 carceres
773 993 953 1033 appellantur.

315 1098 328 1115 ¹‘
340 1099 474 1128 Homilia
485 1099 659 1128 duodecima
672 1108 709 1127 ex
721 1108 788 1137 cap.
804 1099 917 1138 quinto.

296 1190 346 1218 27.
368 1188 490 1217 Audisti
503 1190 574 1227 quia
586 1188 697 1216 dictum
716 1193 759 1216 est
776 1187 915 1226 antiquis,
932 1188 999 1216 Non

265 1228 454 1257 moechaberis
465 1239 474 1254 :
488 1229 536 1257 28.
546 1238 597 1266 ego
612 1234 709 1256 autem
731 1227 796 1254 dico
816 1228 911 1263 vobis,
927 1237 1001 1266 quo-

264 1269 344 1296 niam
362 1268 455 1296 omnis
475 1268 526 1306 qui
543 1267 650 1295 viderit
664 1266 813 1295 mullerem
830 1267 870 1294 ad
892 1276 999 1295 concu-

255 1307 425 1346 piscendum
450 1317 526 1342 eam,
549 1307 615 1345 jam
640 1306 798 1334 moechatus
825 1311 868 1334 est
892 1316 957 1333 eam
969 1308 1001 1333 in

261 1347 347 1375 corde
371 1356 434 1374 suo.
461 1346 529 1374 Ecce
549 1345 664 1374 alterum
679 1343 845 1380 mandatum,
858 1344 1001 1373 minimum

262 1385 372 1424 quidem
395 1385 468 1425 apud
482 1386 499 1415 J
501 1384 589 1414 udaeos
603 1392 677 1420 tunc,
691 1390 716 1412 et
738 1393 808 1411 nunc
823 1383 896 1423 apud
910 1394 1001 1412 omnes

262 1425 310 1463 qui
323 1428 334 1441 ⁰
343 1435 394 1453 non
405 1425 522 1453 multum
536 1431 629 1453 curant
645 1423 679 1453 de
692 1423 782 1452 anima
793 1433 841 1451 sua
850 1445 858 1459 ,
873 1433 920 1451 nec
930 1422 1003 1462 judi-

261 1471 323 1493 cant
334 1474 382 1493 cor
393 1474 484 1499 suum,
497 1464 544 1502 qui
556 1464 634 1493 irasci
649 1463 780 1502 proximis
788 1462 843 1491 suis
855 1462 911 1491 sine
923 1466 1001 1491 ca‘usa

261 1503 374 1540 aliquod
385 1513 438 1532 non
451 1510 546 1542 putant
567 1513 622 1532 esse
635 1509 772 1547 peceatum
787 1515 794 1528 :
810 1511 858 1530 nec
877 1502 1001 1541 concupi-

261 1553 333 1571 scere
341 1549 445 1571 tantum
458 1543 598 1571 mulierem
607 1542 722 1570 alienam
735 1547 829 1580 putant
841 1551 899 1570 esse
913 1551 1004 1580 pecca-

260 1588 330 1618 tum,
345 1592 426 1622 opere
439 1581 658 1621 concupiscentiae
672 1591 725 1610 non
749 1580 924 1618 subsequuto.
942 1581 1004 1609 Ma-

260 1631 343 1659 gnum
354 1629 443 1650 autem
453 1627 492 1650 est
505 1620 579 1660 apud
589 1620 710 1649 timentes
724 1620 810 1648 Deum
822 1626 848 1647 et
865 1630 912 1649 cor
923 1630 1003 1649 suum

260 1661 449 1700 dijudicantes.
463 1662 593 1700 Magnum
613 1667 655 1689 est
667 1661 746 1688 etiam
757 1658 831 1698 apud
846 1660 944 1696 Deum,
955 1660 1004 1697 qui

261 1710 313 1729 non
339 1707 443 1729 tantum
455 1710 523 1740 opus
544 1700 660 1728 hominis
681 1698 787 1738 aspicit,
803 1706 932 1737 quantum
946 1709 1002 1728 cor.

261 1741 323 1776 Quo
337 1740 463 1768 mandato
489 1739 533 1769 lex
562 1749 615 1768 non
638 1739 767 1774 solvitur,
782 1738 828 1767 sed
851 1739 980 1778 impletur
994 1749 1002 1765 ε

261 1779 324 1817 quia
348 1779 405 1808 sine
427 1779 479 1808 hoc
502 1778 627 1808 mandato
650 1785 719 1807 stare
744 1788 797 1806 non
826 1785 911 1817 potest
935 1778 1003 1817 legis

261 1818 426 1847 mandatum.
444 1820 531 1848 Omne
554 1818 624 1847 enim
644 1817 807 1846 adulterium
830 1827 864 1846 ex
880 1818 1005 1857 concupi·

262 1858 360 1887 scentia
381 1859 509 1888 nascitur.
531 1857 674 1894 Quomodo
692 1868 755 1896 ergo
768 1857 877 1886 tolletur
898 1857 1003 1886 adulte-

262 1897 334 1926 rium
361 1897 508 1926 secundum
532 1897 600 1936 legis
625 1896 796 1930 mandatum,
821 1896 872 1926 nisi
894 1897 1004 1937 praecisa

262 1937 343 1966 fuerit
362 1937 575 1976 concupiscentia
599 1936 745 1965 secundum
772 1937 873 1966 Christi
892 1937 1003 1966 manda-

204 1989 252 2005 txv
263 1976 339 2004 tum?
354 1977 486 2013 Quoniam
501 1986 564 2015 ergo
573 1975 642 2004 sicut
654 1975 693 2004 ira
705 1982 787 2004 mater
801 1983 840 2005 est
854 1976 1004 2012 homicidii,

262 2015 302 2044 sic
315 2015 526 2055 concupiscentia
541 2021 623 2043 mater
634 2022 672 2043 est
685 2015 811 2044 adulterii
825 2028 831 2044 :
845 2026 1005 2054 consequen-

263 2061 303 2082 ter
316 2055 384 2083 sicut
395 2055 442 2092 qui
454 2054 577 2083 irascitur
589 2054 665 2083 fratri
680 2065 727 2083 suo
739 2055 795 2083 sine
806 2065 896 2092 causa,
906 2055 1005 2084 occidit

1043 329 1121 347 nemo
1146 325 1186 347 est
1211 316 1364 353 hominum,
1392 316 1472 346 etiam
1498 324 1660 353 sauctorum,
1684 317 1732 356 qui
1760 327 1789 347 se

1044 357 1152 387 omnino
1166 357 1200 386 ab
1212 357 1252 385 ira
1266 357 1310 386 vel
1325 356 1539 396 concupiscentia
1553 357 1639 386 valeat
1653 367 1786 396 separare,

1044 398 1174 426 aestiment
1186 396 1336 431 Christum,
1351 396 1428 434 quasi
1448 396 1627 436 impossibilia
1641 397 1691 425 ista
1710 406 1789 425 man-

1044 436 1151 465 dantem
1160 458 1168 472 ,
1195 435 1360 465 occasionem
1386 435 1439 464 sibi
1463 446 1582 474 quaerere
1590 458 1599 471 ,
1624 446 1674 475 per
1706 446 1787 474 quam

1044 476 1165 505 homines
1175 475 1254 504 saciat
1268 485 1337 511 reos,
1353 474 1479 513 quoniam
1494 475 1592 510 omnis,
1606 475 1653 514 qui
1666 475 1790 515 impossi-

1043 515 1111 546 bilia
1133 514 1252 550 mandat,
1272 515 1424 543 occasiones
1445 514 1599 543 offensionis
1621 515 1742 551 seminat,
1765 521 1790 544 et

1045 566 1137 584 causas
1149 554 1281 594 puniendi
1292 554 1426 593 requirit:
1440 553 1501 583 ideo
1513 564 1597 593 pauca
1608 553 1642 583 de
1655 553 1790 584 divisione

1044 595 1215 624 voluntatum
1233 594 1328 622 animae
1350 593 1523 632 corporisque
1543 600 1698 622 tractemus.
1714 594 1791 623 Sicut

1045 633 1113 663 duas
1127 634 1155 663 in
1170 633 1247 663 nobis
1259 633 1390 662 habemns
1410 640 1527 668 naturas,
1540 633 1635 661 animae
1649 633 1751 662 scilicet
1764 640 1791 662 et

1045 674 1133 702 carnis
1148 685 1154 701 :
1170 674 1208 702 sic
1221 673 1289 702 duas
1310 672 1441 701 habemus
1458 672 1621 708 voluntates,
1637 682 1718 701 unam
1731 673 1790 701 ani-

1045 724 1106 750 mae,
1122 713 1231 742 alteram
1255 712 1342 741 carnis
1357 724 1364 740 :
1378 711 1446 741 duas
1467 711 1530 746 iras,
1548 722 1629 740 unam
1642 711 1749 748 animae,
1764 719 1791 742 et

1045 752 1154 782 alteram
1164 752 1251 782 carnis
1260 751 1342 780 :duas
1349 751 1587 791 concupiscentias,
1597 761 1679 781 unam
1685 751 1790 787 animai,

1045 798 1071 821 et
1084 792 1194 821 alteram
1208 791 1306 820 carnis.
1320 791 1356 820 Et
1367 798 1461 820 natura
1472 790 1581 830 quidem
1595 790 1683 820 carnis
1697 790 1732 819 ab
1747 791 1791 821 his

1045 833 1171 861 omnibus
1195 841 1248 861 non
1272 837 1359 870 potest
1383 841 1412 860 se
1435 841 1567 875 separare.
1592 831 1661 860 Nam
1686 840 1791 860 necesse

1011 881 1029 904 B
1045 871 1125 900 habet
1147 878 1173 900 et
1196 870 1286 907 irasci,
1307 877 1334 899 et
1357 880 1556 910 concupiscere,
1572 869 1621 899 etsi
1643 880 1696 899 non
1716 869 1789 906 vult,

1045 911 1173 949 quoniam
1197 921 1249 940 non
1271 916 1311 939 est
1329 910 1358 938 in
1379 910 1492 939 arbitrio
1506 920 1556 939 suo
1575 916 1660 938 creata
1675 921 1683 938 ε
1698 908 1727 938 id
1741 916 1791 946 est,

1045 960 1098 979 non
1122 956 1161 979 est
1180 960 1251 979 nunc
1274 949 1302 978 in
1324 949 1437 978 arbitrio
1460 959 1519 984 suo,
1535 949 1604 978 sicut
1623 955 1710 978 creata
1726 949 1790 985 fuit,

1046 989 1095 1019 sed
1118 989 1170 1018 sub
1194 989 1251 1029 lege
1272 989 1383 1028 peccati.
1395 988 1567 1019 Vcnumdata
1588 995 1628 1018 est
1649 989 1720 1017 enim
1740 989 1792 1018 sub

1047 1036 1171 1069 peccat03
1194 1035 1334 1068 propterea
1356 1028 1391 1057 de
1412 1028 1460 1057 illa
1483 1027 1793 1068 dicit<apostolus=Sa-
1801 1033 1869 1055 Ram.
1884 1032 1904 1057 8.

1046 1071 1159 1108 pientia
1172 1070 1269 1097 carnis
1280 1069 1400 1096 inimica
1413 1073 1456 1096 est
1469 1069 1501 1096 in
1515 1068 1612 1096 Deum
1623 1079 1631 1095 .·
1644 1067 1703 1107 legi
1715 1069 1793 1097 enim

1049 1110 1108 1137 Dei
1121 1109 1253 1146 subjecta
1271 1117 1330 1136 non
1349 1113 1402 1144 est,
1416 1117 1470 1136 nec
1483 1108 1560 1135 enim
1577 1113 1681 1146 potest.
1698 1107 1793 1136 Anima

1049 1154 1137 1177 autem
1151 1148 1178 1176 in
1198 1147 1310 1176 arbitrio
1324 1157 1373 1176 suo
1385 1154 1473 1176 creata
1485 1153 1535 1183 est,
1546 1146 1695 1176 secun'dum
1708 1146 1794 1186 legem

1046 1187 1165 1227 justitiae.
1178 1187 1248 1216 Dei:
1264 1194 1405 1227 propterea
1423 1192 1509 1226 potest
1531 1193 1558 1215 et
1583 1196 1636 1216 non
1659 1185 1748 1222 irasci,
1770 1186 1793 1215 si

1048 1227 1128 1256 vult:
1144 1234 1170 1255 et
1184 1236 1237 1255 non
1258 1226 1457 1266 concupiscere,
1472 1226 1496 1254 si
1517 1226 1588 1255 vult.
1602 1224 1718 1262 Quando
1730 1235 1794 1265 ergo

1049 1266 1190 1295 irascimur
1199 1273 1224 1295 et
1234 1266 1460 1311 concupiscimus,
1471 1265 1494 1294 si
1505 1265 1696 1305 displiceamus
1704 1265 1792 1302 nobis,

1050 1312 1076 1334 et
1088 1305 1242 1334 festinemus
1254 1316 1399 1344 reprimere
1413 1305 1456 1334 vel
1470 1305 1539 1334 iram
1552 1306 1597 1334 vel
1610 1304 1795 1344 concupiscen-

1050 1345 1115 1373 tiam
1136 1351 1266 1380 nostram,
1282 1345 1451 1373 manifestum
1466 1351 1515 1381 est,
1537 1344 1601 1383 quia
1624 1354 1686 1373 caro
1706 1351 1796 1373 nostra

1049 1383 1172 1412 irascitur
1193 1390 1238 1412 aut
1257 1383 1423 1422 concupiscit
1435 1383 1503 1419 sola,
1519 1393 1572 1412 non
1585 1384 1675 1412 anima
1690 1390 1791 1412 nostra.

1053 1422 1170 1459 Quando
1191 1429 1280 1451 autem
1298 1422 1496 1462 complacemus
1509 1422 1587 1452 nobis
1601 1422 1628 1450 in
1642 1422 1695 1457 his,
1707 1429 1734 1451 et
1746 1421 1795 1451 de-

1051 1462 1186 1491 cernimus
1205 1462 1228 1491 si
1242 1462 1388 1501 poterimus
1410 1468 1527 1491 nostram
1549 1461 1662 1501 implere
1684 1462 1796 1490 iracun-

1017 1511 1035 1535 c
1051 1501 1135 1536 diam,
1144 1502 1188 1530 vel
1199 1501 1440 1541 concupiscentiam
1451 1508 1568 1530 nostram
1580 1513 1587 1529 :
1600 1508 1664 1530 tunc
1673 1507 1700 1529 et
1708 1501 1795 1529 anima

1051 1541 1176 1570 irascitur
1189 1547 1215 1569 et
1224 1541 1389 1580 concupiscit
1402 1540 1482 1569 simul
1497 1551 1559 1570 cum
1571 1550 1661 1569 carne.
1669 1541 1795 1580 Propter-

1051 1590 1081 1609 ea
1107 1580 1192 1609 sciens
1215 1581 1306 1616 Deus,
1330 1580 1395 1618 quia
1419 1579 1506 1609 carnis
1526 1586 1621 1608 natura
1641 1578 1750 1609 subdita
1771 1580 1796 1609 ei

1051 1629 1104 1648 non
1119 1625 1169 1656 est,
1190 1629 1238 1648 nec
1253 1626 1339 1658 potest
1351 1629 1404 1648 non
1420 1619 1511 1655 irasci,
1526 1629 1579 1647 non
1593 1618 1702 1647 mandat
1723 1619 1796 1649 carni

1051 1669 1111 1698 quas
1124 1658 1243 1687 mandat.
1259 1658 1328 1695 Quis
1340 1658 1411 1688 enim
1432 1659 1537 1698 sapiens
1556 1658 1597 1686 illi
1628 1658 1685 1687 onit
1717 1669 1797 1688 raece-

1051 1705 1141 1738 ptum,
1156 1699 1204 1736 qui
1216 1698 1265 1727 etsi
1278 1698 1349 1735 vult,
1364 1708 1416 1727 non
1431 1705 1516 1738 potest
1529 1698 1599 1727 obau
1622 1697 1681 1727 'rei’
1693 1669 1746 1727 ged
1760 1697 1796 1727 ad

1052 1738 1168 1767 animam
1191 1738 1324 1776 loquitur,
1339 1744 1365 1767 et
1386 1737 1481 1766 animae
1501 1737 1622 1773 mandat,
1637 1747 1696 1776 quae
1709 1744 1796 1777 potest

1052 1779 1109 1808 Deo
1133 1777 1161 1806 iu
1185 1777 1311 1807 omnihus
1335 1777 1466 1806 obaudire
1485 1788 1492 1805 :
1514 1787 1573 1815 quae
1597 1783 1694 1817 potest,
1715 1777 1796 1806 etiam

1052 1827 1131 1846 carne
1144 1818 1275 1846 irascente
1294 1823 1321 1845 et
1342 1816 1555 1856 concupiscente,
1570 1816 1629 1856 ipsa
1645 1826 1693 1845 nec
1707 1815 1795 1854 irasci,

1052 1867 1101 1886 nec
1113 1857 1313 1896 concupiscere.
1327 1856 1358 1886 Si
1371 1867 1434 1895 ergo
1447 1855 1483 1885 ad
1496 1856 1613 1885 animam
1626 1856 1757 1894 loquitur,
1770 1863 1796 1885 et

1052 1896 1086 1926 de
1109 1896 1322 1936 concupiscentia
1346 1895 1441 1924 anima:
1466 1896 1606 1933 loquitur,
1629 1895 1721 1924 dicens
1738 1907 1745 1923 =
1765 1895 1796 1924 Si

1053 1938 1118 1975 quis
1125 1937 1233 1965 viderit
1241 1936 1390 1964 mulierem
1399 1936 1440 1964 ad
1450 1935 1795 1975 concupiscendameam,

1047 1977 1112 2015 jam
1126 1976 1285 2004 moechatus
1305 1981 1348 2004 est
1367 1985 1432 2003 eam
1453 1977 1484 2004 in
1504 1976 1588 2004 corde
1609 1985 1681 2004 suo:
1695 1974 1724 2003 id
1745 1981 1795 2011 est,

1053 2025 1105 2044 non
1127 2015 1148 2043 si
1174 2015 1235 2053 quis
1257 2014 1443 2054 concupiverit
1462 2013 1612 2043 secundum
1631 2013 1797 2043 desiderium

1053 2054 1208 2084 inevitabile
1221 2056 1321 2090 carnis,
1337 2053 1393 2089 sed,
1409 2053 1432 2082 si
1446 2054 1508 2092 quis
1520 2052 1687 2092 concupierit
1700 2063 1798 2082 secun-

263 2103 324 2122 eum
335 2094 362 2122 in
372 2093 452 2122 corde
465 2104 525 2128 suo,
535 2093 583 2122 etsi
594 2104 646 2122 non
660 2094 787 2123 occiderit
799 2105 859 2123 cum
872 2099 884 2111 “
896 2102 1005 2134 propter
1020 2102 1039 2124 1)
1053 2093 1120 2122 dum
1133 2093 1296 2123 voluntatem
1311 2093 1417 2128 aniinae,
1431 2099 1457 2122 et
1470 2102 1639 2128 consensum,
1653 2091 1799 2122 decernens

263 2139 363 2161 metum
376 2133 513 2169 vindictae,
528 2139 574 2161 aut
595 2140 702 2173 propter
721 2134 902 2173 impotentiam
916 2145 1003 2172 suam,

262 2171 343 2200 etiam
362 2172 499 2201 homicida
517 2179 556 2201 est
576 2173 650 2212 apud
671 2175 769 2209 Deum,
782 2175 829 2212 qui
848 2184 899 2203 non
921 2175 1006 2213 magis

263 2221 333 2250 opus
354 2211 514 2247 considerat,
527 2222 606 2249 quam
621 2213 743 2241 affectum
756 2224 762 2241 z
776 2224 815 2242 sic
837 2214 883 2252 qui
904 2224 1003 2244 concu-

263 2250 344 2290 piscit
361 2251 502 2279 mulierem
525 2251 652 2286 alienam,
663 2252 719 2290 jam
732 2253 878 2282 moechatus
891 2260 931 2282 est
944 2264 1003 2282 eam

263 2291 291 2318 in
306 2289 386 2319 corde
399 2300 448 2319 suo
461 2302 468 2318 ε
484 2290 533 2319 etsi
543 2301 595 2319 non
610 2291 733 2320 habuerit
747 2302 816 2327 eam,
827 2303 905 2322 causa
915 2293 1005 2331 aliqua

263 2329 416 2366 obsistente,
430 2330 509 2358 etiam
519 2329 626 2358 adulter
636 2337 676 2359 est
688 2330 762 2369 apud
776 2332 872 2367 Deum,
888 2333 935 2370 qui
947 2343 1004 2361 ma-

263 2369 304 2408 gis
318 2369 415 2408 aspicit
428 2369 592 2398 voluntatem
611 2380 691 2408 quam
705 2380 783 2408 opus,
798 2372 922 2408 quoniam
938 2383 1005 2412 opus

263 2408 287 2436 ci
299 2407 427 2437 adulterii
438 2408 621 2438 committendi
632 2409 729 2445 defuit,
741 2419 792 2437 non
805 2411 936 2440 voluntas
951 2411 1005 2441 Sed

263 2457 296 2476 ne
306 2447 375 2476 forte
386 2447 509 2477 homines
518 2448 640 2477 humanae
651 2455 752 2477 uaturae
762 2450 917 2488 mysterium
927 2450 935 2478 i
938 2461 1004 2490 gno-

263 2493 362 2524 rantes,
376 2484 453 2516 {lum
479 2487 657 2525 considerant,
671 2488 734 2526 quia
749 2489 906 2527 generaliter
919 2491 1006 2520 omnis

295 2579 308 2597 b
327 2579 357 2602 In
370 2578 463 2604 Codice
475 2579 544 2606 v.D.
552 2578 604 2604 haec
614 2579 723 2605 Humilia
735 2579 885 2612 praecedenti
894 2581 1013 2615 jungitur.

295 2625 303 2636 Φ
323 2618 331 2649 [
343 2617 493 2643 Commelin.
506 2625 531 2643 et
541 2618 627 2644 Morel.
640 2620 761 2644 omittunt
774 2621 846 2651 non.]

1054 2140 1080 2162 et
1091 2140 1208 2163 statuens
1219 2132 1332 2172 implere
1343 2131 1416 2170 quod
1430 2132 1505 2171 cupit
1516 2144 1522 2160 ε
1537 2131 1585 2160 ille
1595 2131 1657 2160 talis
1670 2131 1718 2161 etsi
1729 2132 1800 2160 nihil

1054 2172 1174 2212 gesserit,
1186 2173 1243 2216 jam
1256 2179 1343 2200 tamen
1356 2170 1437 2200 corde
1449 2171 1555 2200 adulter
1568 2177 1607 2200 est
1625 2178 1687 2200 ante
1700 2172 1799 2208 Deum,

1053 2213 1118 2251 quia
1132 2213 1244 2241 forsitan
1264 2211 1411 2250 impeditus
1433 2217 1472 2239 est
1491 2211 1526 2239 ab
1543 2221 1634 2250 opere,
1657 2220 1710 2239 non
1725 2221 1800 2239 com—

1055 2259 1170 2291 punctus
1184 2251 1212 2279 in
1225 2251 1372 2280 voluntate.
1389 2251 1439 2279 99.
1454 2250 1484 2279 Si
1497 2251 1600 2279 dexter
1611 2250 1713 2279 oculus
1735 2256 1801 2279 tuus

1055 2291 1303 2321 scandalizaverit
1317 2297 1354 2326 te,
1366 2300 1435 2320 erue
1448 2300 1525 2319 eum.
1540 2291 1609 2319 Puto
1627 2288 1702 2328 quod
1713 2288 1800 2318 omnis

1056 2341 1157 2360 merces
1165 2330 1276 2370 justitiae
1290 2336 1386 2359 nostrae
1399 2331 1425 2359 in
1437 2330 1489 2359 hoc
1500 2329 1587 2370 posita
1599 2328 1645 2364 sit,
1655 2328 1719 2367 quia
1728 2328 1801 2357 omni

1056 2377 1177 2410 tempore
1191 2376 1283 2398 contra
1303 2379 1409 2399 carnem
1432 2376 1549 2398 nostram
1564 2368 1699 2396 luctamur
1714 2379 1721 2395 :
1737 2367 1800 2405 quia
1813 2372 1868 2394 Gal.
1879 2370 1903 2394 5.

1058 2411 1134 2440 Caro
1143 2410 1320 2448 concupiscit
1335 2409 1475 2438 adversus
1486 2408 1630 2452 spiritum,
1645 2413 1674 2436 et
1684 2409 1801 2446 spiritus

1057 2450 1194 2480 adversus
1215 2459 1343 2477 carnem.
1360 2448 1406 2478 Sic
1418 2448 1489 2476 enim
1502 2454 1540 2476 ait
1555 2446 1685 2486 propheta
1701 2459 1707 2475 :
1729 2447 1802 2475 Tota
1812 2455 1904 2483 psat-32

1057 2490 1104 2519 die
1125 2490 1313 2519 contristatus
1338 2488 1534 2527 ingrediebar,
1556 2487 1696 2526 quoniam
1718 2496 1802 2515 renes
1811 2485 1834 2509 8-

1075 2589 1085 2601 ³
1098 2581 1128 2606 V.
1140 2582 1171 2606 Ι).
1182 2586 1208 2606 et.
1216 2579 1316 2606 Editiin
1327 2579 1438 2613 margine
1447 2584 1550 2612 propter
1557 2584 1648 2604 metzam
1654 2578 1803 2604 videntium.
