1890 2826
114 579 174 601 Deus
186 587 228 600 non

86 618 174 640 semper
198 611 229 631 si-

85 642 146 663 milia
177 649 229 671 pec-

85 678 158 694 cantes
198 674 228 694 si-

86 704 168 725 militer
189 712 224 726 ca-

85 736 156 763 stigat.

79 1784 165 1837 M5nul1.
187 1791 222 1807 ιο.

85 1821 90 1836 ι
114 1831 119 1837 .

77 2058 128 2080 Act.
146 2058 169 2081 5.

244 132 290 176 54

240 205 371 234 (lamentis
384 204 482 240 excisa,
492 211 518 234 et
529 211 587 246 post
598 211 698 234 tantam
711 202 876 243 voluptatem
887 212 981 239 servae,

240 251 352 290 captivae
366 258 393 280 et
405 257 535 288 extorres,
551 251 579 280 in
591 250 707 280 alienam
717 248 850 288 regionem
861 247 984 278 abductae

239 304 313 333 sunt,
327 307 358 326 ac
371 297 447 334 sami,
462 297 530 337 pesti
553 296 682 334 milleque
705 294 837 325 mortibus
858 293 981 332 traditae3

239 352 327 372 annon
341 343 513 383 perspicuum
524 350 573 378 est,
586 352 634 371 nos
647 341 771 381 graviora
781 351 905 381 passuros
914 351 981 376 esse,

238 389 286 428 qui
301 389 327 419 in
342 389 435 419 eadem
447 396 554 429 peccata
568 388 734 418 incidimus?
747 386 982 424 Quemadmodum

237 437 309 467 enim
333 437 447 467 honores
471 439 602 477 majores,
628 437 665 466 ita
688 435 811 475 graviora
835 434 981 475 supplicia.

238 484 320 520 Quod
332 484 355 513 si
369 484 444 514 nulla
457 484 555 514 mulier
564 483 644 513 talem
654 489 778 512 ornatum
787 482 912 512 affectans
922 481 983 510 hac-

238 537 315 560 tenus
334 530 440 570 aliquid
461 531 515 560 tale
538 541 615 570 passa
642 536 699 566 est,
721 539 754 559 ne
772 529 832 559 ideo
853 527 979 557 confidat.

238 578 300 606 Mos
312 577 385 606 enim
403 583 442 606 est
454 578 511 606 Deo
524 586 616 616 poenas
628 575 741 605 definire
754 575 802 605 uni
815 582 841 604 et
854 574 944 609 alteri,
957 580 983 602 et

239 634 286 663 per
301 624 364 653 illos
376 624 601 653 commonefacere
623 629 730 653 caeteros
743 632 834 651 omnes
847 621 882 650 de
895 619 982 660 poenis

237 680 297 708 quae
318 670 390 710 ipsos
413 677 563 710 excepturae
575 676 648 698 suut.
663 669 703 698 Ut
722 674 810 698 autem
832 667 862 696 id
883 666 982 708 clarius

236 715 348 752 evadat,
363 723 502 756 peecatum
523 726 605 755 grave
626 714 793 744 admiserunt
810 714 876 743 olim
894 714 914 743 ii
935 714 981 752 qui

235 761 351 791 Sodoma
364 762 526 798 incolebant,
542 768 674 791 extremas
687 759 819 790 dederunt
829 770 932 799 poenas,
948 759 982 788 iis

235 808 363 837 immissis
376 808 547 841 fulminibus,
556 815 582 837 et
594 807 719 843 urbibus,
733 806 841 847 populis
854 813 982 845 terraque

235 854 292 894 ipsa
305 865 368 883 cum
382 855 541 894 corporibus
555 855 637 884 simul
655 854 812 884 combustis.
828 853 901 890 Quid
926 853 981 893 igi-

236 901 302 930 tur?
316 900 444 930 nullusne
457 908 519 940 post
542 901 603 930 illos
617 900 716 930 similia
730 911 812 930 ausus
824 899 884 929 est?
896 899 979 930 Multi

234 954 314 983 certe,
326 954 352 976 et
365 947 392 976 in
405 947 497 976 multis
508 958 555 987 per
570 947 663 976 orbem
675 947 754 976 locis.
767 947 825 977 Cur
835 957 899 986 ergo
911 946 981 976 nihil

233 993 422 1033 hujuscemodi
437 994 508 1034 passi
530 993 614 1023 sunt?
628 993 700 1030 Quia
713 993 793 1033 longe
807 993 924 1033 graviori
939 1004 981 1023 re—

233 1047 375 1070 servantur
386 1040 532 1080 supplicio.
544 1039 609 1069 Ideo
622 1050 738 1078 namque
751 1040 824 1069 Deus
837 1046 980 1079 postquam

235 1085 262 1115 id
284 1086 365 1115 semel
389 1086 466 1122 fecit,
489 1086 608 1122 destitit,
628 1093 658 1116 ut
682 1086 730 1124 qui
751 1085 816 1115 talia
838 1085 978 1121 auderent,

233 1132 337 1162 etiamsi
358 1132 404 1162 hic
423 1144 516 1173 poenns
536 1143 589 1162 non
611 1131 722 1168 darent,
737 1139 809 1162 certo
831 1131 929 1162 scirent
952 1142 981 1161 se

233 1189 380 1217 numquam
389 1179 549 1218 effugiturus
558 1189 624 1208 esse.
633 1178 778 1215 Quomodo
787 1177 859 1207 enim
869 1187 981 1207 consen-

233 1232 340 1255 taneum
354 1225 450 1255 rationi
463 1225 553 1260 fuerit,
570 1231 630 1254 ante
642 1225 755 1264 gratiam
768 1231 794 1254 et
806 1231 867 1254 ante
880 1224 977 1264 legem,

233 1281 278 1300 eos
292 1271 340 1310 qui
353 1282 439 1310 neque
453 1272 597 1311 prophetas
606 1294 614 1307 ,
626 1281 711 1309 neque
724 1271 810 1300 alium
823 1272 978 1311 quempiam

232 1316 410 1354 audivissent,
418 1328 468 1357 pro
475 1317 600 1347 admissis
609 1316 723 1357 peccatis
731 1316 794 1346 talia
805 1327 894 1357 passos
904 1328 976 1355 esse3

232 1373 276 1391 eos
287 1370 374 1392 autem
385 1363 432 1402 qui
446 1370 505 1403 post
516 1363 578 1392 illos
588 1369 687 1392 tantam
700 1362 897 1402 providentiam
908 1364 978 1393 nacti

232 1416 305 1444 sunt,
319 1421 404 1449 neque
417 1410 542 1450 exemplo
556 1409 774 1449 temperantiores
784 1417 937 1447 evaserunt,
949 1410 976 1439 id

231 1456 304 1495 quod
318 1464 455 1497 peccatum
467 1456 556 1486 reddit
569 1456 647 1496 longe
661 1456 782 1495 graviu5‚
792 1466 899 1496 poenam
913 1457 978 1497 ipsis

231 1502 390 1532 destinatam
399 1503 535 1542 effugere?
547 1503 604 1532 Cur
613 1512 677 1541 ergo
686 1502 814 1531 hactenus
824 1513 915 1542 poenas
925 1513 978 1532 non

231 1548 388 1579 dederunt?
409 1551 448 1579 Ut
460 1549 563 1579 ediscas
582 1549 645 1578 illos
664 1548 743 1587 longe
761 1548 878 1588 graviori
895 1560 978 1579 reser-

232 1594 290 1624 vari
302 1595 444 1635 supplicio.

274 1730 322 1759 10.
345 1728 427 1766 Quod
439 1728 510 1758 enim
525 1728 628 1768 possint
638 1728 768 1758 atrociora
782 1727 881 1766 infligi,
894 1739 976 1768 quam

233 1775 390 1812 Sodomitis,
404 1775 470 1805 audi
493 1775 633 1806 Christum
653 1774 786 1805 dicentem
803 1786 809 1803 :
830 1774 979 1804 Tolerabi-

233 1823 290 1852 lius
308 1823 362 1852 erit
385 1828 468 1851 terne
488 1821 682 1850 Sodomorum
702 1826 731 1850 et
758 1821 928 1851 Gomorrhoe
946 1823 978 1850 in

230 1869 278 1897 die
285 1869 404 1907 judicii,
417 1878 506 1907 quam
526 1868 640 1898 civitati
652 1867 732 1896 huic.
746 1867 787 1896 Ita
805 1873 835 1895 ut
848 1866 934 1896 >etiam
954 1868 978 1897 si

229 1925 288 1953 quae
302 1914 353 1943 hoc
364 1921 459 1943 ornatu
471 1913 575 1952 fulgent
586 1912 712 1942 mulieres
723 1922 776 1942 non
789 1913 864 1952 paria
878 1913 978 1952 patian-

228 1966 273 1990 tur
295 1960 340 1995 iis,
351 1969 411 1998 quae
425 1966 489 1988 tunc
501 1958 681 1993 ornabantur,
697 1968 730 1988 ne
744 1958 890 1988 confidant.
907 1961 975 1990 Nam

228 2006 367 2036 tolerantia
380 2005 560 2046 patientiaque
573 2005 724 2044 graviorem
742 2006 893 2036 accumulat
907 2006 976 2046 ignis

227 2053 373 2089 fornacem,
386 2052 568 2091 majoremque
579 2050 715 2080 flammam
727 2050 820 2080 efficit.
833 2053 891 2082 Hoc
905 2055 975 2082 Ana-

227 2098 278 2126 niae
290 2105 317 2127 et
330 2097 470 2137 Sapphirae
484 2097 606 2137 contigit.
622 2098 689 2126 Nam
704 2097 747 2126 illi
761 2097 788 2126 in
801 2098 934 2139 principio
948 2107 975 2129 et

226 2144 339 2174 exordio
352 2143 560 2183 praedicafionss,
572 2154 634 2173 cum
645 2154 678 2172 ex
689 2144 811 2183 pecuniis
825 2144 879 2174 illis
890 2145 973 2184 quid-

226 2190 300 2230 piam
310 2190 434 2219 suffurati
447 2196 544 2225 essent,
555 2190 692 2219 confestim
705 2190 811 2230 abrepti
824 2198 899 2228 sunt;
914 2199 974 2229 post

226 2237 288 2266 illos
299 2243 388 2266 autem
397 2236 476 2265 multi
489 2236 535 2275 qui
546 2236 611 2265 talia
622 2236 694 2265 aussi
704 2236 820 2274 fuerant,
829 2237 900 2266 nihil
911 2249 972 2278 per—

581 143 609 165 S.
641 140 782 164 JOANMS
808 139 988 164 CHRYSOST.
1018 140 1173 165 ARctuEP.
1203 142 1476 167 CONSTANTINOP-

1038 206 1152 243 πισμοῢ·
1172 206 1195 234 εἷ
1208 204 1294 234 τοίνυν
1308 206 1434 235 Ἰουδαῖαι
1446 209 1568 245 γυναῖκες
1590 206 1808 245 κεκαλλωπισμέ-
1834 234 1835 237 ,

1039 260 1082 278 ναι
1095 250 1227 287 τοσαύτην
1246 251 1389 290 ὑπέμειναν
1410 250 1557 292 τιμωρίαν,
1574 254 1623 288 τῆς
1642 252 1768 292 πατρίδος
1781 254 1811 282 ἐκ

1039 295 1142 335 βάθρων
1155 297 1384 334 ἀνασπασθείσης,
1398 297 1444 327 καὶ
1467 298 1536 337 μετὰ
1557 297 1606 334 τὴν
1626 298 1727 335 πολλὴν
1746 310 1809 338 τρυ-

1037 340 1089 381 φὴν
1110 343 1200 372 δοῦλαι
1221 343 1268 372 καὶ
1292 343 1458 383 αἰχμάλωτοι
1482 343 1527 373 καὶ
1543 344 1676 378 ,ἀπόλιδες
1700 346 1737 379 εἷς
1760 343 1809 380 τὴν

1037 387 1176 428 ἀλλοτρίαν
1190 390 1376 429 ἄπενεχθεῖσαι
1391 388 1499 429 χώραν,
1514 389 1560 420 καὶ
1572 391 1643 430 λιμῷ
1661 389 1707 419 καὶ
1724 391 1809 430 λοιμῷ

1037 431 1081 461 καὶ
1094 433 1214 468 θανάτοις
1223 436 1412 474 παραδοθεῖσαι
1429 435 1531 475 μυρίοις
1540 448 1546 454 ·
1560 437 1617 469 πῶς
1630 437 1678 465 οὒκ
1691 436 1810 471 εὔδηλον,

1036 477 1076 508 ὅτι
1094 480 1268 521 χαλιπώτερα
1281 484 1359 521 ἡμεῖς
1379 481 1526 521 πεισόμεθα
1547 486 1602 515 τοῖς
1627 483 1715 515 αὐτοῖς
1733 494 1808 521 περι-

1036 523 1190 562 πίπτοντες,
1205 526 1310 567 ’Ὠσπερ
1323 527 1375 567 γὰρ
1398 528 1424 556 αἱ
1438 527 1514 566 τιμαὶ
1537 527 1639 566 μείζους
1650 549 1658 562 ,
1677 527 1747 569 οὕτω
1763 527 1808 558 καὶ

1036 571 1064 599 αἱ
1075 571 1199 612 τιμωρίαι
1211 573 1362 613 βαρύτεραι.
1375 575 1406 603 Εἰ
1421 573 1449 604 δὲ
1462 573 1500 613 μή
1514 586 1554 607 τις
1565 573 1668 604 οὐδέπω
1681 575 1712 604 τὸ
1724 577 1809 604 τοιοῦ-

1034 627 1078 646 τον
1090 616 1169 647 ἔπαθε
1181 619 1246 658 γυνὴ
1262 620 1502 659 καλλωπισαμένη,
1523 619 1560 658 μὴ
1579 620 1718 661 θαρρείτω.
1728 620 1808 654 Ἔθος

1034 661 1085 703 γὰρ
1103 665 1141 704 τῷ
1155 665 1218 705 Θεῷ
1238 668 1331 702 τοῦτο,
1353 665 1400 700 τὰς
1422 665 1552 707 τιμωρίας
1575 665 1670 707 ὁρίζειν
1685 668 1726 707 ἐφ’
1752 667 1807 700 ἑνὸς

1034 709 1080 739 καὶ
1093 710 1228 751 δευτέρου,
1247 712 1292 742 καὶ
1307 713 1340 741 δι’
1356 712 1463 743 ἐκείνων
1477 715 1627 752 νομοθετεῖν
1641 717 1695 747 τοῖς
1706 716 1807 747 λοιποῖς

1035 757 1119 786 ἅπασι
1132 756 1165 788 τὰ
1186 759 1392 798 καταληψόμενα
1413 758 1507 792 αὐτοὺς
1527 758 1607 788 δεινά.
1632 758 1694 788 Ἵνα
1717 760 1744 789 δὲ
1761 759 1806 789 καὶ

1034 802 1190 844 σαφέστερον
1204 803 1219 834 ὃ
1235 803 1305 844 λέγω
1324 804 1446 840 ποιήσω,
1461 804 1580 844 ἥμαρτον
1601 804 1734 844 ἁμαρτίαν
1753 817 1804 845 χα-

1033 849 1117 885 λεπὴν
1137 851 1161 880 οἱ
1174 849 1208 879 τὰ
1227 850 1335 890 Σόδομα
1358 850 1488 884 οἰκοῦντές
1511 862 1592 887 ποτε,
1615 850 1708 880 ἔδοσαν
1729 851 1806 888 δίκην

1033 895 1080 931 τὴν
1095 895 1208 936 ἐσχάτην
1217 917 1226 932 ,
1238 898 1290 926 τῶν
1311 898 1437 933 σκηπτῶν
1458 895 1565 926 ἐκείνων
1580 896 1805 936 κατενεχθέντων,

1032 941 1078 971 καὶ
1091 943 1144 971 τῶν
1153 941 1254 972 πόλεων
1263 964 1271 979 ,
1285 942 1330 972 καὶ
1350 945 1403 972 τῶν
1418 943 1510 981 δήμων
1524 942 1570 972 καὶ
1593 944 1641 978 τῆς
1654 944 1704 982 γῆς
1717 944 1805 976 αὐτοῖς

1000 994 1019 1018 C
1032 987 1152 1027 σώμασιν
1163 989 1364 1029 ἓμπρησθέντων
1380 989 1517 1019 ἁπάντων.
1532 989 1567 1019 Τί
1578 985 1636 1026 οῧν;
1648 990 1733 1023 οὐδεὶς
1744 993 1802 1030 μετ’

1031 1033 1144 1068 ἐκείνως
1155 1033 1189 1064 τὰ
1201 1035 1305 1067 ἐκείνων
1327 1035 1476 1075 ἐτόλμησες
1496 1036 1598 1065 Πολλοὶ
1614 1035 1663 1075 μὲν
1682 1031 1726 1065 οὖν
1736 1057 1743 1070 ,
1757 1037 1802 1065 καὶ

1031 1082 1167 1122 πολλαχοῦ
1187 1082 1235 1117 τῆς
1246 1081 1410 1121 οἰκουμένης.
1429 1083 1493 1115 Πῶς
1517 1077 1561 1111 οὖν
1587 1081 1663 1111 οὐδὲν
1686 1084 1802 1112 τοιοῦτον

1031 1126 1145 1164 ἔπαθον;
1158 1126 1222 1159 Ὅτι
1235 1127 1311 1168 ἑτέρα
1323 1128 1499 1168 χαλεπωτέρᾳ
1518 1130 1660 1168 τηροῦνται
1673 1128 1798 1169 τιμωρίᾳ.

1031 1173 1083 1203 Διὰ
1105 1173 1156 1214 γὰρ
1177 1177 1254 1207 τῶτο
1273 1174 1344 1209 ἅπαξ
1357 1175 1422 1204 αὐτὸ
1443 1174 1556 1210 ποιήσας
1570 1177 1584 1204 ὁ
1598 1174 1666 1208 Θεὸς
1679 1174 1783 1211 ἀπέστη
1794 1198 1802 1211 ,

1030 1219 1074 1250 ἵνα
1087 1221 1112 1249 οἱ
1129 1219 1164 1250 τὰ
1187 1220 1254 1251 αὐτὰ
1276 1222 1441 1260 τολμῶντες,
1464 1220 1513 1250 κᾶν
1533 1220 1571 1259 μὴ
1595 1221 1674 1250 δῶσιν
1688 1222 1800 1251 ἐνταῦθα

1031 1267 1116 1302 δίκην,
1130 1266 1225 1300 εἰδότες
1236 1261 1286 1297 ὦσι
1297 1269 1399 1308 σαφῶς,
1412 1266 1454 1296 ὅτι
1467 1267 1591 1296 οὐδέποτε
1605 1266 1798 1307 διαφεύξονται.

1030 1314 1095 1346 Πῶς
1108 1312 1159 1353 γὰρ
1174 1313 1204 1354 ἣν
1217 1313 1275 1354 ὄχοι
1292 1313 1386 1353 λόγον,
1408 1313 1460 1353 πρὸ
1481 1313 1529 1352 μὲν
1555 1315 1602 1348 τ’ῆς
1624 1313 1733 1353 χάριτος
1753 1314 1799 1342 καὶ

1030 1361 1076 1388 τοῦ
1090 1358 1187 1398 νόμου,
1207 1359 1251 1391 καὶ
1273 1359 1340 1399 μήτε
1360 1361 1519 1399 προφητῶν,
1543 1359 1610 1396 μήτε
1630 1358 1710 1388 ἄλλου
1730 1359 1800 1392 τινὸς

1032 1405 1187 1442 ἀκηκοότας,
1197 1404 1360 1446 ἅμαρτόντας
1373 1409 1481 1436 τοιαῦτα
1499 1408 1592 1435 παθεῖν
1602 1427 1610 1441 ,
1627 1405 1688 1438 τοὺς
1702 1405 1730 1435 δὲ
1741 1407 1799 1444 μετ’

1031 1451 1145 1486 ἐκείνως
1156 1451 1283 1488 τοσαύτης
1293 1451 1494 1494 ἀπολαύσαντας
1507 1451 1643 1492 προνοίας,
1663 1451 1709 1481 καὶ
1730 1451 1798 1490 μηδὲ

996 1504 1016 1527 1>
1031 1499 1069 1538 τῷ
1102 1498 1296 1539 παραδείγματι
1329 1497 1482 1538 γενομένους
1517 1497 1758 1538 σωφρονεστέρους,
1785 1497 1800 1527 ἃ

1030 1545 1122 1584 πολλῷ
1141 1543 1332 1585 χαλιταιπάτην
1344 1548 1414 1574 ποιεῖ
1431 1543 1480 1580 τὴν
1495 1543 1626 1583 ἁμαρτίαν
1635 1566 1643 1580 ,
1664 1545 1798 1584 διαφυγεῖν

1031 1589 1080 1626 τὴν
1093 1590 1138 1620 ἐπὶ
1155 1592 1232 1621 τοῦτο
1251 1590 1372 1629 κειμένην
1397 1590 1487 1627 δίκην;
1502 1591 1565 1623 Πῶς
1587 1585 1630 1618 οὖν
1646 1592 1693 1620 οὐκ
1706 1589 1799 1620 ἔδοσαν

1031 1637 1134 1667 οὐδέπω
1153 1636 1198 1669 καὶ
1210 1635 1337 1677 σήμερονς
1351 1635 1410 1666 Ἵνα
1430 1636 1516 1675 μάθῃς
1530 1636 1570 1666 ὅτι
1590 1637 1658 1666 πολὺ
1671 1637 1797 1676 χαλεπω-

1031 1683 1096 1724 τέρα
1106 1685 1244 1724 τηροῦνται
1254 1682 1378 1722 τιμωρίᾳ.

1072 1729 1135 1760 Ὅτι
1148 1728 1199 1770 γάρ
1209 1730 1264 1762 ἐστι
1275 1727 1451 1769 χαλεπώτερα
1464 1729 1589 1768 Σοδόμων
1600 1731 1702 1765 παθεῖν,
1717 1729 1797 1759 ἄκου-

1032 1788 1077 1806 σον
1099 1779 1146 1806 τοῦ
1168 1777 1282 1815 Χριστοῦ
1305 1775 1441 1814 λέγοντος·
1463 1774 1642 1814 ’Λνεκτότερον
1667 1775 1742 1804 ἔσται
1761 1776 1797 1814 γῇ

1031 1821 1157 1861 Σοδόμων
1169 1821 1214 1852 καὶ
1225 1820 1360 1862 Γομόρῤας
1373 1821 1400 1850 ἐν
1414 1819 1502 1860 ἡμέρα
1515 1820 1636 1860 κρίσεως,
1648 1820 1666 1855 ἢ
1677 1822 1710 1860 τῇ
1721 1820 1798 1849 πόλει

1030 1868 1124 1908 ταύτῃ.
1146 1867 1227 1899 Ὥστε
1247 1867 1296 1898 κᾶν
1318 1866 1546 1905 καλλωπιζόμεναι
1561 1869 1605 1895 νῦν
1625 1870 1746 1904 γυναῖκες
1760 1865 1798 1904 μὴ

1030 1915 1166 1951 πάθωσιν,
1179 1913 1246 1954 ὅπερ
1258 1913 1353 1943 ἔπαθον
1367 1914 1395 1942 αἱ
1417 1912 1476 1942 τότε
1500 1912 1743 1951 καλλωπιζόμεναι,
1759 1911 1797 1951 μὴ

995 1967 1014 1990 E
1030 1961 1216 2002 θαῤῥείτωσαν.
1228 1959 1263 1990 Ἢ
1279 1959 1331 1999 γὰρ
1351 1959 1434 1998 ἀνοχὴ
1456 1958 1522 1994 αὐτὴ
1539 1959 1584 1988 καὶ
1597 1961 1615 1994 ἡ
1630 1958 1798 1998 μακροΟυμία

1029 2006 1216 2048 χαλεπωτέραν
1235 2005 1344 2046 σωρεύει
1366 2008 1412 2034 τοῦ
1434 2005 1515 2045 πυρὸς
1535 2005 1583 2041 τὴν
1604 2005 1733 2044 κάμινον,
1753 2003 1798 2034 καὶ

1030 2053 1136 2093 μείζονα
1147 2052 1196 2089 τὴν
1214 2052 1297 2093 φλόγα
1318 2050 1466 2091 ἐργάζεται.
1488 2052 1575 2081 Τοῦτο
1598 2051 1643 2080 καὶ
1665 2050 1710 2079 ἐπὶ
1723 2051 1797 2079 Ἀνα-

1027 2100 1081 2130 νίου
1095 2099 1140 2129 καὶ
1155 2097 1305 2139 Σαπφιίρας
1319 2099 1419 2137 γέγονε.
1435 2098 1487 2127 Καὶ
1501 2097 1552 2137 γὰρ
1567 2099 1661 2127 ἐκεῖνοι
1683 2098 1711 2126 ἓν
1726 2098 1798 2136 ἀρχῇ

1027 2146 1072 2176 καὶ
1085 2145 1214 2187 προοιμίῳ
1232 2147 1277 2175 τοῦ
1298 2145 1467 2183 κηρύγματος
1487 2144 1643 2184 ὑφελόμενοι
1661 2145 1713 2172 τῶν
1727 2154 1796 2182 χρη·

1028 2193 1119 2232 μάτων
1132 2191 1246 2226 ἐκείνων,
1258 2190 1350 2231 ἀθρόον
1366 2190 1583 2230 ἆνηρπάσθησαν,
1598 2189 1667 2228 μετὰ
1685 2189 1712 2218 δὲ
1727 2189 1796 2218 ἐκεί-

1025 2251 1083 2273 νους
1091 2238 1184 2268 πολλοὶ
1194 2240 1303 2267 τοιαῦτα
1318 2236 1508 2275 τολμήσαντες,
1525 2236 1597 2265 οὐδὲν
1617 2236 1723 2265 ἔπαθον.
1734 2236 1798 2268 Πῶς

224 2283 296 2323 pessi
310 2290 383 2313 sunt.
396 2282 452 2320 Qui
465 2283 548 2323 igitur
570 2282 667 2312 rationi
689 2290 893 2314 consentaneum
915 2296 972 2315 esse
987 2303 1012 2323 47
1025 2281 1069 2315 οὖν
1092 2285 1124 2315 ἂν
1136 2284 1193 2325 ἔχοι
1205 2283 1299 2323 λόγον,
1321 2282 1364 2312 τὸν
1387 2283 1488 2312 δίκαιον
1507 2282 1600 2322 κριτὴν
1614 2282 1660 2311 καὶ
1674 2286 1742 2311 πᾶσι
1763 2281 1798 2310 τὰ

224 2330 318 2370 possit,
331 2329 435 2369 justum
447 2328 579 2368 judicent,
592 2329 639 2367 qui
652 2328 728 2368 paria
741 2330 867 2360 omnibus
878 2331 970 2360 distri·
989 2332 1010 2354 A
1026 2331 1070 2361 ἴσα
1083 2331 1204 2370 νέμοντα,
1215 2329 1275 2362 τοὺς
1291 2329 1337 2368 μὲν
1354 2325 1439 2364 -ἧττον
1459 2328 1650 2369 ἡμαρτηκότας
1663 2328 1775 2359 κολάσαι
1786 2350 1794 2364 2

222 2377 294 2411 buit,
306 2387 351 2406 eos
359 2376 407 2415 qui
418 2375 508 2405 minus
520 2375 689 2415 peccaverint
699 2375 791 2405 ulcisci
803 2387 810 2412 ;
826 2387 870 2406 eos
882 2385 969 2407 autem

223 2423 272 2462 qui
285 2422 409 2463 graviora
433 2421 564 2450 admisere
586 2421 686 2450 scelera
708 2420 863 2451 dimittere?
876 2425 969 2453 Annon

224 2469 312 2508 palam
326 2475 382 2503 est,
397 2467 462 2508 quia
475 2466 548 2497 diem
562 2466 672 2503 statuit,
689 2467 716 2496 in
731 2477 782 2505 qua
798 2467 969 2507 judicaturus

224 2521 262 2544 est
273 2515 377 2550 orbem,
392 2514 452 2543 ideo
463 2512 628 2553 supplicium
640 2512 762 2549 differre,
773 2521 802 2543 ut
813 2522 859 2544 aut
869 2515 969 2555 patien-

224 2561 259 2590 tia
273 2562 331 2601 ejus
347 2560 468 2590 meliores
482 2558 629 2590 reddantur
638 2570 647 2597 3
660 2566 707 2589 aut
719 2560 742 2590 si
757 2560 784 2589 in
797 2560 892 2591 iisdem
907 2573 967 2602 per-

1025 2377 1084 2411 τοὺς
1098 2377 1125 2407 δὲ
1143 2375 1318 2417 χαλεπώτερα
1331 2375 1491 2410 ποιήσαντας
1504 2376 1624 2415 ἀφεῖναι,
1637 2375 1696 2404 Οὐκ
1714 2373 1795 2409 εὔδη-

1023 2425 1068 2453 λον
1079 2446 1088 2459 ,
1106 2423 1147 2453 ὅτι
1160 2421 1249 2459 ἐπειδὴ
1264 2420 1373 2456 ἔστησεν
1386 2420 1504 2461 ἡμέραν,
1519 2422 1546 2450 ἐν
1559 2417 1578 2460 ᾗ
1593 2420 1684 2459 μέλλει
1697 2418 1794 2459 κρίνειν

1022 2469 1073 2506 τὴν
1085 2467 1253 2508 οἰκουμένην,
1267 2466 1310 2496 διὰ
1322 2469 1399 2495 τοῦτο
1413 2466 1572 2496 ἀνεὸάλλετο
1585 2466 1634 2503 τὴν
1646 2464 1775 2505 τιμωρίαν
1786 2488 1794 2500 ,

1022 2516 1065 2545 ἵνα
1084 2515 1102 2551 ἢ
1124 2517 1156 2554 τῇ
1172 2512 1338 2553 μακροθυμίᾳ
1356 2512 1481 2551 γένωνται
1497 2512 1631 2552 βελτίους,
1645 2511 1663 2547 ἢ
1677 2515 1731 2544 τοῖς
1745 2512 1795 2540 αὒ-

1022 2566 1076 2596 τοῖς
1087 2560 1253 2600 ἐπιμένοντες
1265 2559 1439 2599 χαλεπώτερα
1452 2558 1576 2590 πάθωσιν
1585 2571 1593 2596 ;
1603 2558 1692 2588 ‘'Otow
1708 2556 1794 2587 τοίνυν
