1890 2826
555 158 590 181 IN
617 158 734 191 tumn,
764 158 834 181 vml
860 157 1034 190 hommum,
1065 158 1185 181 nomm.
1216 158 1265 181 111.

129 232 229 261 γματος
240 220 288 257 τὴν
307 219 383 260 ἰσχὺν
397 214 486 249 ουσαν.
501 218 548 249 Ἂν
565 218 616 258 γὰρ
629 218 739 258 γένηταί
751 230 791 252 τις
806 219 894 258 ἆμαρ-

128 266 220 302 τωλὸς,
230 265 319 306 φησὶν,
333 260 389 294 εἶτα
402 264 615 304 μεταὸαλόμενος
628 264 736 303 γένηται
747 264 896 298 δίκαιος,οὖ

128 311 166 350 μὴ
180 313 332 350 μνησθῶσιν
342 310 371 339 αἱ
383 309 537 350 ἁμαρτίαιθ
543 311 643 339 αὐτοῦ·
657 310 685 339 ἐν
698 312 732 350 τῇ
744 309 895 349 δικαιοσύνῃ

127 358 207 387 αὐτοῦ
217 356 337 393 ζήσεται.
350 355 434 396 Ὁρᾷς
451 356 496 387 καὶ
510 357 622 386 ἐνταῦθα
633 355 736 392 πολλὴν
749 359 795 385 τοῦ
806 355 897 389 τέλους

127 397 206 433 αὖτῧν
220 401 376 442 ποιούμενον
395 401 530 443 πρόνοιαν.
546 401 604 431 Ἵνα
623 401 674 442 γὰρ
690 401 758 440 μήτε
772 404 786 431 ὁ
798 402 897 435 δίκαιος

125 451 160 489 τῇ
174 447 324 488 δικαιοσύνῃ
338 449 416 477 αὐτοῦ
428 449 541 488 θαῤῥῶν,
558 449 595 480 εἷς
611 445 740 487 ῥᾳθυμίαν
755 447 896 480 ἀποκλίνας

126 493 260 531 ἀπόληται
269 515 278 530 ,
291 493 367 534 φοὸεῖ
378 493 422 522 διὰ
434 496 480 522 τοῦ
493 492 584 526 τέλους
598 492 676 522 αὐτόν
685 504 691 510 ·
706 492 774 531 μήτε
784 495 798 522 ὁ
810 492 897 532 ἆμαρ-

126 538 208 572 τωλὸς
227 538 355 578 ἀπογνοὺς
374 538 418 568 ἐπὶ
441 542 495 571 τοῖς
517 537 736 579 παραπτώμασι,
750 537 817 577 μένῃ
839 538 896 566 δια-

126 585 224 618 παντὸς
236 586 264 614 ἐν
276 586 315 625 τῷ
328 584 473 623 πτώματι,
488 584 612 622 ἀνίστησι
626 584 669 614 διὰ
682 587 728 614 τοῦ
747 585 837 617 τέλους
850 585 897 613 αὖ·

126 629 330 670 τόν.”Ημαρτες
343 630 446 667 πολλὰ,
465 630 555 671 φησὶν,
579 630 648 660 ἀλλὰ
669 629 708 669 μὴ
731 629 896 668 ἀπελπίσῃς·

125 675 183 707 ἔστι
203 676 254 716 γὰρ
275 676 414 712 ἐπάνοδος,
429 676 492 706 ᾱέὰν
514 676 630 706 ἐναντίον
648 678 695 712 τῆς
715 677 800 716 ἀρχῆς
812 675 896 714 δείξῃς

126 723 157 753 τὸ
166 723 248 757 τέλος.
260 722 347 753 Πάλιν
357 724 422 764 πρὸς
433 723 478 753 τὸν
488 723 600 760 δίκαιον,
611 722 787 763 κατώρθωας
800 722 896 760 πολλὰ,

126 768 215 810 φησὶν,
229 768 298 798 ἀλλὰ
312 768 349 808 μὴ
363 769 498 809 θαρσήσῃς
507 781 514 787 ·
527 768 667 807 συμὸαίνει
678 768 729 807 γὰρ
740 768 785 797 καὶ
796 772 895 806 πεσεῖν,

126 814 159 844 ἂν
172 814 211 853 μὴ
227 814 271 844 διὰ
292 813 367 848 τέλος
379 814 428 850 τὴν
442 814 502 851 ἴσην
516 815 580 855 ἔχῃς
599 814 727 850 σπουδήν.
744 809 820 847 Εἶδες
839 816 896 847 πῶς

125 862 172 890 τοῦ
187 860 235 900 μὲν
249 859 298 897 τὴν
315 860 453 900 ῥᾳθυμίαν,
462 863 508 890 τοῦ
523 861 550 890 δὲ
562 859 610 896 τὴν
622 859 770 899 ἀπόγνωσιν
780 861 896 897 ἀνεῖλεν;

164 1048 279 1084 Οὖδινὸς
291 1050 390 1081 τούτων
403 1050 516 1086 ἤκουσεν
528 1049 620 1084 Ὀζίας
632 1061 638 1068 ·
654 1050 694 1079 διὸ
705 1049 750 1079 καὶ
762 1048 896 1088 θαρσήσας

125 1095 257 1126 κατέπεσε,
269 1099 369 1135 πτῶμα
381 1096 498 1136 χαλεπὸν
509 1095 556 1124 καὶ
570 1095 684 1125 ἀνίατον.
698 1094 768 1124 Οὐδὲ
781 1094 832 1134 γὰρ
843 1099 896 1123 πᾶν

125 1143 226 1180 πτῶμα
245 1142 301 1171 ἴσον
315 1145 380 1181 ἡμῖν
394 1141 532 1182 ἐργάζεται
554 1141 586 1170 τὸ
605 1143 728 1181 τραῦμα,
753 1140 822 1170 ἀλλὰ
843 1141 895 1169 τῶν

126 1187 263 1227 ἁμαρτιῶν
278 1187 312 1217 τὰ
325 1187 374 1227 μὲν
390 1188 442 1217 ὑπὸ
456 1187 621 1226 κατάγνωσιν
644 1191 730 1216 κεῖται
752 1186 830 1225 μόνον
840 1208 848 1223 ,
862 1185 896 1214 τὰ

126 1232 155 1263 δὲ
180 1233 374 1273 χαλιποπάτην
398 1233 505 1273 δέχεται
529 1233 668 1273 τιμωρίαν.
683 1234 748 1265 Τοῖς
770 1235 832 1270 γοῦν
847 1232 895 1260 οὐκ

125 1279 283 1318 ἀναμένουσι
300 1279 360 1312 τοὺς
383 1279 509 1319 ἀδελφοὺς
529 1280 556 1308 ἐν
570 1283 625 1312 τοῖς
637 1282 733 1311 κοινοῖς
756 1278 868 1310 δείπνοις
880 1279 894 1306 ὁ

124 1325 231 1359 Παῦλος
244 1326 388 1364 ἐπιτιμῶν,
403 1324 485 1363 οὕτως
497 1325 572 1364 ἔλεγε
582 1337 589 1343 ·
602 1326 689 1354 Τοῦτο
701 1323 728 1353 δὲ
742 1323 893 1363 παραγγέλ-

123 1372 177 1401 λων
191 1371 239 1401 οὗκ
251 1372 361 1400 tuma.
370 1370 453 1411 Ὁρᾷς
466 1374 479 1387 ⁶
489 1370 570 1411 μέχρι
581 1369 771 1410 καταγνώσεως
784 1369 893 1408 ἱστάμε-

124 1428 166 1447 νον
180 1417 211 1446 τὸ
225 1417 372 1458 ἁμάρτημα
381 1440 390 1455 ,
403 1417 449 1447 καὶ
461 1417 541 1458 ψόγον
553 1417 614 1457 ἔχον
627 1416 657 1446 τὸ
666 1415 808 1455 ἐπιτίμιον.
823 1417 892 1445 Ἀλλ’

123 1464 184 1503 οὐχ,
196 1462 258 1493 ὅταν
270 1463 331 1503 περὶ
341 1463 462 1503 πορνείας
474 1463 637 1502 διαλέγηται,
649 1462 717 1492 οὕτω
727 1466 806 1492 ποιεῖ.
815 1461 895 1492 Ἀλλὰ

123 1510 196 1543 τῶς·
189 1531 197 1545 ,
212 1508 249 1539 Εἴ
257 1521 298 1543 τις
308 1509 352 1540 τὸν
367 1509 428 1539 ναὸν
440 1513 486 1539 τοῦ
499 1510 570 1539 Θεοῦ
582 1511 670 1549 φθερεῖ
678 1530 686 1545 ,
699 1511 788 1548 φθερεῖ
803 1511 895 1537 τοῦτον

122 1556 138 1584 ὁ
148 1554 227 1588 Θεός.
242 1555 374 1585 Ἐνταῦθα
385 1554 437 1596 γὰρ
451 1556 500 1585 οὔκ
512 1555 568 1584 ἔστι
579 1554 677 1612 ψόγος
667 1577 675 1591 ,
689 1554 749 1583 οὐδὲ
760 1554 895 1592 κατάγνω-

124 1611 178 1636 σις,
197 1601 255 1629 ἀλλ’
269 1602 287 1636 ἡ
299 1600 478 1641 χαλεπωτατη
495 1600 620 1640 τιμωρία.
640 1595 704 1630 Οιδε
719 1600 765 1629 καὶ
776 1602 790 1629 ὁ
804 1601 892 1630 Σολο-

125 1647 182 1684 μῶν
204 1645 402 1686 ἁμαρτημάτων
421 1646 563 1686 διαφοράς·
580 1645 630 1682 τὴν
649 1649 711 1685 γοῦν
737 1644 839 1681 κλοπὴν
859 1648 892 1685 τῇ

126 1690 231 1731 μοιχεία
255 1691 408 1731 συγκρίνων,
432 1691 529 1721 οὑτωσί
549 1691 604 1725 πώς
623 1702 717 1730 φησιν·
733 1692 773 1721 Οὔ
792 1694 893 1730 θαυμα-

124 1736 200 1773 στὸν,
214 1736 259 1765 ἐὰν
273 1737 330 1776 ἁλῷ
346 1748 387 1770 τις
405 1736 526 1766 κλέπτων
539 1748 545 1755 ·
561 1736 670 1766 κλέπτει
687 1737 738 1776 γὰρ
749 1759 758 1774 ,
780 1736 824 1766 ἵνα
846 1738 893 1775 ἐμ-

123 1782 214 1821 πλήσῃ
233 1781 320 1822 ψυχὴν
340 1783 420 1812 αὐτοῦ
438 1784 587 1812 πεινῶσαν·
610 1785 624 1812 ὁ
646 1782 674 1812 δὲ
692 1783 787 1822 μοιχὸς
802 1783 835 1811 δι’
850 1781 894 1812 ἔν-

123 1829 195 1858 δειαν
208 1829 308 1868 φρενῶν
320 1827 454 1858 ἀπώλειαν
465 1831 498 1869 τῇ
513 1830 605 1858 ἑαυτοῦ
620 1830 694 1869 ψυχῇ
707 1833 893 1868 περιποιεῖται.

122 1873 282 1914 Ἁμάρντημα
299 1873 345 1904 καὶ
359 1876 438 1903 τοῦτο
461 1876 581 1911 κάκεῖνο,
596 1874 687 1915 φησὶν,
709 1874 776 1904 ἀλλὰ
792 1874 822 1904 τὸ
844 1874 893 1914 μὲν

122 1920 246 1957 ἔλαττον,
259 1920 289 1950 τὸ
309 1920 337 1950 δὲ
348 1922 436 1959 μεῖζον
446 1932 452 1939 ·
466 1923 486 1952 ὃ,
495 1920 543 1960 μὲν
555 1920 567 1938 ¹
576 1921 628 1961 γὰρ
646 1920 704 1961 ἔχει
716 1920 766 1957 τὴν
780 1921 832 1950 ἀπὸ
845 1923 892 1957 τῆς

121 1966 212 2000 πενίας
225 1966 366 2007 πρόφασιν,
379 1963 453 2000 οὗτος
468 1967 497 1996 δὲ
521 1967 609 2004 πάσης
626 1966 768 2006 ἀπολογίας
781 1967 893 2007 ἐστέρη-

121 2023 175 2042 ται.
186 2012 266 2042 Ἀλλὰ
278 2012 324 2042 καὶ
335 2008 409 2046 οὗτος
421 2012 488 2053 ἔχει,
505 2014 579 2054 φησὶ,
590 2013 638 2049 τὴν
655 2013 708 2042 ἀπὸ
720 2015 768 2048 τῆς
781 2015 892 2053 φυσικῆς

1628 160 1639 181 1
1650 148 1692 182 53

950 218 996 248 hic
1013 219 1108 248 metuit
1120 219 1155 249 de
1163 219 1322 259 fine.Neque
1331 219 1395 249 hinc
1403 219 1495 257 modo,
1509 230 1605 250 verum
1614 220 1694 250 etiam

950 275 984 294 ex
1008 265 1148 294 contrariis
1169 265 1287 295 declarat
1304 266 1332 295 in
1350 266 1400 295 hac
1419 277 1448 295 re
1468 266 1618 306 plurimum
1638 277 1694 296 esse

950 310 1087 340 momenti.
1102 311 1134 350 Si
1145 313 1209 352 quis
1220 333 1228 347 ,
1252 311 1350 351 inquit,
1361 312 1462 352 suerit
1481 318 1634 351 peccator,
1658 323 1694 343 ae
1704 322 1786 343 Ezech.
1808 320 1845 342 ιδ.

947 362 1049 395 postea
1063 363 1191 387 mutatus
1198 357 1408 398 sactussuerit
1417 359 1526 397 justus,
1543 359 1627 388 nulla
1641 361 1694 389 erit
1704 360 1742 377 ²¹·

950 404 1091 431 memoria
1109 404 1320 443 injustitiarum
1339 403 1438 441 illius,
1459 405 1491 432 in
1507 405 1623 443 justitia
1639 415 1694 435 sua

950 449 1043 477 vivet.
1056 447 1143 479 Vides
1154 448 1233 478 ethic
1243 450 1403 490 prophetam
1412 449 1446 479 de
1454 449 1509 479 fine
1519 450 1692 480 vehementer

950 492 1108 523 sollicitum.
1123 494 1264 533 Siquidem
1276 502 1305 524 ut
1317 506 1406 535 neque
1414 495 1526 536 justitiae
1539 506 1594 525 suae
1608 496 1694 526 confi-

949 538 1016 569 dens
1021 541 1122 580 justus,
1135 540 1170 569 ad
1181 540 1330 571 socordiam
1340 552 1434 571 versus
1445 549 1543 582 pereat,
1555 553 1603 582 per
1613 542 1694 572 finem

950 584 1045 615 incutit
1059 585 1102 615 illi
1117 592 1246 616 terrorem
1262 599 1270 616 z
1286 597 1371 626 neque
1393 594 1517 627 peccator
1540 587 1576 617 ob
1596 587 1695 618 delicta

914 638 932 662 C
949 630 1118 671 despondens
1134 632 1263 669 animum,
1276 632 1379 672 jugiter
1395 639 1547 673 perseveret
1560 633 1588 662 in
1603 633 1693 673 lapsu,

949 676 1029 716 erigit
1040 677 1119 706 illum
1137 688 1185 717 per
1202 678 1371 718 propositum
1385 678 1476 707 finem.
1501 679 1634 716 Peccasti,
1651 680 1695 708 in-

949 722 1019 760 quit,
1034 723 1131 760 multa,
1149 733 1183 752 ne
1194 723 1333 764 desperes:
1342 730 1381 753 est
1391 723 1463 753 enim
1477 723 1549 753 unde
1559 735 1693 764 resurgas,

950 767 973 796 si
989 767 1071 797 finem
1091 768 1169 798 initio
1182 769 1349 799 contrarium
1362 769 1528 799 exhibueris.
1542 771 1648 800 Rursus
1662 770 1697 799 ad

946 815 1068 854 justum,
1084 815 1190 853 Multa,
1211 815 1315 855 inquit,
1339 823 1411 845 reete
1430 815 1530 854 fecisti,
1547 827 1644 846 verum
1663 827 1697 846 ne

950 860 1032 891 fidas:
1047 861 1182 901 continget
1195 862 1268 891 enim
1282 869 1311 891 ut
1324 862 1415 899 cadas,
1429 863 1480 891 nisi
1495 862 1530 892 ad
1547 862 1629 892 finem
1644 873 1695 892 us-

949 917 1003 945 que
1025 906 1146 937 eamdem
1166 907 1295 937 adhibeas
1315 918 1420 937 curam.
1441 907 1528 939 Vides
1542 914 1572 937 ut
1585 908 1696 938 alterius

949 952 1060 992 quidem
1079 954 1229 984 socordiam
1240 976 1248 991 ,
1270 953 1379 984 alterius
1400 964 1465 984 vero
1483 953 1696 994 desperationem

949 998 1101 1028 sustulerit.

990 1045 1019 1073 5.
1046 1044 1124 1073 Nihil
1144 1045 1243 1074 horum
1266 1045 1372 1076 audivit
1396 1044 1493 1082 Ozias,
1511 1044 1625 1084 ideoque
1648 1055 1697 1085 per

950 1090 1139 1120 confidentiam
1156 1091 1258 1121 decidit
1275 1092 1356 1122 ruina
1373 1092 1524 1132 periculosa
1543 1099 1569 1121 et
1587 1092 1697 1121 insana-

949 1137 1011 1167 bili.
1032 1139 1127 1177 Neque
1139 1138 1211 1167 enim
1224 1138 1316 1177 quivis
1328 1138 1420 1178 lapsus
1433 1149 1526 1178 parem
1539 1137 1625 1167 adfert
1635 1137 1694 1166 rui-

949 1193 1029 1221 nam,
1051 1183 1098 1213 sed
1119 1183 1244 1222 quaedam
1263 1191 1370 1224 peccata
1384 1184 1575 1224 improbationi
1592 1191 1696 1214 tantum

913 1242 933 1266 ι)
948 1229 1066 1259 obnoxia
1078 1236 1152 1266 sunt,
1166 1229 1291 1269 quaejdam
1308 1230 1468 1270 gravissimo
1490 1230 1626 1270 supplicio
1639 1241 1694 1270 pu—

947 1275 1070 1305 niuntur.
1079 1275 1196 1305 Proinde
1206 1275 1327 1310 Paulus'
1319 1286 1459 1315 increpans
1470 1286 1514 1305 eos
1524 1275 1572 1314 qui
1583 1275 1610 1304 in
1620 1285 1694 1305 com-

947 1321 1075 1350 munibus
1086 1321 1168 1351 eoenis
1179 1331 1234 1350 non
1244 1321 1432 1368 exspectabant
1442 1322 1547 1358 fratres,
1559 1321 1595 1350 ita
1609 1321 1694 1360 loqui·

947 1373 1010 1396 tur:
1027 1368 1094 1396 Hoc
1107 1367 1284 1397 denuntians
1297 1378 1356 1400 non
1370 1367 1472 1397 laudo.
1488 1366 1576 1405 JVides
1595 1378 1690 1407 pecca·
1705 1376 1725 1393 ¹-
1740 1370 1794 1393 Cor·
1809 1377 1844 1393 ¹¹-

945 1419 1004 1442 tum
1016 1413 1087 1443 intra
1101 1413 1334 1453 reprehensioan
1347 1413 1502 1450 consistere,
1521 1419 1547 1443 et
1560 1413 1604 1453 obj
1609 1423 1692 1453 orgo-³
1705 1410 1741 1433 ¹7·

946 1458 1016 1489 tione
1025 1459 1124 1500 plecti.
1138 1461 1174 1489 At
1187 1459 1236 1489 ubi
1246 1459 1281 1489 de
1294 1459 1469 1489 fornicatione
1482 1459 1620 1498 loquitur,
1636 1470 1690 1489 non

944 1506 1038 1535 itidem
1058 1505 1128 1534 fecit.
1142 1504 1196 1535 Sed
1209 1516 1262 1544 quo
1284 1511 1361 1546 pacto
1374 1505 1388 1534 ?
1409 1505 1441 1535 Si
1465 1507 1531 1545 quis
1553 1505 1692 1545 templum
1705 1523 1725 1538 ι.
1736 1515 1790 1538 cor.
1801 1516 1825 1538 3.

946 1552 1004 1581 Dei
1017 1552 1122 1589 violat,
1133 1551 1234 1591 perdet
1246 1552 1326 1581 hunc
1338 1552 1432 1580 Deus.
1445 1552 1503 1581 Hoc
1516 1561 1569 1580 non
1581 1558 1620 1581 est
1630 1562 1692 1592 pro*
1705 1555 1741 1578 ¹7·

945 1597 1027 1627 brum
1037 1604 1083 1627 aut
1096 1597 1278 1637 reprehensio,
1295 1596 1342 1637 sed
1361 1607 1439 1637 poena
1453 1597 1621 1637 gravissima.
1635 1599 1691 1628 No-

945 1644 986 1675 vit
997 1650 1023 1673 et
1031 1643 1158 1673 Salomon
1168 1650 1337 1683 peccatorum
1347 1643 1515 1680 discrimina,
1526 1644 1574 1683 qui
1587 1644 1691 1673 furtum

946 1700 1009 1719 cum
1036 1688 1170 1718 adulterio
1198 1689 1334 1718 conferens
1362 1689 1402 1718 sic
1423 1689 1526 1718 alicubi
1544 1689 1665 1728 loquitur
1681 1702 1687 1718 :

945 1737 1014 1765 Non
1023 1741 1066 1764 est
1076 1737 1181 1764 mirum
1193 1736 1219 1764 si
1232 1737 1298 1774 quis
1312 1736 1547 1774 deprehendatur
1554 1737 1586 1764 in
1593 1737 1687 1775 furto:
1700 1747 1842 1775 p,„..‚6,30·

911 1790 930 1814 E
938 1781 1064 1822 furatur
1076 1782 1163 1816 enim,
1177 1787 1209 1810 ut
1220 1783 1350 1810 animam
1363 1781 1480 1820 expleat
1493 1783 1667 1811 esurientem
1678 1794 1686 1810 :
1697 1778 1768 1801 -32-

945 1828 997 1859 sed
1006 1828 1133 1865 adulter,
1146 1828 1181 1856 ob
1193 1829 1324 1867 inopiam
1333 1837 1435 1856 sensus
1447 1829 1569 1856 exitium
1580 1829 1689 1857 animoe

945 1885 1006 1904 suoe
1019 1873 1166 1903 conciliat.
1188 1873 1224 1903 Et
1236 1873 1288 1902 hoc
1301 1879 1327 1902 et
1341 1872 1422 1909 illud,
1437 1872 1534 1912 inquit,
1549 1880 1688 1913 peccatum

945 1927 1001 1958 est,
1015 1919 1063 1949 sed
1075 1919 1190 1948 alterum
1210 1918 1316 1956 minus,
1333 1918 1447 1947 alterum
1460 1919 1547 1959 majus
1564 1931 1571 1947 ι
1586 1929 1690 1959 pauper

944 1966 1017 1996 enim
1037 1965 1235 1995 excusationem
1257 1964 1338 1994 habet
1358 1964 1432 2003 quod
1450 1965 1596 2004 praebuerit
1609 1976 1687 1995 occa-

943 2012 1045 2042 sionem
1058 2010 1185 2051 peccandi
1198 2010 1319 2050 penuria,
1333 2010 1411 2039 alteri
1431 2011 1519 2039 omnis
1536 2010 1640 2041 ademta
1649 2019 1689 2042 est

121 2058 260 2097 ἐπιθυμίας
278 2057 403 2097 ἀνάγκην.
421 2058 490 2088 Ἀλλ’
505 2060 552 2088 οὐκ
572 2059 679 2099 ἀφίησιν
692 2062 709 2095 ἡ
725 2060 890 2099 κληρωθεῖσα
903 2075 939 2094 11⁶
947 2058 1094 2091 excusatio.
1110 2059 1146 2087 At
1159 2056 1215 2093 hie,
1226 2056 1310 2094 dices,
1330 2056 1443 2096 pellitur
1461 2057 1577 2087 naturali
1588 2069 1687 2088 concu-

122 2105 201 2134 αὐτοῦ
218 2103 301 2144 γυνὴ,
318 2104 376 2133 ἀλλ’
399 2103 541 2144 ἐφέστηκεν
559 2106 742 2146 ἀποστεροῧσα
755 2107 803 2141 τ’ἧς
823 2116 890 2144 συγ-
909 2104 928 2126 A
943 2103 1080 2144 piscentia.
1100 2105 1137 2133 At
1154 2112 1207 2132 non
1229 2102 1360 2142 permittit
1381 2102 1452 2132 elabi
1476 2113 1545 2133 uxor
1563 2114 1623 2142 quae
1646 2105 1687 2134 illi

121 2149 228 2189 γνώμης
242 2150 329 2180 αὐτόν.
351 2149 404 2180 Διὰ
416 2150 467 2190 γὰρ
481 2154 559 2180 τοῦτο
571 2151 655 2191 γάμος
678 2152 724 2181 καὶ
744 2151 889 2184 ἀπόλαυσις

122 2195 259 2234 ἔνθεσμος,
272 2195 316 2225 ἵνα
327 2196 408 2234 μηδὲν
425 2197 473 2237 ἔχῃ
490 2197 589 2226 τούτων
602 2198 687 2236 λέγειν
704 2200 718 2227 ὁ
732 2197 810 2237 ἀνήρ.
834 2197 885 2227 Διὰ

121 2242 198 2270 τοῦτο
211 2242 282 2281 αὐτῷ
293 2242 387 2281 βοηθὸς
399 2242 475 2278 ἐδόθη
489 2244 506 2278 ἡ
517 2243 598 2282 γυνὴ,
609 2242 653 2273 ἵνα
664 2243 828 2282 ’μαινομένην
842 2254 888 2272 κα-

154 2338 166 2350 ⁰
182 2330 231 2356 Alii
242 2335 319 2365 αὐτοῦ,
331 2335 383 2359 ἀλλ’
396 2337 418 2359 ἑν
429 2339 467 2368 τῇ.

155 2369 169 2388 ‘l
187 2369 258 2395 Multi
274 2370 333 2398 Mss.
353 2375 392 2398 ἐὰν
406 2377 440 2405 μὴ
453 2376 558 2405 haurio-v,
571 2373 645 2400 male.
659 2373 736 2399 Paulo
747 2379 804 2407 post
823 2385 880 2407 συμ-

123 2413 172 2437 6αἰν
161 2422 191 2437 νει
201 2415 245 2446 γὰρ
257 2415 294 2437 καὶ
306 2417 388 2438 πεσεῖν.
399 2412 515 2437 Erasmus
527 2414 570 2445 qui
582 2420 701 2445 verterat,
714 2413 879 2438 subindicans

123 2450 195 2474 illum
206 2458 329 2480 casurum,
343 2450 435 2483 legerat
447 2450 514 2477 haud
525 2451 626 2479 dubieo
614 2459 716 2487 σημαίνει
729 2458 783 2489 γάρ,
803 2452 877 2478 male.

123 2488 200 2514 Paulo
211 2494 270 2522 post
282 2488 354 2514 multi
364 2490 424 2514 Mss
436 2492 474 2517 διὰ
483 2502 507 2518 r:
502 2494 560 2521 λσυς
575 2498 624 2523 τήν.
638 2492 727 2526 [Infra
740 2493 759 2520 f.
773 2492 790 2519 Ι.
803 2497 880 2528 ἀμαρ-

125 2533 242 2561 τημάτων.
225 2530 256 2561 .]

290 2572 362 2591 τοΜ.
387 2573 400 2591 ι
408 2573 428 2592 ι.

942 2157 1013 2180 sorte
1031 2150 1136 2189 obtigit,
1155 2148 1202 2178 sed
1217 2149 1299 2178 instat
1312 2148 1428 2188 eripiens
1447 2148 1490 2178 illi
1510 2150 1627 2180 veniam.
1643 2151 1687 2180 Ob

943 2195 973 2225 id
983 2195 1055 2226 euim
1065 2194 1268 2225 matrimonium
1279 2201 1305 2224 et
1313 2194 1396 2234 hujus
1406 2194 1542 2234 legitimus
1554 2206 1617 2225 usus
1628 2207 1688 2236 per-

944 2242 1070 2279 mittitur,
1079 2251 1112 2271 ne
1125 2240 1192 2280 quid
1206 2240 1305 2270 horum
1317 2251 1446 2270 excusare
1459 2241 1543 2281 possit
1564 2242 1684 2271 maritus.

961 2341 972 2354 ε
989 2339 1063 2369 Μέχρι
1070 2339 1237 2367 καταγνώσεως.
1245 2333 1440 2359 observavimus
1451 2334 1475 2358 in
1482 2333 1687 2359 AtlianasiiOno-

928 2374 1035 2399 mastico
1044 2377 1181 2406 κατάγνωσιν
1200 2381 1252 2397 non
1272 2371 1461 2398 damnationem
1475 2381 1575 2405 prorsus
1593 2373 1687 2405 signifi·

927 2423 996 2446 care,
1007 2414 1051 2440 sed
1060 2420 1184 2448 quatenus
1195 2420 1295 2439 tantum
1307 2414 1438 2446 damnare,
1454 2413 1580 2447 significat
1589 2415 1686 2447 impro-

928 2454 988 2480 bare
1010 2453 1050 2480 vel
1069 2453 1250 2487 reprehendere
1271 2462 1277 2477 ε
1296 2453 1461 2486 quamobrem
1487 2458 1623 2486 κατάγνωσιν
1646 2453 1687 2478 hic

929 2494 1047 2520 Erasmus
1058 2499 1125 2518 recte
1136 2494 1212 2519 vertit
1224 2492 1443 2526 reprehensionem.

964 2535 974 2554 f
992 2533 1108 2565 Quatuor
1119 2534 1178 2558 Mss.
1192 2537 1235 2566 γὰρ
1250 2535 1306 2559 δοκεῖ
1320 2535 1385 2564 ἔχειν,

1493 2573 1526 2594 10
