1904 2840
249 211 322 259 944

846 217 929 240 OPUS
958 218 995 241 ΙΜ
1003 217 1199 241 PERFECTUM

248 292 322 321 sunt,
336 291 361 313 et
371 281 584 312 scandalizantur
593 291 610 309 a
623 279 688 317 fide,
702 288 785 318 quani
799 279 992 309 confirmentur
1008 283 1029 306 Α
1045 279 1135 319 phetis
1145 279 1159 309 Ρ
1171 280 1243 309 Non.
1258 278 1335 310 Sicut
1356 280 1428 311 enim
1443 289 1497 311 non
1516 281 1600 318 sanis,
1611 280 1663 311 ‘sed
1677 279 1790 313 infirmis

250 325 277 353 in
291 323 355 352 fide.
369 324 447 351 Nunc
469 321 629 350 alterutrum
651 326 678 349 et
695 318 875 355 tradiderunt,
890 326 916 348 et
933 326 991 348 tra-

249 364 325 398 dunt,
339 361 474 400 quomodo
487 367 513 390 et
523 360 620 389 odiunt
631 370 658 389 se
671 359 841 395 alterutrum,
855 359 892 388 ita
905 365 934 388 ut
943 369 992 388 nec

250 404 277 432 in
292 402 399 431 duobus
417 401 546 430 sinceram
566 399 686 430 invenias
704 399 852 435 caritatem,
869 409 921 427 non
945 397 991 426 di-

249 453 307 471 cam
326 441 353 470 in
373 441 476 469 multis.
494 442 543 469 112
564 440 605 469 Et
629 440 713 468 multi
733 439 991 478 pseudopropheta:-

248 487 417 518 exsurgent,
428 487 456 509 et
466 480 605 509 seducent
616 479 732 508 multos.
748 478 886 518 Prophetae
896 477 992 507 dicun-

250 528 305 557 tur,
319 531 372 549 non
392 520 481 549 solnm
500 520 548 558 qui
570 519 605 548 de
626 519 734 549 Christo
752 517 989 554 annuntiaverunt,

250 571 298 590 nec
312 560 359 599 qui
379 560 490 589 omnino
513 560 604 588 futura
623 559 784 596 loquuntur,
802 557 850 587 sed
869 556 992 586 doctores

250 600 379 629 dicuntur
392 599 538 640 prophetae.
554 599 628 638 Ergo
636 597 991 638 pseudoprophetashpseu-

250 639 408 669 dodoctores
415 639 532 679 appellat
543 639 674 668 haeresum
686 637 865 673 diversarum,
876 643 923 666 aut
931 636 993 665 illos

251 690 319 718 quos
332 678 414 708 modo
423 678 548 709 videmus
557 678 673 708 diversis
683 677 846 716 argumentis
856 676 993 715 religionis

250 719 367 759 speciem
381 717 652 758 praetendentes.*Alii
666 717 738 746 enim
752 727 780 745 se
797 716 890 746 dicunt
907 726 993 754 neque

252 758 424 795 manducare,
438 768 523 796 neque
539 757 670 793 dormire,
687 767 772 795 neque
789 756 889 795 algere,
908 766 993 794 neque

196 809 242 826 ceu
253 805 375 836 aestuare,
389 798 435 828 sed
449 797 683 843 semper-pendere
698 806 724 825 in
742 806 812 825 aere.
830 795 885 825 Alii
904 802 994 824 autem

253 838 342 868 vestiti
356 837 463 874 ciliciis,
478 845 525 867 aut
542 836 702 871 circumdati
723 835 834 872 catenis,
847 835 919 864 socia
940 834 993 864 sibi

251 877 383 907 daemonia
396 885 592 908 commoventes
604 889 610 906 ε
627 883 652 906 et
671 875 734 915 quia
749 875 862 915 gratiam
875 874 927 904 Dei
941 885 993 903 non

251 917 362 953 habent,
376 917 524 958 patrocinia
534 916 686 946 daemonum
694 914 887 944 commendant.
901 913 955 944 Sed
969 921 994 943 et

252 958 309 987 haec
323 958 387 987 talia
400 968 509 986 rursum
521 963 594 993 sunt,
609 956 658 985 etsi
670 955 816 984 insensatos
827 954 934 990 fallunt,
948 964 994 993 per

252 997 309 1026 haec
322 1004 410 1027 tamen
422 1007 475 1026 non
494 996 658 1032 seducuntur
671 995 813 1035 sapientes.
829 993 885 1023 Alii
904 1000 994 1022 autem

253 1044 326 1072 sunt,
337 1037 385 1076 qui
394 1036 567 1067 vehementer
575 1035 707 1065 seducunt
715 1046 722 1063 :
730 1034 859 1073 quoniam
867 1033 916 1063 etsi
923 1043 994 1062 men·

253 1076 365 1114 damet,
378 1084 465 1106 tamen
477 1076 616 1105 Christum
626 1074 783 1114 praedicant,
795 1073 877 1102 fidem
891 1083 994 1102 annun-

252 1117 320 1146 tiant
337 1130 342 1145 :
358 1116 485 1155 qnoniam
498 1116 536 1145 sic
550 1115 684 1145 Ecclesias
701 1114 811 1149 habent,
827 1113 866 1142 sic
885 1112 994 1142 ordines

252 1156 425 1192 clericorum,
438 1155 476 1184 sic
495 1155 599 1192 fideles,
615 1155 653 1184 sic
671 1153 796 1182 lectiones
811 1153 904 1192 legunt
917 1152 993 1182 divi-

252 1205 312 1231 nas,
327 1195 421 1224 eadem
438 1195 502 1224 dare
514 1195 641 1224 videntur
654 1193 825 1233 baptismam,
841 1192 934 1222 eadem
950 1202 994 1221 sa-

253 1243 388 1264 cramenta
406 1235 525 1275 corporis
542 1242 568 1263 et
581 1234 720 1272 sanguinis
736 1232 848 1262 Christi.
864 1231 995 1262 Similiter

252 1275 389 1314 apostolos
406 1281 432 1303 et
445 1281 574 1314 martyres
587 1274 691 1302 colunt.
707 1274 758 1302 Per
769 1272 826 1301 haec
838 1283 902 1310 ergo
915 1271 994 1301 valde

254 1314 434 1343 tenebrescere
441 1314 543 1342 faciunt
550 1320 659 1346 mentes,
666 1322 717 1341 uon
725 1311 811 1340 solum
819 1311 995 1341 mediocrium

255 1353 408 1389 hominum,
421 1352 469 1382 sed
487 1353 567 1381 etiam
582 1352 755 1392 prudentum.
770 1352 860 1388 Quem
872 1362 907 1380 ex
920 1357 996 1390 parte

255 1403 309 1422 non
322 1399 428 1423 moveat
442 1392 624 1421 Antichristus
635 1392 734 1420 faciens
748 1400 829 1430 opera
842 1390 955 1427 Christi,
970 1397 997 1419 et

255 1439 316 1462 ante
327 1432 493 1462 Christianos
505 1431 594 1461 officia
608 1432 731 1460 universa
745 1430 856 1469 explens
869 1429 996 1459 Christia-

256 1483 365 1508 norum,
379 1472 430 1501 nisi
444 1472 511 1500 sorte
529 1470 608 1500 illuni
623 1470 669 1508 qui
683 1468 832 1499 considerat
845 1466 917 1507 quod
931 1479 996 1508 apo-

105 1525 129 1540 2.
142 1518 194 1540 Cor.
210 1523 244 1539 ii.
256 1512 342 1542 stolus
352 1512 389 1541 ait
405 1524 412 1539 τ
432 1513 505 1541 Cum
514 1513 592 1539 enim
606 1513 665 1549 ipse
675 1515 797 1538 satanas
810 1509 998 1549 transfigurat

256 1563 286 1582 se
302 1553 332 1581 in
348 1551 486 1592 angelum
509 1550 582 1579 lucis
597 1561 604 1578 :
617 1549 690 1589 quid
708 1559 847 1588 magnum
860 1555 903 1577 est
926 1549 950 1576 si
970 1555 998 1577 et

256 1593 381 1621 ministri
405 1593 467 1631 ejus
494 1590 744 1630 transfigurentur,
769 1589 845 1616 sicut
875 1588 999 1616 ministri

251 1633 385 1671 justitiae,
411 1640 535 1670 quorum
558 1631 626 1668 finis
647 1631 700 1658 erit
727 1628 888 1657 secundum
911 1637 999 1665 opera

256 1682 353 1701 eor-mn
363 1694 370 1706 ,
386 1681 439 1700 non
464 1664 612 1699 secundum
635 1668 766 1697 schemata
789 1666 998 1697 Christianitatis

256 1711 370 1742 eorum?
389 1710 513 1744 Multos,
526 1709 624 1748 inquit,
647 1708 798 1742 seducent,
809 1717 862 1735 non
882 1717 973 1735 omnes
988 1719 995 1735 ε

254 1753 320 1793 qnia
335 1762 388 1781 non
400 1758 438 1781 est
459 1749 644 1779 seducentium
660 1748 760 1784 vii-tus,
773 1746 820 1776 sed
837 1746 998 1786 negligentia

256 1792 439 1822 seductorum.
452 1790 481 1820 Si
507 1793 596 1818 alitem
616 1787 799 1817 seducentium
817 1793 884 1815 esset
898 1787 996 1822 virtus,

255 1843 348 1862 omnes
368 1830 525 1860 seducerent
539 1842 544 1858 :
562 1839 633 1858 nunc
652 1834 740 1856 autem
754 1837 786 1855 ex
801 1836 843 1862 e0,
860 1825 934 1864 quod
945 1836 997 1855 non

256 1883 348 1901 omnes
368 1870 543 1904 seducuntur,
557 1874 668 1908 apparet
681 1866 744 1905 quia
766 1865 936 1895 seductorum
950 1876 998 1894 ne-

256 1912 385 1952 gligentia
398 1917 438 1940 est
448 1933 456 1948 ‚
469 1920 521 1938 non
536 1907 720 1938 seducentium
733 1905 830 1934 virtus.
847 1906 916 1935 Nam
930 1905 999 1934 sicut

257 1952 356 1981 veritas
368 1947 454 1980 allicit
477 1949 570 1978 fideles
591 1947 625 1976 ad
645 1957 684 1983 se,
698 1952 723 1975 et
736 1946 835 1974 amieos
856 1945 975 1975 veritatis
989 1957 995 1973 :

257 1991 296 2020 sic
310 1998 335 2020 et
348 1990 518 2019 mendacium
531 1987 653 2017 infideles
671 1985 741 2026 rapit
755 1985 790 2014 ad
813 1996 840 2014 se
859 1991 885 2014 et
898 1985 999 2014 amicos

259 2030 399 2064 mendacii,
413 2040 465 2058 non
479 2028 607 2059 veritatis.
628 2028 662 2055 Et
675 2025 773 2056 veritas
792 2024 902 2064 quidem
920 2025 1000 2053 inter-

258 2070 324 2099 dum
336 2076 382 2098 aut
396 2069 517 2099 infideles
530 2067 614 2096 trahit
632 2065 667 2095 ad
685 2076 723 2102 se,
739 2072 785 2094 aut
804 2064 999 2094 inexcusabiles

258 2111 322 2139 facit
346 2120 401 2139 eos.
425 2107 597 2138 Mendacium
611 2112 698 2134 autem
719 2105 796 2133 nullo
815 2104 896 2133 modo
915 2111 1000 2143 potest

259 2150 365 2179 flectere
375 2148 409 2178 ad
424 2159 451 2177 se
463 2147 554 2176 fideles
569 2159 575 2174 :
589 2145 715 2184 quoniam
729 2145 826 2173 veritas
839 2144 919 2173 habet
931 2145 958 2172 in
971 2154 999 2173 se

261 2191 286 2218 et
301 2190 430 2218 rationem
443 2187 619 2221 manifestam,
629 2185 766 2214 eifirmam
773 2184 996 2213 virtutem:men-

259 2229 367 2259 dacium
381 2235 468 2257 autem
475 2237 522 2256 nec
534 2225 663 2254 rationem
673 2224 753 2252 habet
765 2223 939 2259 manifestam,
951 2233 999 2252 nec

260 2269 387 2298 virtutem
394 2267 522 2306 aliquam.
535 2264 638 2294 Deinde
651 2265 714 2302 quia
725 2263 822 2292 veritas
834 2269 859 2291 et
878 2263 905 2291 in
919 2273 998 2291 sensu

261 2309 383 2338 fidelium
394 2306 557 2341 dominatur,
566 2303 732 2333 mendacium
742 2309 829 2331 autem
841 2303 868 2330 in
878 2313 957 2331 sensu
964 2302 999 2331 fi-

261 2348 364 2378 delium
373 2346 538 2375 nihilhabet.
549 2346 596 2373 15.
603 2345 659 2382 Qui
670 2349 767 2372 autem
775 2344 1000 2380 perseveraverit

263 2398 354 2427 usque
363 2389 394 2415 in
402 2387 503 2425 finem,
518 2386 565 2414 hic
578 2384 676 2412 salvus
690 2384 753 2410 erit.
769 2382 856 2410 Miror
865 2381 1000 2420 quomodo

262 2428 296 2457 de
304 2430 361 2457 Deo
369 2422 487 2455 haeretici
499 2425 556 2453 haec
563 2423 713 2462 intelligant
729 2435 734 2450 :
752 2427 797 2450 aut
806 2421 877 2450 enim
884 2421 999 2460 legentes

262 2468 330 2503 haec,
338 2465 472 2505 quomodo
480 2464 538 2493 ausi
547 2470 608 2493 sunt
617 2461 838 2502 perscrutationes
844 2461 928 2489 facere
936 2473 942 2488 :
953 2468 1000 2489 aut

263 2505 483 2547 perscrutationes
495 2503 631 2538 facientes,
640 2500 774 2541 quomodo
784 2500 841 2530 liaec
853 2501 939 2539 legere
947 2510 999 2529 non

262 2545 442 2576 erubescunt?
456 2544 563 2581 Quibus
583 2542 685 2572 dicitur
702 2554 709 2569 :
726 2542 782 2579 Qui
799 2550 1000 2580 perseverave-

261 2589 297 2615 rit
310 2597 399 2625 usque
411 2587 442 2613 in
444 2584 540 2624 finem
550 2586 563 2611 Ξ)
574 2580 716 2620 Numquid
729 2579 949 2620 persequentibus
959 2590 1000 2608 se-

262 2626 349 2655 ductis
374 2623 550 2655 Christianis?
574 2620 706 2660 numquid
730 2619 914 2650 seductoribus
935 2630 998 2659 pro-

1045 319 1191 359 apponitur
1203 319 1348 356 medicina,
1362 319 1402 350 sic
1414 327 1440 350 et
1459 321 1604 350 consolatio
1619 331 1671 351 non
1689 321 1791 361 pericu·

1045 358 1103 388 lum
1115 359 1286 395 facientibus,
1301 359 1350 389 sed
1361 360 1576 400 periclitantibus
1588 358 1678 391 datur.
1690 361 1738 390 u.
1748 362 1790 391 Et

1043 399 1252 437 praedicabitur
1259 399 1314 429 hoc
1325 400 1509 439 evangelium
1519 402 1551 429 in
1563 402 1614 430 uni
1618 411 1698 430 verso
1708 401 1786 430 orbe.

1047 439 1155 467 Marcus
1167 438 1333 468 manifestius
1344 437 1438 468 addit:
1450 440 1593 476 Primum,
1607 440 1706 479 inquit,
1716 451 1788 478 proe-
1800 446 1879 470 Marc.

1046 478 1194 507 dicabiaeur
1206 488 1282 508 evan
1301 478 1400 508 elium.
1416 479 1532 516 Quando
1544 487 1635 509 autem
1656 479 1788 509 illa-bella
1802 483 1838 499 ¹⁰·

1046 517 1194 562 corporalia
1213 528 1291 548 move
1328 525 1390 548 ntur
1410 526 1503 548 contra
1523 519 1686 556 Jerusalem,
1700 519 1789 549 adhuc

1045 557 1202 586 initiabatur
1212 557 1390 597 evangelium.
1400 558 1528 588 Nondum
1542 558 1719 599 praedicatum
1733 565 1790 589 erat

1046 596 1074 625 in
1090 603 1145 627 toto
1160 597 1235 626 orbe.
1252 599 1319 627 Ante
1335 597 1447 628 haei-eses
1465 605 1555 628 autem
1575 605 1791 628 consummatum

1047 643 1087 666 est
1100 637 1282 676 evangelium.
1297 638 1367 667 Nam
1376 645 1463 677 usque
1473 637 1509 667 ad
1522 645 1630 678 tempus
1641 638 1791 668 Christiani

1047 676 1128 715 regis,
1144 677 1353 716 praedicantibus
1369 678 1544 716 quibusdam,
1559 685 1606 707 aut
1613 677 1653 707 de
1670 685 1748 717 gente
1761 678 1790 708 in

1047 723 1151 754 gentem
1161 717 1252 746 notitia
1262 717 1364 747 Christi
1373 725 1505 753 currente,
1512 717 1678 758 pervenitad
1685 728 1789 747 omnes.

1047 755 1099 785 Vis
1109 756 1188 792 scire,
1202 756 1265 795 quia
1283 763 1347 786 tunc
1360 757 1493 797 completa
1503 760 1542 786 esst
1556 757 1650 787 notitia
1667 757 1790 788 Christi?

1049 794 1195 824 Considera
1209 796 1274 834 quia
1288 807 1321 825 ex
1332 807 1362 826 ea
1373 797 1505 826 haeresum
1514 797 1586 826 bella
1599 804 1750 837 coeperunt.
1761 803 1791 826 ut

1048 834 1124 864 fieret
1145 835 1237 865 electio
1260 836 1412 866 meliorum.
1438 838 1508 866 Nam
1530 836 1662 876 quamdiu
1686 837 1789 867 vocatio

1048 881 1097 911 est,
1114 885 1169 904 non
1189 882 1275 915 potest
1295 887 1351 906 esse
1369 876 1465 906 electio
1479 889 1486 906 :
1501 883 1527 906 et
1543 875 1674 915 quamdiu
1692 876 1789 906 electio

1047 921 1098 949 est,
1108 925 1161 944 non
1175 922 1261 954 potest
1273 915 1360 945 facilis
1371 927 1428 945 esse
1442 916 1557 946 vocatio.
1570 917 1640 946 Nam
1654 915 1724 945 sicut
1737 915 1790 946 im·

1046 953 1229 1000 pedimentum
1253 962 1294 984 est
1312 955 1446 986 vocationi
1466 956 1579 993 electio,
1603 955 1642 986 sic
1666 955 1790 986 electioni

1048 1001 1164 1023 vocatio.

1193 1099 1329 1129 Humilia
1341 1099 1418 1130 xlix.
1432 1110 1469 1130 ex
1483 1110 1547 1142 cap.
1560 1103 1614 1131 xxi
1618 1113 1645 1132 v.

1089 1190 1139 1220 15.
1161 1189 1234 1220 Cum
1245 1200 1312 1230 ergo
1329 1191 1464 1222 videritis
1479 1194 1727 1224 abominationem
1741 1196 1791 1226 de·

1048 1229 1212 1265 solutionis,
1227 1240 1293 1269 quoe
1302 1231 1382 1260 dicta
1395 1238 1438 1261 est
1457 1242 1477 1260 a
1493 1233 1620 1263 Daniele
1657 1236 1778 1274 ropheca
1801 1249 1853 1271 Dan
1897 1240 1904 1272 ξ

1048 1275 1174 1314 stantem
1181 1270 1213 1298 in
1228 1270 1291 1299 loco
1301 1277 1404 1300 sancto
1410 1283 1424 1308 ,·
1434 1273 1485 1311 qui
1497 1272 1565 1312 legit
1573 1245 1730 1314 intelligat,
1736 1259 1789 1306 etei
1857 1257 1890 1280 ·9·

1049 1308 1168 1346 Quidam
1186 1307 1282 1338 dicunt
1298 1310 1523 1341 abominationem
1544 1311 1716 1345 desolationis
1735 1326 1792 1345 esse

1050 1348 1195 1392 imaginem
1202 1349 1324 1385 caesaris,
1335 1361 1416 1388 quam
1426 1351 1529 1380 Pilatus
1542 1352 1633 1392 posuit
1641 1355 1669 1383 in
1678 1355 1789 1395 templo.

1050 1389 1152 1417 Verius
1171 1394 1260 1416 autem
1283 1389 1352 1427 quid
1377 1390 1412 1418 sit
1434 1390 1597 1420 abominatio
1619 1392 1791 1424 desolationis

1050 1428 1138 1457 Lucas
1150 1427 1314 1466 evangelista
1327 1428 1527 1468 interpretatur.
1542 1432 1611 1460 Nam
1623 1432 1650 1461 in
1664 1444 1719 1472 quo
1732 1434 1792 1464 loco

1023 1481 1032 1489 =
1052 1468 1162 1496 Mai-eus
1173 1473 1324 1506 etpraesens
1337 1468 1482 1498 Matthaeus
1497 1477 1611 1509 ponunt,
1624 1472 1697 1502 Cum
1710 1474 1792 1503 vide»
1802 1480 1904 1505 Mar-aii

1052 1507 1116 1535 ritis
1130 1508 1377 1551 abominationem
1391 1508 1582 1539 desolationis
1596 1523 1604 1539 :
1619 1511 1647 1540 in
1661 1512 1719 1552 ipso
1733 1513 1792 1543 loco
1805 1512 1841 1542 ¹4·

1053 1547 1142 1575 Lucas
1154 1556 1193 1575 sie
1205 1553 1284 1585 ponit
1298 1559 1305 1575 :
1325 1548 1399 1576 Cum
1420 1549 1555 1578 videritis
1566 1553 1742 1582 circumdari
1755 1555 1792 1583 ab
1804 1549 1904 1590 Luam

1052 1589 1182 1615 exercitu
1195 1586 1374 1623 Jerusalem,
1391 1593 1461 1617 tunc
1473 1590 1575 1618 scitote
1591 1593 1664 1629 quia
1674 1594 1760 1632 propi
1773 1587 1795 1618 ὀ
1901 1594 1904 1599 ”

1054 1627 1157 1664 quavit
1170 1625 1313 1655 desolatio
1324 1628 1397 1666 ejus.
1412 1627 1448 1656 Et
1458 1627 1497 1657 sic
1507 1627 1586 1666 dicit,
1599 1630 1648 1668 qui
1661 1631 1689 1660 in
1700 1633 1718 1662 J
1720 1632 1795 1662 udaea

1054 1671 1118 1709 sunt
1128 1676 1139 1709 ,²
1155 1664 1281 1694 videlieet
1294 1672 1324 1695 ut
1334 1676 1383 1706 per
1394 1666 1505 1696 alteram
1521 1668 1727 1701 similitudinem
1745 1683 1794 1702 ex-

1054 1704 1195 1744 positionis
1206 1704 1328 1745 ejusdem
1344 1706 1397 1735 loci
1410 1707 1543 1746 ostendat,
1557 1708 1624 1747 quid
1643 1710 1679 1740 sit
1691 1711 1794 1742 abonii-

1054 1744 1127 1773 natio
1139 1743 1311 1774 desolationis
1322 1751 1394 1775 stans
1407 1746 1435 1775 in
1453 1746 1512 1776 loco
1530 1756 1631 1779 sancto.
1647 1750 1712 1781 Fuit
1723 1752 1795 1781 enim

1052 1783 1187 1828 exercitiis
1205 1784 1417 1824 alienigenarum
1439 1793 1465 1816 et
1487 1787 1603 1817 Romani
1624 1790 1796 1830 Imperatoris

1054 1830 1126 1852 stans
1137 1834 1208 1853 circa
1217 1824 1378 1861 Jerusalem,
1393 1836 1453 1864 quae
1468 1837 1552 1865 usque
1564 1834 1628 1858 tunc
1640 1829 1727 1860 fuerat
1737 1827 1795 1860 san-

1052 1870 1106 1908 cta.
1122 1864 1180 1893 Hoc
1193 1870 1219 1893 et
1234 1865 1329 1894 Petrus
1341 1865 1417 1904 apud
1430 1865 1594 1897 Clementem
1604 1870 1725 1909 exponit.
1737 1870 1796 1900 De-

1054 1913 1135 1942 nique
1144 1903 1213 1933 hanc
1222 1914 1279 1933 esse
1288 1904 1513 1935 abominationem
1523 1906 1696 1938 desolationis
1705 1917 1731 1939 et
1739 1910 1795 1950 ipse

1053 1948 1143 1972 textus
1160 1942 1284 1972 ostendit.
1299 1945 1384 1981 Quasi
1398 1946 1470 1974 enim
1488 1946 1621 1987 replicans
1640 1948 1690 1978 illa
1706 1949 1796 1979 omnia

1053 1993 1113 2027 qiiae
1124 1983 1251 2022 superius
1259 1982 1341 2021 dixit,
1353 1985 1472 2014 breviter
1484 1987 1698 2026 comprehendit,
1714 1996 1740 2018 et
1752 1988 1796 2018 di-

1054 2029 1109 2051 cit:
1129 2022 1203 2052 Cum
1217 2033 1285 2062 ergo
1299 2025 1432 2053 videritis
1449 2026 1694 2057 abominationem
1709 2029 1794 2058 deso-

1054 2062 1174 2106 lationis
1185 2069 1319 2092 stantem.
1339 2064 1396 2093 Hoc
1415 2071 1468 2101 nst,
1480 2065 1552 2094 Cum
1562 2066 1685 2096 videritis
1695 2078 1726 2097 ea
1736 2068 1795 2108 ipsa

1053 2101 1146 2140 praelia
1157 2103 1212 2141 jam
1230 2103 1326 2131 stantia
1341 2103 1412 2133 circa
1424 2105 1572 2134 Jerusalem
1583 2126 1591 2141 ‚
1601 2116 1661 2144 quae
1672 2114 1734 2136 ante
1744 2118 1796 2136 au-

1054 2141 1180 2170 diebatis.
1200 2142 1334 2171 Similiter
1345 2149 1371 2171 et
1388 2143 1415 2172 in
1430 2143 1483 2173 fine
1497 2144 1589 2182 mundi
1601 2167 1609 2182 ,
1620 2152 1653 2176 et.
1666 2146 1695 2175 in
1714 2146 1795 2176 Anti-

1053 2181 1154 2211 christo
1178 2181 1384 2220 intelligendum
1402 2189 1443 2212 est
1465 2183 1642 2223 spiritualiter
1651 2207 1660 2221 ,
1687 2186 1795 2225 quando

1052 2228 1079 2250 et
1096 2221 1219 2258 haereses,
1231 2228 1259 2250 et
1274 2221 1367 2258 fames,
1381 2229 1407 2251 et
1420 2223 1589 2262 pestilentiae,
1602 2231 1629 2254 et
1640 2225 1688 2254 illa
1705 2226 1795 2255 omnia

1053 2267 1113 2290 ante
1135 2268 1327 2300 praecesserunt
1343 2273 1349 2291 ε
1365 2263 1509 2292 novissime
1525 2270 1614 2293 autem
1633 2265 1796 2295 abominatio

1053 2300 1225 2330 desolationis
1238 2302 1310 2330 stetit
1331 2301 1359 2330 in
1380 2301 1439 2331 loco
1462 2310 1563 2339 saneto,
1584 2304 1613 2333 id
1635 2311 1690 2341 est,
1713 2316 1796 2334 exer·

1053 2340 1123 2370 citus
1150 2341 1316 2370 Antichristi.
1347 2341 1490 2372 Exercitus
1520 2350 1609 2373 autem
1636 2345 1795 2374 Antichristi

1054 2387 1117 2409 sunt
1136 2390 1227 2409 omnes
1241 2381 1364 2418 haereses,
1380 2383 1514 2422 praecipue
1526 2382 1588 2418 ista,
1599 2394 1660 2422 quie
1676 2384 1795 2413 obtinuit

1054 2420 1182 2450 Ecclesiae
1193 2420 1295 2457 locum,
1309 2428 1335 2450 et
1343 2421 1415 2451 stetit
1428 2422 1456 2451 in
1468 2422 1527 2452 loco
1538 2430 1639 2459 sancto,
1654 2422 1690 2452 ita
1703 2430 1734 2452 ut
1753 2423 1794 2454 vi-

1054 2459 1150 2489 deatur
1169 2460 1247 2498 quasi
1270 2461 1385 2490 verbum
1405 2461 1524 2491 veritatis
1536 2462 1648 2498 stetisse,
1665 2473 1727 2492 cum
1741 2473 1794 2493 non

1053 2500 1089 2529 sit
1106 2500 1220 2529 verbum
1242 2501 1378 2537 veritatis,
1398 2500 1446 2531 sed
1468 2501 1632 2531 abominatio
1649 2501 1793 2532 desolatio·

1053 2540 1112 2576 nis,
1139 2539 1168 2568 id
1192 2546 1231 2569 est
1241 2562 1249 2575 ,
1275 2541 1407 2570 exercitus
1433 2540 1606 2578 Antichristi,
1626 2542 1672 2580 qui
1696 2542 1795 2572 multo·

1051 2590 1116 2608 rum
1130 2579 1230 2608 animas
1252 2580 1371 2610 reddidit
1383 2580 1514 2610 desolatas
1527 2591 1542 2609 a
1557 2582 1624 2610 Deo.
1641 2582 1677 2612 Et
1691 2582 1742 2611 lioc
1755 2588 1795 2611 est

1053 2619 1121 2648 forte
1138 2619 1211 2658 quod
1231 2620 1368 2659 apostolus
1389 2619 1455 2650 dicit
1471 2632 1478 2650 ε
1494 2621 1552 2659 Qui
1574 2622 1749 2652 adversatur
1766 2627 1860 2650 2121*

1804 2656 1827 2687 4.
