1890 2826
694 173 727 195 IN
755 172 891 203 matam,
920 172 995 194 CAP.
1024 172 1075 196 ΙΙΙ.

92 239 257 279 χρησάμενος
270 240 362 274 (ποῖος
372 236 423 276 γὰρ
438 235 563 275 λογισμὸς
576 234 742 274 ἀνακαλύψαι
755 233 862 266 δυνατὸς

91 282 123 321 ἦν
142 286 187 313 τοῦ
211 284 290 319 Γιεζῆ
304 284 352 318 ἰ-ἥν
363 281 478 319 ulmi-Au
489 281 516 320 )‚
531 281 587 321 θείᾳ
598 280 627 311 δὲ
639 281 730 321 χάριτι
746 280 780 309 τὰ
792 279 857 319 πόῤ·

92 333 172 370 ῥωθεν
185 328 346 369 γηενημένα
359 327 494 369 προειδώς.
516 327 571 357 Καὶ
598 326 774 367 πρεσὸύτερον
783 349 791 363 ,
815 325 859 355 καὶ

91 375 327 416 πεντηκόνταρχον.
355 374 432 404 Μετὰ
448 374 481 410 δὴ
502 373 602 403 τούτων
614 373 660 402 καὶ
683 372 859 412 πρεσὸύτερον

91 422 137 452 καὶ
144 421 372 461 πεντηκόνταρχον
388 433 467 461 φησιν
478 421 606 460 ἀναιρεῖν·
621 418 798 460 πρεσὸύτερον
811 419 862 458 οὐχ

32 468 44 471 ⁴
91 469 182 502 ἁπλῶς
194 467 360 508 γεγηρακότα
372 467 455 507 λέγων
464 488 472 503 ,
495 466 563 496 ἀλλὰ
572 466 616 496 τὸν
632 465 700 505 μετὰ
713 467 760 501 τῆς
768 466 861 498 πολιᾶς

92 514 140 550 τὴν
156 514 340 554 προσήκουσαν
353 515 386 553 τῇ
398 514 479 553 πολιᾷ
492 514 667 552 διατηροῦντα
681 511 793 541 σύνεσιν.
807 510 861 541 Καὶ

92 559 318 599 πεντηκόνταρχον
332 559 360 589 δὲ
383 559 447 589 ὅταν
460 558 542 599 λέγῃ,
568 559 617 598 οὐχ
631 557 677 587 ἕνα
689 556 749 586 τινὰ
767 568 862 592 πεντη-

92 605 236 646 κόνταρχον
246 617 342 646 φησιν,
366 605 435 635 ἀλλὰ
449 606 487 644 τῷ
509 605 619 644 ὀνόματι
632 603 718 643 τούτῳ
732 602 791 636 τοὺς
813 602 862 643 ἄρ-

91 664 186 692 χοντας
200 651 301 685 πάντας
315 651 468 682 αἰνίττεται.
479 651 564 681 Οὐδὲν
571 651 635 691 γὰρ,
650 650 722 680 οὐδὲν
736 649 863 690 ἀναρχίας

91 698 291 739 χαλεπώτερον,
306 698 397 737 ὥσπερ
419 697 478 729 οῦδὲ
499 697 591 728 πλοίου
617 709 644 727 τι
665 694 863 736 σφαλερώτερον

91 745 185 785 γένοιτ’
204 745 235 774 ἂν
249 745 412 785 κυὸερνήτην
427 746 475 774 οὔκ
487 744 599 784 ἔχοντος.
612 743 666 773 Καὶ
679 742 738 773 οὐδὲ
753 743 863 772 ἐνταῦθα

91 793 212 828 ἵσταται,
226 792 295 822 ἀλλὰ
306 792 352 822 καὶ
365 791 456 832 ἑτέραν
469 790 587 831 μεγάλην
598 790 742 830 ἀσφάλειαν
754 788 863 829 ἀναιρή-

92 850 147 868 σειν
159 840 263 868 ἀπειλεῖ
270 861 278 875 ,
290 837 350 871 τοὺς
356 837 390 868 τὰ
401 838 496 877 ἄριστα
505 837 637 877 βουλεύειν
646 836 761 872 εἰδότας,
776 835 802 864 οἳ
810 836 863 864 τῶν

92 884 180 914 ὅπλων
193 885 242 914 οὐκ
254 884 379 914 ἐλάττονα
393 883 555 924 εἰσφέρωσιν
570 882 720 923 εὐεργεσίαν
741 885 800 914 ταῖς
812 880 863 909 πό-

91 932 175 960 λεσιν.
192 930 293 970 Ἀφελῶ
305 930 373 970 γὰρ,
389 930 464 970 φησὶ,
477 929 522 959 καὶ
535 928 686 968 θαυμαστὸν
700 927 847 966 σύμὸουλον
855 949 862 963 ,

93 976 139 1006 καὶ
162 976 241 1016 σοφὸν
258 975 444 1017 ἀρχιτέκτονα·
470 975 529 1016 οὐχὶ
553 974 597 1004 τὸν
611 973 748 1012 οἰκοδόμον
761 972 861 1011 λέγων,

93 1021 162 1052 ἀλλὰ
183 1023 236 1052 τῶν
250 1021 413 1061 πραγμάτων
432 1021 570 1061 ἔμπειρον,
591 1018 735 1050 καὶπολλὰ
749 1018 860 1047 ἐπιστά-

95 1080 171 1107 μενον
183 1091 191 1104 ,
215 1069 260 1098 καὶ
282 1068 351 1107 μετὰ
370 1067 497 1101 συνέσεως
519 1067 624 1097 ἅπαντα
646 1065 679 1094 τὰ
701 1067 748 1100 τῆς
761 1065 862 1095 πόλεως

95 1114 236 1144 διατιθέναι
250 1114 396 1154 πράγματα
417 1113 513 1143 εἰδότα.

134 1161 188 1190 Καὶ
204 1161 272 1199 μετὰ
283 1160 381 1191 τούτων
392 1182 400 1196 ,
412 1160 465 1189 Καὶ
478 1158 583 1188 συνετὸν
595 1157 738 1198 ἀκροατήν.
753 1156 799 1186 Ἂν
813 1155 863 1195 γὰρ

95 1209 171 1236 τοῦτο
182 1208 255 1248 ἀπῇ,
282 1206 332 1236 κᾶν
345 1206 430 1235 τᾶλλα
451 1205 556 1235 ἅπαντα
572 1205 665 1244 παρῇ,
689 1202 769 1232 πλέον
789 1202 863 1231 οὐδέν

94 1254 151 1282 ἔστι
163 1257 222 1286 ταῖς
231 1252 324 1282 πόλεσι
332 1275 340 1289 ,
351 1251 400 1281 κᾶν
413 1253 546 1291 προφῆται
559 1244 611 1279 ὦσι
619 1270 626 1284 ,
640 1248 689 1278 κᾶν
701 1247 845 1286 σύμὸουλοι
855 1269 863 1282 ,

93 1299 142 1328 κᾶν
156 1298 299 1335 δυνάσται,
325 1300 339 1327 ὁ
360 1297 388 1327 δὲ
406 1297 580 1335 ἀκουσόμενος
601 1294 691 1334 μηδεὶς
719 1289 736 1332 ἦ
747 1316 756 1329 ‚
776 1293 863 1323 πάντα

94 1346 152 1384 εἰκῇ
168 1344 212 1374 καὶ
235 1345 332 1383 μάτην.
347 1343 426 1382 Ἐμοὶ
449 1343 519 1373 δοκεῖ
533 1344 644 1372 ἐνταῦθα
663 1341 693 1370 τὸ
707 1341 806 1380 Ἀφελῶ
820 1339 863 1368 λε’-

93 1402 164 1429 γειν,
185 1390 215 1420 τὸ
228 1390 300 1420 ἐάσω
321 1389 367 1419 καὶ
389 1389 484 1430 ἀφήσω
500 1411 508 1425 ,
531 1388 621 1427 ὥσπερ
634 1389 649 1416 ὁ
662 1386 768 1420 Παῧλός
782 1397 862 1426 φησι·

94 1437 252 1476 Παρέδωκεν
270 1435 364 1469 αὐτοὺς
382 1437 420 1470 εἰς
436 1435 560 1474 ἀδόκιμον
574 1436 633 1463 νοῦν
646 1445 652 1452 ·
676 1434 705 1463 οὗ
720 1434 797 1463 τοῦτο
809 1433 861 1461 δει-

94 1483 156 1517 κνὺς
167 1506 174 1519 ,
189 1483 231 1513 ὅτι
245 1482 367 1512 ἔνίὸαλεν
383 1484 420 1515 εἷς
434 1482 541 1516 ἄνοιαν,
562 1481 620 1510 ἀλλ’
646 1480 686 1509 ὅτι
709 1481 794 1520 ἀφῆκε
817 1478 862 1508 καὶ

94 1530 181 1559 εἴασεν
195 1528 319 1564 ἀνοήτους
332 1529 418 1561 ὄντας.
437 1528 490 1557 Καὶ
504 1527 640 1562 ἐπιστήσω
651 1525 800 1558 νεανίσκους
814 1524 861 1564 ἄρ-

94 1587 188 1615 χοντας
208 1577 303 1605 αὐτῶν.
327 1575 414 1604 Τοῦτο
437 1573 564 1614 ἀναρχίας
585 1577 674 1612 χεῖρον
698 1571 743 1600 καὶ
773 1572 864 1610 πολλῷ

94 1621 288 1661 χαλεπιίντερον.
309 1620 344 1651 Ὁ
366 1620 413 1659 μὶν
435 1620 487 1660 γὰρ
500 1622 548 1650 οὐκ
560 1619 627 1659 ἔχων
643 1619 772 1658 ἄρχοντα,
797 1618 865 1646 ἀπε-

95 1667 221 1706 στέρηται
233 1669 278 1696 τοῧ
289 1669 524 1707 χειραγωγοῦντος”
538 1668 553 1695 ὁ
564 1665 590 1694 δὲ
603 1664 718 1704 πονηρὸν
730 1663 808 1703 ἔχων,
820 1662 864 1691 τὸν

94 1712 260 1751 ἐμὸάλλοντα
272 1714 309 1746 εἰς
317 1711 449 1752 κρημνοὺς
459 1711 524 1751 ἔχει.
540 1710 699 1743 Νεανίσκους
713 1710 740 1739 δὲ
754 1711 865 1738 ἐνταῦθα

94 1759 155 1798 οὐχὶ
168 1759 258 1792 ἁπλῶς
271 1758 320 1794 τὴν
334 1758 439 1793 ἠλικίαν
453 1756 601 1786 διαὸἄλλων
612 1756 722 1795 ἔφησεν,
741 1756 799 1784 ἀλλ’
813 1755 866 1783 ἀπὸ

95 1808 140 1834 τοῦ
167 1804 352 1838 πλεονάζοντος
375 1802 424 1839 τὴν
451 1803 539 1833 ἄνοιαν
563 1803 649 1832 αὐτῶν
679 1801 864 1831 ἐπιδείκνυται.

94 1851 175 1880 Ἐστι
190 1850 242 1890 γὰρ
253 1849 299 1880 καὶ
308 1849 381 1883 νέους
399 1844 466 1878 εἶναι
482 1848 617 1885 συνετοὺς,
628 1847 673 1878 καὶ
685 1846 865 1888 γεγηρακότας

95 1944 194 1974 ὄαίνειν
205 1944 280 1974 εἴωθε
290 1965 298 1980 ,
315 1943 346 1973 τὸ
369 1943 398 1973 δὲ
411 1942 552 1976 πλεονάζον
565 1942 713 1972 τούναντίον
730 1941 818 1977 ἐστὶν,
838 1941 864 1975 ἐξ

95 1990 195 2019 ἐκείνου
211 1989 335 2026 ἀνοήτως
350 1989 495 2028 ὠνόμασεν.
518 1988 596 2018 Ἐπεὶ
610 1988 655 2018 καὶ
667 1987 796 2026 Τιμόθεος
809 1988 865 2021 νέος

95 2032 142 2072 ἦν,
155 2036 201 2066 καὶ
216 2035 315 2076 μυρίων
328 2035 514 2075 γεγηρακότων
527 2035 673 2076 σοφώτερον
686 2034 732 2067 τὰς
745 2035 862 2070 Ἐκκλη-

95 2082 154 2116 σίας
167 2082 312 2123 διώρθωσε·
326 2081 372 2111 καὶ
385 2083 513 2120 Σολομῶν
526 2082 605 2117 ἡνίκα
620 2079 668 2119 μὲν
681 2084 692 2096 “
702 2080 865 2116 δωδεκαέτης

95 2124 142 2166 ἦν,
154 2130 193 2170 τῷ
206 2130 269 2169 Θεῷ
283 2127 427 2168 διελέγετο,
452 2128 497 2157 καὶ
516 2129 617 2163 πολλῆς
631 2127 751 2163 ἀπήλαυε
765 2128 866 2167 παῤῥη-

96 2177 168 2214 σίας,
191 2177 236 2207 καὶ
254 2177 444 2217 ἀνεκηρύττετο
452 2199 460 2214 ,
480 2176 524 2206 καὶ
543 2177 728 2216 ἐστεφανοῦτο,
743 2175 788 2205 καὶ
808 2175 867 2204 θέα-

97 2234 158 2262 τρον
169 2223 223 2253 ἀπὸ
233 2224 285 2252 τῶν
302 2223 442 2263 βαρὸάρων
455 2224 503 2258 τῆς
527 2224 606 2252 αὐτοῦ
631 2222 723 2262 σοφίας
744 2221 846 2254 ἐκάθιζε
857 2243 865 2256 ,

98 2268 143 2298 καὶ
156 2269 204 2298 οὔκ
217 2269 307 2309 ἄνδρες
320 2268 397 2308 μόνον
405 2290 414 2305 ,
426 2268 495 2298 ἀλλὰ
507 2268 559 2304 ἤδη
573 2268 618 2298 καὶ
631 2272 752 2307 γυναῖκες
765 2266 866 2307 πόῤῥωι

98 2317 140 2344 θεν
154 2315 290 2350 ἐπιοῦσαι,
310 2314 407 2351 ταύτην
422 2314 503 2354 μόνην
516 2316 564 2350 τῆς
574 2314 725 2353 ἀποδημίας
736 2313 784 2349 τὴν
797 2314 863 2342 ὑπό-

131 2416 142 2428 ·
161 2410 204 2434 καὶ
223 2409 235 2433 ὸ
246 2409 350 2440 Σολομῶν
364 2409 427 2436 ἡνίκα
440 2408 482 2438 μὲν
502 2407 640 2435 δωδεκαέτης
651 2408 685 2435 ἦν.
699 2405 735 2429 Ea
749 2410 786 2430 est
798 2412 861 2437 quo-

99 2446 215 2474 rumdam
239 2444 450 2479 chronologorum
464 2445 587 2470 aententia
596 2464 603 2476 ,
620 2444 782 2470 Salomonem
797 2442 862 2469 duo-

99 2485 206 2514 dennem
224 2493 326 2520 regnare
344 2485 460 2517 coepisse,
477 2492 554 2518 eaque
571 2483 698 2517 sapientiae
715 2488 862 2517 argumenta

101 2525 248 2557 exhibuisse,
266 2534 321 2559 quae
333 2526 358 2550 in
376 2524 505 2557 Scriptura
523 2529 672 2549 narrantur:
692 2531 778 2549 verum
800 2522 865 2556 peri-

104 2565 178 2591 tiore·
188 2564 333 2598 chronologi
350 2564 401 2597 jam
416 2569 470 2588 tum
480 2562 562 2588 virum
581 2562 654 2587 fuisse
667 2568 777 2588 censent.
791 2563 864 2587 Certe

1609 164 1653 207 stt

913 233 967 263 lare
978 234 1107 274 potuisset
1115 235 1151 272 i’),
1166 235 1213 265 sed
1224 247 1257 266 ex
1272 236 1364 267 divina
1380 237 1463 276 gratia
1478 248 1507 267 ea
1520 248 1579 276 quae
1594 248 1656 277 pro-

913 280 958 309 cul
974 280 1042 310 facta
1061 288 1135 310 erant
1152 282 1288 322 praevidit.
1302 284 1343 313 Et
1357 293 1465 320 senem,
1482 285 1511 313 5.
1526 290 1553 313 et
1571 288 1654 323 prin-

875 350 899 368 ³5
913 328 1005 365 cipem
1015 337 1101 366 super
1112 329 1414 368 quinquaginta.Cum
1427 330 1460 359 iis
1474 329 1553 359 etiam
1568 340 1656 359 senem

879 377 897 400 Α
913 379 939 401 et
959 373 1109 414 principem
1123 384 1204 414 super
1222 374 1416 415 quinquaginta
1436 386 1464 405 se
1485 375 1658 406 sublaturum

913 429 970 448 esse
983 418 1051 449 dicit
1067 432 1072 448 z
1085 430 1173 450 senem
1186 431 1238 451 non
1250 421 1409 462 simpliciter
1426 432 1488 451 eum
1502 421 1549 460 qui
1563 432 1657 452 conse-

914 465 1002 495 nuerit
1014 464 1091 503 dicit,
1103 466 1151 496 sed
1164 477 1226 496 eum
1241 468 1287 507 qui
1307 477 1369 498 cum
1379 467 1475 498 canitie
1489 467 1659 507 prudentiam

914 512 1021 542 canitiei
1045 521 1245 545 consentaneam
1272 522 1370 546 servat.
1401 516 1471 545 Cum
1498 525 1561 545 vero
1592 515 1659 544 dicit

914 558 1064 598 principem
1091 570 1173 599 super
1193 561 1405 601 quinquaginta,
1432 571 1484 591 non
1505 562 1659 601 quempiam

915 606 1071 647 hujusmodi
1090 608 1239 649 principem
1253 616 1397 646 memorat,
1421 609 1468 638 sed
1488 609 1539 638 hoc
1554 610 1660 638 nomine

917 653 1051 694 principes
1077 664 1168 684 omnes
1193 655 1356 685 subindicat.
1382 655 1460 685 Nihil
1481 656 1569 691 enim,
1590 656 1664 684 nihit

917 706 986 729 certe
993 700 1184 737 miserabilius,
1198 712 1282 740 quam
1294 702 1370 731 nullo
1381 702 1537 742 magistratu
1551 702 1623 741 regi,
1632 709 1661 731 ut

916 746 986 775 nihil
999 747 1177 786 periculosius
1191 748 1253 776 navi
1267 757 1316 777 sno
1330 746 1456 777 destituta
1470 748 1658 787 gubernatore.

915 794 1008 832 Neque
1026 794 1071 823 hic
1091 793 1206 834 gradum
1220 795 1301 832 sistit,
1323 794 1371 824 sed
1390 802 1415 824 et
1436 795 1517 824 aliam
1536 806 1660 835 magnam

881 837 899 859 Β
916 839 1026 868 tutelam
1044 850 1072 869 se
1085 840 1237 870 ablaturum
1257 840 1445 878 comminatur,
1465 851 1511 871 eos
1524 841 1570 880 qui
1588 841 1673 870 hona-

915 884 979 914 dare
992 885 1106 915 consilia
1125 886 1239 926 possint,
1254 886 1301 924 qui
1319 896 1373 916 non
1387 887 1478 917 minus
1493 898 1574 926 quam
1587 898 1674 916 arma.

915 930 1070 961 civitatibus
1080 931 1196 961 afferunt
1206 932 1351 961 auxilium.
1362 933 1431 962 Nam
1446 933 1498 962 ait:
1513 933 1671 974 Auferam*

916 977 1119 1006 admirabilem
1140 978 1343 1007 consiliarium
1352 1001 1359 1014 ‚
1386 985 1414 1006 et
1436 981 1595 1018 sapientem
1613 990 1660 1009 ar-

916 1024 1085 1057 chitectum,·
1107 1033 1159 1053 non
1173 1031 1332 1054 structorem
1346 1024 1452 1062 dicens,
1473 1025 1521 1054 sed
1537 1026 1565 1055 in
1579 1036 1662 1065 nego-

916 1069 961 1098 tiis
982 1069 1116 1109 peritum,
1136 1070 1222 1099 multa
1240 1069 1369 1107 doctum,
1393 1077 1418 1099 et
1439 1081 1500 1100 cum
1519 1071 1663 1111 prudentia

916 1114 1004 1144 omnia
1013 1114 1130 1145 civitatis
1140 1115 1246 1155 negotia
1254 1115 1443 1145 administrare
1451 1117 1587 1146 scientem.

955 1163 985 1191 5.
1008 1163 1078 1192 Cum
1088 1162 1131 1191 his
1142 1161 1234 1199 etiam,
1249 1163 1291 1191 Et
1299 1163 1470 1201 prudentem
1483 1165 1660 1193 auditorem.

915 1208 944 1238 Si
958 1209 1029 1238 enim
1038 1208 1090 1237 hoc
1098 1202 1225 1245 abfuerit,
1238 1208 1288 1238 etsi
1301 1208 1353 1238 alia
1367 1209 1456 1239 omnia
1464 1209 1564 1243 adsint,
1572 1212 1659 1241 nihilo

915 1255 978 1294 plus
997 1253 1098 1283 accedit
1122 1253 1288 1291 civitatibus,
1298 1255 1348 1283 etsi
1357 1255 1504 1295 prophetae,
1514 1257 1564 1286 etsi
1575 1258 1663 1286 consi-

881 1302 899 1326 C
916 1301 1000 1337 liarii,
1015 1300 1064 1330 etsi
1076 1300 1247 1340 magistratus
1261 1300 1360 1336 adsint,
1374 1302 1398 1330 si
1408 1302 1502 1331 nullus
1510 1303 1545 1332 sit
1555 1304 1602 1342 qui
1613 1315 1663 1334 au-

915 1348 982 1385 diat,
998 1348 1087 1377 omnia
1099 1348 1198 1377 frustra
1212 1348 1275 1377 etin
1287 1347 1404 1377 nihilum
1414 1349 1523 1379 abeunt.
1541 1350 1659 1380 Videtur

915 1401 1003 1424 autem
1014 1393 1083 1423 mihi
1095 1393 1140 1423 hic
1151 1393 1300 1434 Auferam
1310 1393 1376 1431 dici,
1386 1394 1463 1433 quasi
1474 1395 1578 1427 Sinam.
1592 1397 1659 1426 Per-

914 1440 1027 1477 mittam,
1036 1438 1264 1478 quemadmodum
1276 1439 1376 1469 Paulus
1387 1440 1441 1469 ait:
1460 1442 1594 1471 Tradidit
1609 1454 1657 1472 eos
1667 1448 1814 1475 Rom.1.2.8›

915 1488 946 1515 in
964 1487 1116 1526 reprobum
1137 1495 1267 1521 sensum;
1282 1495 1336 1515 non
1356 1485 1408 1516 hoc
1424 1496 1514 1525 sensu,
1537 1488 1614 1526 quasi
1630 1489 1658 1517 in

914 1532 1056 1562 amentiam
1064 1532 1137 1572 ipsos
1146 1531 1298 1571 conjecerit,
1307 1532 1354 1560 sed
1363 1532 1427 1570 quia
1435 1532 1590 1572 insipientes
1597 1545 1659 1564 cum

914 1585 1009 1615 essent,
1023 1578 1095 1618 ipsos
1108 1577 1212 1606 dimisit
1228 1584 1253 1606 et
1266 1577 1385 1617 reliquit.
1401 1579 1431 1608 t.
1447 1580 1490 1609 Et
1506 1581 1660 1610 instituam

915 1623 1148 1653 adolescentulos
1170 1623 1314 1662 principes
1339 1634 1447 1654 eorum.
1474 1626 1531 1655 Hoc
1554 1626 1659 1656 defectu

915 1669 994 1699 etiam
1009 1669 1213 1708 magistratuum
1231 1670 1307 1709 pejus
1329 1677 1355 1699 et
1375 1670 1462 1700 multo
1484 1672 1594 1711 gravius
1609 1681 1656 1703 est.

915 1717 985 1745 Nam
997 1715 1044 1754 qui
1054 1714 1202 1755 principem
1215 1725 1268 1744 non
1278 1715 1368 1752 habet,
1380 1716 1449 1746 duce
1462 1718 1598 1757 privatum
1612 1720 1658 1757 qui

916 1771 980 1790 vero
997 1760 1098 1789 malum
1120 1766 1215 1789 nactus
1227 1766 1266 1789 est
1285 1760 1399 1798 ducem,
1419 1762 1499 1791 habet
1517 1764 1563 1801 qui
1585 1775 1612 1794 se
1632 1764 1658 1793 in

1723 1730 1813 1750 [ἣκει-ιι

1709 1760 1794 1781 nullum
1805 1775 1810 1784 ,

915 1806 1063 1847 praecipitia
1070 1805 1203 1846 conjiciat.
1216 1806 1436 1837 Adulescentulus
1447 1816 1536 1839 autem
1548 1810 1593 1840 hic
1604 1822 1658 1841 me·
1669 1798 1811 1843 ffimaufflss

916 1859 1003 1882 morat
1016 1862 1068 1881 non
1082 1858 1111 1881 ut
1124 1858 1226 1881 aetatem
1241 1852 1342 1892 culpet,
1355 1853 1401 1883 sed
1421 1861 1451 1884 ut
1465 1855 1575 1885 illorum
1590 1857 1656 1886 insi·
1671 1854 1759 1874 ¹²²¹'0‘0-

95 1897 170 1937 ἀνοίᾳ
183 1899 264 1936 συζῇν
275 1909 282 1916 ·
299 1897 357 1926 ἀλλ’
369 1895 460 1932 ἐπειδὴ
481 1898 559 1926 τοῦτο
579 1894 626 1934 μὲν
642 1895 780 1928 σπανιάκις
794 1906 863 1933 συμ-
881 1898 902 1921 D
916 1899 1043 1940 pientiam
1056 1899 1146 1938 aptius
1167 1898 1297 1929 ostendat.
1314 1900 1452 1939 Contingit
1465 1901 1537 1931 enirn
1548 1904 1660 1942 juvenes

916 1955 972 1974 esse
985 1944 1140 1984 prudentes,
1155 1951 1181 1973 et
1189 1954 1264 1974 senes
1273 1944 1300 1973 in
1314 1944 1467 1985 insipientia
1479 1947 1595 1977 vixisse:
1614 1960 1661 1979 ve-

916 2002 978 2021 rum
990 1990 1053 2030 quia
1066 1989 1095 2020 id
1108 1990 1195 2020 rarius
1206 1990 1326 2020 accidere
1341 1992 1418 2029 solet,
1435 1993 1482 2022 sed
1497 1995 1664 2026 contrarium
1707 1986 1714 1990 '

918 2037 1076 2077 plerumque
1089 2036 1229 2076 contingit;
1248 2036 1308 2066 ideo
1327 2032 1390 2067 illos
1403 2037 1558 2079 insipientes
1571 2042 1661 2071 nomi-

915 2084 1001 2114 navit.
1013 2084 1084 2114 Nam
1096 2089 1123 2112 et
1132 2083 1292 2113 Timotheus
1313 2084 1422 2123 juvenis
1442 2093 1498 2118 erat
1512 2099 1518 2116 :
1538 2086 1560 2116 is
1572 2095 1660 2118 tamen

918 2129 1074 2170 sapientius,
1091 2139 1172 2168 quam
1190 2128 1324 2159 innumeri
1342 2140 1428 2167 senes,
1452 2131 1593 2165 Ecclesias>
1611 2134 1663 2164 ad-

919 2175 1096 2213 ministravit3
1118 2181 1145 2204 et
1162 2175 1289 2205 Salomon
1309 2186 1392 2206 annos
1410 2184 1487 2207 natus
1507 2177 1663 2215 duodecim,

919 2232 981 2251 cum
999 2222 1057 2251 Deo
1079 2221 1249 2259 loquebatur,
1270 2222 1409 2262 multaque
1428 2231 1484 2253 erat
1506 2224 1614 2255 dicendi
1630 2227 1663 2255 fi-

918 2267 997 2297 ducia
1013 2267 1173 2303 instructus,
1201 2277 1232 2296 ac
1251 2278 1299 2297 rex
1320 2267 1471 2299 declaratus
1499 2279 1662 2301 coronatus—

918 2324 969 2352 que
988 2320 1037 2350 est,
1059 2312 1240 2351 barbarosque
1261 2313 1356 2343 habuit
1373 2315 1508 2354 sapientiae
1530 2327 1584 2347 suae
1605 2328 1668 2358 spe-

910 2403 931 2429 si
942 2401 1083 2428 duodennis
1093 2401 1174 2428 solum
1182 2408 1237 2428 erat
1249 2411 1305 2429 cum
1316 2412 1419 2437 regnare
1429 2406 1517 2438 coepit,
1525 2411 1550 2430 et
1559 2406 1670 2439 quadra—

911 2443 980 2476 ginta
999 2443 1071 2467 annis
1091 2443 1232 2475 regnaverit
1241 2462 1247 2473 ,
1271 2448 1299 2468 ut
1319 2444 1355 2468 ait
1377 2444 1518 2477 Scriptura,
1541 2453 1669 2479 annosque

912 2488 986 2508 natus
1001 2481 1180 2515 quinquaginta
1193 2481 1256 2506 duos
1268 2480 1367 2514 obierit,
1379 2482 1507 2515 quomodo
1518 2482 1597 2509 stabit.
1610 2484 1675 2512 illud

913 2521 1057 2554 Scripturas,
1076 2520 1173 2551 Regum
1190 2519 1234 2546 lib.
1254 2521 1277 2551 3,
1298 2529 1320 2545 c.
1345 2523 1353 2544 l
1363 2523 1383 2551 Ι,
1404 2531 1427 2546 v.
1446 2523 1459 2545 4
1470 2531 1474 2545 :
1490 2521 1602 2559 Cumque
1614 2524 1673 2559 jam

917 2569 989 2585 senex
999 2564 1068 2591 esset,
1083 2559 1247 2593 depravatum
1260 2565 1295 2583 es!
1306 2568 1347 2583 cor
1358 2559 1410 2591 ejus
1420 2569 1464 2593 per
1475 2562 1586 2587 mulieres
1594 2563 1607 2587 τ’
