1904 2840
16 526 48 549 ιΙι.
55 526 85 550 ’8.

0 1944 102 1970 rie-rao.

606 222 641 245 ΙΝ
666 221 871 245 ΜΑΤΤΗΕΠΜ.
899 222 1024 246 HOMlLr
1045 222 1155 247 XXXV-

1575 213 1646 262 889·

113 283 206 314 fideles
216 294 223 312 ε
235 282 306 313 Eone
315 284 378 313 Rex
389 282 500 312 cae'lestis
510 281 693 312 demenda-ad
706 293 786 322 regna
798 290 851 312 tar·
869 286 889 309 Α
905 290 980 312 aetate
1000 283 1112 320 defecta,
1128 284 1230 314 Christi
1251 285 1364 324 vestigia
1383 287 1543 325 sei1uebatur
1558 299 1565 316 ι
1580 282 1645 326 quia

112 330 195 360 tarea,
216 330 247 352 ut
263 331 352 362 regem
373 322 483 361 quidem
505 322 598 352 mortis
619 322 749 358 destruat,
765 323 850 362 ipsam

111 370 200 393 nutem
218 369 331 392 mortem
344 361 493 392 divinitatis
513 372 567 391 suae
581 362 698 402 potentia
711 362 810 397 calcet,
825 369 851 391 et

110 403 149 433 sic
161 402 268 433 vinculo
277 402 446 431 tenebrarum
459 401 558 438 soluto,
573 402 692 440 captivas
701 403 802 431 animas
817 401 852 430 ad

110 453 158 472 sua
169 452 248 482 regna
259 441 396 481 perducat.
409 438 465 471 Nec
477 441 681 470 innumerabilis
694 441 790 470 militia
799 441 850 470 dae-

110 492 219 512 monum
230 481 350 510 resistere
367 481 464 521 poterit
477 487 568 510 contra
589 491 661 510 eum.
677 482 765 517 Quem
779 481 851 509 enim

111 521 139 551 in
151 531 264 561 corpore
275 520 450 551 constit-tum
461 520 609 549 timuerunt
620 519 736 549 dicentes
750 532 756 548 :
773 520 853 558 Quid

111 563 194 591 nobis
201 567 229 590 et
240 561 302 594 tibi,
309 560 382 589 Jesu
390 561 454 588 Fili
460 560 516 588 Dei
527 559 655 588 excelsi?
666 561 775 588 venisti
784 566 850 588 ante

111 607 220 640 tempus
240 605 373 639 torquere
390 609 443 628 nos
455 602 468 627 P
489 598 624 638 quomodo
643 598 743 628 nudam
763 599 849 638 ipsam

108 640 278 670 divinitatem
290 645 381 668 contra
399 649 427 667 se
443 638 644 668 descendentem
656 645 781 678 poterunt
794 648 850 667 sus-

109 679 214 709 tinere?
227 679 298 709 Ecce
349 685 373 707 st
385 685 439 707 tres
451 678 510 707 dies
527 678 620 707 mortis
633 687 688 707 suae
699 684 850 707 revertetur

109 719 145 748 ab
158 718 260 754 inferis,
273 718 349 757 quasi
361 717 449 748 victor
459 717 495 747 de
508 716 590 746 bello.
605 718 675 746 Nam
686 727 749 746 cum
762 717 848 746 victo-

109 758 150 788 ria
167 758 249 787 fuerit
263 764 457 793 consummata,
472 756 539 795 quid
554 756 629 786 aliud
647 763 738 793 restat,
753 756 805 786 nisi
821 764 850 786 ut

109 798 184 837 regni
197 797 282 837 gloria
293 797 491 835 subsequatur?
506 797 579 835 Ergo
592 795 733 833 faciamus,
742 797 848 834 fratres,

109 837 245 875 quomodo
267 846 409 876 possumus
425 836 500 875 regni
522 835 596 864 illius
618 835 676 864 fieri
694 835 847 876 participes.

111 877 216 907 Scimus
229 877 293 915 quia
307 875 417 905 invidus
436 885 489 904 non
502 881 551 903 est.
570 875 624 912 Qui
646 875 718 904 enim
732 875 850 915 seipsum

111 916 222 954 donavit
231 915 396 949 hominibus,
410 913 545 953 quomodo
558 914 632 953 regni
644 915 686 943 sui
699 915 850 945 societatem

110 966 163 985 non
177 955 309 984 donabit?
328 954 445 984 Petentis
462 954 623 995 negligentia
643 954 850 993 reprehenditur

110 995 159 1025 ubi
171 994 206 1024 de
224 994 312 1023 dantis
324 993 506 1023 misericordia
525 1003 577 1021 non
595 993 745 1022 dubitatur.
758 994 787 1024 Si
802 1005 850 1024 nos

109 1042 234 1074 rogamus
256 1034 425 1074 magistrum,
439 1032 550 1061 forsitan
564 1039 720 1062 caeterorum
738 1034 850 1063 fratrum

107 1073 190 1104 corda
200 1074 396 1103 concutiemus:
404 1079 430 1101 et
439 1071 507 1101 dum
518 1072 595 1101 nobis
607 1071 714 1101 duobus
725 1073 852 1103 volumus

107 1113 260 1153 providere,
282 1113 354 1142 inter
375 1122 467 1141 omnes
486 1110 642 1141 scandalum
662 1112 848 1143 excitabimus.

106 1154 176 1183 Nam
185 1153 232 1182 etsi
242 1152 326 1182 sancti
337 1152 490 1183 sint,tamen
501 1151 622 1180 homines
631 1152 767 1181 sunt.Etsi
779 1152 851 1182 vinci

107 1204 123 1222 a
135 1203 214 1222 carne
224 1202 277 1221 non
290 1197 412 1232 possunt,
427 1191 504 1229 quasi
515 1191 571 1230 jam
584 1190 749 1230 spirituales,
763 1197 850 1221 tamen

108 1231 212 1271 percuti
230 1238 354 1271 possunt,
369 1232 446 1269 quasi
466 1229 555 1259 adhuc
574 1230 703 1259 carnales.
723 1232 762 1260 Ut
783 1231 851 1270 quid

107 1281 171 1310 ergo
182 1271 226 1300 vel
243 1271 316 1300 leves
329 1270 478 1300 occasiones
491 1269 597 1306 demus,
611 1269 711 1314 quibus
727 1270 850 1315 improba

108 1310 196 1339 camis
206 1317 302 1340 natura
314 1309 474 1348 tranquillas
483 1319 577 1338 eorum
586 1319 689 1338 animas
703 1309 850 1348 inquietet?

108 1351 303 1380 submittamus
314 1359 378 1388 ergo
387 1355 497 1377 matrem
507 1355 670 1384 nostram,ut
682 1358 731 1377 suo
745 1352 851 1379 nomine

107 1388 268 1430 deprecetur
281 1399 330 1429 pro
342 1388 430 1423 nohis,
445 1394 471 1416 et
490 1388 558 1416 fiunt
571 1387 627 1416 duo
640 1388 722 1416 bona.
735 1388 764 1417 Si
778 1389 850 1419 enim

107 1439 150 1458 res
162 1429 220 1469 ipsa
235 1427 454 1468 reprehensibilis
470 1427 576 1456 iuventa
593 1427 685 1463 fuerit,
700 1427 778 1457 facile
794 1439 850 1458 me-

107 1475 182 1498 retur
193 1466 391 1506 veniam,quasi
404 1466 579 1506 mulier.Ipse
587 1466 660 1496 enim
672 1477 752 1496 sexus
766 1478 848 1497 excu-

108 1515 149 1537 sat
164 1508 330 1537 errorem.Si
342 1513 432 1535 autem
443 1516 496 1534 non
510 1506 591 1534 suerit
607 1506 850 1545 importuna,-faci-

109 1547 164 1576 lius
175 1546 331 1587 impetrabit
344 1552 427 1577 mater
439 1555 491 1585 pro
511 1545 576 1574 filiis
593 1545 650 1574 suis
666 1555 772 1589 rogans.
789 1547 851 1585 Ipse

108 1586 181 1616 enim
195 1586 338 1621 Dominus,
352 1584 400 1628 qui
414 1591 544 1614 maternos
555 1584 658 1612 animos
671 1584 791 1613 filiorum
801 1586 852 1614 mi-

110 1626 240 1655 seratione
257 1624 400 1664 implevit,
426 1623 532 1652 facilius
552 1623 679 1652 exaudiet
701 1630 851 1653 maternum

111 1665 246 1694 affectum.
262 1665 360 1703 Magna
373 1662 434 1692 laus
451 1662 573 1691 mulieris
585 1662 669 1701 'hujus
681 1673 715 1691 ex
727 1662 778 1692 hoc
792 1663 850 1693 loco

111 1704 258 1743 colligitur.
268 1703 397 1738 Primum,
405 1702 469 1742 quia
476 1712 528 1731 non
538 1702 626 1731 solum
635 1701 678 1731 illi
688 1702 852 1741 reliquerant

111 1750 226 1783 patrem,
237 1742 284 1772 sed
294 1742 373 1771 etiam
386 1742 443 1781 ipsa
457 1741 602 1779 reliquerat
614 1741 705 1771 virum
719 1751 809 1777 snum,
825 1749 851 1772 et

112 1790 223 1822 sequuta
235 1783 321 1811 suerat
331 1781 482 1811 Christum.
497 1781 533 1810 Et
546 1781 589 1810 illi
602 1780 774 1810 ostenderunt
786 1781 850 1820 quia

112 1822 163 1851 filii
175 1829 250 1851 erant
261 1820 417 1860 hujusmodi
431 1821 534 1856 matris,
548 1827 574 1849 et
587 1820 646 1864 ipsa
661 1820 776 1849 ostendit
787 1821 849 1859 quia

113 1868 196 1891 mater
205 1868 262 1898 erat
271 1861 368 1890 talium
377 1860 506 1897 filiorum.
517 1860 652 1896 Quoniam
660 1866 748 1888 autem
758 1860 851 1890 vivum

113 1901 257 1940 reliquerat
273 1901 372 1934 virum,
383 1909 469 1928 sermo
480 1898 708 1937 demonstrat,qui
723 1899 757 1928 de
769 1909 851 1929 voca-

113 1941 184 1970 tione
195 1951 287 1969 eorum
301 1939 416 1978 scriptus
427 1945 477 1974 est,
489 1937 580 1968 dicens
592 1950 598 1968 ε
610 1939 663 1967 Illi
673 1945 770 1967 autem
781 1939 850 1968 reli-

114 1986 239 2020 querunt
251 1985 364 2018 patrem
376 1988 460 2008 suum
473 1979 647 2007 Zebedoeum
661 1980 692 2006 in
707 1980 777 2007 navi
786 1989 851 2007 cum

114 2020 310 2054 mercenariis,
321 2025 349 2047 et
365 2019 480 2057 sequuti
497 2023 565 2046 sunt
582 2018 762 2047 Jesum.Nisi
785 2018 853 2047 forte

112 2060 174 2098 quis
191 2058 273 2095 dicat,
288 2058 351 2097 quia
362 2057 486 2087 Christus
503 2057 651 2096 plusquam
666 2057 779 2086 triennio
799 2057 852 2086 do-

113 2099 180 2135 cuit,
195 2105 222 2128 et
239 2098 308 2127 intra
333 2104 437 2136 tempus
457 2097 605 2126 vocationis
622 2097 804 2135 apostolorum
826 2104 853 2126 et

113 2138 244 2177 passionis
254 2137 355 2167 Christi
367 2142 488 2166 mortuus
500 2143 540 2165 est
551 2136 706 2171 bbedmus,
714 2142 740 2165 et
753 2136 792 2165 sic
806 2136 853 2165 illa

114 2183 224 2215 sequuta
234 2183 273 2205 aet
284 2188 293 2205 ε
306 2177 398 2206 Jesum
408 2182 496 2204 tamen
512 2182 624 2213 sequuta
637 2182 685 2204 est.
702 2175 798 2211 Qualis
811 2186 853 2204 ra-

114 2215 174 2252 dix,
185 2215 250 2245 talia
259 2222 285 2244 et
299 2215 421 2253 germina
433 2227 440 2242 z
456 2221 482 2243 et
494 2215 582 2253 qualis
595 2221 675 2250 terra,
688 2214 749 2243 talis
761 2221 786 2243 et
799 2215 855 2242 sru-

116 2261 185 2284 ctus.
200 2255 261 2284 Non
276 2264 335 2283 eam
347 2253 422 2287 vicit,
435 2253 504 2282 sicut
518 2260 624 2282 caeteras
642 2254 779 2290 mulieres,
794 2264 855 2282 ma-

116 2294 203 2323 ritalis
215 2293 324 2322 affectus
339 2305 346 2321 t
362 2292 425 2331 quia
439 2291 485 2320 ille
497 2292 651 2331 temporalis
664 2299 720 2321 erat
733 2292 854 2327 maritus,

117 2333 166 2362 iste
177 2340 265 2363 autem
279 2332 409 2377 perfectus
422 2341 546 2370 sponsus.
558 2331 637 2360 Illius
648 2342 723 2360 amor
735 2331 856 2375 deceptio

117 2379 173 2402 erat
190 2372 314 2407 carnalis,
327 2371 403 2399 istius
424 2377 523 2406 autem,
538 2370 646 2399 dileetio
665 2370 859 2410 incorruptibi-

118 2412 153 2441 lis
165 2413 238 2442 vitae.
249 2412 309 2441 Non
321 2410 395 2439 illam
407 2410 492 2438 tenuit
501 2409 633 2438 miseratio
640 2410 780 2439 senectutis
791 2410 860 2449 ejus,

119 2451 183 2489 quia
203 2451 250 2480 illc
270 2450 327 2480 sine
348 2449 397 2478 ista
410 2448 502 2478 vivere
514 2454 625 2488 poterat,
641 2449 690 2478 ista
704 2456 792 2478 autem
804 2449 861 2478 sine

119 2489 230 2519 Christo
249 2489 324 2519 salva
342 2499 398 2518 esse
420 2498 471 2516 non
498 2494 610 2527 poterat.
626 2488 761 2527 Cogitavit
777 2489 859 2525 enim,

120 2529 246 2567 quoniam
265 2528 381 2568 amplius
405 2527 526 2572 proderit
547 2527 606 2556 viro
627 2538 693 2564 suo,
712 2527 735 2556 si
755 2535 862 2568 propter

122 2569 208 2597 Deum
228 2567 365 2606 reliquerit
385 2577 485 2601 virum,
503 2577 584 2604 quam
603 2565 626 2595 si
646 2573 755 2606 propter
771 2567 860 2597 virum

121 2606 258 2646 reliquerit
276 2607 374 2636 Deum.
396 2608 539 2646 Propterea
558 2615 624 2635 sexu
637 2606 782 2647 *fragilsset
805 2606 861 2646 jam

868 880 886 902 B

904 322 971 351 fides
983 333 1128 361 numquam
1140 324 1288 360 senescit,et
1299 325 1393 365 religio
1402 326 1582 366 fatigationem
1593 337 1646 356 non
1684 339 1686 342 ¹

904 362 993 391 sentit.
1009 362 1112 391 Deinde
1129 363 1191 401 quia
1210 373 1263 392 non
1284 366 1363 394 sentit
1385 365 1443 401 illa,
1458 367 1527 395 sicut
1545 373 1645 396 caetcrte

905 408 1011 438 matres,
1026 412 1085 440 quae
1102 413 1200 442 corpus
1213 410 1337 432 natorum
1348 415 1459 434 suorum
1471 412 1571 440 amant,
1583 405 1643 435 ani-

905 451 976 469 mam
994 447 1083 470 autem
1101 449 1282 473 contemnunt.
1312 444 1470 473 Desiderant
1489 445 1561 473 enim
1581 445 1643 474 illos

905 480 995 509 valere
1009 480 1036 508 in
1052 481 1149 510 saeculo
1170 482 1231 518 isto,
1246 489 1272 511 et
1283 492 1336 511 non
1351 490 1445 513 curant
1458 483 1525 522 quid
1538 486 1643 523 passuri

905 518 958 548 sint
972 519 998 548 in
1013 519 1077 548 alio.
1092 521 1147 549 Alii
1156 521 1267 550 militias
1280 521 1345 551 filiis
1357 523 1414 551 suis
1427 523 1579 562 provident,
1595 525 1643 553 alii

905 562 1028 594 honores,
1042 566 1068 588 et
1074 570 1152 589 nemo
1166 560 1230 589 filiis
1238 562 1294 590 suis
1307 561 1431 600 providet
1441 563 1539 591 Deum.
1554 564 1644 592 Perdi-

905 601 1004 629 tionem
1018 598 1127 628 illorum
1142 609 1204 628 cum
1219 610 1316 640 magno
1328 601 1414 640 pretio
1435 609 1599 641 comparant,
1616 610 1643 632 et

904 637 1018 669 salutem
1033 637 1144 667 illorum
1156 649 1204 668 nec
1216 640 1288 668 dono
1302 640 1421 679 accipere
1439 641 1543 670 volunt.
1559 642 1588 671 Si
1601 643 1643 672 vi-

904 677 993 708 derint
1006 676 1069 706 illos
1089 687 1139 716 pau
1161 689 1218 714 eres
1228 700 1236 712 ‚
1249 679 1388 708 tristantur
1402 686 1428 708 et
1449 681 1584 719 suspirant
1601 694 1607 710 :
1621 683 1645 711 si

903 723 993 748 autem
1005 716 1123 746 viderint
1135 717 1143 745 i
1158 718 1197 747 los
1210 725 1358 757 peccantes,
1371 729 1449 748 nemo
1463 719 1585 749 tristatur
1597 733 1603 749 :
1615 728 1646 750 ut

904 755 1044 787 ostendant
1054 756 1118 795 quia
1131 767 1275 797 corporum
1288 765 1350 787 sunt
1367 765 1500 798 parentes,
1513 768 1565 788 non
1583 760 1645 789 ani-

905 806 1022 826 marum.
1036 797 1170 826 Accessit
1177 807 1244 837 ergo
1253 798 1294 826 ad
1306 798 1418 834 Jesum,
1433 808 1538 838 rogans
1556 805 1585 828 et
1594 811 1645 839 pe-

907 842 971 866 tens
988 836 1104 875 aliquid
1121 838 1158 865 ab
1179 847 1224 865 eo.
1240 837 1378 866 Audacem
1391 838 1462 867 enim
1479 838 1574 867 fecerat
1586 850 1645 868 eam

906 883 1029 906 natorum
1049 874 1176 911 affectus,
1190 883 1216 905 et
1236 877 1410 906 reverentiam
1434 877 1543 907 forsitan
1563 879 1645 918 spiri·

907 915 1005 946 tualem
1027 914 1127 944 vicerat
1145 926 1219 944 amor
1242 916 1366 945 earnalis.
1388 918 1470 946 Dicit
1486 919 1514 945 ei
1534 918 1622 948 Jesus
1636 932 1644 948 :

908 956 988 994 Quid
1010 956 1079 983 vis?
1103 955 1162 984 Non
1188 955 1333 994 interrogat
1358 956 1435 994 quasi
1458 956 1592 995 nesciens,
1616 965 1646 987 ut

905 995 1011 1024 audiret
1027 993 1094 1033 quid
1113 994 1215 1023 vellet:
1231 994 1278 1024 sed
1301 1002 1331 1024 ut
1350 995 1397 1024 illa
1414 1003 1573 1035 exponente,
1589 1007 1647 1026 ma-

905 1035 1028 1063 nifestam
1054 1033 1150 1062 faceret
1168 1034 1378 1063 irrationabilem
1397 1035 1553 1075 petitionem
1571 1036 1645 1081 ipso-

906 1085 968 1103 rum
984 1085 990 1102 ε
1006 1073 1132 1112 quoniam
1146 1073 1271 1113 petebant
1287 1074 1397 1112 quidem
1419 1075 1496 1113 quasi
1514 1075 1644 1114 religiosi,

906 1120 932 1143 et
951 1113 1061 1142 caelestis
1075 1112 1166 1152 gloriae
1181 1119 1325 1148 amatores,
1338 1123 1390 1142 non
1412 1114 1488 1152 quasi
1508 1114 1647 1144 scientiam

907 1153 1034 1182 habentes
1050 1151 1189 1181 inutilium
1204 1152 1412 1191 postulationum
1436 1160 1462 1182 et
1476 1153 1644 1184 nocivarum.

906 1193 976 1222 Nam
994 1193 1147 1230 frequenter
1158 1192 1291 1221 Dominus
1308 1191 1410 1231 patitur
1422 1192 1570 1232 discipulos
1584 1204 1646 1223 suos

907 1231 1012 1270 aliquid
1022 1241 1074 1260 non
1094 1238 1163 1260 recte
1173 1237 1220 1260 aut
1240 1230 1328 1261 dicere
1339 1255 1347 1267 ,
1360 1238 1407 1260 ant
1424 1242 1517 1271 agere,
1539 1240 1586 1262 aut
1601 1243 1647 1262 co-

907 1272 990 1310 gitare
1000 1293 1007 1307 ,
1035 1277 1065 1300 ut
1093 1281 1128 1299 ex
1153 1270 1263 1299 illorum
1289 1271 1369 1311 culpa
1392 1271 1542 1300 occasiones
1568 1272 1647 1302 inve-

906 1310 962 1340 niat
973 1309 1097 1345 docendi,
1106 1316 1131 1339 et
1141 1309 1292 1349 exponendi
1303 1311 1423 1350 regulam
1437 1310 1552 1350 pietatis,
1562 1311 1646 1341 sciens
1656 1327 1695 1344 cu

906 1350 971 1388 quia
983 1356 1009 1379 et
1021 1349 1077 1389 ipse
1099 1359 1173 1378 error
1186 1359 1279 1378 eorum
1294 1360 1346 1379 non
1360 1357 1437 1379 nocet
1449 1357 1578 1389 praesente
1588 1362 1646 1380 ma-

907 1389 999 1434 gistro,
1010 1395 1037 1418 et
1049 1398 1140 1417 omnes
1150 1399 1203 1418 non
1217 1389 1305 1418 solum
1318 1390 1346 1418 in
1359 1389 1493 1429 praesenfi,
1510 1389 1557 1419 sed
1567 1390 1648 1420 etiam

909 1439 935 1457 m
960 1429 1052 1457 futuro
1070 1427 1191 1457 doctrina
1214 1428 1273 1467 ejus
1292 1429 1416 1458 aedificat.
1434 1430 1479 1457 At
1492 1429 1548 1458 illa
1563 1430 1647 1467 dixit,

907 1469 966 1497 Dic
978 1474 1010 1497 ut
1019 1467 1139 1496 sedeant
1154 1469 1185 1496 hi
1196 1469 1254 1497 duo
1253 1469 1318 1508 filii
1327 1470 1394 1504 mei,
1408 1478 1483 1496 unus
1499 1469 1540 1496 ad
1551 1469 1648 1498 dexte-

906 1517 971 1535 mm
982 1514 1074 1539 tuam,
1083 1513 1111 1535 et
1122 1507 1199 1535 alius
1210 1507 1252 1535 ad
1264 1509 1410 1536 sinistram
1427 1514 1507 1536 tuam
1519 1509 1550 1535 in
1559 1517 1647 1547 regno

908 1552 968 1575 tuo.
985 1546 1046 1575 Non
1063 1544 1190 1581 dicimus,
1204 1546 1267 1584 quia
1287 1553 1357 1575 recte
1371 1546 1448 1585 petiit
1460 1558 1467 1575 =
1481 1545 1527 1574 sed
1540 1545 1592 1575 hoc
1605 1547 1647 1576 di-

906 1586 1004 1621 cimus,
1019 1584 1083 1622 quia
1104 1594 1156 1612 non
1180 1591 1294 1621 terrena,
1310 1585 1356 1614 sed
1372 1586 1485 1614 caelestia
1505 1584 1570 1614 filiis
1591 1586 1647 1616 suis

906 1635 922 1653 o
943 1624 1022 1653 tabat.
1034 1624 1112 1652 Tunc
1126 1624 1259 1653 Dominus
1271 1624 1436 1654 occultorum
1450 1624 1647 1663 cognitor,‘non

906 1634 942 1692 ag
955 1663 1036 1692 verba
1056 1662 1241 1692 intercedentis
1255 1663 1537 1702 mulieris-respondit,
1551 1663 1597 1693 sed
1611 1664 1647 1693 ad

907 1703 1019 1732 consilia
1031 1702 1229 1741 suggerentium
1242 1702 1361 1732 filiorum
1372 1702 1519 1742 respondit,
1533 1702 1624 1732 dicens
1636 1716 1643 1732 :

907 1742 1032 1771 Nescitis
1051 1742 1124 1782 quid
1134 1743 1250 1781 petatis.
1267 1741 1486 1782 Concupiscentia
1500 1742 1570 1771 enim
1585 1753 1646 1772 car-

907 1781 976 1810 nalis
989 1791 1094 1810 omnem
1104 1781 1132 1809 in
1142 1781 1219 1810 vobis
1231 1782 1399 1822 spiritualem
1409 1780 1647 1812 considerationem

906 1821 1029 1850 exclusit.
1042 1821 1102 1850 Non
1122 1820 1235 1849 audistis
1252 1832 1294 1850 me
1307 1821 1472 1857 referentem,
1488 1831 1551 1850 cum
1563 1831 1646 1851 vene-

906 1860 942 1888 rit
959 1860 1046 1890 Filius
1067 1859 1185 1889 hominis
1206 1860 1234 1889 in
1256 1862 1392 1900 majestate
1410 1871 1470 1895 sua,
1484 1867 1565 1900 ponet
1584 1871 1646 1891 oves

906 1899 941 1928 ad
955 1899 1104 1936 dexteram,
1118 1899 1211 1929 hoedos
1224 1907 1313 1929 autem
1326 1899 1360 1929 ad
1373 1899 1508 1929 sinistram
1521 1907 1563 1929 :et
1575 1900 1647 1930 dicet

906 1939 954 1974 eis,
970 1939 1018 1978 qui
1028 1938 1061 1967 ad
1072 1938 1205 1968 sinistram
1215 1946 1277 1969 sunt
1288 1951 1294 1968 ε
1308 1939 1458 1968 Discedite
1469 1949 1488 1967 a
1498 1950 1543 1969 me
1556 1941 1647 1969 male-
1656 1951 1742 1974 Matth.
1757 1951 1795 1974 25.

907 1979 976 2008 dicti
989 1980 1021 2007 in
1045 1980 1055 2006 ἰ
1075 1988 1139 2006 nem
1160 1985 1299 2008 oeternum
1310 1981 1323 2006 i>
1334 1977 1476 2015 Quomodo
1488 1989 1537 2008 vos
1551 1979 1648 2015 vultis,
1657 1983 1696 2015 4¹·

909 2025 937 2047 ut
949 2028 1018 2046 unus
1028 1989 1117 2046 sedeat
1130 2017 1165 2046 ad
1177 2017 1324 2054 dexteram,
1333 2025 1358 2047 et
1367 2018 1437 2047 alius
1445 2017 1479 2047 ad
1491 2018 1626 2048 sinistram
1635 2019 1649 2048 ‘r‘

908 2058 968 2096 Ego
986 2067 1034 2087 vos
1052 2056 1147 2087 vocavi
1160 2056 1194 2085 ad
1207 2065 1311 2098 partem
1325 2057 1462 2086 dexteram
1481 2055 1515 2086 de
1528 2058 1646 2095 sinistra,

909 2104 935 2126 et
952 2107 1000 2127 vos
1015 2103 1101 2126 vestro
1115 2097 1227 2126 consilio
1249 2097 1359 2126 curritis
1376 2096 1412 2126 ad
1424 2096 1570 2126 sinistram.
1583 2097 1648 2126 Ideo

910 2137 1019 2166 forsitan
1028 2142 1052 2164 et
1063 2147 1111 2175 per
1121 2135 1262 2166 mulierem
1275 2147 1317 2165 res
1336 2136 1473 2175 agebatur.
1487 2136 1567 2166 Vidit
1578 2137 1647 2165 enim

909 2175 1046 2209 diabolus,
1061 2175 1192 2215 quia‘per
1211 2176 1272 2205 illos
1286 2176 1359 2214 ipsos
1372 2175 1501 2204 adversus
1513 2186 1558 2205 eos
1571 2185 1649 2214 agere

909 2225 962 2243 non
976 2214 1096 2250 valebat;
1109 2214 1224 2244 contulit
1237 2225 1264 2244 se
1276 2215 1311 2245 ad
1324 2221 1447 2244 consueta
1462 2225 1534 2243 arma
1551 2215 1648 2243 mulie-

910 2265 982 2289 rum,
998 2260 1028 2282 ut
1047 2254 1116 2283 sicut
1130 2253 1215 2283 Adam
1235 2265 1282 2294 per
1301 2254 1442 2283 mulierem
1460 2254 1596 2292 spoliavit,
1612 2253 1649 2281 ita

911 2300 937 2322 et
957 2293 1020 2322 istos
1041 2300 1175 2333 separaret
1195 2304 1242 2334 per
1262 2300 1382 2323 matrem.
1407 2293 1476 2322 Nam
1494 2293 1543 2321 etsi
1565 2298 1649 2320 mater

911 2339 977 2367 erat,
993 2339 1079 2361 tamen
1097 2332 1194 2362 mulier
1214 2340 1278 2362 erat.
1293 2334 1404 2370 Propter
1426 2330 1499 2368 quod
1519 2331 1566 2359 etsi
1586 2330 1650 2359 affe-

912 2378 969 2401 ctus
979 2372 1038 2412 ejus
1051 2371 1140 2401 dulcis
1151 2379 1207 2401 erat
1218 2383 1279 2411 erga
1290 2371 1361 2400 filios
1371 2370 1446 2408 quasi
1457 2370 1559 2405 matris,
1575 2368 1651 2398 intel-

913 2411 996 2440 lectus
1009 2418 1095 2441 tamen
1106 2411 1163 2451 ejus
1174 2412 1285 2440 nocivus
1298 2416 1353 2438 erat
1362 2408 1437 2446 quasi
1452 2408 1583 2437 mulieris.
1597 2407 1651 2437 Sed

911 2451 967 2494 jam
989 2461 1042 2479 non
1065 2457 1169 2490 poterat
1190 2461 1238 2489 per
1259 2448 1397 2478 mulierem
1414 2446 1528 2486 perditio
1540 2447 1652 2476 introire

914 2500 940 2518 in
961 2497 1076 2525 sanctos,
1089 2500 1124 2518 ex
1141 2499 1193 2527 quo
1219 2488 1253 2517 de
1272 2487 1383 2516 muliere
1403 2485 1475 2514 salus
1495 2493 1652 2515 cunctorum

915 2528 1213 2568 processit.1ntelligere
1231 2537 1294 2565 ergo
1307 2525 1439 2554 debemus
1446 2531 1472 2553 et
1485 2535 1544 2559 nos,
1561 2531 1590 2554 ut
1602 2535 1654 2554 non

915 2568 986 2597 illud
1001 2579 1016 2597 a
1029 2569 1086 2597 Deo
1099 2573 1229 2606 petamus,
1244 2564 1317 2604 quod
1330 2573 1378 2592 nos
1391 2564 1492 2592 bonum
1511 2574 1567 2593 esse
1578 2563 1654 2604 judi-

916 2617 1018 2644 camus,
1030 2606 1077 2636 scd
1093 2612 1197 2635 orantes
1216 2605 1242 2634 in
1257 2603 1313 2643 ejus
1331 2609 1457 2643 potestate
1470 2613 1610 2643 ponamus,
1627 2610 1657 2632 ut
