1890 2826
225 165 289 186 102

217 228 305 256 lorum
334 225 423 264 itaque
446 226 535 256 animo
558 226 655 256 timore
679 227 820 267 perculso,
844 227 962 267 ipsisque

216 272 366 302 vehementi
386 271 494 302 incusso
519 279 603 310 metu,
619 283 729 303 rursum
747 283 895 307 sermonem
909 284 960 313 pa-

550 164 579 187 S.
608 164 749 188 JOANNts
775 164 958 188 CHRYSOST.
989 165 1143 189 Attenuat).
1173 166 1446 191 CONSTANTINOP-

1016 227 1141 264 διάνοιαν,
1154 228 1198 258 καὶ
1214 229 1282 268 μετὰ
1301 229 1437 270 ἀκριὸείας
1450 231 1679 271 κατεργασάμενος
1697 233 1790 267 αὐτοὺς

1015 274 1054 312 τῷ
1068 272 1142 314 φόὸῳ
1153 296 1160 310 ,
1182 275 1263 304 πάλιν
1284 275 1388 312 ἀνίησιν
1407 275 1505 316 ὀλίγον,
1526 276 1560 307 τὰ
1573 278 1679 318 χρηστὰ
1694 279 1790 318 ἀναμί-

215 330 277 348 rum
297 318 419 357 remittit,
433 319 503 349 bona
522 318 670 349 admiscens
681 342 688 356 ‚
703 329 807 350 necnon
833 320 961 350 mutatio—
975 337 998 355 „g
1017 318 1061 352 ξας
1072 341 1080 354 ,
1093 320 1139 349 καὶ
1151 320 1199 357 τὴν
1214 321 1258 351 ἐπὶ
1279 321 1309 351 τὸ
1330 321 1433 361 βέλτιον
1456 321 1618 362 μεταὸολὴν,
1640 323 1684 354 ἵνα
1698 324 1789 354 ἑκατέ-

214 365 314 395 nemin
328 365 437 402 melius,
454 371 485 394 ut
498 365 624 404 utrinque
647 365 696 395 Dei
710 365 858 406 potentiam
877 376 960 406 agno·
977 364 997 387 Α
1016 368 1098 404 ρωθεν
1122 367 1225 405 μάθωσι
1245 370 1291 398 τοῦ
1305 369 1376 397 Θεοῦ
1397 368 1446 404 τὴν
1462 368 1548 409 ἰσχύν.
1563 369 1645 400 Ἀλλὰ
1665 374 1720 404 τοῖς
1739 371 1788 410 μὲν

214 418 325 442 scerent.
350 413 454 443 Verum
479 411 507 440 in
531 411 700 442 terribilibus
721 411 825 442 diutius
850 412 960 449 insistit,

212 458 282 488 bona
309 469 374 488 vero
396 459 485 488 statim
511 465 540 488 ut
564 458 651 496 dixit,
667 458 829 489 intermittit.
845 460 961 505 Quare?

213 505 284 542 Quia
307 505 358 534 hoc
381 505 499 534 maxime
521 505 710 545 increpationis
730 505 874 547 pharmaco
896 513 961 535 tunc

213 551 340 591 egebant3
355 551 391 581 ita
410 558 440 581 ut
456 551 720 592 postquamcopiose
733 551 804 582 illud
817 552 958 593 apposuit,

212 609 266 637 quo
280 598 348 628 sinat
371 609 519 639 parumper
542 598 685 639 respirare,
699 605 725 629 et
749 599 812 630 hinc
831 599 911 629 etiam
925 599 959 629 ad

211 645 337 674 virtutem
360 655 404 674 eos
427 650 530 683 evocet,
546 645 616 675 bona
640 645 827 683 intermisceat,
840 646 933 676 dicens
950 659 956 675 :

210 691 260 721 95.
286 693 388 722 Omnis
418 702 501 722 mons
527 698 628 722 aratro
656 693 786 723 sulcatus
813 694 956 722 arabitur.

209 740 445 778 Quemadmodum
457 740 528 770 enim
542 741 610 770 irato
629 742 697 777 Deo,
713 741 793 771 etiam
807 742 881 771 ferax
894 742 958 783 pla-

209 786 287 816 nities
300 787 419 816 solitudo
442 787 493 817 erit
509 799 516 816 ε
533 787 572 817 sic
595 787 644 816 illo
666 788 782 828 placato,
797 788 877 818 ctiam
899 788 957 818 loca

208 843 301 873 aspera
325 833 477 873 pinguioris
499 841 578 863 terrae
599 834 780 864 conditionem
806 834 955 874 acquirent,

207 885 232 908 et
247 886 365 908 aratrum
380 879 514 920 excipient
525 887 606 919 atque
619 891 719 910 semen.
735 880 785 911 His
798 891 879 921 porro
895 882 954 922 p'er-

207 926 284 962 actis,
297 926 376 955 etiam
392 937 421 955 ca
434 937 494 966 quae
509 926 567 957 haec
580 934 731 966 sequuntur
747 927 873 963 aderunt,
888 938 953 968 pax,

207 972 328 1009 libertas,
345 972 456 1010 fiducia,
471 983 519 1002 nec
539 972 614 1002 ullus
635 972 686 1003 erit
698 973 780 1003 timor
793 980 823 1003 ut
835 974 952 1015 pridem.

206 1019 275 1047 Nam
299 1019 337 1048 ait
349 1041 357 1055 ,
373 1020 442 1048 Non
474 1019 654 1060 ingredietur
677 1020 742 1049 illic
766 1021 861 1051 timor.
886 1021 955 1051 Erit

205 1071 301 1094 autem
316 1067 353 1094 ab
372 1066 487 1095 inculta
501 1072 594 1102 terra,
615 1071 643 1095 et
660 1076 680 1095 α
693 1067 779 1105 Spina
801 1068 833 1096 in
843 1077 955 1107 pascua

205 1113 279 1149 ovis,
295 1118 322 1141 et
342 1113 374 1140 in
388 1113 639 1142 conculcationem
654 1113 746 1142 bovis.
763 1114 814 1143 Per
824 1113 881 1143 haec
895 1125 955 1144 rur-

204 1170 249 1188 sus
262 1170 304 1188 res
317 1169 459 1199 prosperas
473 1159 622 1199 significat,
637 1159 705 1189 sicut
718 1166 745 1189 ct
759 1160 871 1190 ulterius
884 1171 952 1201 pro-

972 874 990 897 B

53 1205 330 1244 lsa1-32-grediens
341 1205 399 1234 'titz
415 1207 525 1235 Beatus
538 1206 591 1245 qul·
602 1207 727 1234 ςθῒηίηηί
739 1216 826 1246 super
837 1217 952 1237 Omnem

203 1261 325 1291 aquam,
341 1253 390 1282 ubi
402 1253 454 1282 bos
467 1258 496 1282 et
516 1253 616 1281 asinus
630 1252 758 1281 calcant.
771 1253 952 1302 Quemadmo-

54 1299 92 1319 lsn
86 1298 111 1320 ¹·1'
120 1298 153 1320 ¹3
160 1305 190 1320 2¹
203 1297 269 1327 dum
295 1298 383 1335 enim,
409 1309 470 1328 cum
496 1297 670 1328 solitudinem
699 1298 760 1329 vult
786 1299 951 1340 significffie,

202 1344 309 1375 Sirenas
319 1352 347 1376 et
356 1345 580 1375 Onocentauros'
572 1355 600 1374 111
615 1345 736 1375 medium
749 1345 882 1377 adducit·
875 1347 950 1385 ·sic,

202 1401 264 1419 cum
277 1401 371 1431 pacem
384 1398 410 1421 et
423 1391 603 1429 securitatem,
619 1390 745 1422 animalia
766 1400 903 1423 mansueta
925 1401 952 1423 et

207 1438 354 1467 tractabilia
363 1461 371 1474 ,
385 1449 498 1478 quaeque
517 1438 691 1478 agricultura!
717 1438 867 1470 inserviunt
891 1441 950 1470 ubi-

202 1494 255 1522 que
277 1484 421 1524 conspicua
434 1484 554 1521 exhibet,
567 1484 603 1514 ab
615 1483 658 1513 his
677 1494 708 1514 ca
721 1495 782 1524 qua:
794 1495 888 1515 eorum
900 1487 950 1516 mi-

202 1529 311 1561 nisterio
322 1531 392 1561 fiunt
405 1531 538 1569 indicans,
550 1530 742 1571 agriculturam
755 1538 781 1561 et
794 1531 846 1561 alia
857 1542 950 1562 eorum

202 1579 360 1610 ministeria.

459 1673 581 1703 CAPUT
601 1672 682 1703 vm.

200 1765 228 1793 1.
252 1764 287 1794 Εῑ
308 1765 345 1794 ait
371 1765 505 1795 Dominus
526 1765 560 1794 ad
582 1776 626 1795 me
640 1778 647 1795 :
661 1758 744 1796 Sume
770 1766 819 1796 tibi
843 1773 947 1797 tomum

238 1812 337 1841 chartae
350 1822 463 1849 novum,
479 1813 607 1852 magnum
617 1835 625 1849 ‚
638 1818 664 1842 et
677 1813 765 1842 scribe
781 1812 807 1841 in
830 1823 862 1842 eo
875 1814 946 1853 stylo

238 1858 367 1896 hominis,
379 1865 408 1887 ut
419 1858 545 1887 velociter
555 1857 780 1898 depraedationem
795 1859 873 1888 faciat
883 1870 945 1899 spo-

238 1904 346 1934 liorum.
360 1906 390 1934 2.
405 1904 487 1933 Adest
500 1903 572 1933 enim
586 1916 593 1932 τ
608 1911 635 1933 ct
650 1911 727 1934 testes
739 1904 807 1934 mihi
823 1905 864 1934 sac
878 1905 944 1935 fide-

236 1951 275 1980 les
287 1950 422 1989 homincs,
435 1950 533 1980 Uriam
557 1951 732 1988 sacerdotem,
747 1958 773 1980 et
786 1952 953 1983 Zachariam

235 1997 324 2026 filium
334 1996 480 2026 Barachiae.
493 1998 520 2026 5.
532 1997 568 2026 Et
578 1997 676 2026 accessi
687 1997 722 2026 ad
733 1998 940 2038 prophetissam,

234 2050 260 2073 et
273 2043 301 2073 in
316 2051 392 2073 utero
406 2043 520 2084 accepit,
535 2050 561 2073 et
581 2043 686 2084 peperit
706 2044 805 2075 filium.
821 2046 858 2075 Et
870 2045 943 2076 dixit
958 2056 978 2079 1)

234 2090 303 2119 mihi
316 2089 450 2119 Dominus
467 2102 474 2118 :
491 2091 567 2120 Voca
581 2100 676 2119 nomen
686 2091 756 2131 ejus,
771 2091 832 2121 Cito
845 2092 941 2132 spolia,

233 2136 372 2167 velociter
382 2135 513 2176 praedare.
525 2137 555 2165 4.
566 2136 637 2173 Quia
648 2144 791 2176 antequam
800 2138 866 2167 sciat
875 2150 942 2178 puer

230 2193 327 2212 vocare
341 2189 445 2223 patrem
469 2189 517 2212 aut
538 2189 662 2220 matrem,
678 2183 790 2224 accipiet
813 2184 941 2215 virtutem

232 2230 357 2259 Damasci
371 2236 396 2258 et
407 2229 494 2270 spolia
507 2229 633 2259 Samari-'e
643 2240 733 2259 coram
746 2241 808 2271 rege
817 2231 941 2271 Assyrio-

233 2286 304 2306 rum.

233 2370 259 2398 1.
281 2369 345 2398 Haec
357 2367 412 2397 duo
425 2374 556 2408 praecepta
570 2367 718 2398 secundum
728 2369 834 2399 literam
844 2370 939 2399 viden-

191 2422 236 2444 tur
243 2414 352 2444 omnino
358 2413 465 2444 diversa
473 2423 540 2452 csse,
549 2413 671 2453 nihilque
681 2425 822 2445 commune
828 2416 936 2446 habere:

227 2529 237 2539 ³
255 2521 286 2544 In
297 2519 383 2544 Bibliis
394 2524 465 2553 τόμον
477 2523 552 2545 καινοῦ
564 2522 678 2552 μεγάλου,
693 2523 729 2546 καὶ
742 2524 836 2555 γράψον.

226 2560 240 2578 b
257 2560 304 2585 Τὸν
317 2564 378 2594 ἱερέα
390 2558 459 2583 deest
471 2559 496 2584 iu
510 2557 595 2583 Bibliis
608 2566 652 2584 τῶν
663 2559 698 2584 o'.

1014 411 1134 452 φοὸεροῖς
1157 413 1329 454 ἐνδιατρίὸει,
1351 413 1385 443 τὰ
1409 413 1438 444 δὲ
1462 414 1569 455 χρηστὰ
1589 414 1684 451 εὐθέως
1704 417 1787 446 εἰπὼν

1014 458 1222 489 ἀπαλλάττεται.
1255 460 1292 489 Τί
1318 460 1435 497 δήποτες
1460 460 1526 491 “On
1550 461 1668 501 μάλιστα
1693 462 1787 498 τούτου

1014 503 1116 534 ἐδέοντο
1134 508 1179 534 τοῦ
1192 507 1241 541 τῆς
1254 506 1433 546 ἐπιτιμήσεως
1447 507 1588 547 φαρμάκου
1601 507 1679 538 τότε·
1700 509 1769 539 διόδ

1014 550 1077 579 αὐτὸ
1094 550 1162 589 μετὰ
1183 552 1319 592 δαψιλείας
1341 553 1455 589 ἐπιθεὶς,
1469 552 1539 583 ὥστε
1561 554 1678 584 ἐνδοῦναι
1693 567 1741 594 μοι

1010 596 1193 633 ἀναπνεῦσαι,
1208 598 1253 628 καὶ
1266 598 1350 639 ταύτῃ
1365 599 1447 628 πάλιν
1461 600 1497 633 εἷς
1518 600 1616 640 ἀρετ-ἡν
1635 601 1786 631 ἐκκαλέσα-

1012 643 1086 678 σθαι,
1103 642 1148 672 καὶ
1167 643 1201 673 τὰ
1220 645 1326 685 χρηστὰ
1341 645 1515 686 ἀναμίγνυσι,
1528 646 1631 689 λέγων·
1652 648 1713 677 Πᾶν
1727 647 1786 688 ὄρος
1832 666 1835 669 ’

1012 688 1202 728 ἄροτριώμενον
1228 691 1460 731 ἀροτριωθήσεται.
1484 691 1592 732 Ὥσπερ
1617 692 1670 733 γὰρ
1699 694 1728 723 ἐν
1750 696 1784 735 τῇ

1011 734 1076 774 ὀργῇ
1091 737 1143 764 τοῦ
1150 736 1222 766 Θεου
1243 737 1289 766 καὶ
1302 739 1319 772 ἡ
1334 736 1470 777 βαθύγειος
1490 737 1588 779 ἔρημος
1610 739 1703 774 ἔσται,
1714 739 1785 769 οὕτω

1010 780 1056 809 καὶ
1075 781 1103 810 ἐν
1123 782 1157 821 τῇ
1177 783 1333 823 καταλλαγῇ
1356 783 1436 813 πάλιν
1458 784 1505 814 καὶ
1525 787 1542 821 ἡ
1562 789 1675 826 τραχεῖα
1688 786 1723 815 τὰ
1735 787 1786 822 τ-’ἤς

1010 827 1122 868 λιπαρᾶς
1149 828 1307 862 ἐπιδείξεται
1338 841 1388 869 γης
1401 852 1409 865 ,
1435 831 1545 872 ἄροτρον
1576 831 1707 872 δεχομένη
1738 832 1784 862 καὶ

1010 873 1127 914 σπέρμα,
1154 875 1263 904 Τούτων
1285 874 1312 905 δὲ
1325 876 1473 916 γενομένων
1484 899 1492 913 ,
1511 878 1558 907 καὶ
1577 878 1612 908 τὰ
1633 879 1664 908 ἐκ
1682 878 1783 908 τούτων

1009 919 1114 950 ἅπαντα
1131 921 1221 958 ἔσται,
1236 921 1329 962 εἰρήνη
1348 922 1394 951 καὶ
1407 922 1499 959 ἄδεια,
1514 924 1560 953 καὶ
1573 924 1605 954 τὸ
1618 927 1725 965 θαρσεῖν
1737 924 1783 954 καὶ

1008 965 1046 1004 μὴ
1060 966 1216 1004 δεδοικέναι,
1229 967 1348 1008 καθάπερ
1361 967 1518 1009 ἔμπροσθεν.
1532 970 1573 999 Οὔ
1586 969 1640 1011 γὰρ
1654 970 1692 1009 μὴ
1707 970 1782 1000 ἐπέλ-

1007 1014 1054 1052 θῃ,
1068 1012 1156 1052 φησὶν,
1171 1014 1225 1043 ἐκεῖ
1241 1013 1329 1054 φόὸος.
1343 1013 1442 1044 Ἔσται
1455 1014 1484 1044 δὲ
1497 1015 1551 1045 ἀπὸ
1563 1019 1612 1052 τῆς
1624 1016 1724 1056 χέρσου
1736 1017 1782 1046 καὶ

1006 1058 1060 1087 ἀπὸ
1072 1060 1120 1095 τῆς
1133 1059 1248 1097 ἀκάνθης
1266 1062 1303 1094 εἰς
1317 1059 1441 1101 βόσκημα
1459 1061 1594 1102 προὸάτου
1609 1063 1656 1092 καὶ
1667 1062 1782 1103 πάτημα

1007 1105 1076 1144 βοός.
1092 1106 1146 1135 Καὶ
1159 1105 1202 1136 διὰ
1214 1106 1315 1136 τούτων
1327 1107 1409 1138 πάλιν
1421 1108 1471 1144 τὴν
1486 1107 1607 1145 εὐθηνίαν
1621 1109 1782 1146 αἰνίττεται,

1005 1151 1097 1191 ὥσπερ
1122 1151 1167 1182 καὶ
1192 1152 1339 1193 ἔμπροσθεν
1364 1153 1463 1195 προϊὼν
1493 1154 1566 1193 λέγει
1579 1166 1586 1174 ·
1607 1155 1748 1196 Μακάριος
1766 1157 1781 1184 ὁ

1005 1198 1120 1238 σπείρων
1141 1198 1185 1228 ἐπὶ
1210 1204 1264 1229 πᾶν
1287 1199 1358 1240 ὕδωρ
1373 1223 1381 1237 ,
1408 1196 1438 1230 οὗ
1462 1203 1525 1240 βοῦς
1543 1202 1589 1231 καὶ
1609 1201 1667 1236 ὄνος
1686 1206 1776 1232 πατεῖ.

1005 1243 1110 1285 Ὥσπερ
1133 1244 1198 1284 γὰρ,
1221 1245 1284 1275 ὅταν
1304 1246 1419 1287 ἐρημίαν
1439 1249 1613 1287 παραστῆσαι
1636 1247 1780 1288 βούληται,

1005 1289 1134 1330 Σειρῆνας
1147 1291 1192 1321 καὶ
1203 1291 1426 1332 Ὀνοκενταύρους
1436 1294 1474 1327 εἰς
1485 1293 1566 1332 μέσον
1578 1293 1636 1333 ἄγει
1646 1297 1685 1335 τῷ
1693 1294 1779 1335 λόγῳ·

1005 1335 1105 1373 οὕτως,
1116 1337 1179 1367 ὅταν
1191 1338 1296 1378 εἰρήνην
1316 1339 1362 1369 καὶ
1379 1339 1535 1380 ἀσφάλειαν,
1545 1339 1579 1369 τὰ
1594 1340 1721 1381 χειροήθη
1734 1340 1779 1370 καὶ

1004 1383 1118 1414 moneo&
1135 1386 1188 1414 τῶν
1206 1384 1291 1422 ζώων,
1306 1385 1351 1415 καὶ
1364 1385 1582 1426 συνιφατιτόμενα
1598 1388 1652 1416 τῶν
1669 1398 1780 1427 γεωργι·

965 1434 984 1458 c
1004 1431 1057 1459 κῶν
1072 1429 1155 1470 ἔργων
1169 1433 1234 1471 ἡμῖν
1245 1434 1329 1462 ταῦτα
1342 1434 1479 1472 πανταχοῦ
1494 1432 1610 1462 δείκνυσι
1623 1433 1778 1474 φαινόμενα,

1004 1475 1057 1505 ἀπὸ
1067 1476 1167 1506 τούτων
1174 1477 1210 1507 τὰ
1222 1479 1253 1507 ἐκ
1263 1478 1362 1508 τούτων
1372 1478 1518 1519 ἐμφαίνων,
1531 1479 1661 1520 γεωργίαν
1670 1479 1717 1510 καὶ
1726 1479 1777 1516 τὴν

1003 1522 1086 1558 ἄλλην
1103 1525 1189 1554 αὐτῶν
1207 1525 1351 1555 διακονίαν.

1290 1677 1430 1707 ΚΕΦΑΛ.
1446 1675 1485 1712 η’.

1000 1765 1054 1795 Καὶ
1067 1762 1125 1797 εἶπε
1145 1767 1243 1808 Κύριος
1253 1769 1318 1810 πρός
1330 1781 1363 1808 με
1373 1781 1380 1788 ·
1393 1769 1459 1799 λάθε
1473 1771 1576 1810 σεαυτῷ
1590 1770 1689 1810 ’τόμον
1701 1771 1772 1813 χᾶρ-

1039 1825 1084 1843 του
1099 1814 1204 1852 καινὸν,
1224 1814 1324 1855 μέγαν,
1348 1814 1394 1845 καὶ
1407 1814 1506 1856 γράψον
1521 1816 1559 1849 εἰς
1571 1816 1650 1846 αὐτὸν
1665 1818 1775 1858 γραφίδι

1037 1859 1193 1899 ἀνθρώπου,
1207 1863 1253 1889 τοῦ
1273 1860 1353 1894 ὀξέως
1372 1859 1509 1900 προνομὴν
1527 1863 1637 1897 ποιῆσαι
1659 1862 1772 1894 σκύλων.

1037 1905 1157 1945 Πάρεστι
1170 1905 1222 1946 γάρ
1232 1917 1239 1923 ·
1253 1906 1299 1935 καὶ
1313 1905 1448 1947 μάρτυράς
1466 1917 1511 1945 μοι
1528 1907 1640 1944 ποίησον
1662 1909 1773 1944 πιστοὺς

1036 1950 1203 1991 ἀνθρώπους,
1214 1950 1260 1980 τὸν
1270 1950 1399 1991 οὗρίαν“’
1408 1951 1453 1980 τὸν
1467 1951 1557 1992 ἱερέα,
1573 1953 1619 1983 καὶ
1633 1955 1772 1996 Ζαχαρίαν

1036 1997 1091 2026 υἱὸν
1105 1996 1249 2037 Βαραχίου.
1260 1996 1313 2026 Καὶ
1325 1998 1476 2037 προσῆλθον
1489 1997 1556 2038 πρὸς
1568 1999 1618 2036 τὴν
1628 2002 1772 2041 προφῆτιν,

1035 2041 1079 2071 καὶ
1093 2042 1120 2070 ἐν
1132 2041 1228 2082 γαστρὶ
1241 2041 1320 2071 ἔλαὸε
1309 2059 1335 2077 ε,
1346 2041 1391 2071 καὶ
1403 2041 1491 2072 ἔτεκεν
1501 2043 1566 2073 υἱόν.
1584 2044 1638 2074 Καὶ
1652 2040 1712 2075 εἶπέ
1725 2058 1771 2085 μοι

1036 2087 1150 2128 Κύριος·
1165 2088 1276 2117 κάλεσον
1290 2087 1347 2117 τὸ
1332 2097 1415 2127 ονομα
1428 2090 1508 2118 αὐτου
1517 2111 1525 2125 ,
1541 2090 1645 2130 ταχέως
1658 2091 1770 2121 σκύλευ-

1035 2146 1092 2170 σον,
1118 2133 1196 2168 ὀξέως
1218 2134 1407 2174 προνόμευσον.
1430 2134 1506 2164 Διότι
1524 2135 1585 2176 πρὶν
1598 2135 1616 2172 ἣ
1629 2139 1727 2176 γνῶναι
1739 2139 1771 2167 τὸ

1035 2180 1139 2210 παιδίον
1152 2181 1242 2210 καλεῖν
1253 2180 1357 2221 πατέρα
1369 2181 1386 2216 ἢ
1399 2180 1502 2221 μητέρα
1510 2203 1518 2217 ,
1532 2181 1647 2222 λήψεται
1659 2182 1769 2223 δύναμιν

1035 2228 1180 2265 Δαμασκοῦ
1193 2248 1201 2263 ,
1217 2225 1262 2255 καὶ
1276 2225 1309 2256 τὰ
1322 2227 1407 2256 σκῦλα
1418 2226 1571 2268 Σαμαρείας
1586 2227 1674 2258 ἔναντι
1686 2230 1768 2269 βασι-

1033 2272 1100 2306 λέως
1113 2271 1266 2312 Ἀσσυρίων.

1034 2373 1113 2401 Δοκεῖ
1132 2370 1180 2411 μὲν
1201 2372 1370 2411 ἀπηρτῆσθαι
1390 2371 1459 2400 κατὰ
1478 2372 1527 2408 τὴν
1540 2371 1610 2407 λέξιν
1627 2375 1712 2402 ταῦτα
1733 2373 1767 2403 τὰ

995 2418 1040 2447 δύο
1053 2418 1263 2458 προστάγματα,
1285 2416 1330 2447 καὶ
1345 2416 1427 2456 μηδὲν
1441 2418 1526 2448 κοινὸν
1540 2418 1629 2459 (ἔχειν
1641 2417 1706 2459 πρὸς
1717 2419 1767 2449 ἅλ-

1038 2531 1048 2542 ι·
1066 2523 1127 2556 Reg.
1141 2526 1195 2556 ἔχει,
1206 2521 1279 2547 male.
1292 2521 1361 2547 Infra
1371 2528 1445 2554 putat
1452 2522 1559 2549 Savilius
1568 2522 1700 2556 legendum
1714 2532 1765 2549 esse

1004 2567 1123 2595 σονέχειαν,
1142 2560 1211 2587 Edit?
1225 2567 1356 2597 συνέργειαν.
1368 2563 1502 2589 Bavnrlcus
1514 2567 1646 2596 συγγένειαν.
1668 2558 1671 2560 .
