1904 2840
115 781 200 803 fllatth.
214 780 236 803 5.

261 213 331 248 808

260 287 410 314 absconso.
425 284 485 313 Non
504 289 607 312 tantum
620 281 648 311 in
662 281 817 311 abscondito
830 282 901 318 loco,
913 291 998 319 quan·
1015 284 1034 307 Λ

260 333 316 354 tum
330 325 357 353 in
370 322 525 353 abscondito
535 321 786 352 enuncientiaeNam
795 321 817 351 si
829 321 918 351 anima
931 322 999 350 citra

260 364 373 393 claustra
394 363 472 391 bona:
492 361 635 391 voluntatis
658 361 760 390 inclusa
782 361 834 398 sit,
849 360 1000 400 corporales

259 410 333 432 actus
359 409 462 431 nostros
487 401 649 431 abscondere
674 410 817 440 possumus
835 411 842 429 :
861 400 884 429 si
911 407 998 429 autem

260 443 347 471 anima
360 453 407 481 per
422 452 505 470 vanas
518 440 690 480 cogitationes
702 440 783 469 fuerit
796 446 916 479 evagata,
929 438 1001 468 nihil

261 481 368 521 prodest
395 487 469 510 actus
494 480 645 520 corporales
671 479 832 509 abscondere
848 491 855 507 :
871 479 936 519 quia
962 478 1001 507 sic

261 520 465 555 abscondimus,
478 527 508 550 ut
527 519 644 559 amplius
666 517 845 559 publicemu‘s.
862 519 904 547 Et
919 525 1003 557 pater

263 567 327 590 tuus
344 562 394 599 qui
417 561 499 589 videt
519 562 550 588 in
573 560 755 594 abscondito,
771 558 871 587 reddet
897 559 950 587 tibi
971 557 1002 586 in

262 601 427 639 manifesto.
441 599 514 629 Vide
525 598 587 638 quia
601 599 760 628 absconsum
774 597 875 634 cordis,
885 607 936 626 non
950 596 1003 626 loci

262 640 403 678 significat.
414 641 483 669 Deus
494 639 565 668 enim
576 638 603 667 in
616 638 744 668 absconso
754 637 843 667 cordis
855 644 963 673 est,non
976 636 1003 665 in

262 679 389 708 absconso
413 679 482 708 loco.
500 677 645 708 Considera
667 678 730 717 quia
753 687 806 706 non
832 676 893 706 ideo
915 676 1003 706 voluit

262 720 335 748 Deus
347 729 396 748 nos
408 719 435 747 in
450 718 579 747 absconso
590 718 684 754 facere,
694 724 724 746 ut
734 726 787 746 non
799 723 924 756 appareat
935 726 1003 755 opus

262 765 391 787 nostrum.
406 758 515 796 Alioqui
537 756 672 796 quomodo
685 756 752 786 dicit
765 768 772 785 τ
787 756 834 786 Sic
847 757 943 785 luceat
957 755 1004 784 lu-

263 809 329 826 men
340 803 479 834 vestrum,
489 804 520 826 ut
533 797 655 826 videant
667 797 797 826 homines
807 805 894 835 opera
904 800 1004 824 ‘vestra

264 839 355 873 bona,
369 844 396 867 et
411 837 598 877 magnificent
611 837 732 865 Patrem
746 842 892 869 vestrum,
908 836 959 875 qui
972 834 1004 861 in.

262 878 341 906 coelis
353 880 416 906 est?
429 876 482 906 Sed
499 883 526 905 ut
539 876 596 915 ipse
614 875 643 904 id
664 875 795 905 ostendat.
811 875 879 904 Nam
903 874 1004 913 gratius
1019 879 1037 901 n

262 924 300 945 est
309 927 387 946 omne
398 917 511 951 bonum,
525 915 599 954 quod
609 926 625 944 a
637 915 713 944 nobis
723 913 906 949 absconditur,
919 924 933 942 a
948 914 1004 941 Deo

261 963 350 985 autem
374 955 534 986 ostenditur.
549 956 618 984 Nam
639 954 662 983 si
684 961 713 983 tu
733 955 848 993 teipsum
869 952 1002 988 ostendas,

262 996 340 1035 pauci
352 1002 414 1025 sunt
424 995 471 1034 qui
485 1001 510 1024 te
524 993 633 1023 laudent
647 1006 653 1022 :
666 993 696 1023 id
707 1000 757 1029 est,
772 993 821 1032 qui
835 1003 887 1021 non
902 990 1003 1021 intelli-

263 1042 335 1074 gant,
352 1035 423 1074 quod
438 1042 467 1063 tu
479 1035 560 1063 latere
574 1033 692 1073 potueris
707 1045 714 1062 :
730 1033 778 1072 qui
795 1039 884 1061 autem
897 1031 1003 1065 intelle-

261 1076 341 1112 xerit,
354 1075 489 1114 vituperat
509 1074 609 1113 magis,
624 1083 678 1102 non
698 1071 800 1102 laudat.
816 1072 845 1102 Si
867 1078 956 1101 autem
976 1078 1003 1101 te

260 1115 334 1143 Deus
356 1114 487 1149 ostendat,
503 1124 579 1142 nemo
598 1113 743 1152 vituperat,
758 1112 810 1141 nisi
824 1112 890 1140 forte
903 1111 1001 1146 malus,

261 1154 306 1182 cui
319 1154 444 1193 displicet
456 1153 553 1182 bonus.
569 1154 608 1182 Im
629 1152 738 1181 ossibile
760 1158 798 1181 est
811 1151 893 1187 enim,
909 1157 938 1179 ut
951 1151 1002 1179 bo-

261 1203 326 1222 num
341 1204 408 1232 opus
429 1192 544 1220 hominis
558 1192 586 1221 in
599 1163 753 1220 allscondito
767 1190 884 1220 dimittat
904 1192 977 1220 Deus
993 1202 1000 1219 ι

262 1232 308 1260 scd
321 1232 347 1260 in
361 1232 412 1260 hoc
424 1231 521 1260 saeculo
535 1231 683 1260 manifestat
696 1241 769 1266 eum,
781 1237 807 1259 et
818 1230 845 1258 in
858 1230 906 1259 illo
921 1229 1004 1269 glori·

263 1271 334 1306 licat,
349 1271 413 1309 quia
435 1270 518 1314 gloria
538 1270 588 1299 Dei
602 1277 651 1299 est.
667 1270 743 1299 Sicut
755 1276 843 1298 autem
865 1279 933 1308 opus
946 1280 1003 1298 ma-

262 1310 319 1339 lum
341 1310 458 1338 hominis
471 1309 506 1337 ad
527 1309 639 1347 gloriam
660 1308 764 1337 diaboli
777 1315 831 1343 est;
848 1308 876 1337 in
889 1319 920 1337 eo
933 1308 1005 1337 enim

263 1349 370 1378 malitiae
389 1350 447 1393 ejus
467 1349 554 1377 virtus
571 1347 720 1376 ostenditur
741 1359 748 1376 :
764 1347 801 1376 sic
820 1354 846 1376 et
868 1358 935 1387 opus
955 1348 1004 1376 bo-

261 1399 327 1417 num
341 1389 426 1428 gloria
439 1387 487 1417 Dei
498 1394 554 1425 est;
566 1387 592 1416 in
606 1397 637 1416 eo
648 1387 721 1416 enim
733 1390 744 1403 ¹⁴
753 1386 838 1426 gloria
848 1388 907 1426 ejus
920 1393 1006 1416 osten-

262 1428 347 1457 ditur.
375 1428 451 1458 Sicut
476 1437 538 1466 ergo
559 1426 685 1456 diabolus
696 1449 703 1463 ‚
729 1426 777 1464 qui
802 1427 920 1465 suggerit
941 1436 1005 1454 ma-

262 1468 320 1496 lum
341 1467 413 1502 fieri,
428 1467 484 1496 iise
507 1466 655 1495 manifestat
679 1465 804 1494 malum:
826 1472 920 1505 utputa
948 1466 956 1494 i
977 1476 1005 1495 se
1020 1472 1038 1495 C

262 1507 380 1545 suggerit
389 1478 552 1535 adulterium
563 1506 659 1542 facere,
668 1512 694 1534 et
705 1505 762 1544 ipse
772 1505 922 1534 manifestat
930 1515 945 1534 a
968 1505 1006 1534 ul-

262 1547 358 1575 terium
375 1559 381 1574 :
403 1545 459 1584 ipse
479 1545 599 1584 suggerit
619 1544 850 1578 homicidium,et
871 1544 928 1584 ipse
949 1555 1004 1584 pu—

262 1585 344 1614 blicat
367 1584 544 1614 homicidium
560 1597 567 1612 z
583 1584 622 1613 sic
648 1585 736 1619 Deus,
759 1582 806 1622 qui
831 1583 877 1612 dat
903 1583 1004 1613 bonum

262 1625 331 1660 fieri,
346 1625 402 1664 ipse
425 1624 550 1663 publicat
558 1634 636 1652 omne
649 1623 750 1652 bonum
766 1623 794 1652 in
816 1623 963 1659 manifesto,
976 1623 1005 1652 id

261 1672 311 1699 cst,
323 1665 349 1693 in
363 1664 459 1692 saeculo
474 1664 522 1692 illo
536 1664 636 1699 futuro,
650 1663 713 1701 quia
728 1662 773 1691 hic
786 1662 1004 1702 mercesjustitiae

262 1704 398 1733 manifesta
421 1713 472 1732 non
491 1710 577 1742 potest
589 1713 645 1732 esse
661 1715 668 1731 :
692 1709 755 1742 puta
778 1712 827 1741 pro
839 1702 910 1731 bono
924 1712 1004 1742 opere

261 1750 319 1779 tuo,
335 1744 357 1772 si
370 1750 396 1772 te
408 1743 499 1772 fecerit
511 1742 624 1772 divitem
637 1755 643 1770 :
657 1741 783 1780 quoniam
795 1741 839 1770 hic
854 1751 905 1770 non
915 1742 1003 1771 solum

261 1783 340 1818 boni,
357 1782 403 1811 sed
422 1782 501 1811 etiam
516 1782 579 1810 mali
600 1781 697 1811 divites
712 1787 794 1815 sunt,
809 1782 893 1820 magis
914 1788 1003 1810 autem

262 1822 325 1852 mali
339 1833 419 1860 quam
432 1822 494 1850 boni
503 1843 510 1856 ,
525 1821 583 1850 ideo
596 1831 696 1850 merces
707 1820 816 1860 justitiae
829 1821 856 1849 in
870 1820 1004 1850 divitibus

262 1872 313 1890 non
328 1869 447 1901 apparet.
463 1861 493 1891 Si
505 1861 554 1889 tibi
569 1859 674 1889 dederit
687 1860 784 1888 habere
797 1860 879 1895 filios,
893 1867 919 1888 et
931 1860 1003 1889 filios

261 1901 391 1936 filiorum,
407 1901 454 1939 qui
469 1900 549 1931 etiam
562 1900 589 1928 in
602 1899 681 1928 bonis
693 1906 718 1928 et
731 1899 808 1928 malis
823 1899 1003 1929 indifferenter

262 1948 287 1969 et
299 1941 362 1969 boni
378 1947 404 1969 et
417 1940 481 1969 mali
496 1938 686 1968 inveniuntur:
699 1945 724 1967 et
737 1938 796 1967 ideo
807 1939 919 1978 justitiae
931 1950 1002 1968 mer-

263 1990 304 2009 ces
320 1980 457 2008 manifesta
473 1989 524 2008 non
539 1985 624 2017 potest
643 1988 709 2012 esse,
723 1989 783 2007 cum
797 1989 874 2007 omne
888 1979 1000 2015 bonum,

264 2018 336 2056 quod
351 2025 389 2047 est
403 2019 429 2047 in
444 2018 496 2047 hoc
516 2018 613 2046 saeculo
631 2017 822 2053 desiderabile,
838 2018 906 2047 inter
919 2018 1004 2047 bonos

262 2065 287 2086 et
302 2058 386 2086 malos
395 2067 536 2086 commune
544 2063 598 2085 est:
609 2056 669 2086 ideo
683 2057 704 2085 si
718 2057 795 2086 bonis
808 2056 900 2086 datum
911 2057 1002 2092 fuerit,
1018 2063 1037 2086 D

262 2107 313 2126 non
329 2103 448 2136 apparet.
464 2096 541 2125 Illius
559 2102 646 2124 autem
668 2096 758 2125 saeculi
779 2097 850 2126 bona
875 2107 927 2125 non
941 2104 1004 2126 sunt

261 2136 414 2165 communia
427 2136 495 2164 inter
508 2136 591 2164 bonos
601 2142 626 2164 et
638 2136 731 2170 malos,
745 2136 790 2164 sed
804 2142 908 2165 tantum
918 2136 1004 2165 bono-

261 2187 332 2205 rum.-
345 2175 408 2204 Idco
422 2175 581 2213 cuicumque
601 2174 658 2202 illic
670 2175 826 2204 benefecerit
840 2176 927 2212 Deus,
942 2187 1003 2205 ma-

261 2216 386 2244 nifestum
401 2221 442 2244 est
450 2215 512 2253 quia
525 2223 573 2258 pro
585 2213 706 2242 mercede
712 2214 821 2253 justitiae
838 2226 892 2243 suae
904 2215 1002 2245 meruit

261 2255 330 2284 illud
344 2255 446 2283 bonum
459 2267 465 2282 :
482 2254 533 2282 nist
556 2253 624 2281 forte
637 2253 674 2281 sic
688 2253 714 2282 in
738 2254 787 2282 hoc
801 2254 901 2284 mundo
913 2254 1002 2284 reddit

260 2294 288 2323 in
300 2294 449 2329 manifesto,
462 2293 560 2322 faciens
574 2303 635 2321 cum
649 2292 774 2321 omnibus
784 2294 963 2330 manifestum,
976 2301 1002 2323 et

259 2333 412 2372 glorificans
422 2343 492 2368 eum,
510 2339 538 2361 ut
552 2342 653 2367 omnes,
668 2340 853 2370 cognoscentes
875 2344 935 2362 eum
951 2335 1000 2363 Dei

259 2373 396 2402 hominem
409 2383 475 2408 csse,
491 2378 651 2401 venerentur
664 2382 735 2399 eum.
751 2373 804 2399 Aut
818 2371 840 2400 si
854 2373 1000 2402 secundum

259 2423 341 2451 opera
353 2412 507 2447 aestimetur,
520 2418 546 2440 et
558 2418 642 2440 status
655 2410 786 2439 bonorum
801 2411 895 2440 mundi
909 2412 995 2441 istius:

259 2458 363 2491 utputa,
378 2452 457 2480 multi
474 2451 615 2480 incurrunt
628 2450 710 2485 mala,
726 2456 751 2479 et
771 2450 834 2478 boni
850 2458 874 2479 et
889 2451 952 2480 mali
969 2452 997 2481 in

258 2491 354 2520 saeculo
370 2491 419 2520 isto
431 2503 436 2519 :
452 2490 524 2520 unde
533 2490 709 2535 intelligimus
720 2489 780 2527 quis
791 2496 907 2519 tentatur
921 2491 948 2519 in
959 2492 997 2520 eis

258 2531 334 2569 quasi
346 2531 443 2567 bonus,
457 2537 482 2559 et
495 2530 556 2569 quis
569 2535 680 2570 punitur
693 2529 769 2568 quasi
784 2529 870 2558 malus
879 2552 886 2566 ‚
900 2541 994 2559 secun-

290 2629 300 2641 ε
319 2620 398 2646 Iidem
412 2622 437 2646 iu
451 2629 528 2654 marg.
542 2622 626 2654 gratia
638 2620 692 2654 ejus
703 2621 846 2645 ostenditur.

859 219 941 243 OPUS
969 218 1212 242 trum-:umerum

1051 280 1118 310 dum
1132 291 1223 321 opera.
1238 279 1268 310 Si
1281 281 1359 320 cujus
1371 279 1444 309 enim
1460 289 1545 325 onera
1558 279 1699 310 videamus
1707 280 1794 317 bona,

1051 321 1151 349 scimus
1175 320 1240 358 quia
1259 325 1376 349 tentatur
1395 319 1472 358 quasi
1482 326 1572 359 justus
1589 332 1595 348 :
1610 321 1688 366 cujus
1703 326 1796 349 autem

1052 360 1133 395 mala,
1146 359 1262 388 dicimus
1273 359 1337 397 quia
1350 359 1461 399 punitur
1472 360 1498 388 in
1514 359 1562 395 eis,
1573 367 1651 398 quasi
1662 366 1794 399 peccator.

1052 399 1098 428 Sic
1111 406 1137 428 et
1158 398 1336 437 bonabmundi
1350 398 1474 434 videmus
1484 405 1511 428 et
1521 405 1672 438 peccatores
1685 399 1795 436 habere,

1053 445 1078 467 et
1103 437 1239 467 interdum
1257 439 1344 478 justos
1361 444 1522 482 :propterea
1545 438 1692 475 secundum
1716 449 1801 478 opera.

1054 484 1093 506 est
1107 478 1285 507 manifestum.
1301 478 1436 514 Quoniam
1456 477 1543 506 malus
1556 477 1676 516 quidem,
1690 477 1713 507 si
1726 478 1797 507 bona

1054 517 1082 545 in
1106 517 1157 547 hoc
1172 517 1272 546 mundo
1294 517 1375 546 fuerit
1393 523 1581 555 consequutus,
1594 516 1711 547 dicimus
1733 517 1798 556 quia

1054 557 1172 586 nutritur
1186 557 1231 586 hic
1244 555 1306 585 inde
1330 556 1457 595 iniquitas
1479 557 1553 596 ejus,
1569 556 1670 586 ut-illic
1689 557 1799 590 intereat

1054 596 1173 634 gravius.
1190 597 1219 625 Si
1240 603 1330 625 autem
1347 596 1450 632 bonus,
1465 595 1581 625 dicimus
1603 596 1666 636 quia
1680 595 1799 626 reddidit

1054 636 1079 664 ei
1094 637 1166 664 Deus
1180 635 1446 675 mercedemjustitiae
1458 646 1523 664 suae.
1531 637 1561 666 5.
1569 637 1610 665 Et
1619 646 1685 666 cnm
1695 638 1797 674 oratis,

1057 685 1115 703 non
1128 677 1207 704 eritis
1219 677 1293 704 sicut
1307 676 1482 714 hypocritae,
1497 677 1548 717 qui
1560 683 1664 706 amant
1677 683 1755 706 stare
1766 677 1800 706 in

1055 716 1223 754 synagogis.
1239 716 1279 744 De
1298 715 1418 744 oratione
1440 725 1528 744 sermo
1551 721 1592 744 est
1614 716 1703 752 nobis,
1717 726 1800 754 quam

1055 754 1139 783 §olam
1154 754 1230 792 quasi
1244 754 1385 794 spirituale
1400 754 1529 783 talentum
1542 754 1630 783 anima
1649 755 1728 784 offert
1742 756 1800 786 Deo

1055 793 1089 822 de
1102 793 1250 823 visceribus
1263 794 1329 823 suis:
1344 795 1459 824 Omnem
1472 794 1544 823 enim
1554 794 1687 834 justitiam
1696 817 1704 830 ‚
1717 805 1800 840 quam

1055 833 1119 862 facit
1139 833 1236 870 homo,
1251 833 1399 862 secundum
1424 834 1569 873 potentiam
1591 845 1668 864 suam
1687 835 1761 872 facit,
1773 841 1800 865 et

1055 871 1090 901 de
1111 873 1228 912 potentia
1249 883 1296 902 sua
1340 873 1421 902 refert
1444 885 1453 901 ε
1475 873 1560 902 solam
1588 881 1678 903 autem
1699 877 1798 905 oratio-

1055 921 1115 941 nem
1137 911 1285 942 secundum
1328 912 1389 941 dem
1410 923 1486 942 suam
1503 913 1577 950 facit,
1591 920 1617 943 et
1637 924 1672 943 ex
1684 913 1738 943 fide
1750 924 1800 944 sua

1055 951 1164 990 profert.
1181 952 1232 982 Vis
1244 959 1334 981 autem
1344 952 1413 981 scire
1425 963 1507 991 quam
1519 954 1634 992 pretiosa
1647 954 1681 983 sit
1693 953 1798 984 oratio?

1055 991 1139 1020 Nulla
1149 991 1256 1031 justitia
1269 991 1438 1031 thymiamati
1456 992 1634 1028 assimilatur,
1647 993 1700 1022 nisi
1714 994 1801 1023 oratio

1054 1030 1111 1060 sola
1132 1042 1140 1060 ε
1162 1030 1231 1060 sicut
1261 1031 1288 1060 in
1315 1030 1476 1061 revelatione
1496 1033 1608 1062 ‚Ioannis
1632 1031 1799 1069 ostenditur,

1054 1070 1190 1108 quomodo
1217 1081 1331 1109 magnus
1357 1070 1468 1110 angelus
1488 1078 1548 1101 ante
1570 1082 1634 1102 cons
1655 1079 1742 1102 ectum
1760 1072 1800 1102 al-

1054 1110 1119 1139 taris
1140 1110 1279 1149 processit,
1295 1109 1396 1139 babens
1414 1110 1441 1139 in
1462 1121 1543 1140 manu
1565 1112 1639 1141 thuri
1662 1111 1738 1141 ulum
1755 1111 1800 1141 in-

1055 1149 1126 1178 censi
1139 1149 1384 1186 odoramentorum,
1395 1156 1421 1178 et
1431 1149 1534 1179 dictum
1546 1158 1586 1180 est
1596 1151 1620 1180 ei
1635 1153 1720 1181 :lstoe
1731 1158 1800 1181 sunt

1055 1190 1202 1218 orationes
1212 1196 1390 1218 sanctorum.
1402 1189 1479 1219 Sicut
1491 1192 1562 1219 enim
1573 1188 1721 1231 thymiama
1731 1190 1798 1221 bene

1055 1229 1204 1258 confectum
1217 1228 1330 1259 delectat
1343 1228 1479 1259 hominem
1494 1229 1648 1260 odorantem
1665 1243 1671 1260 :
1689 1227 1728 1260 sic'
1740 1240 1800 1260 ora—

1057 1267 1093 1296 tio
1103 1268 1170 1307 justi
1185 1269 1276 1298 suavis
1298 1275 1338 1298 est
1357 1275 1417 1298 ante
1440 1271 1538 1299 Deum.
1555 1270 1607 1301 Vis
1629 1266 1801 1302 autem⁸scire

1055 1306 1212 1346 dignitatem
1227 1308 1286 1347 ejus
1295 1308 1309 1337 ἱ)
1323 1309 1391 1337 Mox
1406 1315 1434 1337 ut
1447 1308 1482 1338 de
1496 1319 1542 1338 ore
1557 1310 1726 1349 processerit,
1741 1320 1800 1339 sus-

1056 1346 1160 1385 cipiunt
1179 1357 1237 1375 eam
1253 1347 1341 1391 angeli
1357 1347 1481 1376 manibus
1496 1349 1562 1385 suis,
1576 1356 1602 1378 et
1615 1349 1730 1379 offerunt
1741 1356 1802 1380 ante

1057 1386 1154 1421 Deum,
1165 1386 1236 1415 sicut
1248 1385 1314 1415 dicit
1338 1386 1514 1426 archangelus
1537 1388 1572 1417 ad
1585 1388 1700 1418 Tobiam
1712 1401 1719 1418 ε
1734 1390 1801 1427 Ego

1057 1434 1131 1461 sum,
1146 1426 1197 1469 qui
1212 1427 1372 1454 orationem'
1389 1432 1468 1454 tuam
1487 1427 1581 1456 obtuli
1602 1434 1670 1456 ante
1691 1428 1799 1458 Deur‘n.

1061 1464 1109 1494 Vis
1121 1474 1188 1493 scire
1202 1464 1327 1493 virtutem
1338 1464 1445 1504 ipsius?
1458 1466 1552 1495 Oratio
1563 1467 1645 1495 trium
1654 1478 1801 1507 puerorum

1057 1503 1128 1539 fecit,
1143 1510 1172 1532 ut
1185 1503 1254 1543 ignis
1268 1503 1364 1534 ardens
1378 1514 1430 1533 non
1453 1504 1577 1535 adureret
1594 1517 1650 1543 eos,
1663 1507 1710 1536 sed
1723 1507 1799 1536 dele-

1057 1549 1161 1572 ctaret:
1185 1550 1214 1572 ut
1229 1543 1336 1573 flamma
1357 1543 1468 1582 quidem
1489 1545 1626 1574 videretur
1648 1545 1676 1575 in
1701 1546 1799 1587 specie,

1058 1582 1247 1611 umbraculum
1269 1590 1359 1612 autem
1379 1590 1445 1612 esset
1467 1584 1496 1613 in
1516 1595 1595 1624 opere
1619 1595 1679 1615 suo.
1693 1587 1800 1624 Quanto

1056 1632 1120 1660 ergo
1141 1622 1258 1662 gloriosa
1281 1630 1338 1659 cst,
1353 1629 1426 1652 tanto
1449 1630 1526 1653 caute
1549 1625 1680 1654 servanda
1701 1632 1752 1662 est,
1767 1636 1800 1655 ne

1056 1669 1167 1701 propter
1189 1662 1309 1691 homines
1334 1663 1401 1692 sacza
1421 1662 1547 1699 vilescat,
1568 1664 1626 1703 Qui
1644 1672 1750 1696 amant
1767 1666 1800 1694 in

1056 1703 1214 1742 synagogls
1237 1712 1332 1731 orare.
1342 1703 1421 1731 Putas
1446 1702 1509 1741 quia
1523 1703 1550 1732 in
1579 1714 1714 1744 synagoga
1728 1711 1799 1735 vetat

1055 1750 1142 1778 orare,
1155 1741 1183 1770 in
1199 1749 1329 1771 conventu
1347 1741 1509 1771 hominum?
1517 1742 1571 1772 Sed
1582 1754 1614 1772 eo
1626 1745 1762 1784 proposito
1770 1744 1800 1774 iu

1057 1787 1190 1810 conventu
1205 1781 1344 1810 hominum
1357 1787 1427 1810 vetat
1437 1792 1523 1818 orare,
1532 1789 1561 1811 ut
1574 1783 1698 1813 videatur
1706 1795 1722 1812 a
1733 1794 1799 1813 con-

1055 1827 1136 1849 ventu
1152 1834 1158 1849 :
1174 1820 1294 1859 alioquin
1317 1821 1343 1849 in
1358 1828 1490 1850 conventu
1513 1821 1636 1852 fidelium
1650 1833 1726 1852 orare
1739 1823 1799 1852 lau-

1055 1858 1145 1889 dabile
1158 1867 1206 1896 cst,
1218 1861 1286 1889 sicut
1299 1860 1402 1890 dictum
1415 1867 1454 1890 est
1467 1873 1473 1889 :
1487 1862 1527 1890 In
1541 1862 1668 1891 ecclesiis
1681 1865 1799 1892 benedi-
1811 1887 1830 1909 P
1860 1887 1869 1909 1
1895 1888 1904 1912 ί

1055 1900 1111 1927 cite
1125 1901 1295 1928 Dominum.
1311 1901 1346 1929 Et
1357 1900 1456 1929 iterum
1469 1912 1475 1928 :
1490 1900 1625 1930 Adorate
1640 1903 1798 1932 Dominum
1810 1895 1904 1948 ,ἵζω

1054 1939 1086 1966 in
1099 1939 1121 1977 †
1135 1940 1216 1979 regia
1237 1946 1341 1968 sancta
1363 1940 1435 1979 ejus.
1453 1941 1520 1969 Puto
1539 1948 1627 1970 autem
1650 1948 1676 1970 et
1696 1941 1748 1971 hoc
1764 1941 1799 1971 ad
1818 1965 1832 1991 †
1858 1966 1864 1987 1

1054 1978 1145 2008 locum
1162 1989 1214 2008 non
1240 1979 1318 2008 refert
1339 1979 1488 2016 Dominus,
1504 1981 1551 2009 sed
1573 1980 1609 2009 ad
1632 1982 1800 2021 propositum
1845 1974 1904 1989 ’'⁸''

1055 2019 1155 2048 orantis
1171 2031 1178 2048 :
1195 2018 1322 2057 quoniam
1344 2018 1392 2057 qui
1414 2019 1453 2048 sic
1472 2026 1548 2056 orat,
1568 2027 1599 2049 ut
1620 2019 1745 2050 videatur
1765 2021 1800 2050 ab

1055 2057 1227 2093 hominibus,
1242 2068 1316 2086 meus
1339 2058 1414 2086 illius
1438 2069 1491 2087 non
1515 2060 1603 2088 Deum
1625 2060 1736 2099 aspicit,
1752 2059 1801 2088 sed

1055 2097 1194 2134 homines,
1211 2097 1258 2135 qui
1278 2104 1340 2125 sunt
1361 2097 1411 2133 ibi,
1427 2104 1453 2126 et
1474 2097 1582 2127 videtur
1603 2098 1655 2127 sibi
1669 2099 1696 2127 in
1710 2098 1799 2128 medio

1056 2137 1203 2165 multorum
1216 2147 1301 2165 orare.
1316 2136 1370 2165 Ille
1382 2136 1444 2166 talis
1466 2145 1596 2175 quantum
1620 2137 1655 2166 ad
1676 2138 1799 2178 proposi-

1054 2183 1112 2205 tum
1125 2187 1205 2206 suum
1219 2176 1247 2204 in
1271 2186 1405 2215 synagoga
1419 2183 1487 2205 orat.
1504 2177 1572 2216 Ejus
1597 2184 1685 2206 autem
1699 2178 1799 2207 orantis

1054 2225 1130 2244 mens
1141 2216 1228 2244 solum
1241 2226 1269 2244 as
1290 2215 1336 2244 icit
1350 2217 1447 2250 Deum,
1459 2216 1482 2244 si
1497 2216 1524 2245 in
1535 2216 1583 2245 illa
1597 2216 1663 2246 hora
1674 2224 1713 2246 est
1724 2228 1798 2247 mens

1055 2257 1124 2294 ejus,
1135 2255 1211 2294 quasi
1222 2255 1269 2284 nul
1283 2266 1328 2284 um
1338 2255 1433 2284 habeat
1441 2255 1511 2285 circa
1519 2256 1626 2295 se3quia
1638 2267 1713 2286 mens
1723 2257 1798 2286 illius

1054 2295 1162 2324 nullum
1177 2294 1260 2330 videt,
1275 2294 1321 2333 qui
1333 2302 1443 2334 propter
1455 2295 1587 2325 neminem
1599 2303 1666 2325 orat.
1680 2296 1717 2326 Et
1737 2295 1797 2325 ideo

1054 2335 1177 2373 quamvis
1189 2335 1215 2363 in
1233 2344 1369 2374 synagoga
1381 2341 1450 2371 orat,
1467 2341 1552 2364 tamen
1568 2335 1595 2364 in
1610 2342 1710 2364 secreto
1722 2328 1820 2375 apudt

1054 2385 1081 2403 se
1092 2373 1200 2403 videtur
1226 2384 1312 2403 orare.
1335 2373 1439 2404 Deinde
1462 2381 1490 2402 ut
1504 2385 1583 2404 orans
1605 2374 1676 2403 nihil
1695 2385 1796 2405 novum

1054 2413 1130 2442 faciat
1140 2436 1148 2449 ,
1170 2413 1243 2452 quod
1269 2413 1398 2453 aspiciant
1414 2414 1535 2443 homines
1549 2426 1555 2442 :
1582 2423 1630 2442 nec
1664 2414 1706 2443 uis
1730 2424 1796 2443 voce

1053 2452 1159 2488 clamet,
1174 2460 1204 2482 ut
1217 2452 1343 2482 audiatur
1353 2453 1388 2482 ab
1404 2453 1476 2486 aliis,
1491 2462 1540 2481 nec
1559 2463 1592 2481 ex
1629 2424 1693 2482 ndat
1702 2463 1797 2483 manus

1052 2503 1125 2529 suaS,
1141 2499 1171 2521 ut
1185 2493 1336 2522 Pharisaeus
1349 2492 1376 2521 in
1391 2492 1502 2532 templo,
1513 2498 1542 2521 ut
1555 2463 1678 2521 videaatur
1688 2503 1703 2521 a
1718 2493 1797 2522 mul-

1051 2532 1086 2561 tis
1102 2544 1110 2561 :
1123 2542 1208 2571 neque
1219 2539 1312 2572 pectus
1322 2542 1402 2561 suum
1415 2538 1505 2571 aperte
1520 2533 1660 2571 percutiat,
1674 2532 1722 2562 sed
1733 2533 1795 2562 abs-

1810 1178 1883 1209 Apoc.
1895 1176 1904 1200 ἔ

1808 1215 1831 1232 et
1841 1210 1864 1233 5.
1873 1210 1904 1234 81

1814 1417 1871 1439 Tob.
1878 1422 1904 1439 ¹2

1822 2328 1874 2346 XXV
1891 2311 1897 2319 l
