1904 2840
112 1056 246 1086 Arum-23.

113 1645 196 1668 matth.
212 1653 232 1674 7.

112 1683 150 1698 22.
164 1678 201 1699 23.

255 230 326 279 876

847 239 930 263 OPUS
955 238 1195 262 lMDERFEc‘rUM

255 313 379 343 gnoscere
400 302 515 332 volebat.
533 303 589 332 Hac
610 302 712 332 ratione
730 299 839 331 laudem
853 300 907 330 sibi
920 300 993 330 ohta·
1009 303 1030 326 Α
1049 307 1132 340 ptore.
1146 301 1196 331 Ne
1226 307 1322 331 urium
1326 301 1441 342 sacius.
1457 301 1513 332 Sed
1529 302 1658 339 fecerunt,
1673 302 1792 333 furantes

255 350 308 372 tam
324 343 358 371 ab
377 353 407 371 eo
419 342 529 382 repulit,
540 341 603 380 quia
619 352 672 371 non
687 340 763 380 quasi
773 342 861 370 Deum
879 340 992 374 bonum,

254 382 301 411 sed
314 382 390 420 quasi
403 381 538 410 hominem
551 381 652 411 bonum
660 391 723 410 eum
731 379 933 417 dicebat.Quod
942 389 995 408 non

257 421 371 457 fecisset,
386 421 407 450 si
422 421 561 460 ille‚quasi
583 422 670 450 Deum
687 421 801 456 bonum,
813 420 914 464 bonum
933 429 996 448 eum

254 461 375 490 dixisset.
391 461 426 490 Et
443 471 505 490 vere
516 467 646 499 quantum
660 460 696 489 ad
713 459 832 497 Judaeos‚
845 469 893 498 qtu
911 469 996 487 unum

256 502 342 529 Deum
351 500 512 536 colebant,et
521 500 660 529 Christum
666 501 717 529 Dei
727 499 828 529 Filium
837 509 890 528 non
900 508 997 538 coguo-

255 540 377 577 scebant‚
399 549 477 569 nemo
492 546 548 569 erat
558 539 656 576 bonus,
670 539 722 568 nisi
739 549 808 568 unus
822 540 910 568 Deus:
923 536 998 578 apud

255 578 348 608 fideles
361 589 436 615 vero,
451 579 520 608 sicut
534 589 604 608 unus
616 580 689 608 Deus
705 585 780 618 pater
791 585 829 607 est
847 578 946 611 bonus.
959 577 999 606 sic

256 626 281 647 et
301 619 454 659 unigenitus
468 620 542 648 Deus
561 618 737 648 nihilominus
756 618 843 647 bonus
861 624 907 647 est.
928 618 998 647 Puto

255 665 355 696 autem,
369 658 392 688 si
405 657 517 687 dixisset
528 658 565 693 ei,
580 658 710 697 Magister
727 665 826 693 sancte,
840 664 887 686 aut
905 656 996 692 etiam,

257 699 274 727 J
277 705 345 735 uste,
359 697 483 727 similiter
496 697 676 737 respondisset
692 710 698 726 :
714 696 789 734 Quid
803 706 845 726 me
859 696 927 727 dicis
941 707 998 726 san-

257 744 341 774 ctum,
355 744 401 767 aut
407 738 511 777 justum
519 737 532 766 3³
541 738 625 766 Nemo
635 743 752 773 sanctus,
764 736 815 766 nisi
825 746 895 766 unus
905 738 994 766 Deus:

257 787 335 806 nemo
346 778 447 817 justus,
462 776 515 805 nisi
530 786 599 805 unus
608 778 689 806 Deus.
702 777 745 806 Ex
759 776 858 815 quibus
872 775 998 806 omnibus

257 815 405 852 discimus,
421 816 548 855 quoniam
565 817 634 845 sicut
654 822 718 845 tunc
740 816 863 846 Christus
889 814 997 844 laudem

257 855 315 894 ejus
324 856 432 895 repulit,
440 855 505 895 quia
514 865 567 884 non
578 855 751 894 cognoscebat
760 865 833 891 eum,
844 855 883 884 sic
894 865 998 894 semper

1047 339 1159 379 quidem
1172 340 1191 368 fi
1211 351 1252 370 em
1267 339 1418 371 divinitatis
1429 342 1488 388 8qu
1501 352 1535 372 ex
1544 352 1627 389 opere
1635 365 1644 376 .
1658 349 1684 371 et
1697 341 1790 372 dioen-

1050 386 1106 408 tes:
1122 381 1179 409 Hic
1189 391 1248 409 non
1260 381 1340 420 ejicit
1349 381 1506 418 doemoma,
1519 383 1575 411 msc·
1584 383 1617 410 in
1626 382 1790 412 Beelzebub
1801 391 1886 413 March.
1903 397 1904 401 ¹

1049 419 1180 457 principe
1192 420 1400 450 daemoniorum
1414 434 1423 450 .-
1435 431 1468 450 ne
1481 431 1529 461 per
1541 431 1610 466 opus
1621 420 1694 451 illud
1706 421 1792 451 crede-
1802 423 1839 451 ²4·

1050 465 1109 487 rent
1122 459 1239 488 Christo.
1255 461 1323 489 Item
1336 461 1418 490 furati
1434 467 1497 490 sunt
1515 467 1655 491 veritatem
1672 471 1792 491 resurre-

1051 497 1146 527 ctionis
1159 500 1218 538 ejus
1230 498 1264 528 de
1275 506 1332 530 toto
1342 500 1456 535 mundo,
1462 506 1594 540 quantum
1605 499 1642 530 ad
1654 500 1793 536 se,dantes

1051 537 1191 577 pecuniam
1216 539 1329 569 multam
1349 540 1495 576 militibus,
1517 546 1548 569 ut
1566 539 1699 577 dicerent,

1051 617 1124 658 ejus,
1138 623 1167 645 et
1188 619 1283 655 furati
1295 626 1365 649 sunt
1384 629 1419 649 co

1053 658 1248 686 testimonium
1259 659 1349 688 dices.
1361 659 1414 689 Sed

1473 629 1488 649 s
1507 621 1581 659 ejus.
1595 620 1669 650 Non
1669 619 1793 689 §alsam

1450 659 1558 689 'xerunt
1568 666 1659 689 contra
1706 659 1793 699 riptu·

1051 706 1106 731 ras,
1118 698 1207 725 Hunc
1219 700 1335 734 scimus,
1349 700 1426 728 unde
1436 705 1488 728 est.
1501 697 1606 728 Deinde
1615 698 1712 728 falsum
1724 699 1904 736 testi-loan.7.;

1051 735 1172 765 monium
1193 737 1375 776 protulerunt,
1389 738 1509 768 dicentes
1523 750 1529 767 ε
1545 738 1607 767 Nos
1629 738 1794 768 audivimus
1802 745 1889 767 Μιιιιιι.
1902 757 1904 770 :

1051 785 1117 803 eum
1135 776 1294 813 dicentem,
1313 780 1454 817 quoniam
1471 788 1522 817 ego
1541 777 1701 807 dissolvam
1719 775 1841 807 tem-⁶¹·

1048 814 1131 853 plum.
1145 816 1200 845 hoc
1221 826 1311 845 manu
1318 817 1452 885 (actum,
1467 824 1496 847 et
1508 818 1541 846 in
1555 818 1651 846 triduo
1671 818 1795 858 reaedifi-

1052 855 1125 882 cabo
1139 855 1225 884 illud.
1245 854 1315 884 ‘simi
1330 857 1353 885 'a
1373 864 1399 886 et
1419 857 1447 886 in
1466 856 1632 897 Stephanum
1654 856 1793 887 dixerunt.

257 895 364 933 repellit
377 895 469 924 laudes
486 895 606 924 omnium
620 894 801 934 ignorantium
814 906 821 922 ε
837 904 998 933 consequen·
1014 899 1032 922 Β
1052 894 1101 923 19.
1115 895 1238 923 Honora
1248 902 1362 934 patrem
1373 903 1454 925 tuum
1466 903 1495 925 et
1505 903 1626 933 matrem
1639 902 1726 926 tuam.
1740 896 1795 927 Sed

257 941 297 963 ter
310 945 357 963 nec
370 936 448 964 Pater
462 934 573 974 suscipit
587 934 679 963 laudes
695 944 800 970 eorum,
816 934 864 973 qui
884 944 935 964 non
951 944 997 963 co-

256 981 388 1012 gnoscunt
396 985 458 1004 eum
469 974 617 1003 secundum
626 972 700 1012 quod
710 977 777 1003 est.⁸
785 973 926 1012 Numquid
933 983 998 1041 gen-

257 1019 295 1042 tes
309 1024 360 1042 non
375 1014 496 1043 colebant
516 1015 604 1042 Deum
621 1020 648 1042 et
666 1013 837 1053 ignorabant,
851 1023 930 1054 secun
954 1023 999 1041 um

258 1053 330 1090 quod
353 1053 560 1082 Atheniensibus
581 1053 686 1082 dicebat
706 1053 862 1092 apostolus:
877 1053 997 1082 Peram-

259 1092 364 1121 bulans
387 1095 464 1122 enim
488 1092 645 1121 simulacra
667 1100 780 1129 vestra,
794 1093 893 1121 inveni
915 1102 998 1121 aram

260 1132 352 1170 ignoti
368 1133 423 1160 Dei
438 1145 446 1160 .·
463 1142 548 1171 quem
561 1142 627 1171 ergo
641 1142 694 1161 vos
706 1134 876 1172 ignorantes
890 1132 997 1167 colitis,

260 1171 337 1199 hunc
357 1182 408 1216 ego
423 1173 567 1200 annuntio
581 1173 664 1201 vobis
675 1174 688 1199 ?
707 1171 760 1202 Sed
772 1182 824 1201 non
838 1171 999 1210 suscipiebat

259 1210 392 1238 culturam
405 1221 507 1245 eorum,
521 1211 583 1249 quia
598 1221 649 1239 non
670 1211 863 1249 cognoscebant
878 1221 940 1240 eum
957 1222 998 1240 se-

259 1248 377 1277 cundum
391 1249 465 1287 quod.
479 1249 534 1294 ipse
547 1250 670 1288 cognosci
679 1250 796 1279 volebat.
810 1250 838 1279 Si
852 1257 941 1279 autem
952 1261 999 1279 nec

260 1287 384 1316 Christus
398 1288 558 1327 suscipiebat
574 1288 667 1317 laudes
680 1289 697 1318 J
700 1289 849 1326 udaeorum,
865 1299 913 1318 nec
926 1290 999 1318 Deus

261 1326 348 1361 Pater,
359 1327 487 1364 gentium,
496 1327 558 1365 quia
568 1337 620 1355 nen
633 1327 823 1366 cognoscebant
834 1338 896 1356 eum
905 1338 1000 1357 secun-

260 1364 326 1393 dum
340 1365 413 1403 quod
422 1365 531 1394 decebat
544 1376 700 1404 cognoscere
709 1376 753 1394 eos
765 1378 772 1395 ι
786 1365 843 1395 sine
854 1366 938 1395 dubio
951 1377 999 1395 nec

261 1403 448 1433 haereticorum
470 1404 620 1444 suscipiunt
642 1404 761 1440 laudem,
779 1405 825 1433 vel
847 1407 935 1440 Pater,
955 1405 999 1434 vel

261 1443 359 1478 Filius,
374 1443 500 1482 quoniam
514 1454 561 1473 nec
575 1443 627 1511 igsi
649 1450 811 1483 cognoscunt
829 1445 890 1483 quis
909 1445 997 1478 Pater,

261 1482 322 1520 quis
331 1483 426 1519 Filius,
433 1482 568 1512 ''ei-rantes
601 1494 616 1512 e
626 1483 767 1520 ambobus,
775 1490 800 1512 et
809 1483 999 1513 confundentes
1013 1491 1031 1514 C

261 1529 405 1560 utrumque
418 1536 426 1551 :
441 1523 566 1561 quoniam
579 1522 625 1561 qui
640 1522 743 1551 Filium
756 1523 900 1564 cognoscit,
914 1523 962 1552 ille
974 1530 1000 1552 et

259 1562 363 1590 Patrem
375 1562 516 1600 cognoscit.
527 1561 608 1598 Quod
618 1562 640 1591 si
652 1562 744 1591 laudes
752 1573 845 1592 eorum
853 1573 906 1592 non
915 1562 1000 1591 susci-

259 1601 347 1639 plum,
361 1608 549 1640 consequenter
558 1611 606 1630 nec
617 1611 708 1641 opera,
723 1602 844 1639 quamvis
857 1602 999 1632 videantur

256 1640 338 1680 justa.
355 1642 498 1681 Propterea
512 1652 574 1670 cum
595 1640 731 1676 dixerint,
746 1643 808 1671 Nos
824 1644 856 1671 in
882 1644 998 1671 nomine

261 1687 308 1710 luo
320 1682 564 1720 prophetavimus,
576 1682 648 1709 et'in
664 1684 779 1710 nomine
792 1688 841 1711 tuo
853 1683 998 1711 doemonia

259 1721 403 1759 ejecimus,
419 1727 446 1749 et
462 1722 585 1749 virtutes
599 1720 706 1749 mullas
710 1721 841 1762 fecimus
853 1735 861 1751 :
877 1721 947 1751 dixit
959 1720 997 1751 eis

258 1760 348 1796 Jesus,
363 1760 511 1788 Discedite
524 1770 543 1788 a
558 1770 613 1794 me,
629 1762 724 1789 neseio
736 1765 787 1800 qui
809 1764 888 1791 estis.
905 1761 937 1790 Si
949 1764 996 1790 vis

259 1801 359 1828 venire
367 1801 399 1827 in
413 1801 515 1835 vitam,
526 1808 609 1828 servet
623 1801 775 1829 mandata.
787 1801 875 1837 Quam
888 1801 997 1841 sapien-

259 1845 298 1868 ter
318 1838 368 1872 ait,
387 1839 486 1868 Serva.
508 1839 560 1868 'Ille
582 1838 653 1867 enim
673 1838 899 1877 interrogaverat,
919 1842 997 1879 Quid

261 1880 329 1907 boni
347 1879 477 1915 faciam?
492 1878 540 1907 iste
561 1884 652 1907 contra
672 1878 712 1908 illi
735 1879 882 1918 respondit,
894 1880 994 1910 Serva.

260 1919 320 1947 Non
338 1918 423 1954 dixit,
441 1918 519 1947 Disce
539 1916 679 1951 mandata,
694 1919 756 1956 quia
778 1920 850 1948 Deus
871 1919 997 1951 docuerat

259 1968 332 1993 eum,
344 1958 440 1986 Factor
451 1963 550 1986 naturae
560 1956 726 1986 rationabilis
737 1969 743 1986 :
755 1958 811 1995 sed,
826 1959 925 1995 Serva,
933 1960 997 1999 quia

260 2007 312 2025 non
326 1998 458 2026 servabat.
471 1997 540 2025 Nam
558 1995 586 2024 in
605 1996 666 2031 hoe,
681 1997 753 2035 quod
768 1997 924 2028 admonetur
938 2010 996 2028 ser-

261 2047 338 2071 vare,
352 2035 499 2064 ostenditur
520 2045 573 2064 non
593 2045 720 2065 servasse.
737 2039 805 2066 Nam
819 2048 871 2067 non
893 2046 933 2068 est
950 2039 997 2068 ille

259 2075 357 2108 honus,
373 2076 419 2112 qni
432 2075 576 2112 interrogat
588 2074 621 2102 de
634 2075 715 2111 bono,
730 2076 775 2105 sed
789 2078 836 2115 qui
849 2078 911 2107 facit
924 2079 996 2117 quod

260 2114 362 2144 bonum
376 2121 423 2143 est.
438 2114 487 2144 18.
502 2114 569 2142 Non.
583 2115 704 2143 occides.
715 2117 746 2144 In
761 2127 872 2155 persona
887 2118 996 2155 quidem

260 2153 372 2192 loquens
383 2154 462 2182 unius
473 2152 557 2188 illius,
568 2153 729 2191 quicumque
739 2155 828 2193 fuerit,
840 2157 997 2186 convenien-

260 2200 300 2222 ter
312 2193 432 2231 loquitur
442 2202 560 2231 personae
569 2192 663 2231 populi
673 2194 689 2222 J
693 2193 837 2224 udoeorum.
853 2197 996 2232 Quaecum-

260 2243 312 2270 que
325 2233 396 2261 enim
409 2232 517 2267 sciebat,
528 2232 605 2269 quasi
618 2233 700 2266 Deus,
711 2234 839 2272 populum
851 2235 995 2265 Juda'icum

259 2282 315 2301 esse
327 2272 468 2308 factm-um,
478 2271 522 2299 vel
535 2271 562 2299 in
576 2281 613 2305 se,
628 2271 671 2301 vel
680 2271 707 2300 in
718 2272 875 2312 discipulos,
884 2276 927 2304 vel
937 2275 994 2315 jam

258 2311 353 2347 facere,
369 2311 518 2350 anticipans
536 2310 627 2339 eadem
648 2310 716 2350 ipsa,
738 2321 880 2351 praemonet
898 2325 954 2349 eos,
968 2323 993 2344 et

257 2350 323 2379 dicit
335 2362 341 2378 :
354 2351 384 2380 Si
396 2353 444 2379 ‘uls
456 2352 566 2378 intrare
574 2352 605 2378 in
618 2352 723 2385 vitam,
734 2362 793 2379 non
804 2354 930 2382 occidas.
939 2354 992 2384 Sed

255 2390 410 2419 occiderunt
422 2397 447 2418 et
460 2390 560 2429 ipsum,
574 2396 599 2418 et
611 2389 758 2429 discipulos
769 2390 835 2429 ejus.
850 2393 895 2421 Ne
908 2394 991 2422 adul-

255 2432 364 2459 tereris.
376 2429 430 2460 Sed
441 2429 583 2458 adulterati
597 2436 659 2458 sunt
674 2429 821 2459 recedentes
834 2442 848 2459 a
861 2432 916 2460 Deo
927 2443 986 2469 suo,

253 2476 279 2498 et
301 2469 360 2499 viro
379 2469 528 2498 animarum
548 2479 674 2505 suarum,
689 2479 750 2498 cum
767 2469 874 2499 diabolo
895 2482 987 2500 corru-

286 2571 296 2582 ·
313 2561 355 2586 Sic
364 2562 394 2586 V.
406 2562 435 2586 Ι).
449 2566 474 2585 et
488 2560 557 2586 Editi
569 2561 595 2585 in
612 2569 691 2593 marg.
705 2560 773 2586 Edit}
792 2567 875 2586 autem
892 2563 917 2586 in
936 2568 1004 2587 textu

1051 941 1104 962 non
1119 933 1318 964 honoraverunt
1330 945 1416 974 neque
1427 942 1529 976 patrem
1539 946 1618 965 suum
1632 937 1731 972 Deum,
1746 936 1793 975 qui

1051 972 1228 1003 seminaverat
1241 984 1296 1010 eos,
1314 985 1400 1013 neque
1420 982 1530 1004 matrem
1549 985 1625 1004 suam
1646 976 1794 1006 Ecclesiam

1051 1012 1266 1050 patriarcharum
1277 1020 1303 1043 et
1313 1014 1504 1058 prophetarum
1515 1014 1644 1044 caelestem
1654 1027 1661 1043 :
1670 1015 1717 1044 scd
1727 1023 1795 1045 tam-

1051 1061 1132 1089 quam
1145 1052 1278 1090 genimina
1292 1064 1318 1083 vi
1339 1064 1457 1089 eratum,
1469 1060 1600 1093 ruperunt
1612 1065 1668 1091 eos,
1683 1061 1709 1083 et
1719 1054 1791 1084 exie-

1051 1097 1116 1120 runt
1129 1092 1163 1121 ab
1182 1091 1232 1121 eis.
1247 1088 1289 1122 Εἰ
1330 1093 1365 1122 ili
1384 1103 1414 1122 es
1434 1093 1598 1133 proximum
1621 1099 1702 1123 tuum
1719 1096 1794 1123 sicut

1052 1133 1185 1170 teipsum.
1207 1130 1261 1161 Sed
1281 1142 1335 1161 non
1378 1133 1512 1162 'lexerunt
1533 1133 1674 1165 Christum
1693 1133 1794 1163 tactum

1051 1170 1104 1199 sibi
1127 1171 1283 1209 proximum
1292 1194 1300 1208 ,
1322 1172 1471 1202 secundum
1491 1173 1578 1202 carnis
1597 1172 1791 1213 cognationem.

1052 1209 1186 1246 Quoniam
1197 1221 1261 1250 ergo
1274 1218 1300 1241 et
1312 1212 1379 1241 olim
1392 1223 1441 1252 per
1450 1213 1556 1241 Mosem
1566 1212 1623 1242 haec
1635 1212 1674 1242 eis
1687 1222 1795 1242 servare

1051 1250 1188 1288 praecepit.
1201 1257 1226 1279 et
1246 1258 1336 1290 postea
1355 1262 1404 1292 per
1420 1251 1550 1291 seipsum,
1570 1251 1614 1281 illi
1635 1259 1724 1282 autem
1741 1262 1795 1282 non

1051 1297 1241 1319 servaverunt:
1254 1289 1314 1320 ideo
1325 1301 1376 1319 non
1386 1291 1553 1320 inu-averunt
1562 1291 1589 1320 in
1598 1291 1694 1328 vitam,
1705 1292 1711 1298 '
1743 1299 1793 1329 est,

1051 1326 1078 1355 in
1090 1328 1253 1366 agnitionem
1271 1330 1322 1358 Dei
1340 1331 1426 1360 Patris
1446 1338 1472 1360 et
1493 1331 1606 1361 Christi.
1630 1332 1680 1361 20.
1726 1337 1738 1360 t
1751 1341 1795 1361 re-

1051 1367 1168 1402 spondit
1176 1379 1184 1394 .·
1202 1369 1274 1396 Hoec
1286 1370 1385 1398 omnia
1395 1371 1510 1399 servavi
1523 1380 1543 1398 a
1550 1372 1706 1409 juventute
1716 1380 1792 1400 mea.

1052 1404 1184 1434 Nativitas
1198 1405 1306 1436 Juda'ici
1319 1408 1413 1447 populi
1424 1409 1474 1437 fuit
1487 1419 1521 1438 ex
1534 1415 1654 1449 tempore
1665 1411 1792 1443 Abrahae.

1053 1453 1137 1481 usque
1145 1444 1180 1473 ad
1189 1445 1292 1474 exitum
1301 1447 1359 1486 ejus
1367 1446 1401 1476 de
1409 1447 1536 1487 AEgyptO.
1549 1449 1627 1478 Tunc
1634 1450 1706 1479 enim
1716 1450 1794 1488 quasi

1051 1482 1137 1511 infans
1149 1483 1202 1513 suit
1212 1485 1329 1525 populus
1343 1486 1399 1522 ille,
1408 1486 1477 1516 sicut
1493 1488 1565 1517 Deus
1580 1488 1654 1528 apud
1665 1489 1794 1518 Ezechie-

1051 1521 1104 1551 lem
1114 1524 1274 1563 prophetam
1289 1531 1410 1563 testatur,
1421 1526 1512 1555 dicens
1525 1526 1560 1556 ad
1573 1528 1723 1558 Jerusalem
1734 1541 1741 1558 ε
1757 1531 1793 1558 In
1804 1531 1888 1554 Eut-h.

1035 1567 1037 1570 “
1051 1572 1110 1600 qua
1121 1562 1168 1592 die
1178 1570 1252 1592 nata
1261 1574 1302 1600 es,
1318 1575 1379 1593 non
1391 1572 1434 1595 est
1445 1568 1585 1605 proecisus
1596 1573 1663 1596 tuus
1676 1569 1792 1597 umbili-
1803 1560 1887 1592 4·—3·

1051 1611 1099 1630 cus
1110 1623 1118 1638 ,
1140 1609 1168 1631 et
1187 1613 1247 1632 non
1269 1604 1466 1644 alligaverunt
1488 1606 1636 1635 mamillas
1659 1613 1725 1637 tuas
1740 1620 1751 1637 .-
1765 1615 1795 1637 et

1050 1641 1138 1670 etiam
1153 1644 1182 1671 in
1201 1653 1281 1681 aqua
1295 1653 1355 1672 non
1373 1655 1403 1674 es
1422 1645 1485 1673 lota
1496 1647 1528 1674 in
1547 1646 1684 1684 salutem,
1700 1657 1794 1687 neque

1050 1679 1113 1709 oleo
1126 1688 1215 1710 uncta
1225 1692 1266 1719 es,
1283 1694 1376 1723 neque
1391 1685 1455 1714 sale
1467 1685 1568 1721 salita,
1584 1696 1678 1726 neque
1685 1690 1794 1726 pannis

1049 1720 1184 1750 involuta
1194 1732 1223 1751 es
1237 1734 1244 1751 :
1262 1733 1355 1763 neque
1362 1726 1489 1763 pepercit
1500 1725 1602 1754 oculus
1616 1736 1697 1755 meus
1705 1727 1739 1755 in
1752 1733 1791 1761 te,

1050 1765 1083 1787 ut
1093 1759 1219 1796 facerem
1229 1763 1282 1791 tibi
1290 1773 1380 1791 unum
1391 1774 1428 1792 ex
1436 1765 1500 1794 istis
1509 1766 1654 1803 omnibus,
1666 1772 1699 1796 ue
1707 1776 1793 1805 parw-

1049 1805 1130 1844 retur
1149 1801 1266 1840 aliquid
1285 1812 1370 1841 super
1382 1809 1410 1831 te
1416 1814 1430 1839 ;
1441 1810 1470 1832 et
1487 1805 1617 1843 projecta
1636 1816 1667 1835 es
1685 1806 1718 1834 in
1732 1806 1791 1847 fa-

1049 1847 1120 1867 ciem
1131 1843 1235 1879 campi,
1245 1847 1273 1870 et
1282 1844 1314 1870 in
1329 1845 1475 1879 pravitate
1487 1847 1595 1874 anima?
1605 1851 1662 1874 tuoe
1670 1868 1678 1882 ,
1689 1847 1722 1874 in
1732 1855 1792 1885 qua

1050 1878 1098 1906 die
1109 1885 1180 1908 nata
1191 1881 1275 1909 es.Et
1284 1884 1408 1910 transivi
1417 1884 1458 1911 ad
1467 1889 1503 1919 te,
1509 1890 1537 1913 et
1547 1884 1614 1913 vidi
1624 1890 1652 1914 te
1660 1895 1793 1924 consper-

1050 1927 1111 1946 sam
1127 1920 1159 1947 in
1171 1923 1314 1959 sanguine
1329 1927 1419 1957 tuo‚et
1433 1923 1496 1951 dixi
1511 1924 1579 1952 tibi.-
1593 1924 1639 1952 De
1650 1927 1793 1965 sanguine

1050 1964 1098 1986 tuo
1120 1959 1210 1987 bibes.
1229 1960 1271 1989 Et
1295 1961 1490 1999 multiplicavi
1511 1968 1539 1992 te
1554 1975 1562 1991 :
1577 1965 1652 1993 sicut
1673 1965 1790 1995 bortum
1799 1976 1872 1994 cxxx·

1050 1999 1114 2036 agri
1126 1997 1195 2026 dedi
1209 2004 1247 2034 te,
1257 2006 1286 2029 et
1300 2001 1498 2039 multiplicata
1512 2012 1553 2037 es,
1561 2010 1590 2032 et
1603 2004 1790 2043 magnificata

1051 2046 1090 2072 es,
1105 2042 1134 2065 et
1155 2039 1273 2068 intrasti
1285 2041 1318 2067 in
1337 2041 1470 2070 civitates
1482 2042 1645 2071 civitatum.
1658 2043 1676 2072 J
1678 2051 1791 2074 uventus

1050 2082 1139 2104 autem
1153 2077 1211 2116 ejus
1223 2078 1276 2107 fuit
1286 2089 1322 2107 ex
1335 2085 1454 2118 tempore
1466 2081 1548 2116 Mosi,
1562 2091 1646 2120 usque
1655 2081 1690 2110 ad
1703 2093 1787 2122 reges.

1050 2114 1175 2145 Virilitas
1186 2123 1275 2146 autem
1288 2118 1346 2157 ejus
1367 2128 1401 2147 ex
1414 2125 1533 2158 tempore
1545 2130 1639 2159 regum
1651 2121 1732 2160 ejus,
1741 2133 1790 2152 us-

1049 2164 1102 2192 que
1116 2154 1151 2183 ad
1164 2157 1424 2196 transmigrationem
1435 2158 1591 2198 Babylonis.
1604 2160 1730 2190 Senectus
1740 2172 1789 2191 au·

1049 2200 1102 2222 tem
1123 2195 1182 2234 ejus
1195 2206 1210 2223 a
1225 2196 1455 2235 transmigratione
1477 2197 1639 2237 Babylonis,
1656 2210 1741 2239 nsque
1753 2201 1790 2231 ad

1049 2233 1199 2271 Christum,
1215 2235 1323 2273 quando
1336 2243 1375 2265 est
1386 2244 1509 2267 mortuns
1522 2238 1642 2277 populus
1652 2239 1710 2276 ille,
1725 2250 1789 2285 pro-

1048 2273 1136 2312 priam
1157 2273 1316 2304 interficiens
1328 2275 1422 2305 vitam.
1438 2278 1479 2306 De
1492 2277 1550 2306 istis
1565 2285 1653 2308 autem
1666 2280 1788 2309 aetatibus

1047 2312 1103 2341 suis
1116 2312 1196 2342 etiam
1209 2325 1256 2353 per
1268 2315 1427 2354 prophetam
1437 2323 1548 2346 testatur
1561 2317 1678 2357 populus
1688 2318 1746 2354 ille,
1761 2326 1787 2348 et

1046 2351 1131 2381 dicit:
1146 2355 1280 2391 Domine,
1292 2358 1475 2385 memorabor
1478 2358 1602 2395 justitioe
1614 2364 1670 2386 tuoe
1679 2358 1783 2392 solius,
1798 2364 1863 2386 Psat.

1048 2393 1182 2429 Domine,
1198 2404 1287 2433 quam
1299 2396 1426 2424 docuisti
1437 2405 1532 2428 metet
1560 2402 1698 2426 meriture
1707 2407 1782 2434 mea,
1798 2394 1866 2417 16.-'-

1046 2432 1074 2460 id
1086 2439 1135 2469 est,
1147 2444 1182 2462 ex
1195 2440 1313 2473 tempore
1326 2434 1408 2468 Mosi,
1422 2434 1530 2473 quando
1543 2407 1629 2474 iegem
1642 2435 1677 2464 ad
1690 2436 1783 2470 erudi-

1046 2473 1145 2502 tionem
1166 2483 1243 2503 suam
1266 2474 1376 2514 accepit.
1393 2475 1435 2503 Et
1457 2477 1548 2514 us'que
1563 2484 1641 2504 nunc
1652 2485 1784 2514 pvonun-

1063 2564 1075 2583 δ
1094 2564 1175 2589 Iidem
1188 2565 1213 2589 iu
1226 2573 1305 2598 marg.
1319 2570 1429 2590 errantes
1443 2565 1476 2591 de
1490 2565 1631 2591 substantia
1646 2566 1783 2592 ambomm.

253 2601 388 2634 Numquid
404 2605 491 2633 gentes
509 2609 559 2624 non
575 2600 757 2633 cognoscebant
773 2609 840 2631 eunt,
862 2606 886 2625 et
903 2602 1003 2634 ignora·
1029 2602 1139 2635 Utraque
1156 2602 1230 2629 lectio
1249 2603 1367 2637 quadrat.

251 2641 311 2665 bani
322 2649 326 2663 :
340 2641 419 2664 miuus
432 2645 505 2663 recte.

1742 542 1792 570 uia
1801 547 1888 570 unuln.
1902 555 1904 570 ι

1053 578 1136 606 nobis
1155 578 1376 617 dormientibus,
1391 587 1475 609 nocte
1494 585 1639 609 venerunt
1657 540 1793 618 &reguli
1804 578 1840 601 ’3-
