1890 2826
563 187 607 209 DE
633 185 740 209 mmm
767 184 959 208 ctu-:ATloNE
986 183 1090 206 ORAT.
1122 182 1169 205 111.

85 252 157 292 λέγει
167 263 173 270 ·
188 249 356 289 Ἐξαγαγέτω
369 251 386 284 ἡ
400 249 435 287 γῆ
448 246 597 287 τετράποδα
615 246 660 276 καὶ
673 245 759 285 θηρία.
774 245 852 274 Διατί

82 299 147 334 ἐκεῖ,
160 295 352 332 Βλαστησάτω,
365 294 411 324 καὶ
432 289 499 329 ὧδε,
519 291 701 331 Ἐξαγαγέτω,
715 291 759 321 Τὰ
783 292 849 330 βλα-

83 342 207 381 στήματα
230 340 275 370 καὶ
296 339 331 370 τὰ
355 339 419 374 ξύλα
438 338 484 368 καὶ
505 340 530 367 οῖ
551 337 648 378 καρποὶ
662 338 721 367 κατ’
735 336 853 366 ἐνιαυτὸν

1577 168 1646 203 533

908 245 1019 283 lignum
1031 243 1227 284 fructiferum
1240 242 1362 282 faciens
1375 243 1525 282 fructum.
1546 241 1649 271 Deinde

907 290 988 319 dicit:
1002 291 1120 319 Educat
1131 296 1207 319 terra
1217 290 1418 329 quadrupedes
1430 297 1456 319 et
1467 289 1581 317 bestias.
1592 289 1650 318 Cur

906 335 956 373 ibi,
973 337 1129 373 Ger-minet,
1151 336 1207 373 hic,
1229 337 1357 373 Educat,
1373 335 1439 365 dicit
1452 335 1466 363 Ξ)
1479 334 1608 364 Germina
1623 341 1649 363 et

82 386 283 427 βλαστάνουσιν.
297 385 409 421 Ἐπειδὴ
429 379 474 414 οὗν
487 384 581 423 ἔμελλε
593 382 649 412 1’ϊὸι
667 383 751 412 ὕδατα
763 394 852 422 παρα-
862 398 898 419 45⁶
905 382 978 421 ligna
991 383 1146 422 fructusque
1170 384 1312 422 quotannis
1332 383 1493 423 germinant.
1512 381 1584 419 Quia
1602 381 1649 421 igi-

82 432 171 472 μένειν
183 433 217 472 τῇ
230 434 282 472 γῇ,
295 431 341 461 καὶ
353 430 458 463 πάντως
469 430 496 464 ἔξ
507 431 589 465 αὗτῆς
602 428 794 469 προέρχεσθαι,
809 427 853 457 διὰ
869 427 890 449 A
905 436 950 459 tur
962 429 1063 459 semina
1075 430 1104 458 in
1117 437 1184 460 terra
1199 440 1325 460 mansura
1336 436 1422 467 erant,
1437 436 1509 459 etex
1522 428 1570 458 illa
1583 438 1649 468 pro—

81 482 168 516 τοῧτο,
179 477 363 513 Βλαστησᾶτω
372 489 379 496 ·
393 476 428 506 τὰ
443 476 533 516 μέντοι
547 477 602 510 ζῶα
615 474 660 505 διὰ
670 478 757 511 τοῦτο,
771 473 851 508 Ἐξα-

80 524 205 565 γαγέτω,
219 523 312 560 ἐπειδὴ
335 522 405 557 ἅπαξ
426 522 479 555 ἀπὸ
498 524 548 562 γῆς
566 521 724 561 γεννηθέντα
735 543 744 557 ,
763 520 852 550 οὐκέτι

82 571 162 601 πάλιν
180 569 234 600 ἀπὸ
252 572 317 609 γῆς,
337 570 397 598 ἀλλ’
411 568 465 599 ἀπὸ
485 570 539 598 τῶν
561 569 692 608 διαδοχῶν
703 566 849 597 τίκτονται.

82 616 205 657 Ἐγένετο
215 615 307 648 οὕτως.
317 614 454 655 Ἔδραμεν
464 615 501 648 εἷς
512 613 587 654 ἔργον
597 615 611 643 ὁ
621 613 707 653 λόγος,
717 612 851 651 ἐκοσμήθη

82 666 100 699 ἡ
113 665 148 703 γ’ἠ·
157 675 165 682 -
180 662 233 692 ἔδει
255 661 346 692 λοιπὸν
367 663 534 701 κοσμηθῆναι
555 660 600 690 καὶ
615 660 658 690 τὸν
672 659 790 700 οὐρανόν.
802 658 854 689 Διὰ

81 709 109 738 τί
123 708 151 738 δὲ
173 707 382 749 προγενεστέραν
402 710 473 736 ποιεῖ
485 706 535 743 τὴν
556 705 732 745 διακόσμησιν
744 706 792 741 τῆς
805 706 854 744 γῆς

82 757 128 783 τοῦ
150 755 275 794 οὖρανοῦ;
289 752 341 782 Διὰ
360 751 409 788 τὴν
429 751 576 791 μέλλουσαν
595 750 755 781 ἀνακύπτειν
768 750 854 780 πολύ-

83 802 140 829 θεον
165 798 288 835 πλάνην,
309 797 371 838 περὶ
389 797 465 834 ἥλιον
488 797 534 827 καὶ
557 796 671 833 σελήνην
694 795 739 825 καὶ
760 795 854 836 ἄστρα.

85 840 168 875 Εἶπεν
183 846 197 874 ὁ
209 843 278 877 Θεός
286 856 293 862 ·
305 843 498 880 Γενηθήτωσαν
511 844 648 883 φωστῆρες
660 843 687 872 ἐν
698 843 736 882 τῷ
745 841 857 881 στερεώ-

84 902 149 929 ματι
161 893 208 920 τοῦ
222 891 342 930 οὐρανοῦ.
352 890 396 930 Τῇ
412 888 505 929 πρώτῃ
520 887 608 928 ἡμέρᾳ
622 887 692 917 διατί
706 889 754 918 οὐκ
765 887 856 924 ἐποίη-

83 948 128 966 σεν
146 936 220 972 ἥλιον
238 935 284 965 καὶ
304 934 436 971 σελήνηνς
451 933 563 970 Ἐπειδὴ
580 933 683 964 οὐδέπω
701 929 733 970 ἦν
748 933 779 963 τὸ
793 945 857 963 στε-

84 981 174 1022 ρέωμα
187 980 325 1021 γενόμενον
335 1002 343 1016 ,
355 982 383 1010 ἐν
397 975 420 1020 ᾧ
434 979 528 1019 ἔμελλε
541 981 688 1019 πεπῆχθαι.
702 979 756 1009 Καὶ
769 981 799 1009 οὗ
812 978 857 1008 διὰ

83 1031 160 1058 τοῦτο
182 1026 260 1067 μόνον
269 1038 277 1046 ·
302 1027 361 1056 ἀλλ’
385 1025 476 1061 ἐπειδὴ
497 1025 600 1055 οὐδέπω
622 1021 689 1061 ἦσαν
713 1024 811 1065 καρποὶ
835 1026 859 1054 οἱ

82 1073 229 1114 ὀφείλοντες
253 1072 410 1102 Θάλπεσθαι.
433 1074 445 1087 ⁸
481 1084 499 1111 ῃ
517 1066 569 1111 γὰρ
591 1071 668 1111 τρίτῃ
691 1070 859 1107 ἐὸλάστησαν
876 1071 895 1094 Β

83 1120 108 1149 οῖ
123 1118 228 1159 καρποί.
244 1118 298 1148 Καὶ
310 1117 355 1147 ἵνα
374 1117 412 1157 μὴ
433 1119 545 1156 νομισθῇ
563 1117 661 1152 πάλιν,
675 1117 717 1146 ὅτι
731 1119 765 1157 τῇ
781 1117 857 1157 φύσει

84 1166 130 1194 τοῦ
143 1164 219 1200 ἡλίου
233 1163 410 1199 ἐὸλάστησαν,
425 1163 468 1193 ὅτε
483 1162 634 1203 ἀπηρτίσθη
648 1165 665 1199 ἡ
678 1162 838 1203 δημιουργία
851 1184 859 1198 ,

84 1209 145 1239 τότε
157 1210 250 1240 λοιπὸν
261 1214 332 1239 ποιεῖ
343 1211 357 1239 ὁ
368 1209 437 1243 Θεὸς
449 1209 535 1246 ἥλιον,
550 1209 677 1245 σελήνην,
692 1209 786 1249 ἄστρα,
801 1208 861 1238 Πό-

85 1258 129 1285 θεν
150 1255 185 1285 τὰ
208 1255 276 1285 αὐτὰ
297 1254 439 1291 ἐποίησεν;
452 1254 567 1295 Εἴρηται
577 1254 629 1295 γὰρ
640 1277 648 1291 ,
662 1254 703 1284 ὅτι
716 1257 750 1295 τῇ
768 1254 861 1294 πρώτῃ

85 1299 174 1340 ἡμέρᾳ
188 1301 219 1330 ἐκ
231 1300 269 1339 μὴ
284 1300 365 1330 ὄντων
379 1300 487 1336 ἐποίησε
500 1299 534 1329 τὰ
547 1300 643 1337 πάντα,
655 1304 713 1334 ταῖς
729 1300 756 1329 δὲ
769 1300 861 1333 ἄλλαις

86 1346 114 1380 ἐξ
128 1346 221 1375 ὄντων.
237 1346 323 1376 Πόθεν
336 1342 380 1376 οὗν
395 1348 410 1376 ὁ
421 1346 507 1383 ἥλιος;
524 1346 575 1375 Ἐκ
591 1349 637 1376 τοῦ
650 1345 790 1386 γενομένω
805 1357 860 1386 φω-

88 1392 133 1425 τὸς
154 1394 188 1431 τῇ
210 1392 303 1432 πρώτῃ
326 1391 432 1433 ἡμέρᾳ,
452 1391 626 1431 ὃμετέὅαλεν
646 1394 682 1426 ὡς
706 1391 834 1428 ἠθέλησεν
848 1393 862 1420 ὁ

88 1437 220 1478 τεχνίτης,
234 1438 279 1467 καὶ
293 1439 330 1471 εἷς
343 1437 482 1478 διαφόρους
496 1437 688 1476 μετεσκεύασεν
702 1437 785 1478 ὄψεις,
809 1438 863 1466 ἐκεῖ

87 1482 137 1519 τὴν
161 1482 227 1518 ὕλην
249 1485 295 1512 τοῦ
315 1483 414 1523 φωτὸς,
428 1479 480 1513 ὧδε
500 1482 559 1516 τοὺς
581 1482 693 1523 ἀστέρας
705 1495 712 1502 ·
727 1485 763 1516 ὼς
782 1482 807 1512 εἴ
824 1494 863 1516 τις

88 1528 251 1569 προὸάλοιτο
273 1530 359 1568 μᾶζαν
383 1532 483 1569 χρυσοῦ
492 1551 500 1565 ,
522 1529 568 1558 καὶ
590 1529 658 1568 μετὰ
681 1531 766 1558 ταῦτα
785 1527 861 1566 νομί-

90 1586 180 1613 σματα
194 1573 360 1615 κατακόψας,
375 1574 444 1604 οὕτω
465 1574 566 1610 διαθείη
582 1577 628 1603 τοῦ
647 1574 731 1614 φωτὸς
742 1573 791 1610 τὴν
804 1574 862 1602 δια-

89 1619 229 1659 κόσμησιν.
249 1619 356 1659 Ὥσπερ
378 1619 429 1659 γὰρ
452 1619 502 1655 τὴν
526 1619 640 1649 ἄὸυσσον
661 1619 721 1648 τότε
741 1619 768 1648 ἓν
791 1618 861 1658 ὕδωρ

90 1666 261 1705 ὑπάρχουσαν
276 1662 396 1705 ἐμέρισεν
409 1667 445 1699 εἷς
457 1665 505 1699 τὰς
518 1665 660 1700 θαλάσσας,
672 1667 708 1698 εἷς
718 1664 861 1704 ποταμοὺς,

90 1714 127 1745 εἷς
140 1710 228 1750 πηγὰς
236 1734 244 1748 ,
265 1713 302 1744 εἷς
313 1711 422 1750 λίμνας,
438 1713 474 1744 εἷς
487 1711 587 1751 φρέατα
597 1723 603 1729 ·
618 1710 686 1740 οὕτω
700 1711 744 1740 καὶ
755 1711 785 1740 τὸ
796 1712 862 1750 φῶς,

92 1757 119 1786 ἓν
134 1757 270 1796 ὑπάρχον,
286 1756 429 1796 μονοειδὲς,
450 1757 607 1795 κατατεμὼν
620 1759 634 1786 ὁ
647 1756 782 1797 τεχνίτης,
798 1756 862 1795 ἐμέ-

92 1815 162 1843 ρισεν
173 1805 210 1836 εἷς
222 1802 297 1838 ἥλιον
315 1803 360 1832 καὶ
379 1802 492 1839 σελήνην
506 1803 552 1832 καὶ
565 1802 659 1842 ἄστρα.
679 1803 759 1832 Θέλω
769 1802 797 1831 δὲ
811 1803 858 1838 ζη-

91 1851 180 1886 τῆσαι,
192 1850 248 1882 πῶς
261 1847 384 1885 ἐποίησεν
395 1850 409 1878 ὁ
421 1849 490 1882 Θεὸς
501 1848 560 1882 τοὺς
573 1850 714 1889 φωστῆρας
722 1860 729 1866 ·
745 1848 863 1888 φαίνεται

91 1894 143 1935 γὰρ
155 1894 268 1930 ποιήσας
282 1894 374 1927 αὐτοὺς
387 1893 435 1928 ἔξω
449 1898 495 1924 τοῦ
510 1895 630 1934 οὐρανοῦ,
644 1894 689 1923 καὶ
703 1894 762 1924 τότε
777 1893 862 1930 πήξας

93 1940 156 1969 ἄνω.
181 1939 289 1979 Ὥσπερ
313 1939 450 1979 τεχνίτης,
473 1939 579 1969 ἐπειδὰν
602 1939 735 1980 ἀπαρτίσῃ
762 1939 864 1973 εἰκόνα,

92 1985 152 2015 τότε
165 1985 293 2025 πήγνυσιν
306 1985 389 2020 αὐτὴν
403 1987 430 2014 ἐν
444 1985 541 2025 τοίχῳ·
556 1985 638 2019 οὕτως
650 1988 665 2015 ὁ
678 1985 746 2018 Θεὸς
759 1987 864 2025 πρῶτον

93 2031 202 2067 ἐποίησε
224 2030 284 2064 τοὺς
304 2032 444 2071 φωστῆρας
458 2030 510 2065 ἔξω
533 2033 579 2060 τοῦ
600 2032 726 2071 οὐρανοῦ,
747 2031 792 2060 καὶ
805 2030 865 2060 τότε

94 2077 189 2112 ἔπηξεν
202 2077 267 2111 ἄνω,
280 2076 372 2117 ὥσπερ
385 2076 517 2116 τεχνίτης,
530 2078 567 2110 ὡς
581 2081 708 2117 μαρτυρεῖ
721 2079 738 2112 ἡ
755 2076 848 2116 Γραφή
858 2088 864 2094 ·

95 2123 146 2152 Καὶ
163 2123 283 2158 ἐποίησεν
297 2125 311 2152 ὁ
323 2122 392 2156 Θεὸς
412 2122 472 2156 τοὺς
490 2122 536 2152 δύο
555 2124 712 2163 φωστῆρας,
733 2123 778 2152 καὶ
794 2122 866 2151 ἔθετο

96 2168 190 2201 αὐτοὺς
209 2169 236 2197 ἐν
250 2170 289 2208 τῷ
302 2169 416 2209 οὐρανῷ.
438 2169 502 2202 Πῶς
515 2163 560 2198 οὗν
581 2168 674 2202 αὐτοὺς
688 2168 799 2206 ἔπηξεν;
814 2164 866 2208 ἆρα

97 2216 135 2255 μὴ
149 2219 215 2255 ὁμοῦ
237 2212 305 2253 ἦσαν
324 2218 349 2246 οἱ
372 2216 418 2246 δύο
439 2216 618 2257 mun-(niven
633 2218 693 2247 Οὔκ
706 2216 761 2257 ἔχει
775 2216 862 2255 λόγον.
882 2226 903 2249 1)

97 2266 176 2296 Ἀλλὰ
189 2266 232 2304 τίς
246 2266 324 2296 Κατὰ
337 2265 386 2303 τὴν
399 2267 488 2306 φωνὴν
502 2267 581 2296 αὐτοῦ
596 2270 641 2296 τοῦ
655 2267 725 2296 Θεοῦ
745 2262 864 2302 ἡ’πῆξις.

95 2315 209 2352 Ἔθετο,
220 2315 315 2357 φησὶν,
329 2318 344 2346 ὁ
354 2315 422 2350 Θεὸς
435 2315 495 2350 τοὺς
508 2318 649 2357 φωστῆρας
658 2338 666 2352 ,
682 2316 725 2346 τὸν
739 2317 867 2356 φωστῆρα

97 2366 141 2396 τὸν
154 2366 238 2406 μέγαν
252 2368 288 2400 εἰς
298 2366 382 2407 ἀρχὰς
391 2368 440 2403 τῆς
451 2367 561 2407 ἡμέρας,
572 2366 617 2397 καὶ
627 2366 671 2396 τὸν
684 2367 811 2406 φωστῆρα
823 2365 867 2395 τὸν

130 2458 145 2478 b
161 2462 196 2485 τὰ
209 2460 290 2485 ὕδατα.
306 2458 349 2484 Sic
361 2467 448 2484 omnes
458 2458 517 2483 Mas.
531 2458 625 2490 Estque
637 2456 713 2482 lectio
728 2455 796 2482 haud
808 2455 858 2481 du-

98 2495 139 2521 bie
149 2498 246 2522 vittata.
255 2498 332 2522 Putat
348 2497 514 2523 Combefisius
531 2496 663 2529 legendum
679 2501 710 2522 τὰ
722 2499 856 2531 σπέρματα,

904 474 1007 511 ditum,
1032 474 1093 504 ideo
1110 476 1158 508 ait.
1182 478 1342 506 Germinet.
1361 476 1397 505 Et
1421 472 1492 505 circa
1509 473 1647 510 animalia,

904 521 1034 559 Edam,
1046 522 1111 561 quia
1120 533 1182 552 cum
1195 523 1277 552 semel
1289 533 1323 553 ex
1337 530 1406 553 terra
1418 529 1475 552 orta
1486 527 1582 559 essent,
1594 531 1647 550 non

904 567 978 597 ultra
988 567 1146 603 atet-ra,sed
1156 578 1204 608 per
1212 568 1407 598 successionem
1421 569 1579 608 gignuntur.
1592 569 1649 597 Fa-

906 621 981 644 ctum
987 620 1030 643 est
1038 615 1091 643 ita.
1104 614 1229 644 Verbum
1239 613 1267 644 in
1279 625 1347 654 opus
1353 614 1472 644 decurrit
1477 626 1487 652 3
1500 620 1592 643 ornata
1599 613 1651 643 fuit

905 666 994 698 terra;
1009 660 1149 700 oportebat
1159 659 1269 690 demum
1280 660 1372 689 ornari
1383 660 1489 689 caelum.
1505 661 1562 690 Cur
1572 656 1651 699 'prius

906 713 1003 735 terram
1023 712 1147 741 exornat,
1165 716 1247 744 quam
1261 706 1358 736 eaelum
1369 706 1383 735 Ρ
1398 707 1512 746 Propter
1533 715 1652 734 errorem

906 751 1101 792 multiplicium
1124 752 1249 790 deorum,
1264 752 1312 791 qui
1334 752 1489 781 exoriturus
1511 757 1578 787 erat,
1598 761 1653 789 quo

907 798 1003 835 solem,
1018 798 1122 837 lunam,
1145 799 1236 828 stellas
1263 799 1414 828 coluerunt.
1439 798 1525 827 Dixit
1558 797 1651 834 Deus,
1665 810 1747 832 aem.
1784 817 1805 831 ¹,

907 846 1000 874 Fiant
1014 844 1174 874 luminaria
1189 846 1220 873 in
1227 845 1419 886 firmamento
1437 843 1512 872 coeli.
1535 843 1593 872 Cur
1607 852 1653 871 so-
1667 840 1702 871 ¹4·

908 891 961 920 lem
976 898 1002 921 et
1014 891 1107 920 lunam
1121 901 1176 920 non
1192 892 1280 932 primo
1292 890 1337 920 die
1346 890 1408 920 fecit
1421 889 1435 918 Ρ
1449 889 1521 926 Quia
1534 889 1654 919 nondum
1665 873 1752 926 stmcne'}
1769 880 1807 925 ἷζῖ

912 937 1012 966 factum
1033 937 1119 966 fuerat
1132 937 1342 973 firmamentum,
1355 936 1384 964 in
1400 945 1454 974 quo
1468 935 1514 964 illa
1534 934 1656 975 ponenda
1666 943 1716 972 ΜΨ
1732 943 1776 956 ¹¹⁰¹*
1789 967 1794 971 ,

910 990 997 1013 erant.
1016 984 1110 1021 Neque
1125 983 1159 1012 ob
1181 983 1251 1013 hanc
1265 989 1369 1011 tantum
1390 992 1515 1016 causam;
1535 980 1582 1011 sed
1594 980 1657 1020 quia
1667 974 1746 1019 ῗζζζῗῇ
1772 967 1809 987 ‘¹¹⁰

912 1028 1032 1057 nondum
1059 1035 1135 1058 erant
1155 1028 1270 1065 fructus,
1296 1027 1345 1065 qui
1368 1027 1473 1057 abillis
1490 1027 1655 1057 foverentur.
1667 1028 1736 1050 Deus.

913 1074 1006 1103 Tertio
1020 1085 1135 1114 namque
1148 1073 1192 1103 die
1202 1074 1305 1103 fructus
1317 1073 1510 1113 germinarunt.
1523 1074 1561 1103 Ac
1569 1084 1603 1103 ne
1612 1084 1660 1113 pu·

913 1127 1015 1150 teretur
1028 1120 1090 1150 illos
1103 1127 1137 1150 ex
1146 1120 1211 1150 solis
1219 1127 1314 1150 natura
1323 1119 1493 1159 geminasse,
1504 1126 1565 1160 post
1577 1120 1660 1149 abso-

914 1166 999 1196 lutam
1012 1166 1184 1204 creationem,
1204 1173 1269 1196 tunc
1281 1167 1357 1195 Deus
1376 1166 1439 1196 fecit
1453 1166 1548 1202 solem,
1568 1166 1660 1195 lunam

913 1220 939 1243 et
952 1213 1051 1243 stellas.
1065 1212 1208 1244 Undenam
1221 1214 1295 1243 Deus
1317 1212 1366 1242 illa
1386 1212 1448 1242 fecit
1461 1212 1474 1242 ‚⁹
1489 1212 1599 1242 Dictum
1621 1219 1661 1241 est

913 1260 986 1289 enim
997 1260 1087 1300 ipsum
1105 1260 1194 1300 primo
1207 1259 1252 1289 die
1265 1269 1299 1289 ex
1312 1270 1365 1289 non
1379 1259 1547 1298 exstantibus
1566 1266 1662 1289 cuncta

914 1306 1018 1344 secisse,
1029 1305 1140 1344 reliquis
1150 1312 1238 1335 autem
1250 1305 1347 1335 (liebus
1354 1316 1389 1335 ex
1395 1305 1574 1335 exstantibus.
1582 1305 1664 1335 Unde

914 1363 977 1392 ergo
1001 1351 1062 1381 sol?
1083 1352 1129 1381 Ex
1141 1351 1202 1380 luce
1215 1361 1275 1390 quae
1292 1350 1381 1391 primo
1401 1350 1447 1380 die
1469 1351 1536 1380 facta
1557 1351 1661 1386 suerat,

914 1409 995 1437 quam
1007 1397 1125 1427 mutavit
1138 1403 1169 1426 ut
1179 1396 1268 1427 voluit
1282 1396 1397 1434 Artifex,
1411 1396 1439 1425 in
1450 1396 1591 1435 variasque
1603 1406 1662 1436 spe-

913 1445 966 1474 eies
986 1443 1134 1474 convertit:
1159 1443 1219 1472 illic
1233 1442 1303 1473 lucis
1321 1443 1474 1480 materiam,
1487 1443 1534 1472 hic
1552 1443 1660 1472 stellas:

912 1489 1142 1530 quemadmodum
1154 1490 1177 1519 si
1192 1489 1253 1528 quis
1271 1489 1445 1529 praemitteret
1459 1489 1519 1518 auri
1531 1500 1662 1526 massam,

913 1536 1028 1575 indeque
1041 1542 1131 1576 postea
1143 1545 1238 1564 aureos
1252 1534 1361 1564 cuderet
1371 1546 1380 1573 ς
1396 1535 1433 1564 sic
1448 1534 1584 1574 disposuit
1592 1534 1662 1564 lucis

913 1589 1048 1611 ornatum.
1077 1580 1314 1618 Quemadmodum
1340 1580 1413 1610 enim
1435 1580 1562 1620 abyssum
1571 1602 1579 1616 ,
1602 1591 1662 1619 quae

914 1635 977 1657 tune
993 1637 1044 1656 una
1068 1633 1124 1656 erat
1144 1637 1212 1665 aqua
1224 1648 1232 1663 ,
1253 1625 1348 1655 divisit
1365 1625 1392 1654 in
1408 1626 1508 1662 maria,
1530 1625 1660 1662 flumina,

914 1674 998 1702 fontes
1009 1696 1016 1710 ,
1039 1673 1132 1709 lacus,
1156 1678 1267 1711 puteos=
1290 1671 1328 1700 sie
1348 1678 1374 1700 et
1397 1670 1501 1708 lucem,
1523 1681 1583 1710 quae
1610 1681 1662 1700 una

915 1718 1048 1757 uniusque
1069 1717 1166 1758 speciei
1183 1723 1255 1753 erat,
1276 1716 1411 1746 dissecans
1443 1716 1548 1746 Artifex
1569 1716 1663 1748 divisit

915 1766 943 1795 in
957 1766 1041 1795 solem
1055 1788 1063 1801 ,
1072 1765 1165 1794 lunam
1179 1771 1207 1794 et
1219 1764 1319 1794 stellas.
1336 1765 1420 1794 Porro
1434 1764 1501 1795 libet
1515 1764 1660 1804 inquirere,

915 1810 1049 1849 quomodo
1068 1811 1159 1840 fecerit
1172 1811 1247 1840 Deus
1270 1809 1417 1839 luminaria
1433 1822 1439 1839 :
1463 1808 1572 1840 videtur
1591 1810 1662 1840 enim

915 1867 944 1886 ca
968 1864 1042 1886 extra
1069 1856 1163 1886 caelum
1178 1855 1349 1892 condidisse,
1363 1867 1394 1885 ac
1416 1862 1473 1885 turn
1487 1857 1611 1896 superius
1628 1856 1662 1885 fi—

915 1903 997 1932 xisse.
1012 1901 1246 1940 Quemadmodum
1260 1902 1368 1939 artifex,
1390 1912 1453 1931 cum
1466 1902 1576 1942 perfecit
1593 1902 1662 1931 ima-

916 1952 1021 1989 ginem,
1047 1955 1111 1978 tune
1130 1950 1157 1978 in
1178 1948 1277 1989 pariete
1294 1947 1383 1987 infigit
1405 1947 1503 1977 illam:
1530 1947 1569 1977 sic
1589 1949 1663 1977 Deus

915 1997 1004 2038 primo
1014 1997 1076 2026 fecit
1089 1996 1179 2026 stellas
1192 2003 1268 2026 extra
1287 1996 1383 2025 caelum
1391 2019 1401 2032 ,
1413 2002 1530 2035 tuncque
1543 1995 1605 2024 fixit
1618 2006 1662 2025 eas

916 2054 1023 2073 sursum
1034 2066 1042 2080 ,
1057 2042 1126 2072 sicut
1145 2042 1254 2079 artifex,
1269 2049 1300 2071 ut
1321 2042 1478 2071 testificatur
1498 2041 1636 2082 Scriptura
1654 2054 1659 2070 :

916 2091 958 2119 Et
963 2090 1042 2131 fecit
1063 2089 1141 2119 Deus
1154 2090 1212 2118 duo
1227 2089 1395 2123 luminaria,
1408 2095 1436 2117 et
1448 2093 1544 2128 posuit
1561 2088 1617 2117 illa
1631 2090 1662 2116 in
1675 2097 1755 2116 eones.
1792 2099 1811 2115 ι.

917 2136 998 2165 coelo.
1021 2134 1163 2172 Quomodo
1182 2142 1271 2164 autem
1287 2134 1336 2163 illa
1358 2134 1447 2163 infixit
1462 2134 1476 2163 P
1502 2145 1569 2163 num
1582 2134 1661 2163 ambo
1675 2127 1711 2149 ’δ’
1731 2133 1765 2153 ¹7-

918 2182 1001 2211 simul
1014 2189 1074 2211 ante
1081 2187 1219 2221 compacta
1237 2188 1313 2210 erant
1324 2181 1338 2210 Ρ
1361 2180 1395 2211 Id
1416 2180 1514 2210 rationi
1527 2187 1567 2209 est
1584 2180 1664 2209 abso-

918 2238 994 2257 num.
1026 2227 1079 2257 Sed
1089 2226 1155 2266 quid
1164 2227 1178 2256 Ξ)
1190 2226 1345 2256 Secundum
1366 2226 1418 2255 Dei
1432 2237 1525 2256 vocem
1540 2226 1597 2265 ipsa
1619 2226 1666 2254 in-

918 2274 985 2303 fixio
1001 2273 1063 2303 suit.
1088 2273 1204 2310 Posuit,
1216 2272 1315 2311 inquit,
1333 2272 1413 2302 Deus
1435 2272 1607 2307 luminaria,
1622 2271 1665 2299 lu-

918 2321 1030 2350 minare
1053 2320 1149 2359 majus
1175 2320 1206 2347 in
1230 2319 1412 2358 principatus
1434 2319 1502 2354 diei,
1529 2323 1557 2345 et
1585 2318 1666 2345 lumi-

919 2375 991 2394 nare
1016 2365 1112 2394 minus
1138 2366 1170 2393 in
1191 2366 1377 2404 principatus
1399 2366 1502 2392 noctis.
1536 2364 1605 2391 Cum
1625 2362 1666 2390 sol

939 2463 950 2476 ι
966 2456 1026 2480 Haec
1043 2454 1111 2487 apud
1123 2455 1241 2479 Cosmam
1253 2454 1401 2487 AEgyptium
1422 2451 1547 2476 habentur
1563 2460 1588 2483 p.
1607 2451 1665 2486 328,

906 2493 949 2520 ubi
967 2493 1000 2519 ad
1012 2493 1149 2519 secundum
1167 2500 1308 2518 sermonem
1326 2492 1450 2523 pertinere
1468 2489 1532 2514 male
1549 2489 1666 2514 dicuntur

99 2535 137 2561 vet
150 2540 180 2563 τὰ
192 2540 259 2570 φυτά.
269 2536 357 2561 Melius
365 2536 470 2562 sortasse
488 2539 571 2565 ταῦτα,
585 2533 650 2560 unde
663 2543 746 2560 errore
762 2534 857 2560 librarii
907 2535 932 2559 in
949 2533 1031 2558 titulo.

99 2580 130 2601 τὰ
143 2577 214 2601 ὕδατα
226 2574 322 2600 factum
334 2576 375 2600 sit.

260 2619 332 2637 ΤΟΜ.
357 2618 399 2638 VI.

1477 2600 1514 2628 35
