1904 2840
127 1587 147 1604 Ι.
163 1580 215 1603 Cor.
228 1581 264 1609 14.

265 185 337 235 926

826 211 827 214 ,
847 188 932 217 orus
958 192 1195 217 memmerunt

263 257 441 289 necessarium
465 262 513 292 est,
527 262 557 285 ut
575 255 718 285 hominum
738 255 883 296 potentiam
903 266 1002 295 cogno·
1022 257 1042 282 Α
1059 257 1121 284 cari
1130 256 1242 286 Rabbi:
1251 254 1368 294 nequod
1377 256 1435 285 Deo
1447 253 1572 292 debetur,
1587 254 1665 284 vobis
1677 253 1798 285 sumatis·

263 297 390 328 scamus?
415 298 485 326 Nam
505 295 552 334 qui
569 295 745 325 necessarium
771 305 825 324 non
849 295 947 332 hahet,
974 303 1005 325 ut

263 339 351 367 Deum
363 335 483 365 ostendat
502 346 552 375 per
571 346 652 371 suam
661 334 879 372 sanctitatem,-et
891 334 943 364 hoc
961 335 1004 364 fa-

263 378 314 406 cit:
332 376 389 405 sine
409 375 493 404 dubio
511 386 539 404 se
551 375 657 404 festinat
671 374 820 410 ostendere,
836 384 889 404 non
902 376 1001 404 Deum.

263 416 341 446 Alius
357 422 445 444 autem
460 415 498 445 sic
511 414 701 454 iuterpretatur
713 414 786 445 hunc
808 414 918 443 locum:
933 414 1006 451 Quia

272 467 311 486 ier
321 454 632 493 observationes‚inquit‚
648 452 826 493 quorumdam
835 453 945 488 ‚dierum
958 453 1006 484 di—

275 502 347 525 atant
356 494 439 524 verba
453 505 512 531 sua,
526 494 602 533 quasi
614 494 781 534 phylacteria
795 506 801 523 z
824 500 851 523 et
862 493 1006 525 ostendunt

263 535 367 575 populo
383 545 413 563 ea
436 534 544 564 assidue
566 534 751 573 praedicanteS,
766 533 843 572 quasi
863 543 1007 563 conserva-

157 590 255 608 ccxxxv
265 574 368 605 vatoria
380 571 448 613 legis
469 581 495 604 et
516 573 612 604 salutis
634 584 728 604 eorum
744 587 750 603 :
765 573 857 612 quales
880 579 954 602 erant
972 573 1007 602 de

117 629 201 652 Manh.
219 627 255 650 15,
267 614 366 654 quibus
379 614 503 648 Christus
517 613 623 643 dicebat
636 626 642 642 z
655 614 725 643 Sine
736 623 827 642 causa
839 619 936 642 autem
957 623 1005 642 co-

268 655 333 684 lunt
347 664 403 691 me,
417 655 552 683 docentes
565 655 712 684 doctrinas
720 660 749 683 et
761 653 903 682 mandata
914 653 1006 681 homi-

267 705 349 724 num.
358 691 494 734 Fimbrias
502 700 590 723 autem
599 694 818 725 vestimentorum
826 692 1008 732 magnificatas

266 729 332 764 dicit
343 733 581 774 supereminentias
589 732 744 764 eorumdem
756 732 942 762 mandatorum
953 742 1009 761 ma-

267 774 416 813 gnificatas.
439 774 555 810 Quando
577 773 647 803 enim
672 784 720 813 per
742 773 866 802 minimas
886 771 963 807 illas,
983 778 1009 801 et

266 813 418 854 superfluas
431 813 629 851 observationes
639 813 806 853 justitiarum
823 822 934 841 suarum
947 810 1007 840 lau-

1057 295 1149 324 Nolite
1162 302 1189 324 et
1204 295 1272 324 alios
1284 305 1380 325 vocare
1400 295 1490 325 Rabbi
1500 317 1508 331 ,
1523 305 1557 324 ne
1574 293 1699 324 divinum
1713 293 1801 324 hono-

1058 345 1115 364 rem
1127 334 1283 364 hominibus
1295 334 1431 364 deferatis.
1444 335 1529 364 Unus.
1537 341 1577 363 est
1591 334 1662 363 enim
1677 333 1802 373 magister

1058 373 1180 403 omnium
1187 396 1196 410 ‚
1209 374 1258 413 qui
1271 384 1362 403 omnes
1371 374 1492 403 homines
1501 373 1659 403 naturaliter
1668 373 1756 404 docet.
1771 373 1801 403 Si

1058 413 1130 442 enim
1140 413 1221 442 homo
1229 413 1364 443 hominem
1378 413 1507 449 erudiret,
1523 423 1614 442 omnes
1627 413 1749 442 homines
1758 412 1801 442 di-

1058 459 1170 488 scerent,
1175 453 1222 492 qui
1230 453 1330 483 habent
1337 453 1470 482 doctores:
1477 462 1548 482 nune
1556 458 1645 482 autem
1651 453 1802 491 quiahomo

1059 502 1112 521 non
1119 492 1206 528 docet,
1214 492 1260 522 scd
1267 494 1352 530 Deus,
1361 492 1441 522 multi
1453 491 1563 532 quidem
1573 491 1714 528 docentur,
1722 493 1802 532 pauci

1059 538 1149 561 autem
1163 532 1281 562 discunt.
1303 533 1392 563 Homo
1409 532 1480 562 enim
1501 542 1555 562 non
1574 531 1740 562 intellectum
1751 531 1802 562 ho-

1059 571 1126 600 mini
1139 579 1246 612 praestat
1259 571 1396 608 docendo,
1415 571 1463 602 sed
1480 582 1495 601 a
1514 573 1572 601 Deo
1593 571 1742 616 praestitum
1789 582 1803 600 r

1060 610 1269 641 admonitionem
1279 618 1394 642 exercet.
1410 611 1538 642 Doctrina
1559 621 1630 641 cuim
1643 611 1710 640 cotis
1722 611 1756 640 ha
1777 617 1804 640 ct

1061 651 1190 681 officium.
1214 651 1290 681 Sicut
1310 652 1381 681 enim
1402 662 1447 681 cos
1465 661 1519 680 non
1540 651 1603 681 facit
1626 651 1743 687 terrum,
1755 649 1803 680 sed

1061 690 1133 720 acuit
1146 702 1152 719 ε
1166 698 1192 721 et
1206 691 1276 720 sicut
1289 692 1347 722 sine
1358 701 1438 722 eausa
1449 691 1553 720 ferrum
1565 697 1674 720 acutum
1684 690 1802 727 acuitur,

1061 729 1097 759 ita
1121 730 1179 760 sine
1201 741 1280 760 causa
1300 731 1383 761 homo
1403 737 1523 761 sensatus
1544 730 1666 760 docetur.
1683 729 1805 760 Maxime

1060 780 1121 807 vos,
1137 771 1184 809 qui
1198 770 1352 810 spirituales
1373 771 1448 806 estis,
1462 768 1597 810 quomodo
1610 769 1713 799 vocatis
1726 769 1804 799 vobis

1060 816 1196 839 terrenum
1209 810 1387 850 magistrum?
1400 809 1541 849 Numquid
1553 809 1669 839 carnalis
1682 808 1805 839 doctrina

266 852 331 882 dant
351 853 480 890 eximias,
496 861 521 883 et
538 853 618 883 valde
638 854 696 882 Deo
717 852 869 892 placentes,
889 850 1009 880 fimbrias
1026 855 1045 879 B
1061 848 1233 894 disciplinam
1258 857 1366 890 generat
1389 849 1579 891 spiritualem?
1603 850 1740 889 Scriptum
1765 855 1806 878 est

266 894 486 923 vestimentorum
495 903 607 923 suorum
614 892 793 932 magnificant.
807 892 923 920 Amant
932 892 1010 919 enim

266 934 373 971 primos
385 935 531 963 recubitus
546 935 578 962 in
591 933 742 962 conviviis.
759 932 822 961 Haec
840 930 863 959 si
882 929 1009 970 spiritua-

268 972 330 1002 liter
339 972 535 1013 intelligantur‚
550 972 684 1002 :edificant
694 984 700 1000 :
711 972 734 1001 si
746 982 810 1000 vero
823 969 1008 1010 corporaliter,

268 1023 320 1042 nou
341 1013 428 1042 solum
442 1024 495 1042 non
516 1013 666 1049 aedificant,
688 1010 735 1040 sed
749 1010 839 1039 adhuc
858 1009 943 1049 magis
963 1009 1010 1038 de-

268 1059 386 1091 struunt.
413 1052 574 1090 Quomodo?
600 1054 671 1082 Pone
703 1051 820 1089 aliquem
848 1060 905 1079 esse
932 1049 1012 1078 corde

267 1093 421 1132 jactantem,
431 1092 582 1122 audientem
593 1091 730 1121 laudabile
742 1101 799 1120 esse
807 1090 834 1119 in
843 1089 940 1118 ultimo
953 1089 1011 1120 loco
1045 1113 1048 1117 .

270 1131 449 1168 discumbere,
467 1132 613 1161 discumbit
623 1138 683 1171 post
695 1141 787 1160 omnes
801 1142 808 1159 ι
825 1136 851 1159 et
859 1139 912 1158 non
923 1129 1013 1158 solum

270 1179 334 1201 tunc
345 1172 499 1212 jactantiam
521 1171 609 1201 cordis
631 1181 684 1200 non
698 1169 830 1206 dimittit,
852 1168 900 1198 sed
924 1169 1013 1198 adhuc

271 1212 351 1240 aliam
358 1212 513 1251 jactantiam
526 1211 688 1240 humilitatis
701 1209 815 1248 acquirit
828 1221 836 1238 ε
851 1215 880 1237 ut
893 1208 941 1247 qui
953 1208 1012 1239 vult

270 1250 360 1280 videri
378 1250 486 1290 justus,
501 1251 581 1280 etiam
604 1250 716 1279 humilis
735 1248 859 1279 videatur
882 1249 917 1277 ab
939 1248 1010 1278 aliis.

272 1289 372 1327 Quanti
385 1290 456 1318 enim
470 1298 532 1319 sunt
542 1290 667 1329 superbi,
682 1289 729 1327 qui
738 1298 849 1327 corpore
862 1287 972 1326 quidem
985 1287 1014 1316 in

272 1329 420 1358 novissimo
434 1330 607 1365 recumbunt,
622 1328 710 1357 cordis
733 1334 822 1356 autem
843 1327 956 1356 elatione
970 1326 1013 1357 vi-

272 1369 370 1398 dentur
384 1368 437 1397 sihi
457 1369 484 1397 in
497 1379 580 1398 cornu
601 1367 774 1397 recumbere?
787 1366 823 1396 Et
843 1366 935 1404 quanti
952 1372 1015 1395 sunt

273 1407 390 1437 humiles
404 1408 431 1437 in
444 1419 529 1443 cornu
551 1407 751 1441 recumbentes,
765 1413 791 1435 et
809 1405 970 1435 conscientia
988 1416 1016 1434 se

274 1448 427 1477 existimant
447 1448 475 1477 in
490 1448 584 1477 ultimo
598 1446 673 1476 esse?
686 1445 762 1483 Quid
775 1443 858 1484 ergo?
869 1446 943 1474 Deus
957 1445 1015 1484 spi-

274 1489 342 1517 ritus
353 1494 408 1523 est,
422 1497 474 1516 non
488 1487 641 1523 adcarncm
655 1485 791 1525 loquitur,
805 1484 852 1514 sed
873 1484 909 1513 ad
931 1484 1015 1523 spiri-

273 1534 341 1556 tum.
359 1528 428 1556 Caro
439 1527 510 1556 enim
523 1525 676 1566 spiritualia
688 1535 741 1554 non
753 1524 890 1563 intelligit,
912 1523 1017 1553 dicente

275 1565 395 1607 apostolo
411 1579 418 1595 :
434 1566 463 1596 Si
477 1570 543 1607 quis
557 1565 719 1603 spiritualis
733 1571 774 1593 est
789 1565 865 1593 inter
886 1573 950 1600 vos,
966 1573 1018 1592 co-

275 1613 396 1644 gnoscat
407 1617 472 1646 quoe
485 1607 579 1635 scribo
604 1606 700 1641 vobis,
717 1606 787 1643 quia
808 1604 930 1632 Domini
950 1609 1019 1640 sunt

277 1647 431 1675 mandata.
448 1646 477 1676 Si
490 1656 553 1685 ergo
566 1656 578 1674 s
599 1644 677 1674 iritus
686 1643 721 1673 ad
732 1643 857 1684 spiritum
872 1642 949 1680 dicit,
964 1642 1020 1683 spi-

276 1686 420 1723 ritualiter,
438 1696 491 1714 non
502 1656 644 1715 carnaliter
657 1683 733 1713 dicit.
754 1684 814 1713 Non
830 1683 902 1712 enim
914 1689 1020 1712 tantum

276 1732 351 1755 curat
365 1727 448 1762 Deus,
466 1725 512 1754 ubi
525 1735 622 1764 corpus
634 1723 750 1753 hominis
761 1724 859 1763 jaceat,
871 1721 918 1751 sed
929 1721 956 1751 in
966 1733 1020 1760 qua

296 1772 351 1794 arte
362 1775 436 1794 mens
446 1765 612 1794 conscientiae
622 1763 658 1793 sit
668 1763 806 1792 collocata.
817 1763 891 1801 Ergo
899 1761 1021 1801 quodju-

276 1777 322 1834 iiet
332 1804 408 1834 nobis
419 1805 446 1833 in
461 1805 557 1834 ultimo
571 1804 630 1833 loco
642 1803 774 1832 Dominus
786 1802 951 1838 recumbere,
967 1811 1019 1831 non

277 1845 366 1874 solum
380 1844 419 1873 sic
430 1844 522 1884 jubet,
537 1851 568 1872 ut
587 1852 699 1882 corpore
716 1842 743 1871 in
761 1841 909 1870 novissimo
928 1842 1018 1881 jacea-

278 1895 353 1920 mus,
370 1884 418 1914 sed
439 1884 518 1913 etiam
539 1883 645 1917 animo,
669 1888 698 1910 ut
716 1881 876 1911 novissimos
895 1891 944 1910 nos
964 1891 1021 1910 esse

279 1924 399 1953 omnium
406 1923 567 1968 judicemus.
580 1923 650 1952 Nam
659 1921 716 1950 sine
729 1931 807 1950 causa
820 1920 880 1950 loco
890 1931 918 1949 se
931 1920 1022 1949 humi-

280 1963 345 1999 liat,
368 1974 416 2002 qui
435 1963 515 1992 corde
530 1973 557 1991 se
577 1961 695 2002 praefert.
710 1959 790 1990 Unde
810 1970 863 1989 non
886 1960 1022 1999 vituperat

281 2013 325 2032 eos
335 2025 342 2037 ,
357 2003 405 2041 qui
419 2003 446 2031 in
461 2003 550 2042 primo
564 2002 623 2030 loco
637 2001 812 2036 recumbunt,
832 1999 879 2028 sed
899 2010 959 2035 eos,
974 1999 1022 2038 qui

281 2049 370 2071 amant
383 2042 484 2082 primos
500 2040 652 2070 discubitus
666 2052 672 2068 ε
686 2040 721 2068 ad
734 2039 898 2070 voluntatem
911 2039 1021 2078 vitupe-

282 2082 411 2111 rationem
424 2082 549 2116 referens,
563 2090 616 2109 non
630 2079 663 2108 ad
685 2080 793 2108 facium.
810 2080 851 2108 Et
865 2079 1022 2108 salutatio-

283 2130 333 2150 nes
351 2123 382 2149 in
393 2122 479 2162 foro.
507 2120 608 2150 Primas
628 2119 798 2148 salutationes
819 2129 872 2147 non
891 2118 978 2147 solum
993 2118 1022 2147 in

283 2166 401 2201 tempore
410 2183 417 2197 ,
431 2160 478 2189 sed
493 2160 574 2189 etiam
594 2159 620 2188 in
633 2168 716 2189 voce:
728 2169 781 2187 non
795 2158 881 2187 solum
895 2158 923 2186 in
938 2168 1003 2188 voce
1013 2180 1020 2194 ‚

283 2199 331 2229 sed
342 2201 421 2229 etiam
437 2199 465 2228 in
484 2209 611 2238 corpore:
623 2209 676 2227 non
694 2198 781 2227 solum
794 2198 820 2226 in
835 2208 960 2237 corpore,
976 2197 1024 2227 sed

284 2241 363 2269 ctiam
375 2240 403 2269 in
418 2239 477 2269 loco
491 2251 497 2267 :
511 2239 541 2268 id
553 2246 601 2274 est,
610 2249 663 2267 non
674 2238 761 2267 solum
772 2238 894 2276 exigunt,
908 2243 936 2265 ut
947 2237 1024 2277 prius

284 2277 346 2309 illos
357 2279 503 2309 salutemus
512 2301 520 2315 ‚
536 2277 584 2308 sed
603 2278 684 2307 etiam
704 2287 766 2306 cum
780 2287 843 2307 voce
861 2277 1004 2306 clamantes
1015 2300 1022 2314 ,

285 2321 342 2349 Ave
354 2319 443 2348 Rabbi
457 2331 463 2347 :
476 2329 528 2347 non
543 2318 631 2347 solum
652 2317 704 2346 hoc
714 2339 721 2351 ‚
743 2316 789 2345 sed
810 2317 890 2345 etiam
905 2323 935 2345 ut
948 2316 1026 2346 flexis

284 2359 434 2399 capitibus,
454 2369 485 2388 ac
508 2357 634 2394 nudatis,
659 2363 686 2385 et
705 2356 733 2384 in
757 2356 867 2396 publico
891 2356 925 2384 ad
940 2366 1024 2395 genua

283 2409 376 2427 eorum
387 2408 436 2426 nos
448 2397 630 2427 incurvemus.
643 2397 685 2425 Et
695 2397 799 2425 vocari
808 2396 844 2424 ab
860 2396 1025 2425 hominibus

283 2439 389 2467 Rabbi.
404 2438 437 2467 Id
454 2444 509 2474 est,
525 2437 616 2467 vocari
635 2436 732 2466 volunt
743 2458 750 2471 ,
769 2445 821 2464 non
840 2445 915 2464 esse:
930 2445 1025 2464 nomen

284 2484 430 2518 appetunt,
444 2484 470 2506 et
490 2477 610 2506 officium
632 2475 781 2515 negligunt.
796 2475 939 2511 Quomodo
954 2474 1026 2503 euim

284 2524 370 2556 potest
383 2527 439 2546 esse
452 2517 578 2557 magister
588 2539 595 2553 ,
608 2516 655 2554 qui
669 2514 833 2555 discipulum
855 2524 908 2543 non
924 2514 1025 2543 habet?

285 2558 325 2585 Da
346 2567 409 2596 ergo
429 2567 554 2596 operam,
575 2563 600 2585 et
621 2554 740 2585 invenies
763 2554 902 2583 fructum:
918 2554 1026 2593 acquire

284 2595 461 2636 discipulum,
469 2603 494 2625 et
502 2603 557 2626 esto
564 2595 699 2635 magister.
707 2594 765 2624 Vos
774 2601 870 2623 aulem
880 2594 969 2623 nolite
975 2604 1026 2623 νο-

1061 899 1133 918 enim
1147 902 1154 918 :
1171 890 1280 919 Beatus
1293 891 1400 927 homo,
1416 900 1503 930 quem
1524 896 1555 919 tu
1573 890 1728 925 erudieris,
1743 891 1804 918 Do·
1813 896 1904 926 Pml.q

1063 930 1157 966 mine,
1169 935 1196 957 et
1211 930 1248 958 de
1261 930 1325 968 lege
1339 937 1390 959 tua
1401 930 1532 959 docueris
1547 939 1623 958 eum.
1642 930 1667 958 E
1670 935 1681 958 t
1691 936 1806 968 patrem
1817 933 1853 950 ¹²·

1062 968 1154 997 nolite
1174 979 1280 998 vocare
1301 971 1385 999 vobis
1405 979 1490 1008 super
1511 976 1634 1006 terram,
1651 970 1722 1008 quia
1747 979 1806 997 non

1063 1009 1132 1037 estis
1135 1008 1202 1048 filii
1215 1011 1332 1038 terreni.
1349 1010 1393 1039 Ex
1405 1019 1460 1047 quo
1473 1010 1544 1038 enim
1561 1009 1691 1039 caelestem
1709 1015 1736 1038 te
1749 1018 1805 1038 ase

1063 1048 1199 1116 phrosessus
1212 1059 1251 1085 es,
1267 1059 1301 1078 ex
1315 1059 1369 1088 quo
1383 1055 1488 1090 patrem
1500 1048 1551 1079 tibi
1563 1048 1664 1079 vocasti
1675 1047 1787 1079 de.eaelo
1795 1069 1804 1085 ,

1086 1087 1155 1117 'cens
1167 1099 1174 1116 t
1190 1089 1284 1118 Pater
1295 1096 1399 1125 noster,
1413 1090 1466 1128 qui
1477 1098 1507 1118 es
1517 1090 1550 1117 in
1561 1087 1650 1124 coelis,
1663 1098 1695 1117 ac
1705 1098 1740 1118 ex
1753 1098 1807 1126 quo
1817 1095 1904 1119 Manli.

1064 1134 1090 1156 te
1113 1127 1244 1157 caelestem
1254 1139 1321 1168 *esse
1344 1128 1479 1168 professus
1491 1139 1520 1158 es
1529 1150 1537 1164 ‚
1561 1129 1668 1158 Patrem
1687 1126 1809 1158 vocando

1064 1168 1170 1202 Deum;
1183 1174 1261 1207 turpe
1273 1175 1330 1204 est,
1346 1175 1376 1198 ut
1394 1168 1492 1197 iterum
1511 1175 1537 1198 te
1550 1167 1702 1208 profitearis
1722 1173 1808 1197 terre-

1066 1217 1131 1236 num
1142 1228 1150 1243 ‚
1174 1214 1277 1247 patrem
1299 1207 1350 1237 tibi
1372 1206 1493 1238 vocando
1507 1218 1590 1247 super
1611 1214 1719 1237 terram.
1739 1206 1810 1238 Eooe

1066 1247 1138 1275 enim
1152 1247 1180 1276 in
1195 1247 1290 1277 arbore
1299 1271 1306 1284 ‚
1321 1247 1446 1287 quamvis
1459 1247 1592 1287 plurimos
1605 1257 1693 1277 ramos
1708 1246 1811 1287 produ-

1066 1293 1108 1315 cat
1117 1309 1127 1322 ,
1139 1293 1226 1317 tamen
1239 1288 1361 1317 omnium
1379 1297 1516 1317 ramorum
1529 1297 1582 1317 una
1595 1286 1697 1317 dicitnr
1709 1286 1809 1316 radin

1066 1325 1105 1355 sic
1118 1333 1144 1355 et
1158 1326 1187 1355 in
1200 1326 1304 1361 mundo
1314 1350 1321 1364 ,
1338 1326 1463 1364 quamvis
1482 1327 1563 1356 homo
1582 1326 1720 1356 hominem
1732 1336 1812 1365 gene-

1066 1371 1118 1401 ret,
1131 1371 1219 1394 tamen
1230 1376 1301 1395 uuus
1312 1373 1352 1396 est
1362 1368 1449 1402 Pater,
1460 1367 1507 1404 qui
1519 1377 1610 1396 omncs
1621 1365 1731 1396 creavit.
1742 1366 1812 1395 Nam

1066 1410 1092 1433 et
1105 1414 1153 1433 nos
1167 1405 1218 1434 filii
1231 1405 1325 1435 fratres
1338 1416 1431 1435 sumus
1444 1412 1551 1445 patrum
1563 1412 1733 1443 nostrorum,
1748 1405 1813 1443 quia

1033 1450 1051 1474 C
1068 1454 1121 1474 non
1143 1444 1178 1473 ab
1187 1444 1258 1490 ‘ipsis
1279 1446 1335 1474 nati
1353 1455 1463 1481 sumus,
1481 1444 1529 1474 scd
1542 1456 1588 1485 per
1603 1445 1675 1484 ipsos
1687 1457 1695 1473 .-
1711 1445 1741 1475 id
1754 1451 1811 1481 est,

1067 1493 1121 1513 non
1135 1483 1242 1513 initium
1255 1485 1318 1515 vitae
1339 1495 1374 1514 ex
1387 1484 1425 1514 eis
1442 1484 1588 1520 habemus,
1603 1484 1651 1513 sed
1670 1485 1814 1515 transitum

1067 1523 1130 1553 vitae
1150 1534 1198 1563 per
1209 1534 1254 1553 eos
1275 1524 1447 1564 accepimus:
1466 1525 1525 1563 Qui
1546 1530 1644 1554 autem
1656 1534 1687 1553 se
1701 1524 1814 1555 exalta-

1071 1564 1157 1599 verit,
1182 1564 1385 1593 humiliabitur
1398 1575 1405 1591 :
1419 1570 1448 1593 et
1471 1564 1524 1603 qui
1543 1574 1575 1593 se
1598 1564 1813 1599 humiliaverit,

1070 1603 1259 1632 exaltabitur·-
1274 1604 1306 1633 In
1327 1603 1453 1633 convivio
1473 1604 1545 1633 enim
1568 1604 1619 1633 hoc
1632 1613 1668 1632 nu
1691 1603 1750 1637 tiali
1761 1625 1769 1640 ,
1785 1602 1815 1632 id

1070 1649 1120 1678 est,
1137 1642 1164 1671 in
1177 1642 1228 1672 hac
1246 1643 1298 1672 Dei
1311 1642 1450 1673 vocatione
1471 1643 1574 1682 primos
1595 1614 1747 1672 discubitus
1759 1642 1814 1672 sibi

1071 1681 1247 1712 defendebant
1267 1682 1358 1713 'Judaei
1375 1695 1382 1711 z
1398 1683 1537 1712 humiliati
1555 1689 1646 1713 autem
1666 1682 1729 1712 facti
1750 1689 1814 1712 sunt

1071 1729 1132 1762 post
1145 1729 1234 1762 gentes
1248 1722 1405 1758 novissimi,
1420 1730 1447 1752 et
1459 1730 1549 1762 gentes
1560 1745 1568 1759 ‚
1582 1733 1643 1761 quae
1653 1730 1744 1752 contra
1755 1732 1814 1752 me-

1072 1763 1155 1791 ritum
1175 1773 1254 1792 suum
1268 1773 1296 1792 se
1315 1769 1422 1793 vocatas
1443 1762 1645 1802 intelligebant,
1664 1762 1739 1792 facta
1752 1768 1816 1792 sunt

1072 1808 1132 1831 ante
1145 1801 1254 1832 Judaeos
1264 1825 1271 1839 ,
1288 1802 1336 1841 qui
1350 1802 1406 1831 illis
1419 1802 1530 1840 quidem
1550 1808 1625 1831 erant
1646 1801 1674 1831 in
1697 1809 1817 1842 tempore

1072 1841 1154 1881 primi
1169 1854 1175 1869 ε
1191 1842 1254 1881 quia
1267 1852 1320 1871 non
1354 1842 1422 1871 rima
1436 1842 1540 1871 vocatio
1551 1848 1591 1871 est
1604 1841 1814 1877 consideranda,

1072 1880 1120 1910 sed
1133 1880 1303 1920 dignitosior.
1319 1883 1332 1912 l
1346 1881 1364 1911 li
1379 1881 1452 1911 enim
1464 1881 1500 1910 ad
1513 1880 1659 1921 prandium
1681 1881 1816 1910 mediocre

1072 1920 1179 1951 invitati
1192 1928 1266 1958 sunt,
1282 1921 1325 1951 isti
1339 1928 1428 1950 autem
1440 1921 1475 1950 ad
1487 1931 1590 1951 coenam
1603 1931 1737 1960 magnam.
1750 1920 1817 1950 nlo-

1073 1971 1134 1990 rum
1149 1961 1304 2007 invitatores
1315 1961 1453 2001 prophetae
1467 1961 1588 1997 fuerunt,
1604 1961 1716 1990 istorum
1727 1967 1817 1989 autem

1039 2005 1058 2028 D
1075 2000 1131 2040 ipse
1145 2001 1218 2030 filius
1230 2023 1237 2036 ,
1251 2012 1300 2040 qui
1313 2008 1370 2030 erat
1388 2011 1466 2030 causa
1486 2000 1616 2031 convivii.
1635 2000 1750 2031 Illorum
1769 1999 1818 2030 de-

1074 2040 1152 2069 lectio
1163 2040 1236 2080 apud
1250 2042 1336 2070 Deum
1347 2051 1382 2069 ex
1391 2040 1515 2080 patribus
1525 2041 1720 2076 eratristorum
1729 2046 1819 2068 autem

1075 2090 1109 2108 ex
1126 2079 1180 2108 fide
1194 2080 1325 2119 ipsorum.
1340 2080 1405 2109 Ideo
1419 2079 1486 2109 alibi
1500 2087 1610 2118 tangens
1621 2078 1730 2109 Judaeos
1742 2078 1820 2108 dice-

1074 2119 1122 2148 bat
1135 2131 1142 2147 z
1159 2119 1201 2149 Τιι
1216 2127 1313 2149 aulem
1325 2130 1390 2148 cum
1405 2125 1528 2148 vocatus
1537 2120 1638 2159 fueris
1650 2119 1690 2148 ad
1704 2119 1820 2164 nuptia-:s
1831 2123 1886 2145 Luc.
1900 2128 1904 2144 ι

1075 2157 1122 2195 (id
1134 2165 1191 2195 est,
1207 2159 1242 2188 ad
1254 2160 1362 2199 nuptias
1385 2159 1520 2197 Christi),
1536 2158 1598 2188 noli
1611 2159 1777 2188 recumbere
1790 2168 1822 2187 in

1077 2197 1142 2227 loco
1153 2201 1258 2238 priori.

1216 2296 1351 2325 Humilia
1364 2296 1436 2325 xliv.
1458 2306 1494 2325 ex
1514 2306 1579 2335 cap.
1594 2297 1681 2336 xxiij.

1120 2394 1169 2424 14.
1181 2395 1210 2423 V
1207 2405 1231 2423 ae
1242 2394 1324 2423 vobis
1335 2400 1444 2429 autem,
1457 2396 1559 2423 scriboe
1573 2400 1602 2423 et
1615 2394 1760 2423 Pharisaei
1770 2395 1826 2432 hy-

1077 2435 1213 2474 pocr-itte,
1231 2436 1283 2473 qui
1304 2434 1450 2463 devoratis
1472 2435 1573 2463 domos
1585 2434 1755 2471 viduarum,
1771 2441 1823 2464 etc.

1079 2476 1166 2504 Sexus
1181 2474 1328 2503 mulierum
1347 2473 1471 2503 incautus
1484 2480 1510 2503 et
1529 2473 1618 2503 mollis
1636 2480 1685 2502 est.
1700 2474 1828 2504 Incautus

1080 2514 1204 2552 quidem,
1221 2514 1285 2552 quia
1306 2523 1359 2542 non
1375 2513 1463 2542 onmia
1473 2535 1482 2550 ,
1497 2523 1556 2552 quae
1570 2513 1659 2550 videt,
1672 2520 1719 2542 aut
1731 2512 1826 2551 audit,

1080 2563 1142 2583 cum
1154 2553 1283 2593 sapientia
1294 2560 1320 2582 et
1334 2553 1436 2582 ratione
1445 2552 1595 2583 considerat
1607 2565 1614 2582 ε
1626 2553 1716 2582 mollis
1729 2560 1828 2588 autem,

1081 2593 1144 2632 quia
1156 2593 1233 2622 facile
1256 2592 1374 2622 ssectitur
1384 2616 1392 2631 ‚
1408 2592 1452 2623 vel
1472 2592 1506 2622 dc
1518 2593 1590 2623 malo
1603 2592 1637 2622 ad
1651 2593 1753 2623 bonum
1761 2615 1769 2630 ‚
1784 2593 1829 2623 vel
