1890 2826
634 220 679 243 DE
705 219 963 243 CONSOLATIONE
990 220 1127 244 MORTlS.

129 282 212 312 vitam
233 291 323 312 veram
349 289 502 323 exspectare
522 289 583 323 post
606 289 729 319 mortem,
752 281 870 311 reditum

127 338 234 368 sperare
245 335 304 368 post
316 328 430 358 exitum.
446 328 564 369 Accepta
577 328 661 368 igitur
671 338 738 358 voce
747 327 872 367 apostoli,

128 385 191 404 cum
203 374 303 404 fiducia
318 375 376 415 jam
395 374 516 404 dicamus
529 375 627 414 gratias
639 376 708 411 Deo,
723 375 770 413 qui
792 374 871 403 nobis

126 426 218 450 contra
230 427 343 450 mortem
355 420 495 450 victoriam
505 420 592 458 dedit,
602 431 652 461 per
664 420 804 450 Christum
817 422 872 450 Do-

128 465 233 495 minum
243 473 376 503 nostrum,
389 466 435 496 cui
446 473 485 496 est
499 466 585 506 gloria
598 473 625 496 et
635 472 751 506 potestas
764 476 835 496 nunc
846 474 872 496 et

129 513 156 541 in
166 513 263 542 saecula
275 513 446 543 saeculorum.
460 516 555 544 Amen.

398 613 535 645 §ERMO
553 615 590 644 Π.

170 700 200 728 1.
214 699 354 738 Superiori
366 699 477 739 quidem
488 699 583 729 libello
593 700 801 740 perstrinximus
811 700 871 729 bre-

130 743 199 773 viter
212 747 223 759 ²
233 743 268 774 de
281 745 459 775 consolatione
479 746 662 783 mortalitatis,
675 745 709 776 de
719 756 767 786 spe
778 756 871 775 resur-

130 789 272 819 rectionis:
298 801 369 820 nunc
393 791 501 831 plenius
521 799 548 821 et
573 791 692 822 validius
714 791 749 821 de
772 790 872 821 eisdem

129 834 219 865 dicere
229 846 414 876 properamus.
428 837 458 867 Si
468 837 579 876 quidem
589 837 656 875 haec,
671 848 731 876 quae
744 837 874 876 loquutus

130 892 202 918 sum,
216 882 343 912 fidelibus
353 883 463 922 quidem
474 891 546 914 certa
559 890 632 918 sunt,
647 883 804 913 infidelibus
821 894 872 912 au-

130 934 184 957 tem
206 939 238 958 ac
256 927 348 958 dubiis
367 929 494 959 videntur
514 941 572 959 esse
590 930 724 966 fabulosa,
747 929 783 959 ad
806 940 873 968 quos

6 977 124 1014 flltesnm-
132 985 216 1014 paura
226 975 344 1005 strictius
354 977 531 1016 proferamus.
544 978 622 1006 Certe
634 977 797 1015 quicumque
812 977 874 1005 estis

6 1017 42 1061 ¹:11
64 1009 124 1061 ¹1:2³}
132 1019 276 1057 increduli,
288 1031 394 1052 omnem
406 1021 602 1052 dubitationem
612 1022 646 1052 de
657 1022 804 1051 substantia
816 1032 875 1051 cor-

6 1071 43 1093 -Ια
81 1072 123 1093 ‹lu-
133 1066 207 1105 poris
225 1066 370 1097 sustinetis.
383 1067 554 1097 Discreditur
572 1067 644 1097 enim
657 1079 673 1096 a
692 1066 854 1106 quibusdam
865 1090 873 1104 ,

8 1110 28 1124 ²·
133 1123 240 1142 carnem
252 1124 409 1143 conversam
423 1114 451 1143 in
465 1114 617 1154 pulverem,
632 1115 727 1144 iterum
742 1125 819 1154 posse
832 1125 874 1143 re-

134 1169 253 1198 surgere,
276 1159 375 1189 iterum
393 1159 564 1190 reviviscere.
588 1161 721 1190 Caeterum
736 1160 771 1189 de
787 1160 876 1189 anima

135 1204 241 1234 nullum
261 1215 339 1245 posse
351 1205 494 1235 hominum
513 1205 637 1236 dubitare
648 1219 656 1235 :
677 1206 701 1235 si
715 1205 825 1245 quidem
842 1206 877 1235 de

134 1250 229 1280 animae
252 1251 450 1281 immortalitate
471 1262 519 1282 nec
542 1252 697 1293 philosophi
716 1253 768 1293 ipsi
780 1275 788 1290 ,
815 1263 876 1282 eum

135 1296 190 1326 sint
201 1297 311 1336 pagani,
327 1297 498 1328 dissentiunt.
513 1299 581 1328 Nam
595 1299 662 1338 quid
675 1305 715 1328 est
727 1309 809 1336 mors,
826 1298 878 1328 nisi

135 1342 266 1382 separatio
288 1343 408 1383 corporis
430 1343 578 1382 animaeque
592 1346 604 1373 i·
629 1344 779 1374 Recedente
805 1344 878 1374 enim

135 1389 235 1423 anima,
249 1399 309 1428 quae
329 1400 434 1430 semper
445 1390 526 1427 vivit,
547 1401 608 1430 quae
625 1391 695 1420 mori
708 1391 802 1428 nescit,
816 1391 880 1430 quia

136 1434 145 1450 ¹
161 1433 195 1464 de
209 1434 274 1464 flatu
298 1435 349 1465 Dei
369 1443 420 1474 est,
434 1436 523 1466 solum
536 1447 635 1476 corpus
655 1437 803 1467 emoritur:
817 1437 880 1476 quia

135 1480 212 1510 aliud
228 1481 258 1510 in
278 1481 356 1511 nobis
374 1482 496 1520 mortale,
511 1483 586 1512 aliud
601 1483 752 1513 immortale
762 1490 811 1512 est.
827 1483 881 1513 Sed

136 1525 262 1556 recedens
275 1527 376 1564 anima,
391 1539 451 1567 quae
464 1529 618 1558 carnalibus
632 1529 718 1559 oculis
737 1539 790 1558 non
803 1528 881 1559 vide-

136 1579 192 1608 tur,
215 1573 250 1602 ab
273 1573 554 1614 angelissuscipitur,
578 1582 604 1605 et
622 1575 770 1605 collocatur
783 1581 830 1604 aut
853 1575 881 1603 in

137 1617 198 1646 sinu
211 1618 339 1656 Abrahae,
353 1619 378 1648 si
390 1619 479 1649 fidelis
488 1627 542 1652 est;
556 1627 602 1649 aut
615 1620 643 1649 in
657 1620 771 1650 carceris
786 1619 882 1649 inferni

138 1663 272 1700 custodia,
295 1664 319 1693 si
340 1666 478 1704 peccatrix
496 1673 553 1695 est:
575 1666 641 1695 dum
659 1673 775 1695 statutus
791 1665 882 1696 veniat

138 1708 208 1746 dies,
223 1719 278 1748 quo
294 1716 375 1739 suum
385 1710 499 1751 recipiat
509 1722 620 1751 corpus,
636 1718 663 1740 et
675 1711 749 1751 apud
764 1711 883 1740 tribunal

138 1756 240 1786 Christi
252 1755 354 1795 judicis
367 1757 424 1786 veri
439 1757 534 1786 reddat
554 1768 665 1787 suorum
678 1767 790 1797 operum
802 1757 883 1786 ratio-

139 1812 210 1831 nem.
236 1802 310 1841 Ergo
332 1802 395 1840 quia
414 1802 450 1832 de
469 1813 548 1832 carne
568 1810 622 1832 tota
639 1807 654 1825 ὅ
673 1803 805 1832 cunctatio
825 1810 883 1838 est,

139 1847 220 1887 hujus
243 1854 283 1877 est
301 1847 443 1877 infirmitas
464 1848 650 1887 defendenda,
677 1856 704 1878 et
727 1848 886 1878 resurrectio

140 1893 332 1933 consignanda.

180 1942 211 1970 ἃ.
227 1940 309 1978 Quod
319 1940 343 1970 si
362 1941 422 1979 quis
436 1942 554 1980 requirat
567 1951 582 1970 a
595 1951 639 1970 me
650 1940 752 1970 dubius
761 1947 788 1970 et
800 1941 885 1970 incre-

12 1979 103 2031 '⁰⁸⁰3
141 1986 235 2023 dulus,
255 1987 405 2026 Quomodo
416 1989 522 2017 mortui
531 1984 695 2027 resurgent,
718 1998 776 2026 quo
789 1994 886 2016 autem

27 2017 82 2063 22⁸,-
96 2025 130 2063 1'5.
143 2043 260 2072 corpore
281 2035 425 2062 venient?
448 2033 614 2073 respondebo
636 2034 660 2061 ei
683 2043 729 2062 ore
747 2043 777 2062 ac
797 2034 887 2063 verbis

27 2070 105 2101 ·’''³7·
143 2079 268 2119 apostoli,
281 2080 440 2118 Insipiens,
453 2085 483 2108 tu
499 2079 579 2119 quod
588 2078 724 2114 seminas,
739 2089 799 2108 non
811 2081 887 2109 vivi-

134 2125 257 2165 ficatur,
274 2127 331 2154 nisi
342 2127 422 2164 prius
441 2126 599 2154 moriatur:
616 2131 644 2154 et
658 2126 738 2164 quod
748 2128 886 2162 seminas,

145 2172 255 2201 nudum
276 2174 402 2201 seminas
428 2181 552 2212 granum
578 2173 668 2200 tritici
689 2178 741 2200 aut
765 2172 887 2201 alterius

145 2217 270 2255 alicujus
289 2219 419 2254 seminis,
442 2224 578 2246 mortuum
591 2224 617 2246 et
636 2216 743 2246 aridum
764 2217 821 2247 sine
834 2218 888 2247 hu-

146 2272 231 2293 more:
243 2269 268 2291 et
276 2273 339 2292 cum
349 2263 527 2302 putrefactum
536 2263 626 2293 fuerit.
639 2262 780 2292 fecundius
790 2263 888 2303 surgit,

46 1947 132 1970 uonna

146 2379 223 2406 Corb.
236 2378 322 2405 Codex
334 2379 366 2404 de
377 2379 547 2404 consolatione
558 2379 724 2404 mortalitatis.

148 2463 206 2491 post
216 2466 275 2491 quae
287 2456 433 2482 carnalibus
441 2456 525 2480 oculis
535 2456 619 2480 valeri
630 2465 681 2480 non
689 2462 782 2490 potest.

152 2535 243 2562 nenda.

180 2421 191 2439 f
208 2418 278 2444 Editi
289 2424 384 2443 veteres
397 2417 430 2442 de
437 2418 509 2450 flatu
519 2417 571 2442 Da·
584 2422 622 2442 est
640 2419 772 2452 inspiram,
791 2424 817 2444 et
828 2418 903 2451 paulo

182 2505 194 2523 s
210 2496 292 2522 {idem
303 2501 356 2521 tota
370 2495 533 2521 contradictio
550 2500 598 2526 ur,
611 2504 666 2528 qnae
682 2495 758 2521 lectio
768 2504 821 2522 non
836 2504 907 2529 sper-

1593 212 1662 260 559

922 282 1005 320 fitque
1022 283 1148 314 vestitum
1170 284 1308 322 folliculis,
1331 285 1419 315 aristis
1442 292 1583 315 armatum.
1607 287 1661 323 Qui

922 338 987 367 crgo
1006 338 1120 367 granum
1139 330 1220 359 tritici
1242 331 1350 361 suscitat
1364 338 1474 372 propter
1493 338 1530 368 te,
1546 330 1560 348 ¹³
1574 331 1663 371 ipsum

922 380 948 402 te
968 383 1021 403 non
1041 375 1139 414 poterit
1161 377 1288 407 suscitare
1308 384 1417 418 propter
1439 380 1490 407 se?
1512 377 1559 417 qui
1581 378 1663 407 solem

923 420 1044 458 quotidie
1065 422 1142 460 quasi
1159 422 1193 452 de
1211 424 1334 464 sepulcro
1345 424 1430 454 noctis
1442 423 1562 460 suscitat,
1577 430 1603 453 et
1622 424 1666 453 lu-

923 475 986 495 nam
1004 467 1079 505 quasi
1101 468 1135 497 de
1155 469 1263 499 interitu
1283 477 1398 510 reparat,
1418 477 1444 499 et
1458 477 1577 510 tempora
1591 481 1665 500 rece-

924 512 1014 542 dentia
1025 521 1131 543 revocat
1142 514 1176 543 ad
1186 515 1328 545 utilitatem
1338 516 1439 546 scilicet
1450 523 1580 546 nostram:
1594 516 1667 556 ipsos
1675 522 1710 541 ὅθ’)

924 569 982 595 nos,
997 566 1107 599 propter
1117 571 1184 598 quos
1195 561 1283 591 omnia
1296 569 1409 602 reparat,
1423 573 1476 592 uon
1495 562 1622 601 requiret,
1634 569 1668 591 .et

923 605 1005 634 semel
1013 608 1024 620 ³
1035 606 1151 645 patietur
1166 607 1298 646 extingui,
1311 618 1378 646 quos
1396 619 1444 638 suo
1462 608 1528 638 flatu
1538 608 1667 645 accendit,

924 662 992 688 quos
1012 662 1061 681 suo
1081 652 1178 692 spiritu
1193 654 1343 683 animavit?
1363 662 1389 684 et
1403 655 1430 684 in
1442 662 1601 695 perpetuum
1611 655 1667 694 jam

923 707 977 726 non
990 698 1041 727 erit
1054 698 1145 735 homo,
1159 699 1206 737 qui
1220 699 1302 729 illum
1314 700 1359 740 pie
1370 707 1396 730 et
1406 700 1514 740 agnovit
1523 707 1550 730 et
1562 700 1669 730 coluit?

923 743 978 774 Sed
1001 743 1098 773 iterum
1122 744 1243 782 dubitas,
1267 745 1341 784 quod
1361 746 1447 785 possis
1468 746 1588 786 reparari
1610 754 1670 786 post
1713 760 1821 780 Probum,-

924 796 1047 825 mortem,
1066 790 1171 820 restitui
1190 797 1251 830 post
1264 791 1380 821 cinerem
1397 799 1423 821 et
1436 802 1494 822 ossa
1507 793 1668 822 consumta?
1680 791 1751 812 Duum
1763 798 1822 830 ’Ψ-

924 836 948 865 Ο
962 835 1054 872 homo,
1069 835 1114 865 dic
1133 836 1214 873 mihi,
1233 837 1301 875 quid
1315 837 1390 867 fuisti
1408 845 1467 867 ante
1479 838 1596 877 quamin
1611 849 1668 867 ma-
1680 827 1822 874 ffi‘ssgilalf’i'jm

923 881 973 910 tris
987 888 1062 910 utero
1075 882 1251 921 concipereris
1262 883 1276 912 ,⁹
1289 883 1368 913 Nihil
1389 884 1490 922 utique.
1506 885 1579 913 Deus
1595 895 1669 923 ergo,

924 927 1008 965 quite
1021 928 1122 958 creavit
1141 939 1174 957 ex
1195 929 1292 965 nihilo,
1306 940 1392 959 nonne
1403 930 1508 959 facilius
1521 930 1619 970 poterit
1630 942 1671 960 re-

924 983 1018 1012 parare
1030 973 1065 1002 de
1075 973 1166 1012 aliquo
1177 973 1190 1002 Ξ)
1201 974 1271 1003 Mihi
1281 975 1370 1012 crede,
1385 975 1490 1005 facilius
1501 976 1598 1016 poterit
1610 977 1672 1005 refi-

926 1030 985 1048 cere
1004 1019 1078 1058 quod
1090 1027 1151 1049 ante
1161 1020 1216 1059 jam
1229 1021 1291 1057 fuit,
1307 1021 1319 1037 ¹³
1332 1022 1380 1060 qui
1394 1023 1483 1062 potuit
1494 1034 1584 1053 creare
1597 1023 1671 1063 quod

926 1075 978 1094 non
991 1066 1053 1095 fuit.
1073 1066 1130 1103 Qui
1141 1073 1167 1095 te
1181 1077 1215 1095 ex
1229 1074 1301 1106 gutta
1320 1067 1442 1098 informis
1456 1069 1570 1108 liquoris
1581 1070 1609 1099 in
1621 1077 1673 1100 tute

927 1111 1019 1140 matris
1038 1118 1114 1141 utero
1131 1112 1158 1141 in
1173 1122 1280 1148 nervos,
1294 1123 1375 1144 venas
1385 1120 1410 1143 et
1421 1124 1478 1144 ossa
1486 1114 1568 1154 jussit
1580 1126 1675 1145 excre-

928 1168 1011 1194 scere,
1031 1159 1140 1198 poterit,
1154 1154 1323 1197 mihicrede,
1336 1160 1370 1190 de
1389 1168 1465 1191 utero
1478 1169 1555 1191 terrae
1575 1163 1674 1192 iterum

930 1216 1063 1245 generare.
1081 1205 1135 1236 Sed
1144 1206 1221 1235 times
1233 1216 1265 1236 ne
1276 1207 1343 1237 forte
1354 1218 1414 1237 ossa
1431 1215 1476 1238 tua
1487 1209 1562 1238 arida
1581 1210 1673 1239 vestiri

930 1251 1042 1291 pristina
1054 1262 1133 1281 carne
1143 1262 1195 1281 non
1209 1252 1312 1291 possint
1321 1252 1335 1281 Ρ
1355 1253 1431 1290 Noli,
1445 1254 1512 1291 noli,
1527 1255 1675 1285 secundum

930 1304 1005 1327 tuam
1036 1298 1219 1338 impotentiam
1230 1320 1238 1335 ,
1263 1299 1312 1328 Dei
1339 1299 1470 1330 aestimare
1499 1302 1673 1341 majestatem.

916 1344 1006 1373 ‘Deus
1025 1343 1072 1373 ille
1092 1354 1184 1373 rerum
1207 1345 1326 1375 omnium
1340 1353 1505 1385 procreator,
1529 1348 1576 1386 qui
1596 1349 1676 1378 vestit

931 1389 1040 1419 arbores
1052 1389 1137 1427 foliis,
1152 1396 1178 1420 et
1189 1398 1265 1430 prata
1277 1391 1400 1429 floribus,
1410 1393 1509 1432 poterit
1522 1401 1547 1423 et
1558 1400 1603 1423 tua
1616 1405 1675 1424 ossa

932 1438 943 1451 ²
954 1435 1029 1465 illico
1040 1436 1112 1466 veris
1122 1443 1241 1476 tempore
1252 1439 1280 1467 in
1293 1439 1486 1468 resurrectione
1496 1439 1601 1470 vestire.
1614 1442 1676 1470 Du-

930 1481 1063 1512 bitaverat
1071 1482 1216 1521 aliquando
1227 1482 1261 1512 de
1272 1483 1323 1512 hoc
1333 1483 1392 1523 ipso
1401 1485 1531 1525 propheta
1542 1486 1676 1521 Ezechiel,

933 1534 959 1557 et
985 1528 1188 1567 interrogatusa
1214 1530 1342 1567 Domino,
1364 1537 1457 1560 utrum
1476 1531 1599 1561 viverent
1617 1543 1675 1562 ossa

934 1573 1019 1611 arida,
1039 1584 1099 1612 quae
1120 1574 1281 1605 videbantur
1304 1586 1396 1615 sparsa
1418 1587 1466 1616 per
1484 1587 1620 1617 campum,
1635 1589 1674 1608 τε·

934 1618 1053 1658 spondit,
1075 1620 1116 1649 Tu
1135 1622 1203 1657 scis,
1219 1621 1356 1650 Domine.
1376 1621 1430 1651 Sed
1450 1629 1592 1661 postquam
1618 1625 1675 1653 Deo
1688 1624 1769 1646 ΒΖΜ·
1788 1623 1827 1651 37ρ

932 1664 1053 1704 jubente,
1067 1672 1093 1694 et
1105 1666 1192 1705 seipso
1204 1667 1391 1705 prophetante,
1413 1667 1484 1697 vidit
1503 1678 1562 1698 ossa
1575 1669 1609 1698 ad
1629 1680 1676 1699 sua
1687 1655 1708 1677 3.

937 1710 994 1740 loca
1016 1717 1042 1740 et
1058 1711 1199 1751 juncturas
1220 1712 1365 1747 currentia,
1385 1719 1527 1751 postquam
1537 1714 1607 1743 vidit
1619 1725 1678 1744 ossa

937 1756 1012 1785 arida
1032 1756 1122 1786 nervis
1143 1757 1240 1796 ligari,
1263 1757 1339 1786 venis
1354 1758 1448 1795 intexi,
1466 1769 1545 1788 carne
1557 1761 1677 1800 contegi,

936 1809 996 1831 cute
1008 1802 1114 1838 vestiri,
1129 1809 1218 1842 postea
1230 1803 1401 1842 prophetayit
1411 1803 1439 1832 in
1450 1805 1548 1844 spiritu
1558 1828 1566 1843 ,
1586 1813 1612 1835 et
1629 1817 1676 1837 ve-

937 1848 1012 1877 niens
1031 1847 1142 1888 spiritus
1163 1849 1375 1888 uniuscujusque
1392 1849 1515 1880 introivit
1525 1851 1552 1880 in
1564 1862 1679 1892 corpora

937 1894 985 1923 illa
993 1894 1119 1933 jacentia,
1133 1901 1159 1924 et
1169 1902 1383 1933 resurrexerunt,
1396 1895 1410 1912 ‘¹
1420 1903 1446 1926 et
1457 1907 1523 1927 mox
1535 1905 1677 1928 steterunt:

938 1941 977 1970 sic
985 1940 1156 1970 confirmatus
1167 1940 1201 1970 de
1210 1941 1403 1971 resurrectione
1416 1942 1557 1983 propheta,
1573 1944 1680 1984 scripsit

939 1987 1080 2023 visionem,
1095 1994 1124 2017 ut
1133 1987 1169 2017 ad
1182 1995 1301 2028 posteros
1315 1995 1394 2018 tantae
1403 1989 1442 2018 rei
1455 1990 1572 2029 cognitio
1586 2002 1679 2031 perve-

939 2034 1018 2063 niret.
1047 2034 1147 2063 Merito
1174 2045 1237 2074 ergo
1259 2035 1356 2064 clamat
1381 2036 1464 2065 Isaias
1477 2049 1484 2066 ε
1513 2037 1680 2078 Exsurgent
1693 2051 1748 2072 lsai.
1763 2049 1798 2070 213.

941 2076 1061 2114 mortui,
1073 2086 1102 2109 et
1114 2087 1262 2120 resurgent
1275 2082 1325 2120 qui
1342 2088 1410 2110 sunt
1422 2083 1454 2111 in
1468 2086 1662 2114 monumentis
1673 2107 1681 2121 ‚
1696 2088 1722 2110 ¹9

941 2131 968 2154 et
982 2125 1159 2155 loelabuntur
1166 2128 1218 2166 qui
1227 2133 1295 2156 sunt
1307 2129 1336 2155 in
1352 2132 1439 2157 terra.
1454 2129 1618 2167 Rosenim,
1635 2132 1687 2169 qui

932 2170 993 2201 'abs
1014 2178 1043 2200 te
1059 2178 1118 2207 est,
1136 2174 1250 2202 sanitas
1269 2180 1311 2202 est
1329 2173 1400 2203 illis.
1421 2175 1494 2204 Vere
1513 2176 1595 2213 enim,
1616 2178 1684 2206 sicut

941 2228 1002 2247 rore
1021 2217 1166 2247 madefacta
1183 2218 1284 2248 semina
1308 2219 1456 2258 germinant
1475 2227 1500 2250 et
1519 2229 1682 2261 exsurgunt,

941 2266 953 2279 ⁶
966 2264 1004 2293 sic
1017 2274 1077 2294 rore
1090 2264 1208 2304 Spiritus
1221 2275 1279 2294 ossa
1290 2264 1412 2294 fidelium
1427 2266 1622 2305 germinabunt.

178 2349 189 2361 ε
206 2339 275 2366 Editi
284 2346 378 2365 veteres
388 2340 516 2373 Augustini
525 2341 557 2365 de
566 2340 735 2365 consolatione
745 2347 900 2366 mortuorum.
926 2343 1016 2367 suntin
1025 2348 1151 2375 postrema
1160 2342 1339 2369 Editionesed
1348 2350 1410 2376 puto
1418 2343 1451 2368 ad
1458 2343 1544 2369 seriem
1553 2344 1683 2377 quadrare.

960 2388 971 2400 ·
989 2379 1058 2406 Editi
1069 2387 1164 2407 veteres
1176 2387 1201 2406 et
1211 2383 1305 2406 cineres
1312 2383 1422 2415 patietur
1433 2384 1569 2416 exstingui.

965 2420 979 2439 1²
996 2420 1042 2445 ΜΒ,
1055 2419 1165 2445 secunda
1175 2428 1250 2444 manu
1261 2429 1338 2453 quam
1347 2422 1435 2454 potnit.

964 2466 975 2478 e
991 2459 1049 2483 Mss.
1063 2459 1116 2483 Illo
1128 2464 1194 2483 cerlo
1206 2459 1268 2483 veri.

965 2497 979 2517 d
997 2498 1064 2528 Haec,
1075 2503 1098 2522 et
1108 2506 1166 2522 mox
1180 2502 1312 2526 steterunt,
1323 2496 1414 2521 desunt
1424 2498 1449 2521 in
1464 2497 1521 2522 Mss.

966 2541 975 2552 ⁸
994 2537 1024 2561 In
1036 2535 1159 2561 veteribus
1173 2535 1253 2560 Editis
1263 2537 1300 2559 sic
1307 2544 1360 2559 rone
1372 2537 1456 2559 sancti
1466 2535 1575 2568 Spiritus
1587 2545 1644 2561 ossa
1650 2537 1690 2570 fi—

184 2576 199 2595 h
219 2577 287 2608 Haec,
300 2577 380 2609 ipsum
399 2580 422 2598 te
443 2582 494 2598 non
512 2574 602 2607 poterit
619 2574 739 2605 suscitare
757 2580 861 2608 propter
874 2584 908 2607 se,
934 2575 1027 2599 delium
1042 2576 1148 2599 visitata
1161 2583 1215 2599 cum
1232 2583 1276 2598 suo
1293 2583 1391 2606 corpore
1407 2575 1433 2598 in
1451 2580 1570 2599 oelernam
1583 2576 1690 2609 gloriam

154 2616 182 2640 iu
197 2614 321 2640 veteribus
333 2612 414 2638 Editus
427 2612 564 2643 habentur,
577 2617 603 2637 et
618 2611 650 2636 ad
670 2613 806 2646 marginem
826 2614 914 2646 rejecta
940 2613 1122 2647 germinabunt.

1503 2649 1538 2683 '²4
