1890 2826
257 153 325 189 552
950 163 1132 188 snvnnmm

257 233 383 255 mentum
405 238 412 254 :
433 225 514 262 dixit,
530 226 681 256 Ger-minet
699 232 776 256 terra
783 239 794 262 ,·
815 225 896 262 dixit,
912 226 996 255 Edu·
1055 225 1163 265 οὐρανὸν
1175 229 1244 256 ποιεῖ
1257 224 1443 265 προστάγματι
1456 224 1539 268 μόνῳ,
1551 225 1600 262 τὴν
1610 226 1660 265 γῆν
1673 224 1770 265 ὁμοίως
1780 225 1826 255 mit

256 279 325 302 cant
342 283 437 312 aquae.
454 273 523 302 Cum
541 279 631 301 autem
643 271 718 302 venit
739 271 774 302 ad
787 271 923 302 hominem
935 272 973 301 ait
989 284 996 300 ε
1055 271 1089 301 τὰ
1102 271 1198 301 λοιπά·
1210 271 1254 300 ὅτε
1267 271 1312 300 τὸν
1326 268 1463 311 ἄνθρὼπον
1475 271 1638 312 δημιουργεῖ,
1651 271 1700 308 τὴν
1717 274 1826 309 θεογνω-

257 320 298 348 Et
311 319 388 348 dixit
409 319 500 354 Deus,
515 319 676 348 Faciamus
690 319 846 347 hominem.
861 319 999 357 Interrogo
1017 319 1037 342 D
1055 316 1115 345 σίαν
1135 316 1228 346 λοιπὸν
1251 319 1297 346 τοῦ
1320 317 1386 346 riou
1411 318 1448 350 ὣς
1471 317 1516 347 διὰ
1535 317 1647 357 θυρίδων
1668 317 1825 358 παρακύψαι

257 364 383 395 Judaeum
400 377 406 393 :
422 365 452 394 Si
474 364 547 394 solus
567 371 619 403 est,
639 374 687 393 nec
705 370 745 393 est
762 374 824 393 cum
845 373 876 393 eo
896 363 996 400 Filius,
1056 362 1223 401 βουλόμενος,
1240 362 1324 402 λέγει,
1344 362 1505 402 Ποιήσωμεν
1527 362 1673 403 ἄνθρωπον,
1691 362 1735 392 ἵνα
1753 361 1825 401 δείξῃ

257 421 337 449 quem
359 410 546 450 praedicamus,
561 410 585 439 si
608 419 660 439 non
679 416 719 439 est
741 409 860 449 Spiritus
871 415 998 450 sanctus,
1055 408 1100 438 καὶ
1114 411 1167 438 τῶν
1186 408 1300 449 πρώτων
1313 411 1324 425 “
1335 409 1408 449 αὐτῷ
1428 408 1561 449 συνεργόν.
1575 408 1691 449 Λέγουσι
1701 408 1787 439 τοίνυν
1800 409 1825 438 οἱ

256 467 335 494 quem
350 455 503 492 adoramus,
516 455 623 485 cuinam
635 455 718 493 dixit,
733 456 892 484 Faciamus
903 455 997 484 hunti-
1056 454 1177 484 Ἰουδαῖοι
1191 454 1369 493 στενούμενοι,
1382 454 1419 493 μὴ
1432 453 1571 493 δυνάμενοι
1582 454 1613 484 τὸ
1628 466 1650 484 π
1717 453 1759 487 vta
1774 466 1825 493 ps-

259 505 348 531 nem?
363 502 467 531 Caelum
481 503 560 542 jussu
581 501 638 531 solo
653 501 728 539 facit,
741 508 841 531 terram
853 508 880 531 et
894 501 999 540 reliqua
1053 500 1188 530 ’τα-τιθέναι
1200 502 1248 536 τῆς
1258 499 1361 537 λέξεως,
1380 500 1421 530 ὅτι
1431 504 1486 534 τοῖς
1497 500 1618 540 ἀγγέλοις
1633 512 1646 530 ε
1656 511 1720 529 πεν·
1732 499 1824 536 ἐπειδὴ

258 549 381 577 similiter
397 560 404 576 ε
417 558 480 577 cum
497 548 634 578 hominem
647 554 729 585 creat,
744 547 913 579 divinitatem
933 548 998 578 Filii
1054 548 1172 586 φανερῶς
1182 548 1315 586 ἀρνεῖσθαι
1326 546 1356 575 οὗ
1372 544 1496 575 δύνανται
1507 548 1556 582 τῆς
1568 545 1662 580 λε’ξεως
1675 544 1724 582 τὴν
1737 545 1825 586 φύσιν,

256 595 364 624 demum
378 595 472 625 volens
488 595 566 634 quasi
578 605 626 635 per
642 595 769 624 fenestras
782 594 998 635 conspiciendam
1054 592 1136 632 ἑτέρῳ
1153 592 1244 633 τρόπῳ
1257 603 1314 626 πως
1327 591 1426 628 ταύτης
1444 592 1493 629 τὴν
1507 592 1618 632 ἄρνησιν
1631 591 1823 631 ἐπεισάγουσιν·

256 641 384 680 praebere,
398 640 476 677 dicit,
487 642 646 671 Faciamus
660 641 805 670 hominem
811 654 823 676 ,·
834 647 865 670 ut
877 640 999 670 ostendat
1054 638 1206 668 Τίνιτοίνυν
1211 634 1824 678 εἶπε,Ποιήσωμεν;Ἀγγέλοις,φηοίν.Ἐρονιῶ,

256 687 335 716 illum
354 687 381 716 in
403 686 541 727 prioribus
566 687 648 716 etiam
671 686 795 716 creandis
818 686 870 716 sibi
894 687 998 716 socium
1053 684 1121 718 τίνες
1134 684 1247 723 μείζους,
1261 685 1285 714 οἱ
1299 684 1416 724 ἄγγελοι,
1429 682 1447 719 ἢ
1459 685 1484 713 οἳ
1503 683 1650 723 ἀνθρωποι;
1669 682 1782 716 Πάντως
1799 685 1825 712 οἱ

255 733 348 762 fuisse.
362 733 448 762 Aiunt
466 732 555 772 itaque
567 732 657 763 Judaei
675 732 704 762 in
723 738 870 772 angustum
885 731 997 768 redacti,
1053 730 1170 770 ἄγγελοι.
1177 730 1266 760 “Οταν
1272 730 1324 770 γὰρ
1335 729 1404 759 πάνυ
1418 729 1559 770 φθάσωμεν
1567 731 1605 762 εἷς
1615 730 1711 769 ἀρετῆς
1719 728 1825 769 μίτραν,

255 789 303 808 nec
315 779 433 809 valentes
441 778 477 808 ita
489 785 608 818 apertam
619 777 765 808 dictionem
777 784 893 815 mutare,
907 777 997 817 ipsum
1016 788 1035 811 Ε
1053 776 1113 806 τότε
1126 776 1238 810 ἐκείνως
1254 777 1304 816 οὐχ
1314 775 1516 816 ὑπερὸαίνομεν,
1527 776 1586 805 ἀλλ’
1601 774 1709 808 ἐκείνοις
1721 774 1826 814 ἰσούμε-

255 824 285 853 id
305 825 409 864 angelis
425 824 528 855 dixisse
553 837 560 853 :
581 824 709 863 quoniam
730 823 857 854 dictionis
875 830 998 854 naturam
1054 826 1095 852 οα-
1105 823 1160 853 Νῦν
1173 822 1201 853 δὲ
1209 821 1277 852 πολὺ
1285 822 1334 858 τὴν
1344 821 1451 854 ἐκείνων
1464 821 1669 860 ὑποὸεὸήκαμεν
1682 821 1769 861 φύσιν,
1779 821 1825 852 καὶ

255 878 345 910 aperte
355 881 452 910 negare
464 880 517 899 non
531 877 652 910 possunt,
665 870 720 899 alio
733 870 815 900 modo
830 869 998 909 negationem
1053 868 1177 901 ἐλάττους
1190 869 1238 903 τῆς
1249 868 1392 907 ἀσωμάτου
1404 869 1457 897 τῶν
1472 866 1591 907 ἀγγέλων
1602 866 1767 907 τυγχάνομεν
1778 879 1826 897 κα-

254 917 331 947 illam
343 917 490 947 insinuant.
502 916 617 947 Cuiuam
631 916 716 956 igitur
725 916 808 952 dixit,
817 917 999 946 Faciamus?
1053 913 1215 947 ταστάσεως.

130 970 134 982 ·
174 969 200 982 ¹¹⁰
210 970 244 983 ³¹³·
255 964 376 1003 Angelis,
392 964 529 1003 inquiunt.
539 964 651 1000 Quaero,
663 962 728 993 Utri
739 962 852 1003 majores
860 968 934 997 suut,
947 972 999 991 an-

255 1010 319 1049 geli,
345 1020 379 1039 an
406 1009 548 1039 homines?
574 1010 645 1040 Sane
669 1008 769 1049 angeli.
796 1009 867 1038 Nam
891 1007 998 1046 quaudo

254 1056 334 1086 etiam
355 1055 503 1086 admodum
524 1056 551 1085 in
570 1056 672 1086 virtute
690 1054 863 1095 profecimus,
877 1063 912 1084 ne
933 1059 998 1084 tunc

253 1101 364 1139 quidem
389 1101 452 1130 illos
471 1111 641 1140 superamuS,
659 1099 707 1130 sed
729 1109 807 1139 pares
828 1099 868 1128 eis
889 1108 994 1128 sumus.

254 1147 332 1176 Nunc
350 1156 413 1176 vcro
430 1146 465 1175 iis
477 1153 572 1176 natura
591 1146 671 1186 longe
683 1146 823 1175 inferiores
837 1155 942 1181 sumus,
956 1145 999 1175 in·

253 1193 441 1233 corporeisque
454 1193 556 1232 angelis
568 1203 662 1222 sumus
675 1192 802 1221 minores.

288 1240 318 1268 6.
336 1238 407 1267 Audi
419 1237 552 1267 Davidem
561 1238 612 1267 hac
620 1237 655 1267 dc
664 1248 693 1267 re
704 1237 887 1267 testificantem
899 1249 907 1266 :
919 1238 998 1277 Quid
1093 1237 1184 1267 Ἄκουε
1203 1237 1264 1276 περὶ
1273 1237 1365 1266 τούτου
1377 1238 1461 1267 Δαυὶδ
1475 1240 1668 1277 μαρτυροῦντος
1678 1248 1684 1255 ·
1699 1237 1735 1267 Τί
1752 1237 1826 1266 ἐστιν

254 1291 297 1314 est
312 1285 408 1321 homo,
422 1285 502 1323 quod
520 1293 630 1313 memor
647 1293 678 1313 es
693 1285 767 1322 ejus,
780 1290 832 1312 aut
838 1284 924 1323 filius
941 1285 995 1313 Ιιο-
1053 1282 1198 1322 ἄνΟρωπος,
1212 1282 1253 1311 ὅτι
1268 1282 1405 1322 μιμνήσκῃ
1420 1285 1511 1320 αὐτοῦ,
1524 1283 1542 1319 ἢ
1554 1283 1610 1316 υἱὸς
1623 1282 1770 1323 ἀνθρώπω,
1783 1282 1826 1312 δτι

255 1332 352 1367 minis,
374 1331 513 1370 quoniam
537 1330 642 1359 visitas
665 1331 753 1358 eum?
771 1330 908 1358 Minuisti
930 1340 996 1359 eum
1053 1326 1200 1367 ἐπισκέπτῃ
1222 1327 1316 1364 αὐτόν;
1333 1327 1507 1361 Ἤλάττωσας
1521 1329 1599 1358 αὐτὸν
1616 1328 1703 1369 βραχύ
1719 1340 1747 1358 τι
1760 1329 1825 1368 παρ’
1857 1325 1862 1329 ’

251 1377 342 1416 paulo
360 1379 455 1406 minus
477 1378 514 1405 ab
535 1376 656 1415 angelis.
673 1376 750 1405 Certe
763 1375 880 1405 minores
894 1376 996 1416 angelis
1052 1372 1188 1412 ἀγγέλους·
1202 1373 1278 1407 Τέως
1295 1373 1479 1412 ἠλαττωμένοι
1501 1374 1581 1413 ἐσμὲν
1598 1376 1662 1414 παρ’
1683 1373 1824 1414 ἀγγέλους·

253 1431 347 1450 sumus
365 1433 372 1449 :
388 1431 436 1450 nos
457 1420 605 1458 inferiores,
625 1419 714 1459 angeli
736 1420 860 1459 majores.
880 1419 911 1450 Si
933 1430 996 1450 cum
1052 1422 1130 1457 ἡμεῖς
1142 1419 1275 1456 ἐλάττους,
1291 1421 1316 1449 οἱ
1329 1419 1436 1459 ἄγγελοι
1450 1419 1562 1458 μείζους.
1581 1422 1616 1450 Εἰ
1630 1421 1674 1450 τὸν
1689 1420 1825 1460 ἄνθρωπον

251 1466 390 1496 hominem
404 1467 485 1496 illum
498 1466 630 1496 minorem
643 1466 750 1502 faceret,
761 1475 830 1505 opus
842 1465 938 1495 habuit
948 1476 996 1495 au·
1052 1465 1096 1494 τὸν
1107 1465 1234 1495 ἐλάττονα
1244 1468 1337 1502 ποιῶν,
1345 1465 1439 1505 χρείαν
1448 1466 1511 1506 ἔσχε
1522 1466 1679 1506 συμὸούλων
1687 1468 1740 1496 τῶν
1750 1466 1827 1506 ἄγγε’-

253 1513 320 1551 gelis
342 1512 504 1543 consiliariis
516 1519 542 1542 et
555 1511 736 1552 adjutoribus,
751 1521 813 1540 cum
826 1511 940 1550 majores
952 1512 996 1541 sa-
1052 1513 1106 1541 λων
1124 1512 1141 1547 ἢ
1160 1511 1324 1552 συνεργῶν,”
1344 1512 1388 1542 ὅτε
1408 1511 1469 1546 τοὺς
1485 1513 1588 1552 μείζους
1607 1513 1700 1549 ἐποίει,
1718 1512 1825 1553 οὸχένα

253 1565 333 1595 ceret,
348 1568 402 1587 nou
416 1568 500 1587 unum
513 1567 610 1596 nempe
626 1557 763 1596 angelum,
777 1556 826 1586 sed
842 1556 892 1586 illa
910 1557 996 1587 millia
1007 1585 1044 1605 473
1053 1558 1175 1597 ἄγγελον,
1194 1559 1253 1588 ἀλλ’
1267 1560 1333 1597 ὁμοῦ
1350 1558 1398 1592 τὰς
1416 1558 1544 1599 μυριάδας
1561 1559 1662 1594 ἐκείνας
1674 1559 1721 1593 τὰς
1735 1561 1826 1599 ἀναρι-

252 1604 371 1633 millium
392 1603 647 1637 innumerabilium5
669 1602 899 1642 quemadmodum
924 1604 998 1634 enim
1016 1613 1036 1635 Α
1054 1603 1186 1642 Θμήτους·
1206 1603 1297 1643 ὥσπερ
1317 1603 1369 1644 γὰρ
1389 1604 1450 1638 τοὺς
1463 1607 1606 1645 φωστῆρας
1625 1607 1692 1645 ὁμοῦ
1723 1605 1826 1639 πάντας

254 1650 398 1679 luminaria
412 1649 493 1690 simtnl
506 1649 596 1678 omnia
616 1649 690 1686 fecit,
702 1648 741 1678 sic
754 1655 781 1678 et
793 1649 902 1688 angelos
913 1656 938 1679 et
951 1660 997 1679 ar-
1054 1649 1187 1686 ἐποίησεν,
1208 1650 1278 1679 οὕτω
1307 1650 1433 1690 ἀγγέλους
1457 1650 1503 1680 καὶ
1530 1651 1710 1691 ἀρχαγγέλους
1739 1653 1806 1690 ὁμοῦ
1816 1663 1824 1670 ·

254 1697 396 1736 changelos
415 1696 512 1733 simul3
527 1702 554 1725 et
568 1702 608 1725 tot
624 1701 688 1724 sunt
700 1702 731 1725 ut
747 1705 855 1724 omnem
873 1703 1000 1735 superent
1054 1696 1099 1726 καὶ
1112 1695 1232 1726 τοσοῦτοί
1245 1697 1298 1726 εἶσι
1311 1696 1352 1725 ὅτι
1363 1695 1412 1732 τὴν
1424 1698 1478 1726 τῶν
1492 1697 1612 1737 ἀριθμῶν
1625 1696 1824 1737 ὑπερὸεὸήκασι

146 1761 158 1774 η
181 1761 201 1783 7<
240 1753 408 1779 ,numer-um,
435 1742 584 1780 clamatque
607 1741 703 1770 Daniel
730 1753 736 1769 :
761 1741 866 1771 Decies
892 1741 999 1772 millies
1054 1742 1141 1782 φύσιν,
1150 1743 1195 1772 καὶ
1206 1744 1256 1783 βοᾷ
1265 1741 1499 1783 Δανιήλ·Μύριαι
1514 1743 1636 1784 μυριάδες
1647 1743 1826 1783 ἐλειτούργουν

103 2269 168 2308 (Pa-al.
179 2269 231 2292 103.

255 1790 332 1818 dena
341 1790 438 1818 millia
450 1789 658 1818 ministrabant
670 1789 708 1824 ei,
721 1793 749 1816 et
763 1788 860 1817 millia
873 1788 999 1818 millium
1054 1789 1137 1829 αὐτῷ,
1163 1789 1208 1818 καὶ
1232 1789 1318 1829 χίλιαι
1343 1789 1463 1829 χιλιάδες
1487 1789 1712 1830 παρειστήκεωαν
1739 1791 1822 1830 αὐτῷ.

255 1837 415 1864 adstabant
428 1835 466 1865 ὲί.
479 1837 554 1864 Dena
571 1833 658 1863 millia
670 1832 803 1862 denorum
819 1834 938 1864 millium
951 1845 999 1864 au-
1054 1834 1159 1874 Μυρίας
1168 1835 1297 1874 μυριάδας
1309 1834 1431 1870 ἐποίησεν
1443 1835 1571 1874 ἀγγέλων,
1579 1835 1626 1864 καὶ
1635 1835 1724 1875 χιλίας
1733 1835 1823 1875 χιλιά-

256 1882 378 1920 gelornm
394 1881 467 1917 fecit,
478 1879 617 1918 milliaque
629 1879 747 1908 millium
762 1880 997 1919 archangelorum,
1054 1881 1100 1914 δας
1111 1880 1292 1921 ἀρχαγγέλων,
1303 1880 1349 1910 καὶ
1361 1882 1391 1910 οὗ
1403 1881 1481 1920 χρεία
1493 1881 1645 1920 συμὸούλου
1656 1881 1675 1917 ἢ
1688 1883 1825 1921 συνεργοῧ,

256 1939 306 1957 nce
323 1938 392 1968 opus
405 1926 502 1956 habuit
517 1925 673 1955 consiliario
689 1932 735 1955 aut
752 1925 886 1965 adjutore,
897 1933 998 1956 etcum
1054 1926 1099 1955 καὶ
1120 1927 1165 1956 ἕνα
1183 1927 1266 1956 ποιῶν
1287 1926 1398 1962 πήλινον
1420 1927 1555 1966 ἄνθρωπον
1580 1929 1663 1967 βουλῇ
1684 1927 1824 1967 κέχρηται,

257 1984 341 2003 unum
351 1974 446 2002 faceret
454 1973 558 2002 luteum
565 1971 832 2008 hominem,consilio
843 1972 938 2008 utitur,
944 1983 998 2001 ser·
1053 1971 1129 2011 λόγον
1143 1972 1251 2011 εἰσάγει,
1266 1971 1419 2011 συμὸουλὴν
1431 1972 1576 2010 λαμὸάνεις
1591 1971 1628 2004 Τί
1641 1974 1712 2002 ἔστιν
1723 1973 1823 2012 ‹hepo›-

256 2029 361 2048 monem
374 2018 486 2055 confert,
500 2017 643 2047 consilium
663 2016 733 2046 init?
752 2018 823 2056 Quis
838 2018 996 2047 esthomo?
1052 2029 1114 2055 πος;
1128 2018 1158 2048 οὗ
1179 2019 1214 2057 γῆ
1227 2017 1272 2047 καὶ
1287 2017 1339 2047 ἀπὸ
1352 2019 1414 2057 γῆς;
1427 2019 1458 2047 οὔ
1478 2017 1549 2051 κόνις
1562 2018 1641 2057 μόνον
1659 2017 1706 2048 καὶ
1722 2019 1824 2059 τέφρας

255 2075 342 2094 nonne
350 2071 420 2094 terra
428 2063 495 2093 etde
505 2062 589 2092 ten-a?
603 2072 689 2091 nonne
697 2062 765 2092 cinis
774 2069 799 2092 et
811 2063 903 2093 favilla
910 2062 924 2091 Ξ)
931 2063 996 2093 Cla—
1053 2063 1106 2093 Καὶ
1128 2065 1178 2103 βοᾷ
1197 2062 1319 2103 Ἀδραὰμ
1335 2062 1385 2099 τὴν
1406 2064 1501 2092 ἑαυτοῦ
1514 2063 1652 2103 κηρύττων
1671 2063 1804 2094 εὐτέλειαν
1815 2078 1823 2085 ·

211 2143 215 2148 ,
255 2118 363 2150 malque
374 2110 510 2139 Abraham
520 2119 597 2138 suam
605 2107 754 2147 praedicans
763 2108 895 2138 vilitatem
910 2120 917 2137 :
933 2110 997 2148 Ego
1014 2106 1033 2130 Β
1053 2109 1126 2149 Ἐγὼ
1143 2108 1173 2138 δέ
1193 2110 1248 2148 εἶμι
1263 2110 1298 2147 γῆ
1318 2108 1364 2138 καὶ
1385 2109 1489 2142 σποδός.
1510 2109 1547 2139 Τί
1567 2111 1633 2139 εἰσιν
1652 2109 1774 2149 ἅγγελοις
1793 2111 1823 2141 οὗ

256 2164 354 2187 autem
363 2167 425 2186 sum
434 2161 544 2185 terr-aet
552 2156 635 2184 cinis.
644 2153 719 2190 Quid
725 2161 786 2183 sunt
792 2154 997 2194 angeli?uouue
1051 2158 1168 2194 πνεῦμα;
1187 2156 1218 2184 οὔ
1231 2157 1300 2195 πῦρ;
1313 2154 1368 2184 Καὶ
1382 2154 1461 2184 ἄκουε
1477 2158 1524 2184 τοῦ
1540 2155 1625 2185 Δαυὶδ
1646 2157 1774 2195 βοῶντος·
1788 2156 1824 2187 Ὁ

255 2204 386 2245 spiritvs?
400 2213 487 2233 noune
499 2201 588 2242 ignis?
598 2200 671 2230 Audi
677 2200 812 2230 Davidem
819 2201 994 2231 clamantem:
1051 2202 1134 2231 ποιῶν
1146 2200 1207 2234 τοὺς
1219 2200 1347 2240 ἀγγέλους
1365 2203 1444 2230 αὑτοῦ
1466 2201 1615 2241 πνεύματα,
1628 2201 1675 2231 καὶ
1687 2201 1749 2236 τοὺς
1766 2204 1824 2232 λει-

257 2252 316 2290 Qui
324 2252 407 2294 facit
425 2249 546 2289 angelos
564 2257 631 2277 suos
653 2248 783 2286 spiritus,
802 2253 830 2276 et
852 2249 997 2277 ministros
1049 2246 1173 2287 τουργοὺς
1195 2248 1275 2276 αὑτοῦ
1299 2249 1352 2287 πῦρ
1372 2246 1477 2287 φλέγον.
1498 2247 1556 2284 Τὴν
1576 2250 1624 2277 τοῦ
1641 2247 1723 2288 πυρὸς
1746 2247 1825 2288 φύσιν

255 2308 320 2328 suos
334 2300 428 2337 ignem
439 2301 579 2325 urentem.
593 2295 664 2324 Cum
678 2292 748 2332 ignis
760 2299 883 2322 naturam
897 2293 995 2323 conde-
1050 2293 1232 2333 ἐργαζόμενος,
1255 2292 1289 2322 τὰ
1306 2292 1385 2333 νοερὰ
1407 2292 1453 2322 καὶ
1476 2293 1607 2333 ἀσώματα
1625 2293 1776 2332 πνεύματα,
1792 2295 1822 2323 οὔ

252 2352 302 2381 ret,
317 2343 494 2382 intelligentes
507 2348 533 2371 et
546 2341 715 2380 incorporeos
724 2339 845 2379 spiritus,
858 2349 910 2368 non
925 2351 994 2380 opus
1049 2339 1141 2379 χρείαν
1155 2339 1217 2379 ἔσχε
1226 2338 1387 2381 συμὸούλου,
1399 2341 1429 2369 οὒ
1443 2342 1577 2380 συνεργοῦ,
1591 2341 1641 2380 οὐχ
1651 2339 1741 2380 ἑτέρου
1754 2339 1823 2373 τινὸς

252 2391 348 2419 habuit
356 2387 519 2424 consiliario,
534 2396 587 2416 uon
598 2385 681 2422 socio,
696 2395 749 2414 non
761 2385 815 2414 alio
828 2385 955 2424 quopiam
965 2385 991 2415 in
1050 2386 1116 2425 πρὸς
1133 2385 1288 2425 συμμαχίαν
1311 2386 1365 2414 τῶν
1384 2385 1546 2425 γενομένων·
1567 2385 1614 2415 καὶ
1632 2385 1682 2415 τὸν
1699 2386 1753 2415 ἀπὸ
1773 2387 1823 2425 γῆς

251 2447 331 2476 opere
339 2435 480 2476 adjutore:
496 2440 522 2463 et
534 2443 598 2462 cum
610 2442 671 2461 eum
685 2431 732 2470 qui
744 2430 779 2460 de
792 2438 862 2460 terra
875 2437 914 2460 est
925 2441 990 2461 con-
1049 2433 1143 2469 ποιῶν,
1160 2431 1205 2461 τὸν
1218 2431 1332 2471 οἰκτρὸν,
1351 2431 1396 2461 τὸν
1410 2432 1515 2467 εὖτελῆ,
1533 2430 1579 2460 τὸν
1603 2431 1696 2471 μικρὸν
1712 2430 1820 2472 ὕστερον

236 2522 240 2530 ’
287 2542 296 2552 ²¹
315 2532 407 2565 [Snv'zl.
420 2535 495 2558 merda.
506 2529 642 2556 combefis.
656 2529 745 2561 αὐτοῦ]
1061 2534 1122 2562 πὸσῳ
1133 2532 1230 2563 μᾶλλον,
1242 2529 1292 2555 Sed
1305 2529 1444 2563 intercepta
1456 2530 1530 2556 series
1542 2529 1666 2556 orationis
1679 2529 1743 2556 infra
1755 2538 1814 2556 con-

284 2574 297 2591 b
315 2572 373 2603 [sax
383 2571 408 2596 il.
421 2572 446 2596 iu
459 2579 538 2604 marg,
553 2578 566 2594 e
579 2569 646 2602 conj.
661 2568 761 2602 supplet
775 2571 852 2602 πολλῷ
860 2571 958 2602 μᾶλλον,
970 2567 1010 2594 vel
1061 2568 1196 2602 tinuatur]
