1890 2826
615 173 660 196 DE
686 172 793 196 MUNDI
818 173 1026 206 mammona,
1055 173 1158 197 ORAT.
1189 173 1236 198 VI.

145 235 241 265 πιστοί.
256 229 322 274 Ἆρα
333 235 396 264 αὐτὸ
406 234 437 264 τὸ
446 235 528 274 δῶρον
545 233 658 274 φυσικὴν
673 233 730 273 ἔχει
741 233 883 273 σωτηρίαν,
895 234 913 269 ἢ

143 281 188 310 διὰ
197 280 246 317 τὴν
262 280 471 320 ἐπικαλουμένην
491 280 566 315 δόξαν
577 280 646 320 ἔχεις
661 280 783 320 ἐνέχυρον
797 279 849 309 ἀπὸ
860 281 912 309 τῶν

142 326 290 367 παρόντων,
313 326 350 366 μὴ
369 326 538 367 ἄμφιὸάλλῃς
556 326 618 367 περὶ
638 327 691 355 τῶν
711 325 909 366 προλαὸόντων;

142 371 218 402 Ἐκεῖ
237 374 331 413 βρῶμα
345 372 526 410 θανατοποιὸν,
541 368 593 401 ὦδε
610 374 705 412 βρῶμα
721 371 855 406 ζωοποιόν.
879 373 912 401 Εἰ

142 421 219 448 τοῦτο
231 418 262 448 τὸ
281 421 378 459 βρῶμα
390 418 468 453 σώζει
479 418 565 459 φύσει,
583 418 628 448 καὶ
647 419 676 447 οὗ
688 417 780 458 χάριτι
788 429 794 436 ·
807 418 912 447 κάκεῖνο

141 467 176 505 τῇ
189 465 264 506 φύσει
285 466 396 506 ἀναιρεῖ,
414 465 459 495 καὶ
477 467 506 494 οὐ
519 464 679 505 παραθέσει.
691 463 775 498 Δείξω
789 475 832 493 σοι
848 463 913 493 ἄλλο

143 513 238 551 βρῶμα
252 510 301 545 ἔξω
311 514 358 541 τοῦ
369 511 528 552 παραδείσου
548 510 729 546 θανατοποιὸν,
744 509 793 546 τὴν
808 509 913 539 εἴδωλο-

140 557 264 597 λατρείαν
275 556 356 598 λέγω.
371 556 423 587 Διὰ
433 557 459 587 τί
472 557 524 597 γὰρ
537 556 726 596 παρῃτήσαντο
745 558 770 586 οἱ
783 554 913 595 μάρτυρες

140 607 232 643 φαγεῖν
244 602 322 643 κρέα,
334 603 377 633 διὰ
389 602 416 632 τί
426 603 567 644 ἐφοὸοῦντο
578 602 685 643 φαγεῖν;
697 598 758 642 ἔρα,
771 603 794 631 εἷ
806 601 912 642 ἔφαγον,

140 650 318 688 ἀπέθνησκον,
328 650 475 689 Οὐδαμῶς·
485 650 544 679 ἀλλΙ
566 648 656 685 ἐπειδὴ
670 647 844 687 ἔπωνόμαστο
859 649 912 677 τῶν

139 697 257 727 εἰδώλων
272 699 290 733 ἡ
312 696 416 736 μνήμη,
432 696 536 736 ἔφυγον,
548 697 577 726 οὗ
591 694 640 732 τὴν
655 696 763 735 βρῶσιν,
775 693 845 724 ἀλλὰ
863 693 912 730 τὴν

139 746 193 773 τῶν
206 744 308 783 μιαρῶν
323 742 474 779 ἐπίκλησιν.
493 741 574 772 Οὕτω
591 741 708 781 γνωστὸν
719 737 751 778 ἦν
770 743 852 770 κακοῦ
866 740 912 770 καὶ

140 791 240 829 ἀγαθοῦ
252 789 282 819 τὸ
302 788 415 829 δένδρον,
431 789 462 818 οὗ
481 789 578 828 γνῶσιν
589 786 715 827 παρέχον,
727 787 786 816 ἀλλ’
800 785 854 816 ἀπὸ
863 787 913 822 τῆς

139 835 316 876 παραὸάσεως
329 834 450 865 διδάσκον
460 832 567 863 ”afim-62.
579 832 631 864 Ἀεὶ
641 833 693 873 γὰρ
707 835 724 869 ἡ
737 836 817 873 πεῖρα
834 831 910 861 διδά-

140 894 198 912 σκει
210 881 254 911 τὸν
263 879 428 919 &damst-tt
435 879 515 910 κακὸν
526 879 558 909 τὸ
565 879 729 920 παραὸἢναι.
738 879 825 909 Πάλιν
834 878 911 919 ἑτέρᾳ

137 928 192 968 ὁδιῖι
209 927 350 964 λυθήσεται
369 926 400 956 τὸ
418 926 585 966 ζητούμενον,
607 927 659 966 οὐχ
669 926 706 959 ὥς
726 926 779 955 τῶν
798 925 909 966 πρώτων

139 973 310 1009 ἀτονούντων,
323 974 381 1003 ἀλλ’
393 973 430 1006 ὡς
444 973 492 1008 τῆς
512 972 620 1012 χάριτος
633 974 679 1001 τοῦ
699 972 770 1001 Θεοῦ
783 971 911 1006 πλουσίας

138 1019 227 1056 οὔσης.
240 1019 288 1056 Μὴ
299 1019 352 1060 γάρ
362 1030 402 1052 τις
413 1017 542 1057 νομιζέτω
553 1016 602 1053 τὴν
616 1016 756 1056 ἐπαγωγὴν
774 1018 827 1046 τῶν
841 1018 910 1046 πολ-

137 1067 191 1095 λῶν
198 1065 336 1104 νοημάτων
343 1066 376 1094 δι’
384 1063 518 1094 ἀσθένειαν
525 1063 642 1103 γίνεσθαι
651 1064 704 1092 τῶν
710 1062 909 1103 προλαὸόντων·

138 1114 156 1147 ἡ
168 1115 214 1141 τοῦ
231 1113 302 1142 Θεοῦ
316 1111 368 1151 γὰρ
386 1109 464 1151 χάρις
481 1108 596 1139 πλουσία
613 1105 688 1146 ουσα,
701 1110 732 1138 ἐκ
748 1111 801 1138 τῶν
814 1111 910 1146 ἑαυτῆς

138 1159 277 1198 θησαυρῶν
295 1157 407 1198 παρέχει
429 1159 503 1196 ἡμῖν,
526 1156 572 1186 ἐὰν
592 1167 665 1194 ωμεν
688 1154 764 1189 ἄξιοι.
787 1155 909 1196 Πρόσεχε

136 1203 234 1234 τοίνυν.
251 1204 287 1234 Οἱ
304 1203 435 1260 μάρτυρες
452 1201 639 1243 παρῃτήσαντο
658 1203 756 1241 βρῶσιν
773 1201 908 1231 εἰδωλοθύ-

137 1262 200 1286 των,
211 1250 292 1283 ὄντως
310 1249 446 1291 φεύγοντες
464 1253 566 1289 φαγεῖν,
578 1249 616 1282 ὥς
632 1249 654 1278 εἰ
670 1247 763 1288 ἔφυγεν
779 1247 863 1286 Ἀδὰμ
876 1247 907 1277 τὸ

138 1296 251 1337 δένδρον,
263 1295 348 1333 ἐσώθη
360 1295 401 1325 ἄν.
413 1294 477 1325 ’Ότι
496 1294 524 1324 δὲ
540 1296 570 1324 οὐ
586 1294 617 1324 τὸ
634 1293 732 1323 εἰδέναι
745 1293 841 1333 ἀγαθὸν
860 1293 906 1323 καὶ

137 1342 229 1379 κακὸν,
249 1345 327 1372 τοῦτο
346 1341 467 1381 μισητὸν,
485 1343 506 1377 ἡ
521 1340 630 1377 ἀλήθεια
648 1339 761 1379 λαμπει.
780 1339 905 1398 Ἕρση-ῶν

136 1389 300 1430 γὰρὸθεὸς,
313 1387 359 1419 καὶ
378 1387 416 1428 μὴ
427 1387 561 1429 πράττων,
573 1381 640 1417 οἶδεν
661 1386 741 1422 αὐτὸ,
760 1385 778 1422 ἢ
792 1386 836 1423 οὔ,
854 1386 904 1420 Τίς

136 1437 224 1476 τολμᾷ
241 1434 324 1465 εἰπεῖν
340 1434 381 1465 ὅτι
398 1435 446 1464 οὔκ
462 1428 544 1469 οἶδεν;
557 1433 599 1463 Οὖ
614 1433 666 1473 γάρ
679 1434 750 1463 ἐστιν
763 1434 781 1468 ἡ
799 1434 904 1472 γνῶσις,

135 1480 239 1522 πρᾶξις.
250 1476 318 1521 Ἆρα
326 1481 434 1514 Παῦλος
444 1481 458 1510 ὁ
474 1479 567 1519 λέγων,
579 1478 699 1519 Φεύγετε
712 1477 760 1515 τὴν
771 1477 903 1518 πορνείαν,

135 1529 184 1558 οὒκ
205 1527 264 1568 ᾔδει
280 1526 307 1556 τί
317 1522 351 1563 ἶν
366 1528 384 1562 ἡ
403 1525 528 1566 πορνείας
543 1526 557 1554 ὁ
576 1536 678 1565 φευγων
700 1523 831 1564 μοιχείαν,
856 1526 904 1554 οὐκ

135 1574 194 1614 ᾔδει
215 1573 242 1603 τί
264 1568 297 1610 ἦν
317 1575 335 1609 ἡ
364 1571 484 1612 μοιχεία,
506 1571 575 1601 Ἀλλ’
599 1572 628 1600 οὗ
653 1570 805 1610 κατέκρινεν
826 1571 904 1600 αι’)τὸν

135 1621 153 1655 ἡ
164 1621 268 1658 γνῶσις.
284 1618 368 1651 Αὗτὸς
380 1617 408 1647 δὲ
418 1619 433 1646 ὁ
447 1617 515 1650 Θεὸς
525 1612 593 1646 οἶδεν
591 1617 684 1671 ..ἡμῶν
697 1615 761 1649 ὅλας
772 1615 819 1650 τὰς
831 1616 902 1656 πρά-

138 1664 198 1702 ξεις,
209 1665 327 1704 ἀριθμῶν
337 1663 383 1693 καὶ
398 1662 497 1703 λέγων·
507 1662 558 1692 Ἐκ.
574 1663 622 1698 τῆς
633 1661 740 1701 καρδίας
754 1661 905 1702 ἐξέρχονται

135 1710 257 1750 λογισμοὶ
291 1708 418 1749 πονηροὶ,
456 1709 547 1748 φόνοι,
582 1712 719 1748 μοιχεῖαι,
749 1706 903 1747 ἐπιορκίαι,

136 1756 280 1796 ἀσέλγειαι,
290 1755 388 1796 φθόνοι,
398 1753 554 1788 πλεονεξίαι.
561 1754 655 1784 Ταῦτά
665 1753 761 1784 ἐστιτὰ
767 1756 903 1783 κοινοῦντα
913 1772 949 1791 500
956 1767 1114 1787 enumerans
1130 1768 1161 1787 ac
1174 1756 1287 1787 dicens.
1303 1757 1350 1785 De
1363 1758 1451 1787 corde
1471 1764 1579 1788 exeunt
1590 1760 1700 1799 cogita-
1709 1773 1750 1794 ,an
1753 1773 1796 1795 uh
1813 1772 1839 1796 ¹5

135 1802 180 1832 τὸν
193 1802 337 1842 ἄνθρωπον.
349 1801 443 1830 Ταῦτα
461 1801 560 1840 ἀγνοῶν
578 1799 660 1839 λέγει,
675 1799 693 1836 ἢ
713 1800 788 1833 εἰδὼς
804 1802 818 1829 ὃ
835 1799 903 1833 Θεὸς
921 1801 938 1824 A
956 1805 1048 1834 tiones
1065 1804 1162 1841 maloe,
1185 1803 1291 1840 coedes,
1303 1803 1464 1840 adulteria,
1485 1806 1625 1844 perjuria,
1643 1806 1699 1834 im·
1711 1810 1748 1833 ¹9·
1759 1811 1796 1826 2⁰·

952 1851 1115 1890 pudicum,
1142 1851 1277 1888 invidioe,
1303 1851 1424 1890 rapinoe.
1448 1851 1521 1881 Hoec
1544 1858 1612 1881 sunt
1634 1863 1700 1891 quoe
1743 1871 1745 1875 ·

135 1848 181 1879 και
191 1850 205 1878 ὁ
216 1847 372 1884 ἀπόστολοςς
384 1847 447 1886 Οὗχ
456 1841 597 1886 ὗὸρίζειτ
567 1857 611 1875 ουν
622 1848 640 1882 ἡ
650 1847 747 1886 γνῶσις
755 1845 798 1875 τὸν
811 1845 902 1885 Ἀδάμ.

133 1894 270 1934 Ἔὸλαψεν
284 1894 335 1933 οὐχ
350 1895 368 1929 ἡ
379 1894 484 1932 γνῶσις,
501 1892 560 1921 ἀλλ’
577 1894 593 1928 ἡ
609 1891 770 1933 παράὸασις.
784 1891 864 1922 Θέλω
874 1890 902 1921 δὲ

135 1942 267 1981 ἕρκη-ἧσαι
284 1939 372 1976 αὐτὸν,
387 1942 462 1968 ποῖον
474 1937 556 1977 ἔμαθε
568 1938 642 1979 παρὰ
657 1941 703 1968 τοῦ
726 1937 801 1972 ξύλου
812 1937 902 1981 καλὸν,

134 1986 152 2023 ἢ
164 1987 260 2024 κακόν,
271 1985 349 2016 Μετὰ
359 1984 408 2021 τὴν
420 1985 518 2025 βρῶσιν
528 1984 595 2024 ἔγνω
606 1984 633 2014 τί
643 1984 798 2025 ἔστιφόνος;
808 1984 902 2018 Οὐδεὶς

133 2033 236 2064 οὖδέπιι)
245 2029 278 2070 ἦν
288 2035 302 2063 ὁ
311 2032 428 2068 κολάζων
437 2044 444 2051 ·
455 2034 485 2062 οὐ
496 2031 602 2072 μοιχεία
613 2030 770 2071 ἐγινώσκετο
779 2043 786 2050 ·
800 2025 903 2060 οὐδέπω

133 2079 186 2120 γὰρ
195 2075 262 2116 ἦσαν
271 2079 368 2119 γάμοι·
381 2081 411 2108 οὐ
425 2083 553 2119 πορνεῖαι,
563 2079 614 2118 οὐχ
623 2076 730 2118 ἁρπαγὴ
742 2073 774 2114 ἦν
783 2088 790 2096 ·
800 2076 903 2107 οὐδέπω

133 2124 186 2165 γὰρ
197 2121 231 2161 ,ἦν
243 2124 366 2159 πλούσιος
379 2125 425 2155 καὶ
436 2124 518 2161 πίνης
527 2135 534 2143 ·
548 2125 578 2153 οὗ
591 2123 762 2164 συκοφαντίαι
773 2123 819 2152 καὶ
835 2125 903 2163 ψευ-

134 2170 317 2210 δομαρτυρίαι.
337 2171 420 2200 Ποῖον
433 2165 478 2200 οὗν
491 2170 558 2210 ἔγνω
575 2169 666 2206 κακὸν,
683 2169 701 2205 ἢ
714 2172 790 2199 τοῦτο
809 2169 902 2209 μόνον,

134 2216 176 2246 ὅτι
189 2217 269 2246 καλὸν
284 2212 317 2252 ἧν
334 2216 369 2246 τὸ
384 2218 532 2246 ὑπακοῦσαι
547 2217 620 2256 Θεῷ,
631 2215 713 2245 κακὸν
730 2215 759 2246 δὲ
774 2214 805 2244 τὸ
816 2226 903 2254 παρα-

135 2265 230 2292 κοῦσαι
260 2263 345 2299 emm
370 2261 448 2302 Λέγω
475 2261 504 2291 δὲ
525 2261 610 2291 κοινὸν
633 2261 678 2291 καὶ
699 2259 902 2301 περιφερόμενον

136 2309 221 2348 ῥῆμα,
236 2307 281 2338 καὶ
292 2307 330 2347 μή
343 2319 383 2341 τις
394 2308 499 2337 aorou‘
485 2319 522 2340 ως
533 2307 667 2346 τολμηροῦ
681 2308 813 2346 καταγνῷ.
830 2305 903 2335 Εἰώ-

136 2357 218 2393 θαμεν
237 2354 322 2393 λέγειν
335 2357 389 2387 τοῖς
402 2352 606 2392 ἁμαρτάνουσιν,
629 2352 795 2384 ἀπειλοῦντες
816 2352 902 2385 αὐτοῖς

137 2399 310 2441 ἱπιστροφήν·
320 2411 388 2429 ποιω
402 2410 432 2428 σε
442 2401 532 2437 μαθεῖν
547 2396 716 2437 ἐπιστροφήν.
727 2392 795 2436 ’Ἆρα
806 2397 902 2436 γνῶσιν

130 2446 208 2485 ’λέγει
221 2446 270 2483 τὴν
288 2445 415 2485 μάθησιν;
431 2444 472 2474 Τὸ
485 2439 528 2473 ουν
545 2442 660 2483 γνωστὸν
681 2442 734 2472 ἀπὸ
747 2444 793 2478 τῆς
812 2442 903 2482 πείρας

175 2537 188 2557 ¹³
206 2535 302 2569 [Savil.
317 2537 383 2570 conj.
396 2539 472 2568 αὑτήν,
484 2534 553 2569 quod
564 2534 658 2575 recepit
667 2533 812 2567 Combefiffi]

1535 155 1545 172 “
1637 161 1705 197 583

964 233 1160 274 jusparticipes
1167 241 1231 264 sunt
1239 234 1341 266 fideles.
1351 235 1424 265 Num
1431 245 1494 275 ergo
1505 234 1608 265 donum
1617 235 1708 276 ipsum

966 280 1115 310 naturalem
1136 280 1186 310 fert
1204 281 1383 319 salutem‚>an
1404 287 1515 322 propter
1533 282 1706 322 majestatem,

966 335 1026 364 quae
1047 325 1200 364 invocatur,
1213 327 1312 367 pignus
1325 327 1408 357 hahes
1421 338 1454 356 ex
1475 327 1660 367 praesentibus,
1676 337 1709 357 ne

965 371 1074 402 dubites
1084 372 1118 403 de
1127 373 1161 402 iis
1172 384 1231 412 quae
1244 374 1454 414 praecesserunt?
1464 374 1526 403 lllic
1537 385 1596 403 esca
1610 374 1706 410 letalis,

930 420 948 443 C
966 418 1012 448 hic
1031 419 1109 449 cibus
1126 420 1280 451 vivificans.
1296 420 1325 451 Si
1347 421 1399 451 hoc
1420 427 1516 450 natura
1538 427 1639 458 servat,
1656 431 1708 450 non

965 464 1050 505 gratia
1065 477 1073 494 z
1088 465 1160 495 illud
1173 465 1252 495 etiam
1266 473 1360 496 natura
1372 465 1480 504 occidit,
1495 476 1549 496 non
1562 473 1708 506 transgres-

964 512 1050 540 sione.
1059 513 1206 542 Ostendam
1216 512 1265 541 tihi
1275 519 1349 542 extra
1356 511 1512 552 paradisum
1522 512 1613 542 cibum
1624 512 1710 542 alium

965 559 1144 597 mortiferum,
1167 559 1350 589 idololatriam
1363 570 1469 600 nempe.
1482 561 1539 590 Cur
1551 567 1710 589 recusarunt

965 612 1095 646 martyres
1105 616 1198 636 carnes
1211 606 1426 636 comedere?cur
1438 605 1518 636 edere
1533 606 1708 636 metuebant?

964 661 999 681 an
1020 652 1122 685 mortui
1143 659 1240 689 essent,
1254 653 1278 682 si
1298 651 1494 682 comedissent?
1508 653 1684 692 Nequaquam
1701 665 1707 681 :

964 697 1013 728 sed
1025 698 1090 738 quia
1110 697 1245 729 idolorum
1260 698 1360 728 mentio
1373 705 1439 735 erat,
1453 708 1506 728 non
1520 709 1607 728 escam
1621 698 1709 738 fugie-

963 744 1039 782 hant,
1054 744 1102 774 sed
1121 744 1347 774 exsecrandorum
1365 744 1572 775 invocationem.
1587 744 1633 775 Sic
1649 752 1710 774 nota

963 797 1019 820 erat
1039 791 1120 821 arbor
1138 790 1254 821 scientiae
1273 790 1339 820 honi
1352 797 1379 820 et
1399 790 1475 828 mali,
1495 800 1548 820 non
1571 790 1708 820 scientiam

963 832 1093 877 premens,
1103 837 1214 867 sedeam
1224 848 1257 867 ex
1267 836 1474 877 transgressione
1481 836 1589 866 docens.
1599 838 1709 877 Semper

963 884 1034 913 enim
1056 883 1221 924 experientia
1244 882 1415 923 insipientem
1436 882 1514 912 docet
1535 883 1634 912 malam
1653 893 1709 912 rem

929 927 949 951 D
962 940 1019 960 esse
1038 925 1297 970 transgressionem.'
1307 930 1428 958 Rursum
1451 928 1505 958 alia
1526 928 1572 959 via
1596 930 1709 968 quaestio

962 977 1093 1012 solvetur,
1122 976 1176 1006 non
1203 975 1276 1015 quod
1296 975 1384 1016 prima
1409 985 1462 1005 non
1485 975 1549 1006 satis
1574 976 1638 1014 sint,
1660 976 1708 1006 sed

962 1022 1037 1062 quod
1050 1023 1100 1053 Dei
1115 1024 1199 1063 gratia
1213 1022 1289 1053 dives
1298 1022 1342 1052 sit.
1359 1022 1402 1052 Ne
1414 1022 1476 1062 quis
1489 1023 1560 1052 enim
1575 1029 1651 1063 putet
1663 1034 1707 1052 ra-

962 1068 1067 1098 tionum
1089 1068 1270 1098 additamenta
1289 1068 1326 1098 ob
1348 1068 1471 1108 priorum
1495 1068 1707 1098 imbecillitatem

961 1115 1051 1145 affern·
1066 1128 1074 1145 ε
1086 1125 1149 1145 nam
1159 1115 1211 1145 Dei
1224 1115 1319 1155 gratia,
1330 1115 1407 1145 dives
1417 1125 1479 1145 cum
1490 1115 1534 1152 sit,
1547 1126 1584 1145 ex
1597 1115 1706 1145 thesau-

960 1160 998 1191 ris
1011 1161 1066 1191 suis
1080 1161 1159 1191 nobis
1170 1161 1242 1191 bona
1253 1161 1366 1201 profert,
1381 1161 1405 1191 si
1418 1168 1507 1191 tamen
1519 1160 1595 1201 digni
1609 1161 1704 1190 simus.

959 1207 1074 1237 Attende
1087 1207 1181 1247 igitur.
1197 1208 1331 1246 Martyres
1344 1214 1502 1236 recusarunt
1514 1206 1595 1236 idolis
1608 1207 1705 1236 immo-

957 1253 1073 1283 latorum
1080 1253 1182 1283 cibum:
1194 1263 1226 1282 eo
1234 1252 1315 1282 modo
1325 1252 1417 1282 cibum
1429 1252 1587 1293 hujusmodi
1597 1253 1705 1293 fugien-

956 1303 1005 1333 tes,
1015 1308 1070 1337 quo
1078 1297 1101 1327 si
1110 1297 1247 1337 effugisset
1257 1296 1344 1326 Adam
1363 1296 1481 1337 lignum,
1492 1297 1606 1326 salutem
1615 1307 1704 1327 conse-

956 1350 1092 1382 quuturus
1098 1350 1167 1373 erat.
1178 1342 1261 1380 Quod
1269 1349 1360 1372 autem
1370 1343 1438 1373 scire
1444 1343 1547 1372 bonum
1555 1350 1581 1372 et
1589 1343 1701 1380 malum,

956 1400 1008 1420 non
1025 1389 1089 1421 odio
1096 1389 1211 1430 dignum
1220 1389 1264 1426 sit,
1270 1400 1334 1420 vere
1340 1389 1476 1428 liquidum
1486 1397 1536 1420 est.
1550 1391 1623 1420 Deus
1630 1390 1702 1420 enim

921 1443 941 1467 Ε
956 1436 1134 1476 interrogans,
1145 1443 1173 1465 et
1188 1446 1241 1466 nou
1260 1435 1370 1473 faciens,
1383 1446 1416 1465 an
1435 1447 1492 1466 rem
1502 1436 1588 1474 novit,
1600 1436 1702 1466 necne?

956 1482 1025 1519 Quis
1033 1482 1103 1512 ausit
1110 1482 1199 1511 dicere
1211 1492 1273 1511 eum
1284 1491 1338 1510 non
1347 1491 1424 1511 nosse
1432 1482 1446 1510 Ξ)
1461 1482 1521 1511 Non
1530 1481 1603 1511 enim
1612 1483 1702 1522 cogni-

955 1529 1003 1566 tio,
1016 1529 1074 1569 ipsa
1085 1528 1154 1559 actio
1167 1536 1216 1558 est.
1232 1529 1306 1558 Num
1317 1528 1428 1565 Paulus,
1441 1528 1491 1567 qui
1505 1527 1624 1566 dicebat,
1638 1530 1700 1559 Fu·
1713 1543 1741 1589 τὲ
1751 1537 1806 1560 Cor.
1818 1537 1842 1559 6.

1715 1574 1722 1588 ἶ
1744 1584 1750 1590 ι

955 1576 1014 1614 gite
1019 1575 1266 1615 sorm'cationem,
1281 1574 1421 1613 ignorabat
1438 1573 1506 1613 quid
1524 1581 1592 1604 essct
1613 1575 1700 1604 forni—

955 1620 1046 1650 catio?
1065 1619 1184 1650 cavendo
1203 1619 1379 1655 adulterium,
1394 1619 1528 1649 nesciebat
1547 1620 1614 1658 quid
1634 1628 1703 1651 esset

956 1664 1141 1697 adulterium?
1155 1666 1261 1696 Verum
1276 1674 1330 1694 non
1343 1664 1404 1694 ideo
1418 1675 1496 1701 reus,
1513 1665 1588 1704 quod
1599 1674 1697 1697 nosset.

956 1712 1030 1749 Quin
1045 1712 1102 1752 ipse
1115 1712 1188 1741 Deus
1201 1710 1277 1740 novit
1289 1717 1364 1740 actus
1384 1721 1475 1741 omnes
1493 1718 1610 1750 nostros,
1626 1712 1700 1752 ipsos

955 1899 1149 1937 coinquinant
1171 1898 1329 1927 hominem.
1349 1897 1472 1927 Haecciue
1494 1897 1621 1937 ignorans
1652 1906 1700 1928 aut

954 1943 1041 1973 sciens
1050 1942 1117 1973 dicit
1126 1944 1209 1980 Deus,
1220 1942 1288 1972 dicit
1295 1943 1436 1983 apostolus
1445 1943 1459 1972 3’
1468 1944 1528 1974 Non
1537 1954 1601 1984 ergo
1610 1945 1700 1974 scien-

954 1989 991 2020 tia
1005 1989 1108 2019 Adamo
1121 1988 1246 2019 dedecori
1258 1996 1307 2019 est.
1320 1989 1420 2019 Noouit
1431 1989 1485 2027 illi,
1501 2000 1554 2020 non
1568 1991 1697 2031 cognitio,

954 2035 1003 2066 sed
1016 2035 1201 2075 transgressio.
1222 2035 1316 2066 Velim
1333 2042 1422 2065 autem
1443 2036 1478 2065 ab
1498 2036 1547 2066 illo
1567 2047 1696 2076 quaerere,

955 2080 1022 2121 quid
1033 2092 1068 2110 ex
1086 2081 1160 2121 ligno
1180 2080 1317 2118 didicerit,
1330 2081 1465 2119 bonumne
1478 2092 1512 2111 an
1527 2083 1640 2112 malum.
1656 2086 1698 2113 An

955 2133 1016 2167 post
1038 2137 1115 2157 esum
1136 2127 1212 2158 novit
1231 2126 1298 2166 quid
1311 2133 1380 2156 esset
1399 2127 1596 2158 homicidium?
1612 2130 1697 2159 Nemo

955 2173 1082 2203 hactenus
1103 2179 1159 2203 erat
1181 2173 1230 2213 qui
1243 2173 1365 2214 puniret;
1381 2172 1546 2203 adulterium
1560 2175 1697 2204 nescieba-

955 2226 1011 2257 tur,
1025 2230 1087 2250 cum
1100 2219 1220 2250 nondum
1233 2226 1320 2250 essent
1340 2219 1440 2259 nuptiae
1453 2232 1460 2249 ε
1476 2230 1529 2249 non
1545 2221 1695 2256 fornicatio,

955 2276 1008 2296 non
1030 2267 1124 2308 rapina
1142 2273 1213 2302 erat;
1228 2267 1349 2296 nondum
1371 2266 1442 2295 enim
1462 2273 1538 2295 erant
1556 2266 1632 2296 dives
1652 2266 1697 2296 vel

922 2308 939 2332 Β
957 2321 1058 2351 pauper
1073 2324 1080 2340 :
1095 2321 1149 2340 non
1166 2310 1358 2350 sycophantiae,
1374 2319 1427 2338 non
1446 2309 1513 2338 falsa
1536 2310 1695 2339 testimonia.

955 2353 1036 2392 Quod
1046 2355 1130 2395 igitur
1140 2353 1216 2384 aliud
1229 2353 1331 2383 malum
1343 2353 1453 2390 sciehat,
1467 2352 1519 2381 nisi
1533 2353 1584 2381 hoc
1597 2353 1696 2390 solum,

954 2398 1057 2428 bonum
1066 2409 1161 2439 nempe
1174 2408 1231 2428 csse
1243 2398 1302 2427 Deo
1317 2397 1441 2435 obsequi,
1456 2396 1558 2424 maium
1572 2396 1624 2435 ipsi
1645 2407 1699 2426 non

956 2442 1087 2474 obedire?
1106 2444 1174 2473 Rem
1188 2441 1251 2471 dico
1275 2451 1334 2479 quae
1351 2440 1427 2479 vulgi
1443 2449 1489 2469 ore
1504 2439 1701 2475 circumfertur,

1511 2575 1560 2606 38.
