1904 2840
61 1665 148 1688 Matth.
164 1665 202 1687 23.

200 206 269 254 952
794 211 878 237 orus
905 211 1140 237 iurent-acrum

199 281 241 309 tui
254 290 273 308 a
287 276 503 308 conturbatione
518 276 679 304 hominum.
694 275 832 315 Proteges
846 284 893 304 eos
906 277 938 304 in
957 277 977 301 Δ
995 275 1082 304 solum
1104 274 1212 305 videtur
1226 273 1260 304 ab
1278 274 1445 311 hominibus,
1460 274 1507 303 sed
1527 274 1617 304 adhuc
1639 283 1738 304 secuu-

199 318 387 348 tabernaculo
400 324 460 353 tuo,
475 326 494 344 a
514 316 745 344 contradictione
758 315 939 354 linguarum:

199 361 348 388 Praemonet
360 367 423 395 ergo
437 366 491 391 eos,
507 365 540 384 ne
555 355 622 384 forte
640 361 704 383 tunc
725 353 819 383 audito
839 353 940 383 Christi

199 398 326 433 adventu,
337 406 384 436 per
396 395 518 425 homines
527 393 679 424 seductores
691 392 835 434 procedant
845 393 880 422 ad
893 404 941 433 pa-

199 438 264 474 lam,
281 443 307 465 et
324 442 370 464 aut
385 435 411 464 in
430 435 540 464 deserto*
552 432 812 473 comprehendantur
831 433 941 470 earessi,

200 484 245 506 aut
258 476 284 505 in
297 475 422 504 domibus
435 473 631 503 concludantur
643 473 766 512 ingressi.
778 472 834 509 Qui
871 471 943 501 enim

199 516 278 545 saciat
298 515 325 543 in
345 514 491 543 solitudine
511 512 613 543 Christi
631 512 787 542 adventus?
810 511 944 550 numquid

201 555 285 595 magis
298 562 368 583 amat
380 553 540 583 solitudines
554 552 686 588 locorum,
701 563 781 591 quam
796 561 943 591 congrega-

202 596 285 624 tiones
297 593 458 623 hominum?
473 599 519 622 aut
532 591 666 631 numquid
679 591 801 621 homines
813 592 899 628 timet,
916 597 946 620 ut

203 636 229 663 in
245 633 389 663 solitudine
400 633 501 662 lateat?
514 632 543 662 Si
554 632 624 661 enim
636 631 744 670 quando
754 641 883 671 passurus
895 629 944 659 ad·

203 674 287 710 venit,
301 684 354 702 non
368 672 459 702 timuit
478 682 553 711 reges
564 670 735 711 autjudices,
750 670 798 700 sed
811 671 880 699 inter
894 670 945 699 im-

204 714 262 753 pios
274 713 389 753 populos
406 711 563 752 proedicavit
574 710 679 751 pietatis
696 720 844 740 sermonem
857 722 863 738 :
879 720 946 749 quo-

205 752 360 789 modotunc
373 751 488 786 timebit,
503 761 565 780 cum
576 750 681 779 venerit
691 749 814 790 judicare
828 756 948 789 peccato-

206 792 307 822 res?Si
322 794 388 832 quis
409 792 493 820 vobis
518 791 634 826 dixerit,
653 791 731 819 Ecce
751 791 782 818 in
803 790 946 826 domibus,

207 832 298 861 nolite
312 833 437 861 credere.
452 830 584 870 Injuriam
602 829 674 858 enim
691 829 778 858 facitis
793 828 947 865 Divinitati‚

207 872 229 900 si
245 872 270 900 in
285 871 412 901 domibus
429 870 503 899 illam
523 869 654 908 quaerifis,
669 879 729 908 quae
749 868 842 908 implet
854 869 949 897 caelum
968 875 986 898 B

207 918 233 940 et
247 918 345 940 terram
359 923 366 939 z
378 917 424 939 aut
438 910 459 939 si
474 910 557 939 latere
571 908 670 949 putatis
684 908 815 947 quive:1it
828 907 951 976 suplerbis

208 949 486 987 1·esiste1·e‚ethumiles
496 948 654 978 exaltat-elin
665 949 754 988 primo
765 948 837 976 enim
848 958 863 976 a
884 958 949 977 ven-

208 998 237 1020 tu
249 990 308 1019 ideo
328 990 427 1019 celatus
443 989 516 1019 venit
528 998 650 1028 corpore,
665 994 694 1017 nt
706 987 830 1027 probaret
843 986 950 1016 fideles:

209 1031 235 1059 in
245 1029 361 1059 secundo
370 1036 456 1058 autem
467 1028 584 1057 adventu
596 1028 685 1057 veniet
696 1027 851 1056 manifestus
859 1027 886 1056 in
895 1027 953 1067 glo—

210 1070 259 1103 ria,
271 1077 301 1098 ut
321 1075 470 1098 remuneret
485 1067 565 1097 fidem
584 1078 688 1096 eorum.
705 1066 769 1096 Ideo
783 1074 845 1096 tunc
865 1077 953 1096 neces-

210 1110 311 1138 sarium
323 1116 379 1138 erat
404 1115 433 1138 ut
445 1114 622 1147 quaereretur:
643 1117 715 1136 nunc
735 1113 825 1136 autem
846 1117 898 1135 non
916 1113 955 1136 est

210 1148 369 1188 quaercndus
384 1155 412 1177 ut
426 1147 561 1182 credatur,
575 1146 622 1176 sed
638 1146 734 1186 quaerit
756 1146 813 1186 ipse
825 1157 841 1175 a
855 1147 954 1185 quibus

210 1188 327 1218 creditus
339 1187 572 1228 est.Spiritualiter
584 1193 671 1215 autem
683 1185 716 1215 de
726 1186 879 1215 novissimis
891 1193 956 1215 tem-

211 1228 323 1268 poribus
343 1228 400 1257 haec
423 1228 459 1257 ita
477 1233 539 1256 sunt
562 1225 728 1266 exponenda.
746 1227 815 1256 Sunt
831 1226 954 1263 haereses,

211 1278 270 1306 quae
282 1267 419 1296 mendacia
434 1277 481 1296 sua
494 1265 691 1306 quodammodo
702 1266 903 1306 Scripturarum
912 1276 957 1295 co-

213 1307 301 1336 lorant
314 1306 530 1335 auctoritatibus:
544 1305 666 1344 quaedam
677 1312 837 1344 autem‚quae
848 1305 956 1335 omnino

212 1347 248 1375 ita
262 1353 351 1375 contra
363 1346 515 1386 Scripturas
525 1345 669 1380 habentur,
677 1356 709 1374 ne
721 1345 840 1374 colorare
851 1345 957 1375 valeant

212 1385 350 1414 mendacia
379 1396 427 1414 sua
453 1385 487 1414 de
511 1385 662 1424 Scripturis
686 1383 800 1413 divinis.
822 1384 957 1414 Solitudi-

212 1435 258 1454 nes
277 1436 340 1464 ergo
354 1425 471 1465 appellat
483 1424 596 1453 haereses
614 1424 687 1459 illas,
701 1434 815 1463 quarum
833 1424 957 1464 dogmata

212 1465 321 1494 omnino
333 1464 437 1494 deserta
451 1470 513 1493 sunt
530 1474 545 1492 a
561 1463 719 1503 Scripturis.
734 1464 838 1492 Domus
855 1470 955 1501 autem,

212 1504 324 1534 haereses
341 1515 400 1543 quae
419 1504 624 1543 Scripturarum
644 1503 796 1532 colorantur
814 1514 889 1532 exem
911 1504 956 1540 lis,

213 1543 337 1582 quamvis
351 1554 403 1573 non
417 1543 471 1572 sint
489 1542 586 1572 domus
599 1553 680 1579 verae,
699 1549 786 1571 tamen
800 1543 846 1571 vel
860 1515 956 1573 viden-

213 1591 267 1612 tur.
279 1585 331 1612 Aut
345 1583 388 1612 ita.
400 1585 502 1612 Domus
511 1582 708 1618 dicithaereses‚
719 1581 893 1611 solitudinem
907 1594 956 1612 au-

214 1630 266 1652 tem
275 1623 292 1652 J
295 1622 563 1657 udoeam,secundum
576 1621 650 1660 quod
660 1621 790 1662 scriptum
804 1629 843 1651 est
855 1621 956 1652 deilla:

214 1664 291 1691 Ecce
304 1663 486 1701 relinquetur
498 1661 581 1690 vobis
595 1662 697 1691 domus
716 1667 816 1690 vestra
830 1662 955 1692 deserta.

214 1703 268 1731 Aut
277 1702 323 1731 ita.
334 1701 498 1731 Solitudines
507 1701 573 1730 dicit
581 1711 673 1730 omues
682 1700 794 1730 haereses
803 1701 934 1731 desolatas
942 1713 958 1732 a

213 1741 333 1776 veritate,
340 1741 436 1770 domus
443 1748 531 1770 autem
539 1740 672 1770 Ecclesias
681 1740 796 1770 Christi:
803 1751 834 1770 ac
841 1741 956 1772 sidicat:

213 1782 274 1811 Non
286 1781 358 1817 dico,
371 1781 394 1810 si
406 1780 524 1810 dixerint
539 1780 616 1809 vobis
627 1803 634 1815 ,
642 1780 713 1809 Ecce
726 1780 753 1808 in
768 1780 898 1810 haereticis
906 1783 958 1811 Ec-

213 1820 301 1850 clesiis
310 1821 375 1856 illis,
385 1820 429 1849 vel
443 1820 470 1849 in
483 1820 538 1849 illis
547 1819 671 1860 apparuit
680 1820 814 1855 Christus,
822 1820 869 1849 sed
877 1821 957 1851 etiam

214 1861 235 1889 si
249 1860 275 1889 in
287 1860 353 1900 ipsis
367 1859 437 1890 veris
450 1860 588 1896 Ecclesiis,
600 1869 659 1898 quae
672 1866 699 1889 et
712 1859 762 1888 Dei
775 1866 849 1896 sunt,
864 1860 893 1890 id
905 1868 955 1897 est,

214 1899 311 1929 domus
317 1906 423 1934 vestioe,
434 1899 552 1928 dixerint
561 1899 639 1929 vobis
645 1899 783 1929 Christum
791 1900 957 1940 apparuisse,

216 1939 297 1968 nolite
310 1939 349 1968 cis
362 1938 470 1968 credere
483 1938 634 1968 dicentibus
648 1939 696 1968 ista
709 1937 743 1967 de
757 1949 810 1976 me,
823 1940 887 1978 quia
904 1950 957 1970 non

215 1986 254 2007 est
267 1979 348 2017 digna
362 1978 511 2008 divinitatis
533 1989 597 2008 meae
618 1978 712 2007 notitia
731 1978 788 2007 haec
799 1991 805 2007 ι
818 1979 959 2010 ostendens

216 2029 263 2057 per
276 2018 349 2054 haec,
363 2018 498 2057 quomodo
519 2029 554 2048 ex
574 2018 640 2057 ipsis
661 2018 789 2047 Ecclesiis
809 2019 880 2049 veris
902 2020 959 2049 fre-

216 2064 326 2096 quenter
345 2065 442 2087 exeunt
464 2057 617 2087 seductores
628 2079 635 2094 ‚
656 2064 795 2098 propterea
823 2069 871 2088 nec
893 2059 959 2099 ipsis

216 2097 324 2125 omnino
340 2097 502 2126 credendum
516 2104 565 2132 est,
582 2097 633 2126 nisi
647 2108 677 2125 ea
690 2097 780 2126 dicant
794 2098 836 2127 vel
848 2098 957 2136 faciant,

215 2147 274 2174 qnae
285 2137 467 2165 convenientia
479 2144 541 2166 sunt
555 2137 712 2176 Scripturis.
729 2138 787 2167 Vos
799 2148 861 2177 ergo
878 2139 960 2168 nolite

215 2177 298 2211 exire,
307 2176 389 2205 nolite
397 2176 514 2205 credere.
524 2177 583 2206 Non
591 2176 700 2205 mandat
708 2177 774 2212 illis,
785 2184 814 2206 ut
824 2188 856 2206 ne
865 2186 960 2208 exeant

216 2215 250 2244 de
267 2215 409 2249 domibus,
424 2216 469 2245 vel
482 2216 646 2245 civitatibus.
663 2217 719 2246 Nec
736 2216 763 2245 in
780 2217 860 2246 domo
875 2218 957 2256 enim,

217 2262 263 2284 aut
281 2255 308 2284 in
331 2255 437 2285 civitate
464 2255 618 2284 sedentibus
641 2256 751 2292 sanctis,
775 2256 825 2285 ista
845 2257 960 2287 dicenda

216 2301 279 2323 sunt
295 2307 301 2323 ε
318 2294 375 2330 sed,
390 2294 480 2324 Nolite
493 2295 567 2324 exire
578 2295 614 2324 de
628 2295 719 2335 regula
734 2296 863 2332 veritatis,
877 2308 960 2336 quam

218 2333 316 2362 tradidi
338 2334 415 2363 vobis
437 2346 444 2362 :
467 2335 550 2364 nolite
576 2334 683 2364 credere
703 2348 709 2364 :
733 2337 795 2374 quia
817 2336 887 2366 sieut
916 2337 960 2366 fu·

218 2384 277 2402 mus
291 2381 351 2402 ante
361 2374 451 2413 ignem
463 2373 589 2414 praecedit
597 2397 605 2410 ‚
620 2381 681 2403 ante
694 2375 835 2405 victoriam
850 2387 956 2415 pugna:

218 2413 256 2442 sic
277 2420 301 2441 et
321 2420 381 2442 ante
397 2414 511 2452 gloriam
527 2413 647 2451 Christi,
664 2415 773 2444 tentatio
791 2416 958 2445 Antichristi.

218 2453 267 2480 27.
281 2452 361 2481 Sicut
372 2455 460 2493 enim·
464 2454 566 2493 fulgur
579 2456 638 2483 exit
652 2456 689 2483 ab
700 2455 864 2489 Oriente,et
875 2462 960 2494 paret

217 2502 307 2530 usque
325 2493 364 2520 ad
382 2493 568 2522 Occidentem
581 2516 588 2528 ‚
605 2495 648 2522 ita
670 2496 725 2523 erit
744 2495 888 2523 adventus
901 2496 958 2523 Fi-

217 2531 251 2559 lii
274 2531 408 2560 hominis.
429 2533 601 2562 Manifestum
623 2539 649 2562 et
672 2533 791 2562 velocem
813 2533 958 2563 adventum

215 2570 315 2598 Christi
335 2571 473 2600 ostendere
499 2572 601 2609 volens,
617 2573 732 2611 fulguris
754 2573 959 2603 similitudinem

215 2608 374 2638 introduxit.
391 2610 466 2640 Sicut
485 2612 557 2640 enim
578 2622 638 2640 cnm
662 2612 758 2641 exierit
777 2613 888 2652 fulgur,
905 2623 958 2642 non

995 313 1062 342 dum
1083 314 1237 358 qualitatem
1258 313 1373 353 fulgoris
1397 314 1440 343 sui
1461 324 1515 343 non
1534 314 1616 354 digne
1638 314 1740 354 aspici-

996 361 1042 382 tur
1057 365 1064 381 ε
1079 363 1118 383 sic
1131 360 1158 382 et
1171 364 1234 382 cum
1246 353 1350 383 venerit
1361 353 1496 390 Christus,
1509 364 1562 383 non
1575 353 1665 383 solum
1677 365 1739 384 eum

997 402 1089 422 omnes
1101 393 1241 432 aspicient,
1254 392 1302 422 sed
1318 392 1466 422 secundum
1485 403 1637 423 mensuram
1650 393 1742 433 gloriae

997 432 1055 471 ejus
1069 442 1157 471 neque
1170 439 1297 472 poterunt
1312 443 1376 461 eum
1389 432 1552 462 sufficienter
1563 433 1691 473 aspicere.
1706 434 1744 464 Et

998 482 1050 500 non
1061 471 1150 500 solum
1160 471 1317 510 magnitudo
1326 472 1386 512 ejus
1396 481 1502 501 omnem
1510 472 1600 502 locum
1608 472 1644 502 im
1665 473 1742 509 tebit,

999 510 1046 540 sed
1061 510 1150 540 adhuc
1163 511 1347 551 magnitudine
1359 511 1418 551 ejus
1430 511 1536 541 deficiet
1548 512 1637 541 omnis
1665 523 1741 549 ocus,

999 550 1070 580 sicut
1083 550 1214 590 scriptum
1225 557 1265 580 est
1278 553 1377 591 :Ignis
1390 557 1460 580 ante
1479 553 1572 590 ipsum
1587 552 1742 591 proecedee,
1755 558 1894 588 Psal.96.3.

1001 597 1028 619 et
1042 590 1238 632 inflammabit
1252 592 1285 619 in
1299 592 1421 620 circuitu
1445 593 1579 621 inimicos
1593 593 1666 631 ejus.
1683 592 1743 621 Al-
1754 591 1779 619 4-

1003 630 1141 659 luxerunt
1151 631 1273 670 fulgura
1283 632 1345 671 ejus
1356 632 1421 660 orbi
1429 637 1527 668 terrim
1534 632 1623 668 vidit,
1631 638 1660 661 et
1669 642 1746 661 com-

1002 676 1082 699 mota
1095 677 1137 699 est
1152 677 1239 699 terra.
1256 671 1343 707 Quem
1363 675 1427 710 ergo
1439 677 1590 711 peccatores
1603 671 1745 708 videbunt,

1001 709 1082 739 etiam
1093 710 1226 739 nolentes:
1237 709 1373 749 quomodo
1384 720 1436 740 non
1448 709 1578 740 videbunt
1588 721 1651 740 eum
1663 711 1748 740 sancti

1002 748 1205 779 desiderantes?
1223 750 1258 779 Et
1276 751 1346 779 sicut
1365 749 1393 779 in
1414 749 1470 779 ictu
1483 750 1556 779 oculi
1576 750 1669 791 fulgur
1688 751 1749 780 uni-

1003 799 1079 818 versa
1092 789 1247 829 pertransit,
1255 790 1294 819 sic
1304 797 1329 819 et
1343 789 1430 819 Filius
1443 789 1504 826 Dei,
1515 800 1568 819 non
1580 790 1690 820 veniens
1700 790 1750 820 ad-

1003 828 1068 865 hue,
1081 828 1128 857 sed
1140 829 1220 858 etiam
1231 829 1335 859 venisse
1347 829 1496 859 videbitur.
1507 830 1537 860 Si
1550 830 1622 859 enim
1636 830 1687 866 sol,
1700 831 1751 869 qui

1004 867 1039 896 ad
1050 868 1229 898 ministerium
1240 876 1361 898 nostrum
1377 876 1481 899 creatus
1496 876 1546 905 est,
1556 876 1657 899 tantam
1667 870 1750 900 habet

1005 907 1157 947 splendoris
1173 909 1312 946 virtutem,
1327 916 1357 938 ut
1370 908 1398 938 in
1416 919 1585 948 quacumque
1602 916 1678 949 parte
1691 910 1750 939 caeli

1005 947 1099 983 fuerit,
1107 947 1208 987 ubique
1217 959 1230 977 a
1250 955 1342 993 pareat
1349 949 1426 987 quasi
1434 958 1549 988 praesens
1562 961 1568 977 =
1579 956 1680 987 quanto
1692 960 1750 979 ma-
1760 961 1806 978 ccx

1007 987 1048 1027 gis
1061 987 1107 1017 Sol
1122 959 1271 1027 spiritualis
1288 988 1414 1018 Christus
1423 1011 1431 1024 ,
1446 998 1509 1017 cum
1523 989 1641 1024 venerit,
1653 989 1681 1018 in
1695 997 1750 1019 toto

1008 1026 1146 1056 videbitur
1163 1027 1275 1063 mundo,
1292 1027 1378 1067 magis
1393 1034 1481 1057 autem
1493 1027 1612 1057 mundus
1623 1029 1651 1058 in
1665 1039 1696 1058 eo
1706 1029 1750 1060 vi·

1008 1065 1137 1096 debitur?
1154 1067 1299 1107 Apostolus
1318 1074 1408 1096 autem
1425 1067 1464 1096 ait
1477 1079 1484 1096 =
1500 1068 1594 1135 (guam
1606 1069 1666 1097 suis
1680 1075 1750 1098 tem-
1764 1081 1784 1097 ι.
1799 1075 1858 1096 Tim.
1877 1074 1902 1097 6.

1007 1107 1126 1144 poribus
1145 1108 1278 1136 ostendet
1298 1108 1410 1142 beatus,
1425 1114 1452 1136 et
1462 1116 1507 1138 ,so
1521 1117 1566 1144 us,
1582 1114 1609 1137 et
1629 1115 1729 1147 polens
1741 1121 1749 1137 .-
1764 1105 1801 1128 ¹⁵·

1009 1156 1062 1175 non
1081 1145 1162 1183 dixit,
1178 1148 1265 1184 Quem
1283 1147 1379 1176 mittet.
1396 1145 1520 1177 Christus
1537 1147 1620 1183 enim,
1637 1158 1700 1177 cum
1717 1147 1753 1177 sit

1011 1186 1122 1224 ubique,
1138 1196 1191 1215 non
1205 1186 1277 1216 venit
1289 1187 1324 1216 ab
1345 1186 1403 1216 loco
1424 1185 1459 1215 ad
1473 1186 1574 1224 locum,
1589 1186 1637 1217 sed
1651 1187 1753 1226 ubique

1011 1225 1160 1255 ostenditur
1170 1249 1178 1263 ,
1193 1226 1240 1265 qui
1268 1233 1324 1256 erat
1352 1226 1454 1256 celatus
1483 1226 1589 1266 ubique:
1617 1227 1667 1258 28.
1697 1228 1753 1257 Ubi
1896 1238 1904 1264 g

1003 1265 1101 1305 suerit
1125 1276 1227 1304 corpus
1237 1289 1244 1303 ‚
1267 1266 1330 1296 illic
1353 1268 1609 1306 congregabuntur
1631 1268 1751 1307 aquiloe.
1900 1268 1904 1300 i

1012 1307 1052 1334 De
1065 1305 1223 1336 vulturibus
1239 1306 1311 1335 enim
1324 1306 1391 1335 dicit
1405 1306 1544 1346 Scriptura
1559 1306 1587 1335 in
1601 1307 1655 1338 Job
1665 1329 1672 1342 ,
1685 1317 1754 1346 quo-
1764 1308 1876 1339 Job.39.3
1902 1308 1904 1310 ’

1012 1345 1084 1374 niam
1105 1345 1270 1385 ubicumque
1287 1346 1369 1375 fuerit
1395 1356 1494 1391 corpus
1507 1368 1515 1383 ,
1529 1346 1586 1375 illic
1610 1347 1753 1377 invenien-

1011 1391 1056 1414 tur
1075 1385 1216 1414 vnlturum
1239 1385 1318 1425 pulli.
1333 1386 1390 1415 Hoc
1406 1395 1480 1414 emm
1499 1386 1621 1415 naturale
1635 1393 1675 1416 est
1687 1387 1754 1417 vul-

1012 1431 1114 1461 turum,
1127 1424 1196 1454 sicut
1208 1424 1303 1453 dicunt
1315 1424 1438 1463 quidam,
1447 1431 1478 1454 ut
1488 1425 1568 1454 etiam
1577 1426 1754 1456 transmarina

1011 1463 1141 1494 cadavera
1157 1464 1280 1493 sentiant.
1292 1464 1427 1500 Quoniam
1438 1474 1503 1502 ergo
1516 1470 1609 1505 turpes
1620 1476 1683 1495 aves
1693 1473 1757 1495 sunt

1011 1503 1145 1539 vultures,
1159 1503 1219 1533 ideo
1242 1504 1390 1534 'vulturinis
1409 1504 1521 1543 quidem
1543 1505 1664 1538 moribus
1682 1516 1697 1534 a
1718 1511 1757 1535 ta-

1010 1543 1051 1572 vit
1073 1543 1183 1572 nomina
1208 1542 1361 1582 aquilarum
1374 1566 1381 1579 ,
1402 1550 1433 1572 ut
1453 1543 1482 1572 in
1505 1544 1627 1574 moribus
1645 1515 1756 1583 quidem

1011 1583 1169 1618 vulturum,
1188 1590 1341 1613 sanctorum
1360 1583 1529 1622 congregatio
1547 1583 1702 1614 ostendatur
1721 1584 1757 1614 ad

1011 1622 1112 1652 Christi
1130 1622 1296 1657 adventum,
1316 1623 1344 1652 in
1367 1622 1466 1662 aquilis
1486 1629 1576 1652 autem
1600 1623 1735 1662 regalibus
1747 1646 1756 1661 ,

1011 1662 1108 1702 regalis
1121 1670 1273 1692 sanctorum
1291 1662 1319 1692 di
1340 1663 1408 1692 nitas
1419 1662 1583 1692 ostendatur.
1599 1662 1664 1692 Ideo
1684 1663 1756 1693 enim

1001 1702 1095 1732 'sancti
1113 1702 1213 1741 aquilis
1230 1703 1321 1732 assimi
1333 1709 1430 1738 antur,
1446 1702 1510 1741 quia
1530 1703 1599 1732 sieut
1613 1703 1663 1732 filii
1678 1703 1756 1742 aqui-

1012 1741 1099 1771 larum
1122 1742 1157 1771 ad
1181 1742 1264 1771 solem
1289 1743 1454 1782 probantur,
1471 1749 1502 1771 ut
1525 1741 1658 1782 siquidem
1683 1749 1756 1773 recto

1011 1788 1120 1825 aspectu
1139 1781 1277 1811 intendere
1297 1782 1433 1822 potuerint
1450 1789 1541 1812 eontra
1563 1782 1652 1812 radios
1673 1782 1756 1818 solis,

1894 1470 1904 1542 i

1013 1821 1197 1861 intelligantur
1211 1832 1268 1851 esse
1290 1822 1419 1861 legitimi;
1432 1821 1455 1851 si
1477 1828 1567 1851 autem
1589 1832 1643 1851 non
1661 1828 1758 1862 potue·
1900 1816 1904 1818 ⁸

1012 1860 1077 1896 rint,
1091 1868 1284 1900 cognoscantur
1304 1861 1451 1891 adulterini
1465 1874 1472 1891 ε
1489 1861 1528 1890 sic
1546 1868 1572 1892 et
1588 1862 1640 1891 filii
1659 1862 1709 1891 Dei
1723 1862 1759 1892 ad

1012 1900 1113 1930 Christi
1130 1901 1264 1941 justitiam
1282 1902 1509 1941 comprobantur:
1531 1901 1555 1931 si
1579 1902 1650 1931 enim
1667 1908 1759 1942 potue-

1012 1940 1067 1969 rint-
1079 1941 1159 1980 pleno
1178 1941 1258 1970 corde
1267 1941 1380 1987 justitiae
1399 1942 1480 1972 verba
1494 1941 1639 1981 suscipere,
1655 1941 1758 1971 intelli—

1016 2100 1104 2136 bitur,
1114 2106 1141 2128 et
1156 2100 1230 2129 luna
1237 2111 1297 2128 non
1307 2101 1391 2129 dabit
1405 2099 1504 2129 lumen
1514 2110 1610 2136 suum,
1619 2106 1647 2129 et
1661 2100 1756 2129 stellae
1867 1819 1904 2784 Ι

977 2068 996 2091 n
1012 2066 1076 2098 post
1085 2060 1304 2090 tribulationem
1312 2061 1425 2090 dierum
1436 2061 1558 2090 illorum
1564 2061 1610 2090 sol
1620 2062 1757 2090 obscura-

1013 1987 1114 2019 guntur
1127 1991 1183 2010 esse
1199 1981 1223 2010 le
1242 1982 1310 2010 itim1
1322 1992 1330 2018 ;
1345 1981 1366 2010 si
1383 1987 1471 2011 autem
1485 1991 1537 2011 non
1552 1981 1697 2020 potuerint,
1710 1991 1757 2010 co-

1013 2027 1179 2059 gnoscuntur
1185 2020 1219 2050 de
1247 2021 1337 2050 iabolo
1345 2031 1401 2050 esse
1409 2022 1474 2050 nati.
1486 2022 1535 2051 29.
1546 2021 1652 2050 Statim
1661 2027 1758 2050 autem

1014 2140 1120 2168 cadent
1133 2139 1170 2168 de
1184 2140 1265 2169 caelo.
1279 2138 1474 2169 patrefamilias
1487 2139 1627 2176 moriente,
1641 2145 1695 2168 tota
1708 2138 1756 2168 do-

1013 2189 1075 2208 mus
1087 2178 1146 2218 ejus
1159 2179 1293 2215 turbatur,
1309 2179 1396 2208 omnis
1409 2178 1511 2208 familia
1524 2177 1637 2224 plangit,
1652 2185 1678 2208 et
1691 2189 1757 2208 con—

1014 2218 1102 2248 scissis
1125 2218 1222 2248 tunicis
1244 2218 1311 2255 suis,
1327 2218 1411 2258 nigris
1435 2229 1463 2248 se
1492 2225 1649 2258 cooperiunt
1664 2219 1757 2248 ‘vesti—

1014 2258 1111 2288 mentis
1129 2269 1137 2286 e
1153 2258 1191 2288 sic
1216 2265 1243 2287 et
1265 2258 1384 2287 humano
1411 2268 1521 2297 genere,
1548 2264 1658 2303 propter
1683 2258 1758 2297 quod

1014 2297 1118 2327 fuerant
1129 2298 1219 2327 omnia
1227 2305 1324 2333 creata,
1335 2297 1407 2327 circa
1415 2298 1519 2327 exitum
1526 2304 1679 2333 constituto,
1685 2304 1759 2327 totus

1014 2340 1185 2367 contristatur
1198 2337 1327 2374 mundus,
1343 2338 1468 2367 universa
1481 2337 1540 2367 caeli
1551 2337 1700 2366 ministeria
1713 2337 1758 2366 lu-

1014 2383 1087 2416 gent,
1101 2384 1128 2406 et
1140 2377 1255 2406 candore
1269 2377 1391 2417 deposito
1401 2399 1409 2413 ,
1424 2387 1473 2416 pro
1487 2377 1607 2407 vestibus
1626 2376 1757 2406 luctuosis

1014 2416 1131 2446 tenebris
1153 2417 1313 2446 vestientur.
1329 2418 1399 2446 Nam
1423 2417 1476 2446 Sol
1498 2417 1711 2452 obscurabitur,
1727 2422 1757 2445 et

1015 2456 1088 2485 luna
1102 2467 1160 2486 non
1174 2457 1257 2486 dabit
1272 2457 1372 2486 lumen
1384 2467 1469 2486 suum
1482 2469 1489 2484 :
1506 2463 1552 2485 aut
1583 2462 1674 2495 ropter
1687 2455 1757 2485 iudi-

1015 2506 1094 2534 gnam
1121 2496 1354 2536 persequutionem
1381 2503 1541 2525 sanctorum
1578 2495 1694 2532 olentes,
1709 2502 1757 2525 aut

1014 2546 1096 2574 super
1109 2536 1256 2576 impiorum
1279 2536 1392 2575 pessima
1407 2546 1488 2576 opera
1510 2534 1695 2574 indignantes,
1710 2542 1758 2564 aut

1013 2575 1184 2605 novissimam
1199 2577 1224 2604 in
1239 2576 1277 2605 eis
1291 2576 1342 2605 Dei
1356 2574 1522 2605 iracundiam
1535 2574 1756 2610 demonstrantes,

1015 2621 1043 2643 ut
1066 2615 1154 2645 adhue
1177 2615 1330 2647 viventibus
1355 2614 1446 2655 impiis
1469 2625 1550 2654 super
1572 2621 1680 2651 terram,
1699 2614 1756 2653 jam
