1890 2826
218 187 285 221 360

90 269 204 290 Aliuaar-
255 260 284 289 3.
312 259 366 290 Sed
386 259 510 297 dubitas,
527 259 662 299 quomodo
684 259 718 289 de
739 258 830 300 parvis
852 257 957 288 ossibus

63 305 201 329 ⁸¹¹¹¹¹²¹¹¹¹¹¹¹¹‘
213 312 285 335 totus
306 305 386 335 homo
401 306 505 336 restitui
518 305 623 345 possit?
636 306 740 335 Revera
757 311 790 334 tu
803 315 838 334 ex
851 303 958 334 modica

212 352 331 381 scintilla
349 351 418 391 ignis
438 352 573 391 ingentem
586 351 699 381 suscitas
715 350 868 389 flammam,
883 351 958 379 Deus

212 409 265 428 non
279 398 375 438 poterit
388 409 422 428 ex
435 397 540 428 modico
553 397 652 427 cineris
665 397 706 427 tui
724 397 852 427 fermento
870 403 957 426 totum

212 445 365 485 corpusculi
393 445 432 474 tui
458 445 640 484 redintegrate
666 442 863 484 conspersum?
887 443 958 472 Nam

212 492 261 521 etsi
272 491 364 521 dicas:
382 493 522 530 Nusquam
535 497 690 532 comparent
702 490 790 520 carnis
810 489 896 530 ipsius
913 499 956 518 re-

213 538 305 576 liquiae
316 549 324 575 ς
351 537 461 567 forsitan
482 538 554 567 enim
573 544 620 567 aut
633 537 695 577 igne
715 542 860 566 consumtae
879 541 958 569 sunt,

214 590 260 613 aut
280 594 295 612 a
316 583 409 613 bestiis
429 583 580 614 devorat-‘ez
595 583 647 612 hoc
664 581 783 622 primum
802 581 879 618 scito,
894 580 958 619 quia

212 629 347 668 quidquid
369 621 548 667 consumitur,
570 630 598 659 in
611 636 689 659 terrae
708 628 857 659 visceribus
874 628 959 658 conti—

212 683 301 713 netur,
318 677 390 706 unde
408 688 503 707 rursus
515 677 614 718 poterit
627 677 684 706 Deo
703 676 873 717 praecipiente
892 686 956 715 pro-

212 722 286 752 duci.
299 724 369 753 Nam
381 730 407 753 et
417 730 459 760 tu,
470 734 533 753 cum
545 733 599 753 non
612 729 738 763 appareat
751 722 832 762 ignis,
845 722 957 752 adhibes

212 769 350 809 lapillum,
365 776 392 799 et
405 769 541 799 modicum
554 769 629 805 ferri,
643 775 669 798 et
681 767 784 798 excutis
802 768 836 797 de
849 767 958 798 visceri-

211 815 263 844 bus
282 815 371 855 lapilli
391 822 521 854 quantum
538 825 607 855 opus
626 821 666 844 est
685 815 765 855 ignis.
790 813 872 851 Quod
894 823 958 853 ergo

213 872 261 901 per
283 869 358 891 tuam
379 861 540 892 industriam
560 869 586 891 et
608 861 777 902 sapientiam,
802 871 884 900 quam
906 860 958 889 tibi

213 909 286 937 Deus
297 909 356 947 ipse
368 908 509 945 concessit,
523 908 598 944 facis,
610 906 620 924 ¹
634 914 663 936 ut
674 906 807 947 producas
820 906 895 945 quod
904 916 957 935 non

213 961 333 993 apparet,
354 955 475 994 majestas
494 953 542 982 illa
562 953 656 983 divina
675 952 760 981 facere
781 962 829 981 sua
854 951 956 981 virtute

213 1010 265 1028 non
276 1000 384 1039 poterit,
395 1006 425 1029 ut
436 1010 496 1039 quae
507 998 614 1029 interim
626 1009 678 1027 non
688 997 814 1028 videntur
823 997 960 1027 excutiat?

213 1046 284 1075 Mihi
298 1046 388 1082 crede,
404 1053 490 1086 potest
500 1045 589 1076 omnia
603 1046 687 1075 Deus.

105 1099 205 1122 ctu-istus
254 1094 284 1122 4.
315 1094 372 1122 Hoc
400 1099 503 1122 tantum
522 1093 640 1131 require,
655 1098 747 1120 utrum
766 1090 920 1131 promiserit
933 1100 961 1120 se

64 1132 203 1183 22:232&
215 1139 301 1168 facere
314 1139 551 1168 resurrectionem:
569 1146 594 1168 et
613 1149 674 1168 cum
694 1137 853 1178 promissam
872 1143 960 1166 tanto-

65 1201 114 1214 nem
127 1178 204 1214 testifi—
216 1196 276 1214 rum
291 1184 418 1214 didiceris
432 1185 601 1221 testimoniis,
617 1185 671 1214 imo
683 1195 746 1213 cum
761 1184 846 1224 ipsius
857 1184 959 1215 Christi

65 1230 134 1245 ‘'lm‘'
216 1230 325 1260 Domini
338 1230 512 1260 certissimam
526 1230 624 1259 habeas
643 1230 803 1264 cautionem,
817 1230 958 1259 confirma-

216 1284 258 1306 tus
280 1276 345 1314 fide,
369 1283 482 1306 mortem
500 1276 592 1305 desine
609 1276 666 1315 jam
689 1275 793 1305 timere.
817 1276 872 1313 Qui
886 1276 958 1305 enim

215 1323 290 1353 timet
310 1323 410 1361 adhuc,
432 1322 578 1353 discredit:
602 1322 649 1362 qui
664 1321 803 1359 discredit,
818 1329 957 1363 peccatum

215 1369 348 1399 contrahit
361 1370 519 1405 insanabile,
532 1370 596 1408 quia
613 1379 662 1398 sua
676 1368 864 1399 incredulitate
877 1369 958 1398 audet

216 1418 304 1446 Deum
317 1423 364 1445 aut
383 1416 556 1455 impotentem
572 1422 619 1444 aut
636 1422 705 1444 certe
718 1425 868 1445 asseverare
880 1425 955 1444 men-

74 1473 131 1494 nem
153 1480 207 1501 apo·
216 1461 319 1492 dacem.
333 1461 388 1492 Sed
403 1472 455 1491 non
470 1461 506 1491 ita
518 1462 589 1491 beati
607 1460 733 1501 apostoli,
752 1471 803 1490 non
822 1461 858 1490 ita
874 1462 958 1491 sancti

64 1505 114 1556 ³¹⁰⁸
123 1505 207 1526 dms·
217 1515 348 1549 martyres
366 1509 490 1549 prohant.
515 1508 644 1548 Apostoli,
659 1514 769 1547 propter
781 1506 851 1537 hanc
860 1507 959 1547 praedi-

74 1542 132 1565 ’Μ’
217 1555 347 1584 cationem
375 1555 588 1591 resurrectionis,
616 1554 755 1584 Christum
782 1554 961 1584 resurrexisse

218 1601 373 1641 praedicant,
384 1601 450 1630 etin
463 1602 521 1640 ipso
540 1607 659 1629 mortuos
676 1599 842 1629 suscitandos
858 1610 960 1629 annun-

217 1648 295 1684 tiant,
315 1658 363 1677 nec
382 1654 494 1676 mortem
507 1657 556 1676 nec
567 1653 696 1676 tormenta
709 1653 900 1676 recusaverunt
913 1657 961 1677 nec

217 1704 319 1723 cruces.
331 1693 361 1723 Si
378 1704 441 1733 ergo
463 1695 490 1722 in
507 1703 553 1722 ore
569 1692 688 1722 duorum
698 1692 742 1721 vel
760 1692 842 1721 trium
853 1692 961 1722 testium

215 1747 268 1769 stat
288 1750 365 1769 omne
377 1740 515 1769 verbum:
536 1738 695 1768 resurrectio
715 1745 895 1775 mortuorum,
916 1739 961 1768 cui

216 1794 255 1816 tot
276 1794 303 1817 et
323 1794 376 1816 tam
394 1786 485 1816 idonei
499 1793 578 1816 testes
592 1786 734 1822 exsistunt,
754 1785 872 1814 cuicum
890 1786 961 1815 effu-

216 1833 290 1862 sione
316 1832 455 1872 sanguinis
483 1831 666 1861 testimonium
692 1831 786 1860 dicunt
796 1854 804 1867 ,
826 1831 962 1869 quomodo

217 1886 302 1918 potest
320 1879 348 1907 in
375 1879 491 1908 dubium
513 1877 654 1907 revocari?
674 1876 749 1914 Quid
767 1885 856 1907 autem
879 1877 962 1907 sancti

218 1924 368 1964 martyres?
380 1924 536 1953 habuerunt
550 1929 649 1952 certam
662 1933 737 1962 spem
750 1924 961 1960 resurrectionis,

217 1970 326 1999 annon?
337 1970 367 1999 Si
380 1980 431 1999 non
448 1969 615 2005 habuissent,
632 1978 684 1996 non
700 1968 795 2007 utique
812 1980 861 2009 per
877 1977 962 1999 tantos

217 2016 350 2045 cruciatus
371 2022 398 2045 et
421 2026 512 2056 poenas
542 2021 656 2043 mortem
677 2026 726 2055 pro
746 2015 822 2045 lucro
844 2017 963 2047 maximo

217 2063 409 2103 suscepissent:
423 2072 476 2091 non
496 2061 648 2101 cogitabam
662 2062 794 2102 supplicia
809 2064 960 2102 praesentia,

65 2129 85 2143 η,
105 2122 156 2144 Cor.
169 2124 192 2152 4,
216 2109 263 2138 sed
289 2108 399 2149 praemia
424 2115 581 2147 sequutura.
601 2107 726 2137 Sciebant
751 2108 865 2146 dictum,
891 2111 962 2149 Quae

69 2153 104 2175 ¹⁸·
215 2156 366 2192 videntur,
387 2155 429 2184 ad
449 2161 559 2193 tempus
576 2160 666 2188 sunt;
691 2164 756 2193 quoe
782 2161 879 2184 autem
901 2166 961 2184 non

215 2202 367 2237 videntur,
382 2207 491 2230 aeterna
505 2206 582 2229 sunt.
598 2198 708 2235 Audite,
730 2200 834 2237 fratres,
851 2201 960 2231 virtutis

215 2247 380 2287 exemplum.
393 2247 482 2276 Mater
490 2253 591 2285 septem
607 2245 677 2274 filios
691 2245 859 2282 hortabatur,
872 2254 895 2276 et
908 2257 960 2276 non

62 2299 207 2322 Machnbaeo-
216 2293 336 2333 lugebat,
351 2293 398 2323 sed
411 2293 502 2333 potius
512 2292 653 2322 laetabatur
665 2305 672 2321 ι
694 2291 804 2322 videbat
815 2292 885 2322 filios
896 2305 960 2324 suos

63 2339 112 2352 ¹¹¹''¹
122 2337 203 2354 ''me'‘
216 2340 325 2380 ungulis
344 2339 415 2376 radi,
438 2339 509 2368 ferro
530 2338 647 2374 concidi,
667 2338 801 2377 sartagine
820 2340 920 2379 assari;
934 2348 961 2370 et

215 2397 267 2415 non
290 2386 421 2426 lacrymas
444 2384 590 2422 fundebat,
614 2395 667 2414 non
689 2384 809 2414 ululatus
830 2385 957 2424 tollebat,

213 2432 259 2461 sed
288 2432 403 2462 sollicite
430 2431 466 2460 ad
496 2431 664 2460 tolerantiam
687 2430 759 2460 filios
789 2430 957 2461 hortabatur.

213 2480 271 2508 Non
291 2478 361 2507 enim
383 2484 438 2507 erat
463 2477 510 2507 illa
531 2476 649 2506 crudelis
662 2477 766 2516 utique,
783 2477 831 2506 sed
846 2477 955 2507 fidelis:

550 198 580 220 S.
608 197 742 221 JOANMS

238 2572 253 2591 1'
271 2571 343 2602 nme,
358 2576 383 2594 ut
400 2570 527 2604 producas
538 2569 608 2604 quod
623 2578 674 2594 non
692 2574 807 2603 apparet,
823 2574 848 2593 et
865 2577 937 2600 mox,
948 2574 974 2593 ut

210 2618 267 2643 quw
279 2611 374 2634 [atesim
387 2619 437 2634 non
452 2610 567 2634 uidentur
581 2609 694 2633 excutiat
702 2626 709 2640 ,
721 2606 810 2632 desunt
820 2608 845 2632 in
857 2608 902 2634 Ms.

768 196 936 220 CHRYSOST
942 210 950 219 .
980 195 1133 219 ARCHIEP.
1161 196 1411 220 CONSTANTINOP
1417 211 1424 219 .

1011 257 1116 287 amabat
1128 257 1211 295 filios,
1224 268 1278 288 non
1291 258 1415 295 delicate,
1430 256 1478 288 sed
1489 257 1603 288 fortiter.
1622 257 1754 288 Hortaba-

1011 310 1057 333 tur
1073 303 1145 334 filios
1158 303 1193 333 ad
1209 305 1372 344 passionem,
1388 315 1468 344 quam
1483 304 1602 344 gaudens
1615 304 1672 345 ipsa
1687 314 1755 343 quo·-

1012 360 1064 388 que
1077 350 1205 390 suscepit.
1214 351 1282 380 Erat
1289 350 1360 380 enim
1370 350 1405 380 de
1416 361 1466 380 sua
1477 357 1502 380 et
1514 361 1627 380 suorum
1635 350 1755 380 filiorum

1012 396 1207 426 resurrectione
1227 407 1331 427 secura.
1349 401 1363 419 Ι
1376 396 1452 435 Quid
1466 397 1563 437 loquar
1578 397 1662 435 viros,
1687 396 1754 436 quid

1011 442 1134 479 seminas,
1156 442 1224 482 quid
1243 454 1353 483 pueros,
1380 442 1447 482 quid
1468 443 1594 484 puellas?
1621 442 1756 482 quomodo

1012 487 1064 517 sibi
1080 487 1115 517 de
1131 488 1182 518 ista
1195 496 1279 518 morte
1292 489 1425 526 luserunt,
1440 488 1576 529 quomodo
1589 499 1693 518 summa
1711 499 1755 518 ce·

1012 534 1115 564 leritate
1133 534 1168 564 ad
1189 535 1320 565 caelestem
1340 536 1465 566 militiam
1479 535 1664 565 transierunt?
1678 536 1756 565 Pote-

1011 587 1071 609 rant
1085 581 1178 619 utique
1196 580 1232 610 ad
1245 592 1361 621 praesens
1373 582 1465 612 vivere
1483 583 1506 612 si
1519 582 1678 620 voluissent,
1693 581 1757 620 quia

1011 625 1039 654 in
1052 625 1119 665 ipsis
1130 633 1186 655 erat
1198 627 1326 666 positum,
1338 627 1477 658 Christum
1489 627 1610 668 negando
1621 627 1755 664 viverent,

1011 678 1057 701 aut
1079 672 1230 702 confitendo
1247 680 1432 703 morerentur:
1453 673 1502 704 sed
1518 673 1604 714 magis
1620 673 1757 713 elegerunt

1010 717 1094 747 vitam
1108 718 1239 760 projicere
1255 725 1463 759 temporaneam,
1478 727 1505 750 et
1521 720 1605 751 vitam
1623 729 1757 749 assumere

1011 764 1216 805 sempiternam,
1235 765 1345 796 excludi
1359 766 1393 796 de
1411 773 1481 797 terra
1492 789 1500 804 ,
1521 773 1548 796 et
1569 766 1686 796 incolere
1705 775 1758 795 cae-

1010 811 1079 841 lum.

1050 857 1079 887 5.
1102 859 1174 887 Inter
1190 858 1258 896 haec,
1272 860 1377 897 fratres,
1393 858 1455 898 quis
1468 858 1646 888 dubitationis
1666 865 1707 888 est
1716 858 1757 887 lo-
1802 863 1890 887 Formid

1009 906 1077 933 cus?
1087 904 1135 933 ubi
1156 911 1243 944 potest
1259 905 1349 935 adhuc
1371 905 1466 934 mortis
1483 904 1599 934 residere
1619 904 1756 934 formido?
1766 897 1865 949 Ξζὲῗζω,
1871 904 1890 917 ‘¹

1010 949 1040 979 Si
1056 957 1205 990 martyrum
1216 961 1310 981 sumus
1328 951 1394 987 filii,
1408 951 1431 981 si
1444 962 1538 981 eorum
1551 950 1616 980 socii
1629 951 1758 981 volumus
1867 942 1873 948 ²

1011 996 1138 1033 inveniri,
1153 1007 1206 1026 non
1225 998 1414 1027 contristemur
1433 1004 1529 1034 morte,
1541 1007 1596 1027 non
1616 997 1758 1037 lugeamus

1013 1053 1099 1080 caros,
1110 1043 1158 1081 qui
1173 1053 1222 1072 nos
1244 1043 1399 1084 praecedunt
1411 1043 1447 1073 ad
1465 1043 1624 1074 Dominum.
1644 1045 1715 1073 Nam
1734 1042 1758 1073 si

1012 1087 1138 1128 plangere
1146 1089 1323 1127 voluerimus,
1336 1089 1390 1130 ipsi
1408 1089 1486 1119 nobis
1507 1089 1675 1119 insultabunt
1686 1089 1757 1120 beati
1767 1097 1804 1116 δοῦ

1016 1141 1157 1174 martyres,
1169 1143 1196 1165 et
1208 1135 1298 1165 dicent
1311 1148 1318 1165 ε
1332 1136 1358 1166 Ο
1371 1135 1480 1165 fideles!
1493 1146 1510 1165 o
1521 1146 1634 1176 regnum
1647 1136 1699 1166 Dei
1709 1147 1758 1166 cu-

1010 1179 1113 1219 pientes
1123 1180 1130 1210 !
1142 1192 1191 1211 vos
1202 1182 1251 1221 qui
1267 1193 1344 1212 caros
1362 1189 1467 1212 vestros
1482 1182 1595 1213 delicate
1613 1183 1757 1214 morientes

1008 1225 1036 1254 in
1046 1226 1121 1256 lectis
1133 1228 1226 1267 utique
1236 1235 1261 1257 et
1270 1228 1381 1268 plumis,
1394 1239 1457 1258 cum
1467 1228 1717 1269 moerore'plangitis
1727 1236 1755 1259 et

1010 1272 1119 1312 lugetis,
1133 1273 1155 1303 si
1167 1284 1212 1304 eos
1223 1286 1237 1303 a
1253 1275 1397 1315 gentilibus
1417 1283 1526 1316 propter
1537 1286 1634 1306 nomen
1648 1276 1758 1306 Domini

1009 1319 1123 1348 cruciari
1143 1327 1169 1349 et
1190 1321 1302 1350 interfici
1322 1321 1465 1359 videretis,
1480 1321 1549 1361 quid
1570 1323 1669 1352 facturi
1685 1333 1757 1353 ωδε-

1008 1363 1059 1393 tis?
1074 1366 1128 1394 Aut
1138 1376 1191 1395 non
1200 1367 1281 1396 vvobis
1292 1367 1425 1407 praecessit
1434 1367 1607 1407 exemplum?
1619 1369 1757 1399 Abraham
1771 1382 1829 1404 oen.
1846 1387 1885 1407 ῃ,

1008 1411 1160 1450 patriarcha
1170 1412 1259 1441 filium
1272 1413 1381 1442 unicum
1394 1413 1508 1442 offerens
1518 1413 1693 1451 sacrificium,
1703 1415 1807 1454 gloz-¹¹⁰·

1006 1456 1053 1486 dio
1075 1457 1233 1487 obedientiae
1251 1459 1390 1499 jugulavit
1403 1469 1410 1486 ι
1424 1462 1495 1489 'nec
1515 1459 1550 1495 ei,
1572 1470 1654 1498 quem
1685 1466 1759 1490 tante

1011 1513 1101 1532 amore
1114 1503 1222 1541 dilexit,
1237 1505 1367 1545 pepercit,
1380 1511 1411 1534 ut
1423 1505 1541 1535 Domino
1556 1505 1683 1535 obediens
1696 1516 1760 1546 pro-

1012 1550 1200 1581 baretur..Sed
1213 1551 1244 1581 si
1262 1551 1370 1587 dicatis,
1385 1551 1466 1580 illum
1478 1558 1589 1592 propter
1597 1552 1648 1582 Dei
1658 1551 1710 1582 hoc
1720 1553 1759 1582 se—

1014 1598 1081 1626 cisse
1103 1604 1267 1638 praeceptum
1282 1610 1288 1627 :
1305 1605 1332 1627 et
1347 1608 1395 1628 vos
1413 1597 1518 1627 habetis
1542 1605 1718 1639 praeceptum,
1730 1606 1761 1629 ut

1015 1654 1067 1672 non
1086 1644 1175 1673 tristes
1192 1644 1251 1673 sitis
1270 1643 1304 1673 de
1326 1643 1533 1674 dormientibus.
1554 1645 1609 1682 Qui
1631 1655 1696 1685 ergo
1714 1646 1762 1675 mi-

1015 1691 1085 1719 nima
1099 1700 1151 1719 non
1171 1697 1290 1727 servant,
1301 1690 1402 1730 majora
1416 1690 1524 1729 quando
1536 1692 1703 1722 servabunt?
1719 1694 1760 1722 An

1013 1736 1131 1771 nescitis,
1144 1736 1208 1776 quia
1225 1736 1332 1766 animus
1349 1735 1435 1776 quiin
1447 1736 1548 1766 talibus
1561 1738 1706 1778 frangitur,
1723 1738 1759 1768 ad

1013 1785 1125 1815 fortiora
1146 1785 1278 1825 reprobus
1298 1785 1453 1814 invenitur?
1463 1785 1533 1822 Quis
1547 1785 1644 1815 timens
1654 1786 1758 1823 rivum,

1014 1842 1087 1860 mare
1110 1830 1256 1870 aliquando
1279 1830 1450 1871 ingreditur?
1463 1831 1509 1861 Sic
1526 1831 1574 1871 qui
1588 1832 1694 1872 plangit
1704 1832 1760 1862 im-

1014 1877 1145 1916 patienter
1165 1876 1304 1913 amissum,
1328 1876 1436 1915 quando
1455 1878 1554 1918 poterit
1578 1878 1614 1907 ad
1637 1878 1761 1919 martyrii

1014 1922 1154 1962 pervenire
1174 1921 1328 1961 certamen?
1341 1923 1410 1951 Nam
1430 1923 1477 1962 qui
1493 1922 1521 1951 in
1543 1923 1587 1952 his
1601 1930 1723 1953 constans
1735 1931 1761 1954 et

1015 1968 1200 2008 magnanimus
1212 1968 1326 2004 exsistit,
1336 1967 1394 2007 jam
1407 1968 1461 1998 sibi
1481 1968 1595 2008 gradum
1602 1969 1644 1999 ad
1655 1970 1760 2010 potiora
1877 1967 1890 1994 ¹!

1014 2014 1172 2044 substernit.
1465 2028 1469 2029 ⁷

1053 2061 1085 2090 6.
1107 2061 1247 2091 Sufficiant
1270 2061 1337 2097 haec,
1348 2061 1453 2097 fratres,
1468 2061 1504 2091 ad
1525 2061 1620 2091 mortis
1641 2068 1759 2091 contem-

1012 2113 1083 2144 tum,
1098 2114 1124 2136 et
1137 2107 1172 2136 ad
1185 2107 1242 2147 spei
1263 2107 1360 2136 futurae
1381 2107 1621 2137 confirmationem.
1631 2109 1759 2148 Superest

1014 2160 1044 2182 ut
1057 2163 1142 2182 unum
1154 2152 1190 2182 de
1201 2153 1340 2183 veteribus
1353 2153 1510 2193 exemplum
1522 2154 1668 2194 proferam,
1683 2155 1758 2193 quod

1013 2208 1119 2227 omnem
1127 2199 1335 2228 consolationem
1345 2198 1432 2235 faciat,
1442 2206 1468 2228 et
1481 2200 1555 2238 quod
1566 2201 1644 2230 etiam
1657 2201 1758 2241 patien—

1013 2245 1085 2274 tibus
1103 2245 1193 2275 cordis
1218 2245 1330 2274 auribus
1348 2245 1410 2274 volo
1434 2256 1526 2275 omnes
1546 2246 1655 2276 audire.
1668 2247 1759 2276 David
1768 2271 1791 2286 2·
1802 2263 1860 2292 Reg.
1871 2253 1890 2289 ς’,

1013 2305 1060 2323 rex
1075 2302 1187 2332 magnus
1206 2291 1295 2320 filium
1308 2291 1449 2329 dilectum,
1465 2303 1546 2331 quem
1558 2293 1627 2322 sicut
1640 2293 1759 2323 animam
1773 2294 1863 2324 ¹6⁴⁴!sp

1012 2339 1150 2380 propriam
1164 2337 1306 2377 diligebat,
1319 2337 1476 2367 infirmitate
1491 2349 1659 2378 percussum,
1673 2339 1759 2380 impa—

1013 2384 1168 2415 tientissime
1185 2383 1286 2412 ferebat
1302 2396 1308 2412 ε
1325 2390 1351 2412 et
1374 2394 1438 2413 cum
1449 2383 1566 2413 humana
1577 2385 1634 2424 jam
1655 2386 1759 2415 auxilia

1793 2074 1871 2103 Effugi

1821 2105 1852 2126 Da
1868 2105 1875 2111 ⁶

1767 2136 1870 2165 exemplu

1871 2334 1885 2342 a

1014 2432 1082 2461 nihil
1096 2430 1264 2472 prodessent,
1276 2430 1395 2470 seipsum
1411 2430 1543 2460 convertit
1552 2430 1587 2460 ad
1599 2432 1759 2467 Dominum,

1012 2478 1131 2518 deposita
1152 2477 1235 2517 regali
1250 2477 1347 2517 gloria,
1363 2476 1432 2506 sedit
1445 2477 1473 2506 in
1486 2484 1568 2514 terra,
1580 2479 1665 2518 jacuit
1684 2480 1712 2509 in
1725 2480 1761 2509 ci-

1031 2577 1041 2593 s
1058 2569 1106 2593 Ms.
1120 2568 1184 2601 quisi
1195 2568 1287 2602 loquar
1294 2577 1391 2602 puems.

1031 2616 1041 2627 ²
1059 2608 1105 2633 Ms.
1120 2616 1165 2636 nec
1178 2612 1249 2632 tanto
1261 2616 1331 2632 amor
1341 2610 1459 2641 pepercit.
