1890 2826
76 344 131 365 Gen.
144 350 181 364 22.
192 348 211 364 ι.

76 782 138 817 lpid.
157 790 178 804 v.
191 789 213 804 2.

223 151 294 187 658

222 224 274 253 soli
287 222 497 262 credimus,qui
518 228 608 263 patres
620 232 674 252 non
695 222 809 259 fuimus,
840 221 868 252 ui
900 221 965 252 rolis

223 271 340 292 amorem
361 273 375 291 a
395 268 490 292 natura
509 261 739 296 nondidjcimus.
755 231 871 292 Accedat
903 262 964 302 ujus

221 302 287 331 dicti
297 303 371 332 testis
383 301 476 331 divina
490 302 640 342 Scriptura,
648 302 726 340 quasi
735 312 822 342 praeco
830 302 963 338 excelsus,

222 342 377 381 religiosum
393 341 465 371 beati
482 341 603 370 animum
623 341 784 370 exclamans.
800 342 873 370 Post
887 342 964 377 hoec,

222 381 320 421 inquit,
333 383 456 411 tentavit
470 382 551 411 Deus
563 381 727 410 Abraham.
737 381 863 410 Tentavit
875 388 966 410 autem

222 431 276 450 non
290 428 319 450 ut
332 432 379 461 per
391 421 561 450 tentationem
577 420 707 450 edisceret
725 419 753 450 id
770 420 845 459 quod
858 420 965 460 ignora-

222 468 274 498 ret,
289 468 352 490 teste
368 471 432 489 usus
442 460 615 500 obsequentia
627 459 662 489 ad
675 460 795 489 animum
806 460 860 490 viri
871 460 965 500 explo-
981 465 999 488 Ε

223 501 337 530 randum
348 512 354 528 ε
365 499 435 530 nihil
451 500 523 530 enim
537 510 663 539 umquam
678 499 813 539 ignoravit
823 501 906 535 Deus,
918 499 965 529 sed

222 539 280 580 ipse
293 540 345 570 sihi
356 539 456 570 sufficit
465 547 496 569 ut
505 550 554 580 per
561 540 603 569 sui
613 539 865 580 contemplationem
875 539 964 568 omnia

222 586 363 619 cognoscat
376 592 382 608 ε
396 578 444 608 sed
457 586 487 608 ut
506 590 568 608 eum
590 590 671 618 quem
692 579 763 608 clare
784 579 965 619 praenoscebat

241 629 270 648 er
277 619 448 648 tentationem
456 619 603 649 ediscerent
613 618 744 655 homines,
753 618 928 659 praeclarumq
933 629 965 648 ue

221 629 352 688 {aberent
363 659 399 688 ad
417 658 592 689 imitationem
603 658 709 699 pietatis
722 658 869 698 exemplar.
887 659 965 696 Quae-

222 708 283 727 nam
289 708 370 738 porro
377 699 432 728 sint
438 698 590 728 tentationis
599 698 691 735 verba,
702 708 750 736 age
759 697 964 728 consideremus.

222 737 380 767 Abraham
390 761 397 774 ,
411 738 513 778 inquit,
527 737 694 767 Abraham.
710 738 761 767 Ille
773 737 877 776 inquit,
888 738 966 766 Ecce

223 787 289 816 ego,
305 778 362 807 Ait
377 779 444 807 illi.-
461 777 573 817 Accipe
584 778 688 818 filium
711 783 793 806 tuum
813 777 965 814 dilectum,

224 827 309 856 quem
332 818 448 858 diligis,
462 819 565 852 Isaac,
581 824 609 846 et
630 817 709 846 vade
730 818 764 845 in
788 823 895 845 terram
918 827 967 845 ex-

224 857 383 894 celsam,et
401 858 482 899 offer
499 857 572 886 mihi
591 856 678 886 illum
698 858 730 885 in
751 855 964 895 holocaustum.

224 898 248 926 O
261 904 392 935 quantum
410 892 483 927 Deus
501 907 549 937 per
563 896 620 926 haec
636 896 720 926 verba
738 894 802 924 fidei
815 895 967 936 progenito-

225 936 263 965 riS
275 937 337 966 fecit
350 936 582 976 experimentum?
594 936 665 966 Satis
676 942 733 965 erat
745 934 856 972 dixisse,
868 935 968 975 Accipe

223 976 315 1012 Isaac,
330 984 356 1006 et
378 977 444 1006 offer
466 976 533 1005 mihi
554 975 634 1005 illum
655 975 682 1005 in
703 974 901 1011 holocaustum,
915 984 967 1004 non

225 1023 370 1045 memorato
384 1016 442 1046 filio
452 1038 460 1052 ,
476 1026 523 1045 nec
539 1026 589 1055 per
607 1014 699 1044 dilecti
722 1014 880 1044 memoriam
897 1024 970 1044 com-

226 1055 305 1100 motis
328 1056 445 1096 paternis
463 1055 623 1100 visceribus.
646 1056 750 1085 Verum
769 1054 832 1099 quia
854 1054 888 1083 iis
899 1077 908 1091 ,
922 1054 968 1092 qui
976 1074 1012 1093 5⁶2
1023 1059 1113 1085 κακῶν
1132 1057 1259 1098 αἰφνίδιος
1277 1059 1345 1100 φορὰ
1359 1062 1394 1099 βα
1428 1058 1506 1099 τέραν
1529 1060 1564 1088 ἐπ
1599 1071 1622 1088 ει
1640 1058 1690 1094 τὴν
1704 1059 1791 1097 ἀλγη-

226 1094 304 1123 bonis
318 1096 445 1132 affluunt,
457 1102 611 1135 repentinus
624 1095 757 1124 malorum
771 1104 895 1124 incursus
908 1104 968 1133 gra·
985 1102 1006 1125 Δ
1023 1095 1095 1132 δόνα,
1109 1096 1152 1126 διὰ
1165 1098 1242 1127 τοῦτό
1254 1110 1330 1139 φησι,
1339 1071 1426 1129 Αιίὸῗυ
1446 1099 1454 1109 “

228 1134 331 1163 viorem
350 1135 421 1174 parit
438 1134 578 1171 dolorem,
593 1133 653 1163 ideo
676 1134 734 1171 ait,
750 1135 858 1174 Accipe
870 1133 970 1173 filium

229 1179 322 1209 tuum,
345 1180 372 1203 et
390 1173 481 1210 addit,
499 1174 664 1210 Dilectum,
681 1184 712 1202 ac
733 1184 860 1210 rursum,
880 1173 971 1211 Quem

229 1213 347 1252 diligis,
362 1220 391 1242 ut
403 1213 476 1242 hisce
489 1213 567 1242 bonis
585 1212 810 1252 appellationibus
821 1234 829 1249 ,
844 1212 873 1241 in
887 1213 971 1241 bona-

230 1263 292 1280 rum
312 1252 519 1292 promissionum
539 1262 614 1292 spem
635 1263 724 1281 senem
742 1251 826 1291 prolis
839 1258 970 1280 amantem

228 1292 361 1331 erigeret,
374 1291 538 1330 inductoque
559 1291 698 1322 confertim
720 1291 772 1320 filii
794 1290 970 1320 interficiendi

230 1337 380 1371 praecepto,
390 1331 472 1370 jussis
486 1331 541 1360 illis
556 1331 742 1370 inexspectatis
756 1330 860 1360 viscera
877 1339 970 1366 paren-

231 1371 266 1399 tis
282 1371 390 1410 gravius
403 1370 566 1405 confoderet,
580 1380 633 1398 non
645 1369 719 1408 quod
727 1369 832 1409 justum
843 1368 907 1398 odio
917 1369 970 1398 ba-

230 1410 316 1446 beret,
326 1410 373 1439 sed
389 1410 463 1449 quod
475 1410 533 1450 ejus
554 1409 635 1438 fidem
649 1409 748 1438 clarius
767 1408 867 1437 mundo
880 1414 970 1437 notam

230 1449 301 1479 effici
311 1456 424 1489 optaret.
437 1450 530 1488 Itaque
540 1449 699 1489 priusquam
717 1448 829 1483 diceret,
839 1447 926 1492 Offer
936 1447 972 1476 il-

231 1490 292 1522 lum
308 1491 340 1518 in
353 1489 565 1526 holocaustum,
576 1498 608 1517 ex
622 1487 716 1528 primis
729 1487 819 1518 verbis
832 1482 888 1516 ilhs
900 1487 970 1515 bona

231 1529 485 1569 praenuntiantibus,
499 1528 584 1557 multa
598 1528 684 1557 fausta
701 1533 778 1557 curat
790 1538 805 1556 a
815 1526 889 1566 justo
910 1525 970 1555 viro

231 1568 354 1608 cogitari.
369 1569 409 1598 Ut
427 1567 533 1598 audivit
548 1567 619 1597 enim
635 1568 722 1597 Deum
737 1577 765 1596 se
777 1573 926 1601 vocantem,
940 1575 971 1594 ac

232 1607 376 1644 dicentem,
384 1608 552 1644 Abraham,
566 1606 734 1643 Abraham,
750 1605 839 1636 statim
851 1605 896 1635 vir
907 1604 971 1634 reli-

232 1648 322 1686 giosus
332 1647 366 1676 de
376 1648 555 1688 appellatione
566 1647 613 1675 illa
628 1646 736 1685 gavisus
748 1652 799 1683 est,
813 1646 841 1674 iu
853 1644 973 1674 laetitiam

231 1688 332 1717 effusus
349 1694 388 1716 cst
401 1687 435 1716 ad
450 1687 526 1716 illam
538 1697 647 1723 vocem,
661 1686 718 1715 haec
731 1696 822 1715 secum
834 1691 972 1724 reputans,

234 1735 262 1757 ut
298 1738 328 1756 ar
338 1733 393 1756 erat
409 1740 416 1756 :
433 1729 474 1756 An
498 1737 540 1756 me
563 1736 671 1755 rursum
692 1726 765 1755 Deus
786 1724 906 1754 mirabili
924 1723 973 1752 illo

232 1767 275 1796 col
288 1767 368 1805 oquio
380 1767 493 1806 dignum
506 1766 614 1795 censet?
626 1775 659 1794 an
674 1775 716 1793 me
726 1764 787 1795 vult
797 1764 895 1794 iterum
904 1763 973 1793 ‹livi-
989 1769 1006 1792 B

233 1807 275 1837 nis
295 1806 385 1836 verbis
402 1805 586 1836 sanctificare?
600 1815 634 1834 an
655 1815 764 1834 rursum
782 1804 924 1833 transferre
945 1803 973 1833 in

233 1847 372 1876 meliorem
391 1845 545 1885 regionem?
566 1855 600 1873 an
622 1843 707 1873 malos
730 1844 894 1874 Chananaeos
914 1842 974 1872 vult

232 1886 356 1926 perdere,
371 1893 401 1914 ut
414 1885 577 1920 Sodomitas,
589 1890 615 1913 et
631 1894 740 1912 servum
753 1894 844 1920 suum,
860 1890 890 1912 ut
902 1882 973 1911 circa

233 1926 378 1955 Sodomam
402 1925 530 1964 contigit,
544 1934 597 1952 non
617 1923 677 1952 vult
691 1923 813 1962 ignorare
835 1923 973 1952 decretum

237 1965 331 1994 'udicii
344 1964 407 1993 suii’
426 1975 461 1994 an
479 1963 547 1993 mihi
568 1962 677 1992 secundi
697 1969 756 2003 post
778 1964 900 1992 Isaacum
920 1962 972 1992 filii

230 1977 326 2033 -laetum
337 2004 463 2033 nuntium
473 2009 545 2043 optat
556 2003 660 2038 afferre,
673 2002 789 2032 duorum
802 2002 888 2032 oculis
901 2002 973 2032 filio-

233 2054 295 2073 rum
306 2050 466 2073 senectutem
483 2052 569 2071 meam
582 2042 642 2071 luce
655 2042 796 2083 conspicua
809 2041 909 2072 donare
921 2052 972 2071 vo-

230 2083 310 2113 lens?
321 2083 360 2112 Ut
372 2090 462 2111 autem
477 2081 596 2117 audivit,
609 2081 720 2120 Accipe
729 2104 736 2117 ,
751 2081 909 2120 priusquam
922 2092 973 2110 au-

235 2123 307 2153 diret
318 2145 326 2157 ‚
338 2122 450 2152 Filium
460 2144 468 2157 ‚
482 2122 614 2161 cogitabat
629 2122 715 2150 Deum
728 2131 755 2150 se
768 2121 973 2159 alloquuturum

229 2173 293 2192 -csse
307 2161 342 2191 de
355 2161 493 2191 sacrificiis
502 2183 510 2198 ‚
526 2161 672 2200 petiturum
683 2161 718 2189 ab
731 2171 759 2189 se
773 2170 822 2200 pro
839 2160 902 2190 dato
915 2161 973 2189 filio

235 2201 451 2231 benedictionum
470 2201 610 2230 honorem.
626 2200 665 2230 Ut
682 2200 787 2229 audivit
806 2206 912 2236 autem,
927 2201 974 2230 Fi-

236 2242 310 2270 lium
322 2246 414 2277 tuum,
428 2240 534 2270 interim
548 2239 582 2270 de
595 2239 706 2270 Ismae'le
719 2238 861 2279 cogitabat,
898 2247 974 2269 utans

234 2281 351 2310 solutam
368 2291 425 2310 esse
443 2280 515 2310 Sarae
535 2280 710 2320 zelotypiam,
729 2279 841 2316 ideoque
864 2279 873 2307 i
888 2280 944 2308 lum
959 2290 974 2308 a

234 2320 352 2360 benigno
376 2322 433 2349 Deo
457 2320 484 2349 in
505 2326 640 2359 paternam
662 2319 773 2348 domum
792 2317 973 2347 reducendum

234 2371 301 2390 csse.
317 2361 387 2390 Cum
399 2366 488 2389 autem
501 2359 572 2388 clare
582 2358 709 2395 audisset,
722 2359 879 2394 Dilectum,
891 2368 976 2397 quem

235 2396 348 2440 diligis,
362 2402 460 2434 Isaac,
473 2399 561 2429 statim
574 2399 698 2428 efferbuit
715 2397 807 2434 eorde,
822 2397 925 2426 laetatus
938 2404 977 2426 est

236 2439 337 2475 animo,
353 2438 507 2468 existimans
529 2449 557 2468 se
577 2438 611 2467 de
633 2438 684 2467 filii
704 2437 861 2478 sponsalitio
877 2447 975 2476 praece-
991 2454 1009 2477 C

236 2485 314 2518 ptum
328 2489 342 2507 a
356 2480 414 2508 Deo
427 2485 599 2518 accepturum
612 2488 679 2515 esse,
691 2485 812 2514 curante,
829 2483 857 2506 ut
870 2476 904 2505 ad
918 2486 976 2515 pro

238 2518 404 2556 pagationem
418 2518 521 2558 generis
541 2517 654 2547 fecunda
667 2528 738 2547 uxor
748 2517 842 2557 juveni
855 2516 974 2545 daretur.

237 2562 330 2601 Ipsum
352 2569 441 2592 autem
459 2563 532 2591 Deus
549 2569 642 2592 evocat
666 2561 700 2591 ad
718 2568 814 2591 lerrfflm
832 2560 974 2590 excelsam.

945 161 1075 186 SPUMA.

1019 222 1105 261 μένων
1123 223 1223 272 μάρτυς
1237 224 1282 253 καὶ
1295 224 1352 254 θεία
1368 224 1477 265 Γραφὴ,
1489 224 1608 265 καθάπερ
1626 224 1709 265 κήρυξ
1723 225 1792 265 ὑψη-

1018 262 1076 298 λὸς,
1098 262 1220 312 ἐκὸρωσα
1240 267 1285 293 τοῦ
1309 264 1439 304 μακαρίου
1460 264 1508 301 τὴν
1532 264 1791 315 ιριλόθεον’γνώμην.

1019 302 1098 331 Μετὰ
1110 315 1205 339 ταυτα,
1222 304 1312 343 φησὶν,
1327 303 1461 355 ἐπείραζεν
1474 306 1489 334 ὁ
1502 305 1570 337 Θεος
1590 304 1635 333 τὸν
1664 303 1792 343 Αθρααμ.

992 367 998 375 ,
1019 341 1161 392 Ἐπείραζε
1175 343 1213 379 δὲ,
1227 344 1278 384 οὐχ
1294 344 1338 373 ἵνα
1351 346 1422 383 μαθη
1435 343 1479 373 διὰ
1492 343 1586 393 πείρας
1598 343 1629 373 τὸ
1647 343 1794 383 ἀγνοούμε-

1019 392 1073 416 νον,
1088 393 1204 422 μαρτυσι
1224 385 1272 419 τῆς
1289 383 1398 423 γνώμης
1412 387 1458 413 τοῦ
1478 384 1525 414 ἀνδ
1543 395 1570 417 ος
1588 388 1643 417 τοῖς
1663 383 1792 413 ἀποτελέ-

1019 431 1104 459 σμασι
1117 422 1262 462 χρώμενος·
1276 423 1392 463 ἠγνόησε
1407 423 1459 464 γὰρ
1477 395 1551 455 οὖδέν
1563 423 1668 453 οὐδέπω
1680 425 1695 452 ὁ
1707 422 1792 458 Θεὸς,

1020 461 1097 494 αὐτὸς
1110 464 1143 500 τῇ
1169 465 1262 492 ἑαυτοῦ
1283 463 1380 504 θεωρίᾳ
1398 462 1511 493 πάντοτε
1531 463 1596 503 πρὸς
1615 462 1665 499 τὴν
1685 462 1791 492 πάντων

1018 501 1115 539 γνῶσιν
1127 501 1296 544 ἀρκούμενος·
1309 503 1368 533 ἀλλ’
1380 502 1451 536 ὅπως
1463 502 1492 532 ὃν
1503 505 1593 544 σαφῶς
1603 501 1791 543 προεγίνῖοσκε,

1018 542 1109 569 τοῦτον
1124 541 1167 570 διὰ
1176 541 1270 582 πείρας
1284 543 1410 582 μαθόντες
1423 544 1447 572 οἱ
1460 543 1602 584 ἄνθρωποι,
1615 543 1696 573 καλὸν
1709 541 1724 571 l
1741 553 1793 572 ωσι

1017 578 1083 619 πρὸς
1099 580 1211 619 μίμησιν
1223 582 1371 616 θεοσεὸείας
1382 582 1567 623 ὑπογραμμόν.
1579 581 1650 612 Τίνα
1661 581 1689 611 δὲ
1702 593 1737 610 κα
1758 580 1792 610 τὰ

1017 622 1063 648 τοῦ
1086 624 1233 672 πειρασμοῦ
1249 622 1364 672 ῥῇματα,
1377 622 1440 663 φέρε
1449 622 1648 674 3ιτκο·ιι-ήσιρμε”ν.
1661 621 1792 670 Ἀδραὰμ,

1017 657 1525 742 &5252352333513322432
1537 661 1792 741 {remitit

1019 738 1128 775 Ἰσαὰκ,
1142 739 1188 769 καὶ
1208 741 1350 780 πορεύθητι
1367 743 1403 775 εἰς
1422 741 1470 778 τὴν
1490 744 1540 781 γῆν
1558 740 1606 777 τὴν
1620 739 1734 781 ὑψηλὴν,
1747 739 1794 770 καὶ

1019 777 1141 818 ἀνένεγκέ
1156 791 1201 818 μοι
1213 780 1290 810 αὐτὸν
1304 782 1340 815 εἰς
1350 781 1542 821 ὁλοκᾶρπωσιν.
1551 781 1590 811 Ὦ
1599 779 1685 817 πόσην
1698 782 1713 809 ὁ
1726 779 1795 813 Θεὸς

1019 817 1063 847 διὰ
1075 821 1129 847 τῶν
1148 818 1230 853 οὕτως
1250 821 1395 860 εἰρημένων
1415 821 1542 861 ῥημάτων
1554 823 1603 857 τῆς
1620 819 1734 854 πίστως
1748 822 1794 850 τοῦ

1019 857 1185 899 προπάτορος
1199 861 1222 888 εἰ
1239 860 1340 900 γάσατο
1355 860 1488 900 βάσανονς
1504 861 1602 901 ’Ἤρκει
1616 860 1664 899 μὲν
1678 859 1730 899 γὰρ
1743 859 1792 899 μό-

1019 907 1064 926 νον
1077 899 1169 934 εἰπεῖν,
1183 899 1219 928 λά
1266 900 1310 930 τὸν
1331 900 1441 935 Ἰσαὰκ,
1454 901 1499 930 καὶ
1519 901 1643 939 ἀνένεγκε
1661 900 1740 929 αὐτὸν
1759 900 1796 932 εἰς

1020 937 1213 978 ὃλοκᾶρπωσιν,
1226 940 1294 978 μήτε
1306 940 1361 970 υἱὸν
1376 940 1493 975 εἰπόντα,
1504 940 1572 980 μήτε
1585 942 1618 979 τῇ
1631 942 1677 968 τοῦ
1689 941 1795 979 ἀγαπηο

1021 978 1067 1005 τοῦ
1088 977 1182 1017 μνήμῃ
1200 979 1235 1008 τὰ
1255 982 1367 1020 πατρῷα
1383 979 1526 1019 σπλάγχνα
1545 979 1700 1016 κινήσαντα.
1724 978 1795 1008 Ἀλλ’

1022 1016 1115 1053 ἐπειδὴ
1129 1022 1184 1051 τοῖς
1202 1017 1274 1049 ἔνδον
1291 1021 1346 1049 τῶν
1364 1021 1470 1059 ἀγαθῶν
1488 1020 1562 1050 διακε
1583 1018 1694 1058 υμένοις,
1706 1021 1724 1054 ἡ
1741 1020 1794 1047 τῶν

1429 1110 1474 1128 τον
1488 1098 1543 1128 υἱόν
1557 1110 1615 1134 σου,
1625 1097 1671 1127 καὶ
1682 1097 1795 1138 προστί-

1024 1137 1085 1171 θησι
1095 1158 1104 1172 ,
1121 1136 1175 1166 Τὸν
1194 1138 1340 1177 ἀγαπητὸν,
1351 1138 1396 1168 καὶ
1409 1138 1499 1174 πάλιν,
1513 1138 1566 1169 “ον
1579 1137 1737 1178 ἠγάπησας,
1751 1136 1796 1166 ἵνα

1024 1179 1082 1209 ταῖς
1098 1177 1207 1215 ἀγαθαῖς
1229 1178 1337 1212 ταύταις
1352 1178 1514 1217 ἐπωνυμίαις
1532 1179 1568 1212 εἰς
1585 1179 1711 1218 χρηστῶν
1728 1179 1794 1207 ὓπο-

1024 1214 1278 1294 ἓὲέῖἶῗᾌὲἒῗίῖῗιὶ
1283 1218 1500 1294 Ἷῗίρζῗέςῆτὸν
1514 1216 1796 1293 φιλὲνῗιῖἶνγξῗῖἶτῆ

1024 1304 1075 1330 σιν,
1085 1298 1139 1328 τοῖς
1150 1269 1215 1335 παρξ
1229 1270 1330 1326 ἐλπίδαΥ
1337 1269 1627 1337 προστᾶγιγιῖξιηΐτλήξῃ
1640 1296 1675 1326 τὰ
1688 1268 1796 1336 culce:-

1023 1343 1077 1372 χνα
1089 1337 1135 1363 τοῦ
1147 1335 1331 1374 γεγεννηκότος
1343 1336 1494 1377 βαρύτερον,
1502 1337 1532 1366 οὗ
1540 1339 1625 1375 μισῶν
1632 1336 1677 1366 τὸν
1684 1336 1793 1371 δίκαιον,

1024 1374 1137 1411 φανῆναι
1149 1374 1176 1403 δὲ
1187 1375 1370 1416 λαμπρότερον
1380 1378 1420 1416 τῷ
1433 1376 1525 1416 κόσμῳ
1538 1376 1588 1411 τὴν
1600 1375 1694 1405 τούτου
1705 1375 1795 1405 πίστιν

1025 1412 1189 1451 βουλόμενος.
1211 1415 1358 1455 Τοιγαροῦν
1382 1416 1444 1456 πρὶν
1464 1416 1543 1451 εἴπη,
1563 1415 1696 1454 Ἀνένεγκε
1717 1415 1795 1444 αὐτὸν

1024 1452 1062 1484 εἰς
1071 1452 1263 1493 ὁλοκάρπωσιν,
1272 1455 1302 1483 ἐκ
1315 1457 1368 1484 τῶν
1379 1455 1491 1495 πρώτων
1506 1448 1635 1496 ῥημάτων·
1643 1456 1697 1484 τῶν
1711 1454 1795 1495 εὔφή-

1024 1501 1082 1540 μων
1103 1492 1190 1522 πολλὰ
1212 1498 1283 1523 ποιεῖ
1304 1494 1411 1534 χρηστὰ
1431 1496 1469 1535 τῷ
1493 1495 1588 1535 δικαίῳ
1610 1493 1796 1534 φαντάζεσθαι.

1028 1529 1150 1565 Ακούσας
1173 1532 1225 1572 γὰρ
1250 1535 1392 1567 καλοῦντος
1421 1537 1466 1564 τοῦ
1493 1536 1564 1564 Θεοῦ
1588 1534 1634 1564 καὶ
1654 1533 1776 1573 λέγοντος
1785 1556 1793 1569 ,

1025 1568 1155 1610 Ἀδραὰμ,
1169 1572 1299 1612 Ἀδραὰμ,
1319 1573 1393 1607 εὐθὺς
1410 1574 1539 1612 ἐγήθησεν
1558 1575 1572 1603 ὃ
1595 1573 1716 1614 φιλόθεος
1730 1573 1796 1613 πρὸς

1025 1609 1072 1645 τὴν
1095 1610 1200 1646 κλῆσιν,
1213 1613 1322 1652 διεχύθη
1334 1613 1400 1653 πρὸς
1415 1613 1462 1649 τὴν
1479 1613 1577 1653 φωνὴν,
1590 1612 1794 1652 ἐνθυμούμενος,

1025 1650 1061 1682 ὥς
1082 1649 1165 1684 εἰκός·
1187 1648 1239 1692 ἆρά
1253 1664 1287 1691 με
1306 1655 1320 1682 ὁ
1341 1653 1409 1686 Θεὸς
1431 1652 1502 1688 ἄξιον
1519 1654 1601 1682 πάλιν
1623 1655 1728 1692 ἡγεῖται
1748 1654 1796 1688 τῆς

1026 1691 1180 1728 θαυμαστῆς
1197 1704 1219 1721 π
1236 1693 1243 1704 “
1284 1691 1362 1722 αὐτὸν
1381 1692 1504 1743 ὁμιλίας,
1517 1688 1569 1733 ἀρά
1589 1704 1624 1732 με
1643 1696 1698 1725 τοῖς
1719 1691 1795 1725 θείοις

1026 1729 1105 1758 αὐτοῦ
1114 1733 1199 1771 καθαγ
1229 1744 1273 1763 σαι
1287 1731 1357 1762 θέλει
1369 1734 1500 1772 ῥημασινς
1511 1732 1530 1768 ἢ
1543 1734 1706 1784 μεταστῆσαι
1715 1731 1796 1762 πάλιν

1026 1769 1062 1802 εἰς
1075 1768 1165 1809 χώραν
1179 1771 1301 1811 βούλεται
1313 1772 1465 1812 κρείσσονα;
1479 1771 1497 1807 ἢ
1512 1783 1572 1806 τους
1584 1770 1713 1811 πονηροὺς
1726 1772 1796 1801 ἀπο-

1025 1807 1101 1838 λέσαι
1113 1809 1182 1839 θέλει
1193 1811 1366 1846 Χαναναίους,
1373 1813 1408 1845 ὡς
1419 1811 1577 1851 Σοδομίτας,
1588 1811 1689 1841 καὶτὸν
1701 1813 1797 1841 οἰκεῖον

1014 1847 1127 1884 δοῦλον,
1147 1850 1183 1884 ὡς
1203 1852 1248 1881 ἐπὶ
1272 1851 1409 1895 Σοδι-ἱμων,
1431 1853 1534 1891 ἀγνοεῖν
1555 1853 1584 1881 οὗ
1605 1850 1675 1880 θέλει
1697 1850 1728 1880 τὸ
1748 1852 1796 1885 τῆς

1024 1886 1134 1955 Χξίσὸως
1159 1890 1299 1931 βούλημα;
1330 1896 1347 1922 ἀ
1364 1890 1382 1920 ά
1402 1902 1448 1930 μοι
1469 1890 1591 1931 δευτέρω
1611 1890 1703 1920 τέκνου
1726 1889 1795 1929 μετὰ

1023 1938 1040 1955 τ
1055 1938 1068 1955 ν
1087 1927 1179 1958 Ἰσαὰκ
1197 1931 1302 1970 χρηστὰ
1322 1944 1351 1972 φι
1368 1934 1499 1969 οτιμεῖται
1518 1942 1556 1961 πα
1591 1934 1666 1970 σχεῖν
1686 1928 1796 1968 εὐαγγέ-

1024 1966 1078 2001 λια,
1092 1968 1235 2007 ὀφθαλμοῖς
1249 1969 1296 2000 δύο
1308 1971 1407 2001 τέκνων
1419 1970 1450 1999 τὸ
1463 1970 1527 2009 ἐμὸν
1540 1942 1622 2000 offam
1635 1971 1796 2009 ὄμμα-σῶσαι

1024 2006 1121 2055 ἵῆραςς
1135 2006 1182 2041 Ὡς
1194 2009 1221 2038 δὲ
1236 2009 1342 2046 ἤκουσε,
1356 2009 1441 2045 maffia,
1455 2010 1516 2049 πρὶν
1529 2009 1640 2048 ἀκούσῃ,
1659 2008 1714 2038 Τὸν
1731 2008 1796 2043 υἱὸν,

1024 2048 1099 2084 ‹pne-r,
1122 2047 1183 2087 περὶ
1203 2051 1298 2078 θυσιῶν
1319 2051 1391 2089 αὐτῷ
1411 2048 1456 2078 τὸν
1475 2049 1545 2078 Θεὸν
1566 2048 1738 2083 διαλέξεσθαι,
1752 2049 1796 2076 αἰ-

1024 2087 1120 2114 τοῦντα
1139 2089 1202 2127 παρ’
1217 2089 1394 2128 αὐτοῦ,τιμὴν
1415 2089 1540 2127 εὖλογιῶν
1560 2088 1619 2118 ἀντὶ
1636 2090 1684 2123 τῆς
1701 2086 1796 2120 δόσεως

1024 2127 1070 2153 ⁴²⁰3
1093 2125 1194 2159 παιδός.
1217 2127 1342 2162 Ἀκούσας
1363 2129 1405 2164 δὲ,
1426 2128 1480 2158 Τὸν
1502 2128 1559 2157 υἱόν
1582 2139 1638 2162 σου,
1661 2127 1726 2160 τέως
1750 2126 1797 2155 τὸν

1026 2163 1141 2203 Ἰσμαὴλ
1160 2166 1272 2203 ἐνενόει,
1285 2168 1402 2207 οἰόμενος
1419 2167 1543 2198 λελύσθαι
1565 2166 1614 2202 τὴν
1635 2165 1794 2202 ζηλοτυπίαν

1025 2205 1073 2239 τῆς
1104 2205 1223 2245 Σᾶῤῥας,
1246 2207 1292 2237 καὶ
1312 2208 1355 2238 διὰ
1376 2211 1452 2238 τοῦτο
1470 2206 1535 2248 πρὸς
1547 2210 1593 2236 τοῦ
1613 2206 1795 2246 φιλανθρώπου

1027 2244 1253 2276 ἀποκαθίστασθαι
1260 2247 1340 2277 πάλιν
1349 2250 1386 2281 εἷς
1394 2249 1443 2283 τὴν
1449 2247 1574 2288 πατρῴαν
1581 2246 1678 2276 ἑστίαν.
1685 2245 1795 2280 Ἐπειδὴ

1028 2283 1055 2313 δὲ
1069 2286 1158 2324 σαφῶς
1178 2285 1289 2323 ἤκουσε,
1304 2287 1357 2317 Τὸν
1373 2287 1520 2327 ἀγαπητὸν,
1538 2287 1566 2316 ὃν
1579 2285 1736 2325 ἠγάπησας,
1751 2284 1796 2313 τὸν

1028 2323 1136 2359 Ἰσαὰκ,
1147 2324 1233 2358 ἔζεσεν
1248 2326 1322 2361 εὐθὺς
1336 2330 1368 2367 τῇ
1388 2327 1499 2366 καρδία,
1508 2325 1691 2365 ἠγαλλιάσατο
1700 2326 1734 2363 τῇ
1747 2325 1799 2363 ψυ-

1027 2366 1078 2403 χῇ,
1090 2363 1199 2403 νομίσας
1217 2366 1257 2395 ὅτι
1277 2367 1338 2406 περὶ
1366 2378 1465 2405 μνηστε
1477 2377 1508 2398 ας
1533 2367 1607 2405 οῶτῷ
1631 2364 1797 2401 διατάξεται,

1027 2403 1148 2443 ἁρμόζων
1161 2406 1196 2438 ὣς
1210 2407 1279 2439 Θεὸς
1291 2408 1328 2440 εἰς
1342 2406 1457 2436 ἐπίδοσιν
1473 2407 1517 2434 τοῦ
1551 2404 1622 2438 ένους
1633 2408 1746 2444 γυναῖκα
1759 2407 1798 2443 τῷ

1028 2444 1078 2483 νέῳ
1093 2443 1200 2483 εὔφορον
1215 2447 1250 2478 εἷς
1268 2446 1359 2475 τέκνου
1373 2445 1450 2485 φυήν.
1464 2446 1512 2477 Εἰς
1526 2416 1553 2473 δῖ
1566 2444 1616 2480 τὴν
1628 2446 1679 2483 γῆν
1692 2443 1771 2473 αὖτὸν
1784 2446 1798 2472 ὁ

1029 2483 1097 2515 Θεὸς
1117 2485 1192 2512 καλεῖ
1213 2485 1262 2521 τὴν
1274 2486 1387 2525 ὑψηλήν,
1402 2484 1453 2514 Διὰ
1470 2483 1512 2520 τί;
1525 2482 1565 2513 Ἢ
1586 2483 1691 2517 πάντως
1710 2482 1753 2512 ἵνα
1770 2482 1797 2516 ἐξ

1029 2522 1148 2551 ἀπόπτου
1168 2524 1213 2553 καὶ
1235 2525 1367 2566 μετεώρου
1388 2525 1468 2554 Ιτόπου
1486 2527 1574 2552 πᾶσαν
1589 2524 1626 2556 ὡς
1642 2522 1798 2563 κληρονόμῳ

1033 2568 1080 2601 τῆς
1094 2567 1250 2605 ἐπαγγελίας
1268 2567 1392 2608 ἀποδείξῃ
1404 2566 1453 2604 τὴν
1464 2566 1547 2607 γῆν,ἢ
1560 2567 1664 2601 πάντως
1678 2567 1756 2598 αὐτὸν
1762 2569 1798 2601 εἷς
