1890 2826
147 2023 182 2041 ³¹²

188 162 258 197 366
762 169 920 197 nimaina
946 175 978 197 us
1006 175 1180 199 sruorsm.

187 237 222 268 D,
236 236 316 264 Tom.
330 235 350 264 4
363 241 458 264 nostrie
473 233 618 270 Edhionis,
627 233 665 263 sic
679 233 794 274 legimus
807 247 814 263 τ
827 235 872 265 καὶ
887 234 966 265 ἔλαθε
980 236 1076 276 Θάῤῥα
1089 237 1134 266 τὸν
1148 236 1253 277 Ἄδραμ
1266 238 1310 267 καὶ
1325 237 1369 267 τὸν
1384 238 1485 279 Ναχὼρ
1499 239 1559 273 τοὺς
1573 239 1643 274 υἱοὺς
1656 241 1751 277 αὐτοῦ,’

187 283 232 311 καὶ
250 282 295 312 τὸν
309 282 373 312 Λὼτ
386 282 430 311 τὸν
445 281 499 310 υἱὸν
512 280 609 320 Ἀῤῥαν
622 283 668 310 τοῦ
688 282 745 310 υἱοῦ
764 282 853 311 αὐτοῦ.
868 284 926 313 Ηοο
943 289 983 312 est
999 295 1006 312 =
1021 284 1062 312 Et
1081 284 1191 324 accepit
1216 285 1328 313 Tharra
1347 287 1465 315 Abram
1486 293 1515 315 et
1533 287 1655 316 Nachor
1664 287 1752 327 filios

188 339 266 366 suos,
281 335 310 358 et
327 330 383 359 Lot
389 330 494 369 filium
509 329 614 358 Arran
617 328 683 369 filii
696 330 751 358 sui.
768 330 832 359 Haec
844 340 909 359 vero
923 330 1002 359 lectio
1019 330 1057 359 sic
1077 330 1192 360 habetur
1206 331 1234 360 in
1251 331 1378 360 omnibus
1391 332 1501 362 omnino
1514 343 1578 363 cum
1593 334 1682 364 Editis
1694 341 1754 363 tum

188 375 391 414 Manum-imis,
404 382 431 404 et
445 375 473 404 in
486 374 579 404 eadem
591 374 709 404 Homilia
722 374 791 404 infra
801 397 809 412 ,
825 386 854 415 p.
871 376 930 406 508
940 398 948 412 ,
961 375 1054 405 eadem
1067 376 1146 406 lectio
1160 377 1204 406 bis
1217 377 1346 417 repetitur
1358 391 1365 407 :
1378 379 1415 408 ita
1429 386 1460 408 ut
1472 379 1541 408 nihil
1553 379 1631 409 dubii
1644 381 1754 410 subesse

189 423 283 462 possit,
294 423 360 462 quin
374 423 418 452 hic
430 422 505 452 locus
522 422 561 451 sic
578 431 721 462 expressus
733 422 814 452 fuerit
827 422 856 452 in
869 423 1017 463 exemplari
1035 433 1089 462 quo
1102 423 1311 464 chrysostomus
1322 425 1448 455 utebatur
1459 437 1466 454 :
1477 436 1532 466 quo
1545 436 1611 455 usus
1624 433 1664 456 est
1674 426 1753 455 etiam

189 475 280 498 auctor
293 469 454 508 Synopseos,
470 467 528 498 sive
541 468 599 508 ipse
609 467 828 508 Chrysostomus,
842 475 873 498 ut
883 479 918 498 ex
930 468 983 498 hoc
994 475 1020 498 et
1032 479 1067 498 ex
1078 469 1289 509 praeoedentibus
1300 471 1465 511 argumentis
1474 472 1584 512 probari
1593 472 1712 502 videtur.

228 516 288 545 Non
305 515 436 545 minorem
456 513 669 554 praecedentibus
687 515 872 556 probationem
889 515 1009 545 eruimus
1028 525 1063 544 ex
1081 516 1199 556 Synopsi
1212 517 1412 548 Deuteronomii
1424 541 1432 556 ,
1445 519 1493 548 ubi
1507 518 1627 548 dicitur:
1642 520 1754 548 ἐνταῦθα

190 568 289 598 κεῖται,
303 561 515 601 Ἐπικατάρατος
533 566 585 595 πᾶς
603 563 618 591 ὁ
635 561 800 602 κρεμάμενος
819 562 864 591 ἐπὶ
884 561 969 596 ξύλου.
993 562 1072 591 Ἐπεὶ
1093 557 1137 593 οὖν
1160 562 1245 593 ἔκειτο
1266 565 1371 605 κατάρα
1391 569 1446 600 τοῖς
1464 565 1501 605 μὴ
1525 565 1689 606 φυλάσσουσι
1710 565 1755 594 τὸν

189 610 280 649 νόμον,
294 608 509 648 Ἐπικατάρατος
519 614 572 643 πᾶς
582 608 610 643 ὃς
623 611 671 639 οὐκ
684 609 792 649 ἐμμένει
805 615 873 639 πᾶσι
887 613 940 642 τοῖς
954 608 1147 649 γεγραμμένοις
1160 610 1188 639 ἐν
1202 611 1240 650 τῷ
1253 610 1348 652 βιὸλίῳ
1367 611 1454 653 τούτῳ
1464 624 1471 631 ·
1484 612 1546 652 περὶ
1557 615 1604 642 τοῦ
1619 612 1700 652 νόμου
1713 611 1757 641 λέ-

189 668 242 695 γων
258 658 389 692 Μωῦσῆς,
402 655 448 685 καὶ
467 655 517 691 τὴν
536 655 655 696 κατάραν
669 655 771 692 ἐκείνην
786 657 833 685 οὐκ
849 657 910 691 ἐνῆν
926 655 1018 684 λαὸεῖν
1033 654 1078 684 τὸν
1091 655 1220 696 Χριστόν·
1235 657 1375 697 ἐπλήρωσε
1393 657 1445 698 γὰρ
1466 658 1511 687 τὸν
1529 657 1608 697 νόμον
1618 680 1627 694 ,
1639 657 1757 698 κατάραν

189 704 305 743 κατάρας
327 701 507 739 ἀντηλλάξατο
526 702 683 743 κρεμασθεὶς
703 703 748 732 ἐπὶ
768 702 855 736 ξύλου.
871 702 905 732 ld
917 709 973 731 est:
987 703 1046 731 Hic
1058 704 1141 742 jacet
1159 703 1252 741 illud,
1268 703 1430 734 Maledictus
1450 703 1537 734 omnis
1550 704 1598 744 qui
1617 703 1716 744 pendet
1730 704 1758 733 in

189 750 271 789 ligno.
290 751 367 789 Quia
380 760 448 789 ergo
458 749 627 779 maledictio
638 750 757 789 prolata
770 756 835 779 erat
849 752 880 779 in
892 759 940 779 eos
955 751 1005 789 qui
1020 759 1080 778 non
1093 756 1240 779 servarent
1252 750 1355 790 legem,
1370 750 1533 779 Maledictus
1545 750 1633 779 omnis
1646 750 1758 788 quinon

190 804 278 826 manet
290 798 318 826 in
334 797 460 827 omnibus
474 796 582 837 scriptis
595 797 623 826 in
637 796 688 826 boc
703 796 774 825 libro
789 808 795 825 τ
811 797 848 825 de
862 796 924 836 lege
936 796 1068 835 loquitur
1078 795 1200 832 Moyses
1210 818 1218 833 ‚
1232 806 1285 824 nec
1296 802 1411 836 poterat
1424 796 1556 826 Christus
1579 797 1611 824 in
1624 795 1702 824 hanc
1715 794 1759 824 in}

189 854 304 873 currere
317 843 573 873 maledictionem:
587 844 720 884 implevit
727 854 855 883 namque
875 843 965 883 legem
974 866 983 879 ,
998 842 1234 871 maledictionem
1253 843 1461 872 maledictione
1477 843 1679 879 commutavit,
1697 851 1759 871 sus-

185 900 291 929 pensus
315 892 346 919 in
367 891 457 930 ligno.
477 891 535 920 Hoc
551 891 643 930 ipsum
658 889 785 930 pluribus
805 889 972 919 enuntiatum
992 889 1073 918 babes
1087 889 1289 918 Commentario
1301 888 1329 917 in
1344 888 1495 928 Epistulam
1512 888 1548 918 ad
1568 889 1691 926 Galatas,
1710 899 1759 918 ca-

187 936 242 975 pite
268 939 296 973 5,
317 936 364 967 ubi
378 947 436 967 rem
451 936 568 976 explicat
579 936 637 972 ille,
648 943 743 974 et‚quoe
754 935 800 964 hic
810 935 931 965 breviter
945 934 1053 971 extulit,
1067 935 1160 964 multis
1171 935 1298 975 explanat
1309 934 1408 964 verbis.
1421 935 1458 965 Iis
1471 945 1536 965 vero
1543 935 1688 965 referendis
1697 935 1760 964 bre-

188 983 278 1013 vitatis
294 995 374 1013 causa
393 983 565 1023 supersedeo.
588 982 642 1013 Sed
661 981 814 1012 studiosum
835 982 960 1011 lectorem
983 981 1090 1018 hortor,
1103 988 1133 1011 ut
1151 982 1241 1011 locum
1260 982 1350 1021 ipsum
1365 981 1452 1019 adeat,
1468 988 1496 1011 et
1510 992 1569 1011 meo
1583 981 1703 1022 periculo
1721 981 1759 1011 ihi

187 1032 408 1071 chrysostomum
423 1040 454 1058 ea
468 1029 594 1069 pluribus
608 1034 773 1065 narrantem,
787 1034 813 1057 et
832 1027 957 1057 eumdem
973 1027 1196 1068 chrysostomum
1216 1028 1244 1057 in
1264 1028 1315 1057 hac
1329 1028 1447 1069 Synopsi
1460 1028 1594 1068 epitomen
1607 1039 1700 1057 eorum
1713 1038 1761 1057 ex-

188 1078 325 1108 hibentem
336 1077 492 1117 comperiet.

229 1127 329 1154 Auctor
342 1124 386 1153 hic
402 1130 491 1153 noster
502 1123 711 1163 Chrysostomus
724 1122 825 1163 passim
837 1132 901 1151 cum
914 1122 932 1152 J
935 1121 1029 1160 udaeis,
1045 1132 1162 1161 quorum
1175 1131 1289 1161 magnus
1304 1120 1453 1151 Antiochiae
1462 1131 1592 1151 numerus
1610 1127 1678 1157 erat,
1693 1130 1758 1149 con-

188 1178 281 1201 certat.
295 1170 370 1201 Illud
392 1170 482 1210 ipsum
501 1169 528 1197 in
551 1170 601 1199 hac
615 1170 732 1210 Synopsi
747 1170 898 1208 frequenter
912 1169 1082 1206 observatur,
1099 1169 1170 1198 nihil
1183 1168 1304 1199 obstante
1315 1168 1464 1205 brevitate,
1477 1178 1558 1207 quam
1579 1166 1625 1197 vel
1643 1177 1678 1196 ex
1699 1167 1760 1207 ipso

189 1228 238 1246 suo
251 1217 359 1246 nomine
372 1214 503 1255 Synopsis
516 1215 611 1254 exigit.
629 1215 783 1253 Aliquando
796 1215 878 1244 etiam
892 1214 950 1244 loca
963 1214 1084 1251 indicat,
1099 1225 1158 1254 quae
1172 1214 1275 1255 possint
1294 1221 1386 1244 contra
1398 1214 1508 1245 Judaeos
1522 1212 1668 1253 usurpari,
1684 1219 1714 1242 ut
1732 1212 1763 1242 in

190 1262 307 1302 Synopsi
319 1261 441 1292 Jeremiae
454 1261 493 1290 sic
505 1272 511 1289 :
527 1260 580 1289 Καὶ
592 1261 637 1290 ἐὰν
651 1261 784 1297 ποιήσωσι
797 1260 828 1290 τὸ
841 1260 965 1300 πονηρὸν,
978 1262 1008 1290 οὗ
1021 1261 1126 1297 ποιήσω
1139 1260 1214 1300 κάγὼ
1228 1260 1289 1300 περὶ
1303 1262 1356 1290 τῶν
1371 1261 1485 1300 ἀγαθῶν,
1499 1256 1536 1290 ὧν
1551 1259 1669 1295 ἐλάλησα
1681 1261 1760 1295 ποιῆ-

190 1321 235 1338 σαι
252 1310 348 1341 αὐτοῖς.
363 1308 450 1337 Τοῦτο
464 1307 492 1336 δὲ
505 1306 637 1347 χρήσιμον
650 1307 716 1347 πρὸς
729 1306 872 1339 Ἰουδαίους
892 1305 923 1335 τὸ
944 1306 1099 1346 κεφάλαιον,
1114 1306 1176 1336 ὅταν
1189 1306 1311 1346 λέγωσιν,
1324 1305 1365 1336 ὅτι
1379 1305 1556 1346 ἐπηγγείλατο
1574 1306 1662 1338 αὐτοῖς
1675 1303 1762 1341 ἀγαθὰ

189 1357 203 1384 ὁ
214 1354 319 1394 Κύριος.
334 1352 534 1388 Ἀπειθήσαντες
547 1353 598 1394 γὰρ
611 1355 649 1393 τῷ
659 1352 749 1394 Κυρίῳ
760 1355 837 1392 ἡμῶν
852 1352 939 1388 Ἰησοῦ
955 1354 1074 1393 Χριστῷ,
1087 1354 1161 1383 αὐτοὶ
1172 1355 1273 1387 ἑαυτοῖς
1288 1353 1367 1383 αἴτιοι
1376 1353 1495 1393 ἐγένοντο
1507 1355 1560 1382 τῶν
1570 1351 1708 1392 παρόντων
1715 1363 1763 1381 κα-

190 1403 242 1430 κῶν
251 1402 301 1430 :Et
312 1402 336 1429 si
348 1399 458 1429 malum
459 1400 667 1440 fecerint,non
665 1398 785 1439 faciam
791 1409 842 1439 ego
849 1400 927 1427 bona
932 1409 997 1438 quoe
1009 1399 1148 1438 loquutus
1156 1410 1220 1429 sum
1231 1406 1268 1439 ut·
1270 1399 1402 1437 facerem
1410 1399 1483 1428 illis.
1493 1400 1557 1428 Hoc
1567 1405 1666 1428 autem
1673 1403 1761 1438 caput

190 1455 294 1477 contra
304 1447 424 1477 Judaeos
435 1446 508 1476 utile
519 1447 574 1475 erit
583 1467 591 1482 ‚
606 1455 672 1474 cum
685 1445 795 1481 dicent,
810 1446 969 1474 Dominum
977 1446 1048 1484 ipsis
1063 1447 1140 1474 bona
1149 1447 1322 1485 promisisse.
1336 1446 1410 1475 Cum
1423 1447 1502 1474 enim
1517 1455 1576 1474 non
1589 1444 1763 1474 crediderint

191 1496 319 1524 Domino
334 1498 430 1522 nostro
443 1493 516 1522 Jesu
531 1492 659 1527 Christo,
673 1493 728 1532 ipsi
741 1493 797 1521 sibi
808 1493 878 1532 ipsis
891 1491 1077 1531 causafuere
1087 1492 1275 1531 praesentium
1291 1492 1445 1521 malorum.

230 1538 419 1579 Chrysostomi
432 1549 529 1578 scopus
542 1544 582 1567 est
594 1537 687 1567 multis
701 1538 727 1567 in
743 1538 821 1574 locis,
837 1545 863 1567 et
872 1537 976 1568 Judaeis
990 1544 1015 1566 et
1026 1538 1186 1567 christianis
1203 1539 1331 1578 probare,
1347 1545 1479 1578 praecepta
1492 1537 1652 1577 hujusmodi
1667 1537 1763 1577 legalia

189 1599 242 1618 non
255 1587 336 1616 fuisse
348 1592 420 1614 tanta
433 1584 562 1624 religione
573 1583 714 1613 servanda.
726 1583 881 1620 Quinetiam
894 1590 998 1612 sanctos
1008 1584 1082 1613 viros
1096 1585 1124 1613 in
1137 1585 1230 1615 Veteri
1243 1585 1415 1614 Testamento
1426 1584 1475 1613 illa
1488 1583 1567 1613 facile
1582 1590 1762 1624 transgressos

188 1644 255 1671 esse,
270 1632 397 1672 quoniam
413 1641 457 1668 ea,
473 1641 533 1669 quae
553 1629 588 1659 ad
605 1631 690 1659 ritum
706 1629 863 1668 cultumque
880 1629 1040 1659 exteriorem
1061 1631 1239 1670 pertinebant,
1253 1640 1306 1660 non
1324 1641 1382 1660 esse
1399 1630 1467 1659 tanti
1485 1631 1624 1667 momenti,
1637 1637 1663 1660 et
1683 1631 1762 1661 facile

189 1693 266 1722 posse
279 1679 446 1722 praetermitti
458 1678 579 1718 putabat.
591 1677 636 1707 Sic
650 1677 678 1706 in
687 1677 785 1707 Isaiam
797 1688 878 1716 supra
888 1700 895 1713 ,
908 1688 938 1717 p.
953 1678 984 1713 9,
995 1678 1027 1712 B,
1039 1680 1065 1714 (a
1076 1678 1179 1708 Graecis
1194 1677 1339 1708 referendis
1349 1677 1490 1707 brevitatis
1501 1688 1581 1707 causa
1591 1678 1763 1718 supersedeo)

189 1728 304 1768 legimus
318 1741 324 1757 ι
338 1727 523 1757 Holocausta
535 1726 659 1754 arietum
670 1731 698 1754 et
709 1725 825 1764 adipem
837 1734 980 1764 agnorum
990 1732 1017 1753 et
1029 1727 1204 1765 sanguinem
1218 1731 1368 1754 taurorum
1378 1732 1406 1754 et
1415 1725 1567 1754 hircorum*
1575 1724 1654 1754 nolo.
1667 1726 1699 1755 In
1707 1725 1766 1756 haec

190 1776 271 1805 verba
279 1775 486 1815 Chrysostomus
496 1772 533 1801 ita
541 1771 662 1810 loquitur
670 1782 677 1800 z
686 1772 765 1800 Nam
776 1772 847 1811 quia
855 1772 988 1800 accusati
987 1771 1175 1810 frequenter,
1182 1771 1263 1810 quod
1269 1773 1380 1801 coeteris
1389 1772 1548 1800 virtutibus
1557 1771 1649 1800 vacui
1656 1778 1763 1810 essent,

189 1832 242 1860 pro
255 1822 385 1850 maxima
396 1820 568 1859 defensione
577 1818 723 1858 sacrificia
731 1818 940 1853 obtendebant,
950 1824 983 1847 ut
993 1827 1058 1857 quoe
1062 1818 1239 1857 frequenter
1243 1819 1460 1857 persolvebant,
1470 1819 1572 1846 merito
1581 1823 1767 1858 uterquepro-

190 1869 290 1907 pheta,
302 1870 360 1896 imo
372 1868 469 1906 potius
480 1866 576 1894 caeteri
594 1875 692 1893 omnes
706 1866 743 1893 ab
763 1866 820 1893 bac
833 1865 1006 1904 defensione
1021 1865 1090 1894 illos
1105 1866 1273 1894 exturbant.
1293 1866 1378 1895 Unde
1388 1865 1514 1904 planum
1528 1869 1570 1893 est
1583 1874 1619 1892 ea
1631 1874 1691 1893 non
1705 1875 1767 1895 esse
1808 1869 1811 1871 ’

191 1926 244 1954 per
254 1925 284 1944 se
294 1915 437 1954 proecipue
450 1914 619 1947 constituta,
634 1912 686 1940 sed
697 1918 729 1940 ut
739 1912 781 1940 ad
789 1919 902 1941 rectum
912 1915 985 1942 vicae
997 1915 1163 1942 institutum
1177 1918 1355 1951 caeterasque
1364 1914 1489 1941 virtutes
1500 1911 1569 1940 illos
1579 1912 1765 1941 deducerent.

194 1961 370 2001 Expositione
384 1965 472 1988 autem
487 1958 514 1986 in
529 1957 666 1986 Psalmum
679 1958 729 1993 45,
743 1969 772 1997 p.
787 1959 860 1995 150,
876 1965 948 1988 totus
959 1966 999 1988 cst
1009 1969 1040 1988 ea
1053 1958 1080 1986 in
1095 1969 1123 1987 re
1137 1957 1286 1997 probanda,
1300 1957 1420 1997 dicitque
1432 1963 1596 1998 praeceptum
1610 1956 1643 1986 de
1656 1957 1767 1987 sabbato

194 2008 313 2037 solutum
327 2006 418 2041 fuisse,
433 2015 495 2034 cum
514 2003 632 2043 populus
650 2014 698 2043 per
709 2011 810 2043 septem
823 2004 881 2034 dies
897 2013 1015 2034 armatus
1029 2005 1080 2034 sub
1093 2006 1175 2034 Josue
1187 2004 1239 2032 suit
1252 2016 1258 2032 ι
1274 2014 1337 2033 nam
1355 2010 1456 2043 septem
1469 2002 1590 2032 continui
1603 2001 1661 2031 dies
1674 2013 1766 2032 neces-

195 2055 267 2084 sario
285 2053 427 2083 sabbatum
447 2050 601 2080 includunt.
617 2050 680 2079 Haec
696 2050 842 2090 saepissime
855 2052 977 2082 decantat
991 2052 1212 2091 chrysostomus.
1227 2052 1258 2080 In
1273 2051 1389 2090 Synopsi
1403 2057 1492 2079 autem
1513 2050 1577 2079 libri
1595 2049 1679 2079 Josue
1698 2049 1766 2078 infra

196 2102 234 2131 sic
255 2098 375 2129 dilucide
390 2098 514 2137 loquitur
528 2109 534 2125 ε
555 2097 635 2125 Tunc
651 2097 739 2126 Jesus
756 2098 859 2127 cultris
878 2098 1003 2138 lapideis
1021 2098 1203 2127 circumcidit
1219 2094 1341 2127 Judaeos
1354 2099 1444 2136 :quia
1464 2097 1663 2137 quadraginta
1680 2097 1768 2125 annis

197 2153 331 2177 versatus
341 2147 448 2187 fuerat
464 2144 559 2174 Israe'l
580 2145 612 2172 in
635 2144 747 2172 deserto
760 2157 770 2173 .-
785 2146 910 2185 ideoque
931 2146 1017 2174 multi
1034 2155 1131 2174 eorum
1150 2145 1335 2182 bellatorum,
1350 2145 1403 2185 qui
1416 2146 1560 2180 obierant,
1573 2145 1769 2173 incircumcisi

196 2201 292 2224 erant.
305 2195 366 2222 Pro
379 2193 440 2222 illis
452 2192 600 2221 substituit
613 2191 693 2219 Deus
694 2191 780 2230 filios
793 2202 901 2228 eorum,
915 2203 987 2231 quos
999 2193 1022 2222 J
1022 2202 1086 2222 esus
1100 2192 1282 2221 circumcidit
1297 2204 1304 2220 ε
1319 2192 1399 2231 quod
1411 2192 1464 2230 ipsi
1478 2191 1676 2220 incircumcisi
1687 2201 1770 2220 man-

198 2243 302 2271 sissent
313 2242 345 2269 in
356 2241 416 2269 via.
433 2240 514 2268 Tunc
518 2237 596 2278 fecit
604 2238 717 2277 pascha
729 2249 740 2266 .-
753 2244 782 2266 et
793 2249 812 2267 a
823 2238 871 2267 die
882 2249 941 2278 qua
953 2239 1138 2268 comederunt
1150 2249 1261 2276 azyma
1274 2248 1310 2266 ex
1314 2238 1473 2278 frumento
1485 2242 1568 2266 terroe
1580 2237 1672 2274 illius,
1685 2238 1770 2278 dese-

199 2290 237 2316 cit
250 2297 370 2317 manna.
383 2287 406 2316 J
407 2287 511 2315 ubetur
519 2285 606 2314 Jesus
626 2284 739 2313 solvere
754 2284 985 2315 calceamentum
999 2296 1084 2315 suum
1094 2309 1101 2323 ‚
1114 2292 1142 2314 et
1162 2287 1284 2315 circuire
1295 2284 1416 2313 Jericho
1434 2294 1500 2312 cum
1515 2285 1592 2313 tubis
1611 2291 1638 2313 et
1649 2294 1719 2313 arca
1729 2294 1770 2314 se-

196 2341 276 2374 ptem
298 2334 400 2363 diebus
411 2345 419 2361 :
432 2343 489 2372 quo
509 2337 628 2371 peracto
643 2341 735 2371 perse
753 2333 828 2360 muri
842 2333 1019 2362 ceciderunt.
1031 2333 1223 2374 Manifestum
1244 2333 1344 2371 itaque
1361 2337 1403 2360 est
1413 2331 1479 2370 jam
1495 2337 1564 2360 tunc
1574 2337 1696 2370 coeptum
1710 2341 1771 2361 esse

198 2381 273 2410 solvi
284 2382 439 2410 sabbatum
452 2392 460 2408 :
474 2378 677 2417 undecumque
690 2379 807 2407 initium
823 2381 889 2418 quis
907 2379 1006 2416 ducat,
1020 2389 1135 2409 necesse
1153 2384 1196 2407 est
1211 2379 1366 2407 sabbatum
1384 2378 1511 2406 incidere
1526 2377 1557 2405 in
1574 2382 1683 2416 septem
1702 2378 1771 2407 illos

197 2430 270 2458 dies.
286 2427 385 2459 Statuit
397 2436 461 2466 ergo
473 2426 681 2466 chrysostomus
694 2432 827 2465 praecepta
839 2425 887 2455 illa
902 2426 936 2455 ad
950 2426 1109 2456 exteriorem
1123 2425 1226 2455 cultum
1242 2423 1411 2465 pertinentia,
1421 2433 1474 2452 non
1491 2423 1574 2452 fuisse
1586 2423 1630 2454 vel
1644 2434 1658 2452 a
1673 2423 1770 2454 sanctis

197 2475 264 2504 viris
274 2481 347 2504 tanta
362 2473 492 2513 religione
505 2479 610 2501 servata
620 2494 628 2508 ,
640 2478 671 2500 ut
681 2472 849 2501 circumcisio
861 2478 888 2501 et
901 2473 1055 2501 sabbatum.
1069 2474 1100 2502 ln
1114 2472 1156 2501 his
1175 2472 1269 2510 utique
1285 2481 1338 2500 non
1355 2470 1440 2499 alium
1453 2480 1536 2509 quam
1545 2470 1769 2510 chrysostomum

197 2532 338 2560 agnoscere
351 2530 476 2560 possum;
489 2518 557 2558 quid
567 2529 631 2548 vero
646 2518 668 2547 si
684 2529 746 2548 cum
759 2525 798 2548 tot
813 2518 874 2548 aliis
888 2519 1050 2558 argumentis
1060 2519 1110 2548 hoc
1123 2518 1203 2548 etiam
1215 2518 1258 2558 adj
1264 2516 1451 2557 ungas?Alibi
1465 2526 1572 2555 quoque
1592 2516 1619 2545 in
1630 2516 1680 2546 hac
1694 2517 1767 2557 Syn—

197 2569 255 2607 opsi
270 2568 327 2596 loca
341 2567 467 2606 reperias,
479 2566 526 2595 ubi
540 2565 654 2604 scriptor
665 2575 692 2594 se
706 2575 767 2594 cum
778 2566 796 2600 J
799 2565 882 2594 udaeis
898 2576 967 2606 saepe
980 2576 1088 2595 manum
1103 2575 1241 2594 conserere
1255 2563 1420 2593 subindicat.

238 2617 334 2645 Praeter
348 2615 402 2644 haec
419 2620 587 2653 argumenta,
603 2623 661 2652 qum
683 2624 745 2643 sane
763 2613 931 2643 validissima
951 2624 1006 2643 esse
1026 2624 1105 2664 negno
1125 2624 1139 2642 a
1161 2612 1333 2652 praejudicata
1349 2611 1475 2651 opinione
1489 2610 1559 2640 liber
1574 2621 1626 2640 non
1641 2611 1765 2653 fateatur,
