1890 2826
699 168 731 190 IN
760 167 907 190 GENESIM

112 233 155 262 καὶ
181 231 397 271 ἀπαγγελλόντων
424 231 505 270 αὐτῷ,
535 230 575 258 ὅτι
603 228 725 268 βούλεταί
756 240 784 257 σε
812 229 875 257 ἰδεῖν

111 272 241 312 Ἡρώδης,
249 274 267 307 ἡ
277 270 340 310 ἇγία
349 270 393 300 καὶ
404 270 507 309 μεγάλη
519 269 591 310 φωνὴ
602 267 774 308 ἀποκριθεῖσά
781 279 860 307 φησιν
867 279 873 286 ·

110 311 211 340 Εἴπατε
225 313 258 346 τῆ
273 310 391 339 ἀλώπεκι
411 309 504 349 ταύτῃ,
517 309 632 348 σήμερον
646 308 691 337 καὶ
703 307 793 347 αὔριον
806 309 875 336 ποιῶ

111 355 218 389 σημεῖα,
231 343 277 379 καὶ
295 351 330 389 τῇ
350 349 426 390 τρίτῃ
446 351 608 387 τελειοῦμαι.
628 347 729 376 lituum
751 349 784 386 τῇ
803 347 874 376 ἀλώ-

109 402 171 419 πεκι
184 390 277 428 ταύτῃ,
290 389 347 418 ἀντὶ
358 392 413 424 τοῦ,
427 391 460 428 τῇ
478 386 727 427 πεπανουργευμένῃ
745 388 828 427 ψυχῇ,
841 388 874 425 τῇ

126 430 226 469 εμούση
238 429 324 464 δόλου,
337 429 382 458 καὶ
392 428 480 463 πάσης
496 427 623 467 πονηρίας
637 427 682 456 καὶ
698 426 874 466 ῥᾳδιουργίας.

121 470 220 508 Εγνως,
232 469 339 509 ἀδελφέ,
351 470 408 502 πῶς
419 469 495 497 καλεῖ
505 467 564 500 τοὺς
575 466 737 506 πανούργους
749 468 767 501 ἡ
782 465 874 506 Γραφὴ

110 509 267 545 ἇλιῖνπεκαςς
285 509 373 538 Ὅταν
387 507 472 537 τοίνυν
485 508 564 546 λέγῃς
579 507 645 546 μετὰ
657 509 704 535 τοῦ
717 506 876 545 ψαλμῳδοῦ,

111 548 310 578 Εἷσελεύσονται
322 550 359 581 εἷς
371 547 403 576 τὰ
413 548 555 577 κατώτατα
568 549 616 581 τῆς
625 547 683 586 γῆς,
697 545 799 585 μερίδες
810 546 875 574 ἀλω-

109 589 198 618 πέκων
213 588 326 624 ἔσονται,
342 588 435 623 νόησον
448 588 479 617 τὸ
493 587 612 626 αἴνιγμα,
627 585 672 615 καὶ
687 585 724 624 μὴ
741 584 878 624 ὓπολάὸῃς

109 628 141 657 τὸ
160 628 269 667 αἴνιγμα
290 629 314 657 εἷ
335 627 372 666 μὴ
396 629 432 660 εἷς
451 626 561 666 θεωρίαν
579 625 800 663 ἐκλαμὸάνεσθαι.
822 624 876 653 Καὶ

934 168 1044 191 sunno
1075 170 1109 192 11.
1599 160 1670 195 625

930 229 1019 266 detur,
1028 230 1226 260 consideremus
1235 232 1369 270 quomodo
1379 232 1446 262 alios
1452 233 1531 262 ctiam
1542 234 1671 272 quosdam

930 279 980 308 pro
1001 276 1041 298 ter
1060 270 1214 300 varietatem
1233 278 1258 300 ct
1273 272 1459 309 calliditatem,
1479 274 1623 312 multaeque
1634 274 1670 303 si—

931 280 1087 338 mulinionis
1113 311 1218 350 plenam
1243 312 1325 340 animi
1351 312 1540 351 professionem
1551 335 1559 349 ‚
1575 313 1673 353 vulpes

931 348 1070 388 Scriptura
1093 350 1221 380 nominet.
1237 351 1277 380 Ea
1294 358 1405 391 propter
1424 352 1558 381 Herodem
1578 354 1673 391 utiquc

931 388 1035 417 varium
1051 388 1077 417 in
1092 390 1221 427 consiliis,
1234 397 1260 420 et
1272 390 1298 419 in
1317 391 1524 429 cogitationibus
1543 398 1672 428 astutum,

931 427 958 455 in
965 427 1100 467 impietate
1107 429 1253 466 viventem,
1264 441 1294 458 ac
1304 430 1410 469 pietatis
1418 431 1479 460 velo
1488 438 1672 470 personatum,

931 467 1055 497 Salvator
1070 468 1179 508 vulpem
1194 469 1321 514 appellat.
1337 470 1406 498 Cum
1420 470 1491 499 enim
1505 470 1675 500 advenissent

931 507 1067 543 nonnulli,
1078 515 1158 546 atque
1168 508 1219 548 ipsu
1231 508 1425 538 renuntiassent
1432 510 1565 539 Herodem
1583 509 1673 550 ipsum

931 546 1024 575 videre
1037 547 1118 582 velle,
1133 554 1190 577 tum
1203 555 1291 577 sancta
1302 548 1350 577 illa
1361 555 1386 577 et
1398 559 1494 587 magna
1503 560 1559 579 vox
1567 560 1675 589 respon-

930 585 997 615 dens
1009 587 1064 617 ait:
1076 587 1174 616 Dicite
1188 588 1272 627 vulpi
1286 589 1345 624 isti,
1361 589 1458 616 Hodie
1470 595 1499 617 et
1513 599 1577 618 cras
1590 591 1675 629 signa
1684 598 1739 634 pur,
1756 599 1789 620 13.

930 625 1023 663 facio,
1032 634 1059 656 et
1068 629 1154 656 tertia
1163 628 1212 656 die
1220 637 1413 657 consummor.
1419 628 1515 657 Dicite
1523 630 1609 668 vulpi
1617 631 1673 663 isli,
1684 629 1722 651 32,

103 667 190 705 ‚natm
207 670 323 708 ἀλλα-χοῦ
344 667 403 707 ἔφη,
418 666 522 706 μερίδες
538 667 685 705 ὑποκριτῶν
706 664 818 693 ἔσονται.
841 665 877 693 Οἱ
892 671 911 693 Ε
921 660 1007 703 'quasi
1021 666 1101 702 dicat,
1121 667 1217 695 animae
1229 667 1265 696 ad
1277 677 1383 696 omnem
1398 666 1572 697 calliditatem
1586 669 1672 705 sactae,

110 707 162 747 γὰρ
181 708 230 743 τὴν
251 702 374 743 ἀλῆθειαν
389 708 550 746 ἀγνοοῦντες,
569 707 598 734 οὖ
614 704 681 743 μετὰ
700 706 751 733 τῶν
765 705 877 740 πιστῶν,

112 747 180 776 ἀλλὰ
203 747 271 784 μετὰ
291 749 343 776 τῶν
365 747 513 786 ὑποκριτῶν
533 745 564 774 τὸ
584 745 663 785 μέρος
682 743 874 782 λαμὸἄνουσιν.

110 786 191 816 “oen
204 787 250 816 καὶ
263 789 277 816 ὁ
291 785 388 826 Σωτὴρ
396 786 444 822 τὴν
458 786 556 814 ἔννοιαν
570 784 669 819 ταύτην
680 782 874 822 ἐπισφραγίζων

110 826 174 865 φησὶ
194 826 254 866 περὶ
272 829 317 855 τοῦ
335 827 424 859 κακῶς
436 824 670 863 οἷκονομῆσαντος·
687 822 875 860 Εἷσελεύσεται

109 869 123 894 ὁ
145 865 273 901 δεσπότης
299 868 344 894 τοῦ
374 864 475 894 οἰκέτου
499 864 606 899 ἐκείνου,
632 862 677 892 καὶ
702 862 873 901 διχοτομήσει

110 905 197 941 αὐτὸν,
208 905 294 934 καὶτὸ
304 905 382 945 μέρος
396 906 473 934 αὐτοῦ
487 904 557 933 κατὰ
566 905 618 932 τῶν
628 904 776 942 ὑποκριτῶν
789 902 873 937 θήσει.

110 944 178 978 Τοὺς
189 945 274 974 τοίνυν
285 944 427 984 ὑποκριτὰς
440 943 580 976 ἀλώπεκας
594 943 717 972 ἐκάλεσεν
731 943 746 976 ἡ
766 941 871 981 Γραφή.

110 985 157 1018 Εἷς
169 984 298 1018 τοσαύτας
309 980 364 1020 οὗν,
375 984 491 1024 ἀδελφοὶ,
505 985 631 1023 ἀπρεπεῖς
644 981 795 1020 κατηνέχθη
811 992 874 1020 μορ-

109 1024 159 1064 φὰς
179 1023 224 1053 καὶ
246 1024 384 1063 ὁμοιώσεις
404 1026 421 1059 ἡ
443 1023 520 1052 εἰκὼν
539 1025 585 1051 τοῦ
606 1023 689 1057 Θεοῦ,
709 1020 778 1049 ὥστε
801 1021 874 1050 οὐδὲν

109 1064 197 1103 ἕτερον
218 1064 340 1103 ὀνομάζει
360 1066 377 1099 ἠ
398 1062 492 1103 Γραφὴ
516 1062 565 1097 τὴν
582 1060 737 1099 οἰκουμένην
758 1059 874 1095 ἅπασαν,

109 1103 170 1143 πρὶν
185 1104 324 1143 ἐπιλάμψῃ
337 1104 404 1142 αὐτῇ
418 1105 435 1138 ἡ
449 1104 543 1141 γνῶσις
557 1103 604 1136 τῆς
619 1099 761 1134 εὗσεὸείας,
779 1098 796 1134 ἢ
810 1099 875 1128 ἅλο-

99 1154 144 1181 ’γα
154 1165 162 1178 ,
186 1142 231 1172 καὶ
260 1145 357 1179 κτήνη,
384 1142 430 1171 καὶ
456 1141 563 1181 ἑρπετὰ,
587 1140 632 1169 καὶ
654 1141 734 1178 θῆρας
757 1138 872 1178 ἀγρίους.

111 1182 214 1220 Ἀμέλει
231 1185 293 1221 γοῦν
307 1182 352 1211 καὶ
365 1182 409 1210 τὸν
422 1185 563 1221 κορυφαῖον
578 1182 631 1209 τῶν
645 1178 799 1208 ἀποστόλων
817 1178 875 1207 Πέ-

109 1233 170 1261 τρον
185 1222 320 1261 βουληθεὶς
332 1224 346 1251 ὁ
356 1221 537 1262 φιλάνθρωπος
548 1220 616 1252 Θεὸς
630 1219 798 1266 δυσωπῆσαι,
805 1217 874 1247 ὥστε

109 1261 210 1294 πάντας
223 1262 346 1301 δέχεσθαι
360 1260 420 1294 τοὺς
431 1262 462 1290 ἐκ
474 1261 527 1289 τῶν
538 1259 691 1298 ἀλλοφύλων
704 1268 874 1297 προσιοντας,

109 1300 158 1336 τὴν
169 1301 317 1338 θαυμασίαν
327 1301 431 1336 ’ἐκείνην
447 1300 493 1329 καὶ
513 1298 587 1335 ξένην
598 1298 677 1332 ἔδειξε
699 1296 803 1326 σινδόνα
820 1309 872 1326 κα-

929 705 1016 744 plenae
1033 706 1108 744 dolo,
1124 714 1152 736 et
1165 706 1238 736 omni
1259 706 1360 735 malitia
1375 713 1401 736 et
1412 706 1529 736 fallacia.
1545 707 1674 738 Animad-

929 745 1023 783 vertis,
1037 746 1130 782 frater,
1145 756 1199 785 quo
1210 753 1287 786 pacto
1298 745 1411 776 callidos
1425 746 1563 786 Scriptura
1577 747 1673 788 vulpes

929 785 1067 830 appellet?
1090 786 1316 824 Quotiescumque
1341 786 1425 825 igitur
1450 796 1512 815 cum
1536 787 1672 827 psalmista

927 824 1039 862 dixeris,
1059 827 1227 855 Introibunt
1241 827 1273 853 in
1286 825 1431 866 inferiora
1455 830 1560 863 terrm,
1573 833 1671 865 partes
1684 832 1750 854 Psnl.
1767 834 1805 854 ⁶52.

927 864 1063 904 vulpium
1077 872 1172 902 erunt,
1192 865 1312 904 intellige
1332 865 1457 904 mnigma,
1478 876 1564 903 neque
1577 866 1671 895 existi-
1685 868 1720 885 ¹⁰·
1736 870 1769 886 ¹¹·

928 913 983 932 mes
997 905 1121 943 aenigma,
1138 904 1210 933 haud
1224 904 1301 934 aliter
1313 915 1394 950 quam
1407 915 1455 944 per
1469 905 1672 944 intelligentiam

928 943 1025 983 accipi.
1041 945 1077 973 Et
1089 954 1183 973 rursus
1194 944 1260 972 alibi
1274 943 1351 979 dicit,
1366 945 1457 973 Partes
1469 944 1671 984 hypocritarum

928 989 1017 1011 erunt.
1035 983 1090 1020 Qui
1105 983 1176 1012 enim
1189 983 1328 1012 veritatem
1343 984 1477 1022 ignorant,
1493 994 1546 1013 non
1561 994 1622 1014 cum
1636 985 1670 1014 fi-

927 1021 1036 1051 delibus
1051 1045 1058 1058 ,
1079 1022 1127 1052 sed
1149 1033 1212 1052 cum
1230 1022 1380 1062 hypocritis
1399 1030 1505 1068 partem
1525 1024 1668 1065 accipiunt.

927 1061 1008 1091 Unde
1022 1068 1047 1091 et
1060 1061 1185 1092 Salvator
1204 1062 1273 1091 hanc
1294 1069 1451 1092 sententiam
1471 1063 1614 1103 obsignans
1634 1065 1671 1095 ait

927 1100 963 1129 de
976 1111 1007 1130 eo
1016 1102 1064 1140 qui
1077 1103 1147 1131 male
1157 1101 1348 1141 dispensatoris
1359 1113 1470 1131 munere
1476 1103 1583 1133 functus
1595 1111 1650 1134 erat
1661 1118 1668 1134 :

928 1142 1056 1170 Intrabit
1069 1142 1204 1171 dominus
1224 1143 1302 1170 servi
1319 1142 1414 1179 illius,
1427 1148 1455 1171 et
1469 1143 1579 1172 dividet
1590 1154 1668 1182 eum,
1682 1145 1767 1167 Manli.
1782 1146 1819 1174 231-

925 1186 1096 1220 partemque
1114 1182 1177 1221 ejus
1194 1187 1282 1220 ponet
1297 1191 1363 1210 cum
1383 1182 1555 1220 hypocritis.
1576 1176 1719 1222 Itaque⁵¹·

927 1219 1082 1259 hypocritas
1107 1219 1255 1260 appellavit
1279 1221 1418 1260 Scriptura
1437 1221 1542 1262 vulpes‘.
1562 1223 1592 1251 ln
1615 1230 1669 1253 tam

928 1260 1027 1289 multas
1040 1270 1114 1299 ergo,
1129 1261 1234 1295 fratres,
1248 1259 1348 1299 dejecta
1363 1267 1401 1289 est
1420 1260 1558 1291 indecoras
1570 1262 1672 1302 figuras

928 1304 956 1327 et
968 1299 1160 1329 similitudines
1172 1299 1260 1338 imago
1275 1299 1336 1333 Dei,
1350 1300 1388 1329 sic
1399 1307 1428 1329 ut
1442 1310 1495 1330 non
1510 1301 1570 1330 aliis
1581 1304 1671 1331 nomi-

109 1340 230 1379 οιεμένην
248 1342 279 1370 ἐκ
297 1343 343 1370 τοῦ
365 1341 474 1379 οὐρανοῦ
493 1340 521 1368 ἐν
541 1338 663 1378 τετράσιν
683 1339 700 1367 ἀ
717 1341 788 1376 χαῖς,
807 1337 834 1365 ἐν
855 1332 874 1374 ἦ
891 1353 909 1374 A
928 1338 1008 1368 nibus
1021 1349 1127 1368 omnem
1136 1346 1268 1369 terrarum
1280 1339 1373 1368 orbem
1391 1350 1425 1385 ap
1445 1340 1507 1370 ellet
1520 1342 1671 1382 Scriptura,

110 1382 214 1420 ὑπῆρχε
227 1380 313 1410 πάντα
327 1380 362 1410 τὰ
374 1379 522 1420 τετράποδα
535 1381 582 1415 τῆς
594 1380 653 1417 γῆς,
666 1389 701 1406 κα
720 1376 754 1405 τὰ
768 1376 875 1405 πετεινὰ

109 1421 286 1489 fflpffff’
298 1420 344 1489 ”3²
355 1418 535 1489 ‘'i‘1t⁰⁷¹‘²“²‘‹›u’“'‘l
542 1417 663 1487 Ῐῗῖζῗτάὲ
673 1416 796 1486 ’ῗῗῧηὲῖ
808 1416 875 1484 ἕὲἷέῗ

111 1499 203 1532 στολος
216 1470 542 1549 ἔρηῆσῖίξιδαμξςῗείἰύρῗὲ
552 1509 558 1516 ·
572 1468 695 1526 uestita-ie
708 1495 760 1543 γαρ
780 1494 875 1543 ἔφαγον

111 1542 164 1567 πᾶν
177 1549 273 1575 κοινον,
285 1539 330 1569 καὶ
341 1539 496 1577 ἀκάθαρτον.
509 1536 649 1576 Ἀγνοήσας
659 1535 710 1574 γὰρ
720 1546 767 1569 της
779 1536 876 1567 εἷκονος

111 1577 142 1606 τὸ
163 1577 272 1616 αἴνιγμα
284 1581 299 1608 ὁ
311 1578 426 1617 Πέτρος,
444 1576 489 1605 καὶ
507 1576 617 1615 νομίσας
638 1573 750 1609 αἰσθητὰ
763 1568 830 1602 εἶναι
843 1573 876 1602 τὰ

111 1616 232 1656 ὁρώμενα
241 1640 249 1654 ,
276 1616 435 1656 ἀπαγορεύει
459 1615 509 1650 τὴν
531 1616 638 1655 βρῶσιν,
661 1613 710 1649 τὴν
733 1612 878 1648 Ἰουδαῖκῆν

111 1655 250 1724 φμδλρίττων
266 1656 418 1725 διιτυνήθειοιν,
438 1655 482 1724 {ozi
502 1666 577 1705 φησι,
594 1651 876 1728 θρίέδέἑῶςένΚειὲριεδὲ·

111 1706 235 1774 ἷίδύὲίὲἰτὲ
247 1708 264 1735 γ
285 1696 444 1776 ἓτρέἶζΐίῖιντόῖ
453 1706 610 1766 ’νῖἲοδνέέὸς
624 1704 783 1779 ἐέαθάρρίιῐτεζ
790 1730 822 1760 σὺ
838 1731 875 1769 μὴ

109 1774 205 1803 κοίνου.
226 1747 320 1804 'Ru-toz
344 1774 429 1804 τοίνυν
452 1773 582 1813 διελέγετο
598 1774 612 1802 ὁ
633 1771 730 1811 Σωτὴρ
748 1782 787 1810 τῳ
807 1771 876 1800 ἀπο-

110 1813 196 1854 στόλῳ
209 1814 270 1854 περὶ
282 1816 334 1844 τῶν
345 1813 510 1854 τετραπόδων
518 1814 571 1842 τῶν
584 1811 756 1852 φαινομένων,
767 1810 811 1840 καὶ
824 1811 876 1839 τῶν

110 1853 206 1892 θηρίων
223 1854 269 1883 καὶ
287 1856 339 1884 τῶν
358 1855 497 1883 πετεινῶν·
512 1855 526 1882 ὁ
540 1852 568 1881 δὲ
586 1852 730 1884 ἀπόστολος
749 1853 794 1879 τοῦ
809 1851 876 1890 Χρι-

110 1895 172 1922 στοῦ
193 1893 295 1933 Πέτρος
313 1893 404 1929 ἐνόησε
419 1893 486 1932 μετὰ
506 1894 600 1927 ταῦτα,
621 1892 662 1921 ὅτι
677 1893 706 1920 οὖ
721 1890 754 1920 τὰ
769 1889 875 1919 πετεινὰ

110 1932 156 1961 καὶ
169 1933 203 1962 τὰ
220 1933 298 1973 θηρία
311 1933 417 1973 ᾐνίξατο
429 1935 444 1962 ὁ
458 1932 554 1971 Σωτὴρ
569 1931 612 1961 διὰ
624 1933 672 1967 τῆς
684 1930 785 1966 ὀθόνης,
806 1930 875 1959 ἀλλὰ

947 1378 1084 1417 riusquam
1097 1379 1147 1408 ista
1157 1378 1274 1418 cognitio
1286 1378 1392 1418 pietatis
1402 1380 1422 1408 il
1436 1388 1580 1418 acesceret,
1589 1392 1670 1420 quam

926 1388 1080 1454 brutorum,
1086 1419 1283 1464 jumentorum,
1295 1425 1320 1447 ct
1331 1419 1469 1458 reptilium
1484 1426 1564 1459 atque
1577 1421 1672 1450 imina-

928 1458 1003 1486 nium
1027 1458 1182 1487 bestiarum.
1211 1457 1358 1487 Enimvero
1384 1458 1474 1498 ipsum
1497 1461 1672 1500 coryphaeum

928 1497 1110 1536 apostolorum
1134 1498 1242 1526 Petrum
1254 1519 1262 1533 ,
1284 1507 1347 1526 cum
1370 1497 1578 1537 benignissimus
1599 1501 1671 1530 Deus

929 1536 1071 1565 admonere
1079 1536 1172 1573 vellet,
1185 1543 1215 1565 ut
1224 1546 1258 1564 ex
1268 1536 1424 1575 alienigenis
1439 1547 1530 1567 omnes
1548 1538 1671 1569 admitte-

930 1582 980 1611 ret,
997 1575 1045 1614 qui
1058 1576 1232 1612 scot'ferrent,
1252 1574 1440 1605 admirabilem
1462 1577 1538 1605 illam
1548 1584 1574 1606 et
1586 1578 1672 1608 inusi-

929 1620 1010 1643 tatam
1024 1614 1164 1644 sindonem
1185 1615 1404 1644 commonstravit
1421 1615 1475 1652 illi,
1487 1626 1547 1654 quae
1559 1616 1593 1646 dc
1606 1619 1671 1648 caelo

930 1660 1044 1692 quatuor
1058 1654 1143 1683 initiis
1152 1653 1372 1688 submittebatur,
1389 1653 1416 1683 in
1427 1665 1480 1693 qua
1493 1663 1568 1685 erant
1581 1659 1671 1687 omnia

929 1692 1116 1733 quadrupedia
1133 1700 1221 1730 terrae‚
1236 1699 1262 1722 et
1275 1692 1395 1723 volatilia
1415 1694 1485 1731 caeli,
1500 1701 1526 1724 ct
1537 1695 1628 1726 bestiae
1645 1704 1671 1727 ct

929 1733 1036 1772 reptilia
1050 1744 1057 1761 ε
1071 1739 1096 1761 et
1108 1733 1146 1762 ait
1159 1732 1194 1762 ad
1206 1743 1279 1770 cum,
1298 1732 1398 1772 Surge,
1419 1734 1519 1772 Petre,
1535 1737 1636 1766 occide
1644 1744 1672 1767 et
1681 1752 1774 1776 Acmo.
1783 1752 1817 1774 ¹3,

930 1773 1087 1801 manduca.
1103 1772 1148 1801 Ait
1165 1779 1253 1801 autem
1273 1773 1410 1812 apostolus
1424 1785 1430 1802 ε
1447 1773 1547 1810 Absit,
1566 1776 1669 1806 Domi·
1684 1784 1719 1812 14.

931 1822 966 1840 ne
976 1824 984 1840 .-
995 1822 1155 1851 numquam
1169 1813 1245 1841 enim
1260 1813 1439 1842 manducavi
1447 1823 1532 1843 omne
1541 1826 1671 1845 commu-

931 1862 978 1888 ne,
991 1858 1020 1880 et
1032 1852 1222 1881 immundum.
1237 1853 1367 1891 Ignorans
1381 1852 1453 1881 enim
1468 1853 1582 1893 aenigma
1594 1856 1670 1885 simi—

931 1890 1053 1920 litudinis
1079 1892 1173 1920 Petrus
1183 1913 1191 1927 ‚
1219 1898 1370 1931 putansque
1395 1892 1503 1921 sensilia
1529 1905 1585 1924 esse
1611 1906 1671 1935 quse

928 1931 1048 1966 videbat,
1062 1930 1284 1960 manducaturum
1299 1941 1327 1960 se
1340 1938 1428 1969 negat,
1450 1934 1670 1965 consuetudinem

110 1972 144 2001 τὰ
154 1972 215 2008 ἔθνη
229 1973 325 2009 πάντα,
338 1972 383 2002 καί
401 1983 465 2012 φησι
477 1974 516 2012 τῷ
529 1971 676 2011 Κορνηλίῳ,
691 1970 874 2009 διαλεγόμενος
889 1980 907 2003 13
928 1980 1037 2000 servans
1047 1971 1064 2000 J
1067 1969 1200 2007 iudaicam,
1211 1977 1237 2000 et
1246 1970 1294 2007 ait,
1306 1971 1408 2008 Absit,
1420 1974 1547 2002 Domine
1560 1985 1568 2002 :
1583 1985 1668 2004 num-

111 2013 200 2052 αὖτῷ·
222 2012 315 2051 ’Υμεῖς
336 2012 487 2048 ἐπίστασθε,
508 2010 549 2040 ὅτι
566 2010 689 2050 ἀθέμιτόν
708 2011 778 2039 ἔστιν
800 2011 847 2039 ἀνδ
864 2010 873 2039 l
895 2043 897 2045 Ι

110 2051 229 2092 Ἰουδαίῳ
245 2052 389 2082 κολλᾶσθαί
407 2063 458 2081 τινι
470 2050 609 2091 ἀλλοφύλῳ
619 2063 626 2069 ·
645 2053 659 2079 ὁ
672 2049 699 2079 δὲ
713 2049 782 2082 Θεὸς
794 2023 874 2083 ἔδειξέ

111 2102 156 2128 μοι
180 2091 280 2130 μηδενὰ
305 2092 389 2121 κοινὸν
411 2091 429 2126 ἢ
451 2090 598 2130 ἀκάθαρτον
619 2090 705 2129 λέγειν
729 2089 873 2129 ἄνθρωπον.

109 2130 235 2168 Ἐμαθες,
259 2132 322 2161 ἀδελ
342 2131 364 2165 ὲ,
388 2131 459 2164 ὅπως
478 2130 606 2171 διαφόρως
620 2134 678 2162 ταῖς
697 2131 750 2158 τῶν
772 2129 874 2168 ἀλόγων

108 2170 296 2210 προσηγορίαις
308 2143 484 2210 ὓΞρίσθημεη
501 2169 589 2199 Ὅταν
607 2169 686 2199 πάλιν
711 2169 828 2208 ἀναγνῷς
847 2170 874 2198 ἔν

161 2209 291 2279 {zet-‘³
314 2207 875 2278 ‘?⁶³*at'⁶‘;a2253522232202‘3⁶13

108 2261 175 2319 λέων
194 2261 327 2329 κίἶοὶοέἷ
337 2260 402 2327 iit?
415 2260 632 2327 βοσξιηθήσονται,
651 2287 697 2317 καὶ
715 2259 876 2335 ἐξαφέᾆυρα

108 2329 250 2369 φάγονται·
264 2327 356 2363 νόησον
368 2328 399 2357 τὸ
411 2327 531 2366 αἴνιγμα,
547 2326 592 2355 καὶ
610 2327 706 2356 ἔκλαὸε
726 2337 815 2365 σαφως
826 2328 874 2363 τὴν

109 2369 229 2409 θεωρίαν,
248 2368 288 2398 ὅτι
301 2369 331 2398 οὗ
344 2369 396 2396 τῶν
412 2366 513 2406 ἀλόγων
530 2365 628 2406 θηρίων
643 2366 748 2395 σύνοδον
772 2366 876 2405 μηνύει,

110 2408 178 2437 ἀλλὰ
199 2407 249 2444 τὴν
269 2410 321 2437 τῶν
344 2406 488 2447 ἀνθρώπων
507 2405 653 2441 κοινωνίαν,
672 2405 717 2435 καὶ
737 2406 874 2445 ἕρμηνεύει

109 2449 199 2487 σαφῶς
208 2449 256 2483 τῆς
269 2446 402 2480 εὗσιὸείας
415 2446 463 2482 τὴν
476 2444 622 2480 κοινωνίαν,
635 2445 680 2474 καὶ
699 2444 748 2480 τὴν
766 2446 809 2474 διὰ
828 2448 874 2482 τ’ῆς

109 2487 218 2537 pipizo<
245 2487 430 2554 ἐπιλάμῒασαν
456 2484 588 2524 σωτηρίαν
613 2489 694 2514 πᾶσιν
720 2484 873 2525 ἀνθρώποις.

124 2528 197 2555 Οταν
210 2525 262 2565 γὰρ
274 2525 332 2575 ἴδῃς

113 2568 243 2604 ρεστῶτα,
257 2566 363 2599 ἷδιωτην
377 2564 493 2603 ἄρχοντι,
503 2565 594 2598 εὐτελῆ
609 2565 646 2603 τῷ
656 2564 818 2603 ὑπερέχοντι,
830 2565 873 2594 τὸν

928 2020 1017 2049 quam
1034 2011 1112 2038 enim
1126 2010 1301 2039 manducavi
1315 2020 1399 2039 omne
1410 2021 1571 2048 commune,
1582 2021 1610 2043 et
1620 2015 1670 2043 im-

928 2050 1078 2078 mundum.
1100 2049 1233 2079 Dominus
1253 2057 1342 2079 autem
1362 2049 1397 2079 ad
1414 2061 1476 2080 eum
1496 2051 1578 2088 dixit,
1597 2055 1669 2092 Quoe
1679 2069 1767 2091 [baffi-
1783 2069 1817 2091 ,5,

928 2089 1009 2118 Deus
1021 2090 1196 2127 purificavit,
1207 2095 1239 2118 tu
1251 2091 1417 2119 communia
1432 2101 1468 2120 ne
1475 2092 1592 2122 dixeris.
1606 2095 1668 2123 Haec

927 2128 1017 2167 itaque
1028 2128 1151 2158 Salvator
1164 2138 1227 2158 eum
1249 2129 1370 2169 apostolo
1388 2129 1536 2160 disserebat
1548 2132 1582 2161 de
1595 2143 1668 2171 qua-

927 2167 1095 2213 drupedibus
1104 2167 1295 2208 apparentibus
1307 2175 1331 2198 et
1345 2169 1438 2198 bestiis
1450 2180 1481 2199 ac
1494 2171 1666 2210 volatilibus;

927 2207 1028 2237 Christi
1050 2218 1113 2238 vero
1132 2207 1268 2248 apostolus
1289 2209 1383 2237 Petrus
1406 2209 1539 2239 intellexit
1560 2218 1650 2251 postea
1659 2234 1667 2247 ‚

927 2247 1093 2276 Salvator-em
1106 2258 1158 2277 non
1171 2247 1291 2276 volatilia
1301 2255 1327 2277 et
1336 2248 1440 2277 belluas
1451 2249 1613 2288 significasse
1621 2261 1668 2289 per

928 2286 1052 2323 linteum,
1062 2286 1109 2316 scd
1123 2293 1213 2326 gentes
1227 2297 1328 2323 omnes,
1349 2287 1438 2325 aitque
1455 2289 1589 2324 Cornelio,
1605 2299 1666 2317 cum

927 2326 976 2356 illo
990 2326 1164 2365 colloquens:
1183 2327 1240 2355 Vos
1253 2328 1332 2355 scitis
1352 2327 1494 2365 quomodo
1512 2329 1660 2356 abomina-
1677 2342 1816 2365 ΔΝᾸΜΒ,

930 2372 990 2395 tum
999 2368 1109 2396 sitviro
1115 2367 1220 2395 Judaeo
1230 2367 1369 2405 conjungi
1378 2366 1467 2394 alicui
1478 2366 1664 2406 alienigenae:

928 2407 979 2435 sed
995 2407 1066 2436 mihi
1082 2406 1207 2435 ostendit
1223 2405 1303 2433 Deus
1324 2406 1466 2433 neminem
1487 2415 1666 2435 communem

927 2452 978 2474 aut
992 2446 1172 2475 immundum
1192 2445 1287 2472 dicere
1308 2445 1463 2482 hominem.
1478 2443 1614 2480 Didicisti‚
1629 2446 1666 2475 mi

926 2485 1018 2519 frater,
1032 2484 1166 2524 quomodo
1182 2483 1256 2512 varie
1269 2482 1421 2510 belluarum
1440 2483 1667 2521 appellationibus

358 2538 372 2554 ν
385 2524 512 2560 ἐκκλησία
525 2524 625 2559 πένητα
638 2524 755 2565 πλουσίῳ
768 2536 873 2564 συμπα-
890 2531 908 2554 C
928 2525 1057 2553 fuerimus
1071 2522 1246 2563 ignominiose
1260 2521 1361 2549 notati?
1377 2522 1482 2567 Rursus
1495 2533 1556 2551 cum
1571 2523 1667 2563 legeris
1678 2541 1734 2563 lw-¹
1746 2552 1753 2567 Ι
1763 2550 1782 2566 ,’
1793 2547 1816 2568 6-

503 2556 507 2564 ’
931 2565 956 2593 in
968 2564 1096 2603 propheta
1108 2561 1187 2597 lsaia,
1208 2561 1287 2589 Tunc
1301 2560 1385 2598 lupus
1406 2561 1494 2590 semul
1511 2572 1575 2592 cum
1589 2575 1666 2604 agno
1677 2578 1699 2599 7.
1709 2575 1815 2599 ciocum
