1890 2826
804 224 837 247 {N

136 291 220 318 ταῦτα
241 287 384 328 λεγόμενα;
406 287 455 322 Τίς
477 287 508 316 ἂν
531 285 613 319 οὕτως
636 285 825 326 ἐφιλοσόφησεν
833 297 842 322 ;
867 286 902 314 Οἱ

135 334 282 375 προφήταις
303 333 485 374 ἔντρεφόμενοι
504 333 578 363 οὐδὲν
599 332 699 362 τούτων
712 331 794 366 οὕτως
811 332 904 373 ἐφθέγ-

135 391 221 419 γοντο,
239 379 308 410 ἀλλὰ
319 379 456 410 τάναντία.
471 380 512 410 Οὐ
532 378 570 418 μὴ
584 378 767 418 ἀγαθοποιήσῃ
788 378 903 419 Κύριος,

135 426 216 466 φησὶ,
228 426 288 457 οὐδὶ
299 428 329 456 οὗ
343 426 381 466 μὴ
395 425 573 465 κακοποιήσῃ.
586 425 641 455 Καὶ
653 424 744 460 πάλιν,
755 425 816 455 Οὐκ
832 425 860 454 ἐν
871 426 905 463 τῇ

135 472 209 512 ἰσχύϊ
221 474 299 512 ἡμῶν
315 472 428 513 ἔσχομεν
442 471 556 511 κίρατας
571 471 641 507 Καὶ,
654 472 715 505 Πᾶς
727 472 811 500 ποιῶν
824 481 907 507 πονη-

111 521 119 527 “
137 518 191 559 pin,
203 518 284 550 καλὸν
295 518 406 549 ἐνώπιον
417 517 526 558 Κυρίου,
539 518 584 547 καὶ
595 518 623 547 ἐν
635 518 724 551 αὐτοῖς
739 517 817 551 αὐτὸς
829 517 908 554 ηὖδό-

136 576 211 602 κησε.
221 563 285 603 Koa,
293 564 330 595 Τί
337 564 429 604 ὄφελος
440 563 481 594 ὅτι
489 563 679 603 ἐδουλεύσαμεν
692 564 781 604 αότῷ;
792 558 868 597 Εἶδες
880 564 907 592 ἐν

865 222 1051 247 DAMELElth

1628 207 1695 244 265

957 291 1007 314 ctu
1023 284 1154 321 Domini,
1167 289 1192 314 et
1206 286 1237 314 in
1250 285 1293 314 his
1305 283 1479 323 complacuit
1493 285 1529 312 ei.
1544 284 1578 313 Et
1594 295 1600 312 :
1613 283 1698 322 Quod
1707 289 1809 312 [bidom
1821 290 1855 318 ιβ,-

958 331 1192 369 emolumentum,
1214 333 1284 371 quia
1305 333 1455 361 serviimus
1476 332 1547 361 illi?
1563 330 1650 362 Vides
1670 331 1699 360 iu

959 377 1099 407 Palaestina
1117 378 1242 418 dogmata
1261 378 1396 409 satanica?
1409 377 1485 409 vides
1507 378 1536 407 in
1559 377 1701 407 barbarico

960 423 1018 453 solo
1031 424 1232 465 philosophiam
1241 424 1426 465 propheticam
1435 424 1449 453 Ρ
1465 425 1528 455 Haec
1540 423 1633 463 figurae
1641 430 1704 452 sunt

961 469 1052 509 gratiae
1073 470 1146 510 apud
1167 478 1257 510 gemes
1276 471 1390 509 futur-'123
1406 477 1432 501 et
1443 469 1517 509 quod
1529 469 1640 510 gentiles
1656 469 1703 499 de-

962 515 1042 545 beant
1062 523 1225 547 antevertere
1242 517 1362 554 Judaeos,
1377 528 1408 547 ac
1431 517 1596 557 praesultare.
1611 517 1703 546 Postea

961 562 1092 600 Baltasar,
1107 573 1169 593 cum
1182 563 1209 593 in
1223 564 1272 594 illo
1286 563 1412 594 convivio
1425 563 1518 593 ebrius
1535 569 1614 599 esset,
1626 562 1705 602 jubet

137 609 303 651 Παλαιστίνῃ
315 609 435 650 δόγματα
450 609 596 647 σατανικάς
605 605 671 644 εἶδες
681 609 726 639 ἐπὶ
739 611 787 646 τῆς
801 608 905 649 βαρὸά-
923 615 944 639 1)
962 620 1025 639 vasa
1037 609 1116 639 educi
1130 621 1137 638 ε
1150 611 1228 650 quasi
1239 611 1267 641 in
1277 610 1389 641 victoria
1407 610 1490 650 patris
1502 609 1632 649 gloriam,
1647 621 1705 639 ma-

137 667 182 696 ρου
193 656 348 698 φιλοσοφίαν
364 655 550 696 προφητικήν;
564 657 659 686 Ταῦτα
669 655 748 686 τύποι
760 657 813 686 τῶν
826 656 907 685 ἐθνῶν

136 704 184 739 τῆς
202 703 350 743 μελλούσης
365 702 471 732 ἔσεσθαι
483 702 606 743 χάριτος,
623 702 665 732 ὅτι
682 703 852 742 προπηδῆσαι
871 697 907 731 εἶ-

137 760 186 789 χον
199 744 271 779 οὗτοι
285 749 400 779 ἐκείνων.
420 751 431 764 “
441 743 510 778 Εἶτα
523 749 538 777 ὃ
551 748 694 788 Βαλτάσαρ
714 749 742 778 ἐν
756 748 822 788 μέθῃ
837 759 907 787 συμ-

138 794 231 824 ποσίου
256 794 398 835 γενομένου
423 793 525 824 κελεύει
554 794 589 824 τὰ
611 794 693 830 σκεύη
717 793 884 834 ἐξενεχθῆναι
898 816 906 830 ,

137 840 229 881 ὥσπερ
241 839 459 882 φιλοτιμούμενος
472 840 516 870 ἐπὶ
528 841 562 880 τῇ
575 839 636 881 νίκῃ
646 842 693 870 τοῦ
704 840 819 880 πατρὸς,
834 842 906 879 μᾶλ-

138 887 184 916 λον
203 887 232 917 δὲ
252 887 432 927 ἐμπαροινῶν·
450 885 468 922 ἢ
481 885 572 922 ἐπειδὴ
588 885 679 916 θεαταὶ
694 887 746 916 τῶν
761 886 907 926 γενομένων

138 927 206 968 ἦσαν
220 932 324 968 ἐκεῖνοι,
337 932 406 962 ὥστε
426 932 546 962 καθελεῖν
562 933 649 962 αὐτῶν
662 932 693 962 τὸ
706 935 804 971 θαῦμα,
819 933 834 962 ὃ
846 933 907 972 περὶ

137 976 183 1006 τὸν
195 977 266 1008 Θεὸν
285 973 368 1018 εἶχον.
390 978 445 1008 Καὶ
458 981 536 1008 τοῦτο
557 977 584 1012 ἐξ
604 978 783 1018 ὑπερηφανίας
799 974 907 1019 ῧεῖχον,

138 1023 219 1063 ἤγουν
230 1023 330 1063 ἐγίνετο
343 1024 389 1054 καὶ
404 1023 497 1063 μέθης.
511 1023 715 1063 Φυλαττώμεθα
734 1023 826 1063 μέθην,
840 1026 908 1063 ἀγα-

138 1069 227 1106 πητοί.
242 1069 336 1099 Πολλὰ
355 1069 406 1110 γὰρ
427 1070 514 1098 ἄτοπα
526 1069 628 1109 γίνεται
640 1069 692 1099 ὑπὸ
708 1069 816 1107 ταύτης.
828 1069 908 1100 Ἀλλὰ

139 1115 184 1144 καὶ
198 1115 320 1154 μεγάλων
334 1115 496 1155 περιγίνεται
517 1115 618 1155 ἀνδρῶν
631 1117 648 1151 ἡ
664 1114 732 1154 μέθη
743 1116 792 1144 ·.ἐν
805 1114 857 1155 γὰρ
870 1117 908 1156 τῷ
925 1117 943 1141 E

139 1160 283 1199 γεύσασθαι
304 1163 352 1190 τοῦ
369 1159 439 1190 οἴνου
457 1160 579 1190 ἐκέλευσε
599 1162 684 1190 τοῦτο.
700 1159 782 1200 Ἄπερ
793 1163 807 1190 ὁ
820 1161 909 1202 πατὴρ

140 1206 259 1236 ἐκὸαλὼν
269 1206 402 1247 ἐφείσατο,
413 1205 458 1236 καὶ
470 1206 547 1240 αὐτὸς
555 1206 604 1242 τὴν
615 1206 692 1236 πόλιν
702 1206 768 1236 ἑλὼν
778 1207 826 1236 οὐκ
837 1207 910 1237 ἐτόλ-

141 1263 225 1290 μησεν
241 1253 279 1286 εἰς
296 1251 462 1292 ἀνθρωπίνην
481 1253 595 1292 ἐνεγκεῖν
609 1252 742 1282 διακονίαν
753 1254 850 1288 ταῦτα,
861 1249 908 1282 οἷ-

140 1309 184 1331 τος
195 1297 256 1338 οὐχὶ
269 1301 281 1314 ‘²
290 1298 367 1331 αὐτὸς
380 1298 458 1336 μόνος
466 1319 474 1335 ,
490 1297 559 1327 ἀλλὰ
571 1297 617 1327 καὶ
628 1302 769 1337 μεγιστᾶσι
782 1298 828 1328 καὶ
840 1300 908 1337 παλ-

139 1342 229 1374 λακίσι
239 1343 284 1373 καὶ
297 1343 467 1384 παρακοίτοις
477 1344 516 1378 εἰς
523 1345 620 1383 χρῆσιν
632 1342 766 1377 ἐξέδωκεν.
790 1347 794 1351 ”

449 1441 538 1472 ΚΕΦ.
564 1441 594 1471 ε’.

178 1527 349 1569 Βαλτάσαρὸ
369 1529 493 1569 βασιλεὺς
513 1529 622 1566 ἐποίησε
642 1530 747 1560 δεῖπνον
764 1529 834 1570 μέγα
854 1535 908 1565 τοῖς

140 1579 295 1614 μεγιστᾶσιν
308 1575 387 1605 αὐτοῦ
399 1576 496 1615 χιλίοις
505 1598 514 1613 ,
532 1576 578 1606 καὶ
591 1574 731 1605 κατέναντι
747 1577 801 1605 τῶν
813 1576 909 1616 χιλίων

139 1622 154 1651 ὁ
165 1615 240 1654 οἶνος.
253 1620 343 1650 Πίνων
355 1621 499 1662 Βαλτάσαρ
514 1623 529 1651 ὃ
542 1622 666 1661 βασιλεὺς
679 1617 751 1651 εἶπεν
762 1623 790 1652 ἐν
804 1624 839 1662 τῇ
850 1622 910 1662 γεύ-

139 1677 181 1695 σει
192 1668 238 1695 τοῦ
253 1667 338 1704 οἴνου,
356 1669 402 1697 τοῦ
420 1669 534 1707 ἐνεγκεῖν
547 1667 581 1696 τὰ
599 1667 680 1705 σκεύη
698 1667 733 1697 τὰ
745 1672 850 1709 χρυσᾶ,
864 1669 909 1698 καὶ

140 1711 174 1741 τὰ
186 1713 297 1754 ἀργυρᾶ,
314 1713 332 1743 ἃ
346 1713 469 1754 ἐξήνεγκε
484 1714 717 1754 Ναὸουχοδονόσορ
731 1716 745 1744 ὁ
759 1714 849 1755 πατὴρ
863 1716 910 1744 αὔ-

140 1760 186 1787 ‘coia‘
196 1759 227 1789 lx.
236 1762 283 1789 τοῦ
294 1762 358 1789 ναοῦ
371 1763 418 1789 τοῦ
430 1761 458 1789 ἐν
472 1759 658 1800 Ἰερουσαλὴμ,
674 1759 720 1790 καὶ
733 1760 867 1791 πιέτωσαν
881 1762 909 1790 ἐν

140 1805 228 1838 αὐτοῖς
239 1807 254 1836 ὁ
268 1805 405 1846 βασιλεὺς,
418 1806 463 1836 καὶ
475 1807 499 1835 οἱ
514 1810 669 1845 μεγιστᾶνες
690 1807 770 1836 αὐτοῦ
779 1830 788 1844 ,
803 1806 868 1836 ’καὶ
884 1808 909 1836 οἳ

140 1850 310 1891 παράκοποι,
328 1851 374 1884 καὶ
387 1853 415 1881 αἱ
432 1852 567 1882 παλλακαὶ
588 1853 677 1882 αὒτοῦ.
694 1852 748 1882 Καὶ
759 1852 909 1893 ἠνέχθησαν

140 1896 175 1927 τὰ
187 1897 269 1933 σκεύη
285 1897 322 1928 τὰ
334 1899 437 1939 ἀργυρᾶ
450 1898 495 1927 καὶ
511 1898 547 1928 τὰ
565 1903 667 1939 χρυσᾶ,
684 1898 702 1927 ἃ
716 1898 837 1939 ἐξήνεγκε
852 1901 909 1931 Να·

140 1942 329 1983 ὅωχοδανόσορ
345 1945 376 1974 ἐκ
389 1947 436 1974 τοῦ
454 1946 518 1974 ναοῦ
532 1947 578 1974 τοῦ
590 1946 662 1975 Θεοῦ
674 1946 701 1975 ἐν
714 1944 893 1986 Ἰερουσαλήμ
902 1957 908 1964 ·
925 1957 943 1981 B

141 1988 186 2018 καὶ
200 1989 288 2020 ἔπινον
305 1991 333 2020 ἰν
354 1990 442 2024 αὐτοῖς
453 1992 468 2020 ὁ
483 1990 606 2029 βασιλεὺς
615 2013 623 2028 ,
646 1991 692 2021 καὶ
707 1992 732 2021 οἱ
755 1995 910 2031 μεγιστᾶνες

141 2036 231 2072 αὖτοῧ,
244 2035 290 2065 καὶ
300 2036 325 2065 οἱ
339 2035 495 2076 παράκοποι
510 2037 599 2074 αὐτοῦ,
613 2037 658 2067 καὶ
670 2038 698 2067 αἱ
711 2038 847 2067 παλλακαὶ
863 2039 908 2067 αὖ-

141 2083 196 2111 τοῦ.
218 2081 272 2113 Καὶ
291 2081 379 2112 ἔπινον
397 2076 477 2118 οἶνον,
496 2082 541 2112 καὶ
560 2083 656 2123 ᾔνεσαν
676 2084 737 2118 τοὺς
756 2084 829 2119 θεοὺς
849 2084 909 2119 τοὺς

143 2129 272 2167 χρυσοῦς,
283 2127 330 2158 καὶ
343 2129 471 2168 ἀργυροῦς
480 2151 488 2166 ,
506 2128 551 2158 καὶ
569 2130 684 2169 χαλκοῦς
693 2152 701 2166 ,
715 2129 760 2160 καὶ
772 2131 908 2171 σιδηροῦς,

143 2173 191 2202 καὶ
205 2172 319 2207 ξυλίνους
327 2195 337 2211 ,
348 2173 394 2203 καὶ
405 2173 526 2208 λιθίνους.
537 2170 615 2208 Εἶδις
626 2175 694 2205 αὐτὰ
705 2176 909 2215 λαμὸανόμενα;

146 2218 214 2247 Ἀλλ’
228 2217 278 2258 ἄρα
289 2219 376 2248 αὗπῖἱν
392 2218 442 2256 τὴν
455 2219 542 2260 ἰσχὺν,
550 2220 596 2250 καὶ
610 2221 679 2260 μετὰ
691 2221 722 2251 τὸ
733 2222 850 2258 ἁλῶναι,
864 2223 909 2252 καὶ

145 2264 252 2299 τεθῆναι
264 2264 292 2293 ἰν
304 2265 343 2304 τῷ
356 2264 490 2305 εἶδωλείῳ.
503 2265 595 2296 Ἔστω
610 2266 679 2297 κατὰ
692 2267 801 2307 γνώμην
812 2269 910 2302 ἐκεῖνος

145 2310 236 2338 αὐτοῦ.
250 2308 303 2338 Διὰ
316 2308 344 2338 τί
356 2309 400 2339 καὶ
412 2309 515 2348 τούτως
534 2311 586 2342 Διὰ
601 2312 648 2347 τὰς
661 2313 792 2352 ἁμαρτίας
807 2314 908 2354 ἐλήφθη

177 2394 190 2406 ’·
206 2388 262 2413 Εἶτα
269 2389 282 2413 ὸ
295 2389 425 2423 Bai-emp.
436 2386 504 2414 Hinc
510 2388 682 2416 inchoandum
689 2396 766 2424 caput
780 2391 898 2425 quintum

145 2431 261 2459 luit-rem
272 2426 303 2457 (εἰ
313 2431 399 2452 tamen
410 2427 446 2452 ita
458 2426 621 2454 distribuerat
630 2435 733 2456 sanct-ua
743 2429 897 2466 chrysosto-

146 2467 220 2498 mus),
239 2464 287 2491 niel
297 2474 353 2498 quae
367 2471 506 2500 sequunuu·
514 2466 548 2493 ad
556 2467 717 2502 doxologiam
731 2470 811 2503 magis
822 2471 898 2505 perti-

146 2514 205 2531 nere
221 2505 376 2531 viderentur.
397 2506 463 2531 Saue
473 2505 495 2531 is
505 2515 580 2540 aquo
596 2506 664 2533 hunc
682 2508 897 2537 Commentariun:

147 2545 288 2577 accepimus
296 2564 303 2576 ,
316 2543 377 2569 dum
389 2544 428 2571 vel
440 2544 610 2578 indiligentius
620 2546 716 2573 dictata
730 2549 843 2582 magistri
859 2558 899 2576 ex-

148 2585 236 2617 cerpit,
246 2583 286 2610 vel
297 2590 456 2616 perorantem
466 2586 563 2618 assequi
574 2594 626 2611 non
640 2585 714 2620 valet,
727 2587 765 2614 vel
778 2588 804 2614 in
815 2591 897 2622 epito-

149 2631 205 2649 men
217 2629 309 2649 cuneta
326 2623 426 2658 redigit,
445 2632 507 2657 opus
519 2623 592 2651 valde
602 2625 776 2658 imperfectum
789 2628 896 2662 reliquia

961 655 1002 695 gis
1015 666 1080 687 vero
1091 657 1241 697 petulanter
1255 657 1386 687 insultans
1398 667 1405 684 ε
1421 667 1479 692 seu,
1494 657 1622 695 quoniam
1637 666 1704 685 con-

960 703 1030 733 vivae
1041 713 1135 733 eorum
1148 714 1208 742 quae
1222 704 1387 743 contigerant
1398 704 1503 733 fucrant
1524 709 1684 743 spectatores
1695 715 1702 738 ;

962 755 992 779 ut
1002 749 1108 779 tolleret
1118 760 1176 780 eam
1187 760 1270 789 quam
1280 749 1314 779 de
1325 751 1383 779 Deo
1402 749 1536 779 habebant
1549 748 1704 778 admiratio-

961 805 1035 825 nem.
1050 796 1086 825 Et
1111 796 1163 826 hoc
1181 807 1215 826 ex
1226 795 1351 836 superbia
1371 802 1398 825 et
1421 795 1548 825 ebrietate
1560 795 1702 824 faciebant.

960 842 1110 872 caveamus
1126 842 1319 878 temulentiam,
1329 842 1434 872 dilecti.
1450 842 1539 872 Multa
1561 841 1632 870 enim
1655 842 1704 870 ab·

960 888 1041 918 surda
1054 889 1089 918 ab
1107 889 1158 920 hac
1171 889 1250 919 fiunt.
1265 889 1319 920 Sed
1331 895 1357 918 et
1377 898 1487 928 magnos
1509 888 1583 918 viros
1598 894 1705 927 superat

961 935 1085 965 ebrietas.
1094 936 1165 966 Nam
1179 935 1228 965 iste
1242 947 1305 965 cum
1327 935 1423 966 vinum
1437 940 1576 974 gustasset,
1588 944 1650 964 vasa
1665 934 1705 962 ef-

961 982 1024 1011 ferri
1035 982 1127 1021 jussit.
1147 982 1256 1019 Quibus
1267 987 1420 1022 pepercerat
1434 987 1508 1020 pater
1522 980 1608 1015 illius,
1617 979 1664 1018 qui
1676 990 1705 1008 ca

961 1038 977 1056 e
989 1027 1090 1067 templo
1103 1027 1285 1068 depromserat
1298 1040 1304 1056 :
1321 1034 1346 1056 et
1360 1027 1383 1056 is
1396 1037 1458 1056 cum
1471 1026 1584 1065 cepisset
1596 1026 1705 1055 ,leroso-

962 1073 1076 1113 lymam‚
1090 1084 1143 1103 non
1162 1083 1242 1103 ausus
1254 1079 1294 1103 est
1315 1073 1342 1102 in
1363 1073 1513 1102 humanum
1526 1071 1705 1101 ministerium

962 1118 1012 1148 illa
1032 1119 1176 1156 deducere;
1200 1120 1250 1150 iste
1270 1129 1322 1148 non
1347 1118 1400 1148 sibi
1420 1117 1600 1154 solummodo,
1621 1117 1667 1146 sed
1680 1124 1706 1146 et

962 1165 1138 1206 optimatibus
1161 1166 1217 1196 suis
1243 1172 1268 1195 et
1286 1165 1430 1206 pellicibus
1453 1171 1479 1194 et
1504 1163 1660 1194 concubinis
1678 1164 1703 1192 in

964 1221 1041 1241 usum
1051 1211 1173 1241 tradidit.

916 1422 952 1439 2³0

925 1451 943 1471 A

1244 1441 1365 1472 CAPUT
1387 1442 1426 1471 V.

1002 1528 1014 1554 1
1026 1549 1030 1553 .
1054 1526 1196 1556 Baltasar
1227 1536 1279 1555 rex
1298 1526 1376 1567 fecit
1404 1528 1570 1557 convivium
1591 1528 1703 1567 grande

961 1574 1148 1612 optimatibus
1165 1575 1225 1603 suis
1241 1573 1322 1602 mille
1337 1585 1347 1602 .·
1362 1580 1397 1603 ec
1413 1584 1430 1602 e
1450 1575 1567 1614 regione
1580 1579 1706 1614 ipsorum

961 1620 1043 1649 mille
1055 1622 1160 1650 vinum
1172 1627 1246 1651 erat.
1258 1623 1288 1650 2.
1303 1622 1410 1651 Bibens
1421 1621 1564 1651 Baltasar
1576 1632 1706 1661 rexprce-

961 1668 1036 1706 cepit
1046 1668 1078 1696 in
1087 1674 1175 1707 gustu
1193 1669 1268 1703 vini,
1280 1673 1312 1696 ut
1326 1667 1472 1707 afferrent
1484 1678 1562 1698 vasa
1576 1679 1667 1698 aurea
1678 1675 1707 1698 et

961 1718 1110 1752 argentea,
1132 1723 1198 1753 quae
1217 1719 1419 1752 asportaverat
1431 1715 1707 1745 Nabuchodonosor

959 1765 1045 1797 pater
1064 1761 1126 1799 ejus
1148 1760 1186 1789 de
1206 1760 1325 1799 templa,
1340 1760 1420 1800 quod
1437 1761 1469 1789 in
1486 1761 1703 1799 Jerosolymis:

962 1812 990 1836 et
1010 1807 1142 1836 biberent
1159 1808 1191 1836 in
1209 1807 1272 1837 illis
1289 1817 1351 1843 rex,
1364 1813 1393 1839 et
1411 1809 1563 1847 optimates
1580 1810 1653 1848 ejus,
1677 1816 1706 1839 et

962 1854 1117 1882 concubini
1132 1854 1208 1893 ejus,
1230 1859 1260 1883 et
1280 1853 1400 1893 pellices
1413 1855 1486 1894 ejus.
1502 1855 1532 1884 5.
1547 1855 1590 1884 Et
1609 1855 1706 1884 allata

961 1903 1030 1928 sunt
1038 1908 1117 1928 vasa
1129 1905 1269 1939 argentea
1278 1905 1306 1929 et
1317 1909 1418 1937 aurea,
1429 1910 1495 1941 quce
1506 1907 1707 1940 asportaverat

962 1945 1239 1976 Nabuchodonosor
1254 1956 1291 1975 ex
1303 1946 1410 1985 templo
1424 1947 1493 1983 Dei,
1509 1947 1590 1986 quod
1611 1947 1642 1976 in
1655 1949 1706 1977 Je-

962 1992 1138 2030 rosolymis:
1151 1999 1180 2022 et
1191 1993 1330 2022 bibebant
1342 1994 1374 2021 in
1386 1992 1428 2022 eis
1438 2003 1499 2029 rex,
1514 1999 1543 2022 et
1552 1995 1705 2033 optimates

961 2038 1035 2077 ejus,
1042 2039 1234 2068 exconcubina·
1244 2040 1320 2079 ejus,
1328 2038 1479 2078 etpellices
1488 2041 1561 2079 ejus.
1571 2041 1602 2069 4.
1612 2041 1651 2069 Ει
1662 2041 1704 2068 bi-

962 2086 1069 2115 bebant
1077 2087 1192 2123 vinum,
1205 2086 1445 2117 emandaverant
1458 2087 1527 2116 deos
1539 2097 1654 2124 aureos,
1675 2093 1703 2116 et

962 2136 1123 2171 argenteos,
1133 2137 1163 2162 et
1183 2142 1289 2169 oeneos,
1300 2138 1328 2162 et
1341 2133 1470 2172 ferreos,
1484 2138 1513 2162 et
1535 2133 1659 2173 ligneos,
1674 2140 1702 2162 et

963 2177 1103 2217 lapideos.
1117 2178 1203 2210 Vides
1219 2189 1282 2209 vasa
1301 2179 1383 2219 capi?
1397 2178 1451 2210 Sed
1464 2179 1528 2210 vide
1538 2190 1630 2210 eorum
1645 2179 1702 2209 vir-

963 2230 1057 2262 tutem,
1068 2223 1148 2254 etiam
1171 2231 1313 2265 postquam
1331 2232 1407 2265 capta
1431 2233 1502 2260 sunt,
1515 2237 1546 2255 ac
1567 2226 1652 2265 posita
1676 2225 1703 2253 in

963 2270 1097 2300 idolorum
1111 2271 1223 2312 templo.
1238 2272 1305 2302 Esto
1324 2271 1359 2302 de
1372 2272 1405 2301 iis
1420 2272 1466 2301 ille
1479 2283 1530 2313 pro
1549 2271 1627 2301 libito
1650 2278 1703 2300 sta-

962 2317 1054 2347 tuerit.
1069 2318 1132 2355 Qua
1146 2317 1180 2348 de
1193 2328 1272 2348 eausa
1291 2317 1320 2348 id
1329 2318 1343 2347 Ρ
1353 2319 1437 2358 Capta
1452 2324 1514 2347 sunt
1530 2324 1638 2357 propter
1652 2317 1668 2346 J
1672 2327 1702 2345 u-

980 2396 993 2415 b
1010 2398 1083 2430 Εἶχον,
1090 2400 1157 2430 ἤγουν
1163 2400 1255 2430 ἐγίνετο.
1262 2395 1308 2422 Vel
1312 2396 1435 2430 glossema
1443 2401 1490 2427 est,
1497 2394 1536 2420 vel
1542 2395 1610 2420 varia
1617 2394 1699 2419 lectio.

979 2438 989 2449 ‘
1006 2437 1073 2465 Δῦτὸς
1084 2439 1159 2468 μόνος.
1170 2436 1200 2462 F.
1215 2438 1275 2470 αὐτῷ
1285 2441 1356 2469 μόνῳ.

980 2481 990 2492 ···
1007 2477 1033 2499 οἱ
1043 2478 1185 2508 παράκοποι.
1198 2473 1285 2499 Melior
1295 2473 1370 2499 lectio
1382 2477 1403 2500 αἱ
1417 2476 1558 2508 παράκοποι,
1582 2471 1702 2504 quemad-

947 2511 1052 2538 modum
1061 2513 1136 2538 etiam
1149 2513 1256 2538 habetur
1267 2512 1376 2538 nomilia
1393 2513 1418 2537 in
1431 2512 1471 2537 Ps.
1484 2512 1524 2535 95,
1545 2511 1601 2535 Mox
1621 2511 1703 2536 scribe

947 2556 987 2578 τοῦ
998 2556 1021 2578 ἐν
1029 2550 1178 2586 ίερουσαλήμ,
1186 2552 1227 2577 Sic
1236 2553 1311 2577 ctiam
1328 2553 1351 2576 iu
1362 2550 1523 2575 Tlieodoreto
1535 2551 1704 2582 praeteritum-t

948 2599 996 2615 vox
1012 2595 1052 2617 τοῦ
1068 2595 1125 2617 Θεοῦ
1136 2611 1142 2622 ,
1160 2590 1230 2623 quod
1242 2597 1266 2615 ct
1279 2591 1329 2623 ipse
1342 2595 1474 2615 contextus
1491 2590 1595 2616 indicat.
1615 2591 1702 2616 Postea

949 2633 984 2657 tm:
994 2634 1015 2657 τί
1025 2635 1061 2657 καὶ
1072 2633 1151 2657 τούτω.
1166 2631 1225 2660 Leg—
1241 2634 1314 2656 τοῦτο.
