1890 2826
86 971 208 994 L11e.1.68.

87 1011 156 1032 -70,

85 1293 108 1308 2.
119 1286 224 1315 lieg.23.

87 1325 108 1339 2·

86 1583 106 1597 1.
123 1576 219 1604 Corum.

83 1607 120 1637 24.
137 1607 174 1630 25.

233 198 305 244 014

237 283 271 301 nn
294 279 400 311 negant,
414 272 456 302 vel
477 271 623 302 dubitant?
636 273 666 303 Si
687 272 824 307 dubitant,
837 282 896 311 quae
919 278 980 301 ante

235 318 306 347 dicta
317 325 379 347 sunt
388 318 416 347 in
426 317 582 347 memoriam
593 328 760 355 revocemus,
777 317 912 357 quomodo
921 317 979 358 ipse

236 365 309 393 Deus
329 363 485 394 testificatur
496 364 605 399 dicens,
617 365 790 407 Effundam
811 364 849 394 de
869 363 978 404 Spiritu

236 420 299 439 meo
318 420 405 448 super
418 421 532 439 omnem
549 421 677 447 carnem,
692 417 721 440 et
735 411 951 451 prophetabunt
962 413 976 438 i·

234 455 354 495 Spiritus
374 456 446 485 enim
460 456 644 496 propheticam
661 457 789 486 virtutem
809 457 918 486 excitat.
930 457 977 486 Sic

235 508 260 531 ct
271 501 317 531 ille
331 501 497 532 admirabilis
506 504 625 542 Moyses,
635 509 665 532 ut
675 501 796 532 ostendat
806 502 975 542 prophetiam

235 558 269 577 ex
281 547 384 587 Spiritu
406 555 496 577 sancto
515 548 651 588 proficisci
663 555 689 578 et
707 548 845 586 constitui,
859 548 887 577 in
907 548 976 578 hanc

236 603 360 632 magnam
385 593 590 633 mirabilemque
612 594 703 634 erupit
721 604 813 625 vocem
828 605 835 622 ε
850 595 892 624 Et
910 596 976 635 quis

236 642 319 670 dabit
330 651 443 670 omnem
453 640 594 680 populum
608 641 729 670 Domini
735 641 893 680 prophetas
902 651 975 678 esse,

236 697 302 716 cum
314 687 426 716 dederit
436 688 583 716 Dominus
594 686 735 726 Spiritum
747 693 882 716 sanctum
894 697 977 716 suum

237 743 322 772 super
336 742 384 763 eos
397 736 410 761 ?
429 733 459 764 Si
479 740 569 763 autem
588 744 651 763 vere
672 733 848 763 confiteantur
861 733 891 763 id
904 733 978 772 quod

237 779 406 808 verissimum
420 785 469 816 est,
485 790 579 819 nempe
597 779 729 819 Spiritum
748 786 869 809 sanctum
883 780 977 818 loquu-

237 832 294 854 tum
307 835 363 854 esse
382 825 408 854 in
428 825 576 865 prophetis,
590 824 656 854 audi
670 832 701 855 ut
721 825 815 855 beatus
829 825 876 855 ille
891 825 978 855 admi-

238 871 390 910 randusque
407 871 560 907 Zacharias,
580 872 758 902 Praecursoris
778 879 864 912 pater,
888 874 976 902 Deum

236 915 308 946 dicat
320 917 450 957 Spiritum
465 924 597 955 sanctum,
609 918 656 957 qui
668 928 716 958 per
728 918 872 958 prophetas
882 918 976 957 loquu-

236 969 280 992 tus
305 970 345 992 est
359 975 365 992 :
391 964 566 993 Benedictus
588 965 735 994 Dominus
759 965 841 994 Deus
864 965 960 995 Israel
967 987 975 1002 ‚

237 1010 308 1048 quin
333 1010 484 1046 visitavit,
507 1016 536 1039 et
554 1010 629 1049 fecit
655 1010 862 1040 redemtionem
882 1010 976 1050 plebis

237 1064 317 1090 suoe;
331 1061 360 1083 et
380 1057 473 1085 erexit
491 1066 583 1085 cornu
604 1056 709 1085 salutis
732 1057 816 1085 nobis
839 1058 871 1085 in
890 1058 976 1086 domo

237 1101 339 1130 David
346 1105 429 1141 pueri
439 1104 485 1130 sui
496 1114 503 1130 :
515 1103 589 1131 sicut
601 1103 739 1142 loquutus
750 1109 792 1132 est
803 1112 856 1142 per
863 1113 894 1131 os
905 1113 976 1132 san-

236 1154 360 1183 ctorum,
376 1150 428 1187 qui
443 1159 462 1177 a
478 1149 585 1177 saeculo
605 1154 673 1178 sunt
683 1149 887 1187 prophetarum
900 1151 973 1190 ejus.

235 1194 265 1223 Si
277 1204 340 1234 ergo
350 1195 424 1224 Deus
437 1202 476 1224 est
495 1194 552 1231 ille,
567 1195 615 1234 qui
629 1205 677 1234 per
690 1205 720 1224 os
730 1195 926 1235 prophetarum
941 1197 977 1226 lo-

236 1246 337 1278 quutus
347 1246 398 1276 est,
410 1247 437 1269 et
447 1240 566 1280 Spiritus
576 1247 682 1270 sanctus
694 1241 721 1269 in
732 1241 873 1281 prophetis
884 1242 977 1281 loquu-

236 1292 280 1315 tus
293 1292 342 1322 est,
358 1293 388 1315 ut
406 1286 444 1316 ait
463 1286 554 1316 David
571 1287 599 1317 in
613 1287 684 1316 libro
698 1289 853 1327 Regnorum
866 1302 872 1317 :
886 1289 975 1328 Spin·-

237 1338 283 1360 tus
305 1333 383 1361 enim
409 1333 530 1362 Domini
544 1333 682 1373 loquutus
695 1339 738 1362 est
760 1336 792 1362 in
805 1344 863 1370 me;
873 1345 937 1374 ergo
951 1342 976 1364 et

235 1377 310 1407 Deus
321 1384 347 1407 et
359 1378 491 1408 Dominus
500 1385 539 1408 est
550 1379 668 1419 Spiritus
681 1387 788 1410 sanctus
799 1380 848 1419 qui
859 1391 907 1420 per
917 1391 977 1421 pro-

234 1422 328 1463 phetas
343 1423 470 1463 loquutus
484 1432 532 1454 est.
551 1426 656 1455 Verum
669 1426 770 1455 claram
785 1426 867 1467 hujus
880 1427 917 1457 rei
932 1427 977 1457 de-

235 1470 450 1500 monstrationem
462 1471 562 1512 accipe.
575 1471 693 1501 Divinus
706 1471 843 1513 apostolus
855 1483 904 1513 per
917 1483 976 1514 pro-

235 1516 368 1555 pheticam
386 1527 479 1547 vocem
497 1525 590 1547 votens
603 1517 736 1557 Spiritum
758 1526 879 1549 sanctum
891 1527 975 1550 osten-

234 1562 309 1599 dere,
327 1562 356 1591 in
372 1562 485 1602 epistola
506 1562 541 1593 ad
563 1563 717 1592 Corinthios
737 1563 775 1593 ait
794 1576 801 1593 t
823 1564 855 1594 Si
878 1573 977 1596 autem

235 1618 334 1637 omnes
344 1609 528 1647 prophetent,
541 1611 628 1638 intret
642 1615 740 1638 autem
753 1611 819 1650 quis
833 1612 975 1653 infidelis,

234 1654 286 1682 vel
299 1655 402 1691 idiota,
417 1657 601 1684 convincitur
612 1657 650 1684 ab
665 1658 810 1694 omnibus,
830 1657 976 1698 dijudica·

236 1706 283 1728 tur
295 1702 333 1729 ab
347 1700 479 1729 omnibus
488 1714 500 1736 ;
509 1701 626 1730 occulta
639 1702 735 1731 cordis
745 1704 808 1742 ejus
818 1704 977 1744 manifesta

230 1747 309 1786 fiunt
321 1761 329 1775 .·
344 1753 373 1776 et
393 1749 436 1777 ιἰα
457 1749 564 1777 cadens
577 1750 730 1789 infaciem
743 1751 889 1788 adorabit,
908 1763 975 1791 pro-

235 1796 388 1831 nuntians,
401 1795 481 1834 quod
501 1805 571 1824 vere
586 1796 665 1824 Deus
679 1797 711 1824 in
724 1798 812 1825 vobis
828 1798 877 1826 sit.
891 1799 977 1829 Vides

234 1840 340 1879 pictatis
352 1840 487 1870 doctorem
500 1841 572 1869 clare
585 1840 711 1876 indicare,
722 1842 855 1880 Spiritum
870 1843 897 1872 in
911 1855 976 1883 pro-

235 1886 408 1924 phetantibus
418 1886 570 1924 loquentem
580 1887 669 1915 Deum
679 1896 735 1915 esse
743 1887 757 1915 Ξ)

286 1933 335 1960 10.
357 1932 414 1961 Cur
439 1941 514 1970 ergo,
539 1931 673 1967 haeretice,
694 1932 882 1964 scandalizaris
904 1937 975 1967 circa

236 1977 309 2015 piam
323 1976 424 2005 fidem?
438 1987 487 2006 cur
509 1976 682 2006 calumniaris
696 1978 814 2018 Spiritus
831 1982 914 2010 sancti
931 1982 975 2011 di-

236 2021 382 2059 gnitatem?
396 2032 445 2050 cur
459 2021 523 2050 fidei
545 2022 736 2052 confessionem
758 2027 951 2065 transgrederis
960 2029 974 2057 Ρ

237 2067 308 2104 Lege
314 2073 389 2105 pacta
400 2073 446 2095 tua
457 2066 484 2095 in
492 2068 626 2106 mysteriis
634 2069 741 2106 emissa,
754 2072 890 2109 quomodo
898 2073 975 2103 dixe-

237 2112 285 2148 ris,
296 2112 389 2141 Credo
395 2114 427 2140 in
435 2114 552 2142 Patrem
561 2121 589 2143 et
598 2115 709 2144 Filium
718 2122 747 2144 et
755 2116 894 2154 Spiritum
903 2129 971 2148 san-

236 2164 323 2187 ctum.
330 2160 372 2187 An
381 2158 608 2197 quodcredidisti‚
619 2160 782 2190 eliminasti?
790 2163 864 2201 quod
872 2166 973 2195 confes-

235 2214 281 2232 sus
288 2214 326 2239 es,
335 2204 477 2234 avertisti?
489 2205 563 2244 quod
569 2206 659 2245 palam
667 2206 820 2244 declarasti,
832 2209 883 2239 hoc
890 2209 973 2251 impie

237 2249 398 2279 label'actasti
405 2250 419 2279 θ
432 2250 568 2280 bellumne
579 2262 641 2281 cum
649 2262 713 2292 pace
726 2254 796 2292 geris
803 2254 818 2283 ἶ)
827 2255 973 2295 abnegasti-

234 2295 372 2326 nefidem?
380 2302 406 2325 et
413 2296 570 2335 quaestiones
575 2298 685 2327 moves?
692 2298 829 2336 credenti,
836 2301 971 2332 confitenti

937 209 1115 234 SEVERIANt

1036 272 1105 305 Θεὸς
1114 294 1122 308 ,
1144 271 1251 312 Ἐκχεῶ
1269 274 1322 303 ἀπὸ
1344 276 1389 303 τοῦ
1410 274 1564 314 Πνεύματός
1582 286 1632 314 μου
1652 276 1696 306 ἐπὶ
1718 281 1806 307 πᾶσαν

1035 318 1137 358 σάρκα,
1152 318 1197 348 καὶ
1215 319 1440 360 προφητεύσουσις
1454 320 1495 350 Τὸ
1510 322 1622 360 Πνεῦμα
1635 322 1687 362 γάρ
1705 323 1761 352 ἐστι
1775 322 1807 352 τὸ

1033 364 1155 403 ἐνεργοῦν
1164 364 1213 400 τὴν
1227 365 1393 406 προφητικὴν
1406 365 1525 405 δύναμιν.
1538 365 1587 400 Ὡς
1604 367 1650 396 καὶ
1660 369 1675 397 6
1687 369 1806 404 Μωϋσῆς

1032 409 1122 445 πάλιν,
1136 412 1151 439 6
1163 410 1307 449 θαυμάσιος
1317 433 1325 448 ,
1339 411 1495 451 βουλόμενος
1508 411 1604 448 δεῖξαι,
1614 412 1656 442 ὅτι
1669 414 1700 442 ἐκ
1716 413 1806 443 Πνεύ-

1033 467 1115 494 ματος
1123 456 1198 495 ἁγίου
1210 456 1357 497 προφητεία
1371 457 1534 495 συνίσταται,
1545 457 1594 494 τὴν
1606 458 1723 498 μεγάλην
1736 459 1805 488 ἐκεί·

1031 512 1077 536 νην
1101 501 1146 530 καὶ
1170 502 1318 540 θαυμασίαν
1341 501 1433 542 ἔρρηξε
1458 503 1547 543 φωνήν
1557 514 1564 522 ·
1587 503 1643 533 Καὶ
1661 503 1701 537 τίς
1723 503 1804 533 δώσει

1032 546 1120 576 πάντα
1131 547 1175 577 τὸν
1186 547 1251 577 λαὸν
1262 548 1361 588 Κυρίου
1376 549 1513 589 προφήτας
1526 544 1602 585 εἶναι,
1616 550 1644 578 ἐν
1656 551 1695 590 τῷ
1713 550 1803 579 δοῦναι

1034 593 1131 633 Κύριον
1144 593 1175 623 τὸ
1187 595 1300 633 Πνεῦμα
1313 595 1392 624 αὐτοῦ
1406 595 1437 624 τὸ
1454 594 1528 634 ἅγιον
1543 596 1585 624 ἐπ’
1604 595 1713 632 αὖε-οὖς
1725 597 1760 626 Εἰ
1775 595 1802 625 δὲ

1032 640 1204 678 ὁμολογοῦσιν
1218 640 1334 676 ἀληθῶς,
1347 639 1438 680 ὥσπερ
1451 640 1497 670 καὶ
1506 640 1579 670 ἔστιν
1589 642 1707 678 ἀληθῶς,
1719 641 1762 671 ὅτι
1771 641 1803 671 τὸ

1033 685 1144 723 Πνεῦμα
1156 685 1186 714 τὸ
1207 685 1279 724 ἅγιον
1299 685 1428 721 ἐλάλησεν
1446 687 1474 716 ἓν
1486 691 1541 720 τοῖς
1553 686 1714 727 προφήταις,
1724 686 1802 716 ἄκουε

1033 731 1069 763 ὥς
1082 732 1096 759 6
1108 730 1236 770 μακάριος
1250 731 1295 761 καὶ
1308 731 1454 770 Θαυμάσιος
1475 731 1624 772 Ζαχαρίας,
1642 734 1657 761 6
1677 734 1723 761 τοῦ
1737 743 1802 772 προ-

1033 775 1130 815 δρόμου
1145 776 1244 816 πατὴρ,
1256 775 1325 807 Θεὸν
1339 777 1411 816 λέγει
1424 777 1455 807 τὸ
1467 779 1580 817 Πνεῦμα
1589 778 1620 808 τὸ
1634 778 1708 818 ἅγιον
1720 777 1751 807 τὸ
1759 778 1804 807 διὰ

1033 822 1086 851 τῶν
1104 824 1246 862 προφητῶν
1264 824 1399 859 λαλῆσαν·
1420 824 1570 863 Εὐλογητὸς
1584 823 1680 864 Κύριος
1698 826 1713 854 ὁ
1734 823 1803 857 Θεὸς

1033 870 1079 897 τοῦ
1088 867 1208 907 Ἰσραὴλ,
1219 868 1260 898 ὅτι
1269 869 1444 909 ἐπεσκέψατο,
1452 870 1498 899 καὶ
1505 869 1614 905 ἐποίησε
1624 869 1755 910 λύτρωσιν
1764 871 1803 909 τῷ

1033 914 1090 953 λαῷ
1103 914 1184 943 αὖτοῦ
1195 926 1202 933 ·
1221 914 1266 944 καὶ
1278 915 1367 955 ἤγειρε
1380 915 1459 955 κέρας
1477 915 1609 955 σωτηρίας
1621 917 1686 954 ἡμῖν
1699 916 1727 945 ἐν
1737 914 1803 955 οἴκῳ

1033 960 1117 989 Δαυὶδ
1128 962 1175 989 τοῦ
1186 960 1280 994 παιδὸς
1291 962 1369 990 αὐτοῦ
1379 973 1386 979 ·
1401 960 1487 994 καθὼς
1495 961 1609 997 ἐλάλησε
1619 961 1663 990 διὰ
1672 961 1803 1000 στόματος

1031 1007 1084 1034 τῶν
1094 1006 1186 1045 ἁγίων,
1196 1007 1249 1035 τῶν
1258 1007 1305 1035 ἀπ’
1317 1008 1410 1040 αἰῶνος
1419 1008 1562 1047 προφητῶν
1574 1007 1663 1036 αὐτοῦ.
1673 1008 1707 1036 Εἰ
1716 1006 1802 1036 τοίνυν

1032 1052 1046 1079 6
1059 1051 1176 1087 λαλήσας
1188 1051 1231 1081 διὰ
1244 1051 1375 1090 στόματος
1384 1054 1436 1082 τῶν
1447 1054 1589 1093 προφητῶν
1599 1052 1677 1088 Θεὸς,
1688 1051 1802 1088 ἐλάλησε

1033 1095 1060 1125 δὲ
1073 1096 1104 1125 τὸ
1118 1097 1230 1136 Πνεῦμα
1239 1097 1271 1126 τὸ
1284 1098 1358 1137 ἅγιον
1371 1098 1399 1127 ἐν
1412 1102 1466 1132 τοῖς
1475 1098 1636 1138 προφήταις,
1649 1097 1685 1132 ὥς
1698 1109 1778 1138 φησιν
1788 1101 1802 1128 6

1033 1142 1116 1172 Δαυὶδ
1129 1144 1156 1172 ἐν
1169 1144 1201 1183 τῇ
1215 1142 1300 1183 βίὸλῳ
1312 1145 1365 1173 τῶν
1378 1145 1525 1174 Βασιλειῶν
1535 1156 1542 1163 ·
1556 1145 1667 1183 Πνεῦμα
1680 1143 1733 1184 γὰρ
1745 1145 1801 1174 Κυ-

1034 1188 1090 1227 ρίου
1110 1188 1238 1224 ἑλάλησεν
1264 1190 1291 1218 ἐν
1313 1189 1373 1229 ἐμοί
1381 1202 1388 1208 ·
1412 1190 1480 1223 Θεὸς
1504 1190 1557 1230 ἄρα
1582 1190 1628 1220 καὶ
1651 1189 1749 1230 Κύριος
1771 1190 1802 1220 τὸ

1034 1235 1143 1274 Πνεῦμα
1156 1234 1186 1264 τὸ
1200 1235 1273 1274 ἅγιον
1286 1236 1317 1265 τὸ
1330 1235 1374 1266 διὰ
1391 1237 1443 1265 τῶν
1456 1238 1599 1275 προφητῶν
1613 1236 1801 1276 φθεγξάμενον.

1033 1281 1107 1310 Ades
1119 1281 1148 1311 δέ
1161 1293 1206 1320 μοι
1219 1284 1291 1322 σαφῆ
1307 1285 1360 1312 τῶν
1372 1282 1521 1322 λεγομένων
1533 1282 1674 1317 ἀπόδειξιν.
1688 1282 1723 1312 Ὁ
1735 1285 1802 1316 θεῖος

1033 1327 1178 1362 ἀπόστολος
1190 1328 1347 1367 βουλόμενος
1360 1331 1393 1368 τῇ
1413 1331 1564 1369 προφητικῇ
1583 1331 1658 1369 φωνῇ
1676 1329 1758 1363 δεῖξαι
1771 1330 1803 1358 τὸ

1032 1374 1144 1412 Πνεῦμα
1163 1374 1194 1403 τὸ
1208 1373 1281 1414 ἅγιον
1290 1397 1298 1412 ,
1314 1374 1393 1414 φησὶν
1407 1375 1434 1403 ἐν
1449 1376 1482 1414 τῇ
1498 1375 1562 1414 πρὸς
1576 1374 1728 1415 Κορινθίους
1742 1376 1802 1405 ἔπι-

1032 1420 1129 1460 στολῇ·
1152 1420 1218 1450 Ἐὰν
1240 1420 1337 1453 πάντες
1360 1419 1542 1460 προφητεύητε
1551 1443 1560 1457 ,
1585 1419 1689 1460 εἰσέλθῃ
1712 1420 1742 1450 δέ
1762 1433 1802 1454 τις

1032 1465 1147 1501 ἰδιώτης,
1161 1465 1179 1500 ἢ
1191 1464 1309 1501 ἄπιστος,
1323 1464 1462 1504 ἐλέγχεται
1472 1464 1525 1494 ὑπὸ
1537 1464 1652 1502 πάντων,
1666 1465 1802 1505 ἀνακρίνε-

1030 1523 1074 1540 ται
1087 1511 1139 1541 ὑπὸ
1151 1511 1308 1541 πάντων-τὰ
1316 1510 1421 1550 κρυπτὰ
1429 1513 1476 1547 τῆς
1489 1510 1597 1551 καρδίας
1610 1513 1690 1540 αὐτοῦ
1702 1511 1800 1552 φανερὰ

1030 1557 1143 1596 γίνεται·
1155 1558 1200 1587 καὶ
1214 1557 1283 1587 οὕτω
1293 1557 1382 1587 πεσὼν
1392 1557 1436 1586 ἐπὶ
1446 1556 1588 1597 πρόσωπον
1598 1558 1677 1587 αὗτοῦ
1686 1569 1801 1597 προσκυ-

1031 1604 1120 1639 νήσει,
1134 1603 1325 1643 ἀπαγγέλλων,
1337 1603 1377 1633 ὅτι
1395 1604 1475 1637 ὄντως
1489 1606 1504 1633 6
1515 1603 1583 1636 Θεὸς
1601 1604 1629 1632 ἔν
1642 1605 1704 1642 ὑμῖν
1718 1605 1799 1634 ἐστιν.

1031 1649 1114 1689 (Ορᾷς
1126 1648 1206 1678 ὅτιτὸ
1216 1650 1242 1678 ἐν
1256 1653 1310 1682 τοῖς
1323 1649 1517 1689 προφητεύουσι
1527 1650 1640 1688 Πνεῦμα
1648 1649 1717 1680 Θεὸν
1730 1650 1801 1690 διαῤ-

1033 1695 1114 1735 ῥήδην
1125 1695 1299 1735 ἀνηγόρευσεν
1309 1697 1324 1725 ὁ
1334 1697 1381 1731 τῆς
1396 1695 1528 1729 εὖσεὸείας
1543 1695 1715 1732 ὃιδάσκαλος;

1071 1938 1096 1965 T
1099 1936 1107 1965 ί
1119 1936 1204 1965 τοίνυν
1228 1936 1386 1973 σκανδαλίζῃ
1406 1936 1467 1975 περὶ
1486 1934 1535 1971 τὴν
1555 1934 1705 1971 εὗσέὸειαν,
1726 1936 1798 1974 αἱρε-

1030 1981 1102 2017 τικέ;
1118 1982 1144 2010 τί
1163 1986 1333 2021 συκοφαντεῖς
1354 1983 1400 2010 τοῦ
1414 1980 1571 2019 Πνεύματος
1590 1979 1640 2015 τὴν
1661 1979 1749 2016 ἀξίαν,
1773 1980 1800 2009 τί

1030 2027 1202 2066 παραὸαίνεις
1221 2029 1270 2062 τῆς
1290 2026 1404 2059 πίστεως
1417 2026 1466 2062 τὴν
1485 2025 1640 2065 ὁμολογίαν;
1658 2026 1800 2065 Ἀνάγνωθί

1030 2084 1076 2102 σου
1098 2072 1146 2105 τὰς
1161 2072 1291 2107 συνθήκας
1308 2072 1352 2102 ἐπὶ
1372 2074 1425 2101 τῶν
1440 2071 1606 2112 μυστηρίων,
1628 2074 1686 2105 πῶς
1703 2067 1798 2109 εἶπας,

1030 2117 1153 2147 Πιστεύω
1170 2119 1207 2151 εἷς
1218 2117 1327 2157 Πατέρα
1341 2117 1387 2147 καὶ
1401 2117 1466 2147 Υἱὸν
1479 2117 1525 2147 καὶ
1542 2117 1615 2156 ἅγιον
1627 2118 1748 2157 Πνεῦμα.
1761 2118 1799 2148 “O

1029 2163 1194 2199 ἐπίστευσας,
1207 2163 1400 2199 ἀνεσκεύασας;
1411 2163 1426 2192 ὃ
1437 2163 1627 2202 ὡμολόγησας,
1643 2163 1798 2204 ἀνέτρεψας

1029 2209 1043 2238 ὃ
1053 2211 1173 2248 καθαρῶς
1182 2209 1351 2249 διεσάφησας,
1360 2211 1438 2238 τοῦτο
1451 2208 1531 2238 πάλιν
1543 2209 1645 2242 ἀσεὸῶς
1658 2209 1798 2245 ἐθο’λιι)σας;

1029 2255 1153 2293 πολεμεῖς
1162 2257 1195 2294 τῇ
1210 2255 1315 2294 εἷρήνῃ;
1328 2254 1403 2294 μάχῃ
1414 2266 1460 2284 σου
1475 2258 1532 2288 ταῖς
1546 2254 1686 2290 συνθήκαις
1694 2266 1704 2293 ;
1715 2257 1799 2295 ἀπηρ-

1028 2301 1101 2337 νήσω
1114 2301 1163 2337 τὴν
1177 2301 1280 2338 πίστιν,
1294 2301 1338 2331 καὶ
1352 2301 1464 2340 εἰσάγεις
1476 2300 1614 2340 ζητήσεις;
1630 2301 1797 2338 Πιστεύοντι,

234 2341 972 2383 tibitraditumestdonum,etpostdonumfideselimina-
990 2358 1009 2381 Ε
1028 2347 1197 2388 ὁμολογοῦντί
1218 2360 1259 2377 σοι
1282 2347 1414 2387 παρεδόθη
1435 2347 1467 2377 τὸ
1487 2348 1588 2387 δῶρον,
1610 2346 1656 2376 καὶ
1678 2344 1746 2385 μετᾶ
1767 2348 1798 2377 τὸ

233 2394 288 2425 tur,
296 2394 322 2417 et
329 2388 467 2418 inducitur
476 2388 622 2428 disputatio
629 2389 643 2418 Ρ
652 2390 693 2419 Νε
702 2392 861 2421 contumelia
873 2393 974 2424 afficias

232 2433 390 2473 dignitatem
403 2434 494 2476 gratiae
504 2446 511 2463 :
520 2445 553 2464 ne
562 2435 646 2466 violes
657 2443 733 2476 pacta
741 2438 884 2468 tremendae
897 2440 971 2471 illius

231 2484 257 2506 ct
264 2478 402 2508 horrendae
411 2479 577 2517 initiationis,
588 2491 650 2510 cum
660 2481 796 2511 confessus
806 2493 834 2511 es
843 2490 869 2512 te
880 2485 970 2514 crede-

231 2533 270 2555 re,
278 2522 306 2551 in
314 2523 419 2552 nomine
427 2523 512 2553 Patris
519 2530 544 2553 et
551 2524 616 2553 Filii
626 2531 651 2554 et
660 2525 779 2564 Spiritus
785 2527 879 2564 saneti,
885 2527 969 2568 bapti-

1028 2394 1109 2434 δῶρον
1122 2393 1263 2433 ἐξορίζεται
1277 2393 1380 2428 πίστις,
1395 2396 1440 2423 καὶ
1454 2393 1589 2432 εἰσάγεται
1608 2392 1734 2429 διάλεξιςς
1749 2392 1795 2428 Μὴ

1025 2439 1114 2479 ῧὸριζε
1128 2439 1175 2476 τὴν
1189 2439 1262 2474 ἀξίαν
1281 2441 1329 2475 τῆς
1349 2439 1458 2479 χάριτος
1467 2450 1473 2457 ·
1488 2438 1526 2477 μὴ
1544 2437 1735 2477 παραχᾶραττε
1748 2437 1796 2471 τὰς

1024 2485 1154 2521 συνθήκας
1164 2487 1212 2521 τῆς
1226 2485 1340 2525 φοὸερᾶς
1360 2484 1461 2520 ἐκείνης
1477 2484 1522 2514 καὶ
1537 2483 1682 2523 φρικώδους
1694 2495 1795 2522 μυστα-

1022 2530 1129 2569 γωγίας.
1141 2530 1189 2559 Ἐν
1199 2530 1308 2568 ὀνόματι
1319 2529 1424 2568 Πατρὸς
1434 2528 1479 2558 καὶ
1490 2529 1554 2557 Υἱοῦ
1567 2527 1612 2557 καὶ
1624 2528 1698 2567 ἁγίου
1710 2528 1796 2557 Πνεύ-

228 2572 301 2595 zatus
316 2577 343 2596 es
356 2566 479 2596 similiter
492 2568 520 2596 in
532 2569 637 2598 Patrem
648 2575 674 2598 et
688 2568 790 2598 Filium
799 2576 825 2599 et
835 2571 966 2610 Spiritum
1021 2586 1102 2612 ματος
1116 2574 1289 2613 ὡμολόγησας
1303 2572 1450 2609 πιστεύειν,
1466 2572 1627 2608 ἑὸαπτίσθης
1648 2572 1743 2611 ὁμοίως
1757 2573 1793 2605 εἰς

227 2617 361 2649 sanctum5
378 2611 526 2642 benedictio
538 2612 660 2642 similiter
675 2614 702 2642 in
716 2613 823 2643 nomine
841 2615 924 2644 Patris
938 2624 964 2646 et

1018 2617 1126 2657 Πατέρα
1138 2617 1182 2647 καὶ
1195 2618 1258 2648 Υἱὸν
1273 2617 1317 2647 καὶ
1331 2617 1404 2656 ἅγιον
1415 2617 1527 2656 Πνεῦμα
1536 2629 1541 2635 ·
1551 2618 1567 2652 ἡ
1578 2616 1682 2655 εὐλογία
1697 2616 1792 2655 ὁμοίιος
