1890 2826
659 181 693 206 IN
720 183 881 208 NATALEM

114 238 185 268 στῶν
194 250 200 257 ·
210 235 232 268 ὢ
244 239 398 280 κατηγόρων
414 241 614 282 φιλανθρώπων,
623 243 649 272 οἳ
661 244 706 273 τὸν
718 246 745 274 ἐν
759 245 882 285 Βηθλεὲμ

114 289 240 329 τεχθέντα
253 291 442 326 *λανθάνοντες
455 293 524 323 Θεὸν
538 294 647 331 ἔδειξαν,
662 295 687 325 οἳ
696 295 742 324 τὸν
755 297 783 325 ἐν
797 297 880 336 φάτνῃ

108 342 291 380 κρυπτόμενον
304 343 442 380 Δεσπότην
455 345 608 386 ἐγνώρισαν,
621 347 646 376 οἳ
658 348 702 377 τὸν
716 349 744 377 ἐν
758 348 881 389 σπηλαίῳ

108 393 259 432 καθήμενον
278 395 411 434 ἐμήνυσαν
434 397 553 434 ἄκοντες,
570 399 616 428 καὶ
639 399 819 440 εὐηργέτησαν
842 401 879 440 μὴ

110 444 245 483 θέλοντες,
271 448 442 489 ἀπεκάλυψαν
465 450 581 490 καλύψαι
615 452 777 492 βουλόμενοι.
804 447 881 483 Εἶδες

111 498 220 536 ἀμαθεῖς
233 499 423 540 διδασκάλουςς
439 501 470 532 Ἃ
480 502 656 540 διδάσκουσιν,
665 506 694 534 οὔ
706 505 880 544 γινώσκουσι,

110 552 250 585 πεινῶντες
271 551 411 593 τρέφουσι,
426 554 552 593 διψῶντες
574 555 726 590 ποτίζουσι,
741 557 880 596 πενόμενοι

109 601 286 636 πλουτίζωσι.
300 604 383 633 Δεῦτε
403 599 458 641 οὖν,
479 606 655 646 ἑορτάσωμεν,
669 609 744 638 δεῦτε
758 621 880 649 πανηγυ-

107 652 235 692 ρίσωμεν.
261 654 342 689 Ξένος
358 655 410 696 γὰρ
438 659 452 686 6
474 659 522 693 τῆς
545 660 637 699 ἑορτῆς
650 661 762 700 τρόπος,
786 661 877 698 ἐπειδὴ

109 705 155 734 καὶ
173 706 320 746 παράδοξος
336 710 407 744 ὁτῆς
423 710 569 748 γεννήσεως
587 711 674 751 λόγος.
689 713 812 753 Σήμερον
826 715 878 753 γὰρ

106 758 123 785 6
145 757 249 797 χρόνιος
271 759 351 795 ε’λύθη
372 761 481 800 δεσμὸς,
504 764 519 791 6
545 763 665 798 διάὸολος
687 765 824 805 ᾐσχύνθη,
851 767 875 795 οἱ

108 808 228 847 δαίμονες
241 811 444 850 ἐδραπέτευσαν,
463 817 475 829 ”
484 816 498 843 6
511 815 621 849 Θάνατος
632 816 711 852 ἐλύθη
720 840 727 853 ,
746 817 876 857 παράδει-

105 871 153 893 σος
165 861 286 902 ἠνεῴχθη
298 885 306 900 ,
321 865 338 899 ἡ
356 864 460 905 κατάρα
471 866 601 906 ἠφανίσθη
612 891 620 905 ,
633 870 650 904 ἡ
666 869 784 909 ἁμαρτία
796 871 875 899 ἐκπο-

104 912 160 942 δὼν
169 913 283 954 γέγονεν,
294 918 312 951 ἡ
324 916 411 954 πλάνη
425 918 548 955 ἀπηλάθη
555 942 563 955 ,
578 922 595 955 ἡ
606 920 717 956 ἀλήθεια
728 923 859 958 ἐπανῆλθε
866 944 873 958 ,

105 964 150 994 καὶ
162 967 210 1001 τῆς
229 967 362 1002 εὖσεὸείας
377 971 391 999 6
412 970 489 1009 λόγος
509 974 646 1012 πανταχοῦ
675 973 804 1014 διεσπάρη
830 975 875 1004 καὶ

101 1016 259 1057 ἔδραμεν-ἡ
278 1021 332 1049 τῶν
353 1020 408 1050 ἄνω
421 1022 543 1051 πολιτεία
566 1024 593 1052 ἐν
614 1026 647 1063 τῇ
671 1026 706 1064 γῇ
729 1027 874 1065 ἐφυτεύθη,

101 1068 210 1108 ἄγγελοι
228 1071 300 1109 μετὰ
324 1072 468 1113 ἀνθρώπων
491 1079 660 1112 κοινωνοῦσι,
673 1077 718 1106 καὶ
742 1078 875 1118 ἄνθρωποι

100 1122 172 1159 ,μετὰ
194 1123 313 1162 ἀγγέλων
338 1125 420 1158 ἀδεῶς
443 1126 618 1166 διαλέγονται.
637 1128 689 1157 Διὰ
702 1129 745 1166 τί;
761 1131 873 1167 Ἐπειδὴ

102 1174 172 1207 Θεὸς
182 1174 226 1203 ἐπὶ
239 1177 288 1214 γ’ῆς
309 1171 384 1214 ἦλθε,
404 1177 448 1207 καὶ
465 1178 600 1219 ἄνθρωπος
613 1182 640 1209 ἐν
653 1182 769 1222 οὐρανῷ·
784 1183 873 1213 πάντα

98 1226 197 1265 ἀναμὶξ
219 1227 320 1267 γέγονε,
337 1223 421 1258 ’Ἦλθε
441 1230 492 1270 γὰρ
506 1232 550 1261 ἐπὶ
574 1235 622 1268 τῆς
641 1233 772 1272 γῆς-,ὅλος
795 1235 831 1264 ὢν
844 1237 871 1264 ἐν

100 1277 231 1316 οὐρανοῖς·
252 1277 314 1312 ὅλος
335 1278 363 1309 δὲ
389 1280 426 1309 ὢν
452 1282 480 1310 ἐν
504 1284 619 1323 οὐρανῷ,
646 1283 705 1318 δ’λος
729 1285 800 1314 ἐστὶν
827 1286 870 1315 ε’πὶ

98 1332 146 1366 -ιῆς
159 1332 217 1369 γῆς.
234 1331 302 1365 Θεὸς
320 1331 366 1369 ὢν,
387 1333 491 1373 γέγονεν
513 1335 665 1375 ἄνθρωπος,
686 1339 734 1367 οὐκ
754 1339 870 1379 ἀρνησά-

97 1393 176 1419 μενος
196 1382 227 1412 τὸ
253 1377 320 1412 εἶναι
338 1384 422 1418 826<-
436 1385 513 1425 λόγος
531 1386 567 1415 ὧν
589 1388 710 1425 ἀπαθὴς,
725 1389 789 1429 σὰρξ
812 1391 869 1430 ἐγέ-

97 1446 171 1471 νετο,
185 1434 229 1464 διὰ
241 1434 272 1464 τὸ
294 1437 427 1473 ἐνοικῆσαι
444 1440 509 1477 ἡμῖν
531 1439 595 1479 σὰρξ
609 1439 720 1479 ἐγένετο.
734 1441 804 1475 Θεὸς
817 1443 867 1483 γὰρ

97 1487 144 1516 οὖκ
170 1487 288 1526 ἐγένετο,
312 1488 381 1518 ἀλλὰ
407 1486 450 1526 ἧν.
481 1490 533 1519 Διὰ
559 1494 638 1521 τοῧτο
664 1493 728 1533 σὰρξ
751 1494 867 1534 ἐγένετο,

94 1538 139 1568 ἵνα
162 1539 189 1568 ὃν
218 1541 266 1569 οὐκ
285 1540 380 1580 ἐχώρει
403 1542 529 1581 οὖρανὸς,
555 1543 661 1580 δέξηται
687 1546 784 1586 φάτνη.
814 1547 867 1577 Διὰ

95 1592 172 1619 τοῦτο
192 1591 220 1619 ἐν
242 1591 327 1631 φάτνῃ
345 1593 436 1629 ἐτέθη,
456 1593 499 1623 ἵνα
523 1598 536 1624 ὁ
555 1596 657 1636 τρέφων
676 1597 710 1626 τὰ
724 1598 867 1637 σύμπαντα

95 1641 199 1670 παιδίου
224 1643 323 1683 τροφὴν
342 1645 416 1684 παρὰ
443 1646 542 1686 μητρὸς
555 1648 693 1689 ,παρθένου
715 1650 795 1690 λάὸῃ.
814 1651 866 1681 Διὰ

94 1695 171 1722 τοῦτο
197 1695 211 1722 6
235 1696 286 1723 τῶν
315 1693 464 1734 μελλόντων
478 1698 578 1727 αἰώνων
594 1699 689 1740 Πατὴρ
709 1702 744 1734 ὡς
758 1703 864 1742 ὑπομά-

94 1745 146 1778 ζιον
162 1745 256 1785 βρέφος
275 1749 438 1787 παρθενικῶν
461 1749 584 1789 ἀνέχεται
606 1751 739 1790 ἀγκαλῶν,
752 1752 795 1782 ἵνα
819 1754 864 1784 καὶ

93 1796 186 1836 μάγοις
207 1798 360 1838 εὐπρόσιτος
382 1800 499 1839 γένηται.
519 1802 641 1842 Σήμερον
664 1804 715 1844 γὰρ
738 1804 783 1834 καὶ
809 1805 865 1844 μά-

91 1860 134 1887 γοι
147 1852 308 1889 προσῆλθον,
323 1851 408 1891 ἀρχὴν
421 1853 546 1887 λαὸόντες
560 1856 694 1894 ἀρνεῖσθαι
713 1856 758 1886 τὸν
773 1858 865 1898 τύραν-

91 1913 143 1938 νον,
155 1902 200 1931 καὶ
218 1905 232 1931 6
243 1903 350 1943 οὐρανὸς
363 1909 496 1945 καυχᾶται
517 1907 609 1947 ἀστέρι
621 1908 664 1938 τὸν
680 1909 743 1938 ἴδιον
755 1911 863 1940 Δεσπό-

910 185 971 209 CssR
977 186 1038 210 is'rl
1066 188 1161 213 mEM.

1609 188 1680 234 465

936 247 983 285 qui
1000 248 1123 279 latentem
1137 251 1164 280 in
1179 255 1309 295 praesepio
1329 258 1477 289 Dominum
1497 263 1589 292 notum
1608 264 1678 294 sece—

935 300 1010 331 rnat,
1024 296 1072 334 qui
1082 297 1214 336 jacentem
1228 301 1256 330 in
1270 303 1398 342 spelunca
1420 305 1498 335 inviti
1512 307 1677 347 indicarunt,

936 344 962 367 et
973 339 1103 371 beneficio
1117 343 1236 375 nolentes
1249 357 1298 376 sua
1310 357 1404 388 sponte
1415 360 1463 380 nos
1476 352 1631 390 affecerunt,
1637 366 1678 385 re-

900 402 920 425 D
935 385 1070 425 velarunt,
1085 399 1148 419 cum
1162 392 1296 423 occultare
1310 397 1578 430 conarenturlvides
1588 401 1678 441 impe-

936 431 1003 461 ritos
1023 435 1181 474 magistros?
1194 439 1261 475 Quae
1274 440 1370 471 docent
1382 443 1434 483 ipsi
1448 445 1570 475 nesciunt
1586 459 1594 476 ε
1609 448 1679 478 fame

936 478 1047 507 confecti
1057 481 1190 520 nutriunt,
1199 484 1315 515 sitientes
1322 495 1416 526 potum
1426 490 1557 529 praebent,
1565 501 1678 532 egestate

934 524 1020 562 pressi
1029 524 1124 555 ditant.
1136 529 1234 559 Venite
1239 531 1333 571 igitur,
1343 535 1440 564 festum
1446 547 1568 576 agamuS,
1576 541 1675 578 venite,

934 569 1129 602 solemnitatem
1143 575 1319 608 celebremus.
1332 581 1478 612 Inusitatus
1496 585 1567 614 enim
1584 593 1623 615 est
1636 588 1675 616 fe-

934 615 1060 646 stivitatis
1070 619 1178 657 modus,
1186 623 1406 663 quandoquidem
1420 635 1446 658 et
1458 628 1626 662 incredibilis
1638 641 1678 663 est

934 671 1022 691 senno
1034 663 1190 696 nativitatis.
1203 668 1291 699 Hodie
1298 681 1413 711 namque
1422 681 1499 704 vetus
1509 676 1629 707 solutum
1638 686 1677 708 est

931 707 1080 746 vinculum,
1094 710 1219 743 diabolus
1233 716 1358 746 confusus
1368 726 1417 756 est,
1427 720 1560 752 daemones
1569 725 1678 764 aufuge-

931 760 1003 790 runt,
1012 754 1146 787 destructa
1158 769 1230 789 mors
1234 768 1284 798 est,
1292 764 1432 802 paradisus
1443 775 1584 806 reseratus,
1593 771 1676 801 male-

930 797 1013 829 dictio
1026 800 1113 831 deleta
1126 811 1176 841 est,
1191 814 1329 845 peccatum
1344 820 1359 839 e
1373 811 1462 841 medio
1475 814 1613 845 sublatum
1623 824 1674 854 est,

929 845 1068 887 ablegatus
1085 857 1124 879 est
1137 861 1223 890 error,
1236 855 1334 885 veritas
1347 856 1438 896 rediit,
1454 866 1480 888 et
1492 860 1599 900 pietatis
1619 873 1675 892 ser-

930 902 975 921 mo
999 894 1178 936 undequaque
1201 898 1390 933 disseminatus
1416 912 1465 942 est,
1487 913 1513 936 et
1536 910 1671 939 cucurrit:

884 967 889 972 ,
930 941 1097 971 conversatio
1114 943 1230 974 caelitum
1245 946 1273 975 in
1292 949 1371 978 terris
1383 950 1501 989 plantata
1515 960 1555 983 est
1568 956 1673 995 :angeli

892 981 911 1005 Ε
929 994 991 1014 cum
1005 985 1161 1018 hominibus
1179 994 1388 1031 communicant,
1402 996 1525 1028 homines
1544 1011 1606 1031 cum
1622 1013 1673 1032 an-

929 1030 996 1069 gelis
1016 1032 1150 1074 intrepide
1163 1037 1366 1077 oolloquuntur.
1380 1043 1455 1081 Quid
1467 1044 1526 1075 ita?
1537 1049 1671 1085 Quoniam

928 1076 1002 1106 Deus
1016 1078 1043 1107 in
1060 1086 1158 1111 terram
1170 1084 1256 1120 venit,
1268 1091 1295 1114 et
1314 1086 1395 1117 homo
1411 1089 1439 1119 in
1459 1091 1566 1130 caelum,
1581 1096 1669 1125 omnia

927 1123 1027 1161 passim
1041 1128 1185 1158 commixta
1196 1137 1269 1159 sunt.
1286 1133 1371 1163 Venit
1384 1135 1457 1165 enim
1470 1136 1499 1166 in
1512 1144 1596 1177 terra,
1607 1151 1669 1170 cum

926 1175 998 1199 totus
1009 1170 1037 1200 in
1051 1173 1115 1202 caelo
1135 1174 1170 1204 sit
1183 1188 1189 1204 :
1202 1186 1318 1216 cumque
1334 1186 1407 1210 totus
1420 1181 1448 1211 in
1462 1184 1528 1213 caelo
1539 1185 1584 1222 sit,
1597 1193 1669 1216 totus

926 1221 965 1244 est
977 1215 1004 1244 in
1019 1223 1098 1248 terra.
1113 1220 1182 1249 Cum
1193 1229 1261 1252 esset
1268 1224 1352 1261 Deus,
1362 1226 1447 1256 factus
1458 1235 1497 1258 est
1510 1229 1603 1269 homo,
1615 1242 1681 1263 non¹

924 1270 1023 1300 negans
1031 1274 1059 1292 se
1069 1265 1157 1295 Deum
1165 1277 1220 1297 esse
1235 1279 1242 1296 :
1256 1279 1319 1298 cum
1335 1279 1403 1301 esset
1414 1274 1538 1304 Verbum
1558 1275 1669 1317 impati—

923 1306 990 1345 bile,
1002 1308 1088 1339 factus
1108 1318 1148 1341 est
1166 1323 1228 1343 caro
1243 1325 1249 1341 :
1267 1322 1297 1345 ut
1319 1316 1451 1348 habitaret
1461 1320 1489 1349 in
1509 1321 1588 1352 nobis
1608 1334 1669 1354 caro

878 1372 914 1392 398
923 1353 1009 1384 factus
1020 1362 1068 1386 est.
1082 1358 1155 1388 Deus
1163 1360 1234 1389 enim
1242 1362 1327 1392 factus
1339 1374 1392 1393 non
1405 1372 1455 1403 est,
1464 1366 1511 1396 sed
1525 1376 1591 1398 erat.
1603 1371 1668 1400 Pro-

886 1401 906 1423 Α
923 1406 1013 1439 pterea
1025 1412 1087 1432 earo
1099 1403 1187 1434 factus
1199 1413 1248 1445 est,
1264 1415 1294 1438 ut
1307 1420 1388 1448 quem
1400 1412 1497 1442 caelum
1511 1424 1564 1444 non
1578 1417 1667 1457 capie-

922 1444 979 1482 bat,
991 1446 1073 1477 hodie
1090 1451 1252 1491 praesepium
1265 1455 1422 1496 susciperet.
1437 1459 1579 1499 Propterea
1590 1463 1667 1502 poni-

923 1498 968 1520 tur
978 1492 1004 1521 in
1016 1496 1157 1536 praesepio,
1165 1505 1195 1527 ut
1208 1498 1231 1528 is
1241 1510 1255 1529 a
1268 1511 1322 1539 quo
1332 1503 1490 1534 nutriuntur
1499 1507 1588 1536 omnia
1598 1519 1667 1548 pue-

921 1538 976 1567 ruli
988 1539 1145 1572 alimentum
1159 1555 1174 1573 a
1188 1545 1294 1586 virgine
1307 1556 1391 1579 matre
1405 1552 1528 1592 accipiat.
1541 1555 1666 1595 Propter-

919 1593 950 1613 ea
959 1584 1112 1617 futurorum
1121 1591 1280 1622 saeculorum
1288 1595 1366 1624 Pater
1374 1602 1511 1636 tamquam
1528 1600 1563 1629 ab
1584 1602 1666 1632 ubere

918 1629 1037 1668 pendens
1060 1633 1147 1663 infans
1166 1636 1298 1676 virgineas
1317 1641 1428 1671 minime
1447 1644 1547 1683 refugit
1573 1646 1663 1684 ulnas,

919 1682 950 1704 ut
965 1678 1050 1716 magis
1072 1689 1178 1710 accessu
1199 1683 1285 1714 facilis
1310 1686 1368 1716 fiat.
1383 1687 1524 1727 Siquidem
1544 1699 1569 1721 et
1583 1693 1664 1724 hodie

919 1723 990 1762 magi
1008 1723 1184 1764 advenerunt,
1192 1735 1218 1758 et
1235 1736 1378 1770 tyrannum
1391 1734 1540 1775 abnegandi
1554 1737 1663 1770 initium

918 1768 1048 1807 fecerunt,
1067 1778 1093 1800 et
1118 1773 1214 1803 caelum
1236 1776 1378 1816 gloriatur,
1398 1780 1465 1810 dum
1488 1793 1538 1822 per
1557 1786 1662 1816 stellam

918 1815 1065 1846 Dominum
1088 1829 1167 1848 suum
1185 1820 1295 1860 indicat,
1315 1831 1341 1853 et
1363 1835 1444 1866 super
1458 1828 1557 1859 nubem
1575 1831 1660 1862 levem

918 1862 1037 1901 corporis
1046 1863 1090 1893 sui
1103 1865 1197 1895 sedens
1210 1868 1343 1899 Dominus
1355 1872 1440 1902 currit
1450 1873 1478 1903 in
1490 1875 1640 1916 AEgyptum
1652 1889 1658 1905 :

917 1913 943 1936 et
957 1908 1048 1948 sugere
1065 1910 1174 1949 quidem
1187 1913 1303 1944 Herodis
1315 1915 1423 1947 videtur
1438 1919 1559 1959 insidias,
1573 1933 1603 1952 re
1616 1934 1661 1953 au-

90 1965 138 1989 την
162 1955 279 1993 μηνύων,
298 1956 344 1985 καὶ
357 1959 371 1986 ὁ
386 1957 482 1997 Κύριος
504 1958 548 1987 ἐπὶ
570 1959 679 2000 νεφέλης
701 1961 800 2002 κούφης
814 1966 860 1993 τοῦ
878 1965 897 1988 B
917 1960 969 1983 tem
983 1965 1046 1985 vera
1058 1957 1132 1996 quod
1147 1958 1182 1987 ab
1201 1960 1271 1990 Isaia
1286 1961 1390 1992 dictum
1407 1965 1494 1995 fuerat
1504 1967 1634 2008 adimplet
1650 1981 1657 1997 :

90 2005 213 2046 σώματος
227 2007 398 2047 καθεζόμενος
413 2009 457 2038 ἐπὶ
471 2010 520 2046 τὴν
535 2011 670 2051 Αἴγυπτον
690 2014 797 2054 τρέχει,
821 2017 858 2056 τῷ

90 2058 138 2097 μὲν
158 2060 243 2089 δοκεῖν
265 2059 368 2099 φεύγων
390 2061 438 2097 τὴν
461 2061 581 2102 Ἡρώδου
603 2064 756 2103 ἐπιὸουλὴν,
771 2068 804 2106 τῇ
831 2068 858 2097 δὲ

88 2111 198 2151 ἀληθείᾳ
213 2113 374 2153 ἀποπληρῶν
386 2113 416 2143 τὸ
427 2114 500 2154 παρὰ
520 2118 566 2144 τοῦ
580 2115 691 2146 Ἡσαΐου
706 2119 856 2159 εἰρημένον·

88 2163 186 2193 Ἔσται
197 2164 257 2204 γὰρ,
270 2165 359 2205 φησὶν,
373 2167 400 2196 ἐν
421 2168 455 2206 τῇ
469 2167 557 2208 ἡμέρᾳ
570 2169 657 2209 ἐκείνῃ
673 2171 783 2211 Ἰσραὴλ
791 2173 856 2212 ’τρί-

86 2228 130 2250 τος
144 2218 172 2245 ἐν
193 2221 248 2249 τοῖς
271 2217 431 2257 Ἀσσυρίοις,
446 2219 491 2248 καὶ
502 2220 530 2248 ἐν
544 2225 598 2254 τοῖς
610 2223 765 2262 Αἰγυπτίοις
779 2226 854 2255 εὔλο-

85 2269 197 2308 γημένος
211 2269 285 2298 ἔσται
294 2271 308 2298 6
321 2269 383 2303 λαός
395 2282 444 2308 μου
459 2272 486 2300 ἐν
500 2273 533 2311 τῇ
551 2274 601 2312 γῇ,
616 2273 648 2309 ἣν
660 2275 785 2315 εὐλόγησε
798 2277 854 2307 Κύ-

85 2333 138 2361 ριος
151 2321 277 2357 Σαὸαὼθ,
291 2321 388 2360 λέγων·
401 2323 576 2362 εὐλογημένος
594 2325 669 2355 ἔσται
681 2329 695 2357 6
709 2327 771 2361 λαός
782 2340 831 2382 μου
840 2331 854 2358 6

84 2375 111 2403 ἐν
127 2374 254 2414 Αἰγύπτῳ
267 2374 311 2403 καὶ
325 2377 339 2403 6
353 2375 379 2403 ἐν
391 2379 443 2408 τοῖς
454 2375 597 2415 Ἀσσυρίοις
608 2377 652 2406 καὶ
662 2381 676 2408 6
690 2380 717 2408 ἐν
732 2379 851 2420 Ἰσραήλ.

84 2426 120 2455 Τί
135 2426 233 2465 λέγεις,
248 2420 270 2454 ὦ
284 2425 406 2463 Ἰουδαῐε;
421 2428 435 2455 6
447 2429 551 2467 πρῶτος
564 2429 650 2468 τρίτος
670 2430 794 2470 γέγονας,
807 2434 854 2463 Αἴ-

83 2477 188 2517 γύπτιοι
197 2478 241 2507 καὶ
251 2478 381 2519 Ἀσσύριοι
390 2479 602 2520 προετάχθησαν,
612 2482 656 2511 καὶ
665 2484 679 2512 6
690 2484 854 2523 πρωτότοκος

120 2575 129 2585 ⁸
148 2573 221 2607 [Sav.
236 2575 301 2607 conj,
316 2577 472 2607 amomum]

914 2000 983 2030 Erit
999 2002 1185 2042 euim‚inquit,
1200 2006 1233 2034 in
1249 2007 1298 2036 die
1317 2009 1373 2038 illa
1394 2012 1489 2041 lsrael
1507 2015 1608 2043 tertius
1625 2017 1658 2043 in

914 2047 1060 2086 Assyriis,
1072 2057 1101 2079 et
1110 2053 1142 2079 in
1154 2052 1304 2092 AEgrptiis
1318 2056 1486 2087 benedictus
1496 2061 1552 2089 erit
1565 2072 1653 2101 popu.-
1667 2064 1777 2107 lS'¹f·g9·

913 2091 960 2121 lus
970 2103 1049 2122 meus
1056 2095 1087 2123 in
1094 2101 1181 2132 term,
1187 2107 1276 2136 quam
1290 2099 1440 2130 benedixit
1451 2103 1598 2134 Dominus
1607 2105 1658 2135 Sa·
1667 2095 1696 2126 ²4
1718 2103 1766 2120 ²³*

912 2138 1013 2175 baotlz,
1034 2140 1131 2170 dicens
1144 2153 1152 2168 .·
1164 2143 1339 2175 Benedictus
1358 2148 1413 2176 erit
1431 2149 1556 2188 populus
1575 2161 1656 2181 meus

911 2190 963 2228 qui
985 2191 1017 2218 in.
1041 2192 1175 2231 AEgypto
1189 2200 1218 2223 et
1236 2197 1287 2234 qui
1304 2197 1336 2224 in
1354 2197 1489 2238 Assyriis
1508 2207 1537 2230 et
1552 2203 1605 2240 qui
1622 2204 1655 2230 in

909 2241 1015 2271 IsraEI.
1028 2241 1104 2279 Quid
1116 2242 1164 2279 ais,
1171 2244 1286 2274 Judaee?
1298 2246 1346 2284 qui
1363 2247 1467 2287 primus
1481 2260 1550 2288 eras,
1560 2252 1655 2281 tertius

887 2303 890 2306 ⁴
909 2291 994 2321 factus
1003 2292 1054 2322 es?
1067 2293 1189 2333 AEgyptii
1202 2302 1228 2324 et
1239 2297 1344 2336 Assyrii
1356 2298 1406 2327 tibi
1419 2300 1527 2330 antelati
1541 2309 1614 2338 sunt,
1628 2309 1654 2331 et

908 2343 1102 2383 primogenitus
1111 2345 1194 2375 Israel
1203 2356 1316 2376 numero
1329 2349 1461 2388 posterior
1470 2351 1529 2380 est?
1540 2351 1581 2380 Ita
1596 2359 1635 2381 est
1644 2363 1650 2383 ε

908 2394 1002 2424 merito
1027 2396 1132 2436 Assyrii
1160 2397 1243 2436 primi
1266 2405 1344 2428 erunt
1359 2411 1366 2428 :
1382 2400 1601 2439 quandoquidem
1625 2409 1651 2432 et

907 2444 960 2484 ipsi
973 2445 1053 2485 primi
1068 2457 1116 2486 per
1129 2458 1221 2487 magos
1234 2459 1296 2477 eum
1309 2449 1488 2479 adoraverunt
1505 2463 1511 2479 ι
1528 2451 1651 2492 AEgyptii

907 2505 971 2525 vero
992 2503 1054 2535 post
1071 2498 1206 2537 Assyrios,
1223 2499 1441 2537 quandoquidem
1461 2501 1549 2540 ipsum
1565 2503 1649 2532 Hero-

931 2593 941 2603 ·
948 2586 1006 2618 Reg⁴
1023 2590 1125 2619 θάνατος,
1132 2587 1183 2612 sine
1193 2588 1306 2619 articulo,
1317 2590 1540 2622 moxquesimiliter
1548 2597 1646 2628 κατάρα.
