1890 2826
210 176 280 222 452
547 185 577 207 s.
605 183 744 208 JOANNIS
771 183 951 207 cnnvsos‘r.

982 182 1137 206 ARCHIEP.
1165 183 1439 208 CONSTANTINOP-

209 249 327 289 cipibus,
353 248 420 277 bene
442 246 552 276 affectus
577 256 639 284 erga
664 245 820 281 Godoliam,
848 244 954 284 aufugit
970 246 988 269 Β
1009 245 1032 273 οἱ
1056 245 1243 284 διεσπαρμένοι
1266 246 1293 274 ἐν
1317 249 1371 281 τοῖς
1396 247 1484 286 ἀγροῖς
1507 246 1636 276 Ἰουδαῖοι.
1664 244 1778 284 Ἰσμαὴλ

210 296 307 326 Isma'e‘l
326 306 389 325 cum
402 301 480 324 aucto
501 293 568 323 viris
582 300 696 329 tantum,
710 293 896 333 populumque
910 302 951 321 ac·
967 312 974 318 .

210 342 282 383 cepit
293 343 425 372 Joannan.
437 339 492 377 Qui
506 346 630 379 precatus
644 338 684 369 est
697 338 852 375 Jeremiam,
863 345 893 367 ut
904 348 954 377 pro

211 389 277 429 ipsis
287 390 375 418 Deum
385 393 507 427 rogaret;
519 396 582 415 curn
593 383 741 418 consuleret
750 384 817 425 ipsis
826 384 955 415 Jeremias

211 445 243 465 nc
253 435 281 464 in
296 435 447 475 AEgyptum
461 432 684 472 ingredeoentur5
699 438 811 462 mortem
823 430 896 460 enim
908 430 956 459 mi-

210 481 270 510 nari
291 483 378 510 Deum
401 480 424 509 si
438 490 470 509 eo
484 478 691 518 commigrarent
703 489 710 507 :
725 477 755 507 id
773 477 813 507 eis
826 487 879 506 non
892 487 954 517 per-

210 528 303 558 suasit.
317 529 388 557 Cum
397 533 488 556 autem
498 526 632 555 venissent
641 524 670 554 in
683 524 822 565 Taphnas,
832 524 955 553 cohorta-

211 581 253 604 tus
276 581 316 603 est
333 584 379 603 eos
400 583 434 602 ne
455 571 528 602 idola
549 571 675 602 colerent.
700 569 956 601 Gonu-adicentibus

210 620 266 649 illis
305 618 495 660 praenuntiavit
518 617 665 658 perniciem
692 626 826 656 magnam,
849 622 876 644 et
898 614 955 654 regi

212 667 404 706 AEgyptiorum
416 663 561 705 perniciem
581 663 694 704 AEgypti
706 662 840 703 praedicit,
854 671 955 691 necnon

210 712 434 751 alienigenarum,
448 711 511 740 item
522 710 716 746 Moabitarum,
727 708 952 744 Ammanitarum,

208 758 402 795 Idumaeorum,
416 757 554 794 Damasci,
571 763 598 786 et
611 756 703 794 Elam,
718 755 852 794 etiamque
865 754 955 793 Baby·
971 753 990 777 C

210 804 280 834 lonis
290 827 298 841 ‚
321 804 492 843 reditumque
512 802 576 832 inde
597 802 755 832 Judaeorum
781 799 953 841 praenuntiat.

210 850 354 888 Quomodo
380 850 470 880 excisa
494 849 529 879 sit
554 849 705 880 Jerusalem
727 859 805 881 narra
810 854 829 885 t,
854 857 956 877 necnon

210 896 346 935 quomodo
364 907 399 926 ex
419 895 523 936 dejecto
545 902 616 925 statu
630 895 658 924 in
672 895 800 924 honorem
813 900 957 934 provectus

210 943 291 972 suerit
305 942 438 978 Joachim,
452 942 501 981 qui
516 948 611 981 sponte
624 951 652 970 se
669 951 731 970 cum
745 947 829 970 matre
841 949 890 969 sua
907 938 957 968 de-

212 988 318 1018 diderat
331 987 589 1019 Nabuchodonosori
594 1009 600 1017 .

213 1278 340 1297 SYNOFSlS
358 1277 460 1297 EORUM
483 1277 551 1301 QUAE
574 1276 608 1294 AB
629 1275 786 1294 Euenit-:LE
809 1274 957 1293 PROPRETA

489 1322 575 1342 chA
598 1322 683 1341 SUNT.

255 1405 339 1436 Videt
352 1404 483 1445 propheta
495 1403 627 1433 visionem
640 1402 869 1436 cherubinorum,
881 1401 959 1442 jube-
974 1389 993 1412 l)

214 1460 311 1492 turque
321 1463 337 1481 a
348 1453 406 1482 Deo
419 1450 534 1480 Ira'e'litis
547 1449 634 1488 loqui.
647 1450 811 1489 Deportatur
824 1459 840 1477 a
853 1447 958 1488 Spiritu

213 1500 240 1528 in
252 1499 434 1539 captivitatem
446 1509 452 1526 ε
466 1496 652 1534 excitaturque
662 1506 678 1524 a
689 1497 757 1531 Deo,
767 1501 797 1524 ut
809 1505 872 1524 cum
884 1494 958 1523 fidu-

215 1545 255 1575 cia
268 1552 295 1575 et
308 1544 423 1584 impigre
436 1549 495 1572 tum
508 1541 611 1580 iniquis
624 1547 683 1570 tum
693 1539 775 1580 justis
785 1539 859 1570 viam
872 1539 908 1569 ad
917 1539 960 1568 vi-

213 1598 268 1620 tam
276 1590 418 1620 ducentem
427 1587 578 1623 annuntiet,
590 1593 616 1615 et
626 1586 676 1615 Dei
695 1584 819 1614 mandata
830 1584 958 1614 declaret.

213 1639 230 1667 J
233 1637 331 1666 ubetur
339 1647 395 1666 sese
406 1633 556 1669 includere,
567 1640 593 1662 et
603 1631 779 1671 Jerosolymae
790 1630 959 1660 obsidionem

213 1683 393 1724 praenuntiare
410 1692 459 1722 per
472 1679 627 1719 exemplum
647 1678 739 1707 lateris
760 1683 786 1707 et
809 1676 960 1716 sartaginis.

215 1731 232 1761 J
235 1730 331 1760 ubetur
342 1729 406 1758 item
419 1728 447 1756 in
462 1736 548 1756 unum
559 1725 630 1754 latus
638 1723 757 1753 dormire
770 1729 842 1753 certo
853 1721 961 1752 dierum

215 1786 339 1812 numero,
349 1775 488 1804 declarans
499 1771 677 1816 calamitatem
688 1770 791 1810 populo
800 1770 920 1799 futuram
931 1769 959 1799 in

216 1823 382 1864 captivitate.
397 1819 524 1851 Praedicit
537 1829 586 1859 per
599 1827 691 1858 paneS‚
705 1827 773 1855 quos
792 1827 827 1846 ex
847 1822 962 1846 stercore
978 1815 996 1838 Ε

216 1871 300 1899 boum
311 1869 385 1903 facit,
399 1874 426 1896 et
437 1877 486 1906 per
499 1864 663 1895 divisionem
676 1862 838 1903 capillorum
849 1869 963 1892 mortem

218 1926 323 1951 corum,
338 1912 551 1953 dispersionem;
564 1909 642 1939 urbis
654 1909 722 1939 item
733 1915 812 1947 atque
826 1908 964 1938 idolorum

220 1961 430 1991 devastationem
442 1957 545 1998 adjicit.
557 1955 642 1987 Videt
654 1955 808 1994 iniquitates
820 1954 927 1995 populi,
939 1961 966 1984 et

220 2007 412 2038 idololatriam.
428 2003 536 2034 Deinde
550 2013 594 2032 eos
617 2003 663 2040 qui
689 2012 774 2040 usque
793 2001 829 2030 ad
851 2001 966 2030 exitium

222 2054 297 2083 urbis
318 2053 492 2082 devenerunt.
507 2049 592 2080 Videt
614 2058 724 2077 rursum
745 2047 928 2083 Cherubinos,
940 2053 967 2076 et

221 2100 292 2130 mala
316 2098 378 2128 urbi
400 2096 571 2138 praenuntiat.
586 2095 627 2124 De
651 2094 685 2122 iis
705 2093 754 2132 qui
779 2093 807 2122 in
828 2093 967 2124 Clu-istum

221 2144 350 2175 credituri
362 2149 445 2172 erant.
458 2140 584 2172 Praedicit
594 2150 704 2169 rursum
718 2139 900 2179 captivitatem
913 2150 966 2179 po-

223 2191 294 2232 puli,
311 2201 372 2229 quae
386 2189 437 2218 sub
450 2186 561 2218 Sedecia
572 2185 680 2222 accidit,
694 2191 720 2214 et
730 2185 868 2214 Sedeciam
880 2195 966 2215 cxcae-

188 2256 190 2259 ·
223 2246 313 2269 catum
329 2237 365 2266 iri
378 2247 395 2265 a
411 2232 684 2266 Nabuchodonosore.
696 2230 822 2260 Praedicit
833 2232 904 2261 mala
914 2242 967 2262 non

225 2291 286 2326 post
294 2283 454 2313 diuturnum
467 2287 573 2319 tempus
586 2284 727 2313 eventura,
741 2277 789 2306 sed
802 2288 885 2317 prope
899 2289 966 2307 esse.

226 2332 348 2362 Minatur
357 2324 610 2370 pseudoprophetiS,
625 2323 744 2364 ipsisque
757 2323 968 2363 indeprecabilia

225 2388 282 2407 esse
295 2387 355 2416 quae
368 2373 473 2416 passuri
485 2378 549 2402 sunt
561 2371 633 2400 mala
652 2369 791 2399 denuntiat
799 2381 806 2404 ;
823 2370 858 2398 ita
878 2377 907 2399 ut
921 2381 969 2400 nec

225 2424 278 2455 Job
296 2433 346 2452 nec
365 2420 462 2451 Daniel
483 2429 531 2448 nec
554 2418 612 2447 Noe
634 2416 756 2457 ipsorum
777 2416 847 2445 filios
868 2417 1014 2456 possints„

1009 292 1109 330 ἀναιρεῖ
1123 290 1167 320 τὸν
1181 292 1203 320 Γ
1204 291 1323 327 οδολίαν,
1337 292 1382 321 καὶ
1404 292 1508 332 ἐτέρους
1527 291 1614 329 τινὰς,
1629 292 1674 322 καὶ
1686 291 1776 321 λαθὼν

1008 337 1052 366 τὸν
1065 337 1129 366 λαὸν
1141 340 1188 367 τοῦ
1201 338 1340 376 Γοδολίου,
1354 338 1483 378 ἐπορεύθη
1502 340 1540 372 εἷς
1550 338 1600 375 ἰὴν
1619 339 1779 378 Ἀμμωνῖτιν

1009 385 1100 423 χῶραν
1113 385 1127 412 ὁ
1140 383 1265 422 Ἰσμαήλ.
1283 383 1331 418 Ὡς
1345 384 1372 414 δὲ
1390 381 1457 414 εἶδεν
1476 385 1554 414 αὐτὸν
1569 388 1583 415 ὁ
1595 384 1731 421 Ἰωάνναν,
1743 379 1781 416 εἷς

1009 441 1049 462 τις
1061 431 1114 459 τῶν
1129 429 1279 470 ἀρχόντων,
1293 431 1416 465 εὐνοϊκῶς
1434 430 1596 470 διακείμενος
1614 430 1679 471 πρὸς
1697 430 1781 460 Γοδο-

1009 475 1078 511 λίαν,
1092 475 1171 516 ἔφυγε
1183 476 1252 516 μετὰ
1261 479 1314 507 τῶν
1328 477 1400 507 ὀκτὼ
1413 477 1499 517 μόνων
1513 478 1615 518 ἀνδρῶν
1627 479 1642 507 ὁ
1655 475 1781 515 Ἰσραὴλ,

1009 522 1055 551 καὶ
1067 522 1113 552 τὸν
1126 522 1189 552 λαὸν
1204 522 1299 552 ἔλαὸεν
1312 525 1327 552 ὁ
1340 523 1476 553 Ἰωάνναν.
1490 523 1576 553 Ὥστε
1595 524 1721 559 δεηθῆναι
1733 524 1780 552 τοῦ

1009 569 1080 597 Θεοῦ
1101 568 1162 608 περὶ
1184 570 1270 598 αὐτῶν
1291 569 1406 606 δεηθεὶς,
1420 570 1466 599 καὶ
1480 569 1679 609 συμὸουλεύσας
1693 570 1782 601 αὐτοῖς

1011 613 1047 653 μὴ
1059 615 1185 643 εἰσελθεῖν
1197 615 1235 648 εἰς
1247 614 1382 654 Αἴγυπτον
1393 615 1521 655 (θάνατον
1538 615 1590 656 γὰρ
1605 616 1722 645 ἀπειλεῖν
1736 614 1781 644 τὸν

1010 659 1094 708 θεὸν,
1106 661 1130 689 εἷ
1144 663 1155 676 ²
1165 660 1351 699 μετοικήσαιεν
1363 662 1451 701 ἐκεῖ),
1463 663 1512 692 οὔκ
1529 661 1645 692 ἔπεισεν.
1659 661 1739 691 Ἐπεὶ
1752 659 1780 690 δὲ

1010 707 1087 745 ἦλθον
1098 706 1146 740 ἕως
1158 706 1276 747 Τάφνας,
1289 711 1413 747 παραινεῖ
1424 709 1512 742 αὐτοῖς
1522 708 1560 747 μὴ
1573 708 1781 748 εἶδωλολατρεὶν.

1010 751 1057 786 Ὡς
1071 753 1099 782 δὲ
1112 752 1261 793 ἀντέλεγον,
1273 753 1447 794 προαγορεύει
1462 756 1550 788 αὐτοῖς
1563 754 1669 794 ὄλεθρον
1685 753 1782 793 μέγαν,

1010 798 1055 828 καὶ
1066 800 1105 839 τῷ
1118 800 1221 838 βασιλεῖ
1242 801 1301 829 τῶν
1317 800 1471 840 Αἰγυπτίων
1484 800 1533 837 τὴν
1546 800 1682 831 &nehem
1700 799 1783 840 Αἰγύ-

1010 857 1077 875 πτου
1099 846 1239 886 προλέγει,
1252 846 1298 880 καὶ
1311 848 1364 876 τῶν
1386 846 1559 888 ἀλλοφύλων,
1580 846 1629 884 τὴν
1648 845 1784 876 ἀπώλειαν

1011 893 1163 922 Μωαὸιτῶν
1174 893 1264 933 λέγει,
1286 893 1332 923 καὶ
1355 895 1522 933 Ἀμμανιτῶν
1543 893 1590 923 καὶ
1609 893 1782 933 Ἰδουμαίων,

1010 938 1059 975 τὴν
1082 938 1216 969 ἀπώλειαν
1237 940 1384 978 Δαμασκοῦ
1405 940 1452 970 καὶ
1466 939 1559 979 Ἐλὰμ
1577 940 1716 980 προλέγει,
1737 939 1783 968 καὶ

1010 984 1060 1021 τὴν
1073 984 1208 1014 ἀπώλειαν
1224 985 1398 1021 Βαὸυλῶνος,
1411 985 1456 1015 καὶ
1470 985 1519 1022 τὴν
1533 985 1624 1015 ἄνοδον
1640 987 1694 1015 τῶν
1712 985 1783 1014 Ἰου-

1012 1030 1091 1060 δαίων
1104 1030 1152 1067 τὴν
1172 1031 1280 1061 intona.
1292 1032 1355 1064 Πῶς
1366 1030 1437 1061 ἑάλω
1454 1030 1633 1072 Ἰερουσαλὴμ
1643 1030 1783 1071 προλέγει,

1010 1076 1056 1106 καὶ
1076 1076 1128 1106 ἀπὸ
1150 1076 1257 1115 ἀτιμίας
1278 1078 1317 1110 εἷς
1339 1076 1420 1116 τιμὴν
1442 1072 1507 1113 ἦλθε
1525 1077 1695 1116 Ἰωακεὶμ,’ὁ
1715 1077 1783 1107 ἑκὼν

1010 1122 1208 1163 προσχωρήσας
1228 1124 1267 1163 τῷ
1280 1122 1514 1163 Ναὸουχοδονόσορ
1529 1123 1597 1162 μτὰ
1618 1125 1666 1159 τῆς
1683 1124 1782 1163 μητρὸς

1012 1171 1091 1199 αὐτοῦ
1096 1191 1102 1198 .

1045 1273 1166 1292 ΣΥΝΟΨῘΣ
1176 1272 1231 1292 ΤΩΝ
1243 1272 1279 1298 ‘m
1294 1272 1426 1299 ΠΡΟΦΗΤῌ
1439 1273 1566 1293 ΙΕΖΕΚΙΗΛ
1575 1273 1748 1294 sumntum.

1051 1394 1121 1434 Ὁρᾷ
1134 1393 1183 1430 τὴν
1195 1395 1324 1425 ὀπτασίαν
1337 1397 1389 1425 τῶν
1403 1396 1540 1436 Χερουὸὶμ
1549 1399 1564 1426 ὁ
1575 1396 1723 1436 προφήτης,
1739 1396 1786 1426 καὶ

1011 1441 1147 1471 κελεύεται
1163 1442 1280 1478 λαλῆσαι
1297 1447 1351 1476 τοῖς
1361 1442 1538 1483 Ἰσραηλίταις
1552 1444 1626 1484 παρὰ
1641 1446 1687 1474 τοῦ
1700 1445 1784 1474 Θεοῦ.

1011 1489 1128 1528 Φέρεται
1153 1488 1204 1518 ὑπὸ
1221 1491 1267 1517 τοῦ
1291 1488 1448 1527 Πνεύματος
1459 1491 1497 1524 εἰς
1508 1490 1558 1526 τὴν
1579 1490 1766 1531 αἰχμαλωσίαν
1776 1512 1785 1526 ,

1011 1533 1057 1564 καὶ
1069 1537 1241 1574 παρορμῖται
1257 1534 1308 1564 ὑπὸ
1321 1537 1367 1564 τοῦ
1388 1536 1460 1565 Θεοῦ
1482 1535 1548 1576 πρὸς
1558 1536 1589 1566 τὸ
1603 1536 1672 1576 μετὰ
1684 1538 1788 1577 παρῤη-

1012 1582 1070 1613 σίας
1083 1579 1130 1609 καὶ
1142 1579 1242 1614 ἀόκνως
1253 1584 1309 1614 τοῖς
1318 1592 1346 1610 τε
1359 1581 1465 1620 ἀνόμοις
1477 1582 1524 1611 καὶ
1535 1586 1590 1616 τοῖς
1609 1581 1720 1616 δικαίοις
1737 1582 1787 1618 τὴν

1012 1628 1049 1660 εἷς
1062 1625 1111 1661 τὴν
1122 1625 1191 1661 ζωὴν
1204 1625 1334 1666 φέρουσαν
1344 1627 1522 1667 διαγγέλλειν,
1535 1628 1582 1658 καὶ
1593 1628 1641 1662 τὰς
1657 1631 1704 1658 τοῦ
1716 1630 1788 1660 Θεοῦ

1013 1671 1176 1712 προμηνύειν
1183 1671 1297 1705 ἐντολάς.
1310 1673 1454 1703 Κελιύεται
1473 1675 1608 1714 ἐγκλεῖσαι
1618 1675 1724 1712 ἑαυτὸν,
1743 1675 1789 1711 καὶ

1014 1720 1062 1754 τῆς
1075 1717 1252 1758 Ἰερουσαλὴμ
1264 1718 1417 1759 πολιορκίαν
1431 1724 1601 1760 προμηνῦσαι
1610 1721 1654 1751 διὰ
1667 1723 1713 1751 τοῦ
1725 1723 1788 1752 ὓπο-

1016 1765 1155 1804 δείγματος
1171 1765 1221 1799 τῆς
1234 1764 1342 1794 πλίνθου
1356 1765 1402 1794 καὶ
1415 1768 1461 1795 τοῦ
1475 1766 1790 1806 τηγάνω.’Κελεύεταιδὲ

1017 1811 1062 1841 καὶ
1074 1810 1119 1841 ἐπὶ
1136 1810 1164 1840 ἓν
1178 1810 1292 1850 πλευρὸν
1301 1814 1461 1850 κοιμηθῆναι
1474 1814 1581 1853 ἡμερῶν
1590 1813 1701 1854 ἀριθμὸν
1711 1837 1720 1852 ,
1741 1826 1792 1855 φα·

1016 1859 1099 1898 νερῶν
1109 1856 1158 1893 τὴν
1171 1858 1199 1886 ἐν
1216 1859 1250 1896 τῇ
1273 1858 1446 1898 αἰχμαλωσίᾳ
1462 1859 1591 1899 ἐσομένην
1610 1862 1648 1901 τῷ
1661 1862 1719 1902 λαῷ
1732 1862 1791 1891 θλί-

1017 1905 1071 1943 ψιν.
1091 1902 1222 1942 Προλέγει
1248 1903 1292 1932 διὰ
1317 1905 1371 1933 τῶν
1388 1903 1475 1944 ἄρτων
1486 1928 1495 1942 ,
1522 1905 1567 1939 οὓς
1590 1906 1636 1935 ἐπὶ
1662 1907 1792 1946 βολὸίτων

1017 1953 1104 1985 ποιεῖ,
1130 1947 1176 1978 καὶ
1188 1948 1232 1978 διὰ
1241 1951 1288 1978 τοῦ
1303 1952 1432 1989 μερισμοῦ
1443 1953 1496 1980 τῶν
1510 1953 1608 1991 τριχῶν
1624 1951 1669 1982 τὸν
1681 1953 1792 1983 θάνατον

1018 1996 1104 2024 αὐτῶν
1115 1994 1162 2025 καὶ
1175 1994 1223 2031 τὴν
1238 1994 1382 2035 διασπορσίν
1393 2007 1400 2014 ·
1413 1995 1459 2025 καὶ
1469 1996 1519 2032 τὴν
1531 1996 1667 2037 ἐρήμωσιν
1681 2000 1729 2034 τῆς
1740 1999 1792 2028 πόν

1017 2042 1084 2074 λεως
1096 2041 1142 2070 καὶ
1153 2040 1335 2070 &mmmm
1347 2041 1530 2081 προστίθησιν.
1539 2042 1610 2083 Ὁρᾷ
1620 2043 1668 2078 τὰς
1681 2046 1791 2084 ἀνομίας

1018 2087 1064 2114 τοῦ
1076 2085 1142 2114 λαοῦ
1166 2084 1211 2114 καὶ
1230 2084 1280 2121 τὴν
1296 2085 1521 2127 εἰδωλολατρείαν.
1543 2087 1622 2118 Μετὰ
1633 2091 1719 2119 ταῦτα
1733 2090 1794 2124 τοὺς

1019 2131 1068 2164 ἕως
1078 2131 1184 2171 ὀλέθρου
1197 2133 1245 2166 τῆς
1262 2131 1365 2165 πόλεως
1375 2132 1503 2166 ἐλθόντας.
1529 2133 1599 2175 Ὁρᾷ
1619 2135 1647 2165 δὲ
1661 2136 1742 2167 πάλιν
1759 2138 1793 2167 τὰ

1020 2177 1172 2218 Χερουὸὶμ,
1186 2177 1231 2207 καὶ
1244 2177 1368 2217 προλέγει
1380 2181 1412 2219 τῇ
1427 2178 1504 2209 πόλει
1513 2180 1593 2210 κακοί.
1613 2182 1681 2223 Περὶ
1691 2185 1744 2212 τῶν
1757 2186 1795 2217 εἰς

1020 2223 1136 2264 Χριστὸν
1156 2223 1342 2254 πιστευόντων.
1363 2225 1518 2265 Προμηνύει
1538 2226 1587 2263 τὴν
1609 2229 1794 2269 αἰχμαλωσίαν

1022 2266 1094 2304 αὖθις
1113 2273 1160 2300 τοῦ
1174 2272 1239 2300 λαοῦ
1257 2271 1308 2306 τὴν
1320 2271 1365 2300 ἐπὶ
1376 2272 1500 2302 Σεδεκίου
1509 2294 1518 2309 ,
1537 2273 1582 2303 καὶ
1595 2273 1644 2311 τὴν
1657 2276 1737 2306 αὐτοῦ
1746 2277 1795 2306 Σε-

1022 2316 1108 2347 δεκίου
1121 2316 1254 2357 τύφλωσιν
1265 2316 1314 2353 τὴν
1328 2317 1380 2347 ὑπὸ
1391 2319 1674 2361 τοῦΝαὸωχοδονόσορ
1684 2322 1795 2361 γενομέ-

1022 2375 1079 2399 νην.
1099 2363 1246 2403 Προλέγει,
1260 2363 1297 2402 μὴ
1310 2365 1347 2397 εἰς
1359 2364 1460 2404 μακρὸν
1476 2365 1570 2406 χρόνον
1589 2367 1750 2403 ἰκὸήσεσθαι
1761 2368 1796 2398 τὰ

1024 2409 1104 2445 κακὰ,
1115 2411 1172 2439 ἀλλ’
1187 2409 1264 2449 ἐγγὺς
1276 2404 1352 2439 εἶναι.
1363 2412 1477 2441 Ἀπειλεῖ
1489 2417 1543 2446 τοῖς
1555 2414 1794 2454 ψευδοπροφήταις,

226 2478 319 2497 eruere
334 2479 340 2495 ι
357 2472 383 2495 et
395 2471 543 2494 extremam
561 2461 673 2490 illorum
692 2460 842 2490 vastitatem
862 2471 910 2500 per
932 2461 968 2489 li-
987 2463 1005 2484 A
1025 2456 1069 2486 καὶ
1088 2455 1257 2496 ἀπαραίτητα
1281 2457 1368 2486 αὐτῶν
1385 2469 1451 2497 φησι
1469 2457 1502 2487 τὰ
1523 2458 1594 2488 κακὰ
1620 2454 1703 2497 εἶναι,
1729 2460 1797 2500 ἅπερ

229 2522 311 2550 gnum
324 2509 386 2539 vitis
399 2507 526 2538 declarat.
539 2506 656 2536 Enarrat
665 2504 762 2545 populi
774 2504 969 2544 turpitudinem

261 2616 270 2629 a
284 2606 297 2641 .[
308 2606 384 2633 Coisl.
399 2608 571 2638 ,marmarium-j

1025 2505 1232 2541 ὑποστήσονται·
1257 2507 1294 2540 ὥς
1317 2506 1386 2545 μηδὲ
1407 2506 1490 2543 Ἰὼ6,
1514 2507 1532 2542 ἢ
1556 2507 1674 2545 Δανιὴλ,
1696 2509 1714 2544 ἢ
1735 2510 1796 2540 Νῶε
