1904 2840
192 1364 222 1380 CX
225 1363 257 1379 XX

127 1597 193 1620 Psal.
212 1595 251 1620 38.

131 1627 167 1650 13.

279 208 349 244 866
536 196 539 198 ‘
826 237 831 241 ,
859 217 943 240 OPUS
970 215 1207 239 IMPERFECTUM

277 284 428 315 seminare,
444 289 497 308 non
519 277 555 308 de
574 277 633 308 loeo
655 276 692 308 ad
711 277 803 309 locum
822 284 1013 315 transmutans,

277 321 324 351 sed
338 320 483 350 voluntate.
498 319 553 348 Nec
570 317 643 348 enim
655 317 738 353 venit,
753 318 800 347 ubi
822 328 875 348 non
889 325 955 353 erat,
967 329 1015 347 nec

276 360 413 398 relinquit,
435 358 506 388 unde
527 368 647 397 egressus
661 365 719 387 est:
735 357 799 397 quia
819 359 893 388 Deus
916 358 1016 396 ubique

275 407 324 435 est,
336 406 430 439 praeter
438 398 484 427 ubi
495 408 551 428 esse
559 397 685 427 noluerit.
703 399 758 427 Aut
766 404 837 427 certe
847 397 908 427 ideo
917 397 1014 433 exivit,

275 439 337 477 quia
354 439 390 467 ibi
408 444 447 468 est
464 439 552 474 Deus,
568 437 616 466 ubi
636 436 742 477 justitia
755 437 815 476 ejus
835 437 953 467 colitur:
967 437 1015 466 ubi

274 485 361 507 antem
373 478 478 517 justitia
492 478 550 517 ojus
570 486 623 506 non
639 483 688 512 est,
708 487 756 507 nec
776 477 833 517 ipsc
853 484 892 506 est
913 477 963 506 ihi.
979 478 1014 507 Et

274 518 320 556 qui
342 518 411 547 intra
431 517 563 557 justitiam
578 527 655 546 suam
674 523 754 553 sunt,
776 516 849 546 intus
872 523 954 546 sunt:
968 516 1016 556 qui

273 564 361 587 autem
384 564 459 587 extra
470 556 603 597 justitiam
616 557 674 596 ejus
696 563 768 593 sunt,
781 556 846 586 foris
870 556 1013 586 habentur.

274 598 416 636 Propterea
430 595 561 635 quamdiu
579 595 630 624 fuit
642 596 670 624 in
692 596 775 630 caelis,
788 596 836 625 ubi
849 606 941 625 omnes
953 603 1016 625 sunt

270 637 348 676 justi,
366 637 439 666 intus
455 642 530 665 erat:
543 635 653 665 veniens
666 642 753 665 autem
774 635 801 664 in
813 635 957 671 mundum,
968 635 1016 675 qui

274 682 345 706 totns
359 683 434 706 extra
454 675 587 715 justitiam
610 681 667 704 erat
682 675 744 712 Dei,
768 675 839 704 foras
865 674 968 712 exivit,
987 682 1016 704 ut

273 715 364 755 ipsum
384 716 482 746 faceret
503 715 586 745 intus.
601 714 738 751 Quoniam
759 725 822 754 ergo
842 725 934 744 omnes
956 724 1017 754 gen-

272 762 321 792 tes,
334 755 383 785 Dei
391 754 525 794 justitiam
543 754 887 793 contemnentes,degebant
900 754 951 783 sub
963 765 1017 794 po—

272 801 364 824 testate
375 794 477 824 diaboli
490 806 497 823 :
509 793 571 824 ideo
582 794 678 829 exivit,
693 800 722 823 ut
735 794 868 834 plantaret
884 793 1016 834 justitiam

273 834 301 863 in
315 834 435 871 mundo,
448 834 495 864 ubi
518 844 571 863 non
598 840 654 863 erat
673 834 750 873 prius
776 840 887 873 propter
908 840 1016 873 peccata

273 874 406 914 ipsorum.
429 875 511 903 Exiit
538 876 591 913 qui
615 876 751 909 seminat,
774 876 928 902 seminare.
955 874 1016 904 Non

273 913 373 944 sufficit
391 914 416 943 ei
440 913 540 949 dicere,
554 913 693 944 Seminare
706 912 791 942 exivit
806 924 814 941 :
828 911 876 942 sed
898 911 1015 949 addidit,

272 954 357 983 Exiit
363 955 414 993 qui
425 953 560 988 seminat,
571 954 732 982 seminare.-
744 959 774 981 ut
785 951 944 986 ostenderet,
953 952 1016 991 quia

273 1003 326 1022 non
340 999 396 1022 erat
409 1003 495 1022 novus
509 993 661 1027 seminator,
678 1002 726 1021 nec
743 991 823 1021 modo
838 991 873 1020 ad
884 992 935 1021 hoc
948 1002 1017 1031 opus

273 1033 392 1072 primum
411 1038 556 1061 accesserat
578 1044 584 1060 :
608 1031 655 1061 sed
674 1032 725 1060 hoc
743 1041 849 1071 semper
867 1031 964 1061 habuit
989 1032 1016 1065 in

273 1080 378 1109 natura,
394 1079 424 1102 ut
450 1082 554 1111 semper
566 1072 720 1101 seminaret.
736 1072 797 1111 Ipse
810 1070 882 1099 enim
903 1081 918 1100 a
941 1070 1017 1111 prin-

274 1112 345 1152 cipio
357 1111 462 1151 generis
477 1111 589 1141 humani
609 1111 692 1140 totius
714 1111 831 1140 scientiae
843 1110 944 1139 semina
958 1111 1016 1151 ipsa

274 1151 415 1181 seminavit
435 1151 462 1181 in
486 1158 590 1181 natura.
607 1152 668 1191 Ipse
692 1157 744 1186 est,
767 1150 814 1189 qui
833 1160 882 1190 per
908 1149 1015 1180 Mosem

274 1193 373 1225 semina
388 1198 580 1232 praeceptorum
601 1190 668 1230 legis
687 1190 829 1220 seminavit
847 1191 875 1219 in
900 1190 1013 1230 populo.

274 1231 336 1271 Ipse
348 1239 399 1267 est,
415 1231 463 1270 qui
484 1230 596 1269 loquens
618 1230 647 1260 in
671 1229 822 1270 prophetis,
850 1239 903 1260 non
926 1230 1015 1260 solum

275 1271 447 1310 praesentium
479 1270 621 1300 seminavit
643 1269 840 1305 correctiones,
867 1269 915 1299 sed
936 1270 1016 1299 etiam

276 1310 397 1340 notitiam
420 1311 582 1340 futurorum.
607 1310 668 1350 Ipse
693 1309 792 1344 exivit,
820 1315 851 1337 ut
873 1309 901 1338 in
916 1319 1016 1354 corpo-

277 1360 306 1378 re
319 1350 475 1379 constitutus
485 1371 492 1385 ,
506 1357 532 1379 et
547 1360 595 1389 per
615 1349 731 1388 seipsum
749 1347 885 1377 diviniora
906 1358 1018 1378 semina-

277 1395 317 1417 ret
336 1396 475 1429 praecepta.
488 1390 519 1418 4.
534 1391 576 1419 Et
597 1388 733 1449 guoedam
752 1387 919 1416 ceciderunt
935 1397 1017 1416 secus

276 1430 367 1458 viam.
394 1430 461 1466 Quae
483 1436 522 1459 est
544 1429 605 1458 via.
632 1426 753 1458 Mundus
775 1426 842 1470 iste,
868 1437 916 1470 per
938 1437 1018 1465 quem

276 1477 367 1498 omnes
380 1475 527 1503 transeunt,
540 1467 588 1507 qui
599 1472 745 1496 nascuntur
760 1477 766 1493 :
783 1475 827 1495 via
837 1475 921 1502 enim,
934 1472 960 1495 et
974 1476 1017 1505 pe-

278 1508 431 1552 regrinatio,
447 1515 473 1538 et
486 1508 613 1537 transitus
631 1512 671 1536 est
683 1504 820 1541 omnibus,
833 1504 880 1543 qui
892 1511 918 1534 et
931 1515 947 1534 a
961 1506 1018 1534 Deo

276 1555 409 1584 exierunt,
424 1555 450 1578 et
464 1547 499 1577 ad
512 1549 601 1577 Deum
613 1545 746 1575 festinant.
760 1543 841 1582 Unde
851 1551 876 1573 et
888 1545 1018 1584 propheta

276 1586 396 1617 dicebat:
411 1587 544 1625 Quoniam
558 1586 657 1615 incola
671 1594 734 1613 sum
749 1584 828 1623 apud
842 1590 869 1612 te
883 1586 914 1612 in
929 1591 1016 1622 terra,

277 1633 305 1655 et
313 1630 491 1667 peregrinus,
508 1628 581 1658 sicut
601 1631 698 1665 patres
712 1625 778 1653 mei.
794 1623 870 1653 Sicut
883 1634 944 1663 ergo
959 1624 1018 1653 via-

276 1672 317 1695 tor
328 1667 355 1696 in
368 1668 411 1698 via
423 1667 492 1697 nihil
501 1666 632 1696 sollicitus
640 1663 749 1698 est‚nisi
760 1662 833 1702 quod
842 1664 1019 1693 necessarium

276 1706 356 1736 habet
379 1706 414 1736 ad
439 1717 517 1737 usum
539 1718 546 1735 :
570 1706 606 1734 ita
628 1710 655 1734 et
677 1703 759 1732 homo
780 1702 810 1732 in
833 1703 884 1732 hoc
906 1703 1019 1733 transitu

278 1746 371 1776 mundi
386 1747 456 1776 nihil
470 1746 549 1775 debet
565 1755 621 1774 esse
639 1742 781 1778 sollicitus,
795 1742 846 1771 nisi
857 1742 931 1781 quod
951 1754 1019 1782 opus

277 1786 358 1816 habet
376 1786 411 1815 ad
430 1796 520 1815 usum.
530 1784 596 1821 'Qui
610 1790 699 1812 autem
715 1792 791 1810 suam
812 1792 887 1821 spem
902 1783 978 1822 ponit
992 1783 1018 1811 in

279 1826 391 1862 mundo,
413 1833 439 1855 et
458 1825 606 1854 delectatur
623 1823 650 1852 in
672 1832 715 1858 ee,
739 1827 778 1850 est
797 1821 893 1851 similis
915 1822 1018 1851 homini

278 1865 429 1905 desperato,
448 1864 496 1903 qui
515 1873 568 1892 non
590 1862 669 1891 hahet
690 1871 775 1900 neque
787 1861 912 1900 patriam,
934 1871 1019 1901 neque

279 1904 403 1941 domum,
424 1914 509 1942 neque
523 1902 660 1936 familiam,
679 1900 714 1929 ad
735 1911 816 1939 quam
830 1901 934 1930 festinet
949 1914 957 1930 ι
973 1901 1020 1930 sed

280 1944 307 1973 in
326 1954 495 1982 quocumque
514 1943 573 1971 loco
599 1941 725 1970 inventus
748 1940 843 1977 fuerit,
863 1940 920 1980 ipse
944 1941 1019 1970 locus

280 1983 377 2012 domus
389 1984 448 2022 ejus
461 1989 510 2011 est.
524 1983 591 2018 Quae
604 1987 642 2010 est
655 1990 718 2018 ergo
739 1986 807 2009 terra
826 1990 901 2009 secus
922 1980 993 2010 viam
1005 1981 1018 2010 ἓ

281 2023 367 2051 Homo
375 2021 521 2051 secundum
529 2021 608 2049 istum
621 2019 751 2048 mundum
759 2020 861 2055 vivens,
874 2019 919 2058 qui
931 2020 1019 2049 omnia

281 2073 311 2091 ea
325 2072 351 2090 sa
374 2062 394 2090 it
406 2071 465 2100 quae
478 2059 573 2089 mundi
594 2067 666 2096 sunt,
681 2066 706 2088 et
725 2058 795 2088 nihil
808 2059 881 2098 quod
895 2059 946 2089 Dei
959 2067 998 2089 est
1012 2073 1018 2089 ε

280 2101 329 2131 sed
370 2111 401 2129 oc
423 2100 509 2129 solum
531 2099 627 2128 diebus
649 2109 678 2127 ac
700 2099 822 2128 noctibus
843 2110 873 2128 co
894 2099 950 2136 itat‚
969 2099 1020 2129 hoc

280 2140 456 2180 concupiscit,
469 2139 541 2178 quod
553 2139 665 2179 pertinet
677 2138 711 2167 ad
725 2139 790 2167 bene
805 2110 1020 2168 mandgucandum

280 2187 309 2209 et
320 2178 477 2215 bibendum,
492 2186 518 2208 et
530 2178 685 2218 spurcitiam
698 2178 816 2217 corporis
830 2178 1016 2208 exercendam.

284 2220 327 2249 Ex
338 2219 380 2248 his
389 2218 459 2248 enim
469 2219 557 2247 omnia
566 2218 635 2247 mala
644 2224 799 2247 nascuntur.
808 2219 919 2256 Propter
927 2218 1018 2247 cibum

280 2259 353 2289 «enim
372 2265 396 2287 et
419 2265 509 2298 potum
531 2258 649 2287 avaritiae
671 2258 749 2293 fiunt,
769 2257 851 2294 furta,
871 2257 1017 2294 violentiae,

280 2298 402 2338 perjuria
415 2310 421 2326 :
438 2308 470 2327 ex
483 2297 593 2326 avaritia
607 2304 694 2327 autem
713 2296 823 2326 invidiae
835 2304 861 2326 et
876 2297 1020 2329 contentio-

283 2348 330 2367 nes
345 2350 352 2366 :
367 2348 401 2367 ex
414 2337 515 2367 invidia
529 2344 616 2366 aulem
627 2337 785 2375 maliloquia
796 2343 822 2365 et
832 2336 1017 2374 detractiones,

282 2378 428 2407 inimicitiae
441 2384 467 2406 ct
479 2377 634 2416 imposturae
647 2389 653 2404 ε
669 2388 704 2406 ex
722 2375 869 2405 inimicitiis
881 2377 1019 2406 manifesta

282 2417 332 2453 ira,
348 2417 423 2452 ήκω,
439 2416 534 2452 caedes,
553 2415 709 2452 homicidia,
719 2415 822 2456 judicia
837 2428 843 2444 2
857 2426 892 2444 ex
906 2415 1019 2445 libidine

284 2464 371 2486 antem
385 2456 580 2492 fornicationes,
602 2455 744 2491 adulteria,
761 2455 941 2484 masculorum
955 2466 1018 2484 con-

285 2496 401 2532 cubitus,
420 2496 579 2525 feminarum
594 2495 754 2524 invasiones.
770 2494 883 2523 Talibus
899 2495 921 2523 si
943 2495 1016 2534 loqui

286 2535 402 2564 volueris
420 2535 454 2564 de
475 2535 660 2574 spiritualibus
682 2534 773 2569 rebus,
793 2544 845 2563 non
864 2534 1019 2574 intelligunt

285 2574 407 2609 verbum,
419 2585 466 2604 nec
476 2574 592 2604 sentiunt
602 2573 678 2603 verbi
688 2572 870 2603 dulcedinem.
884 2574 939 2603 Nec
947 2575 1018 2603 enim

284 2620 323 2642 cst
334 2613 469 2653 possibile,
477 2621 507 2643 ut
514 2614 582 2644 inter
591 2620 677 2643 tantas
687 2613 878 2643 amaritudines
890 2613 1018 2645 vitiorum

1032 283 1052 304 Α
1068 278 1199 308 sentiatur
1209 277 1328 308 dulcedo
1338 287 1504 310 sermonum.
1518 278 1595 309 Sicut
1611 278 1659 318 qui
1672 279 1700 309 in
1716 289 1812 319 magno

1067 329 1130 347 vase
1155 318 1221 347 aceti
1246 317 1382 347 modicam
1407 325 1509 359 guttam
1532 318 1620 349 mellis
1644 319 1792 350 immisceat
1804 342 1812 356 ,

1067 357 1148 387 etiam
1168 358 1220 387 mel
1238 357 1337 397 perdit,
1349 364 1375 388 et
1385 358 1592 388 acerbitas'aoeti
1603 369 1656 388 non
1670 366 1792 389 mutatur
1805 372 1812 388 ε

1066 396 1105 426 sic
1119 397 1222 427 homini
1235 398 1263 426 in
1277 398 1328 427 hac
1341 397 1475 428 malorum
1484 397 1659 429 multitudine
1669 399 1814 429 constituto

1067 438 1089 466 si
1103 436 1276 476 colloquutus
1295 437 1379 467 fueris
1389 437 1502 478 justitia!
1521 438 1646 473 verbum,
1660 445 1687 468 et
1698 438 1814 468 verbum

1067 475 1168 516 perdita,
1187 484 1213 506 et
1236 477 1284 506 ille
1302 487 1356 507 non
1375 484 1538 517 temperatur
1551 477 1580 506 in
1599 478 1814 518 concupiscentia

1067 516 1249 546 mundialium
1262 518 1423 547 rerum.Nec
1437 517 1509 546 enim
1522 517 1603 547 hahet
1614 517 1718 547 bonum
1732 517 1761 546 in
1773 528 1811 547 se.
1895 520 1904 534 ¹

1067 556 1136 584 Nam
1151 556 1232 585 homo
1245 556 1316 586 illud
1329 557 1506 597 concupiscit,
1519 556 1594 596 quod
1603 556 1661 596 jam
1672 556 1752 586 habet
1765 567 1814 586 ex-

1068 602 1175 635 ceptum
1189 596 1216 625 in
1231 607 1270 631 se,
1283 603 1310 626 et
1323 597 1374 626 seit
1386 607 1444 626 esse
1455 597 1567 626 bouum.
1581 597 1651 626 Ecce
1660 596 1684 625 si
1697 595 1815 626 ostendis

1067 634 1138 664 leoni
1151 635 1267 665 viridem
1281 636 1403 673 herbam,
1424 643 1470 665 aut
1490 646 1618 681 campum
1634 636 1702 665 bene
1713 636 1815 666 floreu-

1067 680 1132 711 tem,
1149 685 1202 704 non
1215 676 1313 705 excitat
1326 687 1388 705 eum
1402 676 1429 705 in
1443 685 1527 706 concu
1549 675 1668 711 umentia,
1683 675 1746 715 quia
1760 686 1813 705 non

1067 713 1148 743 habet
1170 714 1220 745 hoc
1245 716 1271 744 in
1294 722 1400 751 natura,
1426 722 1457 745 ut
1482 715 1532 744 her
1603 714 1747 744 manducet
1759 727 1767 743 ε
1787 722 1815 745 et

1066 761 1182 783 econtra
1196 755 1218 784 si
1233 754 1355 784 ostendas
1367 755 1432 785 bovi
1451 765 1555 792 carnes,
1571 764 1625 784 non
1635 754 1812 795 concupiscit.

1066 793 1130 832 quia
1143 804 1194 823 non
1208 801 1246 823 est
1261 795 1338 824 bovis
1350 802 1457 831 natura,
1474 801 1504 824 ut
1523 794 1666 824 manducet
1680 805 1788 825 carnem
1804 807 1811 824 ι

1067 832 1106 862 sic
1119 839 1145 863 et
1158 833 1261 863 bomini
1274 834 1417 871 mundiali,
1432 835 1455 864 si
1468 834 1502 864 de
1521 834 1593 863 bono
1604 834 1702 864 caelesti
1717 834 1813 874 loqua—

1033 891 1050 914 Β
1067 872 1116 908 ris,
1142 882 1195 902 non
1219 874 1352 903 excitatur
1374 874 1402 902 in
1426 874 1641 914 concupiscentia
1664 874 1739 903 honi.
1758 874 1814 904 Sed

1066 911 1296 980 guemadmodum
1317 913 1340 942 si
1383 913 1456 943 luvia
1478 924 1559 953 super
1577 913 1696 953 lapidem
1717 912 1795 944 cadat
1804 936 1812 951 ,

1087 960 1183 991 esuper
1195 952 1307 992 quidem
1320 963 1351 982 su
1390 959 1410 989 t,
1426 953 1461 981 ab
1475 953 1549 982 intus
1560 959 1650 982 autem
1664 953 1751 983 siccus
1762 959 1811 990 est,

1066 991 1130 1029 quia
1144 1001 1196 1021 non
1213 991 1352 1022 descendit
1365 992 1463 1022 humor
1473 992 1501 1022 in
1519 1003 1582 1022 eum
1595 1004 1602 1021 ε
1617 992 1656 1022 sic
1666 999 1693 1022 et
1705 993 1752 1022 tali
1765 993 1815 1023 ho-

1066 1030 1134 1060 mini
1149 1031 1259 1071 quando
1273 1031 1392 1071 loqueris
1406 1032 1522 1061 verbum
1543 1031 1605 1068 Dei,
1628 1032 1814 1062 tantummodo

1066 1080 1150 1101 sonus
1164 1071 1239 1101 verbi
1262 1071 1378 1112 desuper
1390 1071 1506 1116 percutit
1521 1081 1598 1101 aures
1611 1071 1670 1111 ejus
1682 1072 1812 1109 carnales,

1066 1109 1095 1139 in
1108 1120 1155 1140 cor
1166 1117 1255 1141 autem
1269 1112 1329 1152 ejus
1341 1111 1412 1140 nilnl
1431 1110 1579 1140 desoeudit.
1593 1111 1629 1141 Et
1642 1111 1737 1141 merito
1750 1124 1757 1141 ε
1771 1113 1814 1151 ja-

1065 1150 1152 1179 centia
1165 1161 1247 1191 super
1259 1150 1376 1190 lapidem
1390 1150 1491 1180 semina
1508 1150 1584 1180 verbi
1598 1151 1708 1190 rapiunt
1717 1151 1815 1181 volati-

1066 1189 1106 1219 les
1126 1189 1271 1221 daemones.
1287 1190 1338 1220 Dic
1357 1190 1436 1226 mihi,
1448 1191 1527 1230 cujus
1547 1189 1629 1230 culpa
1642 1197 1692 1227 est,
1707 1191 1814 1232 rapien-

1066 1229 1135 1260 tium
1148 1229 1302 1260 daemonum
1315 1229 1428 1266 semina,
1447 1237 1495 1259 aut
1514 1229 1658 1259 hominum
1678 1230 1815 1261 durorum

1066 1278 1119 1298 non
1134 1269 1355 1299 abscondentium
1367 1280 1397 1299 ee
1411 1269 1439 1298 in
1450 1269 1532 1299 sulcis
1544 1269 1659 1309 pectoris
1671 1270 1734 1299 sui?
1745 1271 1814 1300 Puto

1066 1318 1120 1338 non
1133 1319 1190 1338 esse
1202 1309 1311 1349 culpam
1324 1309 1486 1348 rapientium
1499 1308 1664 1339 daemonum.
1676 1309 1728 1341 Ille
1740 1309 1814 1340 enim

1067 1348 1147 1383 latro,
1171 1349 1218 1386 qui
1260 1349 1369 1378 arietem
1393 1348 1510 1388 perforat
1521 1371 1528 1384 ,
1543 1348 1572 1377 in
1595 1356 1695 1380 secreta
1716 1349 1814 1379 domus

1067 1394 1142 1426 parte
1156 1386 1217 1426 ingr
1253 1388 1306 1417 itur
1319 1400 1327 1416 z
1344 1388 1391 1426 qui
1413 1394 1502 1417 autem
1523 1387 1625 1418 invenit
1645 1389 1711 1419 foris
1723 1389 1814 1429 impo-
1899 1400 1904 1422 ⁴

1067 1426 1150 1455 situm
1164 1433 1189 1456 et
1209 1426 1369 1466 projectum,
1387 1426 1525 1465 quomodo
1537 1427 1615 1464 quasi
1630 1427 1699 1458 latro
1718 1429 1813 1468 culpe-

1068 1465 1135 1494 tur?
1145 1466 1190 1495 Sic
1203 1473 1229 1495 et
1242 1465 1378 1502 diabolus,
1393 1465 1416 1496 si
1431 1472 1536 1505 poterat
1548 1466 1659 1496 introire
1671 1467 1699 1496 in
1712 1474 1811 1497 secreta

1033 1522 1052 1546 C
1068 1505 1183 1544 pectoris
1198 1505 1254 1543 tui,
1264 1512 1321 1535 uta
1335 1511 1362 1534 te
1374 1506 1480 1535 nolente
1493 1512 1597 1545 raperet
1608 1506 1733 1542 verbum,
1747 1507 1815 1538 bene

1068 1544 1223 1585 culparetur
1236 1556 1244 1573 ι
1256 1555 1328 1575 nunc
1341 1551 1431 1575 autem
1466 1544 1520 1575 uod
1533 1555 1548 1573 a
1561 1551 1588 1575 te
1599 1545 1750 1584 neglectum
1761 1553 1811 1583 est,

1067 1591 1093 1613 et
1116 1591 1291 1620 contemtum,
1314 1584 1366 1614 hoc
1385 1584 1433 1614 ille
1445 1555 1557 1624 diripit.
1580 1585 1701 1624 Denique
1726 1585 1814 1616 sciens

1087 1624 1198 1664 ropheta
1222 1624 1360 1654 hominum
1381 1623 1603 1654 abscondentium
1621 1635 1678 1654 esse
1691 1625 1811 1665 culpam,

1067 1635 1173 1693 dicebat
1186 1675 1193 1692 t
1208 1665 1246 1693 In
1265 1664 1352 1693 corde
1366 1674 1429 1693 meo
1452 1664 1594 1693 abscondi
1612 1664 1732 1709 eloqm'a
1749 1672 1811 1703 tua,
1823 1669 1890 1692 Psal-

1069 1710 1099 1732 ut
1115 1714 1176 1742 non
1187 1713 1301 1742 peccem
1316 1704 1380 1733 tibi.
1393 1703 1422 1733 Si
1435 1713 1500 1743 ergo
1514 1703 1685 1733 absconderis
1698 1704 1812 1735 verbum
1826 1706 1862 1723 ¹¹·

1067 1742 1095 1771 in
1103 1743 1183 1777 ,sulco
1193 1743 1307 1782 pectoris
1316 1743 1367 1780 tui,
1377 1743 1508 1783 germinat
1518 1743 1569 1772 tihi
1579 1743 1702 1773 timorem
1712 1755 1721 1782 3
1733 1744 1814 1776 timer

1068 1782 1165 1811 liberat
1178 1790 1204 1812 te
1217 1793 1233 1811 a
1246 1790 1362 1823 peccato.
1378 1783 1407 1813 Si
1422 1789 1510 1812 autem
1523 1782 1588 1813 foris
1599 1793 1662 1812 eum
1674 1783 1704 1813 in
1717 1794 1813 1828 super-

1068 1822 1128 1851 ficie
1142 1822 1291 1852 carnalium
1304 1822 1411 1852 aurium
1424 1822 1570 1859 dimiseris,
1585 1822 1720 1861 quomodo
1733 1829 1815 1855 timor

1068 1862 1118 1890 tibi
1135 1861 1322 1901 germinatur?
1335 1862 1364 1892 si
1378 1869 1467 1891 autem
1481 1862 1561 1891 timor
1577 1862 1606 1891 in
1627 1869 1653 1892 te
1666 1869 1745 1892 natus
1759 1873 1812 1892 non

1068 1901 1160 1938 suerit,
1175 1901 1311 1940 quomodo
1324 1902 1417 1932 salvus
1430 1901 1490 1938 fies,
1511 1912 1575 1931 cum
1596 1901 1632 1930 sit
1656 1901 1790 1942 scriptum
1804 1915 1811 1931 ε

1074 1942 1172 1970 Timor
1185 1942 1309 1971 Domini
1325 1941 1445 1981 expellit
1463 1947 1614 1980 peccatum
1625 1943 1638 1969 P
1650 1941 1703 1978 Qui
1725 1942 1904 1975 autem‘fi'rclm

1069 1981 1126 2010 sine
1137 1981 1234 2010 timore
1245 1987 1296 2018 est,
1308 1991 1360 2010 non
1373 1987 1458 2020 potest
1467 1980 1623 2020 justificari.
1634 1982 1661 2011 5.
1673 1981 1813 2019 Quaedam

1070 2027 1168 2050 autem
1186 2021 1352 2050 ceciderunt
1365 2030 1452 2059 super
1461 2027 1618 2059 petrosam.
1635 2021 1710 2051 Petra
1723 2027 1813 2051 autem

1069 2061 1097 2089 in
1111 2071 1140 2089 se
1152 2060 1220 2089 duas
1234 2060 1312 2089 habet
1327 2059 1502 2104 proprietates
1522 2066 1634 2096 naturae,
1647 2059 1814 2090 fortitudinis

1036 2109 1055 2132 1)
1069 2106 1095 2128 et
1108 2099 1225 2129 duritiae.
1238 2099 1303 2128 Ideo
1315 2099 1437 2128 homines
1450 2105 1496 2127 aut
1509 2105 1617 2138 propter
1638 2099 1811 2129 constantiam

1069 2138 1132 2168 fidei
1144 2145 1218 2179 petra
1230 2138 1369 2173 dicuntur,
1384 2144 1429 2167 aut
1449 2144 1558 2178 propter
1570 2137 1698 2167 duritiam
1711 2139 1810 2170 cordis.

1068 2178 1132 2214 Ideo
1154 2178 1283 2218 propheta
1304 2177 1371 2207 dicit
1387 2190 1393 2206 :
1415 2178 1456 2206 Et
1472 2178 1607 2217 auferam
1628 2179 1666 2207 ab
1686 2178 1748 2208 illis
1762 2186 1904 2210 cor-Exeat.

1069 2218 1226 2258 lapideum.
1240 2217 1313 2254 Quid
1334 2227 1399 2256 ergo
1414 2217 1502 2246 terra?
1515 2217 1672 2247 Intellectus
1685 2219 1809 2256 carnalis,
1820 2217 1860 2241 ²⁶-

1067 2265 1094 2287 et
1107 2268 1159 2287 non
1174 2256 1341 2287 rationabilis
1358 2267 1439 2296 super
1458 2256 1574 2286 animam
1593 2256 1690 2286 duram
1703 2265 1729 2287 et
1741 2258 1812 2288 fide-

1069 2297 1134 2327 lem.
1146 2298 1215 2327 Nam
1228 2296 1393 2326 intellectum
1405 2297 1506 2326 bonum
1519 2296 1601 2326 multi
1613 2297 1712 2327 habent
1721 2307 1813 2329 secun-

1069 2336 1135 2366 dum
1149 2344 1282 2373 naturam,
1298 2336 1415 2365 animam
1427 2342 1516 2365 autem
1529 2335 1636 2366 fidelem
1647 2346 1700 2366 non
1714 2337 1810 2367 multi:

1069 2376 1132 2415 quia
1145 2376 1296 2406 intellectus
1308 2376 1426 2405 hominis
1437 2382 1476 2404 est
1489 2386 1524 2405 ex
1537 2377 1605 2412 Deo,
1620 2375 1709 2405 anima
1722 2383 1811 2405 autem

1069 2415 1159 2445 fidelis
1171 2426 1205 2445 ex
1225 2416 1373 2446 voluntate.
1389 2416 1461 2446 Sunt'
1478 2425 1542 2455 ergo
1563 2415 1696 2451 homines,
1710 2415 1810 2454 quibus

1069 2455 1093 2485 si
1106 2456 1234 2494 loquutus
1245 2455 1327 2485 fueris
1340 2455 1374 2484 de
1386 2454 1472 2494 gloria
1484 2461 1646 2490 sanctoeum,
1659 2460 1685 2483 et
1698 2454 1732 2484 de
1744 2455 1812 2485 bea-

1070 2495 1185 2524 titudine
1196 2495 1288 2535 gloriae
1301 2494 1376 2534 regni
1397 2493 1519 2530 caelestis,
1540 2493 1629 2522 statim
1644 2494 1772 2532 gaudent,
1786 2502 1813 2525 et

1070 2534 1207 2564 audientes
1226 2534 1405 2570 delectantur,
1421 2533 1549 2572 quoniam
1570 2533 1701 2578 sapientes
1719 2544 1812 2564 secun-

1071 2574 1138 2604 dum
1159 2581 1282 2603 naturam
1304 2573 1385 2603 etiam
1406 2573 1484 2603 facile
1503 2572 1653 2612 suscipiunt
1673 2573 1810 2611 verbum3

1072 2613 1119 2643 sed
1132 2623 1165 2644 nc
1175 2613 1268 2644 credas
1281 2612 1380 2653 gaudio
1390 2622 1482 2642 eorum
1496 2624 1502 2641 :
1516 2612 1658 2642 carnaliter
1666 2612 1738 2643 enim
1749 2623 1814 2652 gau—

1893 862 1904 989 ⁴⁴-A0-2„
1901 814 1904 827 .,
1900 770 1904 790 ..
1901 740 1904 744 .
1901 710 1904 715 .
