1904 2840
251 177 322 211 820

845 184 928 209 OPUS
952 184 1187 210 IMPERFECTUM

249 250 444 290 indulgentiam
451 256 618 289 peccatorum
628 258 748 285 suorum,
755 243 904 279 secundum
916 247 989 287 quod
1008 251 1028 274 Α
1046 250 1155 288 dicare,
1171 258 1204 281 ut
1226 263 1286 297 non
1299 253 1485 292 judicemini.
1497 255 1633 292 Quoniam
1654 256 1678 286 si
1695 257 1790 289 doctor

101 304 154 324 Luc.
164 302 184 325 6,
197 303 236 333 37,
248 290 351 319 dictum
364 297 415 325 est,
429 290 469 318 Et
484 299 542 317 non
564 289 791 327 judicabimini?
806 289 835 318 Si
859 289 931 318 enim
941 290 989 328 ju·-

246 330 375 363 dicantes,
389 329 459 358 sicut
469 328 593 368 judicare
605 338 658 357 non
680 328 766 365 decet,
777 327 848 358 male
860 328 962 357 faciunt
979 340 985 356 ι

245 369 302 398 sine
326 369 411 398 dubio
435 378 488 397 non
510 367 670 408 judicantes,
690 367 798 398 veniam
819 375 987 407 peccatorum

246 409 367 449 priorum
378 419 412 438 ex
426 407 477 437 hoc
489 418 542 436 non
556 413 762 446 consequentur,
773 407 836 446 quia
851 417 903 436 non
915 406 986 445 judi-

246 455 379 478 caverunt
393 447 471 476 male.
487 447 556 484 Quis
570 448 643 476 enim
656 457 735 476 conse
755 446 830 476 uitur
843 446 986 486 indulgen-

246 488 311 517 tiam
324 488 388 516 mali
399 487 441 517 sui
453 486 562 526 prioris,
577 486 641 525 quia
653 496 704 516 non
718 457 823 516 addidit
836 493 862 515 et
871 487 985 515 alterum

246 527 369 556 malum?
381 528 459 557 Certe
469 527 492 556 si
503 527 530 556 in
545 537 572 556 se
580 533 717 566 peccantes
728 535 780 555 non
790 526 983 565 judicaverint,

246 576 294 596 nec
309 567 359 607 ipsi
370 566 565 607 judicabuntur
577 577 592 595 a
606 566 663 594 Deo
673 576 722 605 pro
733 576 781 594 suo
791 572 909 610 peccato.
922 566 986 595 Haec

245 606 379 643 diximus,
394 606 512 636 volentes
531 604 678 640 ostendere,
692 605 755 644 quia
769 605 813 634 hic
834 616 920 634 sermo
931 615 985 634 non

245 652 285 675 est
296 646 401 686 positus
414 645 448 675 de
462 646 593 686 proximis
612 655 665 674 non
676 644 841 685 judicandis,
855 645 902 684 qui
921 655 984 685 pec-

246 692 307 715 cant
321 686 348 714 in
362 687 462 722 Deum,
476 685 523 714 sed
534 685 582 724 qui
596 685 623 714 in
637 695 686 714 nos
697 691 815 724 peccant.
832 684 908 722 Quid
919 695 983 724 ergo

245 725 302 754 cst?
313 726 407 764 Usque
419 735 491 754 nunc
501 725 626 764 exposuit
634 724 847 762 consequentiam
862 724 896 753 ad
902 724 986 763 justi-

245 765 309 794 tiam
320 765 494 805 eleemosynae
508 764 694 804 pertinentem,
711 774 781 792 nunc
791 770 880 792 autem
890 763 986 803 incipit

245 814 378 850 exponere
391 805 605 843 consequentiam
617 802 653 833 ad
659 803 791 843 justitiam
803 803 929 833 orationis
943 814 984 832 re-

244 844 410 884 spicientem.
431 844 467 873 Et
493 850 532 872 est
555 843 677 873 doctrina
703 843 759 872 haec
786 842 985 881 quodammodo
1001 845 1020 869 B

245 894 307 923 pars
320 884 406 924 ipsius
416 883 553 918 orationis,
569 890 598 912 ut
609 884 644 912 sit
654 882 715 911 talis
725 882 792 911 ordo
804 882 962 911 narrationis
975 895 981 910 τ

245 924 287 952 Et
300 924 413 952 dimitte
436 924 520 952 nobis
539 923 638 952 debita
661 929 770 957 nostra,
786 924 861 951 sicut
879 928 908 950 et
932 932 984 951 nos

245 963 420 992 dimittimus
440 963 615 993 debitoribus
630 963 744 991 nostris,
761 962 803 991 Et
823 972 860 990 ne
873 971 925 991 nos
940 962 983 990 in·

246 1003 336 1032 ducas
347 1005 378 1032 in
394 1005 594 1038 tentationem,
608 1003 660 1031 sed
672 1002 766 1030 libera
789 1011 841 1030 nos
860 1011 880 1030 a
894 1001 980 1030 malo.

247 1043 346 1071 Nolite
366 1043 501 1077 'adicus-e,
516 1048 548 1070 ut
570 1052 628 1070 non
646 1041 830 1082 judicemini.
843 1041 899 1078 Qui
912 1040 983 1070 enim

246 1091 299 1111 non
313 1054 415 1121 judicat
427 1082 582 1121 proximum
595 1092 675 1111 suum
696 1088 806 1121 propter
827 1088 964 1120 peccatum
973 1103 981 1117 ‚

247 1122 320 1159 quod
333 1122 396 1150 fecit
406 1121 434 1150 in
448 1121 547 1160 ipsum,
560 1121 639 1150 illum
652 1131 700 1150 nec
715 1122 787 1150 Deus
796 1120 902 1160 judicat
912 1131 983 1165 pro-

246 1167 306 1200 pter
326 1168 475 1200 peccatum,
489 1160 562 1198 quod
584 1160 645 1189 fecit
659 1161 686 1189 in
701 1159 792 1199 ipsum
808 1173 814 1188 :
831 1159 879 1189 sed
890 1159 984 1190 dimit-

246 1206 283 1229 tet
297 1202 370 1229 Deus
382 1199 503 1229 debitum
527 1201 595 1239 ejus,
607 1200 676 1228 sicut
700 1206 725 1228 et
739 1199 795 1239 ipse
815 1199 926 1229 dimittit
938 1200 984 1230 de-

244 1238 379 1268 bitoribus
391 1239 458 1268 suis.
474 1238 550 1268 Sicut
561 1245 650 1267 autem
660 1245 752 1268 caetera
766 1239 888 1268 universa
907 1250 984 1269 man-

244 1277 305 1307 data
318 1278 475 1317 generaliter
487 1279 590 1306 cunctis
610 1278 757 1313 mandavit,
770 1285 824 1306 tam
839 1279 982 1308 sacerdoti-

244 1317 306 1354 bus,
320 1328 402 1356 quam
413 1317 498 1352 laicis,
513 1317 647 1356 praecipue
658 1324 744 1345 tamen
758 1316 924 1352 doctoribus,
935 1318 982 1356 qui

244 1363 343 1395 quanto
357 1358 471 1396 majores
485 1362 547 1384 sunt
564 1356 591 1384 in
606 1355 710 1391 ordine,
725 1362 799 1384 tanto
813 1356 981 1395 perfectiores

243 1406 300 1425 esse
311 1396 408 1425 debent
428 1396 455 1424 in
469 1395 612 1440 disciplina
628 1406 634 1423 τ
650 1395 688 1424 sic
709 1402 734 1424 et
755 1395 806 1424 hoc
826 1395 981 1425 mandatum

243 1434 278 1464 de
289 1436 420 1475 proximis
428 1445 480 1464 non
491 1434 644 1475 judicandis
652 1434 686 1464 ad
697 1444 788 1463 omnes
798 1434 907 1474 quidem
919 1446 980 1475 per-

242 1475 319 1511 tinet,
333 1475 468 1515 praecipue
479 1481 566 1503 tamen
579 1474 614 1503 ad
622 1474 751 1504 doctores.
765 1474 845 1503 Unde
858 1475 980 1512 quaedam

243 1521 306 1543 sunt
319 1514 506 1544 mandatorum
517 1514 639 1549 istorum,
651 1524 711 1552 quae
724 1514 747 1543 si
760 1513 902 1553 diligenter
913 1514 982 1554 aspi-

242 1554 308 1590 cias,
323 1564 389 1594 pene
402 1564 448 1582 nec
458 1554 620 1582 conveniunt
630 1552 772 1588 laicis‚nisi
785 1553 852 1582 forte
865 1564 978 1593 parum;

241 1592 396 1623 doctoribus
414 1599 503 1622 autem
521 1592 631 1621 omnino
651 1592 813 1622 conveniunt
828 1605 835 1621 :
850 1593 929 1631 quale
942 1601 981 1623 est

243 1632 294 1662 hoc
306 1633 396 1673 ipsum
407 1631 481 1671 quod
493 1632 614 1670 sequitur
629 1644 636 1660 :
650 1634 678 1661 5.
697 1632 778 1671 Quid
789 1639 887 1661 autem
897 1634 980 1662 vides

238 1672 385 1712 festucam
398 1675 428 1701 in
438 1672 522 1701 oculo
515 1672 639 1740 dfratris
651 1673 703 1707 tui,
717 1673 828 1701 trabem
839 1679 936 1701 autem
948 1674 980 1701 in

241 1713 326 1741 oculo
339 1719 388 1741 luo
408 1722 466 1741 non
481 1713 515 1740 vi
535 1714 586 1740 es?
600 1712 627 1740 5.
644 1712 820 1751 Hypocrita,
836 1713 908 1751 ejice
918 1714 978 1751 pri-

241 1762 321 1781 mum
332 1754 442 1781 trabem
455 1751 492 1780 de
502 1751 586 1780 oculo
600 1757 659 1787 tuo,
673 1758 700 1780 et
716 1757 785 1780 tunc
794 1752 908 1780 videbis
925 1753 979 1791 eji-

240 1802 306 1820 cere
307 1792 457 1833 festucam
469 1791 505 1820 de
519 1791 603 1819 oculo
606 1790 717 1831 fratris
729 1792 781 1820 tui.
795 1790 895 1821 Videre
909 1792 980 1821 enim

241 1831 368 1860 festucam
384 1832 412 1860 in
426 1831 504 1860 oculo
517 1830 607 1859 fratris
628 1830 748 1859 omnium
762 1837 801 1859 est
817 1842 823 1858 :
837 1830 931 1870 ejicere
945 1832 979 1860 il-

240 1870 295 1899 lam
313 1881 392 1910 posse
410 1881 462 1900 non
484 1877 523 1900 est
543 1870 674 1905 omnium,
694 1869 741 1898 sed
760 1877 863 1899 tantum
885 1870 980 1900 docto-

239 1921 313 1945 rum,
323 1910 370 1949 qui
385 1921 432 1950 per
443 1909 603 1945 doctrinam,
613 1909 655 1938 vel
665 1909 871 1949 increpationem
885 1921 980 1940 secun·

240 1948 306 1978 dum
321 1951 408 1979 Deum
426 1956 537 1989 possunt
558 1948 652 1988 ejicere
673 1948 708 1978 de
731 1956 817 1978 mente
833 1950 922 1979 fratris
935 1950 978 1980 sui

240 1996 389 2032 peccatum,
411 1989 455 2019 vel
478 1999 615 2027 magnum,
627 1988 670 2017 vel
692 1988 837 2018 modicum.
860 1990 936 2019 Sicut
953 1997 978 2019 et

241 2028 312 2057 illud
322 2028 394 2066 quod
407 2029 473 2058 dicit
486 2041 493 2057 :
507 2029 537 2057 6.
553 2028 656 2057 Nolite
666 2035 799 2057 sanctum
812 2029 884 2058 dare
894 2031 978 2058 cani-

242 2069 305 2104 bus,
316 2078 410 2107 neque
429 2070 603 2107 margaritas
623 2074 738 2097 vestras
756 2070 891 2098 miseritis
908 2075 978 2098 ante

239 2117 352 2145 porcos.
364 2108 467 2137 Habere
486 2107 558 2136 enim
572 2107 614 2136 vel
633 2114 730 2142 sancta,
745 2108 789 2137 vel
808 2109 975 2147 margaritas,

240 2153 266 2175 et
280 2157 356 2186 posse
375 2147 529 2186 dispensare
542 2146 584 2176 vel
599 2147 668 2175 hona
682 2147 725 2175 vel
739 2147 819 2185 mala,
833 2155 860 2181 et
871 2148 975 2177 discer-

240 2196 302 2216 nere
314 2186 361 2225 qui
377 2186 521 2216 hominum
532 2193 594 2215 sunt
608 2197 694 2222 canes,
708 2188 755 2225 qui
771 2188 856 2226 porci,
871 2198 923 2216 non
937 2195 977 2217 est

240 2227 361 2255 omnium
373 2226 522 2263 hominum,
531 2226 577 2255 sed
590 2233 750 2255 sanctorum.
764 2227 834 2257 Vult
846 2238 910 2266 ergo
922 2229 976 2256 Do-

240 2266 330 2295 minus
349 2265 469 2295 doctores
482 2266 696 2296 Christianorum
716 2266 784 2295 sicut
803 2267 830 2295 in
844 2267 916 2296 omni
926 2268 974 2307 ju-

239 2305 321 2341 stitia,
336 2305 374 2335 sic
388 2313 413 2334 et
425 2306 476 2335 hoc
488 2306 606 2345 primurn
628 2306 723 2341 facere,
739 2306 836 2335 deinde
857 2306 952 2336 docere
966 2319 973 2336 ε

241 2351 270 2373 ut
280 2344 428 2374 doctrinam
442 2356 516 2375 suam
529 2346 624 2374 bonam
639 2345 743 2374 meliori
757 2357 819 2375 cum
831 2346 885 2376 vita
901 2357 974 2375 com·

240 2384 375 2422 mendent‚
386 2392 415 2414 ut
426 2385 492 2414 bene
505 2384 625 2414 docendo
635 2384 772 2414 scientiam
785 2386 911 2421 inserant,
923 2392 977 2414 me-

241 2424 294 2452 lius
303 2431 390 2453 aulem
402 2424 517 2454 vivendo
528 2425 650 2454 timorem
664 2436 670 2452 ε
682 2424 747 2465 quia
757 2425 823 2454 tales
836 2425 904 2454 sales
914 2432 977 2454 sunt

240 2470 331 2499 terrae,
357 2463 508 2493 condientes
527 2475 618 2493 omnes
637 2475 691 2493 suae
713 2465 774 2494 vitae
795 2464 932 2504 exemplo,
951 2471 977 2494 et

240 2502 376 2531 lucescunt
393 2503 520 2532 doctrinis
538 2504 728 2533 illuminantes.
745 2504 813 2541 Quis
825 2511 913 2533 autem
932 2515 977 2533 au-

241 2542 298 2570 diat
308 2541 384 2570 illum
394 2542 542 2580 docentem,
553 2543 599 2582 qui
612 2543 648 2572 sei
670 2554 730 2573 sum
742 2554 794 2573 non
806 2543 902 2572 audit?
913 2543 976 2572 Ideo

242 2581 306 2610 dicit
319 2581 353 2610 ad
366 2583 609 2622 omnes,praecipue
622 2593 637 2612 a
669 2582 790 2613 doctores
806 2594 812 2609 ε
828 2584 927 2613 Nolite
932 2585 976 2623 ju-

999 1442 1017 1465 C

995 2035 1015 2058 1)

1044 300 1146 319 memor
1154 291 1189 320 sit
1199 292 1305 336 injuriae
1317 299 1342 322 et
1354 292 1500 331 doloris‚et
1511 296 1667 325 memoriam
1679 298 1788 328 malitiae

1042 337 1130 358 servet
1143 330 1170 359 in
1185 341 1273 360 anima
1287 342 1348 369 sua,
1361 332 1477 362 solvitur
1493 340 1564 363 totus
1582 335 1709 366 Ecclesiae
1731 344 1788 372 sta,-

1042 374 1096 404 tus,
1107 369 1166 398 sive
1190 370 1225 399 ad
1247 378 1351 411 tempus
1373 372 1500 412 respicias
1519 374 1714 413 apostolorum,
1728 377 1787 407 sive

1041 407 1076 436 ad
1095 415 1227 438 nostrum.
1242 411 1320 440 Tunc
1340 411 1423 446 enim,
1435 412 1505 442 sicut
1525 413 1651 452 legimus,
1673 415 1786 446 difficile

1039 447 1144 486 aliquos
1155 450 1344 480 convertebant
1357 450 1392 480 ad
1405 451 1486 480 iidem
1498 452 1611 490 Christi,
1626 454 1679 484 nisi
1698 456 1784 485 multa
1794 473 1887 492 cxxxvi

1038 488 1117 554 prius
1136 495 1290 527 paterentur
1303 490 1338 519 ab
1352 490 1425 530 ipsis.
1442 492 1511 520 Nam
1524 492 1602 531 quasi
1615 492 1712 524 lassato
1720 495 1784 525 dia-

1058 526 1113 563 olo,
1128 534 1153 556 et
1171 527 1278 558 devicto
1292 541 1340 568 per
1361 531 1542 560 sufferentiam
1557 542 1652 562 eorum
1673 534 1786 564 nimiam

1039 576 1124 605 usque
1137 565 1169 595 ad
1185 575 1308 605 mortem,
1317 576 1342 599 et
1357 569 1521 609 relinquente
1533 571 1614 601 corda
1631 572 1787 604 infidelium

1038 612 1064 634 et
1071 606 1128 645 jam
1139 616 1191 635 non
1204 607 1319 638 habente
1336 608 1464 639 virtutem
1477 611 1594 650 amplius
1607 622 1652 642 eos
1666 623 1780 651 armare,

1038 645 1177 675 accedente
1204 648 1290 686 gratia
1315 648 1365 678 Dei
1391 650 1618 680 convertebantur
1640 652 1676 681 ad
1701 653 1782 683 Chri-

1038 691 1120 714 stum.
1133 686 1162 715 Si
1176 696 1238 725 ergo
1256 698 1385 718 memores
1399 689 1513 719 fuissent
1525 690 1698 729 injuriarum,
1712 703 1780 732 quas

1038 723 1143 754 fuerant
1152 726 1226 793 gas⁵i
1238 727 1272 756 ab
1285 729 1334 763 eis,
1347 738 1494 767 numquam
1509 730 1682 769 postmodum
1694 742 1739 761 eos
1752 732 1780 762 in

1038 763 1146 793 caritate
1172 766 1315 803 ocuissent‚
1324 777 1470 807 numquam
1482 780 1527 799 eos
1535 769 1650 800 libenter
1655 770 1691 800 ad
1699 771 1781 802 fidem

1038 802 1139 833 Christi
1158 805 1329 844 postmodum
1343 818 1402 836 rece
1423 809 1514 838 issent.
1529 809 1583 839 Sed
1596 817 1622 839 et
1634 820 1706 840 nunc
1717 822 1786 842 cum.

1037 842 1188 881 frequenter
1194 844 1317 875 doctores
1325 819 1495 877 oss'enti’antur
1507 859 1522 878 a
1531 849 1617 886 laicis,
1627 850 1685 879 sive
1694 852 1777 891 juste,

1038 881 1060 911 si
1064 892 1095 911 ve
1101 882 1318 922 injuste,dial›olo
1325 887 1472 916 seminante
1479 888 1639 923 occasiones,
1646 890 1669 918 si
1680 901 1780 920 memo-

1038 931 1080 951 res
1089 922 1142 951 sint
1150 923 1188 963 inj
1193 924 1256 953 uriae
1263 931 1288 954 et
1297 924 1495 962 doloris‚totam
1504 928 1613 958 solvunt
1620 929 1778 960 Ecclesiam.

1039 961 1108 990 Nam
1119 962 1167 992 ubi
1184 963 1333 993 recordatio
1350 965 1456 1006 injuriae
1477 974 1524 997 aut
1535 967 1637 997 doloris
1650 968 1678 998 in
1690 970 1779 1000 medio

1038 1007 1086 1037 est,
1098 1011 1146 1031 nec
1163 1002 1257 1032 doctor
1266 1004 1454 1035 benevolenter
1465 1006 1543 1036 docet
1554 1007 1664 1043 la'icurn,
1681 1019 1730 1038 nec
1742 1010 1779 1038 li-

1038 1040 1130 1070 benter
1143 1052 1205 1071 eum
1216 1042 1301 1073 laicus
1311 1045 1443 1075 auscultet
1453 1058 1459 1074 :
1469 1053 1495 1075 et
1506 1046 1600 1077 doctor
1613 1047 1720 1078 forsitan
1733 1049 1778 1079 vel

1038 1080 1139 1110 invitus
1156 1082 1243 1122 aperit
1261 1093 1290 1112 os
1301 1093 1381 1113 suum
1394 1084 1430 1114 ad
1445 1085 1598 1117 docendum
1611 1099 1619 1116 ε
1633 1087 1718 1118 laicus
1729 1099 1779 1118 au-

1037 1126 1091 1149 tem
1104 1131 1165 1150 cum
1179 1122 1215 1151 sit
1228 1122 1337 1152 omnino
1355 1124 1414 1154 sine
1432 1125 1529 1155 timore
1549 1126 1611 1163 Dei,
1627 1136 1675 1157 nec
1693 1138 1779 1167 usque

1036 1159 1071 1189 ad
1085 1161 1180 1190 faciem
1193 1169 1332 1192 contentus
1345 1170 1384 1192 est
1397 1175 1459 1194 eum
1470 1165 1576 1202 audire,
1590 1165 1638 1196 sed
1651 1177 1779 1198 converso

1035 1199 1172 1238 egreditur
1192 1201 1283 1237 dorso,
1299 1209 1325 1231 et
1339 1212 1367 1231 se
1382 1210 1408 1233 et
1425 1203 1504 1234 illum
1522 1215 1660 1244 spernens,
1674 1213 1700 1236 et
1720 1216 1779 1237 am-

1036 1239 1109 1278 plius
1123 1250 1151 1269 se
1163 1251 1244 1279 quam
1257 1241 1349 1279 illum,
1361 1249 1386 1272 et
1396 1253 1449 1272 non
1459 1244 1539 1274 sentit
1548 1245 1642 1275 animae
1653 1256 1708 1277 suae
1721 1247 1779 1277 dis·

1036 1279 1166 1317 pendium
1193 1281 1327 1315 efferatus,
1342 1281 1412 1311 sicut
1433 1294 1480 1313 nec
1497 1284 1582 1314 hestia
1603 1285 1706 1315 irritata
1719 1286 1778 1316 vul-

1036 1327 1087 1346 nus
1099 1318 1126 1347 in
1142 1329 1170 1348 se
1183 1319 1278 1349 fixum.
1290 1322 1347 1350 Hoc
1359 1329 1440 1360 caput
1451 1324 1539 1353 Lucas
1551 1324 1712 1363 evangelista
1725 1326 1778 1356 late

1035 1358 1217 1395 prosequitur,
1227 1358 1319 1388 dicens
1333 1371 1341 1388 ε
1353 1361 1457 1390 Nolite
1462 1363 1607 1400 judicare,
1618 1371 1646 1393 et
1658 1375 1717 1394 non
1723 1367 1775 1404 ju-
1785 1373 1842 1396 an.
1852 1373 1875 1396 6.
1886 1373 1904 1404 3¹,

1037 1396 1209 1425 dicabimini
1223 1409 1231 1425 .·
1247 1399 1339 1428 nolite
1355 1401 1559 1436 condemnare,
1581 1409 1609 1431 et
1629 1414 1686 1432 non
1705 1415 1774 1433 con·
1787 1403 1823 1427 38.

1035 1435 1245 1465 demnahimini
1258 1449 1268 1465 .·
1282 1439 1430 1474 dimittite,
1446 1446 1475 1469 et
1487 1441 1675 1472 dimittemini
1684 1454 1696 1471 .·
1705 1445 1775 1474 date

1035 1481 1063 1504 et
1084 1476 1204 1505 dabitur
1223 1478 1319 1507 vobis.
1332 1479 1502 1508 Mens-uram
1523 1482 1642 1519 bonam,
1658 1489 1686 1512 et
1705 1493 1775 1512 con-

1025 1514 1152 1554 sertam,
1161 1523 1188 1545 et
1199 1516 1382 1554 commotam,
1392 1525 1420 1548 et
1431 1520 1653 1561 superfluentem
1663 1523 1776 1553 dabunt

1033 1556 1065 1582 in
1078 1555 1172 1584 sinum
1180 1563 1313 1585 mes-erum
1319 1580 1325 1586 .
1334 1558 1450 1587 Eadem
1458 1569 1602 1596 mensura,
1611 1572 1671 1605 qua
1682 1565 1774 1592 mensi

1023 1594 1159 1634 fueritis,
1174 1597 1341 1625 remetietur
1358 1599 1455 1626 vobis.
1469 1598 1504 1627 Et
1521 1599 1583 1637 quis
1597 1607 1633 1629 sit
1651 1601 1710 1638 illc,
1725 1602 1774 1641 qui

1032 1643 1080 1662 nec
1091 1633 1195 1673 judicat
1211 1646 1218 1662 :
1234 1635 1295 1673 quis
1315 1643 1416 1673 autem,
1429 1637 1477 1676 qui
1490 1638 1597 1677 judicat
1615 1640 1736 1678 quidem,
1746 1649 1774 1672 et

1032 1683 1083 1702 non
1108 1673 1267 1704 condemnat
1281 1685 1289 1702 ε
1304 1682 1331 1704 et
1342 1676 1402 1714 quis
1414 1683 1462 1714 est,
1476 1677 1522 1715 qui
1534 1678 1694 1710 condemnat
1709 1681 1772 1720 qui-

1031 1712 1104 1749 dem,
1117 1720 1143 1742 et
1156 1720 1243 1743 tamen
1255 1714 1386 1745 dimittit:
1405 1723 1432 1745 et
1443 1716 1504 1755 quis
1525 1725 1573 1754 est,
1590 1719 1638 1757 qui
1651 1719 1708 1755 dat,
1721 1731 1780 1750 ex·-v

1032 1752 1172 1792 posuimus
1199 1753 1250 1783 tihi
1270 1766 1277 1782 :
1298 1761 1324 1784 et
1348 1756 1477 1793 quoniam
1500 1758 1637 1797 superflua
1661 1759 1773 1798 quidem

1033 1802 1156 1822 mensura
1167 1793 1248 1823 datur
1260 1794 1296 1830 ei,
1309 1795 1356 1833 qui
1376 1805 1424 1824 nec
1442 1795 1566 1835 judicat:
1578 1799 1708 1828 commota
1720 1810 1773 1829 au—

1033 1838 1086 1860 tem
1107 1832 1143 1868 ei,
1160 1834 1205 1872 qui
1227 1834 1333 1873 judicat
1354 1834 1475 1873 quidem,
1490 1846 1543 1867 non
1565 1844 1655 1866 autem
1677 1838 1774 1868 conde·

1021 1872 1106 1900 'mnat
1119 1885 1124 1900 :
1141 1872 1210 1902 bona
1225 1880 1315 1903 autem
1325 1873 1361 1908 ei,
1375 1874 1422 1911 qui
1436 1874 1604 1913 condemnat,
1618 1877 1667 1906 scd
1677 1878 1774 1907 dimit—

1031 1911 1074 1940 tit.
1091 1912 1224 1948 Quoniam
1239 1912 1307 1942 sicut
1328 1915 1414 1954 major
1433 1921 1472 1943 est
1485 1916 1622 1955 superflua
1635 1927 1770 1954 mensura,

1032 1961 1113 1989 quam
1137 1959 1284 1988 commota,
1298 1959 1324 1981 et
1347 1960 1478 1983 commota
1496 1956 1582 1993 major
1606 1963 1664 1993 est,
1690 1968 1771 1996 quam

1032 1990 1101 2019 bona
1113 1998 1138 2020 ct
1149 1992 1222 2030 justa
1240 1992 1301 2021 :sic
1313 1993 1454 2031 perfectior
1466 2000 1504 2022 est
1522 1994 1579 2031 ille,
1594 1995 1640 2033 qui
1662 2006 1710 2026 nee
1720 1996 1771 2035 ju-

1032 2029 1114 2063 dicat,
1129 2041 1209 2068 quam
1224 2031 1281 2066 ille,
1296 2032 1344 2069 qui
1362 2032 1478 2071 judicat,
1492 2040 1518 2062 et
1535 2043 1587 2062 non
1601 2034 1769 2070 condemnat,

1031 2076 1057 2098 et
1077 2069 1134 2104 ille,
1149 2070 1195 2108 qui
1213 2070 1328 2110 judicat,
1341 2078 1365 2099 et
1373 2081 1428 2100 non
1442 2071 1611 2109 condemnat,
1623 2074 1718 2103 melior
1731 2081 1771 2104 est

1031 2108 1092 2144 illo,
1106 2109 1153 2147 qui
1167 2110 1336 2146 condemnat,
1351 2117 1377 2138 et
1390 2109 1511 2140 dimittit.
1526 2111 1577 2141 Hic
1598 2119 1687 2142 autem
1697 2115 1769 2143 Mat-

1030 2148 1116 2177 thaeus
1130 2148 1219 2177 omnia
1229 2149 1280 2179 illa
1289 2149 1365 2178 brevi
1376 2160 1496 2179 sermone
1507 2151 1648 2188 conclusit,
1657 2152 1749 2182 dicens
1758 2165 1768 2182 ι

1030 2188 1131 2217 Nolite
1139 2189 1285 2227 judicare,
1300 2195 1332 2217 ut
1347 2199 1404 2217 non
1416 2190 1597 2228 judicemini.
1609 2193 1640 2221 2.
1655 2194 1693 2221 In
1701 2203 1772 2232 que-

1031 2238 1153 2266 cumque
1166 2231 1243 2257 enim
1258 2229 1371 2267 judicio
1388 2230 1604 2268 judicaveritis,
1631 2232 1769 2261 'indicabi-

1032 2273 1082 2296 tur
1095 2267 1133 2296 de
1153 2269 1239 2297 vobis
1251 2280 1262 2296 .-
1273 2267 1425 2307 intelligens
1436 2269 1563 2307 quoniam
1573 2270 1603 2310 ju
1627 2271 1671 2300 icii
1683 2282 1770 2301 sermo

1031 2306 1067 2335 ad
1089 2307 1177 2335 omnia
1190 2307 1304 2346 pertinct
1315 2307 1373 2336 illa.
1394 2309 1463 2337 Nam
1481 2309 1530 2347 qui
1549 2309 1655 2350 judicat
1666 2317 1770 2342 tantum

1031 2353 1183 2386 peccantem
1204 2347 1231 2375 in
1246 2357 1284 2382 se,
1307 2353 1335 2375 et
1356 2357 1408 2376 non
1422 2348 1590 2383 condemnat,
1605 2348 1705 2379 'udicat
1721 2362 1727 2378 :
1744 2357 1770 2379 et

1050 2385 1078 2414 ui
1092 2395 1144 2414 non
1155 2386 1242 2415 solum
1260 2386 1374 2426 judicat,
1390 2387 1437 2416 sed
1450 2387 1529 2416 etiam
1541 2398 1574 2417 co
1612 2395 1711 2425 emnat,
1722 2390 1770 2429 ju-

1030 2397 1102 2454 dicat
1118 2437 1124 2454 :
1141 2426 1192 2454 hoc
1205 2426 1212 2454 i
1235 2437 1295 2455 sum
1315 2426 1386 2455 enim
1398 2426 1574 2456 condemnare
1582 2427 1705 2466 judicare
1717 2436 1767 2458 est.

1032 2465 1105 2503 Ergo
1123 2476 1172 2505 pro
1192 2466 1211 2494 il
1226 2477 1251 2500 o,
1267 2465 1340 2504 quod
1359 2468 1446 2495 Lucas
1470 2465 1555 2501 dixit,
1569 2467 1670 2496 Nolite
1686 2469 1768 2507 judi-

1032 2515 1109 2539 care,
1135 2512 1181 2534 aut
1199 2505 1365 2545 judicantes,
1381 2505 1472 2534 nolite
1496 2506 1706 2543 condemnare,
1722 2508 1771 2537 iste

1033 2544 1105 2573 dixit
1121 2556 1127 2572 ι
1142 2546 1180 2573 1η
1189 2554 1370 2584 quocumque
1378 2545 1491 2585 judicio
1510 2546 1714 2584 ’παίωνα-ἰτὼ,
1722 2549 1771 2586 ju-

1033 2584 1179 2613 dicabitur
1190 2584 1227 2613 de
1251 2586 1337 2614 vobis
1353 2596 1361 2613 .·
1382 2583 1410 2613 id
1423 2590 1473 2620 est,
1489 2556 1518 2615 Sli
1538 2584 1723 2625 judicaveritis
1744 2595 1771 2617 et
