1904 2840
142 852 256 875 cue-531.

122 1059 181 1080 [hm.
198 1057 235 1080 13.

121 1096 158 1120 27.

269 158 337 193 720

264 228 362 256 eger-o,
381 223 568 255 nequaquam
585 213 730 255 effugiam
750 221 861 242 manus
877 218 1001 242 vestras.

266 257 373 287 Melius
383 256 455 284 mihi
464 260 507 283 est
512 255 623 292 absque
632 263 717 293 opere
723 252 852 282 incidere
858 253 892 281 in
901 262 1006 282 manus

263 302 390 332 vestras,
406 304 496 335 quam
507 302 628 333 peccare
647 295 679 322 in
692 298 847 332 conspectu
871 292 1004 322 Domini.

265 336 316 366 Hei
330 335 399 364 mihi
409 344 477 373 quos
489 340 608 374 pastores
628 332 792 367 arbitrabar,
808 332 889 371 lupos
902 331 980 362 video
995 344 1004 360 ε

265 386 333 414 quos
339 374 488 404 arbitrabar
497 383 591 402 eorum
597 372 646 411 qui
654 378 807 412 tempestate
813 371 1007 411 jactanturesse

266 422 372 455 portus,
386 414 416 443 hi
426 412 594 452 naufragium
612 411 771 442 excitarunt.
787 411 847 441 Non
855 411 1008 450 inquinabi-

267 456 301 484 tis
315 453 475 495 pudicitiam
490 463 577 482 meam
592 464 600 481 z
614 458 735 492 parentes
750 461 823 481 meos
837 450 938 491 probro
952 460 1006 480 non

266 495 381 524 afficiam
391 506 399 524 ε
408 492 497 533 generi
507 503 567 522 meo
573 491 662 521 labem
667 491 782 521 insamiae
788 501 841 520 non
849 501 879 520 as
912 501 987 530 rgam
996 503 1004 519 .-

267 535 363 564 marito
380 544 439 563 meo
454 532 576 562 dolorem
591 541 644 561 non
655 532 762 561 inuram
779 541 786 559 z
806 541 876 570 copu
944 541 1006 560 cum

267 574 316 603 illo
323 584 410 603 meam
418 573 557 602 inhonesto
565 582 709 611 congressu
719 580 772 600 non
779 569 906 600 dirimam
917 581 924 599 ι
934 580 1007 599 mor-

268 620 321 643 tem
330 614 420 654 potius
430 612 557 652 injustam
570 621 652 650 quam
666 610 814 640 thalamum
821 609 920 650 eligam
929 610 1008 639 inho-

267 660 382 683 nestum.
389 652 461 682 Mihi
467 662 531 682 vero
540 651 653 680 maritus
660 650 740 680 etiam
745 649 828 686 adest,
833 659 886 679 non
896 659 1010 689 praesen·
1028 656 1046 679 Ε

267 694 303 722 tia
318 692 450 733 corporis,
460 690 507 721 sed
519 690 602 720 animi
616 691 724 726 affectu,
736 696 929 729 parentumque
942 689 1010 718 ima-

267 733 357 771 ginem
371 733 379 762 i
401 743 429 762 sa
441 741 547 765 mecum
561 730 728 760 circumfero.
742 729 846 759 Timete
860 730 948 758 Deum
962 728 1009 767 qui

268 773 325 803 haec
341 773 368 803 vi
389 778 416 802 et
429 784 438 802 ε
454 777 594 811 praesentes
613 770 723 809 angelos
741 768 899 799 reveremini
914 780 920 797 ε
936 768 1010 813 cogi-

268 819 320 842 tate
342 811 411 851 quid
430 811 489 841 sitis
502 822 509 839 t
522 810 674 849 cognoscite
698 809 785 849 legem
803 819 885 847 quam
909 807 1009 848 legitis,

268 854 346 893 cujus
359 853 416 881 haec
425 851 508 882 verba
519 857 593 885 sunt,
607 850 676 879 Non
692 850 877 888 concupisces
891 857 1010 877 uxorem

266 894 392 932 proximi
411 893 464 921 tui.
485 891 548 921 Haec
565 900 630 919 cum
648 888 772 924 dixisset,
789 887 961 924 exclamavit,
981 893 1012 916 ut

269 932 379 962 illorum
396 930 549 972 petulantia!
569 935 648 959 testes
665 928 808 958 advocaret
823 927 1012 957 :exclamave-

268 979 331 1001 runt
342 979 430 1001 autem
441 977 468 1000 et
479 969 535 999 duo
551 969 684 1001 seniorem
699 973 873 998 accurrerunt
885 967 1012 997 Susannae

270 1012 341 1042 servi
357 1019 383 1041 et
401 1010 523 1047 ancillae;
543 1008 613 1038 duos
627 1019 691 1038 cum
707 1018 739 1037 ea
754 1007 870 1036 seniores
886 1013 1009 1036 cernunt.

992 151 1121 175 spuma.

1061 224 1108 251 ρας
1128 211 1212 251 ὑμῶν,
1232 211 1250 247 ἢ
1269 211 1396 251 ἁμαρτεῖν
1415 211 1525 241 ἐνώπιον
1541 210 1651 250 Κυρίου.
1667 210 1770 260 Οἶμοι,
1786 213 1831 247 οὒς

1059 251 1165 281 ἐδόκουν
1178 246 1246 280 εἶναι
1258 250 1400 290 ποιμένας,
1417 250 1512 284 λύκους
1529 252 1583 320 ὁῗῗ)
1594 250 1658 284 ⁵05<
1671 251 1778 280 ἐδοκουν
1791 247 1832 282 εἵ-

1059 303 1103 320 ναι
1117 293 1170 320 τῶν
1184 290 1383 331 χειμαζομένων
1397 290 1506 330 λιμένας
1516 311 1524 326 ,
1537 302 1552 320 ο
1569 301 1610 319 τοι
1622 290 1745 329 ναυάγιον
1758 292 1835 332 γεγό-

1059 343 1145 360 νασιν.
1169 332 1210 360 Οὐ
1227 330 1344 369 μιανεῖτέ
1364 343 1414 370 μου
1428 330 1477 367 τὴν
1491 329 1662 371 σωφροσύνην
1673 342 1679 349 ·
1695 331 1724 359 οὐ
1738 342 1834 362 καται-

1059 370 1149 410 σχύνω
1166 382 1218 409 μου
1232 369 1292 405 τοὺς
1307 374 1392 410 γονεῖς
1403 383 1411 390 ·
1430 371 1478 400 οὒκ
1496 370 1618 409 ἀτιμάζω
1642 381 1692 409 μου
1705 369 1754 406 τὴν
1768 383 1800 401 συ
1819 390 1834 394 -

1058 410 1159 450 γένειαν
1173 422 1179 429 ·
1198 411 1228 440 οὗ
1250 412 1327 442 λυπῶ
1349 422 1400 449 μου
1414 410 1459 440 τὸν
1475 409 1576 450 ἄνδρα·
1592 411 1622 440 οὗ
1642 409 1699 439 λύω
1717 421 1768 449 μου
1784 383 1833 447 arxis

1058 450 1124 501 πρὸς
1137 450 1215 480 αὐτὸν
1230 450 1353 490 συζυγίαν
1367 451 1398 480 ἐκ
1412 451 1460 486 τῆς
1473 449 1538 489 πρὸς
1551 451 1620 488 ὑμᾶς
1640 449 1756 479 ἀτάκτου
1769 453 1834 489 ὁμι-

1058 491 1116 524 λιας
1127 502 1134 508 ·
1149 492 1223 530 αἱροῦ
1247 502 1274 519 αι
1298 489 1408 520 θάνατον
1431 489 1529 528 ἄνομον
1542 489 1612 528 ἤπερ
1625 488 1743 528 θάλαμον
1764 490 1834 520 ἄτα-

1059 541 1131 559 κτον.
1157 530 1226 569 Ἐμο
1261 529 1288 559 δὲ
1315 530 1360 559 καὶ
1381 529 1508 569 πάρεστιν
1534 531 1548 558 ὁ
1572 528 1649 568 ἀνὴρ,
1677 530 1706 558 οὐ
1723 531 1764 569 ,τῇ
1786 533 1833 560 τοῦ

1061 569 1184 609 σώματος
1197 569 1341 610 παρουσίᾳ,
1357 568 1426 599 ἀλλὰ
1437 570 1470 608 τῇ
1484 571 1531 605 τῆς
1543 570 1631 608 ψυχῆς
1640 569 1755 599 διαθέσει
1765 591 1774 606 ,
1789 570 1835 599 καὶ

1061 609 1121 643 τοὺς
1144 612 1198 640 τῶν
1225 609 1303 639 ονέων
1322 621 1373 649 μου
1386 611 1557 650 χαρακτῆρας
1576 610 1633 648 μεθ’
1648 610 1743 644 ἑαυτῆς
1761 621 1835 650 περι-

1062 649 1145 690 φέρω.
1158 622 1302 685 Φοέήθητε
1315 649 1359 679 τὸν
1373 651 1476 689 ὁρῶντα
1489 648 1559 679 Θεόν
1569 660 1576 667 ·
1594 648 1754 689 αἰσχύνθητε
1775 648 1836 683 τοὺς

1062 690 1193 730 παρόντας
1207 690 1332 728 ἀγγέλους
1343 701 1349 708 ·
1363 689 1476 725 νοήσατε
1486 688 1502 718 ὅ
1514 689 1574 717 ἔστε
1585 699 1592 706 ·
1602 691 1686 727 γνῶτε
1700 688 1729 718 &t
1743 691 1836 728 ἀναγι-

1062 728 1177 759 νώσκετε
1201 729 1279 768 νόμον
1305 729 1349 758 τὸν
1377 728 1504 768 λέγοντα,
1527 729 1586 758 Οὔκ
1609 728 1762 767 ἐπιθυμήση
1786 728 1835 765 τὴν

1062 774 1174 808 γυναῖκα
1186 772 1232 798 τοῦ
1244 768 1357 804 πλησίον
1370 780 1428 798 σου.
1444 769 1539 798 Ταῦτα
1553 769 1674 807 etpumia
1689 761 1817 804 ἀνεῧόησι
1827 790 1835 804 ,

1064 808 1198 849 μάρτυρας
1209 811 1256 844 τῆς
1270 807 1378 843 ἀταξίας
1389 809 1475 838 αὐτῶν
1489 808 1657 847 συγκαλοῦσα
1667 820 1674 827 ·
1687 808 1835 845 ἀνεὸόησαν

1063 848 1091 878 δὲ
1113 849 1159 879 καὶ
1178 850 1203 878 οἱ
1226 848 1272 879 δύο
1290 847 1466 888 πρεσὸύτεροι
1478 859 1484 866 ·
1497 847 1653 887 εἰσέδραμον
1666 850 1691 878 οἱ
1704 850 1752 884 τῆς
1763 849 1835 878 Σου-

1063 888 1159 925 σάννης
1180 889 1283 925 δοῦλοι,
1307 888 1353 918 καὶ
1377 887 1535 917 παιδίσκαι·
1560 889 1642 927 ὁρῶσι
1669 890 1726 927 μετ’
1753 889 1837 924 αὐτῆς

1063 927 1123 962 τοὺς
1145 927 1191 958 δύο
1207 940 1228 957 π
1245 927 1411 968 εσὸυτέρους.
1426 927 1524 957 Ἡνίκα
1541 926 1569 956 δὲ
1583 921 1656 957 εἶπον
1669 929 1695 957 οἱ
1716 927 1836 967 πρεσὸύ-

1063 980 1134 1008 τεροι
1153 967 1214 1001 τοὺς
1230 940 1326 1037 ςόγους
1339 966 1409 998 κατὰ
1429 967 1579 1003 Σουσάννης
1589 989 1598 1003 ,
1611 967 1835 1007 κατῃσχύνθησαν

1064 1010 1087 1037 οἱ
1112 1009 1201 1038 δοῦλοι
1217 1007 1267 1048 σφό
1284 1019 1334 1047 ρα,
1358 1006 1400 1036 ὅτι
1423 1008 1472 1037 οὐκ
1496 1006 1596 1047 ῑρῥήθη
1620 1006 1697 1057 λόγος
1719 1010 1835 1041 τοιοῦτος

272 1052 345 1082 Cum
355 1057 454 1081 autem
473 1051 566 1079 verba
587 1048 642 1077 illa
662 1050 789 1077 seniores
802 1048 835 1076 in
844 1046 1011 1076 Susannam
1019 1066 1057 1085 5¹0
1063 1048 1125 1088 περὶ
1139 1047 1290 1084 Σουσάννης
1307 1046 1381 1076 ποτέ.
1395 1046 1520 1086 Ἐγένετο
1533 1046 1561 1076 δὲ
1573 1049 1607 1086 τῇ
1622 1048 1745 1087 ἐπαυρων
1759 1046 1836 1077 συνέ-

269 1091 476 1130 protulissent‚
504 1090 681 1118 erubuerunt
706 1088 782 1117 servi
804 1087 1013 1133 vehementer,
1029 1097 1049 1118 A
1065 1087 1292 1138 δριονΙμέγιστον·
1309 1086 1351 1116 ἔτι
1371 1086 1458 1126 γὰρὴ
1475 1086 1596 1126 κρίσιμος
1621 1086 1695 1122 πάλη
1708 1108 1716 1122 ,
1736 1089 1754 1123 ἡ
1774 1086 1836 1126 περὶ

271 1133 511 1169 quianumquam
519 1129 614 1157 diosus
625 1127 726 1167 fuerat
739 1136 833 1156 sermo
846 1127 1011 1166 hujusmodi

271 1170 308 1198 tle
313 1170 645 1200 Susanna.Convocatum
651 1173 781 1196 estautem
788 1173 894 1206 postero
898 1165 944 1195 die
951 1175 1015 1196 con-

271 1209 365 1238 cilium
384 1209 533 1238 maximum
549 1219 556 1235 ε
572 1206 662 1235 adhuc
677 1206 750 1235 enim
773 1213 829 1235 erat
849 1206 900 1235 sub
921 1205 1014 1244 judice

272 1248 356 1285 lucta,
368 1256 394 1278 et
407 1248 443 1277 ad
456 1257 581 1276 coronam
594 1244 766 1275 obtinendam
779 1245 900 1275 victoria.
914 1245 1015 1275 Conve-

273 1288 313 1317 nit
324 1288 443 1328 populus
452 1286 539 1316 omnis
549 1286 681 1316 virorum.
689 1283 846 1321 mulierum,
857 1284 999 1313 infantium
1002 1296 1011 1322 5

273 1338 367 1357 rursus
390 1332 581 1366 congregatum
601 1331 640 1353 est
660 1324 809 1358 theatrum3
828 1322 877 1362 qui
902 1323 1014 1353 inferius

274 1374 349 1396 erant
362 1367 494 1401 homiues,
507 1364 575 1404 quid
587 1370 723 1393 cernerent
737 1363 888 1392 nesciebant
902 1375 911 1392 x
927 1362 1016 1402 angeli

275 1408 381 1436 veroin
393 1406 465 1436 caelis
476 1416 533 1434 rem
550 1410 688 1434 noverant.
711 1404 853 1433 Venerunt
870 1402 1016 1432 sceleribus

274 1446 392 1486 cooperti
409 1445 525 1475 seniores
539 1456 547 1472 :
560 1450 656 1474 vocant
673 1444 837 1478 Susannam,
853 1449 883 1472 ut
895 1442 937 1471 illi
951 1441 1016 1480 qui-

275 1485 337 1515 dem
357 1485 568 1520 arbitrabantur,
591 1482 626 1512 ad
644 1481 818 1522 ignominiam
836 1489 862 1511 ct
879 1483 1013 1511 mortem:

242 1541 243 1544 ¹
277 1532 306 1554 ut
318 1532 406 1554 autem
410 1526 503 1570 justus
516 1525 533 1554 J
537 1523 607 1552 udex
628 1521 838 1561 praedestinarat,
850 1521 886 1551 ad
896 1521 978 1550 vitam
991 1528 1018 1550 et

126 1611 184 1632 llml.
197 1618 217 1631 v.
228 1616 265 1640 29.

124 1641 161 1664 30.

137 2254 198 2295 [hild.
206 2261 227 2274 v.
238 2250 276 2274 36.

134 2291 206 2314 “l''

276 1565 390 1603 gloriam
409 1563 600 1601 immortalem.
621 1562 693 1591 Tum
725 1560 827 1600 populo
858 1560 985 1599 inquiunt
1006 1573 1014 1590 :

278 1605 387 1634 Mittite
400 1604 442 1633 ad
452 1603 619 1633 Susannam
622 1601 725 1642 filiam
737 1600 875 1635 chelme,-
885 1600 932 1629 illi
945 1610 1018 1629 vero

277 1645 431 1673 miserunt..
444 1644 531 1673 Venit
548 1643 622 1682 ipsa,
643 1647 673 1670 et
685 1646 821 1679 parentes
838 1641 911 1680 ejus,
925 1647 951 1669 et
963 1651 1019 1669 ma-
1037 1651 1055 1674 B

276 1685 345 1713 ritus
358 1683 427 1723 ejus,
442 1682 535 1722 etfilii
543 1683 617 1721 ejus.
633 1681 669 1710 Et
679 1680 755 1710 venit
762 1679 895 1717 Susanna,
908 1686 937 1709 ut
947 1691 1019 1710 mor-

277 1731 330 1753 tem
344 1722 470 1753 castitatis
483 1732 563 1751 causa
576 1721 693 1755 obitura,
714 1718 799 1748 multa
817 1730 880 1749 cum
892 1718 1021 1749 verecunl

277 1763 323 1792 dia
334 1773 452 1802 gemens,
468 1768 494 1791 ct
507 1761 617 1797 afflicta,
632 1770 685 1788 non
700 1758 775 1798 quod
786 1759 893 1788 obitura
907 1766 1019 1789 mortem

279 1809 363 1838 esset,
382 1813 477 1832 verum
497 1800 571 1840 quod
593 1799 750 1839 parentibus
766 1798 864 1828 famam
885 1799 1021 1828 sinistram

280 1842 454 1880 relinqueret,
465 1840 538 1880 quod
555 1839 670 1869 infamiae
683 1845 773 1867 notam
788 1839 880 1877 generi
892 1849 942 1869 suo
954 1846 1022 1870 esset

281 1884 402 1911 inustor-a
415 1895 422 1910 :
436 1881 543 1910 nullum
563 1879 636 1908 enim
658 1878 697 1907 rei
710 1878 737 1907 in
752 1878 873 1917 pomario
892 1885 971 1918 gcstae
981 1885 1021 1907 te-

281 1929 348 1951 stem
362 1921 486 1951 habebat.
504 1918 588 1949 Multi
607 1924 682 1947 erant
696 1917 743 1956 qui
760 1918 819 1957 ejus
839 1928 918 1947 causa
930 1918 1021 1958 lacry-

283 1961 436 1995 mabantur,
451 1958 542 1994 amici,
557 1957 672 1997 cognati,
693 1964 825 1997 parentes,
844 1957 927 1987 vicini
944 1970 950 1986 :
966 1969 1022 1986 ma·

284 2000 352 2029 ritus
379 1999 500 2038 lugebat,
529 1998 626 2027 domus
649 1997 706 2036 ejus
728 1996 924 2026 lamentabatur
939 2009 946 2025 :
966 2004 1025 2026 tum

285 2039 334 2068 illa
347 2039 405 2078 ipsa
419 2048 540 2073 moerens,
553 2036 649 2072 tristis,
665 2036 871 2075 collacrymans,
886 2043 912 2066 et
925 2036 1025 2066 afflicta

286 2079 313 2108 in
329 2078 413 2107 multa
426 2077 515 2107 cordis
530 2076 682 2105 humilitate
697 2076 724 2104 in
735 2075 824 2105 medio
841 2076 955 2105 sistitur.
969 2077 1024 2105 Pu-

285 2118 389 2148 blicum
400 2124 457 2146 erat
468 2116 662 2157 spectaculum,
678 2115 739 2152 Dei,
754 2115 922 2154 angelorum,
939 2115 1027 2144 homi-

286 2168 362 2187 num.
377 2155 595 2196 Exsurguntduo
607 2155 735 2191 seniores,
747 2155 774 2183 in
785 2155 878 2184 habitu
890 2162 1027 2195 pastorum

287 2198 360 2238 lupi:
370 2207 465 2226 manus
473 2196 515 2225 illi
524 2206 586 2224 suas
593 2194 746 2234 imponunt,
753 2201 779 2222 et
788 2194 875 2224 inillis
882 2194 1029 2223 calumnia-

289 2245 329 2267 tor
341 2246 450 2276 serpens
473 2235 643 2274 loquebatur.
659 2233 735 2270 Quid
754 2234 935 2271 loquebatur?
955 2235 1028 2263 Cum

289 2276 542 2306 deambularemus
561 2276 592 2304 in
608 2274 737 2313 pomario
757 2273 826 2308 soli,
840 2275 969 2313 ingressa
986 2280 1028 2303 est
1046 2285 1065 2308 c,

289 2318 362 2354 ltoec,
372 2323 401 2346 et
407 2316 517 2344 dimisit
521 2314 603 2354 filias
609 2323 688 2348 suas,
698 2314 837 2351 venitque
842 2314 882 2341 ad
890 2323 952 2341 eam
962 2314 1030 2342 ado-

288 2357 410 2392 lescens,
422 2357 473 2392 qui
481 2360 543 2383 erat
552 2353 750 2388 absconditus,
763 2357 791 2380 et
801 2354 956 2381 concubuit
966 2363 1030 2382 cum

290 2407 334 2426 ea.
348 2397 443 2426 Porro
455 2405 506 2424 nos
518 2404 583 2423 cum
595 2402 720 2423 essemus
730 2394 762 2421 in
773 2392 883 2430 angulo
892 2394 1028 2429 pomarii,

291 2445 317 2466 et
335 2436 502 2466 videremus
523 2435 709 2474 iniquitatem
727 2441 793 2471 quoe
803 2431 912 2470 fiebat,
929 2441 1030 2461 cucur-

290 2479 380 2506 rimus
402 2475 443 2504 ad
463 2484 512 2504 eos
527 2485 534 2502 =
549 2480 577 2504 d
596 2473 682 2502 illum
702 2471 822 2511 quidem
849 2472 1031 2511 nequiuitnus

292 2513 544 2553 corizprehemlere,
557 2515 627 2553 quia
641 2512 755 2541 viribus
774 2520 826 2546 nqs
843 2512 991 2547 vincebat,
1004 2517 1032 2540 et

293 2562 399 2600 apertis
411 2560 491 2588 ostiis
501 2558 585 2588 exsili
589 2559 626 2587 νίι
628 2568 642 2594 ,·
653 2557 730 2586 hanc
741 2561 837 2585 autem
850 2565 913 2584 cum
931 2565 1031 2593 appre-

1064 1139 1192 1168 στεφανου
1206 1126 1275 1163 νίκη.
1297 1126 1423 1167 Συνήχθη
1444 1130 1496 1160 πᾶς
1509 1128 1523 1156 ὁ
1535 1126 1598 1160 λαὸς
1611 1127 1723 1167 ἀνδρῶν,
1743 1138 1837 1166 γυναι-

1064 1169 1128 1203 κῶν,
1140 1167 1251 1203 νηπίων·
1267 1166 1347 1196 πάλιν
1361 1164 1536 1206 συνηθροίσθη
1549 1165 1580 1196 τὸ
1592 1165 1655 1196 etat
1687 1177 1716 1195 ν·
1726 1168 1751 1196 οἱ
1764 1166 1838 1196 κάτω

1065 1208 1197 1247 ἄνθρωποι
1217 1208 1264 1236 οὐκ
1277 1206 1385 1246 ᾔδεισαν
1398 1206 1425 1236 τί
1442 1205 1569 1246 ἐθεώρουν
1579 1218 1586 1224 ·
1605 1208 1630 1236 οἱ
1667 1205 1680 1235 ὲ
1694 1206 1722 1235 ἐν
1735 1207 1838 1246 οὐρανῷ

1065 1247 1173 1286 ἄγγελοι
1194 1245 1371 1286 ἐπεγίνωσκον
1386 1246 1418 1276 τὸ
1435 1250 1557 1285 πρᾶγμα.
1570 1241 1672 1276 *mom
1684 1246 1709 1274 οἱ
1722 1244 1838 1285 πρεσὸύ-

1064 1298 1135 1326 τεροι
1149 1286 1273 1325 γέμοντες
1287 1288 1335 1321 -ι-ῆς
1348 1285 1458 1324 ἀνομίας
1470 1297 1477 1304 ·
1492 1287 1603 1315 καλοῦσι
1614 1285 1662 1322 τὴν
1677 1285 1839 1320 Σουσάνναν,

1065 1327 1101 1359 ὡς
1114 1325 1162 1364 μὲν
1176 1327 1271 1354 ἐκεῖνοι
1290 1325 1418 1363 ἐνόμιζον,
1432 1325 1496 1365 πρὸς
1510 1325 1638 1365 αἰσχύνην
1652 1325 1698 1355 καὶ
1711 1325 1821 1355 θάνατον
1832 1336 1839 1343 ·

1065 1367 1102 1398 ὡς
1126 1364 1153 1394 δὲ
1167 1366 1205 1393 τῶ
1228 1364 1322 1404 δικαίῳ
1344 1367 1422 1404 κριτῇ
1436 1364 1596 1404 προώριστο,
1615 1365 1681 1404 πρὸς
1703 1364 1772 1400 ζωὴν
1794 1363 1839 1394 καὶ

1066 1404 1143 1439 δόξαν
1155 1393 1268 1434 αἰιίννιον.
1281 1403 1335 1434 Καί
1349 1415 1413 1443 φασι
1426 1404 1491 1444 πρὸς
1503 1404 1548 1433 τὸν
1562 1403 1625 1433 λαόν
1633 1416 1641 1422 ·
1655 1403 1840 1434 Ἀποστείλατε

1066 1444 1132 1484 πρὸς
1153 1443 1304 1474 Σουσάνναν
1317 1443 1448 1483 θυγατέρα
1468 1443 1582 1473 Χελκίου
1594 1455 1601 1462 ·
1617 1445 1642 1473 οἱ
1665 1443 1693 1473 δὲ
1713 1443 1840 1473 ἀπέστει-

1066 1485 1125 1513 λαν.
1137 1479 1237 1513 ’Ἦλθεν
1254 1482 1339 1520 αὐτὴ,
1359 1483 1405 1512 καὶ
1427 1485 1452 1513 οἱ
1468 1487 1552 1522 γονεῖς
1566 1484 1666 1518 αὐτῆς,
1683 1483 1729 1512 καὶ
1746 1485 1760 1512 ὃ
1771 1484 1840 1524 ἀνὴρ

1069 1525 1165 1559 αὐτῆς,
1181 1523 1226 1553 καὶ
1246 1523 1280 1553 τὰ
1298 1522 1378 1553 τέκνα
1393 1524 1483 1558 αὐτῆς.
1497 1522 1550 1552 Καὶ
1570 1519 1647 1559 ἦλθεν
1665 1525 1683 1559 ἡ
1703 1522 1840 1552 Σουσάννα

1068 1565 1103 1596 ὥς
1122 1565 1208 1592 θανεῖν
1222 1562 1364 1603 ὀφείλουσα
1386 1562 1431 1592 διὰ
1452 1561 1633 1602 σωφροσύνην,
1654 1562 1723 1602 μετὰ
1742 1564 1842 1599 πολλῆς

1069 1602 1207 1636 εὐλαὸείας
1223 1601 1383 1636 στενάζωσα
1393 1625 1401 1638 ,
1422 1601 1565 1641 θλιὸομένη
1575 1625 1582 1639 ,
1604 1603 1655 1642 οὐχ
1672 1602 1714 1632 ὅτι
1727 1602 1842 1641 ἤμελλεν

1070 1642 1257 1679 ἀποθνήσκειν,
1270 1643 1329 1672 ἀλλ’
1346 1644 1388 1671 ὅτι
1402 1642 1486 1680 ὄνομα
1496 1642 1578 1671 κακὸν
1592 1642 1772 1681 κατελίμπανε
1788 1647 1844 1676 τοῖς

1070 1685 1199 1722 γονεῦσιν,
1210 1681 1251 1711 ὅτι
1259 1682 1374 1721 ἤμελλεν
1386 1680 1532 1720 ὀνειδισμὸν
1543 1683 1582 1721 τῷ
1593 1681 1664 1721 γένει
1674 1683 1828 1712 καταλιπεῖν
1836 1694 1842 1701 ·

1071 1722 1163 1752 οὐδένα
1173 1721 1225 1762 γὰρ
1240 1716 1296 1761 εἶχε
1309 1721 1431 1761 μάρτυρα
1443 1724 1489 1751 τοῦ
1502 1720 1638 1760 γεγονότος
1647 1721 1842 1762 πράγματοςέν

1070 1765 1109 1802 ’τῷ
1123 1761 1284 1802 παραδείσῳ.
1300 1761 1400 1791 Πολλοὶ
1420 1757 1488 1797 ἦσαν
1501 1762 1526 1790 οἱ
1540 1761 1695 1801 δακρύοντες
1711 1762 1778 1802 ὑπὲρ
1793 1763 1843 1791 αὖ-

1071 1804 1133 1838 τῆς,
1147 1804 1172 1831 οἱ
1183 1800 1271 1841 φίλοι,
1283 1802 1308 1830 οἱ
1323 1805 1455 1840 συγγενεῖς
1466 1823 1475 1836 ,
1490 1801 1515 1830 οἱ
1525 1805 1609 1839 γονεῖς
1620 1824 1628 1838 ,
1647 1803 1672 1831 οἱ
1685 1801 1798 1840 γείτονες
1809 1813 1815 1820 ·
1829 1803 1844 1831 ὁ

1072 1842 1139 1882 ἀνὴρ
1153 1840 1275 1878 ἐπένθει,
1294 1843 1308 1870 ὁ
1328 1836 1398 1874 οἶκος
1417 1842 1498 1876 αὐτῆς
1517 1840 1637 1880 ἐθρήνει·
1653 1841 1762 1877 κάκείνη
1775 1841 1844 1876 αὐτὴ

1072 1881 1237 1916 κατώδυνος,
1259 1880 1419 1920 σκυθρωπὴ,
1447 1879 1614 1920 δακρύουσα,
1636 1881 1796 1920 θλιὸομένη,
1816 1882 1843 1911 ἐν

1073 1922 1159 1960 πολλῇ
1171 1919 1341 1956 ταπεινότητι
1351 1920 1460 1960 καρδίας
1469 1919 1576 1950 ἵσταται
1589 1921 1617 1949 ἐν
1626 1922 1665 1961 τῷ
1677 1921 1760 1960 μέσῳ.
1773 1921 1847 1950 Πάν-

1075 1962 1158 2000 δημος
1170 1956 1228 1996 ἦνῆ
1242 1959 1300 1996 θέα,
1312 1961 1394 1994 Θεοῦ,
1405 1959 1532 1999 ἀγγέλων,
1544 1960 1698 2000 ἀνθρώπων.
1709 1960 1845 1990 Matav-

1076 2013 1121 2030 ται
1134 2002 1159 2029 οἱ
1182 1999 1227 2029 δύο
1250 1999 1423 2039 πρεσὸύτεροι
1434 2021 1442 2035 ,
1468 2001 1493 2028 οἱ
1517 2000 1545 2028 ἐν
1569 1999 1690 2039 σχήματι
1713 1999 1846 2038 ποιμένων

1075 2040 1152 2070 λύκοι
1162 2051 1168 2057 ·
1182 2038 1343 2068 ἐπιτιθέασιν
1355 2040 1422 2077 αὐτῇ
1434 2038 1482 2071 τὰς
1500 2042 1544 2078 χεῖ
1562 2051 1606 2075 ας,
1626 2039 1671 2068 καὶ
1689 2040 1716 2068 ἐν
1728 2041 1815 2072 αὗτοῑς
1833 2042 1847 2069 ὁ

1077 2079 1241 2120 συκοφάντης
1257 2078 1315 2119 ὄφις
1336 2078 1436 2107 ἐλάλει.
1452 2077 1488 2107 Τί
1507 2079 1610 2115 ἔλαλει;
1625 2078 1846 2118 Περι-πατούντων

1077 2120 1154 2158 ἡμῶν
1174 2117 1236 2158 χθὲς
1255 2118 1281 2147 ἐν
1296 2119 1335 2157 τῷ
1349 2116 1502 2157 παραδείσῳ
1520 2117 1616 2156 μόνων,
1629 2120 1749 2154 εἰσῆλθεν
1762 2118 1829 2155 αὕτη
1838 2141 1847 2154 ,

1079 2159 1123 2188 καὶ
1148 2157 1262 2188 ἀπέλυσε
1286 2156 1333 2190 τὰς
1356 2156 1499 2189 παιδίσκας
1521 2158 1620 2192 αὐτῆς,
1643 2158 1688 2188 καὶ
1703 2154 1767 2195 ἦλθε
1782 2159 1848 2199 πρὸς

1079 2198 1161 2234 αὐτὴν
1176 2196 1351 2232 δίνεανίσκος,
1371 2196 1398 2228 ὃς
1419 2191 1452 2232 ἦν
1465 2197 1659 2236 κεκρυμμένος,
1675 2197 1720 2228 καὶ
1738 2199 1849 2228 ἀνέπεσε

1081 2240 1138 2277 μετ’
1153 2238 1243 2272 αὐτῆς.
1258 2236 1352 2276 Ἡμεῖς
1366 2236 1394 2265 δὲ
1413 2236 1485 2270 ὄντες
1502 2238 1529 2265 ἐν
1544 2240 1578 2277 τῇ
1592 2237 1674 2278 γωνίᾳ
1694 2241 1740 2267 τοῦ
1758 2250 1849 2277 παρα-

1081 2277 1177 2313 δείσου,
1190 2277 1236 2306 καὶ
1250 2276 1346 2309 ἰδόντες
1358 2276 1406 2312 τὴν
1418 2276 1529 2315 ἀνομίαν
1541 2277 1689 2315 γινομένην,
1701 2277 1849 2317 ἔδριίμομεν

1081 2319 1123 2347 ἐπ’
1138 2316 1231 2350 αὐτούς
1245 2328 1251 2334 ·
1266 2316 1387 2346 κάκείνου
1406 2315 1454 2354 μὲν
1468 2317 1603 2355 ἐγκρατεῖς
1624 2318 1672 2346 οὐκ
1683 2317 1849 2355 ἠδυνήθημεν

1080 2357 1201 2396 γενέσθαι
1213 2377 1221 2391 ,
1248 2356 1292 2385 διὰ
1316 2355 1346 2385 τὸ
1367 2354 1467 2395 ἰσχύειν
1491 2354 1569 2384 αὐτὸν
1593 2355 1659 2394 ὑπὲρ
1685 2359 1757 2395 ἡμᾶς
1769 2379 1777 2392 ,
1804 2357 1849 2386 καὶ

1082 2396 1220 2431 ἀνοίξαντα
1240 2395 1287 2429 τὰς
1301 2395 1380 2435 θύρας
1393 2397 1457 2424 ἐκπε
1499 2395 1605 2430 δηκέναι
1618 2407 1624 2414 ·
1638 2395 1737 2431 ταύτης
1750 2396 1778 2425 δὲ
1791 2398 1850 2426 ἐπι·

1082 2436 1224 2475 λαόόμενοι
1246 2437 1404 2475 ἠρωτῶμεν,
1426 2434 1466 2468 τίς
1506 2446 1519 2463 ν
1543 2436 1558 2463 ὁ
1579 2434 1728 2471 νεανίσκος,
1743 2435 1788 2465 καὶ
1802 2437 1850 2466 οὗκ

1083 2476 1212 2512 ἠθέλησεν
1226 2476 1383 2514 ἀπαγγεῖλαι
1396 2477 1470 2512 ἡμῖν.
1484 2475 1578 2503 Ταῦτα
1589 2486 1644 2514 μαρ
1694 2478 1783 2514 οῦμεν.
1797 2476 1849 2506 Καὶ

1085 2516 1235 2544 ἐπίστευσεν
1251 2516 1338 2547 αὐτοῖς
1360 2517 1377 2549 ἡ
1396 2513 1534 2552 συναγωγὴ
1555 2515 1591 2547 ὡς
1604 2526 1671 2553 πρεσ
1691 2514 1791 2555 υτέροις
1804 2518 1850 2545 τοῦ

1084 2556 1157 2591 λαοῦ,
1173 2555 1217 2584 καὶ
1237 2559 1337 2594 κριταῖς
1347 2566 1354 2572 ·
1368 2553 1413 2583 καὶ
1435 2553 1590 2593 κατέκριναν
1607 2554 1688 2589 αὐτὴν
1702 2556 1849 2584 ἀποθανεῖν.
