1890 2826
600 173 771 212 SYNOPSlS.
786 174 975 199 SCRIPTURAE
1001 174 1113 198 SACRAE
1119 191 1126 198 .

235 291 355 312 ΣΥΝΟΨῙΣ
371 293 425 312 ΤΟΥ
442 293 523 312 fflzm·
535 293 588 312 ΤΟΥ
606 293 691 312 &AYH-

119 381 132 394 ⁴²
141 377 280 407 Κελεύεται
297 378 398 415 Ἰησοῦς
410 378 600 418 διατάττειντῷ
607 379 674 418 λαῷ,
683 380 721 418 τῷ
735 390 763 407 τε
775 378 848 418 νόμῳ

80 425 126 453 τοῦ
138 425 209 454 Θεοῦ
228 424 377 465 προσέχειν.
390 425 499 464 Πέμπει
509 425 696 457 κατασκόπους
705 437 711 443 ·
728 426 847 461 εἷο-ἦλθον

80 471 118 503 εἰς
135 469 184 506 τὴν
207 469 321 510 Ἱεριχώ.
344 470 469 504 Ἀκούσας
489 473 503 500 ὁ
523 470 646 510 βασιλεὺς
659 473 707 506 τῆς
730 471 847 508 πόλεως,

80 515 199 556 ἔπεμψε,
222 518 307 552 ζητῶν
329 517 389 551 τοὺς
411 517 506 557 ἄνδρας
528 516 602 557 παρὰ
615 517 702 546 Ῥαὰὸ
715 519 748 556 τῇ
763 517 846 557 πόρνῃ

79 563 112 601 τῇ
127 562 316 602 ὑποδεξαμένῃ.
328 563 363 593 ‘H
376 563 403 593 δὲ
413 563 510 603 ἔκρυψε
521 562 581 597 τοὺς
592 563 783 596 κατασκόπους.
794 563 848 592 Καὶ

78 607 137 636 ἀντὶ
159 607 258 643 ταύτης
278 611 326 644 τῆς
347 608 456 648 χάριτος
476 609 560 649 ᾔτησε
583 609 630 645 τὴν
654 609 786 649 σωτηρίαν
800 610 848 644 τῆς

76 652 160 686 οἰκίας
171 654 268 690 αὐτῆς,
282 654 344 683 ὅταν
357 657 374 690 ἡ
387 654 463 688 πόλις
481 656 570 695 ληφθῇ
580 667 587 674 ·
606 656 630 684 οἱ
645 654 672 684 δὲ
692 654 843 683 ἐπένευσαν.

76 697 131 728 Καὶ
142 699 299 733 ἀπελθόντες
309 700 474 739 ἀπήγγειλαν
485 701 519 730 τὰ
532 701 669 740 γενόμενα.
684 700 847 740 Παραγγέλ-

76 746 116 774 λει
128 747 166 785 τῷ
176 747 242 786 λαῷ,
255 746 324 776 ὥστε
339 747 463 782 διαὸῆναι
475 747 520 776 τὸν
535 747 682 787 Ἰορδάνην,
697 747 742 776 καὶ
756 747 846 783 8:46⁷}-

1572 167 1642 214 397

1015 297 1142 317 SYNOI‘SIS
1160 298 1235 317 unm
1257 299 1323 318 JESU
1344 299 1416 318 mm!
1438 298 1530 318 NAVE.

943 377 1060 407 Jubetur
1078 379 1156 408 Jesus
1174 380 1317 420 praecipere
1335 379 1450 420 populo,
1474 386 1503 409 ut
1522 380 1574 419 legi
1594 381 1644 410 Dei

902 422 1030 452 attendat.
1050 424 1136 453 Mittit
1149 426 1340 465 exploratores,
1355 426 1403 464 qui
1414 425 1513 454 intrant
1526 427 1553 454 in
1571 427 1645 456 Jeri-

864 471 882 493 E
903 468 965 498 cho.
989 471 1061 499 Cum
1074 470 1104 499 id
1120 471 1238 501 audisset
1254 483 1302 501 rex
1317 472 1404 509 urbis,
1420 471 1494 501 misit
1511 471 1558 510 qui
1571 473 1644 502 viros

901 515 1087 554 requirerenta
1095 517 1170 545 Raab
1178 518 1324 554 meretrice,
1333 528 1392 556 quae
1404 519 1641 557 ipsossuscepcrat.

901 561 952 591 Illa
964 572 1028 591 vcro
1042 562 1222 601 exploratores
1240 563 1392 592 occultavit.
1407 565 1511 602 Proque
1525 564 1572 593 illa
1583 574 1644 603 gra-

901 606 938 635 tia
951 607 1029 646 petiit
1042 618 1091 646 pro
1105 607 1185 636 domo
1203 619 1251 637 sua
1264 609 1388 645 salutem,
1408 620 1469 639 cum
1485 610 1550 639 urbs
1567 617 1644 649 capta

899 654 976 683 soret.
995 654 1041 684 Illi
1061 662 1221 684 annuerunt.
1241 656 1276 684 Et
1293 667 1354 684 cum
1372 655 1563 692 discessissent,
1585 667 1644 694 qum

900 707 972 739 gesta
984 707 1059 729 erant
1071 701 1268 730 renuntiarunt.
1282 701 1407 740 Praecipit
1422 702 1523 741 populo
1539 709 1568 730 ut
1581 703 1643 731 Jor-

898 746 993 776 danem
1003 754 1130 783 transeat,
1146 754 1172 776 et
1181 748 1251 776 sicco
1262 747 1330 787 pede
1344 748 1516 784 transierunt,
1529 748 1643 788 lapides-

76 802 126 820 σαν
139 791 183 820 ἐπὶ
198 792 293 832 ξηρᾶς,
307 792 353 822 καὶ
370 793 456 826 λίθους
476 793 589 829 ἔστησαν
607 794 634 821 ἐν
647 795 680 832 τῇ
695 804 842 832 στρατοπε·
850 818 888 837 ³3⁹
897 803 950 830 que
967 792 1110 822 duodecim
1127 793 1155 822 in
1174 793 1269 823 castris
1291 801 1448 823 statuerunt.
1472 795 1529 824 Hoc
1548 794 1640 829 audito

75 836 133 877 δείᾳ
147 837 257 867 δώδεκα.
267 838 436 872 Ἀκούσαντες
447 840 471 868 οἱ
484 840 600 878 βασιλεῖς
614 841 667 868 τῶν
682 838 844 879 Ἀμοῤῥαίων
859 846 879 869 Δ
896 848 971 877 reges
983 839 1200 867 Amorrhaeorum
1211 839 1259 877 qui
1272 846 1344 868 trans
1355 839 1500 869 Jordanem
1514 847 1599 875 crant,
1615 847 1641 869 et

43 910 46 911 1
76 885 100 912 οἱ
110 883 193 923 πέραν
206 887 251 914 τοῦ
266 884 407 924 Ἰορδάνου,
421 884 466 914 καὶ
478 887 502 914 οἱ
512 886 632 924 ’βασιλεῖς
644 887 692 920 τ’ἠς
702 885 844 922 Φοινίκης,

75 929 116 958 ὅτι
130 929 173 959 διὰ
186 930 265 970 ξηρᾶς
278 931 402 966 διέὸησαν
415 931 460 960 τὸν
475 930 608 971 Ἰορδάνην
618 953 626 966 ,
645 932 844 967 κατετάκησαν,

75 974 121 1004 καὶ
130 976 347 1015 κατεπλήγησαν.
362 976 432 1006 Τότε
443 978 546 1012 Ἰησοῦς
556 977 731 1017 προσταχθεὶς
745 978 844 1017 μαχαί-

76 1032 133 1060 ραις
155 1022 290 1062 πετρίναις
310 1023 463 1062 περιτέμνει
486 1022 546 1056 τοὺς
567 1023 719 1056 Ἰουδαίους.
743 1024 844 1053 ’Ἐπεὶ

74 1068 271 1108 τεσσαράκοντα
287 1069 333 1104 ἔτη
348 1069 512 1109 ἀνέστραπτο
525 1069 634 1109 Ἰσραὴλ
646 1071 674 1099 ἐν
687 1072 721 1110 τῇ
733 1070 825 1110 ἐρήμῳ
834 1092 842 1106 ,

74 1113 119 1142 καὶ
140 1114 182 1143 διὰ
195 1118 272 1144 τοῦτο
291 1115 466 1155 ἀπερίτμητοι
489 1112 557 1151 ἦσαν
572 1117 657 1145 αὐτῶν
679 1118 703 1145 οἱ
723 1117 842 1146 πλεῖστοι

73 1161 127 1188 τῶν
141 1160 276 1200 μαχίμων,
289 1161 314 1190 οἳ
328 1161 373 1190 καὶ
386 1161 536 1191 ἀπώλοντο·
551 1161 609 1191 ἀντὶ
620 1161 647 1191 δὲ
658 1162 758 1191 τούτων
773 1164 843 1192 ἅντι-

74 1205 221 1242 κατέστησε
231 1206 292 1240 τοὺς
304 1206 375 1240 υἱοὺς
389 1209 484 1244 αὐτῶν,
498 1208 541 1241 οὓς
552 1210 566 1236 ὁ
579 1208 681 1243 Ἰησοῦς
693 1209 841 1248 περιέτεμε,

73 1251 117 1281 διὰ
141 1252 172 1282 τὸ
195 1252 315 1292 γενέσθαι
339 1253 432 1287 αὐτοὺς
454 1253 649 1294 ἀπεριτμήτους
675 1255 701 1283 ἐν
724 1256 758 1294 τῇ
780 1256 840 1295 ὁδῷ.

74 1297 144 1327 Τότε
161 1298 268 1335 ἐποίησε
283 1299 314 1328 τὸ
327 1299 428 1340 πάσχα.
443 1300 496 1329 Καὶ
515 1302 542 1329 ἐν
555 1302 588 1338 τῇ
603 1300 691 1340 ἡμέρᾳ
704 1296 723 1340 ᾖ
745 1300 840 1341 ἔφαγον

73 1344 162 1383 ἄζυμα
184 1345 237 1374 ἀπὸ
258 1348 303 1374 τοῦ
327 1345 400 1375 σίτου
422 1349 469 1381 τῆς
490 1348 539 1385 γῆς
559 1346 672 1382 ἐκείνης,
694 1346 796 1380 ἐξέλιπε
809 1348 840 1377 τὸ

73 1390 167 1428 μάννα.
182 1390 324 1420 Κελεύεται
336 1394 351 1420 ὁ
365 1391 467 1427 Ἰησοῦς
476 1393 555 1421 λῦσαι
567 1393 598 1422 τὸ
611 1392 736 1431 ὑπόδημα
749 1395 837 1429 αὐτοῦ,

70 1437 115 1466 καὶ
129 1438 264 1467 κυκλῶσαι
276 1437 325 1474 τὴν
347 1437 451 1477 Ἱεριχὼ
472 1437 539 1477 μετὰ
561 1437 715 1478 σαλπίγγων
732 1439 839 1475 καὶτῆς

69 1483 182 1513 κιὸωτοῦ
202 1483 303 1523 ἡμέρας
315 1483 392 1513 ἑπτά.
409 1480 451 1513 Off
463 1484 603 1523 γενομένου
628 1484 764 1523 αὒτόματα
776 1486 837 1515 ἔπε-

70 1540 116 1558 σον
138 1529 172 1558 τὰ
195 1529 282 1569 τείχη.
308 1530 394 1565 Δῆλον
419 1526 463 1559 οὖν
485 1532 525 1559 ὅτι
548 1530 637 1560 ἔκτοτε
660 1531 745 1571 ἀρχὴν
759 1531 838 1561 ἔλαὸε

70 1573 177 1603 λύεσθαι
200 1574 231 1604 τὸ
253 1575 385 1604 σάὸὅατον
395 1588 402 1594 ·
429 1575 486 1605 ὅθεν
511 1575 561 1616 γὰρ
589 1575 620 1604 ἂν
643 1575 755 1616 ἄρξηταί
779 1589 820 1611 τις
830 1600 837 1613 ,

70 1620 172 1659 ἀνάγκη
195 1620 226 1649 τὸ
247 1621 379 1651 σάὸὅατον
402 1622 526 1659 ἐμπεσεῖν
550 1622 578 1649 ἐν
599 1625 656 1654 ταῖς
677 1621 704 1655 ἓξ
717 1622 838 1662 ἡμέραις.

70 1666 140 1695 Τότε
164 1666 275 1701 σώζεται
299 1667 346 1705 μὲν
370 1670 387 1703 ἡ
411 1666 498 1696 Ῥαὰὸ
524 1666 591 1705 μετὰ
619 1669 666 1703 τῆς
688 1668 838 1707 συγγενείας

69 1713 159 1747 αὐτῆς,
168 1712 212 1741 καὶ
221 1713 287 1741 οἰκεῖ
298 1714 324 1742 ἐν
336 1715 374 1752 τῷ
384 1712 502 1752 Ἰσραὴλ,
514 1713 679 1753 ἐμπιπρᾶται
690 1713 717 1742 δὲ
731 1716 748 1749 ἡ
763 1713 838 1747 πόλις

69 1757 114 1786 καὶ
140 1757 375 1797 ἂναθεματίζεται,
407 1757 452 1788 καὶ
478 1758 648 1798 κατηράσατο
674 1759 777 1794 Ἰησοῦς
798 1761 837 1799 τῷ

68 1804 247 1842 οἰκοδομοῦντι
275 1804 367 1840 αὐτήν.
390 1803 522 1844 'Eas-sev
548 1805 578 1834 ἐκ
604 1807 650 1834 τοῦ
676 1805 837 1844 ἀναθέματος

67 1848 151 1889 Ἀχαρ
161 1872 168 1886 ,
188 1849 233 1879 καὶ
252 1852 364 1885 ἡττᾶται
382 1852 396 1879 ὁ
409 1849 472 1883 λαὸς
486 1850 643 1890 προσὸαλὼν
658 1851 734 1890 ἑτέρᾳ
747 1850 833 1880 πόλει.

67 1896 159 1924 Δεῖται
168 1898 214 1924 τοῦ
226 1897 296 1925 Θεοῦ
309 1896 419 1931 Ἰησοῦς,
433 1896 534 1926 κελεύει
548 1899 562 1925 ὁ
575 1896 643 1929 Θεὸς
654 1896 794 1936 ἐξαρθῆναι
806 1897 836 1926 τὸ

896 894 971 923 reges
982 884 1132 921 Phoenices,
1147 895 1191 913 eos
1204 885 1274 913 sicco
1285 884 1353 924 pede
1370 885 1524 914 transivisse
1536 885 1641 914 Jorda-

896 940 968 964 nem,
977 931 1108 966 exterriti,
1118 930 1287 970 perculsique
1296 938 1368 959 sunt.
1378 932 1457 960 'l'unc
1464 932 1542 961 Jcsus
1550 931 1642 971 jussus

896 976 990 1004 cultris
1004 975 1117 1015 lapideis
1128 975 1296 1005 circumcidit
1305 975 1425 1006 Judaeos.
1441 976 1511 1013 Quia
1526 977 1641 1015 quadra-

897 1022 968 1060 ginta
983 1022 1058 1050 annis
1068 1029 1189 1051 versatus
1202 1021 1287 1050 suerat
1302 1022 1382 1051 lsrael
1397 1022 1424 1050 in
1439 1022 1553 1059 deserto,
1569 1023 1641 1053 ideo-

895 1079 948 1106 que
960 1068 1038 1097 multi
1049 1079 1143 1097 corum
1154 1068 1326 1104 bellatorum,
1342 1068 1389 1106 qui
1407 1068 1538 1105 obierant,
1558 1070 1638 1098 incir-

895 1114 1005 1144 cumcisi
1031 1121 1120 1149 erant;
1145 1124 1194 1154 pro
1224 1113 1279 1142 illis
1305 1113 1442 1143 substituit
1472 1116 1545 1144 Deus
1568 1115 1639 1144 filios

894 1169 998 1196 eorum,
1014 1171 1082 1198 quos
1100 1161 1178 1189 Jesus
1196 1159 1376 1196 circumcidit,
1392 1159 1465 1197 quod
1481 1159 1534 1199 ipsi
1554 1161 1638 1190 incir-

894 1205 1006 1234 cumcisi
1020 1205 1176 1234 mansissent
1190 1205 1217 1234 in
1234 1205 1291 1234 via.
1311 1206 1388 1234 Tunc
1402 1206 1462 1234 fecit
1476 1206 1583 1245 pascha.
1601 1207 1637 1235 Et

894 1262 909 1280 a
928 1251 973 1280 die
993 1262 1046 1290 qua
1064 1248 1237 1281 comederunt
1254 1262 1346 1291 azyma
1362 1261 1395 1280 ex
1414 1251 1548 1281 frumento
1561 1259 1638 1281 terrae

893 1297 980 1334 illius,
996 1297 1092 1327 defecit
1109 1307 1217 1326 manna.
1233 1297 1349 1327 Jubetur
1365 1298 1443 1327 Jesus
1457 1297 1561 1327 solvere
1580 1298 1637 1327 cal-

893 1352 1059 1374 ceamentum
1072 1355 1162 1379 suum,
1171 1351 1197 1373 et
1207 1344 1323 1373 circuire
1331 1344 1439 1374 Jericho
1453 1355 1514 1374 cum
1529 1345 1600 1374 tubis
1611 1352 1637 1374 et

891 1401 952 1419 arca
965 1397 1065 1430 septem
1079 1389 1185 1419 diebus.
1201 1392 1262 1426 Quo
1276 1397 1393 1429 peracto,
1409 1400 1457 1429 per
1468 1401 1496 1418 se
1507 1390 1578 1419 muri
1591 1402 1636 1420 ce-

890 1436 1024 1465 ciderunt.
1037 1436 1210 1465 Manifestum
1223 1435 1312 1473 itaque
1325 1436 1428 1475 estjam
1442 1442 1505 1464 tunc
1518 1443 1635 1475 coeptum

892 1493 948 1511 esse
966 1482 1036 1511 solvi
1055 1482 1215 1511 sabbatum:
1233 1481 1420 1520 undecumque
1437 1482 1508 1511 enim
1526 1483 1635 1512 initium

892 1529 953 1567 quis
964 1528 1055 1564 ducat,
1075 1538 1179 1558 necesse
1199 1535 1238 1557 est
1255 1528 1396 1557 sabbatum
1410 1528 1528 1558 incidere
1546 1530 1575 1559 in
1588 1542 1636 1559 se-

892 1580 963 1613 ptem
977 1573 1038 1602 illos
1051 1573 1117 1602 dies.
1131 1574 1209 1603 Tunc.
1223 1580 1345 1602 servatur
1361 1573 1471 1612 quidem
1484 1575 1560 1604 Raab
1573 1587 1634 1605 cum

892 1620 1049 1659 cognatione
1072 1631 1130 1655 sua,
1155 1627 1180 1648 et
1198 1619 1302 1649 habitat
1321 1620 1349 1648 in
1368 1621 1461 1658 Israeli,
1484 1621 1636 1651 incenditur

892 1674 979 1696 autem
994 1667 1068 1702 urbs,
1083 1673 1109 1695 et
1121 1666 1287 1695 anathemate
1301 1666 1450 1705 percutitur
1463 1679 1469 1695 ι
1485 1668 1635 1698 maledixit-

891 1724 942 1752 que
952 1714 1030 1743 Jcsus
1042 1713 1066 1742 ei
1078 1713 1124 1752 qui
1138 1713 1213 1741 illam
1225 1713 1407 1741 reaedificaret.
1421 1714 1537 1742 Furatus
1551 1721 1634 1744 estex

891 1759 1056 1788 anathemate
1075 1758 1174 1793 Achar,
1190 1765 1215 1787 et
1235 1757 1352 1788 vincitur
1365 1758 1482 1798 populus
1495 1770 1633 1798 aggressus

890 1804 971 1833 aliam
992 1803 1096 1832 urbem.
1115 1805 1203 1833 Deum
1218 1810 1341 1843 precatur
1353 1803 1432 1832 Jesus
1446 1816 1452 1832 :
1463 1804 1541 1844 jubet
1559 1806 1633 1835 Deus

889 1850 949 1879 tolli
972 1850 1122 1879 anathema.
1142 1850 1330 1889 Deprehensus
1352 1856 1391 1878 est
1414 1850 1513 1886 Achar,
1530 1851 1632 1880 furtum

890 1895 1034 1932 detectum,
1052 1895 1188 1935 lapidatur
1201 1895 1290 1924 Achai·
1303 1906 1365 1924 cum
1383 1895 1447 1924 filiis
1463 1903 1490 1925 et
1511 1897 1630 1926 filiabus.

67 1941 194 1980 ἀνάθεμα.
218 1942 366 1982 Ἀνεδείχθη
380 1945 394 1971 ὁ
407 1941 508 1982 Ἄχαρ,
531 1942 648 1982 ἠλέγχθη
663 1943 694 1972 τὸ
713 1942 833 1982 κλέμμα,
850 1947 869 1970 C
890 1941 1024 1982 Pugnavit
1034 1942 1113 1971 Jesus
1126 1941 1268 1970 certamine
1282 1948 1308 1970 et
1325 1941 1395 1980 cepit
1407 1942 1519 1978 Gazam,
1540 1942 1632 1972 incen-

67 1987 238 2023 ἐλιθοὸολήθη
254 1987 322 2026 μετὰ
334 1989 386 2016 τῶν
401 1989 464 2017 υἱῶν
484 1988 529 2017 καὶ
549 1988 699 2028 θυγατέρων
712 1991 726 2018 ὁ
742 1988 834 2029 Ἄχαρ.

67 2032 261 2074 Ἀνεμαχέσατο
269 2034 374 2069 Ἰησοῦς
383 2033 432 2070 ἰ-ἡν
445 2033 544 2073 μάχην,
558 2034 603 2063 καὶ
614 2030 666 2063 εἷλε
675 2034 723 2071 τὴν
737 2034 834 2071 Γάζαν,

65 2144 146 2164 catur.
157 2139 205 2164 Hic
224 2147 283 2165 vcro
292 2140 418 2173 sequimur
434 2138 627 2172 Lugdunensem
646 2137 775 2164 Codicem.
789 2139 820 2162 In

65 2177 219 2203 Coisliniano
238 2183 323 2203 autem
334 2179 556 2203 Deuteronomium
572 2178 608 2202 ita
626 2175 717 2202 desinit
733 2186 739 2200 :
753 2181 783 2206 εἰς
794 2181 821 2203 τὸ

64 2219 116 2251 ὄρος
127 2215 234 2252 Ᾰουριὶμ,
243 2219 255 2243 ὁ
266 2221 304 2243 καὶ
313 2220 379 2243 Nomi&
389 2219 530 2250 ὶλέγετο,καὶ
542 2219 585 2243 εἶδε
596 2221 637 2246 τὴν
648 2222 689 2249 γῆν
700 2223 740 2246 τῆς
751 2220 822 2248 ἄπαγ-

64 2259 147 2288 ytaeus,
156 2260 193 2282 καὶ
203 2259 287 2288 miloni
296 2258 347 2284 τοὺς
359 2258 415 2285 υἱοὺς
426 2255 520 2290 lapathi,
530 2259 568 2282 καὶ
577 2258 672 2288 τελευτᾷ
679 2261 774 2285 Μωϋσῆς
784 2258 822 2280 καὶ

65 2298 183 2322 θάπτεται.

96 2341 107 2353 e
118 2333 194 2359 Liber
200 2334 275 2359 Josuc
287 2333 311 2358 in
323 2332 486 2367 Lugdunensi
496 2333 531 2358 sic
540 2333 629 2366 incipit
642 2342 648 2357 :
661 2333 735 2363 Ῐηαοῦς
747 2335 822 2359 καὶεῖ-

64 2385 102 2400 ται
112 2378 138 2400 τὸ
149 2377 246 2407 βιβλίον.
254 2375 377 2399 umam.

97 2420 109 2432 ¹
125 2413 165 2438 Jo.
176 2412 380 2446 Chrysostomus,
393 2411 435 2444 qui
445 2420 508 2443 saepe
517 2419 575 2436 cum
587 2410 681 2436 Iudaeis
690 2416 821 2436 concerta-

63 2450 123 2484 bat,
138 2453 246 2477 maxime
259 2460 317 2478 vero
335 2449 487 2481 Antiochiae,
506 2449 593 2483 legalia
612 2458 664 2475 non
677 2455 746 2474 tanta
762 2449 821 2474 reli-

63 2493 135 2526 gione
144 2499 158 2516 a
171 2491 294 2517 veteribus
308 2489 356 2515 illis
367 2488 500 2515 observata
516 2498 568 2515 esse
576 2509 583 2520 ‚
596 2495 691 2522 quanta
703 2487 822 2514 dicebant

63 2529 144 2556 Judaei
158 2531 195 2555 sui
205 2531 333 2563 temporis,
346 2538 410 2562 saepe
424 2528 532 2561 indicat;
548 2527 588 2553 hic
601 2534 685 2553 autem
697 2527 734 2553 ait
745 2529 821 2554 incir-

63 2570 186 2595 cumcisos
204 2569 294 2595 obiisse
305 2568 361 2594 illos
370 2589 376 2600 ‚
390 2567 432 2601 qui
444 2569 470 2593 in
482 2567 581 2593 deserto
593 2568 687 2592 mortui
701 2566 800 2592 fuerant
812 2588 819 2599 ,

889 1988 981 2028 ditque
997 2000 1004 2017 z
1018 1999 1049 2018 ac
1060 1988 1212 2018 ceciderunt
1226 1989 1254 2017 in
1264 1987 1464 2018 illacduodecim
1478 1990 1576 2028 millia;
1588 2002 1630 2020 re-

889 2045 1002 2074 gemque
1016 2034 1092 2063 urbis
1105 2033 1302 2074 suspenderunt
1316 2034 1344 2063 in
1362 2034 1446 2074 ligno.
1461 2036 1631 2065 Conveniunt

869 2143 895 2162 et
904 2146 963 2162 mox
971 2136 1063 2170 probat
1070 2136 1203 2162 sabbatum
1210 2145 1262 2162 non
1269 2137 1429 2162 observatum
1438 2137 1520 2169 fuisse,
1529 2138 1631 2171 quando

869 2182 965 2209 septem
976 2175 1064 2201 diebus
1074 2184 1132 2201 cum
1143 2184 1202 2200 arca
1211 2184 1296 2201 muros
1307 2176 1408 2201 ,Iericho
1418 2176 1559 2201 circuibant
1569 2186 1576 2209 3
1588 2186 1631 2202 ne-

870 2224 937 2240 cesse
948 2216 1040 2248 quippe
1051 2214 1125 2240 fuisse
1137 2216 1162 2239 in
1172 2214 1221 2240 illis
1233 2221 1327 2247 septem
1340 2214 1427 2240 diebus
1446 2214 1555 2240 incidere
1569 2216 1629 2240 sab-

871 2253 969 2279 batum.
982 2254 1024 2280 Sic
1036 2262 1111 2287 supra
1120 2254 1308 2279 Commentario
1321 2255 1346 2279 in
1358 2255 1449 2279 Isaiam
1460 2253 1491 2279 de
1501 2254 1629 2279 sacrifieiis

871 2295 967 2328 arguit,
985 2299 1010 2318 et
1021 2294 1164 2319 Commeat.
1182 2295 1208 2318 in
1226 2293 1337 2318 Psalmos
1353 2303 1379 2326 p.
1394 2294 1449 2324 ⁴50,
1463 2293 1494 2318 de
1511 2293 1558 2318 hac
1573 2295 1626 2326 ipsa

871 2341 898 2364 re
907 2331 1024 2365 loquens,
1038 2331 1090 2357 haec
1102 2331 1187 2358 habet:
1200 2335 1211 2358 ὁ
1222 2335 1245 2358 ’δέ
1256 2340 1300 2358 τῶν
1312 2335 1371 2359 ἑπτὰ
1389 2336 1479 2367 ἡμερῶν
1495 2336 1588 2367 ἀριθμὸς
1599 2337 1624 2358 τὸ

871 2375 981 2399 σάέὅατον
992 2376 1046 2405 ἡμῖν
1062 2374 1198 2407 προδιαλύει·
1212 2375 1236 2398 οὐ
1248 2377 1293 2407 γὰρ
1305 2377 1474 2406 προηγουμένως
1485 2374 1590 2399 ἐδόθησαν
1602 2375 1625 2397 αἱ

870 2414 972 2437 τοιαῦται
983 2414 1023 2437 τοῦ
1036 2416 1104 2443 νόμου
1116 2413 1213 2440 ὲντολαί,
1228 2410 1326 2443 Septem
1338 2415 1419 2433 aulem
1431 2410 1524 2433 dierum
1538 2418 1623 2433 nume-

871 2458 914 2474 rue
927 2449 981 2484 jam
999 2455 1059 2474 ante
1071 2449 1143 2473 nobis
1158 2449 1231 2473 soluit
1245 2448 1385 2473 sabbatum.
1403 2447 1465 2472 Non
1478 2449 1543 2472 enim
1558 2447 1624 2481 ejus-

871 2489 939 2514 modi
950 2489 1014 2523 legis
1022 2493 1150 2522 pra-cepta
1159 2488 1333 2521 principaliter
1342 2487 1403 2511 daza
1419 2492 1487 2512 sunl.
1500 2487 1561 2517 Quae
1584 2486 1623 2512 hic

871 2527 941 2562 lmge
961 2528 1051 2553 clarius
1071 2526 1235 2559 explicantur,
1254 2530 1343 2556 ἔκτοτε,
1357 2526 1438 2558 inquit
1446 2544 1453 2557 ,
1465 2530 1538 2560 ἀρχὴν
1556 2529 1622 2552 ἕλαὲε

872 2570 959 2593 λύεσθαι
970 2570 996 2592 τὸ
1007 2569 1123 2592 wissam-ou.
