1904 2840
115 573 253 600 Ζιιι“1ι.4.2.

114 613 169 633 —4‚

118 1123 169 1144 Ibit!
189 1131 209 1144 v.
218 1121 241 1144 5-

120 1278 172 1298 Act.
184 1275 257 1307 823⁰*

120 1307 159 1329 31.

119 1595 166 1618 257

120 1792 216 1823 Zach.4.
225 1794 259 1817 13.

126 1827 160 1853 ¹4.

131 2267 187 2288 lsai.
203 2272 236 2287 11.
248 2271 269 2286 1.

130 2303 152 2318 2.

259 172 331 219 974

767 180 939 204 EDl'rIONts
964 180 1125 205 mmsmAE
1149 180 1311 207 auritulus

259 255 344 283 neque
355 244 431 273 inane
444 242 701 282 eratjuramentum,
712 243 760 271 sed
774 254 869 274 verum
880 244 999 274 testimo·
1016 247 1035 270 Δ
1053 245 1119 273 Dei.
1127 245 1276 282 Quisnam?
1291 245 1342 275 Ille
1353 245 1498 286 multiplex
1511 246 1633 286 partibus
1641 246 1792 278 secundum

259 295 345 313 nium.
361 285 547 313 Juramentum
558 282 648 320 itaque
661 282 708 311 dat
720 293 768 322 per
776 294 874 319 semen,
884 290 910 313 et
923 284 1002 313 inter-

260 330 391 364 pretatur,
405 322 465 360 quis
483 322 517 350 sit
543 332 630 350 semen
658 334 664 350 z
689 322 789 358 Pone,
812 323 859 359 ait,
881 334 1001 352 manum

262 371 342 392 tuam
352 361 529 401 sub-femore
543 372 617 397 meo,
629 368 657 390 et
672 362 815 401 adjurabo
830 369 858 395 te
868 373 920 402 per
940 363 1001 391 Do-

262 405 372 432 minum
386 402 482 430 Deum
497 401 675 430 conditorem
690 402 754 430 coeli
767 409 795 430 et
810 409 903 431 terrae.
920 403 949 432 Si
965 402 1002 431 ita

262 443 307 478 sit,
325 441 452 470 Christus
472 440 635 480 Redemptor
656 448 744 470 noster
761 449 801 471 est
826 442 956 471 Dominus
978 448 1004 471 et

262 483 336 510 Deus
358 481 415 509 caeli
430 487 456 508 et
471 487 559 509 terrae.
581 480 645 520 Ideo
665 487 690 509 et
704 481 839 510 Zachariae
855 481 1002 521 prophetae,

264 531 325 550 cum
338 520 451 549 diversae
464 526 554 548 saneto
568 520 629 549 viro
650 520 768 550 visiones
780 522 854 550 factae
867 528 940 557 sunt,
952 521 1005 550 fuit

264 561 342 590 etiam
355 559 417 589 talis
424 559 552 589 revelatio
561 559 739 599 particularis.
750 563 869 597 Levavi,
879 560 926 596 ait,
936 571 1005 590 ocu-

265 601 308 629 los
322 610 410 635 meos,
426 605 454 628 et
464 599 540 635 vidi,
549 606 577 628 et
589 609 653 628 ecce
665 600 874 630 candelabrum
885 611 1005 630 aureum

268 646 368 674 totum,
380 646 409 668 et
421 645 528 677 septem
545 639 669 668 lucernoe
678 649 766 679 supra
781 640 1003 677 candelabrum,

264 686 292 708 et
300 686 406 718 septem
418 689 471 707 ora.
481 678 648 718 (infusoria)
662 679 856 716 lucernarum,
865 686 891 709 et
898 686 1005 718 septem

263 720 343 759 globi
362 720 476 748 accensi
490 718 674 757 (lampades),
688 725 717 747 et
730 729 749 747 a
762 720 867 749 dextra
887 726 916 748 et
937 721 1006 748 sini-

264 766 326 788 stra
348 760 406 788 duo
419 760 494 786 rami
508 758 661 787 olivarum.
684 759 725 788 Et
740 760 802 788 dixi
825 760 930 799 angelo
954 762 1006 800 qui

266 799 439 838 loquebatur
459 798 532 826 mihi
551 809 558 826 ε
581 798 719 834 Domine,
740 800 812 838 quid
832 800 896 828 hoec'
914 802 1004 829 sunt?

266 838 336 874 Quia
358 838 443 867 oeulis
459 838 511 866 alia
531 837 647 866 occurrit
669 838 754 874 visio,
776 845 802 867 et
822 839 1004 878 interpretatio
1020 844 1038 867 Β

265 878 317 906 alia
330 878 420 907 sutura
433 884 490 906 erat
507 880 576 916 (quae
589 877 660 906 enim
673 885 815 917 apparent,
831 889 883 908 non
898 889 926 908 se
946 879 1004 918 ipsa

265 917 426 956 significant,
440 916 488 946 sed
509 917 562 946 alia
581 916 772 954 subindicant),
786 917 929 958 interrogat
938 920 1005 958 pro—

265 957 344 996 pheta
359 969 365 984 :
381 957 517 992 Domine,
532 957 604 996 quid
616 957 678 986 hoec
695 960 782 986 sunt?
795 958 825 987 Si
840 958 874 987 de
891 958 1006 988 manife-

265 1003 332 1025 stato
354 997 548 1035 interrogasset,
564 1006 626 1034 ergo
641 1006 694 1024 non
708 996 889 1038 interrogabat
909 998 967 1033 rite,
983 998 1006 1027 si

266 1035 332 1065 adeo
346 1036 495 1075 ignorabat,
504 1035 570 1074 quid
584 1036 618 1064 sit
625 1035 825 1073 candelabrum,
837 1037 904 1076 quid
914 1037 1004 1066 olivae.

267 1075 320 1105 Sed
341 1075 435 1114 quaerit
458 1075 586 1115 propheta
601 1076 706 1114 assequi
720 1087 772 1105 non
794 1077 943 1113 manifesta,
959 1077 1007 1107 sed

268 1115 377 1144 illorum
401 1115 645 1155 interpretationes.
671 1116 793 1155 Namque
810 1116 877 1146 dicit
892 1129 898 1145 ι
929 1118 1008 1155 Quid

270 1156 331 1184 hoee
343 1156 428 1184 sunt?
441 1156 482 1184 Et
492 1154 612 1193 angelus
626 1155 697 1183 dicit
710 1157 747 1191 ei,
763 1157 832 1185 Non
846 1158 922 1186 nosti
936 1158 1008 1196 quid

269 1198 326 1223 sint
339 1196 400 1224 hoec
409 1198 421 1222 P
432 1196 473 1223 Et
491 1195 553 1230 ille,
571 1195 651 1230 Non,
667 1195 794 1225 domine.
816 1197 902 1226 Probe
911 1197 1008 1226 fatetur

269 1234 455 1272 ignorantiam,
472 1241 496 1263 et
505 1233 630 1263 edocetur
644 1244 657 1262 a
670 1235 792 1264 veritate.
815 1237 909 1265 Frater
920 1243 975 1266 erat
984 1243 1009 1265 et

270 1274 315 1302 hic
327 1275 454 1310 eunuchi,
470 1274 518 1312 qui
539 1284 553 1301 a
574 1273 699 1312 Philippo
726 1274 831 1304 audivit
845 1287 851 1303 ε
870 1277 948 1305 Num
965 1278 1009 1304 in-

272 1314 376 1353 telligis
384 1324 448 1352 quae
457 1314 549 1352 legis?
560 1313 595 1341 Et
605 1312 651 1341 ille
658 1313 811 1351 obsequenti
825 1315 923 1350 animo,
936 1317 1010 1354 Quo-

271 1354 356 1381 modo
371 1353 547 1392 intelligam,
561 1353 618 1380 nisi
632 1353 696 1391 quis
711 1363 756 1380 me
769 1354 880 1383 ducat?
895 1355 969 1384 Sicut
983 1362 1009 1384 et

269 1393 315 1421 hic
329 1392 404 1427 dicit,
419 1393 486 1421 Non
511 1393 587 1420 nosti
607 1392 681 1430 quid
698 1392 760 1420 haec
778 1396 868 1422 sunt?
889 1394 925 1423 Et
949 1394 1007 1430 ille,

270 1433 353 1468 Non,
369 1432 494 1460 domine.
507 1430 625 1467 Quinam
639 1438 701 1459 sunt
718 1431 772 1460 duo
782 1433 847 1461 rami
862 1433 1007 1470 olivarum,
1025 1438 1043 1462 C

270 1472 317 1510 qui
331 1482 346 1500 a
365 1470 459 1500 dextra
471 1477 497 1498 et
509 1470 616 1499 sinistra
631 1469 744 1498 luceruae
763 1471 837 1501 sint?
851 1472 901 1501 Ille
921 1480 1010 1502 autem

270 1511 457 1550 interpretatus
476 1516 515 1538 est
527 1519 614 1538 ramos
627 1508 760 1538 olivarum
772 1511 907 1550 simulque
920 1511 1010 1541 lucer-

270 1561 342 1585 nam,
357 1549 424 1588 quid
445 1549 489 1578 sit.

310 1589 425 1618 Attende
437 1588 587 1627 diligenter.
599 1590 719 1618 Lucerna
734 1590 820 1619 stabat
833 1590 858 1619 in
873 1590 974 1624 medio,
985 1597 1010 1620 et
1019 1591 1028 1600 “

270 1629 337 1658 rami
352 1629 465 1658 lucernae
483 1628 547 1657 hinc
573 1635 599 1657 et
612 1628 675 1657 inde
688 1629 868 1667 (adstabant).
893 1631 1011 1670 Angelus

270 1679 334 1697 vero
348 1679 434 1697 ramos
449 1668 637 1707 interpretatur
650 1678 702 1697 non
723 1669 793 1699 circa
813 1669 949 1699 lucernam
962 1670 1011 1700 ad-

270 1715 349 1744 stare,
363 1707 409 1736 sed
433 1718 521 1737 coram
541 1709 616 1745 Deo3
632 1707 667 1736 ita
682 1715 710 1737 ut
727 1709 835 1738 lucerna
856 1710 945 1748 figura
961 1710 1011 1740 Dei

271 1754 348 1783 esset,
364 1748 418 1776 imo
429 1747 517 1787 potius
528 1748 677 1776 servatoris
691 1749 939 1784 nostri,etcarnalis
952 1751 1011 1789 ejus

271 1787 485 1826 dispensationis.
497 1788 564 1816 Non
572 1789 655 1823 nosti,
666 1788 712 1822 ait,
723 1789 794 1827 quid
803 1790 861 1817 sint
871 1791 884 1816 Ρ
897 1790 937 1818 E't
947 1790 1008 1827 ille,

274 1827 350 1860 Νοη,
364 1827 490 1855 domine.
507 1827 549 1854 Hi
561 1827 619 1855 duo
638 1829 711 1855 rami
724 1834 792 1856 sunt
806 1829 864 1856 duo
873 1829 933 1867 filii
941 1832 1009 1867 pin-

271 1867 416 1902 guedinis,
430 1868 482 1905 qui
495 1872 575 1895 stant
589 1871 657 1895 ante
670 1867 827 1896 Dominum
839 1868 935 1897 Deum
951 1870 1012 1897 uni-

274 1916 361 1935 versae
380 1912 463 1934 terroe
476 1916 484 1932 .-
499 1916 551 1934 non
570 1913 629 1934 ante
648 1905 793 1943 lucernam,
812 1918 870 1946 quae
888 1915 1008 1947 apparet,

273 1944 319 1974 sed
333 1951 392 1974 ante
401 1946 559 1973 Dominum
571 1945 667 1973 Deum
678 1948 819 1975 universoe
826 1954 918 1976 ζειν-α’.
928 1949 1012 1987 Opor-

273 1991 310 2013 tet
321 1991 346 2012 et
354 1984 424 2013 illud
436 1991 584 2013 constanter
591 1985 746 2014 attendere⁸.
763 1987 869 2025 Septem
880 1987 1012 2016 luminum

273 2034 329 2051 esse
350 2022 417 2052 dicit
432 2024 566 2052 lucernam
579 2025 664 2061 [669]
678 2032 786 2064 propter
806 2026 938 2054 carnalem
957 2028 1012 2055 Do-
1030 2031 1049 2054 D

274 2062 341 2090 mini
366 2062 597 2101 dispensationem.
623 2064 700 2092 Verae
723 2065 792 2093 enim
815 2065 921 2093 lucerna
939 2068 1015 2102 (sive

275 2101 481 2137 candelabrum)
503 2112 564 2130 caro
583 2101 715 2131 dominica
737 2111 802 2139 erat,
824 2115 883 2142 quae
897 2105 1015 2144 Spiritus

276 2141 358 2169 saneti
370 2140 515 2179 gratiarum
529 2141 720 2181 (splendorem)
731 2143 929 2182 septemplicem
942 2154 1015 2173 rece-

278 2179 333 2218 pit;
358 2187 469 2219 propter
489 2180 644 2220 exemplum
662 2189 799 2216 nostrum,
819 2193 871 2210 non
893 2193 956 2212 vero
982 2183 1017 2212 ob

279 2219 398 2259 aliquam
412 2219 586 2259 indigentiam
598 2220 697 2248 suamb.
712 2220 787 2250 Sicut
800 2229 827 2250 et
839 2222 920 2250 Isaias
932 2222 1014 2251 dicit:

281 2259 456 2298 Egredietitr
469 2261 555 2298 virga
566 2260 602 2287 de
613 2260 711 2288 radice
719 2261 743 2289 J
743 2270 812 2296 esse,
826 2267 854 2289 et
853 2261 918 2302 flos
931 2262 1017 2302 efflo-

280 2304 374 2327 rescat
391 2300 428 2327 ab
440 2308 476 2327 ea
485 2321 493 2335 ,
508 2305 537 2327 et
547 2300 705 2338 requiescet
722 2309 808 2338 super
817 2311 882 2329 eum
895 2297 1018 2341 Spiritus

311 2399 322 2410 ²
335 2392 391 2415 Hoc
403 2390 499 2415 dictum
510 2390 666 2416 desideratur
677 2392 702 2416 in
714 2391 760 2418 Gr,

311 2431 324 2449 b
332 2430 447 2463 Propter,
461 2438 537 2463 usque
548 2430 581 2455 ad
593 2439 673 2462 suam,
680 2431 749 2455 deest
761 2432 786 2456 in
797 2431 842 2457 Gr.
856 2430 925 2458 Edit.

309 2475 319 2487 τ
331 2468 462 2502 Completa
475 2475 500 2494 et
513 2478 570 2495 vera
582 2469 670 2502 lecti03
684 2469 728 2494 ubi
741 2470 786 2495 Gr.
798 2470 866 2496 Edit.
884 2471 961 2496 babet
974 2478 1032 2497 tan·
1059 2474 1181 2505 Attende,
1193 2475 1324 2507 quomodo.

277 2513 330 2531 tum
350 2511 387 2533 καὶ
409 2510 466 2534 πολὺ
484 2514 513 2542 τῇ
530 2511 604 2543 φύσει,
616 2507 684 2541 quod
701 2515 803 2534 coactus
822 2516 860 2534 est
876 2511 912 2535 sic
930 2510 1034 2536 reddere

276 2546 438 2571 montfaucon
448 2556 454 2570 :
465 2553 489 2571 et
497 2553 589 2572 natura
598 2557 713 2582 magnus.

308 2584 318 2599 ‘¹
330 2585 374 2609 Gr.
394 2591 485 2618 septem
507 2586 671 2612 lucernarum.
692 2588 761 2612 Sicut
781 2594 806 2612 et
824 2589 849 2613 in
872 2590 1032 2623 sequentibus

1058 2400 1195 2420 cernuntur
1203 2395 1318 2428 quaedam
1328 2396 1400 2421 aliter
1409 2402 1484 2429 atque
1493 2395 1566 2422 aliter
1576 2406 1699 2430 expressa.

1050 285 1228 324 operationes,
1242 292 1268 314 et
1278 284 1380 314 do'num
1389 286 1446 315 sine
1459 286 1579 326 partibus
1590 286 1736 316 secundum
1747 297 1791 316 na-

1050 327 1161 352 turam‘.
1187 325 1355 364 Requiescet
1379 336 1466 365 super
1488 337 1553 355 eum
1578 327 1701 366 Spiritus
1721 327 1787 356 Dei.

1051 364 1109 392 Hoc
1119 362 1238 402 primum
1251 364 1286 393 de
1306 365 1453 394 substantia
1474 365 1591 405 Spiritus
1613 367 1695 395 sancti
1711 365 1788 402 dicit,

1051 403 1148 431 etenim
1161 403 1294 442 Spiritum
1312 404 1362 433 Dei
1376 411 1454 434 vocat
1470 415 1476 432 ι
1493 415 1542 444 per
1557 405 1693 444 sequentia
1713 416 1788 442 vero,

1052 442 1230 481 operationes,
1248 453 1315 482 quas
1327 444 1382 482 agit
1395 444 1423 473 in
1436 444 1547 480 caeteris,
1560 445 1691 484 Spiritum
1705 445 1791 473 nomi·

1053 488 1108 512 nat.
1124 482 1258 521 Spiritus,
1269 483 1318 519 ait,
1331 485 1483 523 sapientioe
1496 490 1525 513 et
1538 484 1715 519 intellectus,
1727 483 1802 523 spi-7

1053 523 1126 550 ritus
1149 523 1267 551 consilii
1277 529 1307 551 et
1317 524 1518 563 fortitudinis,
1531 523 1655 563 Spiritus
1666 524 1792 552 scientim

1053 567 1082 589 et
1090 563 1207 601 pietatis
1221 563 1339 603 (supple,
1346 563 1467 602 Spiritus
1479 565 1589 594 timoris
1598 564 1677 599 Dei).
1685 563 1790 602 Septem
1802 574 1863 597 [bid.
1872 575 1904 597 v.:

1055 602 1152 640 gratias
1166 602 1185 631 S
1206 602 1285 631 iritus
1302 602 1447 642 saneti,qui
1465 604 1598 642 requievit
1609 603 1670 639 (vel
1682 612 1742 641 quae
1750 612 1791 631 re-

1054 641 1181 679 quierunt
1201 652 1282 681 super
1303 643 1475 672 Dominicum
1485 641 1737 683 corpus‚asserit.1d
1749 640 1792 670 de-

1054 679 1164 710 lineatet
1170 680 1279 710 lucerna
1287 692 1334 711 sex
1346 685 1476 723 (septem)
1490 686 1624 712 ramorum
1634 681 1654 710 ³.
1663 680 1792 711 Ostendi-

1053 725 1099 748 tur
1108 720 1321 757 autemlucerna,
1332 729 1361 751 ut
1371 722 1518 751 manifestet
1526 722 1695 762 splendorem
1703 730 1793 760 opera-

1051 759 1157 788 tionum
1164 761 1280 800 Spiritus
1293 762 1387 791 sancti.
1403 763 1439 792 Ut
1451 769 1539 791 autem
1555 762 1638 802 magis
1645 766 1795 790 constanter

1053 799 1201 837 patefaciat,
1215 801 1296 840 paulo
1305 802 1416 831 inferius
1426 801 1508 831 dicit:
1522 802 1576 830 Illi
1586 809 1653 831 sunt
1665 801 1793 839 (septem)
1802 808 1904 840 Zach.4.

1055 839 1133 867 oculi
1140 839 1271 876 Domini,
1301 843 1331 870 ui
1337 843 1389 870 uni
1392 851 1503 870 versam
1513 849 1616 870 terram
1625 841 1791 879 respiciunt.

1094 878 1195 908 Viden’
1205 881 1216 894 ¹
1225 852 1298 918 quod
1312 888 1423 921 propter
1443 881 1574 910 universae
1587 888 1664 910 terrae
1674 880 1793 909 illustra·
1804 887 1861 912 259,

1054 916 1153 946 tionem
1173 919 1305 957 requievit
1322 927 1397 960 septu
1408 920 1463 950 ilex
1482 921 1566 959 gratia
1578 931 1625 960 per
1640 919 1795 959 exemplum
1901 926 1904 928 '

1055 957 1122 996 (vel
1135 957 1161 985 in
1175 958 1281 996 ligura)
1295 970 1326 988 su
1346 971 1375 989 er
1387 931 1552 989 dominicum
1566 971 1674 1000 corpus.
1691 961 1730 989 Ut
1743 969 1796 988 au-

1055 1003 1107 1025 tem
1119 996 1282 1027 luculentius
1295 1010 1308 1027 r
1343 999 1433 1035 datur,
1448 999 1599 1029 testimonio
1611 1007 1650 1029 est
1662 998 1796 1038 evangeli-

1055 1043 1094 1065 sta
1113 1048 1120 1064 :
1141 1036 1265 1075 Spiritus
1285 1045 1404 1068 sanctus
1425 1040 1523 1068 veniet
1541 1040 1573 1067 in
1593 1045 1636 1076 te,
1655 1045 1683 1067 et
1698 1041 1795 1067 virtus

1056 1076 1088 1104 A
1091 1076 1205 1105 ltissimi
1230 1078 1417 1108 adumbrabit
1439 1089 1525 1124 super
1548 1086 1584 1108 te.
1598 1079 1654 1108 Ubi
1678 1078 1796 1118 Spiritus

1056 1122 1161 1144 sanctus
1170 1124 1234 1154 erat,
1244 1124 1269 1146 et
1283 1118 1370 1148 virtus
1387 1119 1518 1148 Altiss1mi
1534 1119 1568 1148 ab
1589 1118 1648 1158 ipso
1663 1118 1796 1158 principio

1057 1155 1156 1184 divinae
1169 1158 1359 1197 conceptionis,
1370 1158 1437 1197 quid
1448 1169 1516 1198 opus
1526 1165 1580 1188 erat
1593 1166 1682 1199 postea
1695 1165 1795 1198 septem

1057 1195 1192 1225 actionum
1205 1197 1342 1236 Spiritus?
1356 1199 1431 1228 Sicut
1439 1206 1464 1228 et
1476 1198 1660 1230 haereticorum
1667 1197 1796 1237 discipuli

1058 1235 1252 1274 obloquuntur,
1273 1237 1400 1274 dicentes,
1413 1237 1490 1277 quod
1500 1245 1560 1283 post
1572 1238 1736 1278 baptismum
1749 1238 1796 1266 de-

1058 1285 1133 1303 mum
1144 1275 1242 1315 dignus
1258 1277 1343 1306 factus
1354 1284 1393 1306 est
1406 1278 1440 1306 ad
1452 1278 1619 1318 accipiendas
1632 1277 1797 1323 operationes

1059 1314 1176 1353 Spiritus
1189 1316 1283 1345 sancti.
1297 1318 1390 1355 Neque
1403 1328 1450 1346 nos
1463 1328 1602 1357 negamus,
1616 1328 1681 1356 quin
1695 1317 1799 1347 venerit

1059 1359 1122 1382 tunc
1145 1355 1263 1393 Spiritus
1272 1378 1279 1391 ,
1300 1356 1345 1385 sed
1369 1357 1438 1386 sicut
1459 1358 1516 1396 ipse
1537 1358 1697 1396 evangelista
1716 1357 1797 1393 dicit,

1059 1392 1151 1430 Super
1173 1404 1257 1433 quem
1279 1396 1395 1425 videbis
1413 1397 1549 1435 Spiritum
1563 1397 1757 1435 Jdescendere‚
1769 1402 1799 1424 et

1060 1434 1205 1470 quiescere
1218 1444 1304 1473 super
1317 1445 1393 1469 eum,
1415 1436 1467 1464 ille
1485 1442 1527 1464 est
1540 1449 1548 1463 .·
1564 1442 1592 1464 et
1610 1447 1662 1475 ego
1681 1437 1754 1472 vidi,
1770 1441 1799 1464 et

1061 1477 1165 1508 testor,
1180 1475 1251 1511 quia
1268 1475 1322 1502 iste
1343 1481 1385 1503 est
1404 1475 1501 1504 Filius
1521 1476 1588 1504 Dei.
1605 1474 1798 1514 Viden'-,quod

1059 1517 1168 1549 propter
1177 1513 1359 1543 testimonium
1368 1514 1450 1549 venit,
1464 1524 1516 1543 non
1530 1521 1618 1543 autem
1632 1514 1667 1543 ad
1679 1514 1799 1554 indigen-

1059 1550 1124 1578 tiam
1134 1550 1253 1590 aliquam
1263 1553 1440 1592 supplendam
1449 1553 1464 1582 ?
1474 1554 1600 1587 intende,
1612 1554 1746 1593 quomodo
1758 1564 1799 1583 se-

1060 1589 1145 1629 ipsam
1159 1591 1275 1631 explieat
1288 1593 1396 1628 veritas,
1411 1603 1497 1631 neque
1514 1600 1573 1633 eget
1591 1593 1715 1624 humanis
1734 1604 1799 1624 con-

1060 1629 1139 1658 siliis.
1162 1633 1216 1660 Isti
1236 1638 1316 1668 sunt,
1331 1632 1378 1668 ait,
1414 1635 1445 1662 ui
1456 1639 1536 1661 stant
1550 1639 1619 1661 ante
1639 1634 1799 1663 Dominum

1061 1671 1203 1700 universoe
1222 1677 1322 1708 terroe,
1341 1644 1483 1702 zaczarias
1503 1672 1649 1702 Dominum
1667 1674 1798 1703 universae

1061 1715 1137 1738 terrae
1160 1718 1236 1740 vocat
1247 1711 1416 1741 Servatorem
1434 1712 1580 1741 secundum
1596 1713 1728 1742 carnalem
1740 1713 1796 1742 dis-

1061 1750 1251 1788 pensationem.
1272 1752 1366 1781 Petrus
1382 1752 1457 1789 (sic)
1471 1751 1631 1791 loquebatur
1650 1763 1712 1782 cum
1730 1754 1798 1782 Cor-

1061 1790 1143 1826 nelio,
1158 1797 1239 1829 caput
1252 1791 1372 1820 omnium
1390 1791 1602 1831 ”apostolorum
1614 1793 1686 1830 Nos,
1700 1792 1799 1831 inquit,
1811 1797 1904 1819 Act.1o.

1061 1830 1168 1858 scimus
1187 1832 1320 1867 verbum,
1335 1832 1415 1875 quod
1424 1832 1545 1871 jactum
1557 1838 1598 1860 est
1611 1835 1641 1860 in
1653 1838 1715 1861 tota
1728 1833 1801 1861 ‘’Ju-

1061 1869 1135 1898 daea.
1155 1870 1209 1906 Qui
1226 1870 1301 1909 prius
1317 1870 1440 1907 dixerat,
1462 1871 1562 1900 Jesum
1580 1872 1617 1900 de
1632 1872 1800 1908 Nazareth,

1062 1919 1147 1946 quem
1161 1912 1247 1938 unxit
1257 1910 1335 1939 Deus
1348 1910 1457 1948 Spiritu
1466 1917 1580 1941 sancto.
1597 1911 1702 1940 Ibidem
1713 1911 1778 1941 dicit
1792 1924 1800 1941 t

1063 1948 1189 1977 Verbum
1211 1950 1292 1988 quod
1309 1951 1386 1978 misit
1409 1951 1488 1979 Deus
1510 1952 1552 1979 ad
1566 1953 1802 1980 annuntiandam
1812 1957 1901 1980 Ibida.

1061 1998 1162 2026 pacem
1169 1988 1240 2026 filiis
1254 1989 1349 2018 Israe'l
1376 1991 1435 2018 Hic
1447 1996 1488 2019 est
1499 1994 1628 2020 omnium
1638 1991 1769 2020 Dominus
1776 1990 1801 2028 α,
1813 1987 1852 2011 3⁶·

1065 2027 1208 2056 caelestium
1221 2035 1246 2057 et
1258 2029 1423 2058 terrestrium
1437 2036 1463 2058 et
1475 2030 1720 2063 subterraneorum,
1736 2030 1804 2060 visi-

1063 2066 1162 2095 bilium
1174 2074 1200 2095 et
1212 2067 1389 2096 invisibilium
1401 2069 1458 2108 ipse
1469 2075 1507 2098 est
1520 2070 1660 2099 Dominus.
1675 2070 1726 2100 Cui
1741 2080 1804 2099 con-

1065 2113 1141 2134 sonat
1162 2113 1188 2134 et
1208 2107 1323 2136 Joannes
1347 2107 1460 2136 dicens:
1480 2109 1538 2146 Qui
1554 2110 1591 2137 de
1608 2110 1680 2138 coelo
1701 2111 1804 2146 venit,
1816 2115 1904 2140 Joanj}

1068 2155 1153 2184 super
1166 2155 1264 2174 omnes
1275 2152 1327 2174 est.

1108 2185 1240 2214 Caeterum
1262 2195 1349 2224 operae
1370 2186 1489 2225 pretium
1500 2186 1570 2216 duco
1581 2194 1606 2216 et
1619 2188 1728 2217 alteram
1741 2198 1806 2218 con-

1068 2225 1213 2253 tentionem
1231 2224 1418 2254 haereticorum
1432 2226 1546 2263 solvere,
1562 2227 1609 2265 qui
1623 2227 1715 2266 iniquo
1729 2238 1808 2257 sensu

1070 2263 1183 2292 audiunt
1203 2264 1319 2302 apostoli
1337 2264 1451 2300 dictum,
1474 2266 1552 2304 quasi
1571 2277 1634 2296 vero
1651 2267 1726 2296 velut
1741 2278 1810 2308 prae-

1070 2303 1153 2332 mium
1166 2303 1302 2342 quoddam
1317 2315 1367 2344 pro
1380 2315 1458 2334 cruce
1479 2306 1609 2345 acceperit
1625 2317 1705 2346 super
1719 2317 1809 2337 omnes
1819 2312 1876 2335 264.
1893 2313 1904 2345 „f

1895 2375 1904 2426 ij

1887 2556 1904 2731 ἐ

1089 2442 1100 2453 a
1111 2434 1208 2459 Abhinc
1219 2434 1369 2460 detruncata
1381 2442 1419 2461 est.
1438 2436 1513 2462 lectio
1522 2430 1579 2462 fGr.
1598 2436 1667 2462 Edit.
1686 2447 1761 2471 usque
1779 2438 1813 2463 ad

1093 2514 1106 2532 ¹¹
1121 2513 1241 2539 Omnium
1253 2513 1323 2538 deest
1335 2513 1360 2538 in
1368 2515 1415 2540 Gr.

1089 2559 1100 2571 ¹·-
1115 2552 1179 2576 Tola
1187 2552 1256 2577 deest
1265 2552 1306 2577 hic
1315 2554 1340 2578 in
1347 2553 1402 2583 Gr.¹
1409 2553 1453 2578 sed
1464 2553 1599 2587 replicatur
1607 2555 1693 2588 paullo
1702 2556 1814 2582 insertus.

1090 2591 1103 2610 ἃ
1115 2591 1158 2616 Gr.
1170 2591 1238 2616 Edit.
1250 2592 1357 2625 amplius
1368 2591 1453 2617 habet.
