1904 2840
111 363 166 383 Luc.
173 360 248 391 1334.

262 206 330 242 880

860 215 944 238 OPUS
969 214 1068 238 IMPER
1074 214 1206 238 FECTUM

257 280 398 313 camelum,
409 277 486 307 sacile
499 283 555 306 erat
567 287 616 316 per
628 277 746 306 foramen
760 286 823 306 acus
832 276 955 313 transire,
967 276 998 306 id
1017 279 1037 302 Δ
1054 277 1109 306 brae
1123 277 1312 307 intraverunt?
1326 277 1399 317 Ergo
1412 277 1440 313 in
1453 276 1582 319 injuriam
1592 284 1667 308 tuam
1680 288 1733 309 uon
1747 289 1795 309 uos

258 327 308 355 est,
329 329 376 358 per
396 323 538 356 angustum
552 317 661 352 ostium,
675 316 709 345 de
722 327 774 355 quo
794 317 922 356 scriptum
937 323 977 345 est
991 328 998 345 z

261 358 432 389 contendite
445 358 555 385 intrare
566 366 619 395 per
628 363 784 395 angustum
795 358 911 385 ostium.
923 357 997 393 Qua-

260 399 307 428 re?
321 397 391 434 Quia
400 396 487 425 omnis
496 395 602 434 cultura
610 396 728 434 gentium
737 406 807 425 vana
820 402 845 424 et
857 396 999 425 irrationa-

257 438 321 467 bilis
331 444 394 465 erat.
406 438 427 465 A
435 436 541 464 cultura
546 442 634 464 autem
644 435 822 464 irrationabili
831 435 951 465 homines
961 446 999 464 ra-

258 476 402 506 tionabiles>
413 485 464 504 non
484 481 540 504 erat
558 475 647 513 magni
664 475 764 504 laboris
780 475 816 504 ad
828 475 932 504 cultum
947 475 998 504 Dei

258 516 316 546 vivi
328 521 490 545 convertere.
504 515 539 543 Et
555 514 577 543 si
592 521 680 553 gentes
694 525 755 543 cum
768 521 840 544 tanto
856 515 947 544 labore
964 514 999 543 ab

258 554 486 585 irrationabilibus
494 553 606 583 deorum
614 564 724 582 suorum
732 553 900 584 divelluntur
911 554 1000 584 cultu-

185 604 249 621 οδω
259 596 294 624 ris
308 607 315 624 :
328 601 427 633 quanto
441 593 527 632 magis
546 592 634 623 Judaei
654 593 793 622 difficilius
809 594 964 623 evelluntur
983 605 999 623 a

110 1824 195 1846 Mauh.
213 1824 247 1847 16.

113 1861 138 1886 17
145 1872 149 1876 .

259 634 463 664 rationabilibus
477 634 525 662 Dei
542 632 676 662 culturis?
694 633 758 662 Ideo
767 632 838 663 dixit
849 646 855 663 :
866 634 999 662 Facilius

258 681 301 703 est
320 674 463 703 camelum
475 673 670 713 perforamen
685 683 755 701 acus
766 675 899 708 transire,
910 683 998 713 quam

258 714 376 744 divitem
393 715 503 742 intrare
521 714 553 741 ἰη,
567 722 688 751 regnum
701 712 846 741 caelorum.
860 713 909 742 25.
930 713 999 742 Tur-

259 755 321 782 bati
338 759 436 782 autem
453 757 522 781 sunt
541 752 676 790 discipuli
693 753 765 791 ejus,
782 752 909 781 dicentes
929 765 937 780 :
957 753 998 781 Et

259 794 323 832 quis
334 798 428 831 potest
435 791 535 820 salvus
542 791 608 830 fieri
615 794 628 819 Ρ
640 792 689 821 26.
707 792 816 830 Quibus
826 792 973 830 respondit
989 803 995 820 :

258 833 352 871 Apud
359 833 488 860 homines
496 831 551 859 hoc
561 831 735 869 impossibile
744 837 787 859 est
798 843 803 859 :
814 832 894 870 apud
905 834 999 860 Deum

258 878 356 900 autem
371 872 469 900 omnia
479 870 631 909 possibilia
642 877 717 899 sunt.
733 871 770 899 Et
781 881 853 906 vere,
869 877 999 908 quantum

257 911 292 940 ad
305 911 438 947 homines,
459 916 485 939 et
499 909 654 944 incredibile
668 917 693 938 et
707 909 872 949 impossibile
885 909 937 938 fuit
950 920 998 949 po—

257 951 354 990 pulum
367 952 384 981 J
387 950 523 979 udaeorum
536 959 612 989 posse
623 949 733 985 salvari,
746 949 793 987 qui
808 956 867 989 post
881 956 919 978 tot
933 959 997 988 pec-

257 998 314 1019 cata
328 997 436 1019 actuum
454 989 620 1027 iniquorum,
638 996 700 1032 post
715 995 801 1018 tantas
819 988 997 1025 idololatrias,

257 1037 317 1075 post
328 1036 367 1058 tot
379 1029 571 1074 prophetarum
589 1028 743 1065 occisiones,
760 1028 904 1058 novissime
920 1028 1001 1058 etiam

257 1080 347 1114 lpsum
360 1071 507 1098 Dominum
520 1067 579 1097 caeli
593 1074 619 1096 et
631 1074 707 1096 terrae
720 1074 850 1106 quantum
864 1067 897 1096 ad
911 1078 939 1097 se
952 1078 1000 1097 oc-

259 1108 381 1138 c1derunt
402 1112 413 1138 :'
427 1107 474 1138 sed
491 1106 565 1148 apud
584 1109 671 1136 Deum
691 1107 817 1147 possibile
832 1107 931 1136 factum
949 1114 998 1136 est.

259 1149 393 1186 Quoniam
400 1142 494 1177 'autem
509 1146 637 1187 possibile
652 1147 702 1175 fnit
716 1148 773 1175 Deo
787 1147 891 1176 salvare
903 1147 920 1177 J
923 1146 1001 1175 uda'i'-

259 1199 320 1217 cum
332 1188 474 1232 populum,
485 1187 583 1216 multas
593 1186 618 1214 in
628 1187 684 1226 lege
691 1186 800 1215 divitias
808 1186 997 1226 possidentem,

259 1227 424 1256 credentium
448 1228 464 1257 J
467 1226 604 1255 udaeorum
627 1225 772 1254 multitudo
792 1232 902 1254 testatur
911 1248 918 1262 ,
928 1234 931 1237 ¹
943 1226 1000 1255 sive

259 1278 308 1306 per
322 1267 411 1305 ipsum
426 1266 576 1300 Christum,
589 1265 645 1294 sive
659 1275 708 1304 per
727 1265 932 1304 apostolos'ejus
945 1277 951 1294 :
970 1272 1000 1294 ut

258 1306 383 1336 bonitatis
394 1306 469 1334 illius
484 1304 667 1343 investigabile
681 1304 789 1344 pelagus
801 1304 915 1333 humana
929 1305 999 1334 aesti-

259 1346 341 1375 matio
352 1355 403 1373 non
418 1343 610 1384 apprehendat,
624 1343 672 1372 sed
682 1343 750 1372 victa
761 1343 883 1373 miretur.
898 1345 998 1373 Tamen

259 1386 323 1425 quia
335 1384 406 1413 dixit
419 1383 559 1418 Dominus,
570 1383 662 1421 Apud
669 1384 798 1412 homines
806 1384 861 1412 hoc
870 1385 1000 1423 impossi-

260 1425 318 1455 bile
329 1430 382 1460 est,
408 1430 537 1462 quantum
558 1421 592 1450 ad
611 1422 756 1451 humanam
778 1429 910 1459 naturam,
925 1423 997 1461 apud

258 1466 346 1494 Deum
359 1470 446 1492 autem
461 1462 587 1502 possibile
606 1473 612 1490 :
627 1472 686 1490 ecce
698 1462 787 1491 subito
802 1462 932 1491 excitatur
945 1464 999 1492 Pe-

259 1511 327 1537 trus,
341 1513 409 1533 unus
420 1502 454 1530 de
465 1501 566 1541 populo
577 1500 672 1535 divite,
687 1507 712 1529 et
723 1512 756 1530 cx
767 1512 878 1540 persona
888 1502 999 1532 difficile

258 1543 421 1573 credentium
429 1542 445 1571 J
449 1541 594 1575 udaeorum,
603 1547 628 1568 et
637 1540 732 1569 clamat
742 1540 818 1579 quasi
828 1541 901 1570 testis
911 1549 1000 1581 poten-

258 1583 301 1612 tiae
314 1583 364 1612 Dei
379 1582 507 1616 factus‚et
519 1580 656 1610 confirmat
667 1580 768 1609 Christi
784 1581 996 1620 promissionem,

259 1629 284 1652 et
293 1622 359 1651 dicit
368 1633 374 1650 :
384 1622 432 1649 97.
443 1623 454 1636 ³
462 1622 540 1649 Ecce
552 1629 603 1648 nos
613 1620 783 1658 reliquimus
791 1622 901 1657 omnia,
915 1627 944 1650 et
955 1632 998 1650 se-

258 1664 343 1702 quuti
356 1670 453 1691 sumus
463 1666 490 1688 te
504 1672 512 1688 .·
525 1659 598 1700 quid
606 1669 671 1698 ergo
683 1660 737 1687 erit
749 1660 852 1688 nobis?
865 1660 999 1696 Quoniam

258 1709 346 1731 autem
357 1700 447 1738 etipse
458 1701 552 1729 Petrus
559 1705 584 1727 et
595 1708 684 1727 omnes
693 1698 806 1737 apostoli
815 1706 840 1728 et
846 1699 932 1728 caeteri
942 1710 999 1729 cre-

259 1741 380 1770 dentium
399 1738 554 1769 Judaeorum
571 1745 659 1766 contra
681 1737 886 1782 possibilitatem
905 1738 999 1768 huma-

258 1791 320 1809 nam
333 1790 382 1820 per
396 1778 445 1807 Dei
477 1779 603 1808 otentiam
615 1776 786 1806 crediderunt
805 1777 832 1805 in
846 1777 998 1814 Christum,

259 1820 315 1859 ipse
327 1826 437 1848 testatur
449 1789 539 1847 dicens
550 1816 584 1846 ad
594 1818 702 1846 Petrum
715 1829 720 1844 :
731 1817 839 1846 Beatus
847 1827 887 1854 es,
898 1817 998 1846 Simon

260 1861 321 1888 Bar
340 1860 431 1892 Jona,
449 1859 520 1897 quia
531 1866 599 1885 caro
613 1862 642 1884 et
653 1857 771 1894 sanguis
786 1866 845 1884 non
859 1857 999 1886 revelavit

260 1901 323 1934 tihi,
333 1899 385 1928 sed
394 1899 485 1927 Pater
498 1906 577 1925 meus
591 1896 641 1935 qui
650 1896 681 1922 in
693 1894 771 1923 caelis
781 1902 832 1925 est.
846 1897 940 1926 Sermo
949 1896 999 1926 iste

259 1938 382 1967 convenit
395 1937 429 1966 ad
441 1946 542 1972 omnes,
560 1942 588 1964 ut
601 1933 715 1973 singulis
729 1933 941 1974 quibuscumque
955 1935 998 1964 di—

260 1984 334 2006 catur
345 1989 352 2005 :
365 1976 499 2013 Quoniam
504 1975 597 2004 beatus
605 1984 632 2002 es
641 1980 682 2009 tu,
689 1974 750 2011 quia
762 1984 813 2002 non
822 1975 951 2004 revelavit
957 1985 999 2004 ca-

261 2027 290 2045 ro
304 2023 330 2045 et
343 2016 451 2055 sanguis
463 2015 524 2051 tibi,
541 2013 588 2042 sed
599 2014 675 2042 Pater
682 2023 756 2041 meus
766 2013 813 2051 qui
826 2014 854 2042 in
864 2014 936 2043 caelis
949 2021 996 2044 est.

261 2056 310 2087 28.
329 2057 415 2084 Jesus
433 2060 531 2083 autem
542 2054 618 2081 dixit
631 2053 671 2080 eis
688 2064 695 2079 :
712 2053 809 2081 Amen
823 2054 887 2082 dico
901 2055 996 2091 vobis,

261 2095 341 2134 quod
346 2104 410 2130 vos,
416 2095 466 2132 qui
474 2093 588 2132 sequuti
596 2092 662 2120 estis
669 2102 724 2128 me,
732 2094 762 2120 in
769 2095 996 2160 reiffeneratione,

262 2144 328 2163 cum
341 2134 445 2162 sederit
459 2133 555 2161 Filius
565 2132 689 2160 hominis
709 2133 740 2158 in
758 2142 788 2160 se
811 2134 998 2172 evmajeslatis

261 2184 330 2208 suoe,
339 2173 473 2202 sedebitis
479 2177 564 2199 etvos
572 2180 656 2209 super
663 2171 742 2199 sedes
751 2171 913 2208 duodecim,
920 2173 999 2211 judi—

262 2219 361 2242 cantes
374 2212 526 2241 duodecim
539 2210 629 2239 tribus
643 2210 745 2238 Israel.
762 2212 894 2239 Futurum
909 2218 998 2240 autem

260 2259 327 2288 erat,
337 2258 364 2280 ut
372 2252 399 2280 in
405 2251 448 2280 die
455 2250 553 2289 judicii
563 2248 751 2288 responderent
759 2251 775 2279 J
779 2250 844 2278 udaei
857 2263 863 2278 :
873 2251 997 2289 Domine,

261 2302 313 2321 non
329 2298 355 2320 te
363 2290 538 2330 cognovimus
546 2289 647 2318 Filium
657 2288 706 2317 Dei
717 2288 743 2316 in
753 2299 863 2328 corpore
870 2291 999 2320 constitu-

262 2338 329 2360 tum.
337 2330 406 2366 Quis
414 2329 483 2358 enim
489 2328 629 2358 hominum
635 2327 726 2357 videre
734 2330 834 2367 poterat
844 2330 998 2359 thesaurum

262 2371 288 2399 in
295 2378 364 2399 terra
369 2368 574 2398 absconditum?
584 2367 666 2397 solem
673 2367 698 2395 in
709 2368 780 2396 nube
793 2368 927 2398 celatum?
939 2370 1000 2408 quis

260 2409 444 2449 suspicabatur
450 2408 554 2437 stellam
562 2408 716 2436 matutinam
723 2408 794 2436 nasci
801 2417 882 2447 super
889 2410 999 2438 terram?

262 2450 322 2488 quis
335 2449 446 2488 putabat
458 2447 609 2484 mulierem,
619 2457 678 2485 quae
688 2447 784 2476 clausit
794 2447 959 2486 paradisum,
971 2455 1000 2477 ut

262 2499 339 2518 nemo
353 2488 462 2517 intraret
475 2487 502 2516 in
520 2497 591 2521 eum,
608 2493 637 2515 ut
658 2486 714 2526 ipsa
729 2486 805 2515 fieret
825 2487 909 2525 prima
923 2495 999 2526 porta

262 2527 390 2568 paradisi,
405 2534 435 2556 ut
448 2538 495 2567 per
507 2527 581 2556 illam
590 2526 638 2555 lux
650 2525 768 2565 prodiret
779 2536 825 2566 per
837 2537 917 2563 quam
927 2534 999 2556 tene-

1053 316 1163 356 impulit
1175 316 1342 347 contumacia
1355 317 1454 353 cordis,
1467 317 1516 347 sed
1529 317 1634 358 decepit
1646 318 1796 348 considera-

1054 356 1092 384 tio
1105 356 1200 385 caruis.
1216 357 1274 386 Vos
1288 356 1482 396 respondebitis
1494 358 1532 387 eis
1545 370 1552 387 ι
1567 358 1604 387 Et
1617 367 1664 387 nos
1674 357 1795 387 homiues

1053 395 1154 424 fuimus
1171 396 1240 425 sicut
1256 403 1283 425 et
1302 407 1366 432 vos,
1388 396 1503 425 similem
1523 397 1649 426 habentes
1666 397 1793 434 animam,

1053 435 1227 474 eamdemque
1248 435 1335 464 caruis
1354 442 1488 473 naturam,
1509 443 1534 466 et
1554 437 1583 465 in
1603 447 1658 466 uno
1675 437 1795 466 viximus

1053 474 1167 511 mundo,
1182 474 1282 504 eisdem
1290 475 1450 504 factionibus
1463 475 1644 505 mundialium
1650 475 1796 516 spirituum

1053 514 1231 553 periclitantes
1236 537 1243 551 ‚
1251 514 1316 560 ipsis
1326 515 1536 554 protectionibus
1542 515 1592 544 Dei
1600 515 1687 556 adjuti
1695 528 1701 544 :
1710 515 1737 544 in
1743 515 1796 544 hoc

1054 554 1134 582 etiam
1147 564 1195 583 vos
1206 554 1329 583 meliores
1343 554 1431 584 fuistis
1442 554 1530 591 nobis,
1543 555 1669 593 quoniam
1681 565 1729 584 nos
1742 554 1796 583 fui-

1053 603 1114 622 mus
1133 593 1253 623 homines
1272 601 1422 634 peccatores
1441 600 1467 623 et
1487 594 1592 630 rustici,
1606 602 1634 623 et
1645 595 1755 624 obscuri
1767 594 1796 623 in

1052 632 1141 672 plebe,
1152 643 1201 663 vos
1212 640 1300 663 autem
1310 633 1459 663 sacerdotes
1468 640 1495 662 et
1506 633 1610 670 scrihae‚
1622 641 1647 663 et
1659 634 1796 674 principes

1052 672 1156 711 populi.
1172 673 1227 702 Nos
1245 673 1324 702 illum
1345 683 1502 713 cognoscere
1518 673 1657 713 potuimus
1674 673 1795 702 homiues

1053 719 1203 750 peccatores
1222 719 1247 741 et
1261 713 1353 742 rustici
1370 725 1377 741 τ
1391 720 1417 742 et
1430 724 1479 743 vos
1496 723 1559 742 eum
1572 723 1731 752 cognoscere
1742 722 1796 742 uon
1814 740 1816 742 ,

1053 751 1177 790 potuistis
1189 752 1336 781 sacerdotes
1349 759 1375 782 et
1387 752 1491 789 scribae,
1507 752 1554 791 qui
1566 752 1704 781 habebatis
1718 752 1794 782 Scri-

1052 798 1145 830 pturas
1158 802 1213 831 prae
1226 792 1312 820 oculis
1325 792 1422 821 vestris
1434 792 1512 830 qnasi
1526 791 1662 831 lampades
1675 798 1701 821 et
1714 792 1794 821 semi-

1052 831 1114 859 tas?
1126 832 1181 860 Nos
1193 838 1334 870 antequam
1346 831 1482 861 mirabilia
1495 832 1554 872 ejus
1568 831 1734 868 videremus,
1750 832 1794 860 iu‘-

1052 870 1206 900 telleximus
1218 881 1277 899 eum
1300 883 1307 899 :
1322 881 1371 901 vos
1390 877 1479 900 autem
1501 871 1546 901 vel
1566 878 1626 910 post
1645 871 1796 901 testimonia

1052 910 1345 939 cunctarumvirtutum
1354 910 1502 950 intelligere
1510 920 1562 939 uon
1572 911 1698 950 poteratis
1704 910 1718 939 ?
1725 910 1797 947 Quo-

1053 949 1133 978 modo
1139 956 1241 988 poterat
1248 949 1317 986 fieri,
1328 956 1356 978 ut
1364 960 1430 990 pene
1436 956 1489 978 tota
1495 959 1558 989 gens
1564 949 1709 989 ignoraret,
1717 960 1796 988 quem

1053 987 1197 1017 duodecim
1214 989 1417 1027 cognoverunt?
1427 990 1503 1025 Esto,
1518 989 1582 1028 quia
1595 999 1648 1018 non
1661 990 1686 1019 ei
1704 989 1795 1019 credi-

1054 1027 1144 1063 distis,
1155 1027 1299 1057 nescientes
1309 1038 1371 1057 eum
1380 1028 1482 1058 Filium
1491 1029 1542 1058 Dei
1551 1041 1558 1057 :
1570 1039 1623 1074 qua
1632 1039 1710 1058 causa
1719 1029 1797 1058 inter-

1054 1067 1154 1096 fecistis
1172 1078 1248 1104 eum‚
1260 1067 1364 1096 nullam
1377 1067 1485 1107 culpam
1498 1067 1662 1098 invementes
1673 1068 1700 1097 in
1711 1069 1795 1098 eum?

1054 1106 1109 1136 Sed
1121 1107 1148 1135 in
1158 1106 1236 1136 nobis
1249 1106 1319 1135 bona
1332 1106 1457 1136 voluntas
1469 1107 1538 1136 faeta
1550 1114 1591 1136 est
1601 1108 1677 1146 quasi
1685 1108 1796 1137 lucerna

1055 1146 1211 1175 rusticitatis
1220 1153 1315 1176 nostrae
1326 1159 1334 1175 ι
1347 1146 1377 1175 in
1387 1146 1463 1176 vobis
1474 1153 1563 1175 autem
1572 1147 1674 1176 malitia
1681 1147 1749 1176 facta
1755 1154 1794 1176 est

1054 1186 1129 1224 quasi
1142 1186 1230 1225 caligo
1243 1185 1358 1215 scientiae
1378 1192 1482 1215 vestrae.
1502 1185 1598 1216 Adhuc
1608 1193 1697 1215 autem
1708 1186 1794 1216 audeo

1054 1232 1078 1254 et
1099 1226 1267 1255 subtiliorem
1281 1225 1453 1254 introducere
1466 1235 1584 1260 sensum,
1603 1233 1629 1255 et
1637 1225 1796 1255 sententiam

1053 1264 1164 1294 alterius
1187 1264 1314 1304 sapientis
1330 1264 1471 1305 cujusdam
1485 1265 1539 1294 viri
1554 1265 1660 1295 referre.
1675 1265 1797 1305 Exponit

1053 1304 1124 1333 enim
1130 1304 1169 1334 sic
1177 1304 1327 1341 :Quoniam
1333 1305 1402 1334 sicut
1408 1305 1425 1334 J
1427 1304 1565 1334 udaeorum
1573 1305 1690 1345 populus
1697 1305 1725 1334 in
1731 1305 1797 1334 duo-

1053 1343 1140 1373 decim
1152 1344 1240 1373 tribus
1251 1344 1302 1372 fuit
1314 1343 1431 1379 divisus,
1440 1344 1479 1373 sic
1488 1351 1512 1373 et
1524 1345 1666 1374 universus
1677 1345 1796 1384 populus

1052 1383 1220 1413 Christianus
1230 1383 1335 1412 divisus
1347 1390 1386 1412 est
1399 1383 1426 1412 in
1440 1383 1583 1413 duodecim
1596 1384 1684 1413 tribus
1699 1394 1795 1413 secun-

1053 1422 1119 1452 dum
1136 1422 1265 1462 quasdam
1281 1423 1455 1462 proprietates
1473 1423 1625 1452 animorum
1638 1430 1664 1452 et
1677 1423 1795 1454 diversi-

1052 1469 1117 1492 tates
1128 1462 1262 1499 cordium,
1283 1473 1350 1501 quas
1367 1462 1441 1491 solus
1457 1463 1528 1491 Deus
1544 1462 1694 1492 discernere
1709 1470 1735 1492 et
1747 1473 1795 1492 co·

1052 1512 1177 1541 gnoscere
1188 1508 1273 1542 potest
1290 1515 1296 1530 :
1314 1508 1344 1530 ut
1357 1501 1479 1540 quaedam
1491 1501 1586 1531 animae
1599 1502 1653 1532 sint
1669 1503 1745 1540 quasi
1760 1502 1795 1532 de

1052 1542 1125 1571 tribu
1139 1543 1249 1577 Ruben,
1257 1541 1382 1580 quaedam
1391 1548 1480 1571 autem
1489 1541 1523 1570 de
1534 1542 1608 1570 tribu
1617 1541 1737 1579 Simeon,
1749 1542 1795 1572 vel

1052 1582 1119 1611 Levi
1129 1604 1137 1618 ‚
1159 1581 1204 1611 vel
1221 1581 1239 1611 J
1242 1581 1304 1610 uda.
1325 1582 1394 1610 Puto
1413 1581 1495 1615 enim,
1516 1581 1590 1619 quia·
1601 1591 1692 1610 omnes
1710 1582 1796 1611 sancti

1052 1621 1170 1659 quinque
1178 1620 1298 1660 virgines
1309 1620 1452 1660 prudentes
1462 1631 1518 1649 esse
1525 1620 1664 1658 dicuntur,
1671 1621 1796 1659 quamvis

1052 1661 1105 1689 sint
1117 1660 1337 1697 innumerabiles,
1352 1667 1460 1700 propter
1474 1659 1593 1699 quinque
1604 1671 1697 1690 sensus
1709 1661 1795 1701 spiri-

1053 1700 1137 1729 tuales
1152 1712 1160 1728 .·
1175 1707 1201 1729 et
1214 1710 1305 1730 omnes
1318 1707 1479 1740 peccatores,
1493 1699 1613 1739 quinque
1623 1700 1742 1739 virgines
1754 1701 1795 1730 fa-

1053 1745 1115 1775 tuae,
1129 1739 1467 1778 quamvisinnumerabiles
1476 1741 1539 1776 sint,
1553 1750 1603 1780 pro
1624 1746 1664 1768 ter
1676 1741 1795 1779 quinque

1052 1789 1145 1808 sensus
1159 1779 1289 1809 carnales.
1305 1780 1342 1810 Et
1355 1780 1425 1808 sicut
1444 1789 1534 1809 omnes
1554 1780 1608 1810 Eoc
1619 1779 1679 1808 esiae
1692 1779 1796 1809 Christi

1052 1825 1152 1858 septem
1161 1818 1286 1848 Ecclesiae
1297 1819 1426 1849 dicuntur
1436 1825 1547 1859 propter
1559 1826 1659 1865 septem
1671 1819 1793 1859 spiritus,

1052 1858 1176 1896 quamvis
1191 1858 1245 1887 sint
1257 1859 1359 1888 multae.
1372 1860 1472 1888 Omnes
1490 1858 1571 1895 enim,
1585 1869 1614 1888 tn
1628 1859 1727 1897 quihus
1740 1869 1795 1898 prae

1051 1898 1154 1927 caeteris
1162 1898 1308 1927 virtutibus
1315 1897 1495 1928 abundantior
1503 1905 1542 1928 est
1552 1898 1688 1938 sapientiae
1693 1898 1792 1935 virtus,

1053 1947 1105 1965 una
1119 1937 1234 1966 habetur
1243 1938 1379 1974 Ecclesia;
1395 1938 1459 1967 item
1470 1938 1499 1967 in
1511 1939 1612 1977 quibus
1626 1948 1680 1978 prae
1693 1938 1794 1968 caeteris

1051 1976 1198 2006 virtutihus
1210 1977 1390 2007 abundantior
1402 1984 1441 2006 est
1455 1977 1615 2015 intellectus,
1631 1977 1714 2007 altera
1725 1977 1794 2007 dici-

1051 2022 1096 2044 tur
1110 2015 1230 2045 Ecclesia
1246 2028 1252 2044 ε
1267 2024 1293 2046 et
1310 2017 1349 2046 sic
1362 2028 1408 2057 per
1421 2018 1542 2056 singulos
1555 2017 1666 2057 spiritus
1678 2023 1794 2047 tractans

1053 2054 1171 2084 invenies
1192 2062 1292 2095 septem
1319 2056 1462 2086 Ecclesias.
1485 2057 1616 2087 Similiter
1635 2063 1662 2086 et
1684 2063 1794 2101 propter

1053 2094 1150 2132 gratias
1163 2093 1316 2131 duodecim,
1328 2106 1395 2133 quas
1412 2095 1440 2123 in
1453 2105 1567 2135 persona
1579 2095 1723 2125 duodeclm
1736 2096 1793 2125 vir-

1053 2133 1146 2172 ginum
1157 2135 1267 2173 exponit
1278 2135 1389 2173 angelus
1398 2134 1426 2163 in
1436 2136 1556 2171 Pastore,
1570 2135 1594 2164 si
1607 2141 1693 2164 tamen
1707 2135 1794 2174 placet

1053 2173 1100 2201 illa
1121 2173 1255 2213 scriptura
1276 2174 1401 2205 omnihus
1418 2174 1578 2203 Christianis
1587 2197 1595 2212 ‚
1617 2174 1793 2210 inveniuntur

1053 2212 1197 2241 duodecim
1209 2223 1266 2242 esse
1284 2213 1371 2242 tribus
1387 2226 1393 2242 ε
1414 2220 1442 2242 ut
1465 2221 1517 2249 uta,
1535 2224 1625 2243 omnes
1638 2214 1744 2249 animat,
1764 2214 1793 2243 in

1052 2252 1151 2290 quibus
1163 2263 1217 2292 prae
1231 2253 1332 2282 caeteris
1347 2224 1494 2282 virtutiiius
1506 2254 1635 2293 praecellit
1646 2254 1733 2284 virtus
1746 2264 1793 2283 ve-

1053 2291 1138 2320 ritatis
1146 2314 1154 2324 ‚
1177 2302 1229 2321 una
1252 2299 1291 2321 est
1310 2292 1408 2322 tribus.
1428 2293 1484 2322 Nec
1504 2293 1576 2322 enim
1592 2303 1684 2323 omnes
1701 2293 1792 2333 gratiae

1054 2331 1192 2369 aequaliter
1220 2333 1248 2360 in
1269 2332 1394 2362 omuibus
1414 2339 1477 2362 sunt
1488 2354 1494 2368 ‚
1514 2332 1561 2362 sed
1582 2344 1652 2362 unus
1681 2333 1792 2372 quidem

1054 2370 1173 2410 amplius
1185 2372 1313 2410 praecellit
1323 2371 1349 2401 in
1360 2372 1420 2409 ista,
1433 2372 1499 2401 alter
1509 2383 1573 2401 vero
1585 2372 1613 2401 in
1621 2373 1681 2401 illa.
1691 2374 1792 2402 Omnes

1054 2417 1141 2439 autem
1154 2411 1300 2440 Christiani
1311 2411 1339 2440 iu
1350 2412 1450 2450 quibus
1461 2412 1562 2441 habitat
1573 2412 1707 2448 Christus,
1717 2411 1793 2440 sedes

1054 2457 1116 2478 sunt
1133 2450 1243 2479 Christi.
1259 2451 1340 2488 Quod
1359 2462 1421 2490 crgo
1436 2451 1474 2480 ait
1493 2463 1500 2480 :
1519 2454 1557 2480 In
1575 2453 1793 2491 regeneratione

1054 2499 1119 2518 cum
1139 2491 1244 2519 sederit
1258 2491 1354 2520 Filius
1372 2492 1498 2520 hominis
1511 2492 1543 2519 in
1553 2491 1620 2520 sede
1633 2492 1794 2530 majestatis

1054 2538 1124 2566 suae,
1136 2535 1164 2558 et
1177 2540 1230 2559 vos
1241 2531 1374 2561 sedebitis
1387 2541 1474 2570 super
1486 2531 1641 2561 duodecim
1653 2531 1772 2560 thronos
1781 2541 1791 2558 .-

296 2628 304 2638 τ·
324 2620 391 2644 Ecce
405 2629 449 2644 nos
462 2620 606 2653 reliquimus
619 2619 710 2644 omnia.
725 2619 771 2643 Hic
782 2618 871 2650 incipit
885 2618 994 2644 Romilia
1004 2620 1028 2645 in
1045 2619 1108 2646 Cod.
1121 2621 1150 2647 V.
1162 2622 1190 2646 D.
