1904 2840
240 172 310 220 786

839 181 924 205 OPUS
948 181 1186 206 tMPnRFEc’rUM

234 246 418 277 Christianum
437 243 545 274 caritate
563 242 696 273 mediante
715 244 893 273 connectitur.
913 242 978 273 Ideo
998 246 1016 270 Α
1034 250 1138 273 tantum
1151 249 1227 273 nocet
1240 242 1347 281 aliquid
1359 243 1458 273 babere
1475 243 1504 272 in
1523 242 1635 279 mundo,
1646 249 1778 283 qnantum

235 297 316 326 super
333 284 523 314 fraternitatem
544 283 662 313 caritatis
685 283 812 313 Ecclesiae
826 283 980 323 composuit

235 325 418 359 fundamenta,
432 330 460 352 ut
472 322 608 358 radicibus
616 323 733 352 mitanis
743 323 893 353 exuberans
903 322 980 361 quasi

236 365 334 394 humor
344 363 469 393 ascendat
479 363 506 392 in
518 373 617 392 ramos.
632 363 667 392 Et
681 362 733 392 hoc
740 373 823 402 super
833 362 981 391 naturalem

237 405 382 438 caritatem,
395 410 426 433 ut
446 413 498 432 non
519 403 610 432 solum
628 412 676 442 per
695 402 821 441 gratiam,
841 401 888 430 sed
901 401 980 430 etiam

238 454 286 484 per
294 450 414 472 naturam
422 443 478 483 ipsa
486 442 583 471 caritas
593 442 695 471 firmior
706 441 846 471 habeatur.
856 441 901 471 Sic
909 440 981 470 enim

238 483 300 513 fecit
324 485 397 512 Deus
417 483 445 512 in
466 481 560 512 Veteri
580 482 749 510 Testamento
769 493 778 510 ε
801 479 981 510 aedificaturus

238 523 309 552 enim
323 522 456 562 populum
470 520 548 550 illum
569 531 616 560 per
633 520 729 559 legem,
745 530 825 560 supra
839 521 944 549 Mosem
955 526 982 548 et

239 564 328 592 Aaron
340 562 433 597 fratres
453 560 544 600 posuit
564 559 748 589 aedificationis
767 559 885 590 initium.
903 560 980 595 Quo-

239 601 312 630 niam
323 607 411 630 autem
429 599 609 629 abundantior
621 599 707 639 gratia
720 600 810 628 futura
829 606 889 627 erat
911 598 982 628 Novi

239 640 401 670 Testamenti
419 650 500 678 quam
520 639 639 676 Veteris,
661 638 722 668 ideo
747 638 879 707 populum
903 637 983 667 illum

240 679 349 718 quidem
361 678 506 709 aedificavit
519 678 666 708 secuudum
680 688 761 708 unam
804 677 982 713 aternitatem,

240 719 313 748 hunc
326 725 415 748 autem
425 717 570 748 secundum
581 717 660 747 duas.
677 717 887 756 Componentes
897 718 980 746 retia.

241 758 323 796 Quod
335 765 375 787 est
393 758 516 787 maxima:
534 757 697 797 paupertatis
717 756 858 786 indicium.
885 757 984 786 Vetera

243 797 450 837 componebant,
465 797 526 836 quia
541 807 610 826 nova
624 796 694 825 unde
707 802 822 826 emerent
837 806 888 825 non
900 795 983 824 habe-

242 837 315 866 bant.
327 837 363 866 Et
374 836 448 875 quod
459 836 494 866 ad
506 838 633 876 majorem
652 835 776 875 pietatem
794 845 886 864 eorum
900 834 983 874 perti-

242 881 298 912 net,
311 875 338 904 in
352 882 423 905 tanta
438 882 593 916 paupertate
605 875 644 904 sic
654 875 723 914 patri
737 885 787 903 suo
798 874 984 910 occurrebant,

243 922 274 944 ut
283 925 375 944 secum
385 925 445 944 eum
461 914 611 955 bajularent
625 914 652 943 in
666 914 740 948 navi,
753 923 806 942 non
821 920 850 942 ut
863 913 909 942 ille
921 914 984 942 istos

243 954 383 994 adjuvaret
397 954 422 982 in
434 964 526 993 opere,
548 953 596 983 sed
617 960 646 982 ut
659 953 702 982 isti
716 953 795 982 illum
813 952 985 982 consolaren—

244 1000 289 1023 tur
308 1004 356 1022 sua
377 993 526 1032 praesentia.
543 992 678 1030 Quoniam
699 1000 788 1022 autem
810 992 852 1021 illi
874 991 985 1030 quidem

245 1033 396 1063 referuntur
411 1032 543 1062 mittentes
557 1032 623 1062 retia
636 1042 694 1067 sua,
708 1043 756 1072 per
769 1041 860 1061 omnes
874 1042 986 1071 evange-

246 1072 332 1107 listas,
352 1071 394 1101 isti
411 1078 500 1101 autem
516 1078 721 1112 componentes:
737 1071 794 1101 sine
811 1070 912 1100 ratione
930 1081 986 1100 esse

247 1122 299 1141 non
312 1110 404 1146 credo,
419 1111 534 1140 maxime
551 1122 613 1140 cum
628 1118 748 1151 poterant
765 1110 854 1140 dicere
867 1110 924 1140 sine
937 1109 987 1140 da-

248 1162 311 1180 mno
335 1150 425 1188 aliquo
448 1150 597 1180 intellectus
616 1163 622 1179 :
648 1151 684 1180 Et
705 1151 743 1180 ibi
766 1150 838 1179 vidit.
861 1149 940 1179 illum
961 1157 987 1179 et

249 1190 340 1226 illum,
361 1196 387 1219 et
406 1200 460 1218 non
479 1189 579 1224 dicere.
600 1190 807 1229 componentes
826 1191 902 1218 retia
920 1200 986 1219 sua.

252 1229 319 1258 Item
333 1229 461 1258 aestimare
482 1229 544 1258 illos
562 1229 673 1268 quidem
693 1229 770 1268 quasi
793 1229 938 1259 velociores
954 1229 989 1258 ad

251 1267 462 1313 praedicandum,
476 1269 540 1306 quia
549 1268 604 1313 jam
618 1268 750 1298 mittentes
761 1276 836 1297 erant
847 1269 913 1297 retia
926 1279 986 1303 sua,

251 1314 316 1337 istos
332 1314 421 1336 autem
437 1308 514 1346 quasi
531 1308 670 1347 p1griores.
690 1307 754 1345 quia
774 1307 864 1336 adbuc
881 1318 991 1346 compo-

251 1354 343 1376 nentes
354 1354 430 1376 erant
443 1346 520 1381 retia,
536 1356 587 1375 non
599 1357 692 1375 sumus
703 1347 760 1375 ausi
770 1359 776 1375 ε
787 1346 851 1384 quia
866 1345 991 1375 differen-

253 1386 318 1416 tiam
334 1386 441 1416 illornm
452 1386 546 1415 talium
556 1396 715 1425 cognoscere
727 1393 766 1415 est
778 1386 862 1415 solius
875 1386 936 1414 Dei.
952 1386 991 1414 Ne

253 1426 320 1456 forte
331 1436 395 1465 ergo
406 1432 516 1471 propter
527 1427 636 1455 Petrum
651 1425 693 1454 illi
706 1425 772 1454 dicti
784 1432 846 1454 sunt
859 1425 992 1454 mittentes

253 1466 318 1496 retia
329 1476 389 1501 sua,
404 1466 446 1494 isti
461 1472 549 1494 antem
564 1471 672 1504 propter
689 1465 820 1495 Joannem
831 1475 993 1504 componen-

254 1511 310 1534 tes:
322 1505 385 1543 quia
407 1506 500 1534 Petrus
511 1503 667 1544 praedicavit
685 1510 788 1533 tantum
810 1504 991 1542 evangelium,

252 1550 279 1573 et
299 1554 351 1573 non
372 1543 532 1582 composuit,
554 1542 601 1572 sed
621 1544 730 1572 Marcus
745 1543 778 1571 ab
797 1553 828 1571 eo
850 1542 994 1583 praedicata

253 1583 418 1623 composuit;
443 1583 559 1612 Joannes
576 1588 665 1610 autem
688 1589 713 1611 et
730 1581 887 1622 praedicavit
911 1592 994 1612 evan-

254 1623 367 1662 gelium,
381 1629 407 1651 et
420 1623 477 1661 ipse
491 1621 650 1666 composuit.
666 1621 701 1651 Et
715 1631 767 1650 non
781 1621 871 1650 solum
883 1631 994 1666 compo-

253 1662 317 1697 suit,
330 1661 377 1691 sed
390 1661 469 1691 etiam
483 1671 604 1690 omnium
623 1661 847 1700 evangelistarum
859 1661 925 1690 retia
939 1671 996 1706 ipse

252 1701 414 1742 composuit.
444 1701 514 1730 Nam
541 1711 604 1730 cum
635 1710 726 1730 omnes
752 1700 869 1730 humana
892 1700 995 1731 Christi

254 1751 321 1780 pene
330 1741 386 1770 sola
393 1741 616 1780 composuissent,
629 1740 678 1769 iste
687 1740 855 1769 commiscuit
865 1740 902 1769 eis
914 1740 995 1769 etiam

252 1780 347 1811 divina
361 1780 459 1820 ipsius,
472 1787 502 1809 ut
515 1779 617 1809 nullam
631 1779 791 1818 relinqueret
803 1780 921 1819 Spiritus
930 1790 996 1809 san-

252 1827 313 1849 ctus
329 1819 448 1849 scandali
461 1828 613 1859 aperturam
626 1818 652 1847 in
665 1819 716 1854 eis,
735 1818 806 1848 unde
818 1819 903 1858 pisces
915 1830 993 1859 egre-

254 1859 391 1889 derentur.
414 1859 450 1888 Et
470 1865 499 1888 ut
518 1868 590 1887 nuuc
609 1857 743 1895 dicamus,
767 1859 841 1897 quod
862 1870 943 1899 snpra
966 1859 994 1889 in

254 1906 361 1928 textura
385 1898 448 1927 retis
477 1897 618 1927 omisimus
634 1909 642 1926 ι
658 1898 721 1936 qnia
749 1896 947 1938 circumposuit
970 1899 994 1928 ei

255 1938 332 1976 quasi
346 1938 472 1977 plumbea
493 1936 596 1982 gravia,
618 1936 647 1966 id
665 1944 714 1974 est,
735 1937 995 1977 inexstinguibilium

256 1977 425 2006 flammarum
444 1983 470 2006 et
492 1976 685 2005 immortalium
707 1977 840 2013 vermium
863 1977 996 2017 supplicia

255 2015 416 2055 ponderosa,
438 2022 468 2044 ut
488 2015 571 2055 possit
591 2015 667 2044 facile
681 2016 859 2045 bumanorum
872 2017 996 2046 cordium

257 2062 395 2094 penetrare
407 2054 582 2094 profundum.
596 2056 645 2083 22.
659 2056 702 2084 At
716 2056 774 2091 illi,
788 2056 892 2085 relicto
902 2062 994 2094 patre,

258 2100 287 2123 et
306 2096 384 2129 navi,
408 2095 522 2133 sequuti
541 2098 610 2123 sunl
629 2104 705 2124 eum.
727 2095 799 2124 Vide
817 2096 882 2134 quia
903 2097 997 2126 Petrus

260 2132 369 2171 quidem
380 2140 407 2162 et
421 2133 540 2162 Andreas
552 2132 680 2162 dicuntur
693 2134 833 2173 reliquisse
848 2136 914 2164 retia
927 2147 933 2163 :
946 2136 996 2165 Ja-

107 2187 206 2208 Veniens
224 2185 252 2207 ad
261 2173 345 2202 cobus
358 2179 447 2202 autem
460 2179 486 2201 et
499 2173 625 2208 Joannes,
646 2180 749 2217 patrem
768 2181 795 2203 et
814 2174 914 2204 navim.
931 2175 997 2204 Tria

110 2218 225 2238 Christum
244 2232 250 2241 ,

111 2250 152 2269 trin
185 2248 252 2269 relin-

111 2286 179 2307 quere
192 2282 251 2299 teue-

113 2315 158 2331 tur.

258 2218 324 2251 ‘sunt
333 2212 404 2241 enim
414 2211 571 2257 generaliter
581 2222 681 2246 omnia,
692 2223 750 2251 quae
758 2213 908 2253 relinquere
919 2213 998 2244 debet

263 2251 360 2286 omnis,
379 2262 426 2289 qui
442 2251 516 2280 venit
537 2250 572 2279 ad
588 2251 724 2281 Christum
741 2264 748 2280 :
770 2260 844 2282 actus
867 2254 998 2291 carnales,

262 2291 439 2320 substantiam
456 2290 632 2327 mundialem,
656 2298 777 2330 parentes
799 2293 926 2322 carnales.
948 2295 999 2323 Per

263 2330 328 2359 retia
341 2330 411 2359 enim
429 2329 582 2369 piscationis
600 2337 675 2360 actus
692 2331 810 2360 carnales
831 2332 999 2371 relinquendi

262 2369 447 2409 significantur
460 2380 527 2409 :per
547 2369 637 2399 navim
661 2376 749 2399 autem
767 2371 934 2400 substantia:
954 2382 1001 2416 per

263 2416 364 2448 patrem
379 2419 444 2438 vero
464 2419 554 2438 omnes
569 2415 700 2448 parentes.
716 2410 752 2439 Et
762 2409 834 2446 vide,
850 2411 912 2449 quia
927 2422 1000 2450 prius

263 2447 329 2477 retia
343 2448 434 2477 relicta
448 2448 643 2493 significantur,
663 2455 752 2488 postea
774 2449 861 2486 navis,
880 2450 908 2478 in
924 2451 1001 2479 tertio

264 2487 322 2516 loco
335 2495 428 2526 pater:
442 2498 506 2526 quia
525 2487 601 2527 prius
620 2488 743 2517 convenit
759 2495 833 2518 actus
852 2489 1002 2519 mundiales

265 2527 414 2565 relinquere
429 2538 435 2554 :
451 2526 504 2567 ipsi
517 2533 578 2556 sunt
589 2527 671 2564 enim,
687 2527 735 2566 qui
753 2528 886 2568 praecipue
907 2536 1002 2558 nocent

265 2565 300 2594 ad
319 2566 477 2605 spiritualia.
499 2565 634 2604 Secundo,
655 2567 840 2604 substantiam,
861 2567 923 2606 quia
947 2579 1001 2598 non

1004 1694 1007 1696 μ
1049 1658 1149 1727 Species
1161 1659 1314 1698 passionum
1325 1659 1419 1704 populi
1430 1660 1574 1690 circumire
1583 1667 1610 1690 et
1622 1661 1790 1692 considerare

1035 293 1113 322 agere
1127 282 1245 322 aliquem
1258 290 1363 320 actum;
1379 290 1466 312 tamen
1478 290 1504 312 et
1513 283 1565 313 boc
1577 283 1666 323 ipsum
1680 283 1778 313 habere

1035 330 1121 352 nocet.
1138 322 1171 352 ln
1181 323 1337 359 novissimo,
1353 330 1486 363 parentes,
1501 323 1548 361 qui
1566 330 1591 352 et
1605 323 1655 363 ipsi
1668 322 1778 362 quidem

1035 368 1140 397 nocent,
1155 369 1239 391 tamen
1254 363 1344 391 minus
1357 369 1450 391 nocent
1460 373 1539 401 quum
1554 362 1656 392 divitiae
1667 369 1692 391 ct
1705 369 1779 392 actus

1034 401 1116 440 hujus
1132 401 1234 431 saeculi.
1250 402 1428 440 Reliquerunt
1441 412 1504 441 ergo
1517 413 1626 438 navem,
1642 408 1672 431 ut
1685 402 1780 432 fierent

1034 440 1216 471 eoelesiasticae
1231 441 1307 471 navis
1319 441 1525 480 gubernatorem
1550 442 1599 471 reli
1619 449 1717 471 uerunt
1734 452 1780 471 re—

1035 480 1084 516 tia,
1099 488 1129 510 ut
1148 482 1199 521 jam
1217 490 1270 509 non
1290 481 1375 520 pisces
1393 488 1565 520 apportarent
1584 492 1600 510 a
1642 480 1779 510 civitatem

1036 526 1179 555 terrenam,
1207 519 1256 549 sed
1276 520 1397 550 homines
1415 522 1451 550 ad
1472 521 1609 551 civitatem
1632 521 1779 557 caelestem3

1037 559 1204 598 reliquerunt
1216 570 1299 589 unum
1311 567 1425 600 patrem,
1437 567 1468 590 ut
1480 560 1575 590 fierent
1587 560 1709 590 omnium
1719 560 1780 600 spi-

1037 598 1179 629 ritualium
1194 600 1338 640 genitores.

1137 697 1271 727 Homilia
1283 705 1387 727 octava
1401 708 1437 727 ex
1450 699 1544 738 capite
1557 704 1674 739 quarto.
1792 711 1834 730 uv

1078 789 1129 818 25.
1151 790 1192 818 Et
1206 791 1376 820 circumibat
1388 791 1476 820 Jestts
1497 797 1588 820 totam
1608 791 1777 822 Galiloeam.
1821 793 1904 816 naeu

1040 828 1136 858 Omnis
1147 840 1194 858 rex
1205 837 1372 869 pugnaturus
1382 837 1473 859 contra
1486 826 1670 860 adversarium
1681 841 1779 871 regem,
1790 826 1851 862 '¹¹3³'
1891 832 1904 846 ‘⁶

1040 869 1116 908 prius
1125 876 1268 908 congregat
1276 871 1435 905 exercitum,
1443 869 1514 898 etsie
1520 869 1596 899 vadit
1603 869 1638 899 ad
1646 881 1763 910 pugnam
1771 883 1778 900 ι
1790 856 1904 909 Ξζᾞέξῗ

1040 907 1111 936 sicet
1123 909 1254 938 Dominus
1265 916 1355 938 contra
1366 909 1505 938 diabolum
1514 916 1691 948 pugnaturus,
1705 911 1780 950 prius
1791 919 1850 940 unua
1866 918 1904 947 qui

1040 948 1209 986 congregavit
1221 948 1366 988 apostolos,
1379 955 1406 978 et
1419 948 1459 978 sic
1473 949 1553 988 coepit
1567 959 1614 988 per
1631 955 1712 979 totam
1723 951 1781 980 Ga-
1790 957 1817 978 1‘e
1838 950 1862 970 5¹²
1888 949 1902 971 Ι·

1040 986 1139 1016 lilaeam
1160 988 1329 1026 evangelium
1346 988 1503 1027 praedicare.
1524 988 1696 1028 Expugnatio
1709 990 1779 1020 enim
1791 978 1904 1032 hsssfff':

1041 1026 1143 1055 diaboli
1159 1026 1311 1066 praedicatio
1322 1034 1363 1057 est
1384 1028 1518 1058 veritatis.-
1533 1029 1628 1068 sagitta
1645 1030 1779 1059 mortifera
1792 1043 1857 1069 pum.
1868 1041 1904 1064 ιω

1042 1072 1079 1095 est
1091 1065 1118 1094 in
1130 1066 1280 1096 visceribus
1293 1067 1352 1106 ejus
1360 1077 1447 1097 sermo
1455 1067 1577 1107 justitiae.
1593 1069 1713 1108 Dejectio
1722 1069 1781 1109 ejus
1791 1078 1837 1094 tur·
1882 1070 1904 1096 0¹

1042 1112 1082 1135 est
1103 1115 1172 1144 opus
1190 1106 1339 1144 signorum,
1360 1107 1486 1147 spoliatio
1525 1107 1644 1138 attestatis
1663 1108 1722 1148 ejus
1743 1116 1782 1138 est
1791 1108 1838 1125 ¹²⁰¹·
1864 1110 1904 1129 '¹¹⁸'

1043 1145 1181 1174 conversio
1195 1145 1328 1174 fidelium.
1342 1147 1378 1176 Et
1391 1157 1440 1176 rex
1453 1118 1564 1185 quidem
1576 1153 1696 1178 terrenus
1718 1158 1782 1178 con-
1793 1132 1904 1189 ιζ’,ιημά

1044 1191 1136 1224 gregat
1150 1185 1307 1221 exercitum,
1322 1192 1352 1214 ut
1365 1186 1475 1215 illorum
1489 1185 1628 1216 laboribus
1649 1186 1708 1227 ipse
1727 1188 1786 1227 glo-
1860 1181 1865 1187 ¹

1044 1225 1112 1253 riam
1122 1232 1316 1263 consequatur:
1331 1225 1379 1255 iste
1392 1233 1482 1255 autem
1494 1225 1666 1266 congregavit
1678 1234 1786 1267 aposto-

1045 1263 1103 1300 los,
1132 1274 1184 1293 non
1213 1271 1242 1293 ut
1269 1264 1382 1294 illorum
1409 1265 1550 1294 laboribus
1580 1265 1589 1294 i
1670 1267 1786 1306 gloriam

1045 1310 1232 1341 consequatur,
1253 1303 1300 1332 sed
1326 1311 1354 1333 ut
1379 1315 1429 1334 suo
1450 1304 1542 1334 labore
1566 1305 1586 1334 il
1600 1306 1623 1334 is
1645 1306 1787 1336 victoriam

1045 1349 1162 1381 praestet.
1179 1343 1346 1372 Circumibat
1366 1350 1449 1374 totam
1467 1344 1621 1380 Galilaeam,
1640 1345 1710 1375 sicut
1728 1353 1787 1375 stu-

1046 1381 1138 1411 diosus
1156 1380 1275 1411 medicus
1297 1382 1456 1412 circumibat
1481 1383 1599 1422 graviter
1619 1392 1786 1423 «egrotantes,

1047 1420 1162 1458 singulis
1172 1421 1324 1460 quibusque
1334 1422 1504 1461 passionibus
1517 1421 1647 1452 adhibens
1657 1435 1788 1463 congruas

1047 1460 1209 1490 medicinas:
1225 1461 1289 1499 quia
1301 1461 1403 1491 debiles
1421 1462 1464 1491 illi
1488 1461 1523 1491 ad
1548 1462 1682 1493 medicum
1697 1464 1788 1494 venire

1047 1510 1101 1530 non
1120 1507 1251 1539 poterant.
1273 1501 1309 1530 Et
1334 1501 1467 1530 Dominus
1491 1501 1601 1540 quidem
1628 1502 1787 1534 circumibat

1047 1540 1309 1579 singulasregiones.
1326 1541 1383 1570 Nos
1396 1548 1484 1571 autem
1506 1541 1554 1580 qui
1577 1551 1671 1572 sumus
1690 1543 1787 1573 unius·
1812 1549 1904 1579 Isquix

1048 1580 1179 1623 cujusque
1192 1580 1307 1618 regionis
1321 1587 1451 1620 pastores,
1471 1581 1521 1610 etsi
1540 1582 1662 1620 regiones
1671 1583 1787 1613 cireum-
1797 1582 1849 1610 9⁵³²·
1860 1588 1883 1602 ·‘
1898 1589 1904 1611 1

1049 1629 1089 1647 ire
1107 1619 1285 1649 necessarium
1311 1630 1364 1649 non
1389 1619 1532 1656 habemus,
1554 1626 1642 1650 tamen
1669 1623 1788 1661 singulas
1797 1616 1880 1665 {aurem
1901 1623 1904 1632 ¹

1067 1698 1191 1728 ebemus:
1205 1698 1234 1727 id
1247 1705 1298 1735 est,
1308 1699 1452 1738 diligenter
1465 1699 1611 1737 attendere,
1627 1701 1676 1740 qni
1689 1709 1752 1732 sunt
1761 1702 1790 1731 in

1049 1737 1150 1777 populo
1163 1738 1211 1777 qui
1227 1738 1346 1768 avaritiae
1363 1739 1458 1768 morbo
1473 1738 1606 1776 laborant,
1623 1747 1655 1770 nt
1670 1741 1788 1780 aliquem

1048 1788 1197 1807 sermonem
1214 1777 1249 1807 de
1269 1778 1389 1808 avaritiae
1410 1778 1481 1808 malo
1493 1779 1623 1809 faciamus
1640 1780 1676 1810 ad
1701 1780 1791 1811 medi-

1048 1824 1199 1846 camentum
1219 1818 1339 1848 sanitatis
1363 1818 1439 1848 illius
1464 1818 1511 1857 qui
1531 1819 1650 1849 avaritie
1673 1821 1791 1850 stimulis

1049 1856 1180 1896 agitatur,
1206 1857 1354 1887 secundum
1377 1858 1456 1887 Pauli
1475 1859 1630 1888 sententiam
1655 1859 1790 1890 dicentis:

1050 1897 1201 1926 Habentes
1224 1898 1380 1933 alimenta,
1401 1904 1429 1926 et
1444 1899 1549 1937 quibus
1576 1905 1724 1938 tegamur,
1746 1901 1824 1929 hist.
1842 1905 1902 1928 Τιἠι.

1051 1939 1181 1966 contenti
1193 1939 1294 1966 simus.
1315 1938 1394 1966 Nam
1408 1939 1459 1977 qui
1476 1938 1585 1967 volunt
1599 1939 1699 1969 divites
1707 1939 1790 1980 fier-1,
1801 1937 1825 1961 ⁸·
1839 1943 1875 1967 9·.

1051 1976 1186 2005 incidunt
1198 1978 1230 2005 in
1242 1978 1427 2012 tentationes,
1443 1984 1494 2006 etc.
1511 1977 1580 2007 Item
1592 1977 1725 2008 debemus
1737 1979 1793 2008 illis

1015 2031 1034 2054 1,
1051 2015 1204 2083 providere,
1218 2017 1266 2054 qui
1286 2017 1313 2045 in
1332 2016 1435 2056 populo
1447 2016 1603 2046 ardentibus
1621 2017 1744 2047 libidinis
1757 2019 1793 2047 fe-

1072 2054 1147 2084 ribus
1168 2055 1246 2084 valde
1260 2056 1400 2084 laborant:
1416 2062 1443 2085 et
1463 2062 1492 2084 ut
1505 2055 1540 2084 ad
1561 2056 1710 2085 remedium

1051 2094 1135 2123 sionis
1150 2105 1243 2124 corum
1256 2094 1369 2133 aliquod
1385 2094 1608 2125 medicamentum
1627 2095 1654 2124 in
1673 2068 1793 2126 Εεοῆἒιζ

1051 2134 1219 2174 proferamus
1231 2134 1266 2164 de
1286 2134 1413 2174 apotheca
1430 2134 1585 2164 medicinali
1608 2135 1734 2174 apostoli,
1751 2136 1792 2165 di-

1051 2174 1152 2203 centis:
1173 2175 1265 2203 Omne
1283 2180 1446 2213 peccatum,
1469 2174 1674 2214 quodcumque
1682 2175 1793 2215 fecer-it
1804 2189 1825 2204 ι.
1839 2179 1904 2202 Com

1053 2214 1150 2250 homo,
1160 2221 1244 2243 extra
1257 2224 1360 2253 corpus
1373 2220 1416 2243 est
1426 2226 1434 2242 .-
1447 2215 1498 2253 qui
1509 2215 1790 2256 autemform'catur,
1805 2211 1840 2235 ¹⁸·

1053 2255 1086 2282 in
1103 2263 1205 2292 corpus
1225 2264 1308 2283 suum
1320 2260 1431 2291 peceat,
1451 2260 1504 2283 etc.
1520 2254 1555 2284 Et
1567 2253 1794 2293 quemadmodum

1054 2293 1244 2332 paterfamilias
1264 2292 1400 2323 studiosus
1426 2293 1476 2322 scit
1499 2293 1527 2323 in
1548 2293 1630 2323 domo
1654 2303 1704 2322 sua
1727 2293 1794 2332 quid

1055 2332 1239 2371 unusquisque
1260 2333 1438 2362 necessarium
1458 2333 1557 2362 habet:
1573 2333 1608 2362 ita
1631 2339 1657 2361 et
1672 2332 1796 2362 sacerdos

1055 2371 1224 2411 singulorum
1238 2382 1324 2402 mores
1337 2379 1363 2402 et
1381 2379 1456 2402 actus
1469 2379 1495 2401 et
1505 2371 1732 2402 oenversationem
1744 2371 1795 2401 de-

1055 2411 1099 2440 bet
1112 2411 1252 2448 indiscere,
1267 2419 1296 2441 ut
1309 2412 1390 2450 quale
1407 2412 1559 2450 quibusque
1571 2410 1795 2440 medicamentum

1056 2452 1234 2480 necessarium
1252 2451 1332 2480 fuerit
1350 2450 1552 2481 subministret:
1565 2449 1610 2480 cui
1633 2450 1797 2479 consolatio-

1057 2500 1127 2527 nem,
1147 2491 1370 2520 consolationem:
1386 2491 1431 2519 cui
1445 2490 1662 2529 increpationem,
1675 2489 1796 2535 increpa-

1056 2529 1164 2559 tionem.
1178 2530 1230 2559 Cui
1241 2537 1330 2560 autem
1339 2529 1459 2570 asperior
1467 2529 1656 2569 increpationis
1666 2527 1797 2558 medicina

1057 2569 1136 2598 fuerit
1147 2569 1231 2608 posita
1245 2570 1391 2599 secundum
1403 2569 1557 2607 qualitatem
1568 2568 1698 2608 passionis
1711 2568 1795 2604 illius,

1889 2241 1904 2261 ἒ
