1890 2826
741 174 777 196 IN
803 173 942 205 1SA1AM,
971 173 1043 196 cAP.
1071 175 1122 197 ΙΙΙ.

151 251 216 280 φησι
227 239 272 270 καὶ
283 238 392 274 διδάξαι,
403 237 494 278 ὥσπερ
513 237 574 267 ὅταν
587 234 668 275 λέγῃ·
684 234 756 275 Ἐγὼ
769 234 916 275 ἐφύτευσα,

149 285 282 319 Ἀπολλὼς
302 285 416 314 eubaea.
431 284 484 313 Καὶ
504 282 618 322 Χριστὸς
641 281 748 322 φυτείαν
770 281 801 310 τὸ
814 282 916 310 τοιοῦτο

147 333 224 362 καλεῖ
232 331 333 371 λέγων·
353 332 434 360 Πᾶσα
447 329 555 370 φυτεία,
569 328 602 364 ἣν
614 329 662 357 οὐκ
675 327 814 367 ἐφύτευσεν
828 329 843 356 ὁ
856 327 916 357 Πα-

147 379 198 419 τήρ
209 390 259 418 μου
269 380 283 408 ὁ
296 378 424 419 οὐράνιος,
439 375 651 416 ἕκριζωθήσεται.
665 374 744 404 Ἐπεὶ
757 375 781 403 εἷ
791 373 915 413 νεόφυτον

146 425 192 454 τὸν
204 425 260 455 νέον
273 424 377 464 ἔλεγεν,
397 424 445 453 οὐκ
459 423 491 452 ἂν
507 421 639 461 Τιμόθεον
661 420 762 460 σφόδρα
781 419 838 449 νέον
848 440 856 454 ,
869 419 915 449 καὶ

146 471 216 501 οὕτω
225 471 295 509 νέον,
308 473 344 504 ὣς
356 470 452 509 λέγειν,
465 468 566 504 Μηδείς
579 479 625 498 σου
639 468 688 502 τῆς
698 466 819 502 νεότητος
828 478 914 495 κατα-

147 518 290 559 φρονείτω,
302 517 368 558 πρὸς
388 518 511 547 τοσοῦτον
524 515 602 554 ὄγκον
621 515 706 554 ἀρχης
724 512 855 552 ἀνήγαγεν
869 513 914 549 ἂν,

147 565 192 594 καὶ
215 564 343 597 τοσαύτας
370 563 457 604 φέρειν
486 560 628 600 ἐπέτρεψεν
659 558 830 594 Ἐκκλησίας.
860 558 915 589 Καὶ

145 611 292 649 ἐμπαῖκται
312 608 492 649 κυριεύσουσιν
517 608 613 636 αὐτῶν.
638 605 738 646 Ὁρᾷς,
760 607 796 638 ὣς
815 606 844 635 οὐ
864 604 914 641 τὴν

145 655 252 686 ’.ἣλικίαν
273 655 410 686 διαὸάλλει
433 654 539 689 ἅπλῶς,
562 651 631 682 ἀλλὰ
652 652 701 687 ἰ-ὴν
725 650 914 691 διεφθαρμένην

144 701 267 741 γνώμην;
281 702 325 741 Τῇ
338 700 391 741 γὰρ
406 701 532 740 ἐπαγωγῇ
551 701 628 728 τοῦτο
649 697 807 738 σαφέστερον
822 697 914 733 ἐποίη-

145 759 199 777 σεν.
219 746 387 787 Ἐμπαίκτας
401 746 429 776 δὲ
450 744 562 775 ἐνταῦθά
583 756 648 785 φησι
671 743 730 776 τοὺς
744 743 914 777 ἀπατεῶνας,

144 793 205 827 τοὺς
217 793 340 833 εἶρωνας,
353 792 413 826 τοὺς
435 792 565 826 κόλακας,
583 789 644 823 τοὺς
664 790 707 819 διὰ
731 791 778 826 τῆς
797 790 850 817 τῶν
866 790 916 828 ῥη-

145 839 236 879 μάτων
248 840 357 880 χάριτος
370 838 545 879 προτείνοντας
564 837 658 869 αὐτοὺς
670 838 708 875 τῷ
723 835 846 875 διαὸόλῳ.
862 834 915 864 Καὶ

143 890 319 926 συμπεσεῖται
331 888 345 916 ὁ
357 885 433 922 λαὸς,
457 885 590 924 ἅνθρωπος
614 882 678 922 πρὸς
705 882 855 922 ἄνθρωπον,
870 880 915 910 καὶ

143 933 279 972 ἄνθρωπος
296 931 363 972 πρὸς
376 931 418 961 τὶν
435 930 548 967 πλησίον
562 931 654 959 αὐτοῦ.
676 928 781 968 Ὥσπερ
796 927 848 967 γὰρ
861 930 938 978 <8223

932 525 950 549 E

1666 166 1712 209 43

972 241 1029 264 tare
1049 236 1150 275 quippe
1166 235 1233 266 dicit
1254 236 1384 266 catechesi
1395 237 1544 271 instituere,
1566 243 1593 266 et
1605 236 1712 275 docere;

972 287 1002 309 ut
1022 291 1086 310 cum
1105 282 1142 311 ait

969 326 1094 356 Christus
1117 339 1224 367 quoque
1247 328 1277 358 id
1298 328 1488 369 plantationem
1510 336 1588 359 vocat
1599 329 1690 359 dicens
1705 323 1746 360 εδ·

971 373 1070 402 Omnis
1091 373 1251 413 plantatio,
1274 385 1363 414 quam
1378 385 1436 404 non
1452 376 1601 415 plantavit
1623 379 1810 408 Paternum.
1826 385 1866 408 15.

970 429 1050 448 meus
1066 421 1204 458 coelesfis,
1228 422 1434 451 eradicabitur.
1455 422 1526 451 Nam
1545 422 1568 451 si
1589 422 1712 462 neophy-
1726 416 1761 439 ¹3·

969 472 1027 495 tum
1039 465 1298 507 dixissetjuvenem,
1317 468 1490 497 Timotheum
1504 475 1586 505 certe,
1608 468 1655 507 qui
1665 469 1712 507 ju-

968 511 1043 542 venis
1062 519 1130 548 erat,
1144 519 1170 542 et
1191 513 1227 542 ita
1238 513 1357 553 juvenis,
1372 520 1403 543 ut
1424 513 1472 543 ille
1491 513 1602 552 diceret,
1618 516 1711 545 Nemo
1727 531 1746 547 ι.
1763 525 1813 548 Tim
1839 527 1867 555 4.

963 559 1146 598 juventutem
1159 566 1239 589 tuam
1253 566 1430 597 contemnat,
1450 559 1486 590 ad
1493 567 1595 591 tantum
1608 562 1716 592 culmen
1727 563 1763 578 ¹²·

968 604 1109 644 dignitatis
1120 615 1172 634 non
1183 606 1326 643 evexisset‚
1339 617 1387 636 nec
1398 613 1437 636 tot
1448 606 1632 637 Ecclesiarum
1645 608 1715 638 ferre

968 662 1061 681 curam
1084 652 1258 691 permisisset.
1274 654 1316 682 Et
1336 653 1470 682 illusores
1484 654 1717 684 dominabuntur·

969 699 1021 726 eis.
1046 697 1132 729 Vides
1146 697 1240 738 ipsum
1250 709 1303 727 non
1324 698 1483 739 simpliciter
1503 706 1606 729 aetatem
1619 701 1713 740 tradu-

968 754 1043 781 cere,
1064 744 1112 773 sed
1130 752 1288 784 corruptum
1307 745 1448 775 animum?
1469 746 1526 775 Hac
1545 746 1616 775 enim
1634 747 1712 777 addi-

969 789 1040 819 tione
1063 789 1091 819 id
1110 790 1210 820 clarius
1229 791 1322 820 efficit.
1340 791 1468 821 Iilusores
1481 791 1553 821 enim
1573 792 1619 821 hic
1638 800 1715 823 vocat

968 835 1133 876 deceptores,
1146 836 1326 889 cavillatores,
1343 836 1506 874 adulatores,
1526 849 1570 867 eos
1585 838 1631 876 qui
1651 850 1712 868 ver-

968 882 1011 912 bis
1029 882 1142 922 gratiam
1158 890 1293 923 captantes
1314 883 1386 923 ipsos
1400 883 1510 913 diaholo
1524 886 1710 924 p1·opina¹·.ent

992 930 1068 958 .Et
1090 936 1203 958 corruet
1219 930 1355 968 populus,
1379 931 1465 959 homo
1491 931 1533 958 ad
1556 931 1713 968 hominem,

142 978 190 1012 τὰς
210 977 350 1017 οἰκοδομὰς
372 977 533 1017 συνεχόντων
557 975 640 1010 ξύλων
663 973 872 1015 διαφθαρέντων,
895 961 938 1010 ἢδ
930 990 950 1013 Α
967 979 996 1002 et
1014 974 1100 1003 homo
1120 973 1161 1002 ad
1180 976 1345 1012 proximum
1361 984 1457 1003 suum.
1476 975 1713 1011 Quemadmodum

142 1025 187 1055 καὶ
197 1025 393 1065 ἀναιρεθέντων,
407 1023 467 1057 τους
479 1022 582 1063 τοίχους
593 1021 695 1060 ἀνάγκη
710 1020 913 1060 συῤῥήγνυσθαι,

142 1072 243 1105 οὗδενὸς
257 1073 330 1105 ὄντος
342 1073 388 1101 τοῦ
409 1070 582 1110 κατέχοντος·
600 1067 669 1097 ούτω
687 1066 732 1096 καὶ
745 1065 844 1095 τούτων
861 1068 913 1095 τῶν

142 1118 289 1157 ἔμπροσθεν
306 1117 450 1157 εἰρημένων
464 1115 665 1155 αναιρεθέντων,
680 1111 829 1151 ἀρχόντων,
845 1123 911 1150 συμ-

142 1163 256 1200 Gomon,
271 1164 410 1199 δικαστῶν,
421 1162 573 1202 προφητῶν,
585 1158 657 1188 οὐδὲν
667 1158 697 1187 τὸ
710 1153 842 1187 κωλύον
825 1169 856 1193 ην
867 1157 912 1187 τὸν

142 1211 174 1246 δ”
157 1221 226 1249 μον
247 1212 333 1250 ἑαυτῷ
346 1210 524 1249 συῤῥαγῆναι,
541 1206 586 1236 καὶ
607 1204 708 1241 πολλὴν
727 1203 847 1243 γενέσθαι
860 1204 909 1240 τὴν

140 1267 278 1296 συγχυσιν.

178 1348 331 1389 Προσκόψει
344 1348 374 1378 τὸ
392 1347 530 1388 παιδάριον
549 1347 614 1387 πρὸς
626 1346 671 1376 τὸν
684 1345 848 1386 πρεσὸύτην,
862 1344 907 1374 καὶ

139 1397 154 1424 ὁ
168 1395 260 1434 ἄτιμος
273 1394 338 1435 πρὸς
355 1394 399 1424 τὸν
420 1395 534 1433 ἔντιμον.
550 1392 770 1428 Ἐναντιώσεται,
785 1392 879 1431 φησὶν,
893 1392 908 1420 ὃ

138 1440 194 1474 νέος
226 1442 264 1480 τῷ
290 1440 448 1480 γεγηρακότι
459 1463 467 1476 ,
494 1438 654 1479 ὑπερόψεται
665 1459 673 1473 ,
699 1437 905 1478 καταφρονήσει.

140 1488 235 1516 Ταῦτα
255 1487 300 1516 καὶ
321 1487 373 1526 πρὸ
386 1488 435 1522 τῆς
453 1487 505 1515 τῶν
526 1485 659 1524 πολεμίων
679 1484 771 1524 ἐφόδου
790 1484 907 1522 πολέμου

139 1534 236 1567 παντὸς
253 1530 286 1570 ἦν
304 1532 488 1573 χαλεπώτερα.
511 1531 596 1562 “Orant
610 1531 661 1571 γὰρ
682 1531 843 1571 ἀτιμᾴζηται
860 1530 908 1569 μὲν

139 1582 222 1620 γῆρας
235 1579 308 1620 παρὰ
321 1579 457 1615 νεότητος,
469 1580 494 1609 οἱ
507 1578 535 1608 δὲ
550 1579 663 1611 εὖτελεῖς
679 1577 725 1607 καὶ
738 1577 907 1618 ἄπεῤῥιμμέ-

139 1637 180 1655 νοι
189 1625 249 1659 τοὺς
261 1626 387 1666 πρότερον
404 1625 554 1664 αἰδεσίμους
567 1626 756 1654 καταπατῶσιν
766 1646 774 1660 ,
786 1626 798 1639 ²
807 1623 909 1657 οὐδενὸς

140 1672 248 1701 ἔλαττον
261 1671 477 1711 κλῃδονιζομένης
490 1673 507 1706 ἦ
522 1670 630 1705 τοιαύτη
644 1669 806 1699 διακείσεται
820 1669 906 1702 πόλις.

140 1717 205 1747 Ὅτι
219 1715 376 1757 ἐπιλήψεται
390 1716 524 1755 ἄνθρωπος
536 1719 582 1745 τοῦ
598 1716 709 1754 ἀδελφοῦ
723 1715 816 1750 αὐτοῦ,
830 1714 848 1749 ἢ
862 1716 908 1743 τοῦ

140 1763 236 1793 οἰκείου
258 1766 304 1792 τοῦ
325 1762 424 1803 πατρὸς
446 1763 543 1796 αὐτοῦ,
565 1760 666 1800 λέγων·
693 1760 797 1798 ἱμάτιον
819 1760 907 1799 ἔχεις,

141 1809 256 1850 ἀρχηγὸς
272 1810 348 1848 ἡμῶν
361 1811 436 1848 γενοῦ
447 1831 454 1844 ,
470 1807 514 1837 καὶ
529 1807 558 1836 τὸ
582 1808 677 1846 βρῶμα
690 1806 720 1835 τὸ
734 1805 797 1844 ἐμὸν
813 1805 864 1835 ὑπὸ
878 1806 907 1835 σὲ

141 1856 219 1886 ἔστω.
241 1855 294 1885 Καὶ
312 1854 462 1894 ἀποκριθεὶς
480 1855 506 1883 ἐν
520 1855 553 1892 τῇ
570 1852 657 1892 ἡμέρᾳ
671 1851 757 1891 ἐκείνῃ
776 1853 846 1891 ἐρεῖ·
861 1853 908 1881 οὐκ

140 1902 234 1941 ἔσομαι
248 1900 379 1941 ἀρχηγός·
392 1901 420 1929 οὗ
432 1899 483 1939 γάρ
497 1900 568 1928 ἐστιν
582 1900 608 1928 ἐν
622 1900 660 1938 τῷ
675 1898 739 1937 οἴκῳ
750 1908 800 1936 μου
815 1897 905 1937 ἄρτος,

139 1948 199 1978 οὐδὲ
219 1948 333 1987 ἱμάτιον.
350 1948 409 1977 Οὐκ
423 1947 517 1985 ἔσομαι
535 1945 651 1984 ἀρχηγὸς
664 1946 709 1974 τοῦ
726 1945 791 1973 λαοῦ
806 1943 908 1972 τούτου.

140 1995 271 2025 Ἐνταῦθά
286 2006 331 2034 μοι
349 1995 419 2023 δοκεῖ
436 1992 454 2028 ἢ
471 1991 623 2032 πολιορκίαν
638 1990 697 2020 τινὰ
714 1989 908 2030 χαλεπωτάτην

140 2041 314 2077 αἰνίττεσθαι,
338 2042 376 2074 εἰς
398 2039 447 2076 τὴν
476 2039 591 2079 ἐσχάτην
615 2037 791 2077 στενοχωρίαν
816 2036 908 2069 αὖτοὺς

139 2090 347 2127 κατενεγκοῢσαν
357 2109 365 2123 ,
386 2086 404 2122 ἢ
425 2085 508 2126 χωρὶς
519 2083 671 2124 πολιορκίας
684 2083 762 2122 λιμόν
773 2094 832 2112 τινα
845 2081 910 2122 ἀφό-

141 2145 234 2174 ρητον,
247 2134 293 2164 καὶ
310 2133 411 2169 πολλὴν
424 2135 477 2162 τῶν
491 2130 640 2170 ἀναγκαίων
654 2129 759 2159 σπάνιν.
771 2128 909 2167 Κέχρηται

141 2180 169 2209 δὲ
190 2181 264 2220 κοινῇ
289 2178 429 2219 συιηθεία·
450 2177 519 2207 ”nai
541 2177 632 2216 ὥσπερ
654 2175 748 2205 πολλοί
772 2186 866 2214 φασιν,
886 2174 909 2202 εἰ

141 2225 238 2261 συνέὸη
251 2225 299 2261 τὴν
313 2225 390 2254 πόλιν
404 2224 508 2253 ἅπασαν
522 2224 615 2253 ὄὸολοῧ
636 2224 783 2251 πωλεῖσθαι
793 2242 800 2255 ,
814 2221 862 2250 οὐκ
877 2219 907 2248 ἂν

141 2270 234 2310 σχοίην
254 2271 336 2307 αὐτὴν
357 2269 500 2311 πρίασθαι,
515 2269 564 2305 τὴν
586 2269 702 2308 ἐσχάτην
723 2279 756 2296 πε
745 2267 814 2296 ενίαν
828 2267 908 2296 ἐνδει-

141 2315 266 2355 κνύμενος
276 2329 282 2335 ·
294 2316 362 2346 οὕτω
373 2317 418 2346 καὶ
433 2317 447 2345 ὃ
462 2315 598 2356 προφήτης
611 2314 704 2355 φησὶν,
718 2314 759 2342 ὅτι
768 2314 791 2342 εἷ
802 2311 907 2351 ἱματίου

173 2421 291 2448 -Οὐδενὸς
301 2422 396 2445 ἔλαττον
407 2420 599 2453 κλῃδονιζομένης.
619 2417 667 2441 Hic
678 2417 820 2448 suspicatur
832 2413 898 2440 Alle-

141 2467 188 2483 nus
201 2457 332 2491 legendum
343 2466 396 2482 esse
407 2460 467 2484 οὒδὶν
476 2462 567 2490 ἄμεινον
579 2459 736 2488 κλυδονιζομέ·
737 2466 762 2484 ης
766 2453 833 2479 .Sed
846 2454 898 2479 sine

140 2498 199 2522 Mss.
212 2499 363 2523 auctoritate
375 2496 435 2522 nihil
450 2495 599 2521 mutandum
613 2503 711 2520 censen.
725 2493 812 2518 Infra*
807 2502 833 2518 in
843 2493 898 2518 Μο-

141 2537 187 2562 rel.
200 2543 300 2562 tantum
313 2535 432 2562 mendose
443 2533 587 2569 legebatur'
581 2538 637 2569 νπὲρ
651 2537 674 2560 σὲ
686 2537 752 2566 ἔστω,
765 2541 812 2566 pro
823 2535 865 2559 ὑπὸ
874 2535 898 2558 σὲ
916 2561 920 2564 ,

143 2581 206 2602 ἔστω.

925 1537 942 1559 B

925 2041 944 2064 C

966 1019 1038 1048 enim
1059 1019 1140 1059 lignis
1160 1030 1220 1058 quae
1241 1019 1354 1049 aedificia
1374 1021 1544 1055 continebant
1566 1023 1712 1062 corruptis,

966 1072 1012 1094 aut
1027 1065 1152 1102 sublatis,
1175 1075 1281 1095 necesse
1297 1073 1335 1095 est
1352 1066 1431 1095 etiam
1453 1077 1544 1096 muros
1562 1069 1712 1108 perrumpi,

966 1111 1042 1140 nullo
1053 1111 1124 1140 ultra
1137 1111 1266 1140 retinente
1283 1123 1289 1140 :
1305 1111 1344 1141 sic
1355 1111 1411 1140 illis
1424 1112 1546 1148 sublatis,
1561 1113 1608 1151 qui
1626 1124 1709 1153 supra

964 1157 1031 1187 dicti
1050 1164 1123 1194 sunt,
1145 1157 1333 1197 principibus,
1356 1158 1535 1196 consiliariis,
1553 1159 1705 1198 judicibus,

963 1203 1112 1243 prophetis,
1131 1199 1200 1231 niliil
1215 1203 1387 1242 prohibebat,
1402 1203 1467 1242 quin
1487 1205 1607 1244 populus
1620 1205 1649 1234 in
1662 1206 1704 1236 fa-

961 1249 1062 1279 ctiones
1080 1259 1108 1279 se
1124 1249 1268 1285 scinderet,
1287 1256 1314 1279 et
1327 1260 1423 1290 magna
1436 1251 1603 1290 perturbatio
1619 1252 1703 1282 orire-

959 1301 1014 1325 tur.

999 1342 1029 1371 4.
1053 1343 1149 1371 Irruet
1156 1341 1294 1381 puerulus
1307 1342 1446 1372 adversus
1459 1353 1569 1382 senem,
1580 1351 1609 1374 et
1621 1346 1703 1385 igno·

961 1388 1028 1418 bilis
1046 1389 1184 1418 adversus
1216 1389 1353 1418 nobilem.
1380 1389 1592 1426 Adversabitur,
1607 1392 1706 1430 inquit,

957 1434 1068 1474 juvenis
1086 1434 1160 1471 seni,
1183 1433 1334 1474 despiciet,
1360 1442 1510 1466 contemnet
1533 1436 1623 1466 illum.
1646 1439 1709 1468 Haec

960 1481 1041 1510 etiam
1064 1487 1124 1510 ante
1148 1491 1230 1519 quam
1251 1480 1355 1510 bellum
1381 1481 1490 1511 instaret
1513 1483 1611 1522 quovis
1635 1484 1708 1514 bello

962 1526 1085 1566 graviora
1104 1533 1188 1556 erant.
1205 1526 1320 1563 Quando
1336 1527 1408 1557 enim
1428 1536 1549 1559 senectus
1572 1542 1587 1559 a
1605 1531 1707 1571 juven-

961 1579 1018 1603 tute
1031 1573 1220 1610 inhonoratur,
1234 1573 1357 1612 vilesque
1369 1580 1394 1603 et
1417 1574 1512 1614 abjecti
1525 1575 1646 1606 homines
1661 1577 1709 1607 ho-

961 1619 1095 1648 norabiles
1106 1619 1183 1659 prius
1194 1618 1268 1649 viros
1281 1619 1395 1656 calcant,
1411 1630 1462 1649 non
1476 1621 1581 1651 meliori
1596 1622 1623 1651 in
1637 1630 1708 1653 statu

961 1673 1085 1695 versatur
1099 1664 1255 1706 hujusmodi
1270 1666 1375 1703 civitas,
1393 1677 1473 1705 quam
1489 1669 1512 1698 si
1528 1669 1646 1700 hariolos
1662 1671 1708 1700 ha-

962 1712 1046 1741 beret.
1071 1714 1101 1741 6.
1138 1713 1216 1751 Quia
1243 1713 1439 1751 apprehendet
1469 1716 1555 1744 homo
1577 1718 1708 1757 fratrem

963 1767 1059 1794 suum,
1072 1764 1124 1786 aut
1142 1758 1331 1787 domesticum
1343 1761 1436 1797 patris
1447 1761 1493 1789 sui
1504 1762 1604 1791 dicens
1617 1775 1624 1791 t
1650 1765 1706 1793 Ve-

963 1804 1130 1832 stimentum
1137 1804 1235 1838 habes,
1240 1805 1375 1842 princeps
1383 1811 1479 1834 noster
1491 1811 1561 1843 esto,
1576 1815 1604 1837 et
1625 1811 1705 1839 cibus

962 1859 1042 1878 meus
1053 1851 1105 1878 sub
1121 1855 1148 1878 te
1156 1851 1204 1878 sit.
1219 1850 1248 1878 7.
1259 1850 1287 1878 E
1290 1856 1300 1879 t
1308 1851 1484 1888 respondens
1495 1853 1526 1881 in
1538 1854 1584 1882 die
1596 1854 1652 1883 illa
1662 1856 1706 1883 di-

962 1901 1027 1925 cet:
1051 1896 1120 1925 Non
1144 1905 1192 1924 ero
1212 1897 1345 1935 princeps
1358 1908 1366 1924 .-
1383 1907 1442 1925 non
1450 1899 1706 1930 enimescindomo

961 1951 1026 1971 mea
1037 1942 1123 1980 panis
1137 1951 1230 1980 neque
1254 1942 1474 1972 vestimentum.
1488 1936 1559 1973 Non
1569 1956 1617 1975 ero
1629 1948 1706 1985 prin-

961 1997 1026 2027 ceps
1043 1987 1145 2027 populi
1165 1988 1262 2027 hujus.
1281 1987 1337 2017 Hie
1355 1988 1422 2017 mihi
1443 1988 1552 2019 videtur
1568 1998 1615 2021 aut
1630 1992 1706 2022 obsi-

961 2033 1069 2063 dionem
1095 2033 1213 2072 aliquam
1236 2033 1422 2074 gravissimam
1444 2036 1626 2075 subindicare,
1648 2049 1707 2077 quae

960 2079 1033 2119 ipsos
1044 2080 1073 2109 in
1084 2086 1232 2109 extremam
1241 2079 1423 2109 necessitatem
1437 2081 1578 2121 redegerit;
1594 2090 1640 2113 aut
1650 2084 1708 2114 sine

961 2125 1101 2155 obsidione
1120 2126 1219 2154 samem
1232 2125 1378 2164 quamdam
1399 2127 1608 2165 intolerabilem,
1632 2131 1706 2159 mul-

960 2179 1068 2210 tamque
1081 2181 1172 2200 rerum
1192 2172 1400 2201 necessariarum
1415 2174 1566 2212 penuriam.
1583 2176 1656 2205 Usus
1667 2185 1707 2206 est

960 2225 1049 2248 autem
1063 2217 1199 2248 communi
1213 2217 1342 2256 loquendi
1356 2220 1548 2250 consuetudine
1564 2233 1572 2249 .·
1597 2228 1623 2251 et
1636 2222 1706 2252 sicut

960 2264 1041 2294 multi
1054 2264 1149 2293 dicunt
1166 2277 1173 2292 :
1187 2263 1217 2294 Si
1232 2264 1397 2304 contingeret
1418 2267 1513 2296 urbem
1531 2273 1614 2297 totam
1626 2269 1706 2299 obolo

961 2310 1131 2346 venumdari,
1154 2320 1206 2339 non
1230 2321 1334 2350 possem
1349 2311 1425 2341 illam
1447 2323 1545 2350 emere,
1561 2321 1706 2344 extremam

981 2415 995 2433 b
1012 2413 1055 2439 sic
1065 2421 1161 2443 omnes,
1175 2418 1264 2445 praeter
1273 2413 1361 2438 Morel.
1375 2415 1418 2447 qui
1428 2413 1506 2439 habet
1518 2419 1554 2441 καὶ
1566 2419 1646 2443 πολλοὶ
1663 2429 1707 2452 φα-

948 2465 989 2480 σιν.
1003 2452 1075 2478 Infra
1087 2457 1161 2484 putat
1175 2451 1277 2477 Alienus
1288 2451 1422 2485 legendum
1440 2461 1492 2478 esse
1508 2458 1584 2480 πενίαν
1600 2458 1706 2483 munna-

947 2503 1021 2526 μενοι,
1043 2500 1094 2516 nou
1108 2493 1141 2517 ἐν
1120 2502 1188 2517 νοεικν
1189 2493 1275 2524 ύμενος,
1290 2499 1336 2515 nec
1350 2490 1550 2517 animadvertere
1561 2491 1705 2521 videtur&-

948 2533 1084 2563 δεικνύμενος
1096 2529 1182 2554 referri
1191 2537 1264 2562 posse
1277 2528 1310 2554 ad
1325 2533 1410 2562 σχοὶην,
1429 2538 1483 2562 quae
1491 2539 1540 2556 vox
1552 2533 1706 2565 praeceditet

948 2576 985 2595 cst
995 2570 1020 2594 in
1031 2567 1157 2602 singulari,

1170 293 1176 311 :
1199 283 1264 323 Ego
1282 282 1437 322 plantavi,
1460 283 1573 322 Apollo
1594 284 1712 324 rigavit.
1727 299 1746 314 ι.
1777 292 1866 316 cm.3.
