<?xml version="1.0" encoding="UTF-8"?>
<!DOCTYPE html PUBLIC "-//W3C//DTD XHTML 1.0 Transitional//EN"
    "http://www.w3.org/TR/xhtml1/DTD/xhtml1-transitional.dtd">
<html xmlns="http://www.w3.org/1999/xhtml" xml:lang="en" lang="en">
 <head>
  <title>
</title>
<meta http-equiv="Content-Type" content="text/html;charset=utf-8" />
  <meta name='ocr-system' content='tesseract 3.04.00' />
  <meta name='ocr-capabilities' content='ocr_page ocr_carea ocr_par ocr_line ocrx_word'/>
</head>
<body>
  <div class='ocr_page' id='page_1' title='image "./operaomniaquaeex06johnuoft_0016.png"; bbox 0 0 1872 2800; ppageno 0'>
   <div class='ocr_carea' id='block_1_1' title="bbox 213 156 1044 183">
    <p class='ocr_par' dir='ltr' id='par_1_1' title="bbox 213 156 1044 183">
     <span class='ocr_line' id='line_1_1' title="bbox 213 156 1044 183; baseline -0.004 -1"><span class='ocrx_word' id='word_1_1' title='bbox 213 159 277 183; x_wconf 81' lang='lat' dir='ltr'>vm</span> <span class='ocrx_word' id='word_1_2' title='bbox 929 156 1044 179; x_wconf 74' lang='lat' dir='ltr'>INDEX.</span> 
     </span>
    </p>
   </div>
   <div class='ocr_carea' id='block_1_2' title="bbox 211 217 1747 855">
    <p class='ocr_par' dir='ltr' id='par_1_2' title="bbox 211 217 1747 855">
     <span class='ocr_line' id='line_1_2' title="bbox 255 217 1743 258; baseline -0.002 -9"><span class='ocrx_word' id='word_1_3' title='bbox 255 223 305 250; x_wconf 77' lang='grc'>99.</span> <span class='ocrx_word' id='word_1_4' title='bbox 328 220 446 250; x_wconf 86' lang='lat' dir='ltr'><strong>Homilia</strong></span> <span class='ocrx_word' id='word_1_5' title='bbox 476 221 505 250; x_wconf 88' lang='lat' dir='ltr'><strong>in</strong></span> <span class='ocrx_word' id='word_1_6' title='bbox 528 219 703 250; x_wconf 78' lang='lat' dir='ltr'>Nativitatem</span> <span class='ocrx_word' id='word_1_7' title='bbox 726 218 840 256; x_wconf 82' lang='lat' dir='ltr'>Christi,</span> <span class='ocrx_word' id='word_1_8' title='bbox 866 218 962 248; x_wconf 88' lang='lat' dir='ltr'>dubia.</span> <span class='ocrx_word' id='word_1_9' title='bbox 989 229 1017 258; x_wconf 88' lang='lat' dir='ltr'>p.</span> <span class='ocrx_word' id='word_1_10' title='bbox 1043 219 1112 248; x_wconf 70' lang='lat'>592.</span> <span class='ocrx_word' id='word_1_11' title='bbox 1136 218 1222 248; x_wconf 87' lang='lat' dir='ltr'>Savil.</span> <span class='ocrx_word' id='word_1_12' title='bbox 1245 218 1279 247; x_wconf 90' lang='lat' dir='ltr'>T.</span> <span class='ocrx_word' id='word_1_13' title='bbox 1301 218 1340 248; x_wconf 87' lang='lat' dir='ltr'>V.</span> <span class='ocrx_word' id='word_1_14' title='bbox 1367 229 1395 258; x_wconf 92' lang='lat' dir='ltr'>p.</span> <span class='ocrx_word' id='word_1_15' title='bbox 1417 218 1486 248; x_wconf 87' lang='lat'>846.</span> <span class='ocrx_word' id='word_1_16' title='bbox 1511 217 1608 247; x_wconf 85' lang='lat' dir='ltr'><strong>Morel.</strong></span> <span class='ocrx_word' id='word_1_17' title='bbox 1633 217 1669 246; x_wconf 89' lang='lat' dir='ltr'>T.</span> <span class='ocrx_word' id='word_1_18' title='bbox 1691 218 1743 247; x_wconf 89' lang='lat' dir='ltr'>VI.</span> 
     </span>
     <span class='ocr_line' id='line_1_3' title="bbox 373 265 603 306; baseline 0.004 -13"><span class='ocrx_word' id='word_1_19' title='bbox 373 276 404 306; x_wconf 89' lang='lat' dir='ltr'>p.</span> <span class='ocrx_word' id='word_1_20' title='bbox 419 265 490 296; x_wconf 88' lang='grc'>495.</span> <span class='ocrx_word' id='word_1_21' title='bbox 506 265 603 304; x_wconf 67' lang='grc'>[415]</span> 
     </span>
     <span class='ocr_line' id='line_1_4' title="bbox 249 309 1454 351; baseline -0.002 -11"><span class='ocrx_word' id='word_1_22' title='bbox 249 312 299 341; x_wconf 85' lang='grc'>95.</span> <span class='ocrx_word' id='word_1_23' title='bbox 322 312 364 341; x_wconf 88' lang='lat' dir='ltr'>De</span> <span class='ocrx_word' id='word_1_24' title='bbox 377 311 538 351; x_wconf 79' lang='lat' dir='ltr'><strong>legislatore,</strong></span> <span class='ocrx_word' id='word_1_25' title='bbox 553 311 656 341; x_wconf 88' lang='lat' dir='ltr'>incerti.</span> <span class='ocrx_word' id='word_1_26' title='bbox 670 321 699 351; x_wconf 92' lang='lat' dir='ltr'>p.</span> <span class='ocrx_word' id='word_1_27' title='bbox 715 311 783 341; x_wconf 84' lang='grc'>405.</span> <span class='ocrx_word' id='word_1_28' title='bbox 798 311 884 342; x_wconf 83' lang='lat' dir='ltr'>Savil.</span> <span class='ocrx_word' id='word_1_29' title='bbox 900 311 935 340; x_wconf 89' lang='lat' dir='ltr'>T.</span> <span class='ocrx_word' id='word_1_30' title='bbox 951 311 1004 341; x_wconf 90' lang='lat' dir='ltr'>VI.</span> <span class='ocrx_word' id='word_1_31' title='bbox 1020 321 1048 350; x_wconf 87' lang='lat' dir='ltr'>p.</span> <span class='ocrx_word' id='word_1_32' title='bbox 1066 310 1134 340; x_wconf 96' lang='grc'>640.</span> <span class='ocrx_word' id='word_1_33' title='bbox 1149 309 1248 339; x_wconf 88' lang='lat' dir='ltr'><strong>Morel.</strong></span> <span class='ocrx_word' id='word_1_34' title='bbox 1262 310 1295 338; x_wconf 88' lang='grc' dir='ltr'>Τ.</span> <span class='ocrx_word' id='word_1_35' title='bbox 1313 310 1365 340; x_wconf 85' lang='lat' dir='ltr'>VI.</span> <span class='ocrx_word' id='word_1_36' title='bbox 1381 321 1409 349; x_wconf 89' lang='lat' dir='ltr'>p.</span> <span class='ocrx_word' id='word_1_37' title='bbox 1426 312 1454 338; x_wconf 90' lang='lat'>1.</span> 
     </span>
     <span class='ocr_line' id='line_1_5' title="bbox 211 354 1747 399; baseline -0.003 -12"><span class='ocrx_word' id='word_1_38' title='bbox 211 356 233 395; x_wconf 85' lang='lat'>†</span> <span class='ocrx_word' id='word_1_39' title='bbox 254 357 305 387; x_wconf 79' lang='grc'>94.</span> <span class='ocrx_word' id='word_1_40' title='bbox 327 357 359 387; x_wconf 91' lang='lat' dir='ltr'><strong>In</strong></span> <span class='ocrx_word' id='word_1_41' title='bbox 373 356 455 394; x_wconf 87' lang='lat' dir='ltr'><strong>illud,</strong></span> <span class='ocrx_word' id='word_1_42' title='bbox 470 359 508 386; x_wconf 85' lang='lat' dir='ltr'>In</span> <span class='ocrx_word' id='word_1_43' title='bbox 522 367 581 397; x_wconf 83' lang='lat' dir='ltr'>qua</span> <span class='ocrx_word' id='word_1_44' title='bbox 595 362 737 396; x_wconf 74' lang='lat' dir='ltr'><em>potestate</em></span> <span class='ocrx_word' id='word_1_45' title='bbox 757 357 908 399; x_wconf 81' lang='lat' dir='ltr'><strong>haeesacis</strong></span> <span class='ocrx_word' id='word_1_46' title='bbox 918 379 926 395; x_wconf 84' lang='lat'>‚</span> <span class='ocrx_word' id='word_1_47' title='bbox 942 355 1102 386; x_wconf 83' lang='lat' dir='ltr'><strong>Antiocheni</strong></span> <span class='ocrx_word' id='word_1_48' title='bbox 1122 355 1272 395; x_wconf 87' lang='lat' dir='ltr'><strong>presbyteri</strong></span> <span class='ocrx_word' id='word_1_49' title='bbox 1293 355 1486 395; x_wconf 85' lang='lat' dir='ltr'><strong>Chrysostomo</strong></span> <span class='ocrx_word' id='word_1_50' title='bbox 1499 354 1620 393; x_wconf 80' lang='lat' dir='ltr'><strong>aequalis.</strong></span> <span class='ocrx_word' id='word_1_51' title='bbox 1636 365 1664 395; x_wconf 86' lang='lat' dir='ltr'>p.</span> <span class='ocrx_word' id='word_1_52' title='bbox 1679 355 1747 383; x_wconf 90' lang='grc'>417.</span> 
     </span>
     <span class='ocr_line' id='line_1_6' title="bbox 372 402 989 442; baseline 0.002 -11"><span class='ocrx_word' id='word_1_53' title='bbox 372 413 407 432; x_wconf 87' lang='lat' dir='ltr'>ex</span> <span class='ocrx_word' id='word_1_54' title='bbox 419 402 544 432; x_wconf 85' lang='lat' dir='ltr'><strong>cotelerii</strong></span> <span class='ocrx_word' id='word_1_55' title='bbox 558 403 752 432; x_wconf 84' lang='lat' dir='ltr'><strong>Monumentis.</strong></span> <span class='ocrx_word' id='word_1_56' title='bbox 765 403 799 432; x_wconf 93' lang='lat' dir='ltr'>T.</span> <span class='ocrx_word' id='word_1_57' title='bbox 813 403 863 432; x_wconf 89' lang='lat'>111.</span> <span class='ocrx_word' id='word_1_58' title='bbox 876 413 905 442; x_wconf 88' lang='lat' dir='ltr'>p.</span> <span class='ocrx_word' id='word_1_59' title='bbox 920 404 989 432; x_wconf 82' lang='grc'>191.</span> 
     </span>
     <span class='ocr_line' id='line_1_7' title="bbox 212 447 1613 489; baseline -0.003 -10"><span class='ocrx_word' id='word_1_60' title='bbox 212 451 226 466; x_wconf 80' lang='lat'><em>*</em></span> <span class='ocrx_word' id='word_1_61' title='bbox 255 451 304 481; x_wconf 82' lang='grc'>95.</span> <span class='ocrx_word' id='word_1_62' title='bbox 331 448 468 480; x_wconf 84' lang='lat' dir='ltr'><strong>Severiani</strong></span> <span class='ocrx_word' id='word_1_63' title='bbox 481 448 515 478; x_wconf 88' lang='lat' dir='ltr'>de</span> <span class='ocrx_word' id='word_1_64' title='bbox 528 447 627 478; x_wconf 89' lang='lat' dir='ltr'><strong>Mundi</strong></span> <span class='ocrx_word' id='word_1_65' title='bbox 641 448 774 478; x_wconf 75' lang='lat' dir='ltr'><strong>creatione</strong></span> <span class='ocrx_word' id='word_1_66' title='bbox 786 449 810 478; x_wconf 91' lang='lat'>1.</span> <span class='ocrx_word' id='word_1_67' title='bbox 825 459 852 488; x_wconf 90' lang='lat' dir='ltr'>p.</span> <span class='ocrx_word' id='word_1_68' title='bbox 865 449 935 479; x_wconf 92' lang='grc'>456.</span> <span class='ocrx_word' id='word_1_69' title='bbox 948 448 1034 479; x_wconf 85' lang='lat' dir='ltr'>Savil.</span> <span class='ocrx_word' id='word_1_70' title='bbox 1046 449 1080 477; x_wconf 94' lang='lat' dir='ltr'>T.</span> <span class='ocrx_word' id='word_1_71' title='bbox 1091 448 1156 480; x_wconf 88' lang='lat' dir='ltr'>VII.</span> <span class='ocrx_word' id='word_1_72' title='bbox 1168 459 1197 489; x_wconf 91' lang='grc' dir='ltr'>Ρ.</span> <span class='ocrx_word' id='word_1_73' title='bbox 1210 449 1279 480; x_wconf 89' lang='grc'>587.</span> <span class='ocrx_word' id='word_1_74' title='bbox 1293 455 1320 478; x_wconf 87' lang='lat' dir='ltr'>et</span> <span class='ocrx_word' id='word_1_75' title='bbox 1333 458 1366 478; x_wconf 87' lang='lat' dir='ltr'>ex</span> <span class='ocrx_word' id='word_1_76' title='bbox 1377 447 1476 478; x_wconf 88' lang='lat' dir='ltr'><strong>Codice</strong></span> <span class='ocrx_word' id='word_1_77' title='bbox 1483 448 1613 477; x_wconf 85' lang='lat' dir='ltr'>Romano.</span> 
     </span>
     <span class='ocr_line' id='line_1_8' title="bbox 213 493 1303 536; baseline -0.002 -10"><span class='ocrx_word' id='word_1_78' title='bbox 213 496 228 511; x_wconf 86' lang='lat'><em>*</em></span> <span class='ocrx_word' id='word_1_79' title='bbox 253 497 304 526; x_wconf 83' lang='grc'>96.</span> <span class='ocrx_word' id='word_1_80' title='bbox 326 494 457 536; x_wconf 84' lang='lat' dir='ltr'><strong>Ejusdem</strong></span> <span class='ocrx_word' id='word_1_81' title='bbox 469 493 504 524; x_wconf 88' lang='lat' dir='ltr'>de</span> <span class='ocrx_word' id='word_1_82' title='bbox 515 493 615 524; x_wconf 91' lang='lat' dir='ltr'><strong>Mundi</strong></span> <span class='ocrx_word' id='word_1_83' title='bbox 627 493 761 524; x_wconf 83' lang='lat' dir='ltr'><strong>creatione</strong></span> <span class='ocrx_word' id='word_1_84' title='bbox 772 495 809 524; x_wconf 89' lang='grc' dir='ltr'>Π.</span> <span class='ocrx_word' id='word_1_85' title='bbox 824 505 853 534; x_wconf 94' lang='grc' dir='ltr'>Ρ.</span> <span class='ocrx_word' id='word_1_86' title='bbox 870 493 941 524; x_wconf 88' lang='grc'>445.</span> <span class='ocrx_word' id='word_1_87' title='bbox 957 493 1044 524; x_wconf 88' lang='lat' dir='ltr'>Savil.</span> <span class='ocrx_word' id='word_1_88' title='bbox 1058 494 1094 523; x_wconf 88' lang='grc' dir='ltr'>Τ.</span> <span class='ocrx_word' id='word_1_89' title='bbox 1109 495 1175 525; x_wconf 85' lang='lat' dir='ltr'>Vll.</span> <span class='ocrx_word' id='word_1_90' title='bbox 1192 505 1219 534; x_wconf 89' lang='lat' dir='ltr'>p.</span> <span class='ocrx_word' id='word_1_91' title='bbox 1232 495 1303 525; x_wconf 85' lang='lat'>595.</span> 
     </span>
     <span class='ocr_line' id='line_1_9' title="bbox 212 539 1314 581; baseline 0 -11"><span class='ocrx_word' id='word_1_92' title='bbox 212 542 226 557; x_wconf 90' lang='lat'><em>*</em></span> <span class='ocrx_word' id='word_1_93' title='bbox 252 543 303 572; x_wconf 87' lang='grc'>97.</span> <span class='ocrx_word' id='word_1_94' title='bbox 328 540 459 581; x_wconf 88' lang='lat' dir='ltr'><strong>Ejusdem</strong></span> <span class='ocrx_word' id='word_1_95' title='bbox 473 540 507 570; x_wconf 91' lang='lat' dir='ltr'>de</span> <span class='ocrx_word' id='word_1_96' title='bbox 520 539 619 570; x_wconf 83' lang='lat' dir='ltr'><strong>Mundi</strong></span> <span class='ocrx_word' id='word_1_97' title='bbox 633 540 764 570; x_wconf 84' lang='lat' dir='ltr'><strong>creatione</strong></span> <span class='ocrx_word' id='word_1_98' title='bbox 777 541 829 570; x_wconf 92' lang='grc' dir='ltr'>ΠΙ.</span> <span class='ocrx_word' id='word_1_99' title='bbox 844 551 872 580; x_wconf 91' lang='lat' dir='ltr'>p.</span> <span class='ocrx_word' id='word_1_100' title='bbox 886 540 955 570; x_wconf 89' lang='grc'>454.</span> <span class='ocrx_word' id='word_1_101' title='bbox 968 539 1056 570; x_wconf 78' lang='lat' dir='ltr'>Savil.</span> <span class='ocrx_word' id='word_1_102' title='bbox 1073 540 1108 570; x_wconf 93' lang='grc' dir='ltr'>Τ.</span> <span class='ocrx_word' id='word_1_103' title='bbox 1121 540 1188 570; x_wconf 88' lang='lat' dir='ltr'>VII.</span> <span class='ocrx_word' id='word_1_104' title='bbox 1204 551 1231 580; x_wconf 86' lang='lat' dir='ltr'>p.</span> <span class='ocrx_word' id='word_1_105' title='bbox 1244 541 1314 570; x_wconf 79' lang='lat'>600.</span> 
     </span>
     <span class='ocr_line' id='line_1_10' title="bbox 213 585 1317 628; baseline -0.001 -12"><span class='ocrx_word' id='word_1_106' title='bbox 213 588 227 603; x_wconf 78' lang='lat'><strong>*</strong></span> <span class='ocrx_word' id='word_1_107' title='bbox 256 587 307 618; x_wconf 91' lang='grc'>98.</span> <span class='ocrx_word' id='word_1_108' title='bbox 329 587 460 628; x_wconf 89' lang='lat' dir='ltr'><strong>Ejusdem</strong></span> <span class='ocrx_word' id='word_1_109' title='bbox 473 586 509 616; x_wconf 87' lang='lat' dir='ltr'>de</span> <span class='ocrx_word' id='word_1_110' title='bbox 520 585 619 616; x_wconf 88' lang='lat' dir='ltr'><strong>Mundi</strong></span> <span class='ocrx_word' id='word_1_111' title='bbox 633 586 766 616; x_wconf 84' lang='lat' dir='ltr'><strong>creatione</strong></span> <span class='ocrx_word' id='word_1_112' title='bbox 777 587 832 616; x_wconf 91' lang='lat' dir='ltr'>IV.</span> <span class='ocrx_word' id='word_1_113' title='bbox 847 597 875 626; x_wconf 87' lang='lat' dir='ltr'>p.</span> <span class='ocrx_word' id='word_1_114' title='bbox 886 586 958 616; x_wconf 88' lang='grc'>465.</span> <span class='ocrx_word' id='word_1_115' title='bbox 973 586 1059 616; x_wconf 87' lang='lat' dir='ltr'>Savil.</span> <span class='ocrx_word' id='word_1_116' title='bbox 1072 586 1106 615; x_wconf 90' lang='lat' dir='ltr'>T.</span> <span class='ocrx_word' id='word_1_117' title='bbox 1120 586 1186 616; x_wconf 90' lang='lat' dir='ltr'>VII.</span> <span class='ocrx_word' id='word_1_118' title='bbox 1202 596 1220 625; x_wconf 90' lang='grc' dir='ltr'>Ρ</span> <span class='ocrx_word' id='word_1_119' title='bbox 1247 587 1317 615; x_wconf 93' lang='grc'>607.</span> 
     </span>
     <span class='ocr_line' id='line_1_11' title="bbox 214 631 1305 673; baseline -0.001 -12"><span class='ocrx_word' id='word_1_120' title='bbox 214 634 227 648; x_wconf 87' lang='lat'><em>*</em></span> <span class='ocrx_word' id='word_1_121' title='bbox 254 634 304 662; x_wconf 89' lang='grc'>99.</span> <span class='ocrx_word' id='word_1_122' title='bbox 327 633 458 673; x_wconf 87' lang='lat' dir='ltr'><strong>Ejusdem</strong></span> <span class='ocrx_word' id='word_1_123' title='bbox 470 632 505 662; x_wconf 87' lang='lat' dir='ltr'>de</span> <span class='ocrx_word' id='word_1_124' title='bbox 518 631 617 661; x_wconf 89' lang='lat' dir='ltr'><strong>Mundi</strong></span> <span class='ocrx_word' id='word_1_125' title='bbox 630 631 763 661; x_wconf 83' lang='lat' dir='ltr'><strong>creatione</strong></span> <span class='ocrx_word' id='word_1_126' title='bbox 776 633 815 662; x_wconf 92' lang='lat' dir='ltr'>V.</span> <span class='ocrx_word' id='word_1_127' title='bbox 830 643 860 672; x_wconf 90' lang='lat' dir='ltr'>p.</span> <span class='ocrx_word' id='word_1_128' title='bbox 875 632 947 663; x_wconf 82' lang='lat'>480.</span> <span class='ocrx_word' id='word_1_129' title='bbox 960 632 1046 662; x_wconf 89' lang='lat' dir='ltr'>Savil.</span> <span class='ocrx_word' id='word_1_130' title='bbox 1057 631 1091 660; x_wconf 92' lang='lat' dir='ltr'>T.</span> <span class='ocrx_word' id='word_1_131' title='bbox 1108 632 1173 661; x_wconf 91' lang='lat' dir='ltr'>VII.</span> <span class='ocrx_word' id='word_1_132' title='bbox 1190 642 1218 671; x_wconf 92' lang='lat' dir='ltr'>p.</span> <span class='ocrx_word' id='word_1_133' title='bbox 1235 631 1305 661; x_wconf 70' lang='lat'>618.</span> 
     </span>
     <span class='ocr_line' id='line_1_12' title="bbox 215 676 1313 719; baseline -0.001 -11"><span class='ocrx_word' id='word_1_134' title='bbox 215 680 226 691; x_wconf 83' lang='lat'><em>*</em></span> <span class='ocrx_word' id='word_1_135' title='bbox 255 679 306 708; x_wconf 90' lang='grc'>50.</span> <span class='ocrx_word' id='word_1_136' title='bbox 328 678 460 719; x_wconf 87' lang='lat' dir='ltr'><strong>Ejusdem</strong></span> <span class='ocrx_word' id='word_1_137' title='bbox 473 677 507 707; x_wconf 90' lang='lat' dir='ltr'>de</span> <span class='ocrx_word' id='word_1_138' title='bbox 521 676 620 707; x_wconf 87' lang='lat' dir='ltr'><strong>Mundi</strong></span> <span class='ocrx_word' id='word_1_139' title='bbox 633 676 765 707; x_wconf 86' lang='lat' dir='ltr'><strong>creatione</strong></span> <span class='ocrx_word' id='word_1_140' title='bbox 779 679 831 710; x_wconf 94' lang='lat' dir='ltr'>VI.</span> <span class='ocrx_word' id='word_1_141' title='bbox 847 688 874 718; x_wconf 91' lang='lat' dir='ltr'>p.</span> <span class='ocrx_word' id='word_1_142' title='bbox 888 678 958 708; x_wconf 86' lang='lat'>494.</span> <span class='ocrx_word' id='word_1_143' title='bbox 971 677 1058 708; x_wconf 81' lang='lat' dir='ltr'>savit.</span> <span class='ocrx_word' id='word_1_144' title='bbox 1069 678 1105 706; x_wconf 90' lang='lat' dir='ltr'>T.</span> <span class='ocrx_word' id='word_1_145' title='bbox 1119 678 1186 708; x_wconf 88' lang='lat' dir='ltr'>VII.</span> <span class='ocrx_word' id='word_1_146' title='bbox 1200 689 1229 718; x_wconf 90' lang='lat' dir='ltr'>p.</span> <span class='ocrx_word' id='word_1_147' title='bbox 1242 677 1313 707; x_wconf 88' lang='grc'>698.</span> 
     </span>
     <span class='ocr_line' id='line_1_13' title="bbox 253 722 1563 764; baseline -0.002 -9"><span class='ocrx_word' id='word_1_148' title='bbox 253 727 304 755; x_wconf 89' lang='grc'>51.</span> <span class='ocrx_word' id='word_1_149' title='bbox 326 724 463 755; x_wconf 83' lang='lat' dir='ltr'><strong>Severiani</strong></span> <span class='ocrx_word' id='word_1_150' title='bbox 476 723 511 754; x_wconf 90' lang='lat' dir='ltr'>de</span> <span class='ocrx_word' id='word_1_151' title='bbox 523 724 660 763; x_wconf 81' lang='lat' dir='ltr'><strong>Serpente.</strong></span> <span class='ocrx_word' id='word_1_152' title='bbox 676 734 703 764; x_wconf 95' lang='grc' dir='ltr'>Ρ.</span> <span class='ocrx_word' id='word_1_153' title='bbox 718 724 789 754; x_wconf 88' lang='grc'>511.</span> <span class='ocrx_word' id='word_1_154' title='bbox 804 723 889 754; x_wconf 84' lang='lat' dir='ltr'>Savil.</span> <span class='ocrx_word' id='word_1_155' title='bbox 906 725 940 753; x_wconf 96' lang='lat' dir='ltr'>T.</span> <span class='ocrx_word' id='word_1_156' title='bbox 958 725 998 754; x_wconf 89' lang='lat' dir='ltr'>V.</span> <span class='ocrx_word' id='word_1_157' title='bbox 1012 735 1040 764; x_wconf 89' lang='lat' dir='ltr'>p.</span> <span class='ocrx_word' id='word_1_158' title='bbox 1057 725 1128 755; x_wconf 90' lang='grc'>659.</span> <span class='ocrx_word' id='word_1_159' title='bbox 1145 724 1242 753; x_wconf 85' lang='lat' dir='ltr'><strong>Morel.</strong></span> <span class='ocrx_word' id='word_1_160' title='bbox 1254 724 1290 753; x_wconf 93' lang='lat' dir='ltr'>T.</span> <span class='ocrx_word' id='word_1_161' title='bbox 1307 725 1359 755; x_wconf 92' lang='lat' dir='ltr'>VI.</span> <span class='ocrx_word' id='word_1_162' title='bbox 1374 734 1403 764; x_wconf 92' lang='lat' dir='ltr'>p.</span> <span class='ocrx_word' id='word_1_163' title='bbox 1420 724 1468 753; x_wconf 89' lang='grc'>49.</span> <span class='ocrx_word' id='word_1_164' title='bbox 1484 722 1548 760; x_wconf 97' lang='grc'>[44.</span> <span class='ocrx_word' id='word_1_165' title='bbox 1551 723 1563 759; x_wconf 93' lang='grc'>]</span> 
     </span>
     <span class='ocr_line' id='line_1_14' title="bbox 214 766 1747 829; baseline -0.005 -27"><span class='ocrx_word' id='word_1_166' title='bbox 214 772 235 809; x_wconf 84' lang='lat'><em>†</em></span> <span class='ocrx_word' id='word_1_167' title='bbox 259 773 308 802; x_wconf 85' lang='grc'>59.</span> <span class='ocrx_word' id='word_1_168' title='bbox 331 770 518 810; x_wconf 79' lang='lat' dir='ltr'><strong>Interpretatio</strong></span> <span class='ocrx_word' id='word_1_169' title='bbox 529 770 624 799; x_wconf 82' lang='lat' dir='ltr'><strong>Latina</strong></span> <span class='ocrx_word' id='word_1_170' title='bbox 637 776 715 800; x_wconf 86' lang='lat' dir='ltr'><strong>vetus</strong></span> <span class='ocrx_word' id='word_1_171' title='bbox 732 769 860 809; x_wconf 77' lang='lat' dir='ltr'><strong>Epistol-&#39;e</strong></span> <span class='ocrx_word' id='word_1_172' title='bbox 874 770 949 799; x_wconf 87' lang='lat' dir='ltr'>S..1.</span> <span class='ocrx_word' id='word_1_173' title='bbox 964 769 1149 811; x_wconf 81' lang='lat' dir='ltr'><strong>chrysostomi</strong></span> <span class='ocrx_word' id='word_1_174' title='bbox 1161 769 1196 799; x_wconf 86' lang='lat' dir='ltr'><strong>ad</strong></span> <span class='ocrx_word' id='word_1_175' title='bbox 1210 769 1384 800; x_wconf 85' lang='lat' dir='ltr'><strong>Theodorum</strong></span> <span class='ocrx_word' id='word_1_176' title='bbox 1397 770 1627 808; x_wconf 86' lang='lat' dir='ltr'><strong>Mopsuestenum.</strong></span> <span class='ocrx_word' id='word_1_177' title='bbox 1638 777 1667 829; x_wconf 93' lang='grc' dir='ltr'>Ρ.</span> <span class='ocrx_word' id='word_1_178' title='bbox 1680 766 1747 795; x_wconf 85' lang='grc'>551.</span> 
     </span>
     <span class='ocr_line' id='line_1_15' title="bbox 372 815 772 855; baseline -0.005 -9"><span class='ocrx_word' id='word_1_179' title='bbox 372 817 416 846; x_wconf 86' lang='lat' dir='ltr'>Ex</span> <span class='ocrx_word' id='word_1_180' title='bbox 427 815 526 846; x_wconf 87' lang='lat' dir='ltr'><strong>Codice</strong></span> <span class='ocrx_word' id='word_1_181' title='bbox 539 815 772 855; x_wconf 84' lang='lat' dir='ltr'><strong>Sangermanensi.</strong></span> 
     </span>
    </p>
   </div>
   <div class='ocr_carea' id='block_1_3' title="bbox 881 963 1087 998">
    <p class='ocr_par' dir='ltr' id='par_1_3' title="bbox 881 963 1087 998">
     <span class='ocr_line' id='line_1_16' title="bbox 881 963 1087 998; baseline 0 0"><span class='ocrx_word' id='word_1_182' title='bbox 881 963 1087 998; x_wconf 85' lang='lat' dir='ltr'>SPURIA.</span> 
     </span>
    </p>
   </div>
   <div class='ocr_carea' id='block_1_4' title="bbox 213 1114 1759 1840">
    <p class='ocr_par' dir='ltr' id='par_1_4' title="bbox 213 1114 1759 1840">
     <span class='ocr_line' id='line_1_17' title="bbox 252 1114 1433 1156; baseline -0.003 -10"><span class='ocrx_word' id='word_1_183' title='bbox 252 1117 301 1146; x_wconf 87' lang='grc'>55.</span> <span class='ocrx_word' id='word_1_184' title='bbox 325 1117 357 1146; x_wconf 90' lang='lat' dir='ltr'><strong>In</strong></span> <span class='ocrx_word' id='word_1_185' title='bbox 370 1115 497 1146; x_wconf 84' lang='lat' dir='ltr'><strong>Genesim</strong></span> <span class='ocrx_word' id='word_1_186' title='bbox 509 1115 534 1145; x_wconf 91' lang='lat'>1.</span> <span class='ocrx_word' id='word_1_187' title='bbox 549 1126 578 1155; x_wconf 90' lang='lat' dir='ltr'>p.</span> <span class='ocrx_word' id='word_1_188' title='bbox 596 1115 664 1145; x_wconf 87' lang='grc'>559.</span> <span class='ocrx_word' id='word_1_189' title='bbox 679 1114 766 1145; x_wconf 87' lang='lat' dir='ltr'>Savil.</span> <span class='ocrx_word' id='word_1_190' title='bbox 782 1116 817 1144; x_wconf 92' lang='lat' dir='ltr'>T.</span> <span class='ocrx_word' id='word_1_191' title='bbox 833 1115 874 1146; x_wconf 84' lang='lat' dir='ltr'>V.</span> <span class='ocrx_word' id='word_1_192' title='bbox 886 1126 914 1156; x_wconf 79' lang='grc' dir='ltr'>Ρ.</span> <span class='ocrx_word' id='word_1_193' title='bbox 932 1115 1003 1144; x_wconf 84' lang='grc'>649.</span> <span class='ocrx_word' id='word_1_194' title='bbox 1021 1114 1117 1144; x_wconf 87' lang='lat' dir='ltr'><strong>Morel.</strong></span> <span class='ocrx_word' id='word_1_195' title='bbox 1132 1114 1166 1144; x_wconf 83' lang='lat' dir='ltr'>T.</span> <span class='ocrx_word' id='word_1_196' title='bbox 1179 1115 1228 1145; x_wconf 91' lang='lat' dir='ltr'>VI.</span> <span class='ocrx_word' id='word_1_197' title='bbox 1242 1126 1270 1155; x_wconf 89' lang='lat' dir='ltr'>p.</span> <span class='ocrx_word' id='word_1_198' title='bbox 1288 1115 1336 1145; x_wconf 92' lang='grc'>18.</span> <span class='ocrx_word' id='word_1_199' title='bbox 1354 1116 1433 1154; x_wconf 91' lang='lat'>[16.]</span> 
     </span>
     <span class='ocr_line' id='line_1_18' title="bbox 253 1159 1455 1201; baseline -0.003 -9"><span class='ocrx_word' id='word_1_200' title='bbox 253 1164 304 1192; x_wconf 88' lang='grc'>54.</span> <span class='ocrx_word' id='word_1_201' title='bbox 325 1163 357 1192; x_wconf 91' lang='lat' dir='ltr'><strong>In</strong></span> <span class='ocrx_word' id='word_1_202' title='bbox 372 1161 500 1192; x_wconf 89' lang='lat' dir='ltr'><strong>Genesim</strong></span> <span class='ocrx_word' id='word_1_203' title='bbox 510 1162 548 1191; x_wconf 93' lang='lat' dir='ltr'>II.</span> <span class='ocrx_word' id='word_1_204' title='bbox 562 1172 590 1201; x_wconf 90' lang='lat' dir='ltr'>p.</span> <span class='ocrx_word' id='word_1_205' title='bbox 608 1161 677 1191; x_wconf 84' lang='lat'>555.</span> <span class='ocrx_word' id='word_1_206' title='bbox 694 1160 779 1191; x_wconf 88' lang='lat' dir='ltr'>Savil.</span> <span class='ocrx_word' id='word_1_207' title='bbox 796 1162 831 1190; x_wconf 92' lang='lat' dir='ltr'>T.</span> <span class='ocrx_word' id='word_1_208' title='bbox 846 1162 884 1191; x_wconf 90' lang='lat' dir='ltr'>V.</span> <span class='ocrx_word' id='word_1_209' title='bbox 900 1172 928 1200; x_wconf 87' lang='lat' dir='ltr'>p.</span> <span class='ocrx_word' id='word_1_210' title='bbox 944 1159 1014 1191; x_wconf 85' lang='grc'>645,</span> <span class='ocrx_word' id='word_1_211' title='bbox 1031 1161 1131 1190; x_wconf 88' lang='lat' dir='ltr'>Morcl.</span> <span class='ocrx_word' id='word_1_212' title='bbox 1145 1160 1180 1189; x_wconf 90' lang='lat' dir='ltr'>T.</span> <span class='ocrx_word' id='word_1_213' title='bbox 1198 1161 1250 1190; x_wconf 88' lang='lat' dir='ltr'>VI.</span> <span class='ocrx_word' id='word_1_214' title='bbox 1265 1172 1294 1201; x_wconf 87' lang='grc' dir='ltr'>Ρ.</span> <span class='ocrx_word' id='word_1_215' title='bbox 1310 1162 1359 1191; x_wconf 88' lang='grc'>94.</span> <span class='ocrx_word' id='word_1_216' title='bbox 1374 1161 1419 1199; x_wconf 85' lang='grc'>[91</span> <span class='ocrx_word' id='word_1_217' title='bbox 1431 1161 1455 1198; x_wconf 85' lang='grc'>.]</span> 
     </span>
     <span class='ocr_line' id='line_1_19' title="bbox 215 1206 1059 1247; baseline -0.002 -9"><span class='ocrx_word' id='word_1_218' title='bbox 215 1210 226 1222; x_wconf 90' lang='lat'><em>*</em></span> <span class='ocrx_word' id='word_1_219' title='bbox 254 1208 302 1239; x_wconf 81' lang='lat'>55.</span> <span class='ocrx_word' id='word_1_220' title='bbox 325 1210 357 1238; x_wconf 86' lang='lat' dir='ltr'><strong>In</strong></span> <span class='ocrx_word' id='word_1_221' title='bbox 372 1207 500 1238; x_wconf 90' lang='lat' dir='ltr'><strong>Genesim</strong></span> <span class='ocrx_word' id='word_1_222' title='bbox 511 1207 562 1237; x_wconf 92' lang='lat' dir='ltr'>III.</span> <span class='ocrx_word' id='word_1_223' title='bbox 578 1218 608 1247; x_wconf 68' lang='lat' dir='ltr'>p.</span> <span class='ocrx_word' id='word_1_224' title='bbox 622 1207 690 1237; x_wconf 88' lang='grc'>559.</span> <span class='ocrx_word' id='word_1_225' title='bbox 715 1206 800 1237; x_wconf 89' lang='lat' dir='ltr'>Savil.</span> <span class='ocrx_word' id='word_1_226' title='bbox 813 1207 848 1236; x_wconf 92' lang='lat' dir='ltr'>T.</span> <span class='ocrx_word' id='word_1_227' title='bbox 865 1207 929 1237; x_wconf 87' lang='lat' dir='ltr'>VII.</span> <span class='ocrx_word' id='word_1_228' title='bbox 943 1217 971 1246; x_wconf 90' lang='lat' dir='ltr'>p.</span> <span class='ocrx_word' id='word_1_229' title='bbox 990 1207 1059 1236; x_wconf 84' lang='grc'>957.</span> 
     </span>
     <span class='ocr_line' id='line_1_20' title="bbox 213 1252 1140 1293; baseline -0.002 -8"><span class='ocrx_word' id='word_1_230' title='bbox 213 1256 233 1292; x_wconf 42' lang='grc' dir='ltr'>’ᾗ</span> <span class='ocrx_word' id='word_1_231' title='bbox 252 1256 303 1285; x_wconf 84' lang='grc'>56.</span> <span class='ocrx_word' id='word_1_232' title='bbox 326 1255 359 1284; x_wconf 89' lang='lat' dir='ltr'><strong>ln</strong></span> <span class='ocrx_word' id='word_1_233' title='bbox 373 1253 510 1284; x_wconf 76' lang='lat' dir='ltr'><strong>Abraham</strong></span> <span class='ocrx_word' id='word_1_234' title='bbox 525 1259 551 1283; x_wconf 88' lang='lat' dir='ltr'>et</span> <span class='ocrx_word' id='word_1_235' title='bbox 562 1253 646 1283; x_wconf 82' lang='lat' dir='ltr'>Isaac.</span> <span class='ocrx_word' id='word_1_236' title='bbox 661 1263 689 1293; x_wconf 87' lang='lat' dir='ltr'>p.</span> <span class='ocrx_word' id='word_1_237' title='bbox 707 1253 776 1283; x_wconf 88' lang='grc'>559.</span> <span class='ocrx_word' id='word_1_238' title='bbox 793 1252 877 1283; x_wconf 84' lang='lat' dir='ltr'>Savil.</span> <span class='ocrx_word' id='word_1_239' title='bbox 894 1253 930 1282; x_wconf 90' lang='lat' dir='ltr'>T.</span> <span class='ocrx_word' id='word_1_240' title='bbox 948 1254 1013 1284; x_wconf 94' lang='lat' dir='ltr'>VII.</span> <span class='ocrx_word' id='word_1_241' title='bbox 1029 1264 1056 1293; x_wconf 92' lang='grc' dir='ltr'>Ρ.</span> <span class='ocrx_word' id='word_1_242' title='bbox 1070 1254 1140 1283; x_wconf 89' lang='grc'>594.</span> 
     </span>
     <span class='ocr_line' id='line_1_21' title="bbox 253 1298 1252 1340; baseline -0.002 -9"><span class='ocrx_word' id='word_1_243' title='bbox 253 1302 304 1331; x_wconf 87' lang='grc'>57.</span> <span class='ocrx_word' id='word_1_244' title='bbox 326 1302 426 1331; x_wconf 88' lang='lat' dir='ltr'><strong>Contra</strong></span> <span class='ocrx_word' id='word_1_245' title='bbox 437 1299 539 1329; x_wconf 81' lang='lat' dir='ltr'><strong>theatra</strong></span> <span class='ocrx_word' id='word_1_246' title='bbox 553 1306 578 1329; x_wconf 88' lang='lat' dir='ltr'>et</span> <span class='ocrx_word' id='word_1_247' title='bbox 593 1298 628 1329; x_wconf 84' lang='lat' dir='ltr'>de</span> <span class='ocrx_word' id='word_1_248' title='bbox 642 1298 807 1330; x_wconf 84' lang='lat' dir='ltr'>Abrahamo.</span> <span class='ocrx_word' id='word_1_249' title='bbox 821 1309 850 1339; x_wconf 87' lang='lat' dir='ltr'>p.</span> <span class='ocrx_word' id='word_1_250' title='bbox 867 1299 936 1330; x_wconf 83' lang='lat'>557.</span> <span class='ocrx_word' id='word_1_251' title='bbox 953 1299 1038 1330; x_wconf 82' lang='lat' dir='ltr'>savil.</span> <span class='ocrx_word' id='word_1_252' title='bbox 1056 1300 1091 1330; x_wconf 91' lang='grc' dir='ltr'>Τ.</span> <span class='ocrx_word' id='word_1_253' title='bbox 1110 1300 1145 1330; x_wconf 85' lang='lat' dir='ltr'>V.</span> <span class='ocrx_word' id='word_1_254' title='bbox 1157 1310 1187 1340; x_wconf 88' lang='grc' dir='ltr'>Ρ.</span> <span class='ocrx_word' id='word_1_255' title='bbox 1201 1298 1252 1329; x_wconf 73' lang='grc'>58.</span> 
     </span>
     <span class='ocr_line' id='line_1_22' title="bbox 253 1344 1759 1386; baseline -0.003 -9"><span class='ocrx_word' id='word_1_256' title='bbox 253 1348 303 1378; x_wconf 81' lang='grc'>58.</span> <span class='ocrx_word' id='word_1_257' title='bbox 326 1349 359 1377; x_wconf 88' lang='lat' dir='ltr'><strong>In</strong></span> <span class='ocrx_word' id='word_1_258' title='bbox 372 1345 454 1383; x_wconf 89' lang='lat' dir='ltr'><strong>illud,</strong></span> <span class='ocrx_word' id='word_1_259' title='bbox 465 1345 550 1375; x_wconf 81' lang='lat' dir='ltr'><strong>Pone</strong></span> <span class='ocrx_word' id='word_1_260' title='bbox 558 1355 678 1375; x_wconf 83' lang='lat' dir='ltr'><strong>manum</strong></span> <span class='ocrx_word' id='word_1_261' title='bbox 689 1351 781 1384; x_wconf 80' lang='lat' dir='ltr'><strong>tuam,</strong></span> <span class='ocrx_word' id='word_1_262' title='bbox 793 1352 843 1376; x_wconf 87' lang='lat' dir='ltr'>etc.</span> <span class='ocrx_word' id='word_1_263' title='bbox 859 1356 888 1385; x_wconf 88' lang='lat' dir='ltr'>p.</span> <span class='ocrx_word' id='word_1_264' title='bbox 904 1346 971 1376; x_wconf 87' lang='lat'>569.</span> <span class='ocrx_word' id='word_1_265' title='bbox 988 1345 1073 1378; x_wconf 82' lang='lat' dir='ltr'><strong>Savil,</strong></span> <span class='ocrx_word' id='word_1_266' title='bbox 1090 1347 1125 1375; x_wconf 89' lang='lat' dir='ltr'>T.</span> <span class='ocrx_word' id='word_1_267' title='bbox 1141 1347 1207 1377; x_wconf 89' lang='lat' dir='ltr'>VII.</span> <span class='ocrx_word' id='word_1_268' title='bbox 1222 1357 1250 1386; x_wconf 91' lang='lat' dir='ltr'>p.</span> <span class='ocrx_word' id='word_1_269' title='bbox 1264 1346 1333 1376; x_wconf 84' lang='lat'>565.</span> <span class='ocrx_word' id='word_1_270' title='bbox 1349 1346 1448 1376; x_wconf 85' lang='lat' dir='ltr'><strong>Morel.</strong></span> <span class='ocrx_word' id='word_1_271' title='bbox 1462 1346 1496 1375; x_wconf 92' lang='lat' dir='ltr'>T.</span> <span class='ocrx_word' id='word_1_272' title='bbox 1511 1344 1565 1375; x_wconf 95' lang='lat' dir='ltr'>VI.</span> <span class='ocrx_word' id='word_1_273' title='bbox 1580 1355 1606 1385; x_wconf 90' lang='lat' dir='ltr'>p.</span> <span class='ocrx_word' id='word_1_274' title='bbox 1620 1346 1669 1375; x_wconf 84' lang='lat'>50.</span> <span class='ocrx_word' id='word_1_275' title='bbox 1682 1345 1759 1383; x_wconf 59' lang='lat'>[026]</span> 
     </span>
     <span class='ocr_line' id='line_1_23' title="bbox 253 1392 1411 1434; baseline -0.002 -11"><span class='ocrx_word' id='word_1_276' title='bbox 253 1395 303 1423; x_wconf 83' lang='lat'>59.</span> <span class='ocrx_word' id='word_1_277' title='bbox 325 1395 358 1423; x_wconf 91' lang='lat' dir='ltr'><strong>In</strong></span> <span class='ocrx_word' id='word_1_278' title='bbox 372 1393 474 1423; x_wconf 90' lang='lat' dir='ltr'><strong>Jobum</strong></span> <span class='ocrx_word' id='word_1_279' title='bbox 486 1394 510 1424; x_wconf 93' lang='grc' dir='ltr'>Ι.</span> <span class='ocrx_word' id='word_1_280' title='bbox 527 1403 556 1434; x_wconf 89' lang='lat' dir='ltr'>p.</span> <span class='ocrx_word' id='word_1_281' title='bbox 571 1393 639 1423; x_wconf 83' lang='lat'>579.</span> <span class='ocrx_word' id='word_1_282' title='bbox 655 1392 742 1422; x_wconf 80' lang='lat' dir='ltr'>Savil.</span> <span class='ocrx_word' id='word_1_283' title='bbox 758 1392 792 1421; x_wconf 90' lang='lat' dir='ltr'>T.</span> <span class='ocrx_word' id='word_1_284' title='bbox 807 1393 845 1423; x_wconf 95' lang='lat' dir='ltr'>V.</span> <span class='ocrx_word' id='word_1_285' title='bbox 862 1403 890 1433; x_wconf 94' lang='lat' dir='ltr'>p.</span> <span class='ocrx_word' id='word_1_286' title='bbox 904 1393 973 1422; x_wconf 87' lang='lat'>949.</span> <span class='ocrx_word' id='word_1_287' title='bbox 991 1392 1086 1421; x_wconf 90' lang='lat' dir='ltr'><strong>Morel.</strong></span> <span class='ocrx_word' id='word_1_288' title='bbox 1101 1392 1137 1421; x_wconf 91' lang='lat' dir='ltr'>T.</span> <span class='ocrx_word' id='word_1_289' title='bbox 1152 1392 1206 1423; x_wconf 90' lang='lat' dir='ltr'>VI.</span> <span class='ocrx_word' id='word_1_290' title='bbox 1224 1403 1252 1432; x_wconf 92' lang='lat' dir='ltr'>p.</span> <span class='ocrx_word' id='word_1_291' title='bbox 1270 1393 1317 1422; x_wconf 90' lang='grc'>76.</span> <span class='ocrx_word' id='word_1_292' title='bbox 1332 1393 1411 1432; x_wconf 88' lang='lat'>[67.]</span> 
     </span>
     <span class='ocr_line' id='line_1_24' title="bbox 253 1437 1436 1480; baseline -0.003 -10"><span class='ocrx_word' id='word_1_293' title='bbox 253 1442 304 1470; x_wconf 88' lang='grc'>40.</span> <span class='ocrx_word' id='word_1_294' title='bbox 326 1441 358 1470; x_wconf 92' lang='lat' dir='ltr'><strong>In</strong></span> <span class='ocrx_word' id='word_1_295' title='bbox 371 1439 472 1471; x_wconf 87' lang='lat' dir='ltr'><strong>Jobum</strong></span> <span class='ocrx_word' id='word_1_296' title='bbox 486 1440 524 1470; x_wconf 93' lang='grc' dir='ltr'>ΙΙ.</span> <span class='ocrx_word' id='word_1_297' title='bbox 540 1450 569 1480; x_wconf 90' lang='lat' dir='ltr'>p.</span> <span class='ocrx_word' id='word_1_298' title='bbox 585 1439 654 1470; x_wconf 82' lang='lat'>585.</span> <span class='ocrx_word' id='word_1_299' title='bbox 670 1439 757 1469; x_wconf 86' lang='lat' dir='ltr'>Savil.</span> <span class='ocrx_word' id='word_1_300' title='bbox 773 1439 808 1468; x_wconf 91' lang='lat' dir='ltr'>T.</span> <span class='ocrx_word' id='word_1_301' title='bbox 826 1440 864 1469; x_wconf 87' lang='lat' dir='ltr'>V.</span> <span class='ocrx_word' id='word_1_302' title='bbox 881 1450 911 1480; x_wconf 87' lang='lat' dir='ltr'>p.</span> <span class='ocrx_word' id='word_1_303' title='bbox 926 1440 999 1471; x_wconf 63' lang='lat'>9541.</span> <span class='ocrx_word' id='word_1_304' title='bbox 1013 1437 1113 1468; x_wconf 84' lang='lat' dir='ltr'>Morel.</span> <span class='ocrx_word' id='word_1_305' title='bbox 1126 1439 1160 1468; x_wconf 90' lang='lat' dir='ltr'>T.</span> <span class='ocrx_word' id='word_1_306' title='bbox 1180 1439 1231 1469; x_wconf 92' lang='lat' dir='ltr'>VI.</span> <span class='ocrx_word' id='word_1_307' title='bbox 1248 1450 1276 1479; x_wconf 88' lang='lat' dir='ltr'>p.</span> <span class='ocrx_word' id='word_1_308' title='bbox 1291 1438 1339 1469; x_wconf 85' lang='lat'>85.</span> <span class='ocrx_word' id='word_1_309' title='bbox 1358 1439 1436 1478; x_wconf 86' lang='grc'>[74.]</span> 
     </span>
     <span class='ocr_line' id='line_1_25' title="bbox 254 1484 1443 1526; baseline -0.002 -10"><span class='ocrx_word' id='word_1_310' title='bbox 254 1488 288 1516; x_wconf 88' lang='grc'>41</span> <span class='ocrx_word' id='word_1_311' title='bbox 298 1484 310 1516; x_wconf 83' lang='grc'>.’</span> <span class='ocrx_word' id='word_1_312' title='bbox 327 1487 360 1516; x_wconf 92' lang='lat' dir='ltr'><strong>In</strong></span> <span class='ocrx_word' id='word_1_313' title='bbox 373 1486 473 1516; x_wconf 89' lang='lat' dir='ltr'><strong>Jobum</strong></span> <span class='ocrx_word' id='word_1_314' title='bbox 486 1486 538 1516; x_wconf 90' lang='lat'>111.</span> <span class='ocrx_word' id='word_1_315' title='bbox 552 1496 582 1526; x_wconf 93' lang='grc' dir='ltr'>Ρ.</span> <span class='ocrx_word' id='word_1_316' title='bbox 599 1485 668 1516; x_wconf 87' lang='grc'>587.</span> <span class='ocrx_word' id='word_1_317' title='bbox 683 1485 770 1515; x_wconf 87' lang='lat' dir='ltr'>Savil.</span> <span class='ocrx_word' id='word_1_318' title='bbox 784 1485 820 1514; x_wconf 92' lang='lat' dir='ltr'>T.</span> <span class='ocrx_word' id='word_1_319' title='bbox 835 1486 875 1515; x_wconf 89' lang='lat' dir='ltr'>V.</span> <span class='ocrx_word' id='word_1_320' title='bbox 889 1496 919 1525; x_wconf 88' lang='lat' dir='ltr'>p.</span> <span class='ocrx_word' id='word_1_321' title='bbox 934 1486 1003 1515; x_wconf 88' lang='lat'>956.</span> <span class='ocrx_word' id='word_1_322' title='bbox 1020 1485 1120 1514; x_wconf 85' lang='lat' dir='ltr'><strong>Morel.</strong></span> <span class='ocrx_word' id='word_1_323' title='bbox 1136 1485 1172 1514; x_wconf 90' lang='lat' dir='ltr'>T.</span> <span class='ocrx_word' id='word_1_324' title='bbox 1188 1486 1239 1516; x_wconf 89' lang='lat' dir='ltr'>VI.</span> <span class='ocrx_word' id='word_1_325' title='bbox 1256 1496 1285 1525; x_wconf 91' lang='lat' dir='ltr'>p.</span> <span class='ocrx_word' id='word_1_326' title='bbox 1301 1484 1351 1515; x_wconf 87' lang='lat'>89.</span> <span class='ocrx_word' id='word_1_327' title='bbox 1366 1485 1443 1524; x_wconf 83' lang='lat'>[79.]</span> 
     </span>
     <span class='ocr_line' id='line_1_26' title="bbox 254 1531 1471 1572; baseline -0.002 -9"><span class='ocrx_word' id='word_1_328' title='bbox 254 1534 305 1563; x_wconf 89' lang='grc'>49.</span> <span class='ocrx_word' id='word_1_329' title='bbox 327 1533 360 1562; x_wconf 91' lang='lat' dir='ltr'><strong>In</strong></span> <span class='ocrx_word' id='word_1_330' title='bbox 373 1532 475 1563; x_wconf 85' lang='lat' dir='ltr'><strong>Jobum</strong></span> <span class='ocrx_word' id='word_1_331' title='bbox 487 1532 541 1562; x_wconf 90' lang='lat' dir='ltr'>IV.</span> <span class='ocrx_word' id='word_1_332' title='bbox 558 1542 588 1571; x_wconf 90' lang='lat' dir='ltr'>p.</span> <span class='ocrx_word' id='word_1_333' title='bbox 602 1532 672 1561; x_wconf 82' lang='lat'>593.</span> <span class='ocrx_word' id='word_1_334' title='bbox 687 1531 773 1561; x_wconf 84' lang='lat' dir='ltr'>Savil.</span> <span class='ocrx_word' id='word_1_335' title='bbox 789 1532 825 1561; x_wconf 93' lang='lat' dir='ltr'>T.</span> <span class='ocrx_word' id='word_1_336' title='bbox 842 1532 880 1562; x_wconf 89' lang='lat' dir='ltr'>V.</span> <span class='ocrx_word' id='word_1_337' title='bbox 894 1542 923 1572; x_wconf 73' lang='lat' dir='ltr'>p.</span> <span class='ocrx_word' id='word_1_338' title='bbox 939 1532 1008 1562; x_wconf 84' lang='lat'>965.</span> <span class='ocrx_word' id='word_1_339' title='bbox 1026 1531 1122 1562; x_wconf 86' lang='lat' dir='ltr'><strong>Morel.</strong></span> <span class='ocrx_word' id='word_1_340' title='bbox 1140 1532 1175 1561; x_wconf 90' lang='grc' dir='ltr'>Τ.</span> <span class='ocrx_word' id='word_1_341' title='bbox 1192 1533 1244 1562; x_wconf 91' lang='lat' dir='ltr'>VI.</span> <span class='ocrx_word' id='word_1_342' title='bbox 1262 1542 1292 1572; x_wconf 86' lang='lat' dir='ltr'>p.</span> <span class='ocrx_word' id='word_1_343' title='bbox 1309 1532 1376 1560; x_wconf 93' lang='lat'>101.</span> <span class='ocrx_word' id='word_1_344' title='bbox 1393 1531 1471 1570; x_wconf 90' lang='grc'>[87.]</span> 
     </span>
     <span class='ocr_line' id='line_1_27' title="bbox 254 1577 1607 1618; baseline -0.002 -9"><span class='ocrx_word' id='word_1_345' title='bbox 254 1580 304 1609; x_wconf 88' lang='grc'>45.</span> <span class='ocrx_word' id='word_1_346' title='bbox 326 1580 358 1608; x_wconf 90' lang='lat' dir='ltr'><strong>In</strong></span> <span class='ocrx_word' id='word_1_347' title='bbox 370 1578 477 1608; x_wconf 86' lang='lat' dir='ltr'><strong>Heliam</strong></span> <span class='ocrx_word' id='word_1_348' title='bbox 490 1577 659 1618; x_wconf 87' lang='lat' dir='ltr'>prophetam.</span> <span class='ocrx_word' id='word_1_349' title='bbox 673 1589 703 1618; x_wconf 90' lang='lat' dir='ltr'>p.</span> <span class='ocrx_word' id='word_1_350' title='bbox 717 1578 787 1608; x_wconf 89' lang='lat'>600.</span> <span class='ocrx_word' id='word_1_351' title='bbox 805 1577 892 1608; x_wconf 87' lang='lat' dir='ltr'>Savil.</span> <span class='ocrx_word' id='word_1_352' title='bbox 909 1578 943 1607; x_wconf 90' lang='lat' dir='ltr'>T.</span> <span class='ocrx_word' id='word_1_353' title='bbox 961 1579 1000 1608; x_wconf 89' lang='lat' dir='ltr'>V.</span> <span class='ocrx_word' id='word_1_354' title='bbox 1015 1588 1046 1618; x_wconf 90' lang='lat' dir='ltr'>p.</span> <span class='ocrx_word' id='word_1_355' title='bbox 1061 1579 1130 1608; x_wconf 82' lang='grc'>679.</span> <span class='ocrx_word' id='word_1_356' title='bbox 1148 1577 1247 1607; x_wconf 90' lang='lat' dir='ltr'><strong>Morel.</strong></span> <span class='ocrx_word' id='word_1_357' title='bbox 1261 1578 1296 1607; x_wconf 91' lang='lat' dir='ltr'>T.</span> <span class='ocrx_word' id='word_1_358' title='bbox 1313 1578 1365 1608; x_wconf 91' lang='lat' dir='ltr'>VI.</span> <span class='ocrx_word' id='word_1_359' title='bbox 1382 1588 1409 1618; x_wconf 89' lang='lat' dir='ltr'>p.</span> <span class='ocrx_word' id='word_1_360' title='bbox 1425 1577 1493 1608; x_wconf 76' lang='lat'>128.</span> <span class='ocrx_word' id='word_1_361' title='bbox 1510 1577 1607 1615; x_wconf 62' lang='lat'>[109]</span> 
     </span>
     <span class='ocr_line' id='line_1_28' title="bbox 254 1622 1655 1665; baseline -0.002 -11"><span class='ocrx_word' id='word_1_362' title='bbox 254 1626 306 1656; x_wconf 88' lang='lat'>44.</span> <span class='ocrx_word' id='word_1_363' title='bbox 329 1625 361 1653; x_wconf 91' lang='lat' dir='ltr'>Iu</span> <span class='ocrx_word' id='word_1_364' title='bbox 374 1623 487 1664; x_wconf 81' lang='lat' dir='ltr'><strong>Joseph‚</strong></span> <span class='ocrx_word' id='word_1_365' title='bbox 500 1629 527 1653; x_wconf 85' lang='lat' dir='ltr'>et</span> <span class='ocrx_word' id='word_1_366' title='bbox 539 1622 573 1653; x_wconf 85' lang='lat' dir='ltr'>de</span> <span class='ocrx_word' id='word_1_367' title='bbox 585 1623 723 1653; x_wconf 79' lang='lat' dir='ltr'><strong>castitate.</strong></span> <span class='ocrx_word' id='word_1_368' title='bbox 733 1634 762 1665; x_wconf 85' lang='lat' dir='ltr'>p.</span> <span class='ocrx_word' id='word_1_369' title='bbox 777 1624 846 1653; x_wconf 84' lang='lat'>604.</span> <span class='ocrx_word' id='word_1_370' title='bbox 863 1623 949 1654; x_wconf 78' lang='lat' dir='ltr'>savit.</span> <span class='ocrx_word' id='word_1_371' title='bbox 965 1624 1000 1653; x_wconf 94' lang='lat' dir='ltr'>T.</span> <span class='ocrx_word' id='word_1_372' title='bbox 1014 1625 1052 1655; x_wconf 92' lang='lat' dir='ltr'>V.</span> <span class='ocrx_word' id='word_1_373' title='bbox 1071 1635 1098 1663; x_wconf 89' lang='lat' dir='ltr'>p.</span> <span class='ocrx_word' id='word_1_374' title='bbox 1115 1623 1188 1654; x_wconf 88' lang='lat'>656.</span> <span class='ocrx_word' id='word_1_375' title='bbox 1202 1623 1299 1653; x_wconf 90' lang='lat' dir='ltr'><strong>Morel.</strong></span> <span class='ocrx_word' id='word_1_376' title='bbox 1313 1623 1347 1652; x_wconf 91' lang='lat' dir='ltr'>T.</span> <span class='ocrx_word' id='word_1_377' title='bbox 1365 1624 1417 1653; x_wconf 92' lang='lat' dir='ltr'>VI.</span> <span class='ocrx_word' id='word_1_378' title='bbox 1434 1634 1461 1663; x_wconf 89' lang='grc' dir='ltr'>Ρ.</span> <span class='ocrx_word' id='word_1_379' title='bbox 1478 1624 1548 1653; x_wconf 85' lang='grc'>154.</span> <span class='ocrx_word' id='word_1_380' title='bbox 1563 1622 1655 1661; x_wconf 74' lang='grc'>[115]</span> 
     </span>
     <span class='ocr_line' id='line_1_29' title="bbox 256 1669 1475 1710; baseline -0.002 -10"><span class='ocrx_word' id='word_1_381' title='bbox 256 1671 306 1700; x_wconf 89' lang='grc'>45.</span> <span class='ocrx_word' id='word_1_382' title='bbox 330 1671 362 1699; x_wconf 91' lang='lat' dir='ltr'><strong>In</strong></span> <span class='ocrx_word' id='word_1_383' title='bbox 379 1670 539 1700; x_wconf 89' lang='lat' dir='ltr'><strong>Susannam.</strong></span> <span class='ocrx_word' id='word_1_384' title='bbox 552 1681 580 1710; x_wconf 91' lang='lat' dir='ltr'>p.</span> <span class='ocrx_word' id='word_1_385' title='bbox 597 1670 667 1699; x_wconf 89' lang='grc'>607.</span> <span class='ocrx_word' id='word_1_386' title='bbox 681 1669 767 1700; x_wconf 87' lang='lat' dir='ltr'>Savil.</span> <span class='ocrx_word' id='word_1_387' title='bbox 781 1671 816 1699; x_wconf 89' lang='lat' dir='ltr'>T.</span> <span class='ocrx_word' id='word_1_388' title='bbox 833 1671 873 1700; x_wconf 91' lang='lat' dir='ltr'>V.</span> <span class='ocrx_word' id='word_1_389' title='bbox 887 1681 916 1710; x_wconf 90' lang='lat' dir='ltr'>p.</span> <span class='ocrx_word' id='word_1_390' title='bbox 929 1671 997 1701; x_wconf 86' lang='grc'>705.</span> <span class='ocrx_word' id='word_1_391' title='bbox 1015 1670 1114 1700; x_wconf 85' lang='lat' dir='ltr'><strong>Morel.</strong></span> <span class='ocrx_word' id='word_1_392' title='bbox 1128 1671 1164 1699; x_wconf 81' lang='grc' dir='ltr'>Τ,</span> <span class='ocrx_word' id='word_1_393' title='bbox 1181 1671 1234 1700; x_wconf 92' lang='lat' dir='ltr'>VI.</span> <span class='ocrx_word' id='word_1_394' title='bbox 1249 1680 1277 1710; x_wconf 89' lang='lat' dir='ltr'>p.</span> <span class='ocrx_word' id='word_1_395' title='bbox 1293 1670 1361 1699; x_wconf 90' lang='grc'>141.</span> <span class='ocrx_word' id='word_1_396' title='bbox 1378 1669 1475 1708; x_wconf 84' lang='grc'>[190.]</span> 
     </span>
     <span class='ocr_line' id='line_1_30' title="bbox 253 1715 1534 1756; baseline -0.001 -11"><span class='ocrx_word' id='word_1_397' title='bbox 253 1718 304 1746; x_wconf 83' lang='grc'>46.</span> <span class='ocrx_word' id='word_1_398' title='bbox 327 1717 369 1745; x_wconf 89' lang='lat' dir='ltr'>De</span> <span class='ocrx_word' id='word_1_399' title='bbox 382 1715 470 1745; x_wconf 84' lang='lat' dir='ltr'><strong>trihus</strong></span> <span class='ocrx_word' id='word_1_400' title='bbox 482 1716 583 1756; x_wconf 86' lang='lat' dir='ltr'>pueris.</span> <span class='ocrx_word' id='word_1_401' title='bbox 600 1726 628 1755; x_wconf 90' lang='lat' dir='ltr'>p.</span> <span class='ocrx_word' id='word_1_402' title='bbox 644 1716 715 1746; x_wconf 77' lang='lat'>612.</span> <span class='ocrx_word' id='word_1_403' title='bbox 729 1716 816 1746; x_wconf 82' lang='lat' dir='ltr'>Savil.</span> <span class='ocrx_word' id='word_1_404' title='bbox 833 1716 867 1745; x_wconf 92' lang='lat' dir='ltr'>T.</span> <span class='ocrx_word' id='word_1_405' title='bbox 884 1717 923 1746; x_wconf 94' lang='lat' dir='ltr'>V.</span> <span class='ocrx_word' id='word_1_406' title='bbox 939 1727 969 1756; x_wconf 90' lang='grc' dir='ltr'>Ρ.</span> <span class='ocrx_word' id='word_1_407' title='bbox 984 1717 1055 1747; x_wconf 89' lang='grc'>698.</span> <span class='ocrx_word' id='word_1_408' title='bbox 1072 1715 1170 1745; x_wconf 83' lang='lat' dir='ltr'><strong>Morel.</strong></span> <span class='ocrx_word' id='word_1_409' title='bbox 1187 1716 1220 1744; x_wconf 93' lang='lat' dir='ltr'>T.</span> <span class='ocrx_word' id='word_1_410' title='bbox 1239 1716 1291 1745; x_wconf 89' lang='lat' dir='ltr'>VI.</span> <span class='ocrx_word' id='word_1_411' title='bbox 1305 1726 1333 1755; x_wconf 91' lang='lat' dir='ltr'>p.</span> <span class='ocrx_word' id='word_1_412' title='bbox 1352 1715 1420 1745; x_wconf 89' lang='grc'>148.</span> <span class='ocrx_word' id='word_1_413' title='bbox 1434 1715 1534 1754; x_wconf 65' lang='grc'>[196]</span> 
     </span>
     <span class='ocr_line' id='line_1_31' title="bbox 255 1759 1750 1802; baseline -0.003 -10"><span class='ocrx_word' id='word_1_414' title='bbox 255 1763 305 1792; x_wconf 86' lang='grc'>47.</span> <span class='ocrx_word' id='word_1_415' title='bbox 330 1763 409 1802; x_wconf 88' lang='lat' dir='ltr'>Opus</span> <span class='ocrx_word' id='word_1_416' title='bbox 422 1761 609 1801; x_wconf 83' lang='lat' dir='ltr'><strong>imperfectum</strong></span> <span class='ocrx_word' id='word_1_417' title='bbox 622 1761 651 1790; x_wconf 94' lang='lat' dir='ltr'><strong>in</strong></span> <span class='ocrx_word' id='word_1_418' title='bbox 664 1761 835 1791; x_wconf 80' lang='lat' dir='ltr'><strong>Matthaeum.</strong></span> <span class='ocrx_word' id='word_1_419' title='bbox 849 1772 879 1802; x_wconf 90' lang='lat' dir='ltr'>p.</span> <span class='ocrx_word' id='word_1_420' title='bbox 894 1762 920 1794; x_wconf 90' lang='lat'>1.</span> <span class='ocrx_word' id='word_1_421' title='bbox 936 1762 1056 1792; x_wconf 82' lang='lat' dir='ltr'><strong>numeris</strong></span> <span class='ocrx_word' id='word_1_422' title='bbox 1065 1761 1205 1799; x_wconf 86' lang='lat' dir='ltr'><strong>Romanis,</strong></span> <span class='ocrx_word' id='word_1_423' title='bbox 1221 1761 1252 1790; x_wconf 83' lang='lat' dir='ltr'><strong>in</strong></span> <span class='ocrx_word' id='word_1_424' title='bbox 1261 1761 1314 1790; x_wconf 85' lang='lat' dir='ltr'>fine</span> <span class='ocrx_word' id='word_1_425' title='bbox 1330 1760 1441 1800; x_wconf 83' lang='lat' dir='ltr'><strong>hujusee</strong></span> <span class='ocrx_word' id='word_1_426' title='bbox 1454 1761 1544 1790; x_wconf 84' lang='lat' dir='ltr'>Tomi.</span> <span class='ocrx_word' id='word_1_427' title='bbox 1557 1759 1653 1790; x_wconf 72' lang='lat' dir='ltr'>Mooel.</span> <span class='ocrx_word' id='word_1_428' title='bbox 1673 1759 1750 1799; x_wconf 80' lang='lat' dir='ltr'><strong>initio</strong></span> 
     </span>
     <span class='ocr_line' id='line_1_32' title="bbox 377 1807 958 1840; baseline 0 -2"><span class='ocrx_word' id='word_1_429' title='bbox 377 1807 487 1839; x_wconf 87' lang='lat' dir='ltr'><strong>secundi</strong></span> <span class='ocrx_word' id='word_1_430' title='bbox 501 1808 581 1839; x_wconf 90' lang='lat' dir='ltr'>Tomi</span> <span class='ocrx_word' id='word_1_431' title='bbox 594 1808 622 1838; x_wconf 93' lang='lat' dir='ltr'><strong>in</strong></span> <span class='ocrx_word' id='word_1_432' title='bbox 634 1819 736 1840; x_wconf 88' lang='lat' dir='ltr'><strong>novum</strong></span> <span class='ocrx_word' id='word_1_433' title='bbox 747 1809 958 1839; x_wconf 82' lang='lat' dir='ltr'><strong>Testamentum.</strong></span> 
     </span>
    </p>
   </div>
  </div>
 </body>
</html>
