1904 2840
678 227 711 252 ΙΝ
738 229 940 264 MA'r'rnAEUM.
967 231 1086 256 ΗΟΜΙΙ...
1115 234 1185 257 Lm.

1630 227 1698 276 967

169 287 309 327 Numquid
319 298 367 318 nos
381 299 414 318 ex
422 289 501 318 nobis
511 289 563 318 hoc
575 287 710 319 dicimus?
719 291 780 330 lpse
793 290 909 329 denique
926 294 946 317 Α
964 302 1022 321 nem
1042 304 1105 323 cum
1123 295 1173 331 eis,
1187 302 1216 325 ut
1225 295 1329 335 judicet
1350 308 1406 334 eOS,
1422 305 1448 328 et
1457 298 1544 344 justos
1553 299 1588 329 ab
1600 299 1701 340 iniquis

169 328 298 368 propheta
315 328 344 357 in
366 328 500 368 principio
518 328 685 358 Psalmorum
705 340 816 359 suorum
836 330 909 359 hunc

17 371 84 394 Psat.
106 379 113 394 ι
137 380 157 395 ι.
167 369 307 396 annuntiat
327 378 383 397 esse
400 368 518 397 beatum.
535 369 604 397 Nam
616 379 678 398 eum
690 369 813 406 dixisset,
828 371 907 398 Bea-

18 408 41 423 2·
167 412 213 435 tus
224 408 283 444 vir,
300 409 351 447 qui
365 418 424 435 non
436 409 510 436 abiit
524 409 556 435 in
570 408 692 438 consilio
706 410 868 448 impiorum,
879 416 908 438 et

165 447 197 474 in
208 447 261 475 via
268 454 453 485 peccatorum
463 458 522 475 non
532 448 622 481 stetit,
631 454 660 476 et
670 453 701 477 in
713 449 854 477 cathedra
860 459 907 487 pe-

164 486 300 515 stilentiae
315 497 374 515 non
385 487 460 515 sedit
474 498 483 514 .-
499 486 586 516 addit.
600 489 640 516 Et
652 489 684 516 in
707 488 770 527 lege
784 488 907 516 Domini

164 526 303 555 voluntas
321 527 393 564 ejus,
407 533 435 555 et
454 529 486 554 in
500 526 562 565 lege
575 528 637 566 ejus
657 528 845 556 meditabitur
857 528 905 556 die

163 575 200 593 ac
213 572 308 594 nocte.
326 566 359 594 Et
370 565 443 604 quod
456 566 489 594 sit
498 565 603 594 lucrum
614 566 794 595 meditationis
807 566 903 605 hujus-

162 604 248 640 modi,
267 604 410 639 subinfert,
429 604 520 634 dicens
536 617 542 633 ε
560 606 599 634 Et
619 607 674 635 erit
695 612 846 646 tamquam
866 605 903 634 li-

161 654 260 682 gnum,
267 645 346 683 quod
352 644 520 682 plantatum
529 651 572 673 est
579 655 660 674 secus
668 646 805 674 decursus
814 655 903 684 aqua-

161 693 236 718 rum,
246 684 463 724 quodfntctum
472 693 556 720 suurn
566 684 636 713 dubi
638 691 648 713 t
657 687 690 714 in
702 692 826 724 tempore
835 694 898 713 suo.

161 723 190 751 Ε
192 729 201 750 t
210 723 318 761 solium
331 725 394 762 ejus
406 734 465 751 non
478 723 594 765 defluet,
609 730 637 752 et
650 726 749 753 omnia
759 734 901 764 quoecum-

160 771 218 800 que
219 762 327 800 saciet,
339 765 594 802 prosperabuntur.
610 763 658 793 28.
681 764 787 793 Tollite
801 766 902 802 itaque

160 802 197 829 ab
213 811 246 830 eo
257 801 411 838 talentum,
421 809 449 831 et
461 803 528 831 date
541 803 568 830 ei
581 804 632 842 qui
642 803 730 832 habet
743 804 840 832 decem
853 808 900 830 ta-

161 840 253 869 lenta.
276 842 325 870 29.
354 843 440 870 Omni
462 843 539 871 enim
565 843 685 871 habenti
712 843 832 871 dabitur
841 864 847 875 ,
872 849 900 870 et

159 881 332 910 abundabit.
349 883 474 911 Peccator
491 891 634 920 agnoscens
654 881 803 916 Christum,
821 881 901 910 hahet

159 918 228 948 hanc
251 920 335 960 ipsam
350 921 473 960 gratiam,
483 921 563 958 ,quod
585 921 720 959 cognoscit
733 921 872 951 Christum
889 933 896 949 ε

157 958 206 987 sed
217 970 279 988 cum
298 960 401 989 venerit
415 960 442 989 in
461 960 595 999 judicium
607 960 718 996 Christi,
735 960 870 989 dividitur
882 971 897 989 a

157 999 289 1028 consortio
299 1001 514 1039 cognoscentium
527 999 665 1029 Christum
680 1012 686 1028 ι
703 1007 730 1029 et
745 1000 782 1029 sic
792 999 897 1029 tollitur

156 1037 190 1067 ab
202 1048 251 1074 eos
260 1038 334 1077 quod
347 1037 490 1068 videbatur
510 1039 619 1072 habere,
634 1039 760 1077 quamvis
771 1050 833 1069 vere
843 1049 895 1068 non

155 1077 279 1107 habebat.
297 1078 440 1114 Quomodo
466 1078 516 1119 qui
540 1078 676 1118 cognoscit
699 1079 855 1114 Christum,
869 1085 895 1107 et

155 1123 259 1156 percat,
273 1117 382 1146 videtur
393 1117 501 1155 quidem
514 1118 613 1146 habere
626 1118 761 1147 scientiam
775 1117 893 1152 Christi,

155 1166 219 1184 vere
231 1163 318 1185 autem
332 1166 384 1185 non
399 1157 479 1186 habet
493 1169 499 1185 t
512 1164 536 1186 et
551 1157 608 1196 ipsa
622 1157 715 1186 notitia
730 1157 831 1187 Christi
845 1157 893 1186 ad-

154 1194 230 1224 ditur
242 1195 345 1225 homini
357 1195 430 1240 justo
453 1196 499 1235 qui
520 1196 646 1225 habebat.
663 1197 713 1226 Ille
734 1207 794 1226 vere
814 1196 893 1225 habet

151 1234 291 1264 scientiam
300 1235 412 1270 Christi,
426 1236 472 1274 qui
486 1236 614 1273 justitiam
623 1236 695 1265 facit.
710 1237 746 1266 Et
757 1235 891 1274 quomodo

6 1278 27 1292 ¹·
40 1272 92 1293 For.
109 1272 144 1295 ¹3⁴
154 1273 178 1302 ei
205 1274 315 1303 additur
335 1274 444 1304 scientia
467 1275 568 1304 Christi
589 1285 670 1315 super
681 1275 838 1304 scientiam?
853 1276 891 1304 Ut

6 1308 42 1324 '²‘
154 1314 200 1352 qui
215 1313 324 1343 videbat
335 1324 384 1353 per
394 1314 532 1354 speculum
545 1314 572 1343 in
584 1315 734 1353 aenigmate,
747 1315 836 1345 videat
850 1315 891 1343 fa-

153 1353 194 1382 cie
205 1352 240 1382 ad
261 1353 355 1382 faciem
371 1366 378 1382 ε
393 1361 418 1383 et
437 1353 487 1392 qui
498 1354 672 1392 cognoscebat
695 1365 728 1383 ex
743 1361 828 1393 parte,
843 1364 889 1383 oo·

153 1399 264 1430 gnoscat
276 1392 345 1421 sicut
357 1393 480 1430 cognitus
493 1400 542 1422 est.
557 1392 610 1423 Sed
625 1393 703 1422 aliter
714 1393 885 1432 intelligitur.

152 1432 208 1467 Qui
223 1431 303 1461 fidem
324 1431 413 1466 habet,
429 1432 565 1461 arbonam
589 1431 617 1460 in
631 1432 747 1461 Domino
760 1432 888 1462 volunta-

151 1477 216 1506 tem,
230 1471 309 1500 etiam
320 1471 342 1500 si
355 1471 423 1510 quid
435 1471 525 1500 minus
534 1471 560 1500 in
571 1482 650 1511 opere
663 1472 739 1510 quasi
753 1472 886 1508 habuerit,

152 1510 328 1539 nihilominus
351 1517 537 1539 remuneratur
557 1521 572 1539 a
602 1510 699 1540 Judioe
721 1511 791 1539 hono
811 1522 818 1538 :
841 1511 888 1549 qui

151 1556 240 1578 autem
251 1549 332 1579 fidem
343 1559 395 1577 uon
408 1549 498 1585 habet,
512 1555 558 1577 aut
568 1549 665 1577 bonam
679 1549 706 1578 in
717 1549 832 1578 Domino
846 1560 888 1579 vo·

152 1588 299 1622 luntatem‚
320 1588 400 1616 etiam
420 1594 529 1617 caettsas
556 1588 677 1623 virtutes,
691 1598 757 1626 quas
780 1588 889 1618 videtur

151 1627 307 1656 naturaliter
315 1626 460 1666 possidere,
471 1626 572 1665 perdit.
588 1627 732 1666 Eleganter
743 1627 790 1662 ait,
803 1628 890 1665 Quod

151 1667 270 1695 videtur
294 1667 411 1700 habere,
439 1677 478 1694 aa
495 1672 590 1694 eretur
615 1668 651 1694 ab
679 1677 723 1695 eo.
745 1666 887 1705 'Quicquid

149 1706 221 1734 enim
232 1705 295 1734 boni
310 1705 367 1734 sine
379 1705 432 1734 fide
446 1707 468 1735 C
490 1705 547 1734 risti
559 1712 608 1740 cst,
620 1715 675 1734 non
688 1705 714 1734 ci
729 1705 886 1745 imputatur,

150 1745 196 1783 qui
207 1745 276 1774 male
289 1755 353 1774 usus
366 1752 405 1774 est
418 1755 461 1774 eo.
475 1744 622 1774 Sicutsunt
634 1744 723 1777 multi,
737 1745 784 1783 qui
798 1744 888 1774 viden-

150 1791 195 1813 tur
211 1784 322 1823 quidem
334 1791 380 1813 aut
394 1784 536 1818 mansueti,
551 1791 597 1812 aut
611 1783 730 1812 humiles
747 1795 802 1813 esse
818 1797 824 1812 :
841 1784 888 1813 sed

149 1824 214 1862 quia
228 1833 280 1852 non
302 1830 364 1852 sunt
383 1823 434 1852 hoc
451 1830 559 1863 propter
572 1825 670 1860 Deum,
686 1823 747 1852 licet
765 1823 888 1853 videatur

149 1873 206 1892 esse
218 1862 328 1901 aliquod
349 1863 450 1892 bonum
467 1873 572 1897 eorum,
588 1873 639 1891 non
653 1869 739 1891 autem
751 1869 790 1891 est
803 1875 810 1890 z
825 1863 887 1901 quia

150 1902 222 1940 quod
237 1912 289 1931 non
301 1909 340 1931 cst
352 1913 386 1931 ex
400 1902 463 1936 fide,
475 1909 611 1941 peccatum
624 1909 672 1930 est.
692 1902 740 1931 50.
754 1903 794 1931 Ec
810 1902 888 1931 hunc

151 1951 276 1981 nequam
284 1951 397 1971 servum
403 1943 534 1981 projicite
541 1943 573 1969 in
581 1943 714 1970 tenebras
721 1943 885 1970 exteriores.

149 1980 379 2010 Considerandum
399 1987 451 2015 est,
467 1987 497 2009 ut
521 1980 587 2019 quid
610 1990 662 2009 non
685 1979 766 2016 dixit,
787 1981 887 2010 Mittite

149 2031 212 2049 eum
227 2021 252 2049 in
267 2021 387 2049 tenebras
397 2020 533 2049 inferiores
548 2032 553 2048 :
567 2019 624 2055 sed,
640 2022 678 2049 In
691 2021 824 2049 tenebras
831 2030 886 2048 ex-

151 2062 279 2088 teriores.
297 2059 415 2096 Quidam
433 2059 527 2088 dicunt
547 2069 599 2087 non
614 2066 716 2088 tantum
736 2069 792 2087 esse
810 2059 886 2087 infer-

150 2110 214 2128 num
228 2099 364 2135 deorsum,
378 2098 424 2128 sed
437 2106 512 2128 extra
527 2098 656 2127 mundum
671 2099 751 2128 istum
765 2109 821 2127 esse
834 2098 887 2127 ali-

148 2150 200 2177 qua
218 2139 425 2168 tenebrosissima
448 2138 505 2167 loca
527 2145 553 2167 et
572 2138 659 2177 ignea,
673 2138 699 2167 in
715 2138 814 2176 quibus
832 2149 886 2177 pu-

149 2178 260 2206 niuntur
268 2178 398 2217 qnidigni
411 2185 482 2207 sunt.
494 2178 573 2206 Forte
580 2188 646 2216 ergo
659 2177 718 2207 ideo
733 2177 885 2205 dixit-exte-

149 2217 233 2245 riores
246 2217 377 2251 tenebras,
388 2223 415 2246 et
435 2227 487 2245 non
509 2217 654 2246 inferiores.
667 2217 723 2253 Qui
738 2216 886 2245 considerat

147 2255 283 2294 quomodo
296 2266 406 2294 sequens
427 2256 553 2294 parabola
569 2256 702 2295 parabolae
720 2255 783 2284 huic
801 2265 888 2294 procc-

148 2295 220 2324 denti
235 2295 373 2334 conjuncta
385 2302 435 2330 est,
445 2301 471 2323 et
482 2294 616 2332 quomodo
631 2305 691 2334 pars
704 2301 743 2324 est
754 2294 887 2333 parabolae

149 2334 230 2373 hujus
246 2345 252 2360 :
268 2344 316 2362 nec
337 2335 407 2363 enim
430 2333 539 2362 alterius
558 2333 596 2362 rei
618 2333 743 2373 parabola
767 2340 815 2367 est,
835 2333 886 2362 nisi

14 607 136 630 1h1d.v.3.

148 2374 233 2413 ipsius
248 2386 256 2402 t
273 2383 324 2402 non
333 2373 389 2402 sine
403 2373 504 2402 ratione
517 2373 629 2411 requirit
646 2383 652 2399 ι
668 2373 730 2410 quia
744 2371 818 2410 quod
829 2372 884 2400 ait:
906 2384 910 2387 >

148 2414 220 2442 Post
232 2413 354 2441 multum
365 2413 498 2451 temporis
508 2413 630 2440 veniens
644 2412 777 2440 dominus
789 2421 885 2440 servo-

147 2462 212 2481 rum
222 2453 352 2487 illorum,
368 2453 463 2490 posuit
476 2461 541 2480 cum
555 2452 596 2479 eis
611 2452 751 2479 ra'ionem
764 2462 771 2478 :
788 2460 839 2479 non
853 2450 886 2479 de

147 2491 265 2520 secundo
278 2491 344 2520 dicit
356 2491 485 2526 adventu,
500 2490 607 2528 quando
626 2497 754 2519 venturus
768 2496 807 2518 est
824 2500 886 2518 cum

147 2531 282 2570 majestate
295 2542 301 2558 e
314 2529 361 2558 sed
381 2530 416 2559 de
433 2529 560 2563 adventu,
577 2528 623 2567 qui
644 2529 796 2567 frequenter
820 2529 887 2557 solet

148 2570 240 2598 venire
252 2568 285 2597 ad
297 2579 386 2599 omnes
400 2569 576 2602 Christianos,
588 2568 687 2606 quibus
706 2567 817 2607 gratiam
836 2567 884 2597 dc-

147 2607 187 2638 dit
198 2618 252 2637 suae
264 2607 422 2647 cognitionis
436 2619 443 2636 ι
457 2615 482 2637 et
495 2607 603 2637 discutit
615 2614 703 2645 eos,ct
717 2607 791 2648 ponit
803 2607 885 2637 ratio-

960 330 1104 376 disceruat,
1113 334 1181 363 sicut
1193 336 1366 374 exposuimus
1378 348 1458 376 supra
1473 348 1499 366 in
1512 339 1637 378 parabola
1652 341 1699 370 ubi

960 369 1026 400 dicit
1036 383 1042 399 :
1053 372 1154 401 Simile
1167 381 1209 403 est
1221 385 1341 413 regnum
1352 377 1488 406 caelorum
1501 378 1612 407 homini
1624 382 1696 417 regi,
1708 391 1792 413 Mauh.
1810 391 1847 413 13,

960 412 1012 448 qui
1032 412 1127 441 voluit
1141 415 1285 442 rationem
1303 426 1408 451 ponere
1431 427 1496 445 cum
1515 420 1604 448 servis
1624 421 1695 449 suis.
1706 422 1745 444 23·

960 449 1045 478 Habet
1065 458 1152 480 autem
1171 453 1223 481 alia
1236 454 1363 492 parabola
1375 454 1414 484 sic
1429 466 1435 482 ε
1449 458 1497 485 51.
1513 457 1585 486 Cum
1599 465 1697 488 autem

959 492 1073 518 venerit
1096 491 1193 521 Filius
1214 493 1340 522 hominis
1360 495 1393 521 in
1411 496 1562 534 majestate
1581 508 1646 533 sua,
1668 505 1697 527 et

958 537 1056 557 omnes
1069 531 1168 570 angeli
1175 542 1240 560 cum
1251 542 1296 568 eo,
1305 539 1375 561 tunc
1385 535 1495 563 sedebit
1506 545 1591 574 super
1599 538 1695 567 sedem

959 569 1119 606 majestatis
1140 580 1215 607 suoe,
1235 572 1284 600 52.
1305 578 1334 600 et
1358 582 1462 612 congre
1481 575 1608 604 abuntur
1627 583 1696 606 ante

957 616 1022 650 eum
1035 617 1141 653 omms·
1147 616 1255 648 gentes.
1265 613 1304 639 Ac
1318 610 1341 639 si
1354 610 1426 640 dicat
1442 623 1448 639 ε
1461 584 1572 642 {nterim
1584 615 1695 653 quidem

956 655 994 673 ste
1006 653 1104 684 veniet,
1120 658 1158 677 sic
1171 656 1251 687 ponet
1263 649 1392 679 rationem
1407 661 1468 680 cum
1482 653 1565 682 servis
1576 654 1642 688 suis,
1656 656 1694 685 sic

955 683 1081 714 discutiet
1092 696 1147 722 eos,
1163 687 1232 716 sicut
1245 699 1278 717 ex
1299 689 1358 718 osui
1372 689 1399 718 in
1412 690 1462 719 ista
1475 692 1612 730 parabola.
1624 690 1692 724 Cu'm

955 730 1045 753 autem
1059 726 1161 755 venerit
1175 727 1263 756 Filius
1278 699 1395 757 hominis
1408 729 1435 757 in
1455 731 1590 770 majestate
1604 733 1693 763 Patris

955 763 1195 809 suilcum.angelis
1217 767 1284 804 suis,
1299 774 1364 796 tunc
1384 767 1486 797 sedebit
1505 771 1693 809 supersedcm

954 812 996 831 ma
995 810 1098 847 Jestatis
1108 815 1174 840 suae,
1190 811 1325 844 tamquam
1334 816 1385 835 non
1395 817 1499 847 semper
1512 810 1620 839 veniens
1631 821 1692 840 cum

954 849 1088 880 majestate
1105 844 1191 873 Patris
1204 845 1303 882 veniat,
1318 856 1366 875 nec
1379 857 1440 875 cum
1450 848 1551 887 angelis
1565 849 1630 885 suis,
1645 861 1693 880 nec

953 891 1058 920 semper
1067 883 1176 912 veniens
1188 883 1276 914 sedeat
1290 886 1316 914 in
1330 885 1392 914 sede
1405 886 1548 926 majestatis
1560 899 1625 923 suae,
1642 890 1690 919 sed

953 926 1017 949 tunc
1042 923 1226 952 tantummodo
1245 924 1292 953 fiet
1315 924 1376 954 hoc.
1401 926 1455 955 Sed
1476 933 1502 955 et
1525 926 1595 957 illud
1617 929 1688 966 vide,
1699 946 1786 962 ccum

952 960 1087 997 quomodo
1111 962 1139 990 in
1164 962 1214 991 hac
1239 963 1365 1002 parabola
1390 972 1553 1003 peccatorem
1578 977 1630 996 non
1661 968 1688 998 in

951 998 1050 1037 ignem,
1063 1001 1150 1030 necin
1163 1001 1280 1040 aliquam
1294 1013 1411 1047 poenam,
1428 1004 1474 1033 sed
1492 1012 1594 1034 tantum
1611 1007 1638 1035 in
1650 1014 1689 1037 te-

951 1038 1046 1067 nebras
1068 1041 1211 1070 exteriores
1235 1041 1302 1071 mitt·
1326 1043 1451 1082 praecepit
1463 1056 1469 1071 ε
1483 1043 1511 1072 in
1527 1045 1574 1074 illa
1588 1053 1687 1081 autem,

949 1086 1012 1121 cum
1026 1080 1129 1108 venerit
1148 1079 1175 1109 in
1188 1081 1324 1120 ‘majestate
1337 1081 1433 1118 Patris,
1442 1082 1498 1121 jam
1513 1093 1565 1112 non
1587 1091 1688 1115 tantum

949 1126 976 1145 ln
1002 1118 1122 1148 tenebras
1147 1120 1301 1156 exteriores,
1318 1120 1366 1150 sed
1384 1128 1411 1150 et
1434 1122 1460 1150 in
1486 1122 1574 1161 ignem
1590 1124 1686 1161 mittet,

948 1162 974 1184 ct
995 1167 1096 1195 poenas.
1113 1159 1179 1187 Item
1201 1158 1228 1187 in
1246 1159 1296 1188 hac
1332 1160 1440 1189 arabola
1455 1162 1559 1205 justum
1577 1163 1604 1191 in
1620 1174 1688 1202 gau-

946 1194 1023 1224 dium
1027 1196 1106 1235 jubet
1119 1197 1227 1233 intrare,
1241 1197 1269 1226 in
1288 1199 1308 1227 il
1321 1210 1335 1228 a
1350 1206 1439 1228 autem
1453 1210 1481 1228 m
1491 1211 1613 1240 regnum.
1630 1203 1688 1232 Ad-

946 1233 1000 1263 huc
1021 1242 1110 1265 autem
1128 1236 1202 1274 quod
1221 1237 1273 1272 ait,
1289 1238 1442 1268 Act—edens
1462 1247 1559 1269 autem
1585 1247 1615 1269 et
1633 1245 1686 1281 qui

946 1284 1034 1303 timim
1049 1275 1192 1304 talentum
1208 1284 1358 1316 acceperat
1375 1280 1418 1307 ait
1436 1290 1444 1306 .-
1465 1278 1597 1309 Sciebam
1616 1284 1688 1319 quia

945 1313 1032 1342 homo
1045 1315 1136 1344 durus
1149 1325 1189 1350 cs,
1206 1318 1288 1345 metis
1304 1317 1384 1356 quod
1407 1327 1465 1345 non
1484 1321 1645 1355 seminasti,
1659 1328 1687 1349 et

945 1360 1103 1392 congregas
1111 1354 1191 1392 quod
1205 1365 1264 1383 non
1275 1357 1427 1392 sparsisti:
1441 1363 1519 1394 putas
1533 1358 1558 1386 in
1569 1359 1686 1388 secundo

944 1390 1071 1427 adventu,
1086 1403 1148 1421 cum
1163 1393 1265 1422 venerit
1281 1394 1320 1423 sic
1341 1395 1496 1424 terribiliter
1518 1407 1579 1426 cum
1599 1398 1685 1456 §¹⁰⁸⁸

944 1440 1002 1465 sua,
1017 1432 1097 1460 stabit
1110 1439 1232 1471 peccator
1245 1439 1305 1462 ante
1319 1444 1391 1470 eum,
1405 1441 1431 1463 et
1447 1435 1509 1463 talia
1521 1435 1605 1465 dicet.
1628 1437 1684 1466 Ab·

943 1470 988 1497 sit.
1008 1471 1128 1500 Maxime
1150 1482 1212 1500 cum
1239 1482 1286 1501 nec
1311 1474 1441 1502 :estiment
1462 1474 1514 1503 viri
1538 1475 1683 1513 prudentes

943 1509 1081 1546 personale
1093 1516 1155 1538 tnnc
1168 1511 1224 1539 fore
1234 1510 1381 1549 judicium,
1397 1519 1427 1541 ut
1440 1523 1487 1552 per
1497 1514 1616 1552 singulos
1633 1514 1680 1544 ho-

943 1546 1026 1575 mines
1039 1548 1164 1577 Christus
1187 1549 1297 1587 quidem
1320 1549 1472 1588 interroget,
1486 1559 1610 1591 peccator
1631 1564 1683 1583 au-

942 1591 995 1614 tem
1010 1587 1175 1625 respondeat,
1188 1595 1214 1617 et
1238 1595 1309 1627 gesta
1332 1590 1516 1619 narrationum
1538 1591 1682 1622 confician-

942 1630 1007 1653 tur:
1023 1626 1070 1654 sed
1091 1627 1181 1656 verius
1200 1634 1239 1656 est
1260 1627 1334 1665 quod
1351 1628 1388 1657 ait
1407 1629 1553 1668 apostolus,
1567 1631 1630 1669 quia
1654 1632 1681 1662 in

942 1664 1148 1702 cogitationibus
1163 1668 1218 1695 suis
1237 1665 1404 1705 judicabitur
1428 1669 1621 1708 unusquisque,
1637 1671 1681 1700 di-

941 1712 1002 1731 cens
1018 1715 1024 1731 :
1041 1705 1097 1742 Qui
1108 1706 1262 1734 ostendunt
1269 1715 1339 1744 opus
1349 1706 1420 1746 legis
1428 1709 1564 1743 scriptum
1573 1711 1606 1737 in
1617 1721 1678 1740 cor·—
1691 1723 1757 1746 Rom.
1766 1725 1829 1746 ²,.5‚

943 1742 1026 1771 dibus
1045 1745 1121 1779 suis,
1149 1746 1344 1774 testimonium
1371 1746 1508 1776 reddente
1531 1750 1586 1777 sibi
1608 1760 1677 1779 con·
1693 1754 1727 1776 ¹6·

941 1783 1065 1811 scientia
1077 1792 1192 1819 eornm,
1208 1785 1281 1813 etin
1300 1794 1331 1813 se
1354 1786 1477 1814 invicem
1495 1789 1677 1827 cogitationi-

942 1822 995 1850 bus
1022 1825 1236 1859 accusantibus,
1258 1830 1309 1852 aut
1334 1825 1422 1853 etiam
1443 1825 1677 1865 defendentibus,

942 1869 1006 1888 cum
1019 1861 1165 1899 judicabit
1180 1862 1259 1891 Deus
1280 1863 1395 1892 occulta
1413 1864 1562 1894 hominum
1575 1872 1677 1897 secun·

942 1899 1010 1928 dam
1024 1901 1206 1940 evangelium
1225 1912 1318 1931 meum
1331 1913 1383 1941 per
1395 1904 1496 1932 Jesum
1519 1905 1676 1936 Christum.

942 1939 1014 1978 Ergo
1038 1940 1063 1967 in
1086 1940 1137 1969 hoc
1150 1941 1258 1977 satculo,
1277 1941 1407 1979 quamdiu
1421 1950 1483 1972 sunt
1493 1944 1638 1975 Christiani
1650 1946 1676 1975 in

940 1978 1097 2023 corporibus
1117 1980 1184 2016 suis,
1199 1981 1271 2010 venit
1285 1981 1408 2010 Christus
1422 1981 1456 2011 ad
1478 1993 1534 2019 eOS‚
1557 1991 1583 2013 et
1604 1985 1678 2024 ponit

941 2024 1069 2046 rationem
1080 2029 1142 2047 cum
1155 2019 1193 2048 eis
1208 2019 1389 2054 invisibiliter,
1400 2028 1427 2049 et
1436 2021 1579 2061 interrogat
1592 2035 1636 2054 eos
1650 2026 1676 2053 in

941 2057 1144 2096 cogitationibus
1161 2069 1263 2095 eorum,
1272 2066 1299 2088 et
1310 2059 1385 2088 audit
1395 2070 1439 2089 eos
1449 2060 1476 2089 in
1488 2061 1553 2100 ipsis
1569 2063 1678 2102 loqueu-

940 2102 990 2131 tes,
1004 2097 1073 2126 sicut
1092 2097 1221 2137 scriptum
1243 2105 1281 2128 est
1294 2098 1328 2127 de
1354 2105 1476 2137 utroque.
1492 2102 1532 2129 De
1551 2102 1602 2138 hoc
1616 2103 1676 2141 qui-

940 2134 1013 2172 dem,
1029 2135 1092 2174 quia
1110 2138 1148 2165 In
1162 2139 1384 2177 cogitationibus
1395 2140 1477 2177 impii
1492 2141 1677 2181 interrogatio
1687 2154 1789 2182 sapient.
1804 2160 1822 2174 ι.

913 2196 915 2198 .
940 2176 994 2202 erit
1000 2188 1011 2210 ,-
1023 2175 1057 2204 de
1067 2175 1114 2204 illo
1127 2183 1226 2212 autem,
1238 2178 1313 2215 Quia
1325 2179 1464 2217 cogitatio
1476 2180 1599 2209 hominis
1610 2191 1709 2214 con-9.

934 2215 1075 2253 sitebitur.
1092 2216 1205 2254 Utputa‚
1220 2215 1286 2245 dicit
1310 2217 1337 2245 in
1361 2217 1466 2246 Psalmo
1480 2230 1485 2245 ε
1501 2218 1625 2248 Viduam
1647 2226 1677 2248 et
1686 2221 1751 2272 5³⁵ss!-
1766 2221 1802 2248 7⁵·

1704 2259 1723 2273 l·

937 2254 1064 2292 pupillos
1075 2254 1291 2294 interfecerunt,
1304 2262 1330 2284 et
1342 2256 1486 2285 advenam
1499 2259 1673 2294 occiderunt,
1685 2283 1704 2303 P
1734 2282 1742 2302 l
1775 2280 1787 2301 3
1800 2280 1814 2301 6

939 2300 966 2321 et
984 2294 1130 2327 dixerunt,
1143 2294 1212 2322 Non
1232 2296 1344 2323 videbit
1356 2296 1508 2330 Dominus,
1525 2307 1617 2336 neque
1629 2299 1675 2325 in-
1685 2289 1731 2342 Ῥω
1745 2287 1771 2310 '⁹
1791 2297 1796 2302 ⁴
1817 2298 1821 2302 '

940 2332 1048 2369 telliget
1073 2333 1153 2361 Deus
1178 2334 1272 2362 Jacob
1292 2346 1300 2362 .·
1317 2344 1369 2362 non
1393 2335 1457 2372 quia
1480 2334 1542 2363 talia
1569 2336 1675 2365 suerunt

939 2371 1089 2410 specialiter
1101 2372 1181 2402 verba
1195 2372 1316 2407 illorum,
1330 2372 1376 2401 sed
1385 2373 1447 2410 quia
1458 2372 1522 2402 tales
1533 2381 1595 2402 sunt
1605 2375 1675 2413 cogi-

939 2410 1050 2440 tationes
1064 2411 1204 2440 hominum
1217 2411 1370 2440 facientium
1384 2411 1463 2439 mala.
1480 2412 1534 2440 Nec
1548 2413 1616 2442 enim
1633 2414 1660 2443 fa
1669 2432 1675 2436 ·

939 2457 1027 2479 cevent
1039 2450 1120 2484 mala,
1131 2451 1154 2480 si
1161 2450 1315 2489 cogitarent.
1323 2451 1408 2478 Deum
1417 2456 1462 2478 aut
1473 2450 1621 2491 intelligere
1630 2460 1676 2482 aut

940 2488 1031 2519 videre
1039 2500 1099 2527 quae
1108 2490 1218 2518 faciunt.
1229 2490 1273 2518 Sic
1282 2488 1368 2523 ethic,
1378 2498 1430 2516 non
1439 2489 1502 2527 quia
1511 2489 1573 2518 talia
1580 2493 1678 2531 specla-

941 2528 1002 2557 liter
1014 2529 1067 2557 sint
1080 2528 1151 2556 dicta
1166 2526 1283 2566 hominis
1293 2527 1370 2565 justi,
1387 2534 1432 2556 aut
1446 2530 1591 2567 peccatoris
1608 2543 1613 2558 :
1631 2531 1677 2560 sed

941 2567 1003 2606 quia
1019 2567 1083 2596 tales
1093 2574 1154 2595 sunt
1166 2565 1335 2604 cogitationes
1348 2575 1456 2602 eorum,
1471 2573 1497 2610 et
1507 2568 1678 2607 cogitationes

942 2616 1032 2636 eorum
1039 2606 1115 2644 quasi
1123 2605 1192 2634 dicta
1201 2610 1347 2644 ponuntur,
1354 2605 1448 2634 Omnis
1456 2615 1525 2634 cnnn
1535 2607 1678 2646 virjustuS,

1472 2646 1520 2674 62.
