1890 2826
704 166 736 189 IN

136 228 216 266 αῇτοΰ
229 229 277 259 οὐκ
286 226 428 268 ἐφύλαξαν,
438 227 479 256 διὸ
492 226 537 256 καὶ
548 228 565 262 ἡ
581 226 659 266 σοφία
664 225 758 256 ἀὐτῶν
769 229 805 260 εἷς
819 228 901 256 ἀσυν-

135 266 208 297 εσίαν
229 266 408 306 κατεγνώσθη.
422 266 467 296 Τὰ
486 266 537 306 γὰρ
551 267 578 295 ἐν
598 266 626 300 ἓξ
640 265 753 306 ἡμέραις
770 268 900 307 δημιουρ-

133 306 246 345 γηθέντα
269 307 316 336 οῦκ
337 306 459 343 ὤκνησαν
477 307 500 336 οἱ
522 305 570 342 τὴν
593 305 678 335 κτίσιν
700 307 902 346 μυθολογοῦντες
919 306 925 312 ’

133 347 216 375 εἰπεῖν
227 346 382 385 αὐτομάτως
417 345 534 394 ενέσθαιι,
555 344 600 397 καὶ
619 345 664 375 τὸν
677 346 784 396 οὐρανὸν
795 345 841 375 καὶ
851 346 900 397 την

132 397 191 454 Ὑῗέἰ
198 385 622 466 ἒλὲοἶῖἔῖἶῗηλῖζηφῖἰῗζῦπέᾬῖ
630 385 690 454 2⁸22
701 386 900 461 3²:523&

131 437 303 505 gv‘sstepo'ipimv
314 467 374 495 ἅναι
412 465 499 499 υντίας
512 464 707 505 προὸάλλεσθαι
721 459 792 504 εἶχον
804 477 812 501 ;
828 464 898 494 Ἀλλ’

131 504 208 538 αὐτὸς
226 506 262 538 ὣς
286 516 385 545 προνοη
422 517 435 539 ς
455 505 586 534 ἐκώλυσεν
611 505 698 533 αὐτῶν
724 503 771 537 τὰς
794 504 899 539 ἀδίκους

130 543 252 582 γλώσσας
265 545 311 574 καὶ
323 545 457 581 ῗοὸόλους,
470 544 597 578 τὰςκατὰ
610 546 659 574 τοῦ
669 546 780 579 ποιητοῦ
792 545 898 585 ἐπαιρο-

130 583 225 622 μένας,
236 584 282 614 καὶ
292 584 366 624 παρὰ
374 584 418 614 τὸν
430 583 557 614 κτίσαντα
568 587 602 624 τῇ
611 583 697 614 κτίσει
706 584 896 623 λατρευσάσας.

129 623 200 652 Ἀλλ’
215 625 260 653 ἐπὶ
279 624 310 653 τὸ
332 624 503 664 προκείμενον
525 623 718 662 ἐπανέλθωμεν,
739 623 784 653 τὸν
806 624 896 663 εἱρμὸν

129 664 177 698 τῆς
188 663 334 703 διηγήσεως
343 663 387 693 ἐπὶ
398 663 433 692 τὰ
445 663 536 703 πρόσω
550 662 680 713 Ξέροντες.
694 658 777 692 Εἶπεν
791 665 805 692 ὁ
818 664 896 703 Θεὸς,

128 703 264 741 γενηθήτω
275 705 343 743 φῶς,
355 703 400 732 καὶ
414 702 517 743 ἐγένετο
573 714 597 736 ς·
610 702 656 732 καὶ
666 702 790 732 ἐκάλεσεν
801 705 815 732 δ
827 704 896 737 Θεὸς

129 741 159 771 τὸ
178 744 232 783 φῶς
245 743 357 793 ἡμέραν,
379 742 425 772 καὶ
444 742 476 772 τὸ
495 714 587 776 ndi-ud:
599 741 708 772 ἐκάλεσε
727 742 826 771 νύκτα·
849 743 895 773 καὶ

129 782 142 810 ἐ
161 782 233 812 ένετο
246 785 345 822 ἕσπερα
355 804 364 818 ,
378 781 423 812 καὶ
436 781 540 822 ἐγένετο
551 781 641 822 πρωῒ,
661 781 749 822 ἡμέρα
769 782 827 821 μία.
841 783 895 813 Καὶ

128 834 141 851 ε
152 834 200 852 πεν
214 825 228 852 ὃ
241 822 323 855 Θεός·
337 821 473 861 γενηθήτω
487 821 625 862 στερέωμα
638 822 666 850 ἐν
679 821 754 861 μέσῳ
767 824 814 851 τοῦ
827 822 893 852 ὕδα-

127 863 186 899 τος,
199 862 244 891 καὶ
257 862 326 891 ἔστω
339 861 494 901 διαχωρίζον
507 861 558 891 ἀνὰ
572 861 652 901 μέσον
665 860 757 894 ὕδατος
770 861 816 891 καὶ
827 862 895 891 ὕδα-

127 913 181 935 τος.
202 901 258 931 Καὶ
284 901 409 931 ἐκάλεσεν
430 903 444 930 ὁ
467 900 536 935 Θεὸς
559 901 590 931 τὸ
616 900 755 941 στερέωμα
776 902 894 941 οὐρανόν.

130 937 204 975 Εἶδες
226 941 302 982 ἔργον
324 942 470 977 ἐκπλῆττον
495 940 609 974 διανοίας
632 943 744 981 βροτῶν,
769 940 809 970 ὅτι
833 941 893 971 ἄνευ

126 977 228 1011 στύλων
239 981 284 1010 καὶ
297 980 359 1010 ἄνευ
370 981 481 1020 ’μοχλῶν
494 979 525 1009 τὸ
536 980 724 1020 δημιούργημα
737 983 815 1011 τοῦτο
829 992 894 1010 συν-

127 1020 221 1056 έστηκε
236 1019 316 1061 μέχρι
331 1020 479 1053 συντελείας
495 1022 541 1049 τοῦ
563 1021 671 1056 αἷῶνος;
691 1019 739 1053 Ὡς
755 1020 894 1058 θαυμαστὰ

125 1060 160 1089 τὰ
170 1059 234 1100 ἔργα
245 1059 344 1100 Κυρίου
353 1081 362 1094 ,
374 1060 420 1089 καὶ
431 1059 471 1092 τίς
483 1058 571 1092 ἱκανὸς
582 1059 728 1109 ἐξιγνιάσαι
740 1059 807 1088 αὐτά
817 1071 826 1097 ;
841 1060 895 1089 Καὶ

71 1125 73 1127 ,
126 1095 193 1129 εἶδεν
207 1102 226 1129 δ’
236 1099 321 1135 Θεὸς,
344 1099 385 1128 ὅτι
405 1098 496 1128 καλόν.
516 1099 570 1128 Καὶ
592 1100 604 1127 ἐ
623 1110 694 1128 ενετο
714 1098 830 1138 ἑσπέρα,
850 1099 895 1128 καὶ

126 1138 229 1178 ἐγένετο
241 1150 263 1167 π
293 1138 326 1174 ii,
337 1137 426 1177 ἡμέρα
437 1137 554 1178 δευτέρα.
567 1110 622 1167 Kai
631 1133 703 1167 εἶπεν
714 1140 728 1167 ὃ
741 1138 823 1172 Θεός·
836 1150 896 1168 συν-

763 166 911 191 GENEsm
937 166 1049 191 SERMO
1076 169 1124 192 ΙΙΙ.

1625 159 1695 196 633

953 228 1053 267 pientia
1079 239 1171 258 eorum
1193 229 1344 270 insipientia
1365 230 1528 271 deprehensa
1554 239 1603 263 est·
1629 235 1697 271 Quae

954 267 1026 296 enim
1052 278 1100 297 sex
1128 268 1224 298 diebus
1248 277 1335 299 creata
1361 271 1481 308 fuerant,
1504 282 1557 302 non
1586 272 1696 303 dubita-

954 313 1018 336 runt
1028 307 1049 336 ii
1063 307 1111 346 qui
1130 308 1237 337 fabulas
1257 309 1291 338 de
1310 310 1420 340 conditu
1438 311 1533 340 mundi
1553 314 1696 349 commenti

953 352 1027 383 sunt,
1043 357 1073 376 ea
1087 347 1175 376 dicere
1187 358 1222 377 ex
1235 358 1263 377 se
1275 355 1301 378 et
1313 357 1407 389 sponte
1419 361 1468 379 sua
1481 351 1548 380 facta
1565 362 1631 390 esse,
1646 363 1696 383 cae-

952 385 1011 414 lum
1025 395 1128 426 nempe,
1144 393 1250 423 terram,
1264 388 1358 426 solem,
1374 390 1466 419 lunam
1485 397 1512 420 et
1532 391 1620 420 omnia
1636 403 1696 430 quae

952 425 1004 454 sub
1017 433 1154 465 aspectum
1169 426 1278 456 cadunt.
1294 428 1323 458 Si
1348 439 1400 458 una
1420 429 1488 459 hora
1501 431 1631 470 sapientia
1644 432 1694 461 Dci

951 463 1008 494 haec
1032 465 1152 503 fecisset,
1174 476 1255 505 quem
1277 477 1332 496 non
1355 468 1530 508 impudentiae
1556 470 1694 506 obtentum

951 514 1086 544 opponere
1096 505 1264 546 potuissent?
1277 508 1382 537 Verum
1395 509 1460 548 ipse,
1475 516 1566 549 utpote
1578 510 1626 549 qui
1637 510 1694 539 haec

950 543 1104 583 praesciret,
1129 545 1236 583 iniquas
1250 554 1444 586 venenatasque
1468 559 1561 578 eorum
1585 550 1693 589 linguas

949 583 1101 622 prohibuit,
1121 594 1181 624 quae
1200 591 1291 614 contra
1311 587 1444 626 Opificem
1462 588 1643 628 erigebantur,
1667 596 1693 619 et

949 625 1098 653 creaturam
1110 634 1160 664 pro
1177 625 1302 655 Creatore
1315 626 1447 657 colebant.
1467 628 1570 658 Verum
1583 628 1618 658 ad
1631 627 1693 669 pro‘-

949 661 1067 701 positum
1091 670 1268 705 revertamur,
1282 665 1430 705 seriemque
1450 668 1609 697 narrationis
1623 669 1693 698 ulte-

912 706 932 730 Ε
949 701 1006 731 rius
1024 702 1217 743 producamus.
1235 706 1320 734 Dixit
1334 706 1427 742 Deus,
1441 708 1511 736 Fiat
1526 708 1589 744 lux,
1602 709 1692 749 etsa-
1706 714 1762 735 Gen.
1786 720 1803 734 ι-
1819 714 1841 736 3·

949 747 998 770 cta
1017 748 1062 771 est
1079 742 1132 771 lux
1143 755 1154 772 .·
1168 750 1196 772 et
1209 747 1330 775 vocavit
1350 746 1432 775 Deus
1452 746 1546 776 lucem
1560 748 1648 785 diem,
1665 755 1693 778 et
1703 752 1756 774 -7·

950 782 1084 811 tenebras
1099 789 1212 812 noctem
1226 795 1239 812 .-
1253 790 1282 813 et
1285 785 1379 825 facta
1391 792 1434 815 est
1454 796 1588 825 vespera,
1603 788 1692 827 etfa-

949 827 1030 850 ctum
1044 827 1087 851 est
1097 832 1194 858 mane,
1208 822 1269 852 dies
1281 835 1353 853 una.
1366 826 1408 854 Et
1420 825 1495 855 dixit
1510 826 1590 856 Deus
1601 839 1609 855 :
1621 829 1700 857 Fiat*

938 861 1163 899 firmamentum
1179 864 1213 892 in
1225 864 1320 893 medio
1333 875 1430 904 aquoe,
1451 871 1480 894 et
1499 867 1538 894 sit
1557 867 1692 896 dividens

948 901 1027 930 inter
1038 911 1147 940 aquam
1162 908 1196 931 ,ει
1217 913 1336 943 aquam.
1356 905 1399 933 Et
1412 908 1534 934 vocavit
1547 906 1629 936 Deus
1639 907 1691 947 fir-

949 946 1127 969 mamentum
1141 941 1254 971 caelum.
1271 942 1402 973 Vidistin'
1414 953 1483 984 opus
1501 944 1574 983 quod
1588 952 1690 976 morta-

948 979 1017 1009 lium
1043 987 1143 1010 mentes
1169 981 1292 1021 percellit
1301 1005 1309 1019 ,
1335 982 1409 1022 quod
1433 983 1533 1023 absque
1546 985 1690 1022 columnis,

949 1019 1050 1058 absque
1059 1019 1179 1049 vectibus
1191 1020 1242 1050 hoc
1255 1021 1395 1061 opificium
1406 1024 1549 1053 constituat
1560 1035 1645 1064 usque
1657 1025 1690 1055 ad

949 1059 1202 1089 consummationem
1227 1061 1340 1091 saeculi?
1353 1063 1443 1099 Quam
1469 1063 1605 1094 mirabilia
1627 1072 1692 1095 sunt

949 1108 1030 1138 opera
1044 1099 1165 1137 Domini,
1180 1107 1206 1129 et
1219 1101 1280 1139 quis
1292 1102 1377 1141 possit
1389 1102 1551 1142 investigare
1570 1103 1638 1134 illa?
1650 1106 1692 1135 Et
1705 1100 1761 1152 ΟΤΙ·
1778 1106 1796 1121 ¹·
1807 1100 1829 1124 ⁸¹

949 1138 1027 1167 vidit
1042 1138 1131 1175 Deus',
1146 1140 1230 1179 quod
1239 1147 1313 1170 esset
1330 1143 1448 1171 bonum.
1463 1143 1506 1171 Et
1515 1144 1636 1184 factum
1648 1151 1691 1174 est
1701 1143 1731 1149 “
1766 1147 1771 1151 ”

127 1178 236 1227 ὀτᾼθήτω
248 1190 264 1207 τ
291 1178 362 1217 ὕδωρ
373 1178 405 1207 τὸ
417 1178 542 1207 ὑποκάτω
551 1180 598 1207 τοῦ
610 1178 719 1217 οὐρανοῦ
732 1180 768 1211 εἷς
781 1189 895 1218 συναγω-
903 1198 942 1219 54³
950 1183 1115 1224 vesp-erasti
1121 1179 1242 1219 sactum
1253 1187 1295 1210 est
1308 1178 1405 1218 mane,
1415 1182 1479 1212 dies
1487 1184 1640 1220 secundus.
1651 1186 1679 1214 E
1682 1192 1692 1214 ι

126 1217 274 1287 ss}m“‘“3'
273 1217 484 1287 ἔαὶώῗφῗῗὶοὴῦ
493 1216 894 1296 ξῖιὲάὲὰῖαζυῗέῗὲγθέςτῖῡᾝρ

126 1296 171 1326 καὶ
191 1296 266 1337 ὤφθη
281 1299 298 1333 ἡ
313 1296 380 1336 ξηρά
389 1308 396 1314 ·
408 1268 461 1326 ρκαὶ
474 1296 598 1326 ἐκάλεσεν
612 1298 626 1326 ὁ
639 1296 708 1330 Θεὸς
730 1296 780 1332 τὴν
803 1280 893 1337 ξηρὰν;

124 1338 185 1376 γῆν,
197 1336 243 1366 καὶ
254 1336 289 1365 τὰ
302 1335 460 1375 συστήματα
471 1337 524 1364 τῶν
538 1335 640 1365 ὑδάτων
660 1335 769 1365 ἐκάλεσε
791 1337 892 1366 θαλάσ-

125 1387 184 1409 σας.
204 1375 257 1405 Καὶ
279 1371 351 1405 εἶπεν
365 1378 379 1405 ὁ
393 1375 462 1409 Θεός
472 1387 479 1394 ·
494 1374 672 1415 βλαστήσατω
692 1378 710 1412 ἡ
730 1378 764 1415 γῆ
779 1376 891 1415 βοτάνην

124 1415 236 1456 γόρτου,
251 1419 313 1445 σπεῖ
371 1414 478 1455 σπέρμα
491 1414 560 1444 κατὰ
573 1415 647 1454 γένος
659 1415 704 1445 καὶ
725 1418 784 1445 καθ’
799 1416 892 1454 ὁμοιό-

124 1450 192 1491 τἠτα
201 1478 209 1493 ,
223 1455 269 1484 καὶ
283 1427 358 1489 ξύλζνν
372 1455 505 1494 κάρπιμον
516 1458 607 1484 ποιοῦν
618 1454 729 1495 καρπόν.
745 1456 840 1484 Ταῦτα
853 1457 891 1495 τῷ

125 1494 224 1534 ῥήματι
237 1497 283 1523 τοῦ
302 1495 512 1534 προστάσσοντος
524 1494 606 1534 ἄρδην
617 1494 779 1534 παρίσταντο
789 1506 796 1513 ·
816 1494 892 1535 οὐδὲν

123 1535 228 1574 δτι-ῆργε
245 1534 276 1563 τὸ
288 1534 399 1568 κωλύον,
413 1534 486 1563 οὐδὲν
499 1533 530 1562 τὸ
543 1533 748 1573 παρεμποδίζον.
763 1534 817 1563 Καὶ
831 1534 892 1573 ἐγέ-

123 1584 184 1602 νετο
197 1568 262 1602 {orti
304 1596 312 1610 ,
329 1573 375 1602 καὶ
388 1572 490 1611 ἐγένετο
503 1572 590 1612 πρωῒ,
603 1572 656 1611 ἡμέ
675 1584 692 1601 α
707 1572 794 1612 τρίτη.
808 1572 892 1612 Ὁρᾷς

124 1611 172 1648 τὴν
184 1585 296 1652 Γραφῇ
307 1611 486 1651 διανοίγουσαν
504 1613 580 1650 ἡμῶν
594 1611 641 1645 τὰς
655 1585 768 1645 διανοίας
781 1612 845 1652 πρὸς
858 1612 892 1641 τὰ

124 1651 295 1688 τελειότατα;
318 1652 374 1680 Ποῦ
394 1650 459 1680 εἰσὶν
478 1652 502 1680 οἳ
523 1650 656 1690 λέγοντες,
678 1647 752 1684 οὗτος
764 1653 778 1680 ὁ
792 1651 892 1690 καρπὸς

124 1691 229 1731 πικρὸς,
242 1690 308 1728 αὕτη
319 1692 336 1725 ἡ
345 1690 446 1739 βατάνη
457 1690 615 1730 δηλητήριον
624 1690 765 1730 ἐπάγεται,
775 1693 852 1719 τοῦτο
862 1690 892 1719 τὸ

124 1730 211 1770 ὄρνεον
236 1742 270 1759 σα
287 1730 396 1770 κοὸορον
416 1729 443 1759 τί
463 1732 528 1768 ἡμῖν
548 1730 628 1759 καλὸν
652 1730 788 1769 προξενεῖ;
813 1729 892 1760 Ἄλλο

124 1769 222 1810 κράξαν
244 1772 259 1799 θ
278 1781 354 1799 νατον
374 1770 494 1799 ἀπειλεῖ·
515 1768 602 1809 ἕτερον
624 1771 748 1810 φωνῆσαν
771 1771 891 1810 χειμῶνα

124 1809 264 1847 σημαίνει·
286 1809 352 1839 ἄλλο
365 1814 483 1839 πετᾶσαν
498 1808 634 1848 συμφορὰν
647 1811 712 1847 ἡμῖν
726 1809 890 1849 παρεισάγει.

124 1849 236 1878 Πολλῶν
250 1848 302 1888 γὰρ
314 1849 416 1885 ἤκουσα
426 1851 509 1878 ταῦτα
521 1849 736 1888 φιλονεικούντων
747 1848 793 1877 καὶ
806 1850 893 1889 ληρω-

125 1887 245 1918 δούντων.
261 1890 320 1918 Οὐκ
332 1889 389 1918 ἔστι
400 1891 477 1918 τοῦτο
489 1887 650 1939 παραγραφὴ
663 1889 846 1928 Χριστιανῶνς
860 1888 892 1918 Ἃ

123 1927 175 1967 γὰρ
185 1928 246 1957 ἰδὼν
255 1930 269 1957 ὁ
281 1929 349 1961 Θεὸς
359 1924 417 1957 εἶπε
427 1928 497 1957 καλὰ
508 1929 577 1962 λιαν,
589 1927 620 1957 σὺ
633 1928 700 1957 αὐτὰ
715 1927 752 1967 μὴ
765 1928 891 1967 ἐνύὸριζε.

124 1967 177 1996 Καὶ
199 1964 277 1998 εἶπεν,
290 1970 304 1997 ὁ
317 1967 390 2001 Θεός
401 1979 408 1986 ·
434 1967 620 2007 γενηθήτωσαν
643 1970 779 2008 φωστῆρες
802 1969 830 1997 ἔν
853 1970 892 2036 u}

124 2007 720 2087 ἷζρέῗὲῖἶᾷἱῷοῦτξῖρῗέἶῗόέἰςκῖῗῧῖτέἔιηῗῗεῖ
731 2006 832 2080 2⁹53?
846 2019 890 2076 ἶὲζ

68 2080 70 2082 ¹
123 2088 250 2126 φωστῆρα
262 2087 307 2136 τὸν
322 2086 414 2136 μζέγαν,
432 2086 512 2126 ἤγουν
526 2086 571 2116 τὸν
584 2086 670 2123 ἥλιον,
692 2088 729 2119 εἰς
750 2085 833 2126 ἀρχὰς
844 2087 892 2121 τῆς
906 2115 913 2124 ,

124 2125 242 2165 ἡμέρας,
262 2138 307 2155 και
319 2137 364 2155 τον
379 2128 506 2166 φωστῆρα
519 2125 563 2155 τὸν
575 2126 679 2155 ἐλάσσω
699 2128 736 2160 εἷς
750 2126 833 2165 ἀρχὰς
844 2127 891 2160 τ’ῆς

123 2165 228 2200 νυκτὸς,
248 2165 294 2194 καὶ
313 2164 373 2198 τοὺς
393 2164 513 2205 ἀστέρας.
535 2165 588 2195 Καὶ
610 2165 728 2195 ἔστωσαν
743 2167 778 2198 εἷς
793 2169 891 2204 σημεῖα

123 2203 168 2232 καὶ
182 2205 218 2236 εἷς
232 2204 352 2243 καιροὺς,
366 2204 412 2234 καὶ
426 2205 462 2237 εἰς
474 2204 576 2244 ἡμέρας
588 2205 633 2234 καὶ
653 2207 689 2239 εἷς
702 2204 843 2237 ἐνιαυτούς.
855 2205 891 2235 Τί

124 2244 226 2282 πρῶτον
241 2243 411 2282 θαυμάσομεν
425 2245 449 2272 οἱ
461 2244 610 2283 ἄνθρωποις
623 2247 669 2273 τοῦ
683 2244 758 2280 ἡλίου
778 2244 809 2272 τὸ
829 2243 893 2284 ὕψος

123 2283 154 2312 τὸ
175 2283 337 2317 ἀνείκαστον,
363 2283 394 2312 τὸ
418 2282 452 2321 μέ
471 2285 542 2317 εῡος,
566 2282 615 2318 τὴν
642 2283 823 2332 σεροδρότητα,
845 2287 893 2313 τοῦ

141 2322 207 2356 ωτὸς
228 2323 259 2352 τὸ
279 2321 437 2362 ἀμέτρητον,
450 2294 470 2357 ἦ
479 2323 527 2357 τῆς
541 2321 639 2361 θέρμης
651 2333 682 2351 το
695 2322 875 2362 ἀκατάσχετον
883 2336 892 2362 3

122 2333 187 2395 ila:
200 2362 230 2391 ἐκ
244 2366 306 2401 μιᾶς
326 2364 340 2390 θ
358 2361 494 2397 υαλλίδος,
514 2361 560 2390 καὶ
579 2363 610 2390 ἐκ
624 2366 686 2399 μιᾶς
707 2361 796 2395 οὐσίας
808 2366 893 2392 ταῦτα

123 2400 210 2430 πάντα
229 2403 432 2440 κατηγλαῖσται,
455 2400 550 2440 δρόμον
570 2400 692 2434 ἀνύοντος
714 2402 812 2439 αὐτοῦ,
832 2406 895 2432 νοῦν·

124 2440 169 2468 καὶ
182 2440 282 2470 ἔννοιαν
302 2440 540 2477 κατωτλήττοντα,
561 2441 596 2473 ὡς
616 2441 642 2469 ἐν
663 2445 712 2480 μιᾷ
731 2440 819 2482 ἡμέρᾳ
841 2442 894 2472 ἀπὸ

126 2479 254 2515 ἀνατολῆς
264 2480 340 2520 φαινό
376 2492 417 2513 νος
429 2479 547 2519 καὶπρὸς
562 2479 634 2509 δύσιν
649 2479 802 2548 ἐρχόμενος,
815 2481 894 2516 τόπος

125 2518 209 2551 οὐδεὶς
229 2519 443 2559 ἀποκρυιῆσεται
457 2522 505 2556 τῆς
525 2518 622 2559 θέρμης
644 2531 661 2548 α
680 2522 742 2556 zoin
765 2521 822 2550 Ποῦ
841 2524 894 2551 τῶν

127 2558 238 2597 Περσῶν
251 2557 285 2587 τὰ
298 2559 393 2597 τέκνα,
418 2561 441 2588 οἱ
461 2558 647 2598 Ορησκεύοντες
668 2558 747 2589 ἀὐτὸν
768 2561 803 2593 ὡς
827 2561 894 2598 θεὸν,

912 1227 932 1249 A
949 1218 1025 1247 dixit
1040 1218 1119 1247 Deus
1133 1231 1143 1247 .·
1160 1219 1358 1260 Congregetur
1375 1230 1456 1260 aqua
1467 1232 1532 1261 quae
1553 1223 1605 1252 snb
1619 1224 1691 1253 coelo

948 1263 992 1286 est
1013 1259 1045 1285 in
1055 1260 1312 1298 congregationem
1324 1263 1425 1296 unani,
1435 1267 1463 1290 et
1481 1269 1620 1301 appareat
1630 1266 1689 1292 nri-

947 1297 988 1325 da
995 1309 1004 1325 .·
1012 1302 1040 1325 et
1049 1305 1224 1338 congregata
1233 1305 1275 1328 est
1285 1309 1365 1339 aqua
1376 1301 1441 1339 quce'
1450 1302 1503 1330 sub
1515 1301 1595 1331 caelis
1606 1309 1648 1332 est
1659 1305 1690 1332 in

946 1338 1184 1376 congregationes
1192 1347 1270 1375 suas,
1278 1346 1305 1368 et
1314 1341 1450 1379 apparuit
1458 1340 1543 1370 arida
1550 1353 1558 1369 .-
1568 1348 1597 1371 et
1604 1353 1690 1372 voca-

948 1377 988 1405 νίι
1011 1377 1093 1405 Deus
1117 1377 1231 1406 aridam
1239 1400 1247 1415 ‚
1263 1384 1370 1407 terram
1381 1401 1388 1414 ‚
1403 1386 1431 1408 et
1454 1384 1690 1421 congregationes

920 1438 923 1443 .
944 1425 1089 1454 aquarum
1103 1419 1223 1447 vocavit
1242 1418 1348 1447 maria.
1360 1419 1402 1448 Et
1416 1419 1492 1448 dixit
1505 1421 1603 1457 Deus:
1617 1423 1687 1452 Ger-

945 1457 1036 1484 minet
1043 1461 1121 1485 terra
1127 1456 1248 1485 herbam
1247 1456 1330 1497 foeni
1331 1480 1339 1494 ,
1345 1459 1536 1488 seminantem
1543 1460 1639 1490 semen
1644 1472 1689 1491 se-

945 1494 1074 1523 cundum
1093 1505 1183 1534 genus
1195 1502 1224 1525 et
1237 1497 1396 1526 secundum
1409 1497 1647 1538 similitudinem,
1660 1507 1689 1530 et

946 1533 970 1561 li
1009 1543 1058 1562 um
1059 1534 1255 1574 fructiferum
1255 1535 1378 1580 faciens
1379 1537 1527 1577 fmctum.
1535 1539 1598 1568 Haec
1604 1540 1688 1570 verbo

941 1543 1062 1611 juiiiutis
1075 1572 1164 1602 statim
1175 1573 1295 1603 exhib1ta
1309 1582 1382 1612 sunt,
1397 1576 1454 1605 sine
1466 1576 1554 1614 obice,
1567 1579 1625 1608 sine
1638 1579 1688 1609 im-

944 1610 1108 1650 pedimento.
1123 1612 1164 1641 Et
1168 1613 1262 1652 sacta
1275 1619 1318 1642 est
1331 1624 1464 1654 vespera,
1478 1620 1506 1645 et
1516 1617 1632 1656 factum
1645 1625 1687 1648 est
1701 1614 1758 1636 ΟΜ·
1772 1620 1790 1636 ¹·
1804 1615 1839 1637 ¹3⁴

945 1660 1042 1688 mane,
1057 1651 1119 1680 dies
1143 1652 1252 1681 tertius.
1266 1652 1367 1683 Viden’
1383 1654 1551 1694 Scripturam
1571 1664 1687 1687 nostram

944 1689 1049 1729 aperire
1070 1697 1186 1719 mentem
1206 1690 1242 1720 ad
1265 1692 1442 1732 perfectiora?
1455 1694 1575 1726 Ubinam
1591 1704 1654 1726 sunt
1667 1698 1688 1727 ii

944 1728 992 1767 qui
1013 1728 1118 1766 dicunt,
1134 1729 1185 1760 Hie
1197 1730 1301 1760 fructus
1314 1742 1432 1771 amarus,
1447 1733 1504 1762 haec
1522 1734 1605 1765 herba
1625 1737 1686 1766 exi—

943 1768 1012 1797 tium
1026 1768 1113 1829 parit,
1126 1769 1184 1798 haec
1203 1770 1262 1800 avis
1276 1772 1417 1802 carnivora
1438 1772 1506 1811 quid
1525 1776 1602 1805 nobis
1621 1776 1686 1806 honi

945 1808 1033 1837 affert.
1061 1808 1124 1837 Alia
1145 1808 1263 1839 clamans
1285 1817 1399 1841 mortem
1423 1813 1611 1855 comminatur3
1632 1816 1685 1846 alia

944 1847 1093 1877 vociferans
1110 1847 1235 1888 hyemem
1254 1849 1404 1890 significat3
1419 1852 1472 1881 alia
1494 1855 1590 1885 volans
1612 1856 1686 1885 cala—

945 1886 1063 1916 mitatem
1074 1886 1187 1917 inducit.
1200 1889 1304 1919 Multos
1314 1890 1386 1919 enim
1399 1891 1492 1923 audivi
1500 1894 1564 1924 talia
1577 1905 1686 1925 causan-

909 1938 927 1961 B
945 1932 984 1955 tes
997 1933 1022 1956 et
1031 1926 1187 1957 effutientes.
1199 1928 1294 1957 Annon
1305 1929 1375 1959 illud
1386 1938 1425 1960 est
1438 1932 1511 1971 apud
1521 1932 1687 1965 Christianos

945 1975 1046 2006 pravus
1069 1965 1214 2006 Scripturae
1235 1969 1322 1998 usus?
1336 1970 1444 2001 Etenim
1456 1982 1515 2011 quae
1529 1975 1603 2003 Deus
1623 1985 1684 2004 cum

945 2005 1026 2041 vidit,
1040 2005 1110 2034 bona
1124 2015 1181 2035 esse
1193 2005 1276 2046 dixit,
1291 2015 1320 2038 tu
1340 2019 1374 2038 ne
1392 2012 1552 2042 contumelia
1572 2013 1683 2043 afficias.

945 2046 986 2073 Et
998 2045 1073 2074 dixit
1085 2047 1164 2075 Deus
1176 2057 1185 2074 .-
1201 2047 1291 2076 Fiant
1309 2049 1468 2080 luminaria
1480 2053 1512 2080 in
1511 2053 1686 2093 firmamen-
1700 2052 1757 2085 ⁶²⁷¹:
1768 2057 1786 2072 ¹·
1802 2048 1825 2078 ἸΙ

945 2091 974 2114 ιο
993 2084 1058 2114 coeli
1079 2086 1111 2113 in
1135 2084 1386 2119 illuminationem.
1407 2090 1476 2128 diei,
1489 2098 1518 2121 et
1537 2095 1568 2121 in
1580 2094 1686 2134 facem
1696 2082 1766 2104 ‘¹⁶'

946 2125 1048 2154 noctis.
1057 2125 1085 2154 E
1087 2131 1098 2153 ι
1098 2124 1177 2165 fecit
1188 2126 1268 2156 Deus
1279 2127 1424 2158 luminare
1433 2141 1582 2170 magnum,
1592 2143 1687 2173 nempe

945 2163 1040 2200 solem,
1054 2164 1095 2201 ad
1109 2163 1289 2196 dominatum
1304 2168 1373 2204 diei,
1386 2175 1416 2198 et
1430 2169 1574 2200 luminare
1591 2174 1687 2201 minus

946 2203 988 2231 ad
1003 2203 1184 2234 dominatum
1209 2207 1312 2243 noctis,
1326 2214 1362 2236 et·
1374 2209 1486 2238 stellas.
1512 2211 1554 2239 Et
1574 2213 1634 2240 sint
1655 2213 1688 2240 in

946 2244 1031 2282 signa
1056 2249 1084 2272 et
1101 2245 1133 2272 in
1160 2251 1300 2284 tempora,
1315 2253 1346 2275 et
1356 2249 1388 2276 in
1406 2248 1468 2277 dies
1489 2256 1519 2278 et
1534 2252 1565 2278 in
1579 2260 1681 2280 annos.

946 2281 1022 2318 Quid
1045 2282 1122 2322 prius
1151 2284 1313 2314 mirabimur
1342 2297 1392 2316 nos
1418 2287 1558 2317 homines?
1590 2289 1687 2318 solisne

947 2321 1116 2352 altitudinem
1143 2324 1300 2354 immensam
1310 2347 1318 2361 ‚
1340 2336 1372 2354 an
1397 2327 1607 2365 magnitudinem
1617 2350 1624 2364 ‚
1653 2338 1686 2357 an

947 2361 1161 2392 vehementiam?
1182 2363 1304 2393 lucemnc
1329 2365 1388 2404 ejus
1413 2366 1470 2394 sinc
1496 2367 1609 2395 termino
1637 2377 1687 2396 ex-

948 2399 1060 2438 tensam,
1081 2412 1115 2431 an
1137 2408 1230 2431 aestum
1251 2403 1477 2442 insuperabilem?
1490 2406 1632 2441 Quomodo
1653 2417 1688 2436 cx

949 2450 1001 2469 una
1010 2440 1118 2470 lucerna
1130 2448 1198 2471 etex
1209 2452 1262 2470 una
1274 2443 1421 2471 substantia
1433 2443 1489 2472 haec
1501 2445 1588 2473 omnin
1600 2445 1689 2485 splen-

947 2478 1013 2508 dida
1026 2480 1109 2519 flunt-3
1124 2480 1191 2510 dum
1204 2481 1211 2510 i
1233 2491 1261 2510 se
1279 2491 1388 2510 cursum
1403 2482 1519 2519 conficit,
1533 2490 1645 2521 tantum,
1660 2493 1693 2515 ut

948 2525 1063 2548 mentem
1076 2529 1182 2549 omnem
1196 2530 1211 2549 o
1231 2520 1403 2559 stupefaciat5
1419 2527 1448 2549 ut
1462 2532 1514 2550 uno
1527 2522 1571 2552 die
1583 2524 1616 2552 ab
1628 2532 1688 2555 ortu

951 2562 984 2592 ad
998 2573 1121 2593 occasum
1135 2562 1303 2602 perveniam,
1319 2563 1426 2594 nullum
1440 2565 1573 2605 relinquat
1588 2567 1674 2598 locu-m
1683 2593 1691 2606 ,
