1904 2840
673 214 706 237 ΙΝ
732 194 948 238 MATTHAEiJM.
976 214 1095 239 noun„
1125 217 1161 239 ΙΙ.

1616 202 1680 250 76ι

92 275 142 292 ¹¹¹
151 275 224 321 mgis
231 286 248 305 a
260 276 317 306 Deo
327 274 487 316 praedefiuifi
500 274 535 304 ad
547 274 661 304 salutem
679 275 765 315 gentis
776 274 888 312 Judaeae‚
908 278 928 301 Α
944 277 1006 307 illos
1033 277 1105 317 ipsos
1118 276 1240 317 decipere
1253 278 1389 318 cogitavit.
1413 278 1470 308 Nec
1485 277 1558 307 enim
1582 283 1685 316 poterat

150 325 268 345 maxime
277 324 305 343 m
314 321 457 354 conspectu
467 314 540 354 regis
552 314 717 353 alienigenae,
725 314 834 353 quinon
846 325 889 344 so-

150 354 276 394 lumbvelo
295 354 381 394 regni,
393 353 440 383 sed
461 354 540 383 etiam
552 354 655 393 generis
668 354 749 383 alieni
762 353 825 383 odio
838 353 890 383 ad-

149 401 305 424 versaturus
317 394 374 434 regi
385 392 557 434 postmodum
567 394 659 423 futuro
678 404 731 422 non
750 393 891 433 ignoraba-

150 440 206 469 tur,
214 433 237 462 si
246 433 300 473 ipsi
309 434 442 473 sapienter
455 432 528 463 volui
531 440 602 462 ssent
608 433 787 463 considerare.
796 434 832 462 Et
838 443 890 461 non

112 485 115 487 >
151 472 241 502 solum
254 473 423 503 manifestant
433 472 600 512 mysterium,
614 471 662 502 sed
673 472 752 503 etiarn
766 472 802 501 ad
811 472 892 501 finem

43 781 102 804 Tim.

5 1094 77 1119 Jueh.
88 1094 111 1118 5.
122 1102 148 1118 2.

137 797 143 803 ·
156 788 280 828 praeoepit
291 788 393 818 Paulus
408 799 415 816 ε
431 789 503 827 Quae

152 522 306 541 sermonum
327 523 438 542 suorum
455 512 644 552 propheticum
680 512 830 546 retulerunt
842 522 890 540 ex-

151 551 282 591 emplum,
294 558 430 590 tamquam
443 552 491 591 qui
505 552 644 581 thesauros
678 551 761 580 omini
774 551 817 580 sui
831 551 891 580 abs-

151 590 272 620 conditos
291 590 412 621 hostibus
425 591 484 631 ejus
502 590 618 635 prodant
634 602 640 618 :
657 598 682 620 et
690 591 752 621 facti
765 596 826 620 sunt
840 600 893 619 uou

151 629 338 670 praedicatores
345 641 457 671 operum
463 631 526 667 De1,
536 629 583 659 sed
591 630 742 670 proditores
752 629 893 669 mysterio-

153 679 214 698 rum
224 670 283 714 ejus
297 680 305 697 ε
317 677 344 699 et
357 680 410 699 non
423 670 545 699 doctores
559 670 682 706 Herodis,
693 669 739 700 sed
748 669 893 699 irritatores
911 686 913 688 -

154 708 263 738 malitiae
275 710 344 749 ejus.
370 710 415 739 Ex
428 709 529 748 quibus
542 708 680 746 docemur,
692 709 749 740 Scri
771 715 893 738 turarum

155 747 260 778 occulta
272 758 325 777 non
331 748 494 778 manifestari
501 748 613 787 iniquis,
620 749 667 779 sed
677 720 814 784 fidelibus,
824 748 894 777 sicut

523 798 543 816 a
566 799 611 818 me
634 789 743 818 audisti
751 798 804 827 per
816 787 892 816 mul·

157 833 202 856 tos
225 832 321 864 testes,
336 828 399 856 hoec
418 828 589 857 commenda
601 828 747 867 fidelibus,
759 829 811 868 qui
824 836 895 866 pos-

155 872 224 895 sunt
235 868 324 896 etiam
332 867 408 896 alios
420 867 532 896 docere.
542 867 578 897 Et
589 877 642 896 nou
649 868 738 897 solum
748 866 895 907 prophetiae

155 906 313 945 mysterium
330 905 510 974 prodiderunt
535 907 591 946 regi
609 907 714 945 iniquo,
735 906 783 935 sed
807 905 895 934 adhuc

155 943 243 984 ipsam
262 956 331 986 prop
350 945 430 975 etiam
447 945 619 985 praecidentes
636 958 671 975 ex
692 956 746 975 uno
767 954 897 975 consensu

155 993 204 1013 suo
217 994 318 1022 omnes,
330 992 356 1015 et
370 995 422 1014 non
433 992 593 1030 exponentes
605 996 711 1015 omnem
729 985 897 1024 Scripturam

155 1022 286 1054 divinitus
294 1025 461 1065 inspiratam,
468 1024 713 1054 mterficiendorum
720 1024 896 1064 parvulorum

155 1062 219 1093 facti
233 1071 295 1093 sunt
317 1075 407 1093 causa.
421 1063 564 1100 Quomodo
581 1064 653 1094 enim
665 1064 795 1103 scriptum
818 1061 896 1092 erat?

157 1103 198 1132 Et
219 1109 251 1132 tu
272 1104 443 1132 Bethlehem
463 1111 540 1132 terra
549 1104 641 1139 Juda,
655 1114 714 1133 non
733 1113 763 1132 es
775 1104 905 1139 minima⁴

157 1143 236 1172 inter·
254 1144 398 1182 principes
420 1143 504 1171 Iuda
515 1154 523 1169 .-
536 1152 572 1170 ex
584 1150 612 1172 te
634 1146 711 1172 enim
730 1144 807 1172 exiet
824 1142 895 1177 dux,

157 1184 210 1221 qui
222 1187 305 1222 regat
325 1181 463 1221 populum
475 1192 569 1211 meum
587 1183 691 1217 Israel,
706 1182 824 1222 diesque
834 1183 896 1226 ejus

157 1231 177 1250 a
200 1222 302 1251 diebus
320 1221 431 1251 saeculi.
452 1221 482 1251 Si
502 1231 531 1250 er
549 1221 707 1261 ointegram
727 1221 896 1261 prophetiam

156 1260 341 1299 protulissent,
356 1261 424 1290 sicut
440 1260 526 1290 fuerat
556 1260 615 1296 icta,
629 1260 798 1290 considerans
811 1261 896 1290 Hero-

156 1300 204 1331 des
217 1301 281 1339 quia
293 1300 352 1330 dies
362 1299 489 1330 nascituri
499 1300 570 1344 regis
579 1301 654 1330 illius
666 1312 682 1330 a
695 1300 791 1329 diebus
804 1299 896 1329 saeculi

155 1346 243 1376 erant,
264 1347 291 1370 et
314 1339 467 1379 intelligens
483 1339 668 1378 antiquitatem
694 1339 804 1368 honoris
825 1339 894 1378 ejus,

154 1378 219 1447 3:¹³⁸
233 1389 286 1409 non
303 1385 359 1408 erat
369 1378 417 1408 ille
432 1378 494 1408 talis
507 1388 556 1408 rex
576 1385 706 1415 terrenus,
720 1380 798 1419 cujus
811 1377 869 1407 dies
880 1389 895 1407 a

177 1418 252 1448 'ebus
264 1418 355 1448 saeculi
369 1424 457 1454 erant,
470 1418 498 1447 in
511 1424 615 1448 tantum
626 1419 743 1447 furorem
753 1428 806 1447 non
819 1427 897 1447 exar-

154 1457 231 1487 sisset
239 1458 367 1489 adversus
375 1468 437 1487 eum
451 1468 458 1484 τ
471 1467 543 1486 nunc
549 1465 639 1487 autem
648 1458 757 1497 praecisa
763 1458 813 1486 hac
822 1464 897 1497 parte
914 1461 933 1485 C

154 1497 302 1537 prophetia:
313 1507 373 1535 quae
395 1507 560 1536 compescere
580 1504 683 1537 poterat
695 1497 783 1526 zelum
798 1496 895 1535 ipsius,

155 1537 270 1576 primam
284 1543 387 1576 partem
409 1535 498 1564 solum
511 1536 692 1575 protulerunt,
708 1546 766 1574 qua‘.
779 1546 841 1564 eum
849 1546 897 1574 po-

155 1582 223 1613 terat
234 1576 350 1605 irritare.
365 1574 447 1604 Unde
461 1575 498 1603 ita
509 1575 704 1613 exponentibus
719 1574 786 1611 illis,
801 1580 898 1613 putans

155 1614 276 1644 Herodes
298 1614 414 1644 similem
436 1613 536 1642 caeteris
556 1613 665 1652 regibus
681 1624 716 1643 ex
728 1623 759 1642 ea
769 1613 840 1641 nasci
853 1623 898 1642 re-

176 1663 229 1690 em,
241 1653 370 1693 parvulos
385 1652 526 1688 interfecit,
538 1662 602 1681 cum
618 1652 674 1681 illis
684 1652 817 1682 aestimans
829 1652 899 1681 occi-

159 1663 222 1721 dere
228 1692 308 1722 etiam
316 1691 466 1722 Christum.
480 1692 505 1720 Ο
517 1691 635 1721 infelices
645 1691 750 1722 Judaei!
764 1690 898 1722 Herodem

158 1730 309 1761 docuerunt
328 1731 392 1770 quia
411 1729 446 1759 de
467 1730 623 1760 Bethlehem
642 1731 760 1760 nascitur
776 1730 833 1770 ipse
851 1730 898 1768 qni

158 1777 198 1800 est
211 1771 407 1809 gubernaturus
418 1769 550 1809 populum
558 1770 642 1800 Israell
654 1782 661 1799 z
671 1777 697 1799 et
706 1781 733 1806 se
746 1769 899 1807 noudocue-

159 1817 232 1844 runt,
250 1817 390 1850 postquam
399 1815 531 1845 natusest,
542 1816 571 1839 ut
581 1809 719 1839 crederent
729 1810 765 1838 ei.
781 1808 900 1838 Herodes

159 1849 215 1878 illis
223 1849 339 1879 credidit
351 1848 427 1889 quasi
440 1858 502 1877 vera
516 1848 678 1885 dicentibus,
693 1855 721 1878 ut
734 1859 900 1888 persequere--

159 1894 204 1918 tur
217 1888 366 1925 Christum,
375 1896 402 1918 et
412 1887 462 1926 ipsi
473 1887 526 1917 sibi
538 1898 590 1917 non
606 1887 787 1923 crediderunt,
804 1894 833 1916 ut
846 1898 900 1916 sus-

159 1927 277 1968 ciperent
294 1939 366 1958 eum.
387 1929 415 1957 7.
435 1926 460 1955 T
459 1936 516 1956 unc
532 1930 652 1957 vocavit
666 1927 776 1956 occulte
790 1936 899 1966 magos,
912 1956 915 1958 ,

159 1973 189 1996 et
212 1968 369 2005 diligenter
387 1967 544 2006 exquisivit
559 1973 668 2006 tempus
680 1966 798 2007 quando
813 1976 902 2006 appa-

160 2008 219 2036 ruit
238 2004 280 2036 eis
290 2007 388 2036 stella.
403 2007 433 2037 8.
453 2007 494 2034 Et
504 2008 546 2036 ait
558 2006 618 2035 illis
631 2017 640 2033 .-
655 2008 701 2035 Ite
714 2012 741 2035 et
754 2006 853 2034 videte
866 2006 902 2034 de

157 2056 260 2085 puero,
272 2053 300 2076 et
321 2057 389 2075 cum
403 2047 582 2081 inveneritis,
597 2046 763 2074 renunciate
776 2045 858 2080 mihi,
871 2051 902 2075 ut
919 2048 940 2072 D

161 2092 190 2114 et
202 2096 255 2123 ego
271 2088 394 2115 veniens
411 2087 531 2116 adorem
549 2095 625 2114 eum.
640 2086 783 2123 Postquam
797 2084 903 2114 audivit

160 2125 280 2155 Herodes
291 2135 459 2165 responsum,
476 2124 579 2164 duplici
594 2123 674 2153 modo
690 2123 830 2157 credibile,
850 2122 903 2162 pri—

161 2174 248 2202 mum,
259 2165 323 2203 quia
336 2174 351 2193 a
364 2164 547 2194 sacerdotibus
562 2164 649 2193 fuerat
665 2163 779 2199 dictum,
793 2162 900 2199 deinde,

161 2203 225 2241 quia
234 2203 357 2242 exemplo
363 2202 521 2243 prophetico
529 2203 615 2232 suerat
623 2203 837 2241 comprobatum,
850 2212 901 2230 non

162 2241 197 2271 ad
207 2242 377 2273 devotionem
387 2241 504 2271 flectitur
515 2241 642 2271 nascituri
652 2242 732 2280 regis,
747 2240 794 2270 sed
804 2240 838 2269 ad
847 2251 901 2269 ma-

162 2281 249 2310 litiam
262 2281 450 2310 intersectionis
469 2281 527 2319 ejus
545 2290 594 2324 per
607 2280 720 2309 dolum:
737 2280 801 2318 quia
817 2280 904 2309 malus

161 2320 244 2350 homo
267 2330 327 2366 quae
349 2319 401 2349 Dei
426 2326 488 2349 sunt
505 2318 614 2358 quidem
635 2319 783 2358 intelligere
807 2325 902 2358 potest,

161 2370 221 2399 quae
231 2361 281 2390 De1
294 2365 357 2389 sunt
363 2365 451 2388 autem
461 2368 538 2398 agere
550 2367 603 2386 non
612 2364 697 2397 potest
710 2368 716 2384 :
728 2358 854 2396 quoniam
867 2357 905 2387 in-

162 2399 284 2429 tellectus
297 2398 414 2427 hominis
437 2408 472 2427 ex
485 2398 543 2426 Deo
553 2403 656 2426 creatus
669 2403 720 2432 est,
730 2404 805 2426 actus
817 2404 906 2427 autem

164 2448 199 2467 ex
212 2438 349 2478 proposito
372 2436 517 2467 voluntatis
531 2436 625 2475 ipsius.
642 2435 722 2465 Vidit
741 2436 811 2465 enim
823 2437 906 2466 Hero-

164 2476 212 2506 des
219 2483 341 2516 magnam
349 2476 517 2505 devotionem
528 2486 570 2504 ma
590 2485 667 2503 orum
674 2475 744 2503 circa
755 2475 903 2513 Christum,

165 2522 192 2544 et
203 2516 267 2554 quia
279 2526 332 2545 non
344 2522 449 2556 poterat
467 2525 512 2544 eos
523 2524 571 2543 nec
603 2513 775 2543 landimentis
789 2514 903 2553 flectere,

165 2564 214 2584 nec
225 2554 304 2584 minis
324 2561 434 2591 terrere,
449 2565 496 2584 nec
515 2564 581 2583 auro
604 2563 786 2593 corrumpere,
799 2561 829 2583 ut
841 2564 904 2584 con-

167 2593 294 2624 sentirent
306 2593 331 2624 ei
348 2593 376 2623 in
397 2592 577 2623 intersectione
598 2592 667 2632 regis
686 2592 779 2632 futuri,
796 2592 855 2624 ideo
879 2600 904 2623 et

943 316 1013 353 fieri,
1035 323 1066 346 ut
1086 316 1277 346 blandimentis
1303 317 1405 347 seducti
1425 316 1569 358 proderent
1590 316 1682 353 illum,

944 363 1052 395 propter
1066 367 1145 395 quem
1164 357 1229 386 tanti
1248 357 1351 386 itineris
1366 363 1538 396 susceperunt
1550 356 1680 385 laborem.

943 396 999 425 Nec
1023 405 1198 435 expavescere
1218 403 1340 435 poterant
1353 396 1387 425 ali
1409 407 1481 433 uem,
1501 402 1532 424 ut
1550 394 1685 424 traderent

944 445 1017 472 eum,
1030 435 1139 473 quinon
1152 443 1309 475 aspexerant
1321 407 1465 470 Herodem,
1481 445 1528 464 nec
1541 436 1683 471 Caesarem,

945 474 992 503 sed
1013 474 1041 503 in
1056 474 1144 503 medio
1165 485 1246 514 regno
1259 475 1367 504 illorum
1380 474 1491 513 ingressi
1514 480 1586 509 sunt,
1602 473 1686 503 alium

947 523 1038 553 regem
1052 514 1238 549 annuntiantes
1251 527 1257 543 ι
1272 514 1436 553 nec]aliquid
1449 513 1569 554 amplius
1580 512 1686 542 deside-

947 563 1007 581 rare
1028 560 1161 592 poterant,
1178 564 1260 592 quam
1279 553 1429 589 Christum,
1439 553 1487 592 qui
1512 553 1554 581 illi
1572 552 1606 581 de
1632 559 1687 581 tam

948 591 1027 630 longa
1044 592 1184 632 provincia
1195 603 1305 621 munera
1326 593 1442 632 pretiosa
1454 592 1603 632 portabant.
1618 593 1687 621 Cum

948 631 1018 661 vidit
1032 631 1104 670 quod
1117 631 1194 661 aliud
1205 632 1289 661 facere
1299 642 1351 660 non
1367 639 1478 671 poterat,
1495 642 1558 670 ergo
1568 631 1688 661 devotio-

949 680 1009 699 nem
1029 671 1211 710 promittebat,
1225 672 1273 710 qui
1294 671 1415 709 gladium
1428 671 1549 707 acuebat,
1566 677 1592 699 ct
1608 670 1688 699 mali-

947 709 1013 738 tiam
1032 710 1121 740 cordis
1148 711 1191 740 sui
1218 710 1378 740 humilitatis
1400 711 1488 740 colore
1514 708 1685 754 depingebat.

949 749 1024 778 Talis
1034 749 1107 779 enim
1132 757 1171 779 est
1181 750 1345 779 consuetudo
1363 750 1485 778 omnium
1496 749 1687 788 malignorum,

950 788 1059 826 quando
1067 790 1184 828 aliquem
1198 790 1225 818 in
1236 789 1340 818 occulto
1352 789 1462 829 gravius
1470 788 1569 818 laedcre
1582 788 1689 819 volunt,

950 827 1130 858 humilitatem
1143 829 1186 858 illi
1199 836 1225 858 et
1243 829 1373 858 amicitias
1387 829 1502 867 fingunt.
1517 827 1629 858 Occulte
1643 837 1690 856 vo-

951 867 1022 897 cavit
1040 879 1093 904 eos,
1108 875 1137 897 ut
1152 878 1205 897 non
1227 868 1350 897 viderent
1373 867 1461 898 Judaei
1475 867 1606 907 (habebat
1619 866 1694 895 eninr

951 914 1087 946 suspectos
1102 909 1119 937 J
1122 907 1210 936 udaeos
1222 909 1244 944 ),
1260 917 1292 936 ne.
1307 908 1375 936 forte
1385 906 1461 945 quasi
1475 917 1564 946 regem
1577 915 1631 934 suae
1645 915 1691 943 ge-

950 946 1095 976 nerationis
1111 953 1239 983 amantes,
1260 953 1285 977 et
1305 947 1481 985 intelligentes
1497 945 1620 974 astutiam
1634 945 1690 973 He-

950 985 1036 1022 rodis,
1057 985 1201 1030 proderent
1222 985 1365 1015 consilium
1377 986 1435 1024 ejus
1456 984 1551 1023 magis,
1572 984 1691 1013 nesciens

951 1024 1015 1062 quia
1029 1025 1133 1054 inimici
1154 1026 1267 1065 majores
1286 1032 1361 1054 erant
1378 1024 1480 1055 Christi
1502 1023 1591 1054 Judaei
1609 1033 1690 1062 quam

952 1063 1020 1103 ipse.
1043 1063 1162 1093 Herodes
1194 1064 1267 1093 enim
1291 1064 1367 1094 velut
1395 1064 1532 1093 hominem
1554 1063 1695 1102 suspicans

952 1103 1160 1142 persequebatur
1170 1114 1176 1130 :
1186 1104 1203 1133 J
1206 1103 1274 1132 udaei
1286 1110 1374 1132 autem
1384 1110 1443 1143 post
1453 1103 1536 1132 multa
1549 1102 1690 1137 miracula,

952 1149 1012 1182 post
1028 1143 1104 1181 sigua
1115 1143 1239 1179 caelestia,
1255 1149 1396 1183 postquam
1409 1142 1546 1171 manifeste
1557 1152 1691 1180 cognove-

951 1188 1014 1211 runt
1026 1193 1089 1211 eum
1098 1193 1156 1212 esse
1165 1182 1267 1211 Filium
1275 1182 1336 1218 Dei,
1344 1189 1408 1211 tunc
1419 1181 1610 1211 crucifixerunt
1618 1191 1689 1210 eum.

952 1222 1060 1258 Quanto
1071 1232 1134 1261 ergo
1147 1221 1311 1251 manifestior
1321 1221 1449 1251 divinitas
1461 1221 1520 1260 ejus
1531 1220 1597 1256 illis,
1611 1230 1691 1259 quam

951 1260 1005 1296 isti,
1014 1267 1087 1290 tanto
1096 1261 1246 1291 sceleratior
1255 1267 1294 1290 est
1303 1261 1320 1291 J
1322 1260 1460 1290 udaeorum
1468 1259 1605 1298 iniquitas,
1611 1270 1692 1298 quain

950 1299 1078 1330 Herodis.
1100 1301 1130 1330 9.
1142 1301 1184 1330 Et
1196 1310 1261 1329 ecce
1278 1300 1376 1337 stella,
1391 1310 1480 1339 quam
1500 1300 1639 1328 viderant
1661 1301 1693 1327 in.

952 1341 1073 1376 oriente,
1092 1340 1273 1379 praecedehat
1293 1349 1352 1376 eos,
1368 1349 1459 1379 usque
1479 1340 1549 1368 dam
1569 1341 1651 1367 venit
1665 1345 1694 1368 et

951 1381 1032 1408 stetit
1042 1389 1130 1418 super
1142 1385 1229 1418 caput
1240 1381 1333 1418 pueri.
1343 1379 1388 1409 Ex
1400 1379 1451 1408 hoc
1458 1378 1606 1408 ostenditur
1620 1379 1692 1414 loco,

952 1418 1016 1457 quia
1041 1429 1104 1447 cum
1125 1419 1323 1457 aliquantulum
1341 1418 1417 1447 stella
1431 1417 1588 1447 adduxisset
1602 1428 1694 1456 magos

953 1468 1037 1497 prope
1047 1458 1208 1494 Jerusalem,
1225 1457 1379 1487 abscondita
1392 1465 1431 1487 est
1449 1458 1483 1486 ab
1497 1457 1546 1493 eis,
1562 1465 1591 1486 ut
1607 1457 1696 1486 relicti*

953 1507 969 1525 a
986 1497 1063 1525 stella
1078 1504 1235 1536 cogerentur
1255 1497 1283 1525 in
1301 1497 1451 1526 Jerusalem
1479 1497 1641 1536 interrogare
1659 1496 1694 1524 de
1705 1530 1713 1534 ·

952 1535 1071 1571 Christo,
1090 1536 1172 1565 simul
1180 1542 1206 1564 et
1221 1535 1388 1564 manifestare
1397 1535 1431 1564 dc
1444 1536 1492 1564 illo
1503 1545 1552 1574 pro
1573 1542 1612 1564 ter
1626 1535 1693 1564 duas

952 1584 1056 1604 causas.
1082 1574 1204 1609 Primum
1218 1596 1226 1611 ,
1253 1574 1289 1603 ad
1308 1574 1489 1603 confusionem
1512 1575 1548 1604 Ju
1570 1585 1690 1604 aeorum:
1735 1586 1737 1588 ·

953 1613 1080 1652 quoniam
1094 1612 1204 1651 quidem
1218 1612 1328 1651 gentiles
1349 1613 1431 1642 stellae
1445 1613 1628 1643 tantummodo
1649 1615 1691 1644 vi-

954 1653 1028 1681 sione
1041 1652 1190 1688 confirmati
1204 1652 1343 1682 Christum
1355 1652 1435 1681 etiam
1453 1663 1501 1697 per
1514 1652 1615 1682 alienas
1628 1664 1692 1693 pro-

953 1691 1056 1721 vincias
1069 1691 1242 1730 requirebant
1257 1704 1265 1721 ι
1279 1698 1305 1720 et
1318 1691 1405 1722 Judaei
1414 1691 1448 1720 ab
1456 1691 1565 1720 infantia
1580 1692 1694 1732 prophe-

954 1730 1005 1759 tias
1016 1731 1133 1769 legentes
1148 1729 1182 1759 de
1192 1731 1311 1766 Christo,
1324 1738 1350 1760 et
1363 1730 1391 1760 in
1408 1730 1465 1760 suis
1476 1731 1575 1760 finibus
1587 1738 1692 1767 natum,

954 1780 1007 1798 non
1028 1776 1214 1810 susceperunt.
1231 1770 1346 1806 Deinde,
1362 1777 1392 1799 ut
1405 1769 1560 1810 interrogati
1571 1771 1693 1800 sacerdo-

954 1815 1012 1846 tes,
1030 1808 1102 1839 unde
1123 1816 1274 1839 nasceretur
1293 1809 1431 1846 Christus,
1451 1809 1486 1838 ad
1506 1809 1695 1849 praejudicium

954 1859 1033 1878 suum
1047 1848 1235 1888 responderent
1247 1849 1280 1878 dc
1293 1849 1448 1878 Bethlehem
1462 1860 1468 1876 :
1493 1850 1556 1888 quia
1577 1849 1624 1887 qui
1639 1850 1693 1879 He-

956 1888 1048 1917 rodem
1069 1887 1215 1917 docuerant
1235 1888 1269 1918 de
1284 1888 1403 1925 Christo,
1419 1888 1471 1927 ipsi
1488 1889 1648 1928 ignorabant
1660 1890 1698 1919 de

956 1927 1014 1956 illo.
1037 1927 1067 1956 Si
1088 1927 1158 1956 enim
1165 1926 1270 1995 jugiter
1294 1928 1470 1967 apparuisset,
1492 1928 1518 1956 in
1538 1928 1694 1958 Bethlehem

957 1977 1002 1995 eos
1028 1967 1113 1995 fuerat
1131 1966 1164 1995 de
1186 1974 1289 2003 uctura,
1301 1974 1327 1996 et
1347 1967 1407 1996 ideo
1421 1977 1472 1996 non
1487 1967 1598 1996 fuissent
1612 1969 1695 1998 coacti

957 2005 1144 2044 interrogando
1169 2007 1292 2036 nuntiare
1312 2005 1346 2035 de
1371 2006 1430 2035 illo.
1444 2008 1485 2035 Et
1510 2017 1575 2035 ecce
1594 2008 1693 2043 stella,

959 2055 1048 2085 quam
1070 2045 1208 2074 viderant
1222 2048 1253 2075 in
1276 2047 1397 2083 oriente,
1416 2046 1606 2075 antecedebat
1629 2058 1694 2076 eos.-

959 2091 988 2114 ut
998 2083 1192 2116 considerantes
1204 2085 1363 2124 obsequium
1377 2085 1470 2121 stellae,
1483 2086 1552 2125 regis
1565 2085 1708 2125 intellige-,

958 2131 1016 2153 rent
1027 2123 1194 2162 dignitatem,
1203 2131 1230 2154 et
1242 2124 1360 2154 dicerent
1373 2124 1446 2164 apud
1458 2136 1502 2154 se:
1515 2125 1647 2163 quomodo
1662 2125 1696 2153 sit

959 2173 1007 2192 rex
1016 2164 1062 2192 iste
1068 2169 1199 2200 terrenus,
1209 2164 1254 2194 cui
1265 2164 1342 2193 stella
1354 2165 1509 2193 ministrat?
1522 2164 1597 2201 Quid
1608 2172 1696 2193 autem

957 2204 1068 2238 mirum,
1082 2203 1104 2232 si
1117 2203 1179 2232 Sole
1193 2203 1298 2233 ‘ustitiae
1315 2203 1428 2239 orituro,
1442 2204 1518 2232 stella
1531 2203 1698 2232 ministrabat

957 2241 1073 2271 divina?
1094 2214 1261 2272 Praecedebat
1275 2250 1364 2272 autem
1384 2253 1438 2279 eos,
1452 2250 1481 2271 ut
1489 2241 1617 2279 ostendat,
1629 2252 1696 2280 quo-

959 2280 1031 2309 niam
1055 2280 1210 2311 hominibus
1231 2282 1412 2321 quaerentibus
1437 2283 1524 2311 Deum
1550 2281 1588 2309 sic
1608 2280 1697 2309 omnia

959 2319 1087 2349 elementa
1098 2321 1259 2350 ministrant.
1272 2322 1301 2351 si
1311 2320 1377 2360 ergo
1390 2330 1515 2358 magnum
1533 2326 1624 2363 putas,
1633 2319 1696 2357 quia

958 2358 1066 2389 Christo
1075 2359 1152 2389 stella
1164 2360 1368 2398 obsequebatur,
1381 2359 1444 2389 vide
1457 2368 1582 2396 qnoniam
1597 2358 1696 2386 ma'ora

958 2405 1031 2435 sunt,
1044 2409 1102 2437 quae
1117 2399 1167 2428 tibi
1185 2399 1287 2428 homini
1299 2398 1442 2427 constituto
1451 2397 1610 2426 ministrant.
1653 2407 1700 2425 cce

959 2437 1029 2467 enim
1044 2438 1093 2467 tibi
1103 2438 1143 2467 sol
1155 2438 1250 2474 currit,
1266 2444 1292 2465 et
1301 2438 1362 2465 luna
1377 2437 1479 2474 fulgere
1495 2446 1546 2464 non
1559 2442 1651 2464 cessat.
1667 2435 1697 2464 Si

958 2476 1009 2506 tibi
1031 2477 1132 2506 homini
1144 2477 1288 2506 constituto
1306 2476 1432 2504 elementa
1454 2474 1615 2510 ministrant,
1631 2473 1697 2512 quid

959 2516 1057 2545 mirum
1067 2516 1089 2545 si
1098 2516 1206 2545 Christo
1223 2515 1299 2543 stella
1310 2513 1524 2551 obsequebatur?
1538 2513 1561 2541 si
1573 2513 1624 2542 tibi
1637 2524 1698 2558 pec-

959 2555 1030 2584 canti
1038 2555 1166 2584 elemeuta
1175 2554 1336 2589 ministrant,
1346 2552 1411 2590 quid
1422 2552 1521 2581 mirum
1531 2552 1553 2581 si
1566 2559 1626 2581 ante
1638 2553 1700 2581 illos

958 2593 1244 2632 quaerentesChristum
1254 2592 1328 2621 stella
1336 2591 1457 2620 currebat
1467 2592 1480 2620 ἶ)
1493 2598 1517 2620 et
1526 2592 1547 2620 si
1556 2591 1642 2631 angeli
1650 2592 1701 2621 mi-
