1890 2826
579 180 622 203 DE
636 183 753 206 *MUNDI
780 186 972 213 CnEATloNE
999 194 1125 219 ORATIO
1143 198 1190 222 IV.

107 232 155 260 οὐκ
165 232 296 271 ἐσόμενον,
310 235 354 265 τὸν
370 237 446 278 τάφῳ
459 239 637 279 διαλυόμενον,
655 243 700 273 τὸν
712 250 811 285 καιροῖς
825 248 874 278 δα,-

105 283 267 323 πανώμενον,
291 288 388 327 βουλὴν
409 291 522 331 εἰσάγει,
545 293 637 334 σκέψιν
657 301 786 331 ποιεῖταιῐ
809 299 871 336 Ναὶ,

103 336 191 375 φησὶν,
210 338 344 379 ἐνδέχεται
365 342 503 381 Δεσπότην
522 345 566 375 διὰ
588 348 690 385 πολλὴν
722 351 871 392 ἀγαῆότητα

1601 200 1670 236 553

929 252 981 290 dit,
995 255 1124 287 miserum
1137 260 1227 299 illum,
1241 265 1334 305 vilem,
1347 269 1395 307 qui
1410 270 1485 301 brevi
1499 280 1587 312 postea
1603 282 1669 306 tem-

928 309 994 338 pore
1006 310 1059 331 non
1074 303 1183 337 futurus
1194 315 1244 347 est,
1256 311 1303 350 qui
1314 312 1341 342 in
1358 315 1483 355 sepulcro
1495 317 1668 358 dissolvetur,

926 345 975 382 qui
989 352 1107 388 tempore
1126 362 1307 394 consumetur,
1321 361 1463 392 consilium
1486 365 1546 402 init,
1562 369 1668 403 consul-

102 390 184 420 εἰπεῖν
195 391 295 426 δούλοις
302 397 454 434 παρεστῶσι
463 409 469 416 ⁸
480 397 507 427 τί
515 399 555 428 δεῖ
561 400 694 439 γενέσθαι;
704 393 870 445 τίποιᾰμενᾶ
888 390 908 414 (“·
927 392 983 421 tat?
997 394 1096 433 Etiam,
1106 399 1220 438 inquiet,
1233 403 1308 435 decet
1322 409 1468 440 Dominum
1487 413 1522 442 ob
1536 425 1667 446 summam

101 442 238 483 Συγχωρῶ
261 445 306 475 καὶ
328 449 416 486 τοῦτο,
435 450 480 480 καὶ
505 453 574 491 μετὰ
595 453 639 484 τὸν
659 458 783 486 τοσοῦτον
796 445 870 497 &yffi-

101 506 142 530 να,
159 495 253 534 δίδωμι
271 497 310 534 τὸ,
325 499 494 540 Ποιήσωμεν,
508 504 573 544 πρὸς
592 505 718 546 ἀγγέλους
739 510 868 549 εἷρῆσθαι.

100 545 150 582 Τὸ,
164 547 333 588 Ποιήσωμεν,
349 551 464 587 ἤκουσας
473 566 480 573 ·
493 555 533 592 τὸ,
547 558 616 587 Κατ’
628 559 716 589 εἰκόνα
729 561 774 590 καὶ
791 562 867 601 ὁμοί-

97 609 172 635 ωσιν,
197 602 245 630 οὐκ
265 597 345 640 εἶδες
364 605 460 647 Τούτῳ
478 608 531 649 γὰρ
549 611 646 650 ὀφείλω
664 614 703 653 τῷ
730 614 800 655 λόγῳ
822 616 867 645 καὶ

97 649 233 682 Ἰουδαίων
250 654 294 684 καὶ
314 659 453 697 αἱρετικῶν
479 663 631 704 ἀπορῤἄψαι
652 664 780 705 στόματα.
795 664 873 697 Οὔτε·

96 701 148 741 γὰρ
167 703 305 744 Ἰουδαῖος,
331 709 391 740 οὔτε
416 709 506 743 πάλιν
520 716 651 755 αἱρετικὸς
671 720 686 747 ὁ
707 719 783 752 αὐτὸς
805 723 863 749 κατ’

96 754 220 791 ἀλήθειαν
232 757 365 797 Ἰουδαῖος,
379 765 480 801 μᾶλλον
491 765 518 795 δὲ
529 767 574 797 καὶ
587 768 683 808 χείρων
694 782 700 789 ·
714 772 738 800 οἱ
750 771 798 810 μὲν
812 773 863 813 γὰρ

94 807 124 837 τὸ
140 811 220 848 σῶμα
232 812 400 853 ἐσταύρωσαν
415 816 445 846 τὸ
454 818 596 858 ὁρώμενον,
607 824 631 852 οἱ
648 823 676 853 δὲ
689 824 738 860 τὴν
751 826 862 862 θεότητα

93 859 142 896 τὴν
155 861 265 902 ἀόρατον
276 866 421 905 πολεμοῦσι
429 881 436 887 ·
448 871 549 908 μᾶλλον
563 873 590 903 δὲ
604 874 653 911 τὴν
664 877 764 907 ἑαυτῶν
774 891 860 915 σωτη-

92 912 159 951 ρίαν.
173 914 252 945 Ἀλλὰ
264 919 380 949 κάκεῖνοι
392 921 562 963 ἠλέγχθησαν
573 928 710 963 ἀδυνάτοις
720 931 859 972 ἐπιχειρή-

89 976 181 1000 σαντες
194 968 357 1009 πρᾶγμασιν.
372 972 421 1002 Διὸ
431 975 477 1004 καὶ
490 977 566 1013 δίκην
581 981 692 1019 μερικὴν
703 982 802 1019 ταύτης
810 985 859 1020 τῆς

88 1016 189 1056 τόλμης
205 1020 248 1050 ἐπὶ
268 1025 315 1051 τοῦ
329 1025 457 1064 παρόντος
474 1028 628 1069 δεδώκασιν,
642 1032 692 1062 ἀνὰ
710 1040 799 1065 πᾶσαν
809 1036 857 1073 τὴν

86 1071 242 1110 οἰκουμένην
252 1073 283 1103 τὸ
291 1076 390 1106 ἑαυτῶν
401 1078 591 1120 διεσπαρμένον
604 1085 760 1124 Θεασάμενοι
774 1089 855 1127 γένος.

86 1120 216 1163 ιὝστερον
227 1125 279 1165 γὰρ
289 1128 374 1162 αὐτοῖς
384 1131 401 1165 ἡ
410 1131 497 1161 τελεία
505 1133 685 1175 ἐπαχθήσεται
695 1138 765 1176 δίκη,
774 1141 817 1170 ὅτε
825 1142 855 1170 τὸ

85 1174 223 1214 πάνδημον
235 1177 326 1216 μέλλει
340 1187 541 1222 συγκροτεῖσθαι
556 1188 700 1228 κριτήριον.
713 1191 767 1221 Καὶ
780 1195 854 1223 αὐτοὶ

85 1225 112 1255 δὲ
125 1228 164 1267 τῷ
176 1228 261 1259 δέοντι
277 1234 362 1273 καιρῷ
381 1234 428 1268 τὰς
441 1235 514 1271 ἀξίας
526 1239 600 1279 παρὰ
613 1245 660 1271 τοῦ
674 1244 754 1274 αὐτοῦ
771 1248 851 1277 ἀπαι-

82 1278 240 1315 τηθήσονται
251 1281 334 1318 δίκας.
351 1285 437 1315 Τοῦτο
449 1288 476 1317 τί
489 1284 532 1319 οὖν
545 1291 614 1330 ἐστι,
630 1294 669 1324 διὸ
677 1295 777 1331 πάντας
790 1300 851 1338 ὑμῖν

80 1330 187 1366 τούτους
198 1335 350 1375 παρεθέμην
366 1337 472 1378 λόγους-ς
484 1342 619 1383 Βούλομαι
639 1347 690 1388 γὰρ
710 1349 791 1380 πάλιν
804 1354 852 1389 τῆς

80 1383 234 1419 ἀκολουθίας
255 1388 383 1426 γενέσθαι.
395 1392 436 1421 Οὐ
457 1395 545 1436 τολμᾷ
557 1397 617 1427 οὔτε
637 1401 776 1441 αἱρετικὸς,
790 1404 849 1434 οὔτε

80 1433 204 1471 Ἰουδαῖος
217 1439 309 1476 εἰπεῖν,
321 1441 362 1472 ὅτι
375 1443 424 1482 μία
437 1446 514 1476 εἰκὼν
526 1449 571 1478 καὶ
585 1451 709 1489 ὁμοίωσις
719 1455 791 1485 Θεοῦ
804 1458 849 1487 καὶ

79 1487 206 1527 ἀγγέλων.
220 1494 232 1507 ⁸
245 1492 292 1529 Μὴ
309 1494 360 1534 γὰρ
386 1496 502 1537 ἄγγελοι,
522 1501 547 1530 οἱ
565 1503 709 1542 γενόμενοι,
729 1510 847 1549 συνεργοὶ

78 1533 146 1574 ἦσαν
158 1544 203 1570 τοῦ
210 1543 281 1572 Θεοῦ
288 1556 296 1580 ;
311 1547 465 1588 Λειτουργοὶ
479 1551 566 1589 μόνον,
577 1555 728 1594 ὑμνοῦντες,
737 1559 847 1600 εὔχαρι-

76 1594 206 1629 στοῧντες,
219 1595 317 1630 εἰδότες
329 1591 370 1628 ότι
383 1601 501 1640 ἐγένοντο
512 1625 521 1640 ,
534 1603 549 1620 '’
564 1606 606 1635 ὅτι
621 1607 673 1647 πρὸ
690 1610 783 1640 τούτου
797 1613 845 1642 οὖκ

74 1638 151 1681 ἦσαν,
165 1646 211 1675 καὶ
229 1648 361 1689 πνεύματι
375 1654 537 1692 ἄγαθότητος
556 1658 674 1698 ἐγίνοντο
685 1673 692 1680 ·
706 1663 752 1692 καὶ
766 1665 843 1702 ἑστή-

72 1707 135 1726 κασι
157 1700 258 1739 θεωροὶ,
283 1702 425 1741 βλέποντες
447 1706 481 1736 τὰ
504 1709 629 1749 γινόμενα
654 1716 712 1752 μετ’
738 1718 840 1752 αὐτούς.

69 1746 202 1780 'Emeum
216 1753 324 1792 οὐρανὸν
337 1756 368 1785 ἐκ
379 1759 424 1786 τοῦ
437 1759 475 1797 μὴ
489 1760 561 1795 ὄντος
574 1763 718 1804 γινόμενον,
729 1768 774 1797 καὶ
787 1769 839 1804 ἐξε-

67 1800 215 1837 πλήττοντο
224 1816 231 1823 ·
252 1805 387 1838 θάλασσαν
401 1811 601 1852 ἀφοριζομένην,
616 1818 661 1847 καὶ
674 1819 819 1859 ἐθαύμαζον
829 1835 836 1841 ·

65 1852 192 1893 ἐθεώρουν
204 1858 255 1895 γῆν
271 1861 463 1900 κοσμουμένην,
478 1865 523 1894 καὶ
537 1865 665 1907 ἔφριττον.
676 1870 740 1902 Ὅτι
749 1873 776 1903 δὲ
788 1876 835 1905 οὐκ

63 1899 132 1940 ἦσαν
153 1906 260 1947 ἄγγελοι
282 1913 412 1953 συνεργοὶ,
439 1917 508 1947 ἀλλὰ
532 1922 696 1961 θαυμασταὶ,
724 1926 795 1966 λέγει
820 1930 834 1957 ὁ

62 1956 131 1991 Θεὸς
143 1959 208 1999 πρὸς
220 1962 264 1991 τὸν
276 1962 353 1993 ’1056-
367 1965 436 1997 ‘'Ote
450 1969 563 2007 ἐποίησα
576 1974 671 2015 ἄστρα,
685 1976 731 2016 ᾔνε

60 2061 102 2090 Τὸ
108 2063 182 2102 ῥῆμα
187 2065 262 2101 δηλοῖ
268 2067 314 2097 τὸν
324 2069 436 2110 λέγοντα
442 2074 488 2103 καὶ
499 2075 543 2106 τὸν
551 2079 688 2112 ἀκούοντα.
695 2083 769 2124 ‘'Opa
783 2088 832 2123 τῆς

58 2114 193 2153 ὄρθοδόξου
214 2118 328 2155 πίστεως
347 2122 396 2159 τὴν
417 2126 512 2157 ἀκτῖνα
525 2129 682 2169 λάμπουσαν
703 2137 762 2166 ἀεί·
783 2139 829 2168 καὶ

57 2164 130 2200 ἥλιος
141 2168 239 2207 φαίνων
251 2171 300 2207 τὴν
316 2174 409 2205 ἑαυτοῦ
422 2178 515 2209 ἀκτῖνα
528 2184 652 2224 συνῆψεν.
666 2188 827 2229 Ποιήσωμεν

56 2217 193 2258 ἄνθρωπον
209 2224 268 2252 κατ’
282 2217 370 2256 εἰκόνα
387 2231 519 2271 ἡμετέραν
533 2234 578 2264 καὶ
591 2238 726 2275 ὁμοίωσιν.
741 2241 825 2282 Ἐφύ-

54 2269 116 2304 λαξε
129 2271 174 2301 καὶ
187 2275 240 2303 τῶν
253 2277 423 2310 ὗποστάσεων
440 2282 489 2320 τὴν
502 2285 584 2325 τάξιν,
604 2289 649 2319 καὶ
667 2294 714 2328 τῆς
734 2295 824 2330 οὐσίας

52 2321 84 2350 τὸ
101 2326 242 2361 μονοειδές.
263 2329 424 2370 Ποιήσωμεν
444 2335 579 2376 ἄνθρωπον
599 2342 659 2371 κατ’
670 2345 766 2377 εἰκόνα.
781 2350 822 2378 Οὐ

52 2376 111 2403 κατ’
125 2377 240 2413 εἰκόνας·
255 2382 302 2411 οὐκ
319 2383 387 2422 ἄλλη
401 2386 452 2427 γὰρ
465 2389 542 2420 εἰκὼν
555 2393 670 2434 Πατρὸς,
688 2398 733 2428 καὶ
751 2400 819 2438 ἄλλη

50 2426 124 2457 riou.
141 2429 314 2472 Ποιήσωμεν·
328 2435 372 2466 ἵνα
391 2437 422 2467 τὸ
441 2441 615 2477 πληθυντικὸν
625 2449 678 2477 τῶν
698 2451 816 2483 ὑποστά-

81 2526 92 2537 2
110 2519 169 2544 Haec
185 2522 253 2554 apud
262 2525 381 2553 Comum
393 2530 541 2564 AEgyptium
555 2534 679 2565 habentur
696 2550 722 2574 p.
745 2544 802 2571 525.

81 2558 95 2576 b
112 2559 190 2593 [llaec,
202 2565 235 2589 ὅτι
245 2568 289 2598 πρὸ
306 2576 360 2591 τ....
370 2571 477 2601 ἐγένοντο,
488 2570 578 2600 desunt
590 2575 614 2603 in
625 2578 702 2607 Savil.
711 2582 801 2610 Menti.

877 1043 895 1066 ί)
912 1039 1036 1071 facinoris
1047 1042 1073 1071 in
1085 1048 1206 1083 praesenti
1214 1049 1356 1090 dederunt,
1371 1067 1456 1095 genus
1468 1071 1548 1092 suum
1559 1064 1653 1095 viden-

925 447 1001 468 suam
1031 440 1186 483 bonitatem,
1219 449 1308 481 dicere
1336 454 1445 486 famulis
1479 461 1666 498 praesentibus,

925 483 1001 520 Quid
1014 486 1072 516 fieri
1090 494 1215 529 oportet?
1235 497 1304 534 quid
1322 499 1470 532 faciemus?
1483 505 1540 535 Hoc
1560 518 1666 547 quoque

924 531 1051 570 concedo,
1064 545 1096 564 ac
1105 544 1165 575 post
1178 545 1282 571 tantum
1292 551 1423 576 certamen
1428 550 1572 589 ‚‘admitto,
1585 554 1665 592 illud,

923 575 1094 618 Faciamus,
1109 583 1144 612 ad
1157 587 1266 625 angelos
1279 589 1382 621 dictum
1396 593 1487 625 fuisse.
1504 598 1665 637 11111d‚-Fa-

923 623 1045 661 ciamus,
1067 628 1182 669 audisti3
1204 632 1275 663 illud
1289 645 1363 674 vero,
1378 638 1542 672 Secundum
1563 647 1664 686 imagi-

925 678 990 698 nem
1012 677 1041 700 et
1060 675 1284 709 similitudinem
1305 684 1491 724 nonsvidisti?
1512 689 1569 719 Hoc
1590 693 1661 722 enim

920 715 1004 746 verbo
1021 719 1178 752 Judaeorum
1193 731 1218 754 et
1236 726 1422 761 haereticorum
1445 744 1491 764 ora
1510 737 1660 770 obstruam.

919 761 1013 801 Neque
1032 766 1103 796 enim
1126 769 1248 807 Judaeus,
1267 784 1354 814 neque
1375 789 1484 810 rursum
1508 782 1659 821 haereticus,

917 806 975 846 ipse
994 819 1102 850 quoque
1122 825 1185 846 vere
1196 818 1325 856 Judaeu53
1341 823 1396 853 imo
1415 826 1491 865 pejor
1503 841 1511 856 :
1528 829 1569 858 illi
1582 842 1658 861 nam-

917 863 970 892 que
978 865 1075 896 corpus
1089 859 1197 892 visIbile
1209 867 1401 900 erucifixerunt
1409 883 1419 910 3
1435 872 1463 902 hi
1478 885 1542 904 vero
1555 877 1658 908 diviui-

917 905 996 938 tatem
1017 903 1183 937 invisibilem
1197 910 1372 952 impugnant3
1388 917 1442 948 imo
1455 930 1519 951 vero
1537 923 1658 963 ipsorum

916 946 1040 978 salutem.
1061 952 1164 982 Verum
1184 963 1211 986 et
1230 957 1274 987 illi
1287 959 1465 1000 impossibilia
1485 970 1593 1007 angredi
1609 971 1656 1002 de·
1690 980 1734 1017 ⁶1⁸⁸
1746 988 1765 1001 «v
1786 990 1807 1001 131

1501 990 1516 1007 υ

913 996 1051 1024 monstrati
1069 1005 1139 1028 sunt.
1151 1001 1322 1044 Quapropter
1343 1010 1441 1047 partim
1464 1024 1554 1053 poenzis
1574 1017 1656 1058 hujus
1702 1020 1731 1032 ¹''¹
1743 1021 1754 1032 '⁴

912 1091 951 1114 tes
964 1096 1013 1125 per
1030 1094 1116 1120 totum
1136 1093 1228 1124 orbem
1248 1096 1412 1138 dispersum.
1429 1105 1545 1137 Demum
1565 1117 1654 1141 autem

911 1130 966 1161 illis
985 1141 1104 1166 extrema
1125 1138 1192 1169 ult'io
1212 1148 1252 1171 est
1274 1144 1430 1186 infligenda,
1443 1153 1551 1190 quando
1564 1163 1654 1187 extre-

910 1184 986 1206 mum
1007 1181 1128 1211 omnium
1147 1183 1285 1223 judicium
1298 1191 1465 1224 reddendum
1483 1199 1544 1228 erit.
1565 1199 1653 1239 Atque

909 1222 944 1251 ab
956 1223 1022 1263 ipsis
1035 1236 1086 1256 suo
1099 1234 1218 1270 tempore
1226 1238 1379 1273 promeritae
1390 1249 1542 1281 repetentur
1554 1257 1649 1286 poenae.

909 1269 983 1306 Quid
1003 1282 1090 1303 eausae
1108 1275 1192 1314 igitur
1204 1286 1254 1316 est,
1270 1291 1320 1311 cur
1336 1283 1386 1314 hos
1404 1297 1495 1318 omnes
1517 1301 1652 1324 sermones

908 1315 986 1345 vobis
997 1322 1182 1358 proposuerim
1190 1324 1204 1352 ?
1217 1326 1289 1356 Volo
1302 1329 1373 1360 enim
1384 1343 1491 1364 rursum
1506 1338 1602 1368 seriem
1613 1351 1652 1369 rc-

906 1367 1005 1399 petere.
1022 1365 1082 1394 Non
1106 1367 1186 1398 audet
1208 1370 1359 1412 haereticus,
1374 1387 1421 1407 nec
1437 1381 1517 1411 audet
1538 1384 1650 1416 Judaeus

903 1405 1002 1445 dicere,
1017 1421 1098 1441 unam
1121 1424 1178 1443 esse
1198 1417 1249 1447 Dei
1265 1426 1290 1448 et
1314 1423 1470 1460 angelorum
1493 1427 1654 1469 imaginem.⁴

904 1452 975 1482 Num
989 1457 1088 1495 angeli,
1099 1460 1146 1498 qui
1159 1462 1223 1492 faeti
1237 1472 1309 1501 sunt,
1320 1467 1455 1508 adjutores
1465 1474 1515 1503 Dei
1526 1476 1647 1508 fuerint?

865 1501 884 1524 Ε
903 1498 1022 1530 Ministri
1040 1504 1128 1534 solum
1147 1515 1232 1547 erant,
1248 1510 1398 1553 laudantes,
1413 1518 1510 1556 gratias
1528 1530 1644 1560 agentes,

901 1546 978 1583 gnari
995 1558 1023 1577 se
1044 1549 1126 1580 factos
1147 1564 1214 1592 esse,
1230 1564 1258 1585 et
1270 1566 1346 1589 antea
1360 1571 1412 1591 non
1426 1563 1519 1603 fuisse,
1534 1578 1564 1596 ac
1578 1577 1643 1599 nutu

901 1591 1047 1623 voluntatis
1067 1595 1142 1627 illius
1160 1609 1262 1632 creatos
1281 1604 1383 1636 fuisse:
1399 1610 1556 1650 stabantque
1577 1626 1643 1645 con—

900 1637 1068 1676 templantes,
1091 1643 1263 1685 videntesque
1283 1660 1312 1679 ea
1332 1662 1392 1690 quae
1404 1663 1465 1694 post
1482 1657 1555 1697 ipsos
1573 1661 1640 1691 sacta

897 1680 1011 1713 fiterant.
1030 1686 1166 1719 Videbant
1179 1692 1274 1723 caelum
1285 1706 1319 1726 ex
1330 1697 1416 1729 nihilo
1425 1701 1536 1740 factum,
1551 1713 1576 1735 et
1587 1714 1640 1736 stu-

895 1728 1009 1767 pebant3
1030 1743 1103 1763 mare
1123 1740 1300 1779 segregatum,
1320 1751 1345 1773 et
1370 1746 1553 1788 min-{hautun
1572 1764 1638 1783 ¹con-

894 1776 1093 1815 templabantur
1114 1788 1212 1814 terram
1229 1795 1358 1826 ornatam,
1368 1799 1394 1821 et
1406 1793 1638 1831 exlimrescebant.

893 1821 975 1858 Quod
985 1831 1074 1855 autem
1087 1829 1176 1868 angeli
1190 1840 1243 1861 non
1258 1834 1394 1875 adjutores
1407 1841 1517 1881 suerint,
1533 1846 1579 1876 sed
1591 1848 1636 1877 ad-

891 1866 1039 1904 miratores,
1051 1872 1089 1902 ait
1105 1874 1179 1905 Deus
1193 1878 1294 1909 Johum
1316 1883 1455 1924 alloquens
1476 1902 1482 1918 :
1509 1892 1634 1930 Quando
1645 1899 1696 1922 lob·
1710 1901 1748 1926 38.
1763 1911 1783 1933 7-

887 1912 949 1950 feci
967 1916 1079 1953 stellas,
1096 1919 1294 1956 laudaverunt
1311 1939 1356 1959 me
1372 1941 1473 1963 omnes
1493 1940 1593 1978 angeli
1606 1948 1635 1970 et

890 1959 1118 1996 celebraverunt.
1150 1968 1308 2003 Faciamus
1337 1976 1493 2011 hominem.
1524 1985 1633 2017 Dictum

733 1978 782 2008 σάν
798 1992 831 2019 με
841 2009 878 2030 474
889 2004 960 2035 illud
979 2014 1005 2037 et
1024 2009 1176 2049 loquentem
1189 2016 1322 2057 significat
1340 2029 1367 2052 et
1380 2025 1540 2060 audientem.
1558 2033 1631 2064 Vide

60 2007 155 2043 πάντες
174 2011 280 2053 ἄγγελοι
293 2016 339 2046 καὶ
356 2017 485 2057 ὕμνησαν.
507 2024 667 2066 Ποιήσωμεν
683 2030 830 2072 ἄνθρωπον.
849 2037 870 2060 Α

887 2052 1044 2085 orthodoxae
1063 2056 1126 2088 fidei
1139 2061 1245 2093 radium
1259 2076 1364 2108 semper
1376 2070 1559 2110 splendentem
1577 2091 1583 2107 :
1604 2087 1629 2109 et

886 2097 926 2126 sol
938 2098 1030 2130 lucens
1044 2103 1150 2135 radium
1163 2117 1242 2139 suum
1255 2111 1392 2152 adjunxit.
1406 2119 1566 2152 Faciamus
1581 2124 1626 2154 ho·
1638 2130 1695 2166 mnu
1707 2148 1712 2157 ,
1731 2135 1776 2159 sa-

885 2143 992 2173 minem
1010 2150 1170 2180 secundum
1189 2154 1346 2195 imaginem
1359 2166 1387 2189 et
1406 2163 1626 2197 similitudinem
1635 2169 1766 2215 {lflffl‘fwm

866 2188 868 2190 ’
884 2195 1026 2220 nostram.
1041 2193 1219 2229 Personarum
1237 2202 1359 2234 ordinem
1379 2210 1505 2247 servavit,
1520 2219 1546 2241 et
1559 2214 1624 2243 sub-
1634 2228 1655 2244 οι
1668 2225 1775 2245 annau-m

882 2234 984 2264 stantiae
995 2237 1132 2271 unitatem.
1140 2245 1301 2278 Faciamus
1311 2249 1456 2282 hominem
1465 2259 1623 2288 secundum
1633 2255 1766 2277 ⁸⁰¹¹³¹¹d⁵⁰²¹⁸

880 2279 1046 2320 imaginem.
1060 2287 1119 2317 Non
1134 2292 1281 2323 seeundum
1293 2295 1422 2336 imagines
1436 2312 1443 2328 :
1457 2311 1542 2340 neque
1551 2305 1622 2334 enim

879 2325 931 2354 alia
950 2334 990 2357 est
1006 2329 1095 2372 imago
1115 2335 1212 2375 Patris,
1228 2339 1281 2369 alia
1301 2342 1375 2372 Filii.
1398 2346 1555 2377 Faciamus
1570 2362 1578 2378 :
1592 2358 1621 2380 ut

877 2381 1051 2411 personarum
1084 2380 1267 2419 pluralitatem
1294 2389 1428 2428 ostendat3
1455 2393 1620 2425 Secundum

877 2417 1035 2457 imaginem
1050 2430 1179 2454 nostram
1193 2440 1203 2456 .·
1216 2435 1246 2457 ut
1259 2431 1556 2466 consubstantialitatem
1569 2439 1620 2469 de-

877 2459 969 2492 claret.
985 2465 1116 2502 Quisnam
1144 2480 1210 2499 vero
1225 2479 1263 2502 est
1276 2475 1365 2514 magni
1387 2476 1468 2517 hujus
1489 2483 1617 2512 sermonis

857 2553 950 2584 νεύματι
963 2558 1102 2587 &quodem-o,-
1118 2558 1203 2592 legisse
1217 2561 1334 2595 adetum]
