1890 2826
518 211 563 234 DE
589 208 852 246 Pnonun'rumm
878 207 1122 232 onscunrrA‘rE.
1151 207 1191 231 11.

74 277 244 315 ζηλῶσωμεν.
262 275 296 304 Αἱ
311 278 386 314 μυῖαι
397 277 452 307 τοῖς
467 272 616 313 τραύμασιν
639 271 822 311 ἐγκαθέζονται
835 294 843 308 ,

74 323 119 353 καὶ
133 322 283 352 δάκνουσιν·
302 321 329 349 αἱ
343 319 465 359 μέλιτται
482 323 536 352 τοῖς
558 319 661 348 ἄνθεσιν
677 317 844 357 ἔφίπτανται.

73 369 126 398 Διὰ
141 370 218 397 τοῦτο
230 362 308 396 αὗται
322 365 369 404 μὲν
380 365 462 405 κηρία
479 363 492 381 ¹²
501 364 661 404 πηγνύουσιν
673 386 681 399 ,
698 365 795 393 ἐκεῖναι
817 362 844 392 δὲ

1566 208 1634 245 227

893 269 974 299 fuerit
985 270 1094 310 publica
1112 269 1293 313 reprehensio,
1305 273 1378 298 tanto
1397 268 1503 298 facilius
1522 268 1638 299 medIci-

895 326 957 344 nam
979 315 1130 345 adhibebis.
1150 317 1191 346 Ne
1221 314 1402 352 mordeamus,
1422 324 1507 353 neque
1524 315 1638 344 arroda-

894 372 956 391 mus
978 362 1066 391 aliena
1090 362 1220 400 vulnera5
1235 358 1272 391 ne>
1295 371 1400 390 muscas
1429 361 1575 398 imitemur,
1590 360 1637 390 sed

73 412 212 452 νοσήματα
226 411 368 450 ἐπάγουσιν
379 433 387 448 ,
412 406 450 444 οἷς
466 410 497 439 ἂν
511 411 705 440 ἐπικαθεσθῶσι
719 408 826 447 σώμασι
837 420 843 426 ·
860 413 878 436 C
895 418 958 448 apes
969 408 1137 437 aemulemur.
1152 410 1256 438 Muscae
1273 407 1433 438 vulneribus
1452 406 1579 441 insident,
1593 418 1640 436 ea-

73 458 119 487 καὶ
133 459 160 487 αἱ
175 457 222 496 μέν
234 459 284 486 εἶσι
296 457 446 496 βδελυκταὶ,
457 457 484 486 αἱ
498 455 524 485 δὲ
535 455 653 485 ποθειναὶ
663 454 709 485 καὶ
721 453 844 489 ἐπίδοξοι.

74 504 128 534 Καὶ
140 506 218 542 ἡμεῖς
236 503 322 532 τοίνῦν
334 504 373 543 τῷ
395 504 505 542 λειμῶνι
519 503 566 537 τῆς
580 503 676 541 ἀρετῆς
691 502 743 530 τῶν
763 496 845 539 ἇγίων

75 551 218 585 ἔπιπτῆναι
231 548 280 585 τὴν
294 548 381 591 ψυχὴν
392 547 637 588 παρασκευάσωμεν
645 569 653 582 ,
672 546 717 576 καὶ
729 548 847 586 συνεχῶς

75 595 124 631 τὴν
139 594 248 625 εὐωδίαν
261 597 313 624 τῶν
326 595 390 634 παρ’
403 594 510 627 ἐκείνοις
529 592 741 633 κατορθωμάτων
757 593 848 622 ἀνακι-

77 643 178 680 νῶμεν,
199 640 234 670 τὰ
245 641 272 670 δὲ
284 639 425 680 τραύματα
443 639 480 679 μὴ
501 639 638 677 δάκνωμεν
651 641 703 668 τῶν
716 637 828 673 πλησίον
839 649 846 656 ·

76 688 135 717 ἀλλ’
146 688 172 716 εἰ
185 686 231 716 καί
243 698 315 719 τινας
325 685 422 725 ἴδωμεν
433 689 511 715 τοῦτο
530 688 685 720 ποιοῦντας,
705 682 847 722 ἐπιστομί-

77 734 176 772 ζωμεν,
188 733 233 762 τὸν
245 732 325 772 φόὸον
336 734 423 765 αὐτοῖς
434 733 483 767 τῆς
494 731 626 764 κολάσεως
636 729 846 770 ἐπιτειχίζοντες,

77 781 126 815 τῆς
150 777 301 818 συγγενείας
322 777 416 811 αὐτοὺς
439 776 684 818 ἀναμιμνήσκοντες
707 777 755 811 τῆς
781 775 848 815 πρὸς

77 824 138 859 τοὺς
151 823 287 864 ἀδελφούς.’
312 824 347 853 Ei.
361 823 388 852 δὲ
403 823 496 862 μηδενὶ
520 822 618 852 τούτων
633 821 741 857 εἴκοιεν,
770 822 848 860 μυίας

894 465 948 494 que
959 453 1081 484 mordent
1094 465 1100 482 ι
1117 465 1179 494 apes
1192 454 1219 483 in
1234 454 1313 483 flores
1326 453 1457 485 involant.
1467 452 1572 483 Idcirco
1584 453 1640 482 istae

894 502 970 532 savos
981 501 1208 537 concinnant,illae
1215 501 1323 530 morbos
1332 499 1490 540 corporibus
1499 499 1641 534 invehunt,

895 547 994 586 quibus
1006 545 1153 576 insederint
1163 558 1172 584 ;
1191 553 1270 585 atque
1289 546 1331 575 hae
1351 545 1462 585 quidem
1481 539 1641 575 deteshandae

896 599 968 629 sunt,
982 592 1036 622 illae
1054 602 1120 622 vero
1138 592 1266 621 amabiles
1285 599 1348 622 sunt
1360 598 1387 621 et
1406 591 1522 621 nobiles.
1538 591 1574 620 Et
1593 601 1641 620 nos

895 639 978 678 igitur
1001 638 1130 668 faciamus
1141 645 1172 667 ut
1185 638 1213 667 in
1232 646 1339 679 pratum
1360 638 1469 668 virtutis
1488 644 1642 667 sanctorum

896 685 984 714 anima
1006 692 1095 714 nostra
1116 684 1233 721 involet,
1248 692 1274 714 et
1294 695 1403 714 suavem
1420 691 1490 714 recte
1510 684 1643 713 factorum

897 730 1007 761 odorem
1023 731 1058 760 ab
1081 730 1137 759 illis
1154 731 1271 759 effusum
1285 730 1442 766 excitemus,
1453 730 1643 770 proximorum

896 789 960 808 vero
979 778 1091 808 vulnera
1121 787 1153 806 ne
1167 777 1344 807 vellicemus:
1359 777 1480 815 quinimo
1493 776 1516 806 si
1530 787 1598 816 quos
1612 776 1644 806 id

883 823 1003 864 ⁴agentes
1015 823 1175 863 viderimus,
1189 833 1219 852 os
1239 822 1295 852 illis
1312 822 1498 860 occludamus,
1513 822 1642 862 supplicii

78 870 172 905 αὐτοὺς
180 872 303 910 καλῶμεν
312 893 323 907 ,
341 869 384 900 ἵνα
396 870 445 901 κᾶν
457 869 488 899 τὸ
498 870 595 903 ὄνειδος
605 871 653 905 τῆς
670 868 848 909 προσηγορίας
862 874 882 897 D
897 877 999 900 metum
1018 870 1075 899 illis
1093 869 1265 909 objiciamus,
1276 876 1303 899 et
1322 869 1488 909 cognationis
1507 868 1564 899 illis
1582 880 1643 898 me-

77 917 175 954 ταύιης
191 916 330 956 ἀποστήσῃ
350 919 398 953 τῆς
416 921 532 956 πονηρᾶς
546 915 658 955 μελέτης
671 914 765 948 αὐτούς
775 926 782 933 ·
804 913 848 944 ἵνα

77 966 126 1000 τῆς
138 962 313 1003 κακοσχολίας
332 962 430 999 ταύτης
446 962 643 1001 ἀπαλλαγέντες
659 984 666 998 ,
690 967 779 991 πᾶσαν
799 960 849 997 τὴν

78 1009 177 1050 σχολὴν
192 1010 228 1043 εἷς
236 1007 284 1044 τὴν
305 1008 410 1049 ἔρευναν
431 1010 484 1038 τῶν
499 1007 601 1038 οἰκείων
614 1007 777 1038 ἀναλίσκωσι
797 1020 849 1037 κα·

78 1057 142 1085 κῶν.
159 1055 239 1085 Οὕτω
263 1054 315 1095 γὰρ
335 1054 406 1084 οἵτε
427 1054 595 1087 πεπτωκότες
609 1053 848 1092 ἀναστήσονται,τῇ

80 1101 172 1141 μνήμῃ
185 1103 237 1131 τῶν
251 1100 445 1141 ἡμαρτημένων
467 1100 555 1133 αὐτοῖς
574 1100 622 1128 οὐκ
646 1097 850 1137 ἐκπομπευομέ-

81 1158 133 1176 νων
143 1169 151 1184 ,
177 1146 204 1176 οἵ
215 1158 244 1176 τε
267 1146 301 1175 τὰ
314 1147 399 1176 οἰκεῖα
410 1144 622 1184 ἀναλογιζόμενοι
635 1146 751 1184 συνεχῶς
762 1143 832 1173 κακὰ
840 1166 849 1179 ,

81 1192 176 1233 ῥαδίως
188 1192 257 1222 αὐτὰ
270 1191 449 1227 ἀποθήσονται
458 1212 466 1226 ,
488 1193 522 1231 τῇ
543 1190 635 1229 μνήμῃ
656 1193 708 1220 τῶν
723 1193 850 1231 ἡμαρτη-

82 1239 167 1278 μένων
179 1239 244 1279 πρὸς
257 1238 305 1275 τὴν
319 1240 371 1267 τῶν
383 1239 483 1268 λοιπῶν
494 1236 588 1276 πρᾶξιν
598 1236 765 1277 ὀκνηρότεροι
778 1236 850 1275 γινό-

83 1297 174 1324 μενοι,
197 1285 223 1315 οἵ
244 1296 272 1314 τε
290 1284 339 1320 τὴν
360 1283 455 1323 ἀρετ-ὴν
474 1284 527 1312 τῶν
551 1282 632 1321 ἁγίων
648 1278 850 1315 ἐπισκοποῦντες

81 1332 212 1371 συνεχῶς,
233 1330 356 1370 μέγιστον
382 1329 613 1369 λήψονταιζῆλον
635 1327 701 1367 πρὸς
724 1327 772 1364 τὴν
796 1329 849 1357 τῶν

82 1377 168 1405 αὐτῶν
183 1375 310 1415 μίμησιν·
334 1375 379 1405 καὶ
393 1374 437 1404 διὰ
456 1374 554 1404 τούτων
567 1373 690 1403 ἁπάντων
704 1373 848 1413 ὁλοκλήρου

80 1425 126 1451 τοῦ
140 1421 261 1460 σώματος
283 1423 331 1457 τῆς
354 1420 516 1457 Ἐκκλησίας
538 1422 602 1459 ἡμῖν
622 1419 850 1460 κατορθωθέντος,

897 915 1191 956 ωοτίεω-Γείτίοεωυε,
1203 926 1264 954 quae
1278 915 1333 944 illis
1345 925 1407 945 eum
1419 914 1549 945 fratribus
1561 914 1642 944 inter-

897 964 979 995 cedit.
991 962 1072 1001 Quod
1083 963 1107 992 si
1123 962 1193 991 nihil
1210 962 1309 991 borum
1325 962 1388 991 illos
1409 969 1524 999 moveat,
1538 973 1644 992 muscas

898 1010 961 1039 illos
980 1009 1159 1050 appellemus,
1183 1015 1214 1038 ut
1237 1008 1320 1048 hujus
1340 1008 1435 1038 saltem
1455 1008 1644 1049 appellationis

897 1057 997 1096 probro
1019 1066 1034 1085 a
1053 1066 1137 1095 pravo
1160 1055 1212 1084 hoc
1234 1054 1546 1090 instituto-ramentum
1559 1062 1590 1085 ut
1608 1055 1643 1085 ab

899 1101 1054 1132 hoc-inutili
1067 1101 1121 1131 otio
1134 1101 1243 1131 abducti
1257 1101 1390 1131 malorum
1403 1112 1515 1131 suorum
1525 1101 1644 1141 inquisi-

899 1148 966 1177 tioni
982 1147 1068 1177 otium
1081 1152 1160 1177 omne
1177 1146 1346 1187 impendant.
1370 1147 1417 1181 Sic
1437 1148 1510 1177 enim
1530 1147 1588 1185 fiet,
1612 1154 1643 1177 ut

900 1201 927 1223 et
936 1193 985 1232 qui
997 1193 1067 1233 lapsi
1079 1199 1141 1222 sunt
1158 1200 1298 1232 resurgant
1311 1193 1418 1222 excitati
1436 1193 1563 1222 memoria
1578 1203 1645 1223 suo-

899 1250 961 1270 rum
970 1239 1124 1276 criminum,
1131 1249 1191 1277 quae
1202 1249 1370 1278 nequaquam
1379 1239 1480 1268 fuerint
1491 1238 1643 1279 divulgata.

899 1293 925 1316 et
938 1285 986 1324 qui
1000 1284 1109 1325 propria
1124 1284 1196 1314 mala
1215 1295 1320 1325 semper
1333 1285 1422 1314 animo
1432 1296 1523 1314 secum
1536 1292 1645 1326 reputa-

899 1331 998 1367 verint,
1006 1330 1084 1360 facile
1098 1330 1147 1360 illa
1157 1330 1301 1370 deponant,
1309 1342 1339 1362 ac
1350 1338 1519 1371 peccatorum
1530 1341 1643 1361 suorum

900 1376 1083 1407 recordatione
1093 1375 1128 1405 ad
1136 1376 1188 1406 alia
1198 1376 1328 1417 patranda
1342 1376 1474 1406 tardiores
1485 1376 1644 1413 reddantur,

899 1431 925 1454 et
938 1423 988 1463 qui
1000 1430 1153 1453 sanctorum
1168 1423 1296 1453 virtutem
1316 1430 1446 1464 perpetuo
1468 1423 1568 1452 fuerint
1583 1433 1645 1453 eon-

82 1468 245 1508 δυνησόμεθα
254 1468 322 1507 μετὰ
334 1470 380 1498 τοῦ
392 1467 569 1507 πληρώματος
582 1466 675 1496 τούτου
689 1468 724 1500 εἷς
735 1466 782 1503 τὴν
798 1469 850 1506 βα·
866 1474 884 1497 Ε
901 1470 1032 1511 templati,
1042 1469 1137 1509 majori
1149 1470 1206 1499 zelo
1219 1469 1254 1499 ad
1263 1480 1357 1500 eorum
1367 1469 1543 1499 imitationem
1557 1469 1644 1501 incen-

82 1513 181 1543 σιλείαν
200 1516 252 1543 τῶν
274 1515 390 1554 οὐρανῶν
412 1514 536 1543 εἰσελθεῖν
548 1525 554 1532 ·
577 1508 609 1548 ἧς
627 1512 728 1553 γένοιτο
749 1512 851 1546 πάντας

81 1562 153 1598 ἡμᾶς
165 1561 314 1600 ἐπιτυχεῖν,
334 1559 425 1600 χάριτι
438 1559 483 1588 καὶ
497 1559 679 1600 φιλανθρωπίᾳ
693 1561 738 1588 τοῦ
751 1558 850 1598 Κυρίου

82 1607 158 1644 ἡμῶν
170 1606 257 1642 Ἰησοῦ
268 1607 383 1646 Χριστοῦ
394 1628 402 1642 ,
419 1605 453 1634 δι’
464 1601 494 1635 οὗ
508 1605 553 1635 καὶ
567 1607 624 1644 μεθ’
640 1601 669 1634 οὗ
682 1607 722 1644 τῷ
735 1605 823 1645 Πατρὶ
832 1607 850 1640 ἡ

83 1650 160 1687 δόξα,
175 1650 231 1689 ἅμα
244 1652 282 1690 τῷ
293 1650 360 1691 ἁγίῳ
374 1650 511 1689 Πνεύματι
521 1672 528 1686 ,
548 1653 592 1680 νῦν
606 1650 652 1680 καὶ
666 1650 724 1686 ἀεὶ,
750 1650 795 1680 καὶ
814 1652 852 1684 εἷς

83 1696 144 1730 τοὺς
157 1698 252 1730 αἰῶνας
258 1697 317 1725 ’τῶν
333 1695 443 1725 αἰώνων.
457 1694 548 1735 Ἀμήν.

121 1929 135 1949 ¹²
152 1931 294 1963 Πηγνὺονσνν.
308 1929 350 1955 Sic
366 1937 428 1956 unus
436 1929 523 1956 Codex
536 1935 610 1955 recle.
622 1929 691 1956 Editi
704 1934 805 1964 πηγνῦσι.

901 1516 998 1546 dentur
1011 1527 1018 1544 :
1031 1522 1109 1554 atque
1119 1515 1163 1545 his
1174 1515 1300 1546 omnibus
1313 1515 1455 1553 efficietur,
1467 1522 1498 1544 ut
1513 1521 1569 1545 toto
1586 1516 1645 1546 Ec—
1694 1525 1697 1527 ’

900 1562 987 1593 clesiae
1007 1572 1118 1603 corpore
1131 1573 1146 1591 a
1164 1562 1242 1592 nohis
1265 1562 1378 1592 feliciter
1400 1562 1557 1599 instaurato,
1579 1572 1644 1591 cum

901 1610 952 1639 hoc
973 1616 1044 1640 coetu
1065 1609 1092 1638 in
1113 1619 1227 1648 regnum
1247 1609 1375 1638 caelorum
1388 1608 1487 1639 intrare
1496 1608 1644 1648 possimuS,

901 1655 976 1695 quod
997 1655 1100 1696 utinam
1120 1655 1198 1684 nobis
1218 1654 1344 1692 omnibus
1366 1655 1471 1693 assequi
1496 1654 1644 1694 contingat,

903 1701 986 1741 gratia
997 1707 1024 1729 et
1035 1699 1198 1739 benignitate
1210 1699 1321 1729 Domini
1339 1699 1424 1729 nostri
1444 1700 1510 1730 Jesu
1529 1699 1644 1736 Christi,

902 1757 951 1786 per
968 1756 1048 1784 quem
1068 1751 1095 1774 et
1113 1755 1175 1774 cum
1197 1755 1250 1784 quo
1273 1744 1369 1784 gloria,
1385 1755 1438 1774 una
1458 1755 1521 1774 cum
1541 1744 1646 1784 Spiritu

902 1798 1004 1828 sancto,
1017 1801 1088 1822 nunc
1106 1797 1131 1824 et
1144 1801 1258 1832 semper,
1272 1797 1298 1820 et
1311 1791 1339 1821 in
1353 1791 1451 1822 saecula
1469 1791 1642 1823 saeculorum.

903 1840 998 1868 Amen.
