1890 2826
98 644 176 665 Exml.
203 650 211 665 1
216 650 238 666 2.

99 680 128 703 27
133 690 138 695 .

94 1157 171 1178 Emoll-
185 1156 220 1179 13.

250 146 319 190 584

248 224 294 246 tur
310 224 381 247 terra
404 216 476 247 ranis
492 229 498 246 :
513 216 611 247 deiude
627 218 761 259 sciniphes
776 218 911 254 exierunt,
927 213 991 246 inox

248 274 393 304 cynomya,
406 271 496 304 postea
510 275 582 293 mors
592 265 786 304 jumentorum,
801 272 892 306 postea
902 272 992 305 pustu-

250 310 293 346 lae,
308 309 372 340 hinc
383 310 484 350 grando
496 317 521 339 et
535 310 616 350 ignis,
629 318 720 351 postea
735 311 857 348 locustae,
877 318 903 341 et
918 318 989 340 tene-

249 357 306 386 brae
316 356 475 397 palpabiles.
492 358 562 387 Cum
578 364 666 387 autem
679 357 829 388 inducenda
841 365 908 388 esset
920 368 992 387 mors

250 402 502 443 primogenitorum,
515 403 657 443 jubentur·
666 403 804 433 immolare
821 414 920 444 agnum
938 403 992 432 im—

253 449 427 485 maculatum,
446 456 472 478 et
489 449 618 488 inungere
635 456 723 489 postes
741 449 871 490 sanguine
886 462 892 478 :
908 460 993 488 neque

251 494 323 524 enim
335 495 479 524 morituros
492 505 548 524 esse
561 505 606 524 eos
618 495 665 534 qui
678 503 764 525 essent
778 495 805 525 in
819 506 848 525 ea
862 495 953 531 domo,
965 495 992 524 in

251 550 304 579 qua
318 540 427 579 sanguis
444 540 506 580 agni
522 542 598 572 esset.
616 541 695 571 Tunc
707 541 763 570 illis
774 541 833 582 lege
845 541 936 571 statuit
949 551 993 570 se—

250 593 322 626 ptem
333 586 390 616 dies
402 597 559 627 azymorum
571 598 578 616 :
589 594 616 617 et
628 587 651 617 si
664 587 775 627 ingressi
789 587 889 616 fueri'nt
901 588 928 616 in
941 594 993 616 ter·

250 644 307 662 ram
319 633 516 673 promissionis,
528 634 606 674 jubet
617 634 691 663 hunc
703 644 809 663 servare
819 634 932 663 cultum.
952 634 993 663 Ec

248 681 274 709 si
288 681 531 719 interrogaverint
540 690 606 717 vos,
619 679 718 719 inquit,
727 680 793 720 filii
802 681 904 715 vestri,
919 680 994 708 dice-

248 729 296 763 tis,
311 726 492 765 Sacrificium
509 726 622 766 pascha
641 727 695 755 hoc
713 732 754 754 est
769 725 907 754 Domino.
923 726 992 755 Cum

246 780 336 802 autem
357 772 447 802 media
461 779 537 802 nocte
551 773 691 813 periissent
712 772 802 801 omnia
815 771 992 812 primogenita

246 818 458 859 AEgyptiorum,
475 819 622 858 abegerunt
644 818 780 848 Israe‘fitas
799 828 834 848 ex
859 818 987 857 AEgypto.

245 865 291 894 Illi
308 876 372 895 vero
384 865 482 906 egressi
494 872 567 902 sunt,
576 875 639 894 cum
653 865 814 905 accepissent
823 875 886 894 vasa
895 875 990 903 argen-

246 919 286 941 tea
299 919 325 941 et
338 923 427 949 aurea,
441 912 611 951 multumque
633 911 766 952 populum
778 921 868 940 secum
888 910 990 950 promi-
1008 912 1025 942 E

245 969 352 994 senum,
365 965 392 988 et
408 969 482 988 oves.
504 965 530 988 et
547 958 640 994 boves,
656 964 684 987 et
701 959 831 997 jumenta.
854 957 991 987 Habitatio

245 1012 336 1034 autem
349 1005 469 1035 filiorum
482 1005 576 1040 Israel,
591 1015 644 1043 qua
658 1004 815 1033 habitarunt
832 1003 885 1043 ipsi
901 1010 927 1032 et
939 1013 990 1043 pa-

245 1057 299 1080 tres
312 1062 405 1080 eorum
420 1051 448 1080 in
470 1058 540 1080 terra
555 1050 667 1090 AEgypti
683 1057 709 1079 et
726 1049 753 1078 in
766 1056 838 1079 terra
851 1049 990 1086 Clmnaan,

245 1097 298 1126 fuit
311 1108 442 1127 annorum
454 1097 715 1136 quadringentorum
729 1103 755 1125 et
768 1095 889 1136 triginta.
906 1096 942 1126 Et
955 1095 993 1125 ait

247 1145 320 1173 Deus
335 1157 341 1172 :
361 1145 506 1174 Consecra
513 1150 541 1172 et
550 1143 702 1183 sanctifica
712 1143 784 1171 mihi
791 1153 876 1171 omne
883 1144 991 1182 prImo-

582 156 612 180 S.
639 156 780 181 JOANNIS
806 155 990 181 cnnYSOS'r.
1021 156 1176 181 ARCHIEP.
1201 158 1473 183 CONSTANTINOP·

1046 221 1104 255 θον,
1119 213 1177 248 εἶτα
1191 222 1207 256 ἡ
1231 220 1361 259 κυνόμυια
1370 242 1378 256 ,
1393 215 1451 250 εἶτα
1474 222 1489 250 6
1513 220 1621 255 θάνατος
1634 221 1687 251 τῶν
1700 222 1820 258 κτηνῶν,

1045 259 1102 293 εἶτα
1125 266 1152 294 αἱ
1171 265 1310 304 φλυκτίδες
1321 288 1328 300 ,
1344 261 1401 295 εἶτα
1415 268 1432 302 ἡ
1446 265 1552 306 χάλαζα
1565 266 1610 296 καὶ
1622 266 1653 295 τὸ
1675 268 1729 305 πῦρ
1739 287 1747 301 ,
1761 261 1819 296 εἶτα

1045 311 1062 345 ἡ
1083 310 1171 350 ἀκρὶς,
1183 311 1229 340 καὶ
1242 310 1273 340 τὸ
1294 310 1387 345 σκότος
1399 312 1431 341 τὸ
1443 312 1609 353 ψηλαφητόν.
1623 312 1670 346 Ὡς
1689 312 1716 342 δὲ
1734 312 1822 351 ἤμελ·

1045 356 1089 385 λεν
1100 359 1114 386 ὁ
1126 359 1179 386 τῶν
1190 358 1365 397 πρωτοτόκων
1379 358 1523 398 ἐπάγεσθαι
1536 358 1654 396 θάνατος,
1668 359 1819 389 κελεύονται

1047 404 1124 432 θῦσαι
1133 402 1265 443 πρόὸατον
1279 404 1371 444 ἄρσεν,
1387 405 1507 444 ἄμωμον,
1518 405 1563 435 καὶ
1576 409 1669 445 χρῖσαι
1681 405 1728 439 τὰς
1742 394 1822 445 φλιόις

1046 451 1084 489 τῷ
1098 448 1206 488 αἵμαπ-
1216 451 1245 480 οὗ
1257 449 1308 490 γὰρ
1322 452 1478 481 ἀπολεῖσθαι
1490 451 1551 485 τοὺς
1563 451 1639 485 ὄντας
1651 452 1678 480 ἐν
1692 453 1726 492 τῇ
1739 451 1819 491 οἰκίᾳ,

1046 495 1074 524 ἐν
1085 490 1104 534 ᾗ
1117 494 1148 524 ἂν
1161 495 1192 524 τὸ
1205 491 1272 535 αἷμα
1283 492 1315 532 ἦν
1324 492 1392 536 [ᾗῇ]
1400 499 1445 526 τοῦ
1457 498 1541 536 ἀμνοῦ
1545 496 1625 526 ,Τότε
1635 496 1680 526 καὶ
1691 499 1743 527 τῶν
1751 497 1819 527 ἑτι-τὰ

1045 541 1152 580 ἡμερῶν
1165 543 1218 571 τῶν
1235 541 1342 581 ἀζύμων
1361 544 1448 576 αὐτοῖς
1461 545 1613 582 νομοθετεῖ·
1628 542 1678 572 κᾶν
1693 542 1820 572 εἰσέλθω-

1046 597 1087 615 σιν
1111 587 1147 619 εἷς
1170 586 1219 623 τὴν
1242 589 1291 626 γῆν
1304 590 1351 623 τῆς
1374 588 1549 628 ἐπαγγελίας,
1564 588 1704 628 φυλάττειν
1718 588 1821 618 κελεύει

1044 631 1093 668 τὴν
1107 632 1240 672 λατρείαν.
1257 632 1313 662 Κᾶν
1325 633 1492 673 ἐρωτήσωσιν
1505 635 1573 673 ὑμᾶς
1585 634 1636 664 υἱοὶ
1650 636 1732 674 ὖμῶν,
1745 635 1820 675 φησὶ,

1045 678 1143 717 ἐρεῖτε,
1158 677 1235 707 θυσία
1256 678 1286 708 τὸ
1310 678 1404 720 πάσχα
1418 682 1496 709 τοῦτο
1515 679 1616 720 Κυρίῳ.
1629 680 1676 714 Ὡς
1697 680 1725 710 δὲ
1750 680 1822 710 κατὰ

1044 723 1075 752 τὸ
1096 723 1175 762 μέσον
1198 725 1247 759 τῆς
1271 725 1363 758 νυκτὸς
1386 725 1508 755 ἀπώλετο
1532 725 1566 754 τὰ
1590 725 1746 765 πρωτότοκα
1767 727 1826 755 τῶν

1045 769 1207 808 Αἰγυπτίων,
1229 770 1372 806 ἀπήλασαν
1397 770 1458 804 τοὺς
1473 771 1641 811 Ἰσραηλίτας
1663 773 1711 807 τῆς
1734 771 1819 811 Αἰγύ-

1044 827 1120 845 πτου.
1135 817 1171 846 Οἱ
1195 815 1224 845 δὲ
1249 815 1366 852 ἐξῆλθον,
1381 815 1507 850 λαὸόντες
1520 816 1554 846 τὰ
1569 816 1650 853 σκεύη
1670 817 1704 847 τὰ
1718 818 1822 857 ἀργυρᾶ

1044 860 1089 890 καὶ
1113 866 1215 902 χρυσᾶ,
1236 862 1281 892 καὶ
1305 862 1387 892 πολὺν
1402 862 1466 892 λαὸν
1491 864 1550 902 μετ’
1565 863 1651 892 αὐτῶν
1671 862 1821 902 ἐπίμικτον,

1043 906 1089 936 καὶ
1103 907 1241 947 πρόόατα,
1253 908 1298 938 καὶ
1312 908 1374 948 βόας
1384 932 1391 944 ,
1406 909 1452 938 καὶ
1468 908 1562 945 κτήνη.
1579 907 1592 924 ¹²
1601 908 1637 938 Ἥ
1652 908 1679 939 δὲ
1693 908 1820 944 κατοίκη-

1043 964 1083 985 σις
1103 954 1156 981 τῶν
1175 954 1239 982 υἱῶν
1262 954 1381 994 Ἰσραὴλ,
1393 955 1425 990 ἣν
1450 954 1609 994 κατῴκησαν
1632 954 1707 984 αὐτοὶ
1726 954 1772 984 καὶ
1795 956 1825 984 οἱ,

1043 998 1156 1038 πατέρες
1179 1000 1266 1029 αὐτῶν
1288 1000 1315 1028 ἐν
1340 1002 1375 1039 γῇ
1394 999 1540 1040 Αἰγύπτῳ,
1550 999 1597 1029 καὶ
1609 1001 1636 1030 ἐν
1650 1002 1685 1039 γῇ
1700 999 1820 1036 Χαναὰν,

1043 1043 1089 1080 ἔτη
1107 1044 1265 1084 τετρακόσια
1285 1045 1437 1085 τριάκοντα.
1449 1047 1501 1076 Καὶ
1519 1042 1591 1075 εἶπεν
1612 1048 1626 1075 6
1649 1046 1731 1080 Θεός·
1743 1046 1819 1077 Ἀνά-

1044 1093 1086 1123 θες
1101 1090 1145 1120 καὶ
1159 1090 1269 1130 ἇγίασόν
1284 1103 1329 1130 μοι
1347 1096 1401 1120 πᾶν
1425 1091 1593 1132 πρωτότοκον
1608 1091 1661 1121 ἀπὸ
1681 1092 1821 1133 ἀνθρώπου

1044 1135 1093 1169 ἕως
1116 1135 1226 1172 κτήνους
1236 1159 1244 1172 ,
1267 1137 1309 1166 ὅτι
1333 1136 1471 1167 ἀπέκτεινε
1494 1137 1529 1166 τὰ
1554 1137 1712 1177 πρωτότοκα
1733 1140 1821 1178 Αἰγυ-

246 1192 376 1230 gem-mm
387 1193 423 1219 ab
437 1191 653 1229 hominemque
663 1190 704 1218 ad
712 1199 808 1228 pecus,
822 1190 884 1227 quia
894 1189 992 1219 occidit
999 1200 1035 1219 ³²8
1044 1181 1137 1211 πτίων.
1149 1183 1209 1211 Οὐκ
1223 1182 1307 1222 ἤγαγε
1326 1183 1354 1213 δὲ
1368 1182 1462 1216 αὐτοὺς
1479 1182 1523 1213 διὰ
1537 1184 1709 1224 Φυλιστιεὶμ,
1723 1183 1766 1214 ἵνα
1781 1184 1819 1224 μὴ

245 1236 425 1276 primogenita
438 1236 640 1276 AEgyptiorum.
656 1236 717 1264 Non
738 1234 819 1264 duxit
841 1243 930 1265 autem
946 1246 991 1264 eos
1007 1229 1026 1251 Ᾰ

245 1293 294 1323 per
308 1282 473 1323 Phylistiim,
485 1293 518 1311 ne
536 1282 674 1322 poeniteret
688 1292 732 1311 eos
740 1282 845 1311 bellum
858 1282 990 1318 videntes,

245 1337 297 1357 neu
317 1334 517 1357 reverterentur
535 1327 563 1356 in
585 1326 751 1366 AEgyptum,
777 1325 824 1355 sed
848 1337 896 1366 per
919 1337 993 1356 mare

245 1373 381 1402 Rubrum.
403 1372 503 1410 Quinta
523 1379 612 1401 autem
634 1371 801 1411 generatione
816 1371 992 1401 ascenderunt

245 1419 297 1448 filii
319 1419 403 1449 Israel
423 1429 457 1448 ex
478 1419 597 1459 AEgypto
611 1430 617 1447 τ
633 1425 660 1448 et
679 1418 781 1459 accepit
805 1418 915 1458 Moyses
933 1429 992 1448 ossa

245 1465 367 1505 Josephi.
394 1465 516 1494 Ducebat
541 1472 629 1494 autem
655 1465 728 1494 Deus
754 1464 882 1494 lsraelem
907 1463 991 1494 ductu

245 1511 316 1551 ignis
336 1522 386 1551 per
406 1518 520 1548 noctem,
535 1518 561 1540 et
579 1511 664 1540 ductu
682 1511 763 1540 nubis
784 1522 833 1551 per
855 1510 937 1540 diem.
955 1512 994 1541 Ut

245 1565 334 1587 autem
357 1558 515 1597 insequutus
537 1565 577 1588 est
600 1558 704 1588 Pharao
725 1564 826 1587 mutata
847 1557 991 1594 sententia,

245 1603 322 1643 virga
331 1604 463 1644 percussit
473 1605 582 1644 Moyses
592 1614 676 1638 mare,
689 1610 715 1632 et
724 1603 843 1633 divisum
855 1610 895 1632 est
910 1616 916 1632 z
930 1614 993 1633 cum

245 1657 334 1679 autem
347 1651 564 1690 pertransiissent
574 1650 711 1685 Israelita),
725 1660 798 1679 mare
817 1651 989 1690 conjunctum

244 1703 284 1725 est
297 1703 388 1725 contra
410 1697 563 1736 AEgypssos,
577 1703 603 1725 et
626 1695 754 1725 demersit
773 1707 829 1725 eos.
845 1697 881 1726 Et
898 1697 993 1726 cecinit

246 1743 353 1782 Moyses
363 1743 507 1779 canticum,
516 1742 611 1772 cecinit
618 1749 644 1772 et
651 1742 737 1772 Maria
746 1753 806 1771 cum
817 1742 989 1773 mulieribus.

246 1790 386 1818 Venerunt
404 1789 431 1819 in
452 1789 596 1825 Marrhas,
616 1789 663 1818 ubi
683 1799 773 1817 amara
794 1795 850 1818 erat
867 1800 948 1826 aqua,
967 1796 993 1819 et

245 1834 354 1864 dulcem
368 1834 487 1865 reddidit
497 1835 572 1864 illam
583 1836 693 1874 Moyses
705 1845 754 1874 per
768 1834 884 1874 lignum.
898 1837 991 1866 Vene-

246 1888 308 1910 runt
329 1881 356 1910 in
376 1881 465 1910 locum
485 1881 532 1910 ubi
551 1888 627 1910 erant
640 1880 784 1910 duodecim
799 1883 894 1918 sontes,
910 1889 937 1911 et
948 1893 991 1912 se—

246 1928 386 1967 ptuaginta
405 1928 500 1968 palmae
518 1927 613 1957 :locus
629 1935 718 1957 autem
740 1929 887 1958 vocabatur
905 1929 989 1959 Elim.

245 1972 313 2002 Inde
330 1981 460 2003 venerunt
478 1973 505 2002 in
527 1973 749 2009 desertumlinter
770 1974 845 2004 Elim
866 1982 893 2004 et
913 1975 989 2005 Sina.

246 2019 327 2048 Tunc
341 2026 578 2048 murmuraverunt
592 2019 619 2048 in
633 2019 739 2049 deserto
752 2020 889 2055 Israelitae‚
900 2031 992 2051 carnes

246 2065 423 2105 postulantes.
434 2066 511 2094 Tunc
521 2065 591 2105 pluit
600 2065 656 2094 illis
667 2075 774 2094 manna.
787 2065 891 2095 Deinde
900 2066 997 2096 intulit·

246 2113 421 2142 coturnicem.
450 2112 502 2141 Hic
513 2112 584 2141 circa
595 2122 702 2147 manna,
715 2112 787 2151 quod
802 2123 863 2142 cum
874 2114 992 2143 multum

246 2165 314 2193 erat,
331 2168 383 2187 non
405 2157 582 2193 redundabat,
594 2168 657 2186 cum
675 2168 801 2197 parvum,
817 2169 870 2187 non
884 2159 993 2189 deficie-

246 2204 302 2239 bat,
312 2204 394 2244 jussit
414 2203 484 2232 nihil
504 2203 620 2242 relinqui
640 2203 668 2231 in
689 2203 847 2233 crastinum.
861 2205 907 2234 Illi
928 2217 992 2236 vero

246 2260 299 2280 non
318 2256 477 2290 paruerunt,
490 2256 516 2278 et
535 2248 608 2288 quod
625 2248 763 2278 residuum
781 2250 833 2279 suit
855 2251 992 2281 vermibus

1007 1735 1025 1758 B

279 2354 294 2374 b
311 2354 375 2379 Cum
393 2353 433 2378 his
449 2358 592 2379 consonant
612 2361 668 2386 quae
686 2351 752 2377 dixit
771 2354 797 2377 in
809 2353 919 2378 Humilia
936 2355 967 2380 37
984 2356 1010 2379 in

246 2392 454 2426 Genesim‚·rom.
467 2393 512 2424 IV,
525 2401 551 2425 p.
564 2394 621 2425 377,
631 2401 710 2417 annos
718 2401 807 2424 nempe
815 2392 1011 2425 quadringentos

246 2434 381 2463 servitutis,
390 2441 453 2466 quos
472 2433 560 2458 semini
579 2431 686 2456 Abrahae
701 2430 817 2464 praedixit
836 2432 901 2457 Deus
917 2432 1006 2458 Genes.

248 2473 289 2503 ⁴5,
303 2474 343 2503 13,
357 2471 513 2505 incipiendus
521 2480 536 2496 a
548 2478 669 2504 tempore,
680 2480 731 2504 quo
740 2470 845 2496 Abrahae
856 2472 1007 2504 imperatum

245 2518 291 2541 est,
301 2518 329 2536 ut
339 2520 370 2536 ex
379 2510 492 2536 Charran
504 2509 878 2544 egrederetur.Quad=-ingentos
887 2519 966 2535 anuos
977 2520 1006 2536 eo

246 2550 302 2575 loco
314 2550 386 2581 dicit,
400 2552 457 2584 quia
470 2550 643 2584 quadringinti
653 2555 752 2575 tautum
771 2549 885 2575 seruntur
897 2550 923 2576 in
936 2555 1005 2575 textu

1044 1228 1243 1267 μετανοήσωσιν
1273 1229 1370 1263 ἰδόντες
1392 1229 1518 1268 πόλεμον,
1541 1230 1587 1260 καὶ
1618 1230 1822 1271 ἀποστρέψωσιν

1043 1276 1080 1307 εἷς
1093 1274 1239 1313 Αἴγυπτον,
1253 1275 1322 1304 ἀλλὰ
1335 1275 1379 1304 διὰ
1399 1277 1446 1311 τῆς
1469 1277 1587 1316 ἐρυθρᾶς.
1601 1276 1718 1315 Πέμτπῃ
1734 1276 1762 1306 δὲ
1775 1288 1820 1316 γε-

1043 1325 1089 1359 νεᾷ
1111 1320 1242 1356 ἀνέδησαν
1269 1321 1321 1350 υἱοὶ
1336 1320 1445 1361 Ἰσραὴλ
1462 1321 1489 1355 ἐξ
1503 1322 1638 1361 Αἰγύπτου
1651 1335 1656 1341 ·
1672 1322 1717 1352 καὶ
1740 1322 1820 1352 ἔλαὸε

1042 1366 1162 1401 Μωῦσῆς
1184 1365 1218 1395 τὰ
1238 1367 1303 1396 ὀστᾶ
1323 1366 1435 1406 Ἰωσήφ.
1458 1366 1568 1407 Ὡδήγει
1593 1368 1620 1398 δὲ
1642 1370 1656 1397 6
1680 1367 1748 1402 Θεὸς
1774 1369 1818 1398 τὸν

1043 1411 1155 1450 Ἰσραὴλ
1168 1411 1254 1452 στόλῳ
1273 1411 1355 1451 πυρὸς
1372 1411 1423 1448 ’τὴν
1436 1412 1536 1448 νύκτα,
1550 1413 1595 1443 καὶ
1609 1413 1695 1454 στόλῳ
1709 1413 1819 1454 νεφέλης

1043 1456 1091 1493 τὴν
1104 1457 1217 1496 ἡμέραν.
1232 1457 1279 1491 Ὡς
1297 1457 1324 1487 δὲ
1345 1457 1500 1498 κατεδίωξεν
1515 1461 1530 1488 6
1542 1458 1647 1499 Φαραὼ
1664 1461 1819 1498 μεταμελη-

1044 1503 1111 1539 θεὶς,
1126 1503 1240 1537 ἐπάταξε
1259 1503 1308 1540 τὴν
1325 1505 1459 1533 θάλασσαν
1472 1506 1591 1540 Μωῦσῆς
1604 1507 1637 1544 τῇ
1654 1505 1759 1545 ῥάὸδῳ,
1774 1506 1819 1535 καὶ

1045 1549 1152 1589 διῃρέθη
1164 1561 1171 1568 ·
1183 1549 1367 1589 παρελθόντων
1386 1550 1413 1579 δὲ
1437 1552 1491 1579 τῶν
1503 1552 1688 1591 Ἰσραηλιτῶν,
1708 1553 1820 1587 συνῆλθε

1044 1595 1114 1625 κατὰ
1126 1597 1179 1624 τῶν
1200 1596 1364 1635 Αἰγυπτίων,
1378 1595 1424 1625 καὶ
1438 1596 1624 1626 κατεπόντισεν
1639 1597 1744 1630 αὐτούς.
1765 1599 1819 1630 Καὶ

1044 1637 1093 1681 ἧσε
1105 1643 1224 1676 Μωῦσῆς
1237 1641 1285 1678 τὴν
1299 1641 1379 1682 ᾠδὴν,
1391 1638 1441 1682 ᾖσε
1455 1642 1539 1672 δὲκαὶ
1553 1643 1668 1684 Μαριὰμ
1683 1644 1750 1682 μετὰ
1764 1646 1818 1673 τῶν

1042 1689 1184 1726 γυναικῶν.
1205 1682 1307 1717 ’Ἦλθον
1327 1689 1363 1721 εἷς
1386 1688 1514 1728 Μαῤῥὰς,
1529 1688 1591 1718 ἔνθα
1611 1690 1705 1730 πικρὸν
1729 1685 1762 1726 ἧν
1785 1689 1819 1719 τὸ

1045 1733 1124 1773 ὕδωρ,
1145 1732 1190 1762 καὶ
1217 1732 1359 1772 ἐγλύκανεν
1373 1733 1437 1763 αὐτὸ
1450 1736 1569 1770 Μωῦοῆς
1594 1734 1638 1764 διὰ
1662 1738 1707 1765 τοῦ
1733 1734 1819 1770 ξύλου.

1043 1774 1145 1808 ῗΗλθον
1168 1778 1228 1808 ἔνθα
1242 1779 1344 1809 δώδεκα
1363 1780 1447 1819 πηγαὶ
1461 1781 1506 1810 καὶ
1520 1780 1633 1820 φοίνικες
1656 1782 1680 1811 οἱ
1700 1782 1819 1821 ἑὸδομή-

1044 1837 1139 1855 κοντα·
1150 1827 1165 1854 6
1178 1825 1206 1854 δὲ
1217 1825 1297 1858 τόπος
1312 1825 1408 1864 Ἐλεὶμ
1428 1825 1543 1865 ἐλέγετο.
1556 1822 1658 1857 ’Ἦλθον
1671 1828 1769 1858 ἐκεῖθεν
1781 1830 1818 1862 εἰς

1043 1871 1092 1907 τὴν
1109 1871 1208 1911 ἔρημον
1229 1871 1279 1900 ἀνὰ
1291 1871 1372 1910 μέσον
1387 1872 1483 1911 Ἐλεὶμ
1495 1872 1541 1902 καὶ
1553 1873 1630 1902 Σινά.
1646 1873 1716 1902 Τότε
1741 1874 1817 1914 ἐγόγ-

1043 1929 1126 1957 γυσαν
1147 1918 1172 1947 οἱ
1186 1918 1353 1957 Ἰσραηλῖται
1367 1918 1394 1946 ἐν
1407 1920 1441 1957 τῇ
1462 1917 1569 1958 ἐρήμῳ,
1589 1919 1655 1959 κρέα
1669 1921 1815 1955 ζητοῦντες.

1044 1963 1113 1992 Τότε
1127 1962 1230 2003 ἔὸρεξεν
1249 1963 1338 1996 αὐτοῖς
1353 1962 1447 2001 μάννα.
1468 1958 1536 1993 Εἶτα
1558 1963 1652 2004 ἤνεγκε
1676 1965 1724 2001 τὴν
1739 1967 1818 2006 ὀρτυ-

1042 2007 1190 2048 γομήτραν.
1205 2009 1338 2038 Ἐνταῦθα
1353 2008 1396 2038 ἐπὶ
1419 2011 1465 2039 τοῦ
1487 2009 1586 2048 μάννα,
1599 2010 1613 2039 ὃ
1632 2010 1662 2040 τὸ
1681 2011 1748 2041 πολὺ
1770 2013 1818 2041 οὔκ

1043 2053 1186 2084 ἐπλεόνασε
1198 2077 1206 2091 ,
1220 2054 1266 2083 καὶ
1279 2054 1294 2083 ὃ
1310 2054 1341 2083 τὸ
1354 2054 1440 2094 ὀλίγον
1455 2056 1504 2084 οὔκ
1516 2056 1680 2093 ἠλαττόνησε
1689 2080 1697 2094 ,
1710 2057 1818 2098 παρήγ-

1043 2102 1116 2140 γειλε
1130 2100 1167 2139 μὴ
1182 2099 1371 2130 ὑπολείπεσθαι
1391 2102 1427 2134 εἷς
1446 2100 1496 2137 τὴν
1515 2101 1613 2141 αὔριον.
1626 2103 1662 2132 Οἱ
1683 2102 1711 2132 δὲ
1728 2103 1818 2143 παρή·-

1044 2162 1151 2187 κουσαν,
1159 2151 1204 2180 καὶ
1217 2150 1308 2190 γέγονε
1318 2151 1350 2180 τὸ
1362 2151 1535 2192 καταλειφθὲν
1551 2153 1697 2189 σκωλήκων
1710 2155 1818 2194 πλῆρες,

1039 2193 1113 2231 Ἐἷπε
1123 2223 1130 2237 ,
1144 2201 1181 2240 μὴ
1197 2201 1319 2235 ἐξέλθητε
1334 2201 1457 2236 συλλέξαι
1471 2204 1509 2242 τῷ
1528 2203 1672 2244 σαὸὅάτῳ·
1687 2206 1711 2234 οἱ
1729 2204 1757 2233 δὲ
1773 2205 1824 2234 καὶ

1044 2253 1072 2281 ἐν
1095 2251 1180 2292 τούτῳ
1204 2251 1391 2292 παρήκουσαν,
1412 2253 1457 2282 καὶ
1483 2253 1629 2287 ἐξελθόντες
1649 2255 1700 2294 οὐχ
1734 2250 1819 2294 εὗρον.

1061 2356 1194 2382 Geneseos.
1219 2357 1267 2381 Hic
1286 2365 1348 2382 vero
1370 2356 1568 2391 quadringentos
1597 2358 1700 2391 triginta
1730 2359 1820 2384 statuit

1059 2404 1117 2420 cum
1127 2395 1154 2420 h.
1167 2394 1245 2420 Paulo
1256 2396 1337 2428 Epist.
1349 2396 1383 2421 ad
1395 2396 1508 2428 Galatas,
1521 2397 1564 2421 ubi
1576 2397 1621 2430 ait,
1629 2406 1644 2422 a
1656 2398 1825 2430 promissione·

1059 2433 1165 2459 Abrahae
1181 2434 1250 2459 facta
1268 2434 1302 2460 ad
1313 2444 1390 2468 usque
1403 2441 1500 2468 tempus
1510 2435 1576 2461 datae
1592 2435 1662 2470 legis,
1676 2445 1756 2462 annos
1770 2446 1827 2462 esse

1057 2472 1254 2506 quadringentos
1272 2474 1376 2508 triginta
1390 2487 1395 2501 :
1410 2483 1462 2507 quo
1480 2481 1565 2501 autem
1575 2481 1652 2508 pacto
1670 2476 1822 2502 numerandi

1056 2512 1107 2538 sint
1118 2514 1177 2538 anni
1190 2512 1234 2545 illi,
1247 2511 1357 2539 diximus
1369 2513 1464 2540 ibidem
1472 2515 1566 2541 innota
1576 2516 1650 2541 Tom.
1666 2516 1711 2549 1v,
1724 2525 1750 2549 p.
1760 2517 1818 2542 372.
