1890 2826
206 206 277 249 204

204 279 373 316 invenerunt,
386 285 412 309 et
422 279 469 319 qul
486 279 650 319 quaerebant,
665 290 713 320 spe
723 280 846 310 frustrati
857 281 920 311 mnt
935 292 943 310 ε

203 324 314 362 quinon
326 324 481 363 audierunt,
495 325 678 363 crediderunt,
689 333 715 356 et
728 326 775 366 qui
788 326 942 365 audierunt,

202 370 230 399 in
243 381 350 401 crucem
363 372 539 402 sustulerunt.
555 373 697 412 Propterea
709 372 836 403 audacem
849 374 942 414 appel—

202 417 269 447 lavit
280 419 386 447 Isaiam.
397 419 525 448 Maximae
538 418 641 459 quippe
650 429 742 449 revera
752 419 804 449 fuit
812 419 943 458 audaciae,

200 464 229 493 in
242 463 331 494 medio
352 475 445 494 eorum
465 475 533 504 quos
544 465 686 495 accusabat
708 472 830 503 stantem,
844 466 944 496 nemini

200 511 334 551 parcendo
350 512 546 542 accusationem
560 512 700 549 intentare,
718 518 744 542 et
760 512 823 542 illos
833 512 944 552 quidem

200 569 250 598 per
261 559 432 599 prophetiam
447 566 538 599 aperte
551 559 652 589 honore
665 558 783 599 privare,
798 559 866 589 alios
878 570 944 590 vero

199 604 234 634 ad
247 604 366 634 debitam
378 605 434 635 illis
447 605 562 645 gloriam
574 604 754 635 introducere.
771 605 944 636 Accusatores

199 653 258 691 ejus
276 658 352 682 erant
367 662 459 682 omnes
477 651 525 691 qui
543 651 688 692 injudicio
706 651 860 682 audiebant.
875 653 944 690 Quis

199 704 289 728 autem
301 699 368 728 dum
376 698 513 739 judicium
526 706 649 728 exercent
662 698 776 735 inimici,
790 699 944 739 periculum

198 745 296 784 poterit
305 745 425 775 evitare?
434 746 587 785 Propterea,
600 745 699 784 inquit,
708 746 809 775 Audet
819 751 848 775 et
860 746 942 775 dicit.

546 217 562 240 S
568 232 576 240 .
603 217 746 241 JoANMS
771 218 957 243 cnRYsosv.

988 219 1143 244 ARCfflEP.
1172 221 1451 246 comsrmvrmov.

993 282 1109 312 ’ἐκάλεσε
1122 283 1167 313 τὸν
1181 282 1304 314 Ἡσαΐαν.
1313 283 1367 314 Καὶ
1375 283 1427 325 γὰρ
1441 285 1524 319 ὄντως
1532 286 1768 327 μεγίστηςεόλμης

996 324 1039 367 ἦν,
1060 331 1087 359 ἐν
1110 329 1184 371 μέσῳ
1201 332 1255 360 τῶν
1271 331 1506 371 κατηγορουμένων
1524 333 1641 371 ἑστῶτα,
1655 334 1768 374 ἀφειδῶς

962 380 981 403 Ε
996 378 1128 405 ποιεῖσθαι
1136 375 1184 410 τὰς
1197 377 1367 416 κατηγορίας,
1382 377 1428 406 καὶ
1440 377 1554 412 ἐκείνως
1564 378 1612 417 μὲν
1625 381 1675 415 ἰ-’ῆς
1686 380 1768 419 τιμῆς

997 422 1114 461 φανερῶς
1133 422 1271 452 ἐκὸάλλειν
1294 422 1337 452 διὰ
1358 425 1406 459 τῆς
1427 423 1604 464 προφητείας,
1622 424 1725 465 ἐτέρους
1738 425 1767 455 δὲ

997 467 1112 507 εἰσάγειν
1124 469 1161 502 εἰς
1179 468 1227 505 τὴν
1241 469 1415 508 ὀφειλομένην
1438 470 1547 504 ἐκείνοις
1567 470 1652 504 δόξαν.
1667 470 1708 501 Τὸ
1725 471 1768 500 δι-

997 513 1140 553 καστήριον
1158 515 1211 543 τῶν
1224 514 1372 544 ἀκουόντων
1397 515 1561 556 κατηγόρους
1582 511 1639 556 εἶχε
1657 516 1767 550 πάντας.

997 558 1048 592 Τίς
1065 558 1093 588 δὲ
1106 560 1133 588 ἐν
1148 560 1284 593 δικασταῖς
1302 560 1407 600 ἐχθροῖς
1419 560 1568 601 διαφεύγειν
1589 561 1698 591 δύναται
1709 562 1768 591 κίν-

998 605 1088 640 δυνον;
1103 604 1155 634 Διὰ
1167 607 1246 634 τοῦτο
1254 627 1262 641 ,
1277 605 1358 645 φησὶν
1366 627 1375 642 ,
1389 605 1541 647 Ἀποτολμᾷ
1549 606 1594 636 καὶ
1601 607 1684 647 λέγει.
1696 608 1767 638 Ἀλλ’

996 650 1036 679 ἔτι
1049 653 1127 680 τοῦτο
1141 651 1202 689 ὑμῖν
1227 650 1385 691 σαφέστερον
1408 652 1544 687 ἀποδεῖξαι
1559 652 1697 693 βούλομαι.
1715 652 1769 683 Διὰ

996 699 1073 725 τοῦτο
1084 695 1145 736 περὶ
1156 696 1292 726 Ἰουδαίων
1311 696 1357 726 καὶ
1369 699 1447 736 ἡμῶν
1464 699 1571 739 ἀσαφῶς
1583 700 1611 728 ἐν
1622 701 1768 740 ταῖςΓρα-

997 745 1058 781 φαῖς
1072 741 1188 781 εἴρηται,
1201 740 1244 771 ἵνα
1256 741 1293 781 μὴ
1307 742 1360 782 πρὸ
1372 746 1464 783 καιροῦ
1473 746 1572 774 συνῶσι
1590 747 1644 774 τῶν
1654 745 1768 784 λεγομέ-

94 789 126 810 Ne
140 793 189 826 ³3²¹⁰
199 790 304 819 Verum
318 789 369 819 hoc
388 790 479 830 ipsum
491 790 554 820 volo
569 789 675 821 vclarius
688 789 880 819 demonstrare.
897 789 944 819 Id·
953 813 989 832 ,73
997 799 1048 817 νων
1058 787 1191 817 Ἰουδαῖοι·
1208 788 1262 818 Καὶ
1272 787 1365 818 τούτου
1383 789 1496 829 παράγει)
1517 789 1639 831 μάρτυρα
1650 790 1695 821 τὸν
1717 802 1769 830 μι-

49 824 135 848 tempus
153 828 175 842 m

49 852 172 879 tvlligercnt

179 832 188 836 ”
199 832 271 862 circo
291 833 326 863 de
349 833 451 864 Judaeis
464 844 496 863 ac
512 834 590 863 nobis
611 834 724 863 obscure
741 834 944 874 pronuntiatum
962 842 980 863 Α
996 833 1211 873 γαλοφωνότατον
1221 835 1339 869 Παῦλον,
1352 834 1397 864 τὸν
1411 834 1510 865 ἄνωθεν
1522 835 1708 876 φθεγγόμενον,
1718 837 1770 873 τὴν

47 881 122 903 summ
148 882 162 903 J
165 889 189 902 u-
199 885 239 907 est
248 878 276 907 in
287 879 446 919 Scripturis‚
461 889 495 909 ne
503 886 563 909 ante
571 886 678 920 tempus
691 879 872 919 intelligerent
884 890 944 919 quae
997 878 1132 919 σάλπιγγα
1145 882 1198 909 τῶν
1214 880 1341 920 οὐρανῶν,
1355 880 1386 910 τὸ
1405 883 1498 915 σκεῦος
1520 883 1568 918 τῆς
1587 883 1710 922 ἐκλογῆς,
1723 883 1770 914 τὸν

47 913 96 937 ‹la-i„
111 913 178 933 obscu

46 950 75 964 rm
99 943 191 965 suerunt

46 975 177 1004 prophetioe.

47 1075 70 1091 Ω.
86 1070 137 1093 Cor.
151 1077 186 1093 11.

47 1107 68 1123 2.

200 923 358 954 dicebantur
375 924 474 955 Judaei.
495 925 584 964 Atque
604 925 688 965 hujus
707 925 746 954 rei
765 924 888 965 produco
905 931 944 955 te-

205 977 272 999 stem
292 981 388 1011 magna
410 981 476 1002 voce
499 971 658 1001 clamantem
679 970 812 1008 Paulum,
835 981 871 1001 ex
889 972 944 1001 alto

198 1017 388 1046 vociferantem
419 1017 512 1047 tubam
539 1017 682 1053 eaelestem,
715 1026 763 1046 vas
793 1016 942 1054 electionis,

198 1063 299 1093 Christi
313 1063 540 1104 paranymphum.
557 1063 706 1102 Despondi
720 1064 798 1091 enim
817 1072 884 1099 vos,
899 1062 942 1092 in-

197 1110 275 1148 quit,
303 1114 354 1140 uni
384 1113 470 1147 viro,
497 1112 644 1151 virginem
669 1116 781 1139 castam
806 1111 943 1139 exhibere

200 1156 327 1186 Christo.
348 1156 428 1186 Hunc
448 1156 527 1186 vobis
550 1163 644 1186 testem
665 1155 787 1196 produco
809 1155 941 1186 dicentem

196 1209 298 1240 aperte,
316 1209 455 1242 propterea
474 1202 604 1231 nonnulla
619 1202 647 1231 in
665 1202 759 1232 Veteri
773 1202 943 1231 Testamento

196 1248 278 1278 fuisse
299 1248 441 1284 occultata,
453 1258 506 1277 non
526 1248 624 1277 omnia.
638 1248 668 1278 Si
681 1248 753 1277 enim
763 1247 854 1277 omnia
873 1247 941 1278 suis·

197 1301 255 1324 sent
265 1293 389 1331 obscura,
403 1294 503 1323 frustra
513 1293 589 1322 illius
605 1293 695 1323 saeculi
707 1293 864 1324 hominibus
875 1294 942 1323 fuis-

996 925 1169 965 νυμφαγωγὸν
1189 927 1235 954 τοῦ
1260 926 1386 965 Χριστοῦ.
1408 925 1586 967 Ἣρμοσᾶμην
1604 927 1657 968 γὰρ
1683 930 1768 967 ὑμᾶς,

996 969 1093 1009 φησὶν,
1118 969 1157 999 ἐνὶ
1179 969 1254 1009 ἀνδρὶ
1275 970 1403 1010 παρθένον
1425 971 1507 1011 ἁγνὴν
1531 975 1703 1012 παραστῆσαι
1728 975 1772 1014 τῷ

996 1015 1113 1054 Χριστῷ.
1128 1016 1230 1044 Τοῦτον
1242 1017 1304 1054 ὑμῖν
1324 1015 1438 1056 παράγω
1453 1016 1574 1058 μάρτυρα
1588 1020 1706 1059 φανερῶς
1722 1019 1768 1049 λέ-

995 1070 1091 1098 γοντα,
1105 1059 1147 1089 ὅτι
1170 1059 1213 1089 διὰ
1232 1063 1312 1090 τοῦτο
1334 1062 1520 1092 συνεσκίασταί
1540 1075 1600 1093 τινα
1613 1067 1667 1094 τῶν
1685 1066 1712 1094 ἐν
1730 1067 1764 1106 τῇ

995 1106 1121 1145 Παλαιᾷ,
1136 1105 1197 1146 οὐχὶ
1212 1106 1310 1136 πάντα.
1324 1108 1359 1136 Εἰ
1380 1107 1432 1147 γὰρ
1453 1107 1541 1138 πάντα
1555 1111 1644 1150 ἀσαφῆ
1655 1110 1765 1150 ἔμελλεν

994 1147 1076 1188 εἶναι,
1087 1153 1217 1191 περιττῶς
1230 1151 1320 1193 εἴρητο
1330 1157 1385 1187 τοῖς
1401 1153 1471 1183 τότε.
1485 1155 1521 1184 Αἱ
1539 1155 1592 1195 γὰρ
1607 1159 1766 1197 προφητεῖαι

994 1197 1086 1237 ἔχουσι
1097 1197 1143 1227 καὶ
1154 1197 1287 1237 πολέμους
1297 1198 1475 1239 προσκαίρους
1487 1199 1549 1234 τοὺς
1561 1202 1621 1231 τότε
1630 1223 1639 1238 ,
1653 1202 1700 1232 καὶ
1710 1204 1766 1233 λοι-

995 1242 1059 1281 μους
1068 1265 1076 1278 ,
1086 1243 1131 1272 καὶ
1140 1243 1234 1282 λιμούς
1242 1255 1249 1262 ·
1263 1243 1355 1284 ἔχουσι
1369 1245 1396 1275 δὲ
1411 1245 1456 1275 καὶ
1469 1245 1504 1275 τὰ
1514 1245 1631 1286 σήμερον
1641 1247 1765 1286 ἐκδόντα,

993 1291 1041 1324 τῆς
1068 1288 1231 1325 Ἐκκλησίας
1252 1290 1303 1325 τὴν
1326 1291 1431 1327 κλῆσιν,
1446 1293 1502 1327 τῆς
1527 1295 1682 1333 συναγωγῆς
1715 1294 1766 1331 τὴν

196 1347 254 1370 sent
265 1339 338 1370 dicta
354 1351 361 1368 ε
382 1339 517 1379 siquidem
531 1339 678 1380 prophetiae
700 1340 772 1369 bella
794 1340 940 1378 continent,
959 1341 977 1364 Β
993 1333 1140 1371 ἀποὸῡλὴν,
1155 1337 1201 1365 τοῦ
1214 1335 1294 1374 νόμον
1308 1335 1357 1372 τὴν
1374 1336 1548 1377 κατάργησιν-
1562 1339 1658 1368 Ταῦτα
1675 1338 1704 1369 δὲ
1717 1341 1766 1369 οὒκ

196 1398 256 1427 quae
267 1387 302 1417 ad
315 1394 421 1426 tempus
432 1393 490 1415 tum
505 1392 577 1426 gesta
586 1393 660 1423 sunt,
675 1393 701 1415 et
713 1386 794 1416 fames
803 1393 829 1416 et
836 1393 940 1427 pestes:

196 1434 335 1464 continent
348 1439 374 1463 et
393 1443 452 1472 quae
471 1431 554 1462 hodie
579 1433 758 1472 contigerunt,
776 1433 943 1463 vocationem

197 1480 335 1516 Ecclesiae,
358 1477 571 1517 repudiationem
592 1487 752 1518 synagogae,
772 1478 840 1518 legis
860 1479 942 1508 abro-

197 1527 341 1565 gationem.
362 1526 425 1555 Haec
447 1531 536 1554 autem
557 1524 630 1564 ipsos
652 1534 729 1553 nosse
750 1524 870 1560 nolebat,
894 1525 942 1554 sed

195 1573 244 1602 illa
261 1582 321 1612 quae
338 1572 460 1612 ipsorum
481 1570 649 1609 temporibus
668 1569 832 1600 accidebant.
852 1573 942 1610 Atque

196 1618 268 1648 istud
290 1618 380 1659 ipsum
400 1617 516 1647 conabor
541 1615 695 1652 ostendere,
721 1616 778 1646 haec
803 1617 860 1646 sola
882 1617 940 1646 fieri

195 1666 309 1695 obscura
329 1659 457 1701 Gohisse,
480 1663 515 1692 dc
534 1662 612 1692 nobis
625 1669 651 1691 et
664 1662 699 1691 de
721 1673 868 1703 synagoga,
880 1674 940 1702 quae

196 1721 268 1740 nunc
286 1709 465 1749 contigerunt,
493 1718 595 1738 necnon
622 1707 689 1747 legis
713 1708 938 1747 abrogationem:

196 1758 248 1787 hoc
265 1766 330 1786 vero
348 1765 402 1785 non
413 1754 532 1796 oportuit
549 1764 583 1783 ex
604 1753 654 1782 illo
669 1759 789 1793 tempore
801 1754 940 1794 cognitum

196 1803 253 1833 illis
271 1803 365 1832 fuisse.
379 1802 449 1831 Nam
462 1801 485 1830 si
507 1811 522 1829 a
535 1799 671 1840 principio
683 1798 842 1829 didicissent
854 1799 940 1840 legem

195 1849 230 1878 ad
250 1856 357 1888 tempus
378 1847 547 1883 duraturam,
567 1845 644 1874 illam
663 1845 771 1873 omnino
785 1846 940 1876 contemsis-

195 1901 253 1924 sent
268 1907 277 1924 ι
293 1900 404 1934 propter
415 1894 466 1923 hoc
480 1892 570 1932 ipsum
582 1890 716 1919 occultam
728 1890 804 1919 illam
822 1901 880 1920 esse
893 1900 939 1922 vo-

194 1941 257 1970 luit.
268 1942 330 1971 Non
343 1939 416 1969 enim
429 1949 536 1968 omnem
547 1937 716 1977 prophetiam
727 1936 859 1966 occultam
872 1938 940 1968 fuis·

194 1994 234 2024 se,
255 1997 351 2017 verum
373 1986 441 2014 hanc
461 1991 565 2014 tantum
585 1989 688 2023 partem
709 1982 791 2012 fuisse
811 1983 937 2021 velatam,

193 2032 258 2062 audi
272 2042 327 2071 quo
340 2037 418 2072 pacto
435 2029 514 2059 nobis
528 2036 672 2067 utrumque
686 2028 823 2058 manifeste
837 2030 944 2064 Paulus,

193 2078 324 2115 ostendat,
347 2083 374 2106 et
397 2076 557 2106 occultatam
577 2074 660 2111 fuisse
679 2073 778 2113 legem,
800 2081 828 2104 et
845 2074 937 2105 bacin

194 2131 268 2165 parte
279 2130 395 2154 tantum.
409 2123 480 2153 Cum
493 2122 564 2150 enim
579 2119 708 2149 scriberet
723 2119 758 2148 ad
771 2120 936 2158 Corinthios,

193 2171 237 2201 his
263 2169 351 2200 verbis
381 2174 420 2198 est
435 2178 499 2197 usus
526 2178 532 2195 :
558 2167 709 2195 Habentes
731 2167 822 2205 igitur
845 2167 935 2196 talem

156 2230 161 2236 ·
192 2227 282 2256 spem,
310 2214 405 2244 multa
420 2214 539 2255 fidncia
563 2213 673 2241 utimur
698 2223 706 2239 .·
722 2218 750 2240 et
778 2221 834 2240 non
859 2214 935 2242 sicut

193 2264 314 2300 Moyses
325 2262 453 2300 ponebat
465 2258 606 2288 velamen
618 2267 704 2297 super
707 2257 824 2297 faciem
836 2268 932 2295 suam,

141 2327 143 2329 -
191 2315 224 2338 ut
249 2318 310 2337 non
323 2306 505 2336 intenderent
522 2304 582 2343 filii
597 2303 692 2333 lsrael
713 2305 745 2332 in
758 2304 855 2344 finem
869 2306 933 2343 ejus

139 2351 145 2359 ¹
190 2356 271 2395 quod
282 2359 453 2390 evacuatur,
461 2352 513 2382 sed
526 2352 623 2381 obtusi
634 2356 703 2380 sunt
710 2360 811 2380 sensus
820 2361 929 2380 eorum.

194 2403 292 2441 Usque
303 2402 336 2429 in
349 2399 521 2429 hodiernum
533 2398 612 2426 enim
624 2397 700 2425 diem
713 2396 838 2435 idipsum
850 2397 931 2426 vela-

190 2459 256 2478 men
269 2450 301 2477 in
314 2447 438 2477 lectione
447 2446 559 2475 Veteris
574 2444 751 2473 Testamenti
758 2450 857 2473 manet
871 2454 931 2472 non

221 2548 231 2559 ·
249 2540 363 2565 Joannes
374 2537 472 2564 Boisius
483 2536 509 2562 in
520 2534 590 2563 notis
601 2533 737 2561 Savilianis
748 2533 884 2568 legendum
895 2543 944 2568 pu-

188 2585 225 2604 tat
246 2583 273 2605 τὸ
288 2584 426 2614 πρόσκαιρον
446 2580 515 2606 αὐτοῦ
532 2579 656 2605 meoniae:
667 2579 744 2608 μόνον,
755 2574 801 2600 sed
811 2574 877 2601 nihil
888 2583 944 2600 mu-

187 2619 293 2645 tandum
305 2619 429 2645 existimo.

992 1377 1115 1410 ἐόούλετο
1129 1381 1224 1415 αὐτοὺς
1243 1381 1357 1411 εἰδέναι·
1372 1383 1461 1412 ἐκεῖνα
1474 1382 1502 1412 δὲ
1517 1383 1594 1419 ἤθελε
1607 1384 1642 1413 τὰ
1661 1385 1690 1414 ἐν
1711 1389 1766 1419 τοῖς

992 1431 1092 1466 καιροῖς
1116 1427 1296 1466 συμὸαίνοντα
1319 1432 1374 1462 τοῖς
1397 1429 1495 1459 αὐτῶν.
1524 1429 1578 1460 Καὶ
1601 1432 1680 1461 τοῦτο
1701 1431 1766 1462 αὐτὸ

992 1472 1129 1507 ἀποδεῖξαι
1141 1473 1322 1514 πειράσομαι,
1332 1473 1372 1504 ὅτι
1379 1477 1465 1504 ταῦτα
1477 1474 1544 1514 μόνα
1553 1477 1642 1516 ἀσαφῆ
1656 1476 1765 1514 ἐποίησε

992 1518 1127 1557 γενέσθαι,
1143 1519 1178 1548 τὰ
1195 1519 1257 1559 περὶ
1269 1522 1348 1559 ἡμῶν
1363 1519 1467 1556 καὶτῆς
1486 1525 1640 1562 συναγωγῆς
1649 1545 1658 1560 ,
1671 1522 1707 1552 τὰ
1719 1525 1765 1552 νῦν

992 1565 1123 1601 ἒκὸἄντα,
1139 1565 1184 1594 καὶ
1197 1565 1246 1602 τὴν
1270 1568 1318 1595 τοῦ
1339 1565 1421 1605 νόμου
1444 1567 1623 1607 κατάργησιν·
1637 1571 1715 1598 τοῦτο
1736 1569 1764 1599 δὲ

992 1612 1086 1646 αὐτοὺς
1098 1614 1147 1642 οὐκ
1162 1612 1215 1641 ἔδει
1236 1611 1333 1641 εἰδέναι
1350 1613 1380 1642 ἐκ
1403 1613 1472 1643 τότε.
1496 1615 1530 1643 Εἰ
1553 1614 1605 1654 γὰρ
1630 1614 1658 1649 ἐξ
1678 1616 1765 1655 ἀρχῆς

991 1657 1099 1695 ἔμαθον,
1115 1658 1156 1688 ὅτι
1165 1658 1324 1698 πρόσκαιρος
1337 1660 1351 1688 ὁ
1362 1658 1442 1698 νόμος
1450 1681 1458 1695 ,
1468 1659 1574 1693 πάντως
1583 1659 1614 1689 ἂν
1625 1661 1705 1690 αὐτοῦ
1716 1673 1765 1691 κα-

991 1703 1154 1743 τεφρόνησαν
1165 1716 1172 1723 ·
1197 1704 1259 1733 ’διὰ
1285 1708 1363 1734 τοῦτο
1385 1704 1464 1734 αὐτὸν
1491 1706 1646 1736 συνεσκίασε
1673 1707 1762 1745 μόνον.

991 1748 1058 1779 ’Ότι
1070 1749 1121 1790 γὰρ
1132 1751 1161 1779 οὗ
1175 1754 1249 1779 πᾶσα
1264 1750 1413 1790 προφητεία
1426 1751 1531 1791 ἀσαφὴς
1544 1747 1586 1789 ἦν,
1607 1752 1676 1782 ἀλλὰ
1687 1756 1766 1783 τοῦτο

992 1794 1071 1832 μόνον
1095 1795 1270 1835 περιέσταλτο
1291 1795 1322 1825 τὸ
1347 1796 1442 1836 μέρος,
1459 1796 1570 1827 ἄκουσον
1589 1801 1635 1827 τοῦ
1656 1799 1764 1829 Παύλου

968 1847 978 1871 2
992 1842 1083 1879 σαφῶς
1097 1840 1233 1881 ἀμφότερα
1247 1844 1333 1873 ταῦτα
1353 1844 1419 1881 ἡμῖν
1438 1843 1650 1882 ἐνδεικνυμένου,
1663 1845 1709 1874 καὶ
1722 1844 1763 1875 ὅτι

992 1886 1165 1916 συνεσκίαστο
1179 1890 1194 1917 ὁ
1207 1887 1298 1927 νόμος,
1310 1888 1356 1918 καὶ
1381 1887 1423 1917 ὅτι
1442 1889 1511 1918 κατὰ
1533 1892 1611 1919 τοῦτο
1635 1889 1713 1927 μόνον
1732 1890 1763 1920 τὸ

993 1932 1082 1972 μέρος.
1098 1933 1245 1973 Κορινθίοις
1258 1933 1309 1973 γὰρ
1323 1934 1498 1971 ἐπιστέλλων,
1513 1935 1582 1964 οὕτω
1598 1946 1654 1969 πως
1667 1936 1762 1975 φησίν·

991 1978 1119 2018 Ἔχοντες
1129 1974 1174 2007 οὖν
1187 1978 1313 2014 τοιαύτην
1327 1979 1436 2016 ἐλπίδα,
1449 1981 1536 2019 πολλῇ
1546 1981 1684 2022 παῤῥησίᾳ
1691 1981 1763 2022 χρώ-

991 2026 1072 2062 μεθα,
1085 2023 1131 2053 καὶ
1151 2025 1180 2054 οὗ
1198 2024 1318 2065 καθάπερ
1332 2026 1450 2061 Μωϋοῆς
1465 2026 1545 2056 ἐτίθει
1569 2027 1699 2067 κάλυμμα
1717 2028 1763 2058 ἐπὶ

990 2069 1021 2098 τὸ
1033 2069 1175 2110 πρόσωπον
1198 2071 1294 2107 αὐτοῦ,
1316 2070 1388 2100 ὥστε
1414 2070 1452 2110 μὴ
1470 2071 1589 2102 ἀτενίσαι
1609 2072 1670 2107 τοὺς
1691 2073 1762 2107 υἱοὺς

990 2115 1100 2155 Ἰσραὴλ
1117 2117 1154 2149 εἷς
1166 2115 1197 2145 τὸ
1210 2115 1285 2150 τέλος
1300 2118 1346 2145 τοῦ
1366 2117 1595 2157 καταργουμένου,
1607 2119 1667 2148 ἀλλ’
1688 2121 1761 2149 ἐπω-

991 2161 1062 2202 ρώθη
1073 2162 1107 2191 τὰ
1120 2161 1242 2200 νοήματα
1255 2163 1353 2191 αὐτῶν.
1368 2162 1447 2203 Ἄχρι
1460 2163 1511 2204 γὰρ
1526 2163 1643 2204 σήμερον
1657 2165 1762 2205 κάλυμ-

990 2220 1028 2246 μα
1043 2207 1087 2237 ἐπὶ
1100 2210 1133 2244 τῇ
1156 2207 1302 2247 ἀναγνώσει
1319 2210 1368 2244 τῆς
1387 2209 1502 2243 παλαιᾶς
1516 2210 1651 2247 Διαθήκης
1671 2211 1759 2251 μένει,

990 2253 1027 2292 μὴ
1043 2254 1300 2292 ἀνακαλυπτόμενον,
1326 2253 1367 2283 ὅτι
1392 2255 1420 2283 ἐν
1445 2255 1554 2295 Χριστιῖι
1578 2261 1759 2297 καταργεῖται.

988 2299 1071 2339 Τάχα
1085 2299 1184 2339 ἀσαφὲς
1195 2299 1224 2328 τὸ
1239 2299 1394 2340 εἰρημένον·
1413 2300 1507 2329 οὐκοῦν
1528 2303 1671 2341 ἀναγκαῖον
1695 2302 1760 2332 αὐτὸ

952 2351 971 2373 1)
987 2347 1096 2381 ποιῆσαι
1111 2345 1281 2385 σαφέστερον,
1293 2347 1341 2380 τῆς
1362 2345 1480 2386 ἱστορίας
1498 2347 1580 2383 αὐτῆς
1592 2350 1661 2387 ὑμᾶς
1676 2347 1758 2377 ιἐἰνα-

986 2395 1098 2434 μνήσας.
1115 2395 1227 2431 Ἐπειδὴ
1246 2394 1298 2435 γὰρ
1315 2395 1405 2425 λαὸὼν
1418 2396 1467 2430 τὰς
1483 2397 1587 2431 πλάκας
1605 2399 1632 2427 ἐν
1650 2400 1689 2437 τῷ
1702 2398 1757 2437 ὄρει

984 2445 1078 2483 ἔμελλε
1093 2445 1260 2475 καταὸαίνειν
1275 2447 1289 2474 ὁ
1308 2447 1442 2483 Mune-725,
1457 2446 1518 2481 δόξα
1535 2459 1576 2480 τις
1589 2446 1756 2487 Ωᾶπόῤῥητος

1029 2537 1042 2556 b
1060 2537 1131 2561 Fort.
1142 2541 1313 2569 ἀναμνήσαντα.

1027 2582 1037 2594 e
1046 2574 1253 2610 Colhdnlodoecws,
1262 2584 1315 2601 non
1325 2576 1398 2602 male:
1405 2577 1528 2612 significat
1535 2577 1603 2604 enim
1610 2578 1751 2612 inaccessa,

996 2613 1021 2638 id
1033 2613 1102 2647 quod
1116 2614 1173 2638 huie
1186 2616 1304 2647 congruit
1317 2615 1382 2641 loco.
