1904 2840
96 1186 234 1211 doun-3.18.

95 1225 166 1241 —20.

103 1902 170 1924 Psal.
188 1901 227 1924 50.

106 1932 142 1955 18.
154 1940 196 1963 ¹9·.

242 200 312 248 878

843 206 926 230 OPUS
952 205 1190 229 IMPERFECTUM

240 274 306 303 tiam
331 271 471 301 servabant
485 281 491 298 :
505 276 536 299 tu
549 275 639 298 autem
660 279 770 308 sequere
784 279 841 307 me,
856 276 886 299 ut
899 269 980 299 etiam
996 270 1016 294 Α
1032 268 1080 297 illo
1105 267 1237 297 Dominus
1259 266 1327 298 dicit
1341 279 1350 298 =
1364 267 1414 298 25.
1435 268 1531 307 Quam
1553 267 1677 309 difficile
1696 267 1778 298 dwes

240 312 363 341 inimicos
386 310 494 349 diligas,
508 309 636 348 quoniam
657 308 716 348 haeq
737 309 826 338 omnia
849 319 980 354 pauperes

240 351 337 381 debent
348 351 455 384 habere,
469 356 498 379 ut
511 348 663 378 consoletur
677 349 731 378 vita
747 359 840 378 eorum
859 349 886 378 in
902 347 978 388 ipsis.

239 391 430 431 Incipientium
452 396 514 419 sunt
533 390 621 418 omnia
641 389 707 426 illa,
723 398 775 417 non
824 389 979 418 rsectorum.

240 431 270 461 Si
280 441 343 470 ergo
353 430 410 459 haec
419 429 508 459 omnia
518 428 661 458 tradideris
671 428 782 469 pauperi
806 439 836 457 us
846 427 980 468 gentibus,

240 477 267 499 et
279 477 408 508 sequutus
421 480 464 499 me
474 469 567 505 fueris,
579 479 628 508 per
640 468 698 497 haec
709 467 823 509 majora,
837 469 899 507 iluae'
909 466 980 504 dixi,

241 510 409 539 manifestum
420 515 469 544 est,
482 507 545 548 quia
555 508 644 537 omnia
654 507 701 537 illa
716 507 880 546 ajuventute
893 517 982 537 serva-

241 549 291 586 sti,
308 556 335 579 et
358 549 501 590 proficiens
522 547 551 576 in
575 555 707 577 senectute
720 554 765 576 tua
780 557 839 586 quae
849 548 983 587 juvenum

241 596 316 619 erant
334 589 480 618 evacuasti.
504 587 534 618 Si
549 594 638 616 autem
662 598 711 627 per
735 587 792 616 haec
813 588 916 628 majora
940 597 983 616 me

242 629 317 667 sequi
338 628 472 665 nolueris,
488 627 656 657 manifestum
676 634 731 663 est,
746 626 874 666 quoniam
893 627 983 656 omnia

242 668 291 697 illa
319 679 371 698 non
389 668 479 698 solum
496 678 511 696 a
525 667 667 706 juventute
686 674 731 696 tua
751 677 803 695 non
825 666 981 703 custodisti,

242 707 290 736 sed
306 718 354 738 nec
375 708 456 737 modo
469 707 550 737 etiam
566 706 593 735 in
615 713 751 736 senectute
774 712 818 735 tua
830 709 982 736 conservas.

243 747 387 784 Quomodo
407 754 497 777 autem
518 752 604 786 potest
625 746 694 783 fieri,
710 752 739 774 ut
758 745 856 775 sterilis
870 746 928 785 ejus
949 745 985 775 sit

243 794 374 825 senectus,
389 788 467 828 cujus
493 785 607 815 fecunda
628 786 680 815 fuit
703 785 854 824 juventus?
868 786 924 815 Nec
946 792 986 815 est

243 827 383 867 possibile,
396 834 426 857 ut
439 835 492 856 non
506 831 606 854 crescat
619 825 647 854 in
671 825 720 854 illo
733 825 819 860 bono,
834 825 882 864 qui
905 825 986 864 coepit

1032 308 1153 337 intrabit
1169 309 1201 336 in
1213 318 1334 347 regnum
1358 307 1506 338 coelorum.
1520 309 1570 337 24.
1585 307 1720 337 Facilius
1733 313 1777 337 est

1032 348 1175 377 camelum
1185 347 1382 387 perforamen
1394 358 1464 378 acus
1479 349 1612 384 transire,
1625 357 1716 386 quam
1729 347 1775 375 di-

1035 389 1119 416 vitem
1142 389 1254 417 intrare
1278 389 1310 417 in
1334 398 1456 428 regnum
1476 388 1626 417 caelorum.
1639 385 1777 424 Quoniam

1032 427 1138 457 facilius
1150 434 1250 466 gentes,
1265 438 1324 466 quae
1339 428 1443 457 ruerant
1450 434 1568 457 tortuoso
1578 427 1681 462 animo,
1692 426 1775 454 intra-

1033 474 1098 496 turae
1111 468 1218 496 fuerant
1231 478 1280 507 per
1292 474 1436 508 angustum
1449 467 1547 497 ostium
1563 466 1640 511 regni
1652 464 1775 502 caelestis,

1033 517 1114 545 quam
1126 508 1142 538 J
1146 506 1214 535 udaei
1227 508 1275 547 qui
1284 506 1384 537 divites
1392 507 1561 538 videbantur.
1571 505 1676 535 Divite-s
1687 511 1778 534 autem

1033 553 1108 575 erant
1122 547 1139 576 J
1142 546 1210 575 udaei
1226 548 1254 577 in
1269 548 1337 592 lege,
1351 547 1378 576 in
1393 547 1542 592 prophetis,
1557 544 1712 583 caeterisque
1723 554 1776 584 pa-

1033 586 1156 615 triarchis
1165 609 1172 622 ,
1193 586 1219 616 in
1247 587 1397 626 Scripturis
1420 587 1530 624 divite-1,
1553 584 1582 613 in
1609 584 1726 624 templo,
1747 584 1776 612 in

1033 625 1217 656 sacerdotibus
1226 650 1233 663 ,
1255 627 1283 656 in
1305 626 1424 662 Levitis,
1436 626 1464 656 in
1489 624 1642 660 sacrificiis,
1657 622 1776 653 caeteris-

1034 676 1086 704 que
1099 664 1321 705 dispositionibus
1334 666 1370 695 ad
1385 666 1542 705 religionem
1556 662 1751 705 pertinentibus
1766 673 1775 691 ε

1033 715 1093 744 quae
1106 706 1195 735 omnia
1209 717 1262 736 non
1286 706 1348 735 illos
1369 706 1569 735 aedificaverunt
1582 705 1610 732 in
1627 701 1777 737 sanctitate,

1033 744 1080 774 sed
1091 744 1254 776 inflaverunt
1263 745 1399 785 superbia.
1413 745 1495 785 Apud
1505 755 1534 774 se
1544 742 1655 784 quidem
1664 741 1779 771 delecta-

1033 784 1132 813 bantur
1143 786 1245 815 servire
1257 785 1377 821 diabolo,
1393 795 1482 814 coram
1505 784 1566 814 aliis
1588 789 1678 812 autem
1699 780 1778 811 vole-

1033 825 1098 855 bant
1108 836 1122 854 a
1145 835 1236 865 parere
1244 825 1296 855 Dei
1306 824 1431 854 cultores.
1446 824 1575 854 Gentium
1584 828 1674 853 autem
1684 820 1780 850 animas

244 867 351 912 ablipso
363 868 445 896 bono.
459 870 470 883 ¹
482 867 553 895 Nam
575 874 628 894 non
643 871 693 894 stat
713 875 775 893 eum
790 864 818 892 in
840 875 890 894 suo
915 871 985 894 statu
1001 866 1020 889 B
1035 864 1125 895 assimi
1138 871 1186 894 atae
1199 872 1261 894 sunt
1275 865 1401 894 tortuosis
1415 864 1538 901 camelis,
1555 864 1582 893 in
1602 861 1703 906 quibus
1714 859 1779 905 gib-

242 908 362 947 pejorem
374 906 443 941 sieri,
456 905 503 935 sed
517 914 621 935 neeesse
635 911 689 939 est,
703 910 733 932 ut
744 904 903 933 exercitatus
916 914 986 933 sem-

245 956 296 986 pe»
303 953 402 976 crescat
415 945 450 975 ad
463 945 570 975 melius.
586 945 636 972 22.
649 944 707 972 Ille
721 949 830 980 autem,
844 945 889 972 his
903 944 988 973 audi-

246 987 292 1021 tis,
308 988 399 1016 tristis
408 987 481 1015 abiit
495 997 502 1014 ε
518 990 580 1014 erat
591 985 669 1013 enim
680 984 791 1013 habens
803 983 911 1012 multas
921 993 989 1022 pos-

245 1027 396 1055 sessiones.
405 1027 473 1056 Nam
484 1035 546 1054 vere
576 1030 666 1064 ropter
675 1022 743 1052 duas
755 1032 847 1052 causas
856 1023 874 1053 J
877 1022 987 1053 uda‘i'cus

244 1065 363 1104 populus
387 1065 493 1095 recessit
506 1075 521 1093 a
535 1035 653 1093 Clitisto.
670 1064 722 1092 Aut
749 1069 858 1103 propter
882 1069 987 1102 peccata

245 1114 304 1140 sua,
317 1105 380 1143 quia
391 1115 539 1143 numquam
548 1110 700 1133 servaverat
711 1103 760 1132 Dei
775 1101 909 1138 mandata,
919 1101 988 1132 sicut

245 1144 378 1173 Dominus
388 1144 422 1173 ad
433 1143 609 1174 Nicodemum
622 1143 734 1182 loquens
746 1148 865 1178 testatur,
877 1141 984 1171 dicens:

249 1183 306 1220 Qui
319 1190 416 1212 autem
431 1194 491 1212 non
504 1183 595 1211 credit
606 1184 637 1211 in
651 1183 762 1211 Filium
785 1181 853 1216 Dei,
861 1182 926 1221 jam
934 1183 987 1221 ju-

246 1223 360 1252 dicatus
371 1230 423 1252 est.
438 1224 503 1251 Hoc
516 1229 613 1251 autem
624 1223 769 1261 judicium
782 1227 833 1256 est,
847 1223 988 1260 quoniam

247 1261 299 1290 lux*
317 1264 401 1290 venit
422 1264 453 1290 in
474 1263 552 1290 hunc
566 1261 716 1297 mundum,
731 1267 759 1289 et
773 1261 904 1289 homines
924 1271 987 1290 ma-

246 1302 290 1339 gis
303 1306 475 1330 amaverunt
495 1303 640 1336 tenebras,
657 1310 746 1338 quam
767 1299 884 1327 lumen:
903 1307 988 1329 erant

247 1342 325 1368 enim
336 1351 423 1379 opera
435 1350 535 1369 eorum
551 1339 643 1368 mala.
654 1340 756 1367 Omnis
770 1339 847 1366 enim
862 1340 914 1377 qui
927 1349 988 1367 ma-

249 1380 309 1408 lum
331 1381 402 1420 agit,
428 1390 487 1408 non
506 1381 589 1408 venit
609 1378 649 1407 cul
670 1378 784 1413 lumen,
806 1387 842 1406 ne
866 1377 990 1415 manife-

248 1425 360 1448 stentur
385 1429 473 1456 opera
497 1419 569 1458 ejus.
594 1420 648 1447 Aut
670 1423 779 1457 propter
800 1417 875 1446 lucra
900 1426 989 1445 carna-

223 1476 226 1479 ·
249 1458 284 1488 lia
300 1469 359 1497 quae
368 1458 536 1488 conferebant
549 1457 573 1487 ei
593 1456 798 1486 consuetudines
819 1456 887 1495 legis
899 1467 906 1484 ε
920 1456 990 1485 sicut
1004 1458 1022 1482 C

249 1498 363 1528 ostendit
374 1497 514 1538 parabola,¹
521 1498 549 1526 in
563 1507 615 1536 qua
632 1507 660 1525 se
674 1495 781 1525 invitati
793 1502 990 1525 excusaverunt

270 1544 360 1578 ropter
383 1538 496 1571 villam,
516 1543 625 1577 propter
648 1536 746 1572 boves,
771 1534 799 1563 id
820 1541 859 1563 est
881 1541 991 1574 propter

250 1549 325 1606 litera
339 1577 465 1606 camalia.
481 1577 552 1606 Nam
576 1575 723 1605 sacerdotes
744 1573 854 1613 quidem
880 1583 934 1602 non
949 1584 992 1603 ve-

251 1623 347 1646 nerunt
360 1616 393 1645 ad
408 1616 558 1650 Christum,
572 1625 605 1644 ne
619 1614 811 1644 sacrificiorum
825 1613 898 1642 lucra
911 1613 991 1642 amit-

251 1663 334 1686 terent
350 1669 356 1685 :
376 1656 494 1696 populus
517 1661 623 1691 autem,
646 1654 708 1693 quia
730 1664 778 1693 per
802 1652 932 1682 sacrificia
951 1653 993 1692 (ut

251 1696 384 1736 putabat)
399 1695 555 1724 delebantur
580 1700 686 1734 peccata
710 1703 814 1722 eorum.
830 1691 926 1729 Qualis
947 1698 993 1721 aut—

252 1743 304 1764 tem
316 1734 469 1764 emundatio
489 1734 519 1763 fit
537 1734 564 1762 in
578 1744 621 1770 eo,
633 1733 680 1772 qui
698 1733 723 1761 in
744 1732 873 1772 sanguine
890 1732 992 1761 anima-

252 1776 321 1804 lium
335 1776 440 1804 veniam
461 1773 632 1812 consequitur
652 1771 841 1812 peccatorum?
855 1773 993 1808 Quantum

253 1815 324 1844 enim
347 1814 420 1843 dolet
443 1813 478 1842 de
503 1813 635 1842 occisione
657 1811 824 1847 animalium,
840 1817 943 1840 tantum
968 1819 994 1841 et

254 1854 415 1883 emundatur
435 1853 563 1893 populus.
585 1854 726 1892 Propterea
750 1850 816 1880 dicit
841 1850 991 1890 propheta:

253 1894 287 1923 Si
297 1895 451 1928 voluisses,
464 1892 638 1931 sacrificium
658 1891 810 1925 dedissem,
825 1892 926 1929 utique
940 1891 994 1919 ho-

254 1935 393 1963 locaustis
421 1943 480 1961 non
507 1932 706 1960 delectaberis.
726 1930 905 1969 Sacrificium
931 1930 995 1959 Deo

253 1975 372 2012 spiritus
385 1971 610 2007 contribulatus,
625 1977 674 1998 etc.
692 1970 834 2006 Quomodo
847 1977 935 1999 autem
948 1980 997 2009 po-

255 2013 337 2053 pulus
363 2011 493 2042 Juda'i'cus
513 2010 596 2039 tristis
622 2009 768 2038 secundum
791 2008 907 2038 animam
929 2010 996 2039 abiit

1035 905 1087 934 bus
1114 904 1271 934 idololatria!
1298 904 1416 943 ipsorum
1443 910 1502 933 erat
1517 917 1523 933 :
1539 911 1666 943 quoniam
1685 909 1780 939 cogm·

1037 944 1073 973 tio
1099 943 1150 973 Dei
1166 944 1262 973 erectio
1287 950 1326 972 est
1348 943 1510 973 animarum.
1532 944 1613 973 Unde
1635 947 1662 970 et
1687 939 1781 969 homi-

1037 994 1094 1017 nes.
1109 983 1174 1022 quia
1187 989 1342 1023 acceperant
1354 993 1370 1012 a
1382 983 1440 1012 Deo
1459 982 1596 1012 scientiam
1619 979 1685 1017 Dei,
1700 979 1780 1009 erecti

1037 1022 1118 1052 creati
1141 1029 1226 1052 sunt:
1247 1021 1373 1051 animalia
1395 1029 1500 1059 autem,
1512 1023 1639 1061 quoniam
1653 1029 1707 1048 non
1729 1017 1779 1048 ha-

1035 1062 1099 1098 bent
1113 1062 1249 1092 scientiam
1271 1062 1333 1097 Dei,
1343 1060 1357 1077 ¹³
1367 1061 1395 1090 in
1414 1068 1508 1091 natura
1521 1071 1604 1102 prona
1616 1065 1679 1091 sunt
1697 1058 1778 1095 fincta,

1036 1102 1066 1131 id
1079 1109 1128 1138 est,
1145 1102 1296 1131 incurvata.
1312 1101 1358 1132 Sic
1374 1108 1400 1131 et
1413 1100 1577 1138 idololatria,
1591 1111 1652 1140 quae
1672 1097 1781 1129 videtur

1037 1152 1093 1171 esse
1106 1141 1206 1171 erectio
1220 1152 1325 1178 eorum,
1341 1139 1370 1170 id
1383 1146 1433 1174 est.
1447 1140 1552 1181 religio,
1565 1141 1654 1181 potius
1667 1137 1778 1182 depres-

1036 1181 1076 1211 sio
1097 1188 1137 1211 est
1160 1181 1319 1211 animarum.
1333 1182 1402 1210 Nam
1422 1179 1492 1209 sicut
1505 1190 1561 1220 prae
1582 1181 1656 1210 omni
1674 1177 1780 1221 justitia

1037 1231 1148 1261 operum
1163 1220 1248 1260 major
1261 1227 1300 1250 est
1310 1220 1413 1260 justitia
1423 1241 1431 1256 ‚
1443 1229 1602 1259 cognoscere
1615 1221 1704 1250 Deum
1716 1228 1725 1245 ²
1740 1225 1781 1245 ⁵¹0

1036 1271 1092 1300 prae
1105 1260 1179 1289 omni
1191 1267 1298 1300 peccato
1316 1261 1402 1300 majus
1415 1266 1553 1300 peccatum
1565 1266 1614 1296 est,
1627 1259 1701 1289 idola
1711 1254 1782 1285 ado-

1037 1310 1105 1328 rare.
1121 1299 1197 1329 Sicut
1210 1310 1273 1338 ergo
1296 1299 1394 1339 gibbus
1416 1299 1522 1336 cameli,
1535 1299 1582 1338 qui
1601 1299 1711 1329 videtur
1723 1304 1781 1325 esse

1037 1338 1133 1367 erectio
1158 1338 1331 1368 sublimitatis
1355 1339 1475 1378 corporis
1489 1339 1558 1378 ejus,
1573 1339 1631 1378 ipse
1643 1346 1683 1369 est
1696 1334 1782 1374 magis

1037 1377 1174 1416 depressio
1195 1378 1264 1417 ejus,
1279 1384 1305 1406 et
1328 1377 1505 1406 deformitas:
1525 1377 1586 1406 ideo
1613 1389 1660 1408 nec
1681 1375 1783 1407 collum

1038 1417 1096 1456 ejus
1110 1422 1218 1446 sursum
1242 1417 1344 1456 erigere
1366 1423 1451 1456 potest
1472 1417 1553 1456 gibbo
1567 1417 1728 1457 depressus:
1743 1413 1783 1443 sic

1041 1455 1191 1485 idololatria
1203 1457 1333 1496 gentium,
1343 1466 1403 1494 quae
1413 1455 1522 1485 videtur
1534 1456 1589 1486 illis
1599 1467 1655 1487 esse
1665 1456 1782 1486 maxima

1041 1506 1092 1531 res,
1106 1495 1375 1535 spiritualisjustitiae
1388 1495 1559 1534 religiositas,
1571 1503 1600 1526 ct
1614 1498 1711 1526 erectio
1724 1495 1784 1525 aui-

1041 1545 1145 1564 marum
1158 1534 1281 1569 illorum,
1293 1534 1350 1574 ipsa
1362 1541 1402 1564 est
1413 1534 1498 1574 magis
1508 1535 1647 1574 iniquitas,
1657 1543 1683 1565 et
1692 1536 1784 1565 incur-

1041 1574 1124 1610 vatio,
1135 1581 1160 1603 et
1172 1573 1309 1614 depressio
1321 1574 1473 1603 animarum
1487 1574 1620 1614 ipsorum.
1633 1575 1699 1606 Ideo
1712 1575 1785 1604 enim

1043 1624 1089 1642 nec
1118 1620 1199 1653 caput
1225 1614 1375 1643 animarum
1408 1614 1415 1642 i
1437 1624 1529 1642 sorum
1550 1625 1657 1645 sursum
1684 1615 1786 1654 erigere

1043 1660 1152 1693 possunt
1165 1653 1201 1682 ad
1214 1654 1313 1688 Deum,
1328 1663 1376 1683 nec
1390 1664 1405 1682 a
1438 1653 1489 1682 Dei
1498 1654 1619 1684 notitiam
1667 1655 1784 1692 rvenire,

1042 1692 1162 1732 depressi
1177 1692 1331 1723 idololatria
1342 1703 1401 1723 sua.
1415 1693 1451 1722 Et
1462 1693 1606 1732 quemadm
1645 1705 1690 1724 um
1704 1706 1787 1736 supra

1042 1732 1152 1761 dorsum
1170 1732 1291 1762 omnium
1310 1733 1496 1772 jumentorum
1518 1743 1571 1763 non
1595 1739 1647 1764 stat
1667 1736 1783 1773 sarcina,

1044 1771 1094 1801 nisi
1110 1772 1212 1801 fortiter
1224 1772 1305 1801 suerit
1318 1772 1443 1811 colligata
1464 1772 1499 1802 ad
1521 1773 1611 1813 ipsum
1624 1786 1632 1803 ,·
1648 1785 1729 1815 supra
1742 1785 1787 1804 ca-

1044 1811 1143 1841 melum
1158 1819 1247 1841 autem
1261 1812 1341 1841 etiam
1355 1812 1412 1841 sine
1425 1812 1626 1853 recolligatione
1639 1821 1763 1854 repausat
1775 1826 1785 1845 .-

1044 1862 1106 1880 nam
1119 1851 1177 1891 ipse
1195 1852 1294 1890 gibbus
1313 1851 1445 1881 sarcinam
1468 1858 1538 1882 tenet
1561 1852 1589 1882 in
1602 1863 1641 1888 se,
1656 1861 1735 1894 aptus
1749 1861 1789 1884 est

1044 1891 1117 1920 enim
1130 1890 1165 1920 ad
1185 1890 1304 1930 pondera
1317 1891 1463 1931 bajulanda
1481 1903 1488 1920 ε
1504 1892 1540 1921 ita
1554 1891 1582 1921 in
1604 1893 1706 1923 caeteris
1726 1893 1789 1932 qui-

1044 1930 1105 1960 dem
1119 1934 1130 1947 ‘⁴
1144 1930 1329 1971 peccatoribus
1343 1938 1430 1960 tamen
1446 1932 1533 1960 Deum
1555 1932 1788 1972 cognoscentibus.

1045 1972 1145 2000 Omnes
1165 1971 1237 1999 enim
1262 1977 1411 2010 peccatores
1422 1970 1544 2010 jumenta
1563 1971 1706 2009 dicuntur,
1721 1973 1791 2003 sicut

1045 2010 1148 2039 dictum
1159 2017 1198 2039 est
1210 2023 1216 2038 z
1229 2011 1371 2039 Homines
1385 2017 1414 2039 et
1422 2011 1558 2049 jumenta
1571 2011 1712 2048 salvabis,
1725 2013 1789 2042 Do·
1801 2023 1868 2046 psat.
1874 2020 1904 2045 35

253 2064 271 2081 a
282 2052 400 2086 Christo,
416 2050 541 2088 intelligit
554 2049 601 2088 qui
619 2048 767 2078 considerat
780 2059 838 2087 quae
852 2055 891 2077 cst
903 2048 995 2078 laetitia
1012 2052 1031 2075 D
1049 2051 1137 2079 mine.
1147 2050 1207 2079 Non
1221 2055 1272 2078 stat
1283 2050 1385 2078 sarcina
1400 2056 1566 2089 peccatorum
1581 2050 1608 2078 in
1622 2051 1703 2080 corde
1716 2051 1791 2091 ipso-

254 2090 415 2131 spiritualis.
431 2089 534 2119 Laetitia
548 2088 618 2117 enim
633 2087 722 2117 cordis
745 2095 784 2117 est
806 2089 905 2117 bonam
929 2099 996 2117 con-

254 2130 391 2160 scientiam
405 2129 503 2158 habere
527 2128 562 2158 ad
583 2129 683 2164 Deum,
698 2134 724 2157 ct
746 2127 920 2167 spiritualiter
941 2138 997 2157 esse

258 2169 426 2210 gaudentem,
434 2179 464 2197 ac
474 2174 583 2208 propter
593 2167 644 2195 hoc
656 2177 707 2195 non
718 2167 910 2206 desperantem.
922 2168 998 2204 Quo-

257 2209 338 2238 modo
351 2215 439 2238 autem
452 2214 554 2247 poterat
579 2206 697 2246 populus
722 2206 767 2234 ille
781 2207 878 2236 hahere
899 2207 999 2236 bonam
1020 2222 1022 2224 v

258 2248 447 2278 conscientiam
468 2247 502 2276 ad
522 2248 620 2281 Deum,
637 2252 662 2274 et
674 2245 849 2285 spiritualiter
863 2257 918 2275 esse
933 2257 997 2286 gau-

257 2288 336 2324 dens,
351 2287 398 2326 qui
410 2286 561 2326 intelligens
572 2285 710 2315 Christum
721 2296 769 2324 per
782 2296 862 2325 opera
873 2287 931 2325 ejus
943 2296 999 2315 esse

258 2328 362 2357 Filium
387 2326 456 2362 Dei,
470 2333 579 2365 propter
605 2331 710 2364 peccata
734 2334 800 2359 sua,
821 2331 867 2353 aut
891 2332 1000 2365 propter

258 2368 334 2396 lucra
355 2366 471 2396 carnalia
495 2365 563 2405 legis
586 2371 755 2394 contemnens
779 2364 1000 2398 Christum,ma-

259 2407 311 2436 luit
337 2417 392 2435 esse
418 2406 445 2434 in
473 2415 504 2434 co
539 2404 658 2433 oralibus
681 2403 892 2443 possessionibus
915 2404 998 2442 legis,

259 2456 340 2487 quam
355 2445 382 2474 in
397 2445 481 2485 gratia
501 2444 523 2474 C
545 2444 625 2473 risti?
638 2443 705 2473 Ideo
729 2449 818 2472 autem
840 2450 866 2471 et
888 2443 1000 2472 abeunte

1048 2099 1121 2125 rum,
1135 2088 1187 2117 nisi
1201 2099 1264 2118 cum
1278 2099 1374 2128 magua
1395 2089 1522 2118 violentia
1536 2096 1562 2118 et
1574 2089 1675 2119 virtute
1696 2090 1793 2121 diabo-

1048 2129 1092 2158 lus
1119 2128 1234 2157 tenuerit
1264 2128 1292 2156 in
1319 2127 1400 2157 corde
1428 2128 1549 2168 ipsorum
1559 2150 1566 2164 ‚
1593 2129 1708 2169 alligans
1734 2141 1794 2160 eam

1048 2167 1282 2197 delectationibus.
1300 2169 1362 2207 Ipsa
1383 2167 1454 2196 enim
1468 2168 1585 2207 cognitio
1599 2170 1650 2198 Dei
1661 2170 1763 2199 excutit
1778 2181 1794 2199 a

1050 2218 1078 2237 se
1090 2206 1208 2247 pondera
1221 2214 1404 2246 peccatorum,
1420 2207 1472 2236 nisi
1485 2207 1535 2236 hoc
1549 2208 1640 2246 modo,
1654 2219 1708 2248 quo
1714 2209 1793 2238 ‘dixi-

1050 2257 1110 2276 mus
1121 2270 1128 2283 ,
1141 2247 1241 2276 tuerint
1254 2247 1388 2286 colligata.
1401 2248 1432 2276 In
1447 2247 1571 2286 gentibus
1583 2255 1672 2277 autem
1687 2249 1745 2278 sine
1756 2249 1794 2278 la-

1049 2287 1115 2316 bore
1134 2286 1260 2316 diabolus
1283 2293 1354 2316 tenet
1373 2293 1480 2327 peecata
1494 2287 1579 2326 :quia
1601 2297 1654 2317 non
1677 2294 1718 2317 est
1740 2289 1796 2318 illis

1050 2326 1168 2365 cognitio
1182 2325 1249 2361 Dei,
1263 2337 1323 2365 quae
1344 2326 1462 2356 excutiat
1482 2326 1599 2366 pondera
1613 2334 1794 2367 peccatorum,

1053 2365 1098 2394 sed
1114 2365 1267 2395 idololatria
1288 2366 1363 2405 ipsa,
1379 2366 1456 2405 quasi
1482 2366 1591 2411 gibbus,
1605 2367 1700 2396 retinet
1720 2367 1749 2396 in
1769 2377 1798 2396 se

1055 2405 1179 2435 universa
1192 2412 1298 2445 peccata
1309 2418 1315 2434 :
1327 2413 1387 2445 apta
1398 2412 1438 2435 est
1449 2416 1521 2435 enlm
1531 2405 1565 2435 ad
1577 2405 1720 2445 bajulanda
1733 2417 1799 2446 pon-

1054 2444 1118 2473 dera
1131 2451 1312 2484 peccatorum.
1328 2446 1401 2475 Dum
1421 2445 1494 2474 enim
1514 2445 1602 2475 sciunt
1623 2453 1713 2485 gentes
1726 2445 1800 2475 idola

292 2545 303 2557 a
322 2536 403 2562 Iidem
422 2538 447 2562 in
467 2544 547 2570 marg.
569 2544 628 2560 nam
646 2544 697 2560 non
713 2540 764 2559 stat
779 2534 828 2558 sibi
846 2536 871 2559 in
886 2543 931 2559 suo
951 2540 1018 2559 statu
1044 2536 1070 2560 in
1083 2541 1154 2561 textu
1166 2537 1192 2560 in
1204 2542 1296 2561 natura
1307 2537 1458 2570 suntfaeta.

256 2577 343 2612 priori.

1074 2582 1084 2594 ο
1102 2574 1143 2599 Sic
1156 2574 1231 2600 iidem
1244 2576 1268 2600 in
1282 2584 1360 2609 marg.
1372 2581 1447 2600 recte.
1461 2574 1531 2602 Editi
1543 2577 1570 2603 in
1585 2569 1802 2611 textu-peecatori-

293 2617 306 2635 h
324 2614 404 2640 Iidem
413 2614 439 2638 in
450 2621 528 2647 marg.
540 2615 565 2638 in
575 2619 667 2638 natura
677 2621 758 2646 prona
770 2618 827 2637 sunt
836 2612 921 2645 facta,
931 2617 998 2637 recte
1008 2622 1012 2635 ε
1040 2612 1085 2638 bus
1096 2623 1146 2639 non
1158 2615 1363 2648 cognoscentibus
1375 2615 1464 2640 Deum.
