1904 2840
248 179 319 215 920

830 171 913 194 OPUS
939 170 1175 195 lMPERFECTUM

247 249 405 280 gnoseamus
418 244 444 267 et
460 237 580 266 colamus
596 233 718 274 ejusdem
735 233 875 264 creationis
893 240 983 263 aucto·
1005 235 1026 259 Α
1043 231 1208 272 prehendere
1226 237 1322 272 potest,
1335 231 1398 270 quia
1413 240 1461 260 nee
1473 230 1554 260 habet
1564 229 1729 259 desiderium
1745 228 1787 258 di·

247 292 316 310 rem.
326 278 391 310 Ideo
405 277 428 307 si
440 276 562 306 tollimus
575 285 591 304 a
604 274 682 305 nobis
696 284 775 304 usum
786 283 912 303 sensuum
925 273 986 302 illo-

246 331 307 349 rum
321 325 430 359 propter
451 316 552 345 malum
572 314 645 354 quod
664 314 696 343 fit
707 325 742 343 ex
757 313 826 349 illis,
841 312 988 353 impeditur

247 360 326 388 etiam
335 359 436 387 bonum
444 355 518 395 quod
526 355 585 384 fieri
594 354 661 384 solet
668 365 716 394 per
725 359 779 383 eos.
789 352 988 382 Tantummodo

246 409 338 428 sensus
358 397 405 426 ille
424 395 548 425 libidinis
558 405 663 434 semper
680 394 708 423 in
721 393 792 424 malo
803 399 853 428 est,
868 399 894 422 et
907 403 988 421 num-

245 449 327 477 quam
346 438 374 466 in
397 437 478 466 bono.
494 436 637 474 Propterea
662 433 685 463 si
706 433 868 473 repellamus
881 443 897 461 a
910 431 988 461 nobis

246 477 369 507 libidinis
383 486 473 512 usum,
483 475 591 504 nullum
604 474 706 503 bonum
716 473 753 502 im
774 472 862 503 editur
875 483 909 501 ex
920 471 984 500 illo:

245 528 294 547 nec
302 517 374 546 enim
388 514 500 554 aliquod
513 515 615 544 bonum
634 520 684 549 est,
696 525 733 552 qu
793 518 934 552 generetur
953 522 988 540 ex

245 557 303 594 illo,
322 556 373 585 nisi
385 555 442 585 sola
455 555 580 584 nativitas
599 553 698 590 carnis,
710 552 773 592 qnia
788 559 814 582 et
833 552 891 592 ipsa
905 561 987 592 gene-

244 604 319 626 ratur
341 606 376 625 ex
395 595 478 624 malo.
494 594 560 624 Ideo
579 600 668 623 autem
688 593 818 632 dissipata
839 598 890 628 est,
904 598 934 620 ut
952 601 987 620 ex

244 635 414 676 corruptione
426 641 561 670 nascatur,
576 633 703 672 quoniam
716 639 742 663 et
753 633 811 672 ipsa
825 638 886 672 post
896 630 986 660 modi-

244 687 306 705 cum
314 682 353 705 est
361 673 567 714 corrumpenda.
581 673 657 703 Sicut
667 672 738 702 enim
749 682 800 701 non
812 678 852 701 est
861 670 985 710 dignum,

245 723 274 745 ut
284 715 358 754 quod
366 722 494 744 aeternum
507 720 546 744 est
558 723 594 742 ex
604 712 776 752 corruptione
789 717 913 740 nascatur
927 723 933 738 :
947 710 987 739 sie

244 766 296 784 non
311 762 350 785 est
360 754 485 794 dignum,
502 760 532 783 ut
545 752 619 792 quod
638 763 672 782 ex
685 751 856 791 corruptione
869 749 987 779 nascitur

243 795 278 824 sit
289 802 428 824 aeternum.
441 794 513 831 Quia
523 803 585 823 caro
594 799 621 822 et
629 791 738 837 sanguis
751 801 864 830 regnum
874 789 923 819 Dei
933 800 986 819 non

242 834 428 874 possidebunt,
437 844 523 872 neque
534 831 671 872 corruptio
683 830 892 870 incorruptelam
901 829 986 868 possi-

94 886 231 908 Joan.1.12.
243 874 326 904 debit.
342 876 409 904 Item
422 873 489 903 dicit
502 874 618 903 Joannes
634 884 642 900 ι
659 871 750 900 Dedit
763 871 803 899 eis
815 875 985 909 potestatem

233 914 320 954 filios
341 915 398 943 Dei
408 913 485 952 fieri,
501 914 553 953 qui
575 921 634 940 non
659 921 696 939 ex
717 919 817 942 carne,
833 918 927 948 neque
948 920 986 938 ex

244 949 500 994 sanguine,'neque
514 962 550 981 ex
563 951 717 980 voluntate
729 950 801 985 viri,
813 949 864 978 sed
871 958 907 977 ex
920 948 984 977 Deo

244 997 307 1023 nati
326 1000 402 1023 sunt.
420 994 488 1023 Item
507 991 561 1021 alia
581 991 659 1020 ratio.
681 988 815 1027 Quoniam
837 987 984 1018 seeundum

244 1034 308 1063 istos
318 1044 411 1063 sensus
421 1032 549 1066 carnales,
561 1041 628 1069 quos
640 1030 719 1059 habet
730 1038 802 1064 care,
815 1028 896 1057 habet
906 1038 984 1057 econ-

243 1074 325 1102 trario
334 1073 422 1102 anima
432 1083 444 1101 s
466 1070 691 1101 iritualiter.Nam
698 1076 724 1098 et
734 1067 806 1098 videt
815 1069 903 1097 anima
910 1067 987 1107 spiri-

242 1113 361 1149 tualiter,
367 1119 393 1142 et
400 1082 486 1148 antiit,
494 1118 520 1140 et
526 1110 631 1146 odorat,
637 1116 663 1139 et
672 1115 770 1148 gustat,
777 1115 803 1138 et
811 1107 906 1147 tangit,
916 1107 986 1137 sicut

242 1152 271 1182 in
285 1153 377 1182 multis
394 1151 568 1191 exposuimus
588 1149 666 1179 locis.
682 1148 762 1178 Unde
771 1154 797 1176 et
818 1146 985 1176 decachorda

243 1192 343 1221 cithara
355 1192 455 1221 dicitur
465 1190 556 1219 homo.
567 1189 648 1220 Solus
661 1195 750 1217 autem
763 1186 886 1216 libidinis
893 1197 985 1216 sensus

243 1232 311 1260 inter
321 1231 438 1260 animam
445 1238 470 1260 et
481 1240 588 1259 carnem
597 1239 650 1257 non
661 1235 700 1257 est
711 1226 871 1263 communis,
881 1225 928 1256 sed
937 1237 983 1256 so-

242 1271 296 1301 lius
320 1272 405 1300 carnis
426 1269 552 1310 proprius
570 1275 596 1297 et
618 1268 752 1307 privatus.
775 1268 919 1306 Propterea
937 1277 985 1305 per

243 1320 334 1340 omnes
347 1317 421 1339 actus
435 1309 564 1344 carnales,
576 1308 623 1346 qui
642 1313 703 1336 sunt
721 1317 755 1335 ex
768 1306 886 1344 quinque
897 1305 985 1335 sensi-

242 1350 294 1380 bus
315 1349 479 1385 carnalibus,
491 1348 572 1376 homo
585 1346 747 1375 animalibus
761 1344 858 1374 similis
877 1344 983 1374 inveni-

243 1397 306 1419 tur:
322 1389 439 1418 maxime
456 1394 546 1417 autem
556 1397 591 1416 ex
604 1396 654 1415 usu
670 1384 802 1420 libidinis,
818 1383 882 1422 quia
894 1383 928 1413 ad
939 1394 983 1413 so-

244 1430 298 1459 lam
324 1429 438 1469 pertinet
450 1427 538 1457 carnis
560 1432 694 1455 naturam.
709 1425 836 1453 Nescitis
855 1423 983 1462 Scripta*

244 1479 313 1506 ms„
332 1479 426 1508 neque
452 1469 593 1496 virtutem
617 1466 684 1494 Dei.
699 1464 839 1503 Sapienter
865 1462 986 1502 primum

243 1509 333 1548 arguit
350 1506 492 1537 stultitiam
509 1516 613 1541 eorum,
625 1504 689 1543 quia
711 1514 763 1532 non
782 1502 916 1541 legebant.
935 1503 984 1532 Se—

243 1548 332 1577 cundo
343 1547 532 1586 ignorantiam,
540 1545 604 1584 quia
616 1554 668 1573 non
684 1542 877 1582 cognoscebant
887 1542 984 1579 Deum,

243 1588 306 1626 quia
316 1598 353 1617 ex
359 1586 499 1625 diligentia
508 1585 652 1614 lectionum
662 1582 780 1612 nascitur
788 1581 897 1611 scientia
911 1581 961 1610 Dei
976 1592 982 1609 ε

244 1627 392 1667 ignorantia
403 1633 492 1655 autem
506 1624 673 1664 negligentiae
687 1622 743 1651 filia
756 1629 804 1651 est.
819 1621 848 1651 Si
858 1621 928 1650 enim
938 1631 986 1651 nec

244 1677 346 1704 omnes,
361 1666 409 1706 qui
430 1667 533 1705 legunt,
548 1669 711 1703 cognoscunt
731 1663 829 1698 Deum,
850 1660 986 1699 quomodo

243 1713 392 1746 cognoscet,
405 1706 453 1744 qui
477 1715 530 1733 non
555 1703 637 1742 legit?
651 1702 732 1740 Quod
743 1708 833 1731 autem
851 1700 983 1737 diximus,

1042 272 1161 312 sciplinae
1168 271 1254 304 illius.
1263 271 1436 310 Ubicumque
1446 270 1518 300 enim
1526 269 1608 299 fuerit
1619 269 1785 299 desiderium

1043 311 1170 348 hominis,
1184 311 1252 341 illuc
1269 311 1398 350 dirigitur
1418 317 1445 340 et
1457 320 1550 340 sensus
1562 309 1657 349 ipsius.
1674 308 1737 338 Ideo
1750 308 1786 338 ad

1042 351 1114 380 illud
1130 351 1241 390 quidem
1256 350 1330 390 quod
1338 350 1420 385 dixit,
1431 351 1555 389 Nescitis
1567 350 1708 379 virtutem
1716 349 1784 385 Dei,

1042 390 1093 420 hoc
1105 391 1198 420 retulit
1208 390 1300 420 dicens
1313 401 1320 418 z
1334 391 1372 421 ln
1382 391 1592 422 resurrectione
1603 390 1681 418 enim
1691 399 1786 428 neque

1043 432 1164 466 nubent,
1180 441 1273 470 neque
1284 432 1439 459 nubentur.
1455 429 1499 459 Ad
1512 429 1583 458 illud
1596 435 1696 464 autem,
1710 429 1785 467 quod

1041 469 1118 507 dicit,
1128 471 1252 500 Nescitis
1263 469 1437 507 Scripturas,
1447 469 1603 509 exemplum
1611 468 1735 508 protulit,
1741 468 1785 499 di-

1041 520 1116 540 cens:
1127 511 1191 547 Ego
1205 521 1269 539 sum
1282 510 1362 538 Deus
1373 509 1542 544 Abraham,
1553 515 1582 538 et
1596 509 1677 538 Deus
1685 510 1784 546 Isaac,

1041 556 1070 579 et
1086 550 1167 579 Deus
1184 549 1329 580 Jacob&
1338 549 1410 579 enim
1423 549 1559 579 Abraham
1578 550 1687 578 etlsaac
1703 554 1730 577 et
1738 549 1785 578 Ja-

1041 590 1092 619 cob
1103 590 1245 619 morientes
1254 589 1404 630 periissent,
1411 599 1558 627 numquam
1568 588 1702 619 diceretur
1710 589 1784 618 Deus

1041 639 1135 659 eorum
1154 640 1221 666 esse,
1238 630 1285 668 qui
1299 639 1352 658 non
1371 635 1458 658 erant.
1472 629 1600 658 Diximus
1613 638 1706 668 supra,
1721 638 1784 658 cum

1039 668 1074 698 de
1087 679 1168 698 manu
1182 676 1291 698 extensa
1304 668 1422 698 hominis
1434 667 1510 698 arida
1523 675 1708 703 tractaremus,
1720 668 1784 706 quia

1040 709 1279 740 calumniatoribus
1297 709 1415 748 primum
1433 714 1538 747 oportet
1556 708 1584 736 in
1600 707 1691 746 aliqua
1709 717 1786 746 quae-

1040 748 1126 793 stione
1136 749 1319 778 auctoritatem
1332 749 1478 788 Scripturae
1489 748 1617 787 proferre,
1627 746 1725 777 deinde
1739 757 1784 776 ra-

1040 794 1140 818 nonem
1159 799 1304 828 exponere,
1317 798 1370 816 non
1388 788 1464 827 prius
1477 787 1618 822 rationem,
1631 793 1722 826 postea
1732 797 1785 816 au-

1003 836 1022 859 ss
1040 828 1190 857 ctoritatem
1204 840 1211 857 :
1225 835 1251 858 et
1263 838 1349 857 causae
1362 827 1445 867 hujus
1459 827 1497 856 ibi
1512 836 1685 867 exposuimus
1700 826 1786 857 ratio-

1041 877 1113 904 nem,
1126 867 1189 906 quia
1208 874 1235 897 et
1250 867 1289 897 ibi
1307 867 1346 896 sic
1355 867 1418 896 fecit
1430 867 1565 896 Christus.
1578 867 1629 897 Hie
1639 873 1730 897 autem
1740 867 1784 896 in-

1039 907 1236 946 terrogantibus
1241 906 1435 942 Sadducaeis,et
1443 917 1491 946 per
1498 906 1674 945 ignorantiam
1682 906 1786 946 aliquid

1039 956 1067 975 se
1080 947 1148 976 scire
1162 947 1365 982 aesfimantibus,
1375 946 1449 985 prius
1461 946 1590 976 rationem
1606 947 1730 986 exposuit
1741 947 1785 979 di-

1039 996 1101 1015 cens
1115 998 1122 1016 =
1135 989 1173 1016 In
1186 987 1395 1016 resurrectione
1407 987 1485 1016 enim
1497 996 1590 1026 neque
1606 988 1726 1023 nubent,
1738 998 1785 1016 ne-

1040 1036 1097 1065 que
1105 1036 1210 1065 uxores
1219 1027 1336 1062 ducent,
1343 1025 1396 1054 sed
1402 1032 1487 1055 erunt
1495 1027 1570 1055 sicut
1578 1026 1677 1066 angeli
1685 1027 1744 1057 Dei
1753 1029 1785 1056 in

1040 1066 1127 1102 caelo,-
1132 1065 1229 1095 deinde
1236 1065 1349 1106 protulit
1353 1065 1499 1105 Scripturae
1507 1065 1691 1097 auctoritatem
1697 1065 1786 1097 diceu-

1041 1105 1075 1134 tis
1085 1117 1091 1133 :
1102 1106 1167 1146 Ego
1174 1116 1239 1135 sum
1249 1106 1329 1134 Deus
1339 1104 1370 1134 A
1372 1106 1506 1141 braham,
1513 1111 1541 1134 et
1551 1105 1632 1134 Deus
1642 1106 1740 1142 Isaac,
1756 1113 1785 1137 et

1045 1145 1122 1174 Deus
1135 1146 1230 1175 Jacob
1241 1159 1250 1172 .-
1261 1152 1291 1174 ut
1304 1151 1330 1175 et
1340 1155 1387 1174 nos
1400 1144 1640 1174 calumniatoribus
1646 1145 1724 1185 prius
1736 1156 1784 1176 au-

1039 1185 1188 1215 ctoritatem
1201 1185 1348 1225 Scripturae
1361 1185 1538 1224 proferamuS,
1551 1191 1642 1224 postea
1657 1184 1785 1216 rationem

1039 1225 1184 1255 reddamus
1193 1238 1201 1263 ;
1210 1224 1437 1264 interrogantibus
1445 1231 1535 1254 autem
1543 1235 1713 1263 quocumque
1722 1235 1786 1265 pro·

1039 1265 1137 1304 posite,
1148 1266 1225 1305 prius
1243 1265 1374 1294 rationem
1393 1274 1571 1304 exponamus,
1586 1271 1677 1304 postea
1688 1272 1784 1295 aucto-

1039 1304 1146 1333 ritatem
1158 1317 1166 1334 z
1183 1311 1213 1334 ut
1235 1304 1336 1334 ratione
1361 1303 1471 1342 quidem
1497 1314 1542 1333 eos
1561 1305 1710 1344 placemus,
1734 1315 1784 1335 au-

1039 1344 1159 1373 ctoritate
1190 1344 1389 1373 confirmemus.
1415 1343 1551 1380 Quoniam
1579 1343 1783 1375 calumniatores

1039 1383 1198 1413 convincere
1223 1390 1338 1422 oportet,
1352 1383 1559 1422 interrogatores
1573 1391 1662 1413 autem
1672 1383 1780 1414 docere.

1003 1432 1021 1456 c
1039 1422 1175 1459 Quoniam
1188 1430 1214 1452 et
1237 1422 1426 1457 calumniator,
1440 1422 1488 1451 etsi
1502 1422 1629 1461 intelligit
1641 1424 1782 1461 rationem,

1038 1463 1188 1492 consentire
1208 1462 1305 1491 rationi
1326 1471 1380 1490 non
1406 1462 1551 1500 acquiescit
1567 1475 1573 1491 :
1589 1463 1717 1493 fratribus
1731 1475 1782 1494 au·

1038 1507 1102 1537 tem,
1121 1501 1151 1531 id
1162 1509 1202 1531 est
1214 1501 1451 1540 interrogantibus,
1463 1502 1549 1531 solam
1559 1512 1694 1542 exponere
1704 1504 1784 1533 suffi-

1038 1540 1075 1570 cit
1092 1541 1222 1570 rationem
1235 1541 1407 1580 quaestionis,
1429 1541 1494 1579 quia
1519 1541 1656 1578 discendi,
1683 1549 1709 1571 et
1730 1553 1785 1573 non

1038 1580 1236 1611 contradicendi
1255 1580 1423 1621 propositum
1446 1580 1545 1611 habent
1561 1593 1568 1610 ε
1582 1588 1692 1621 propter
1709 1583 1785 1621 quod

1038 1627 1064 1649 et
1077 1619 1169 1650 audita
1183 1621 1285 1650 ratione
1299 1619 1422 1650 credunt.
1437 1621 1507 1650 Item
1524 1621 1587 1651 vide
1601 1621 1736 1660 quomodo
1749 1622 1785 1652 sit

1039 1659 1172 1690 infirmior
1184 1661 1201 1691 J
1205 1660 1342 1690 udaeorum
1360 1660 1512 1699 congressio
1523 1667 1615 1690 contra
1632 1661 1784 1692 Christum.

1038 1699 1139 1736 Prima,
1162 1711 1224 1729 cum
1243 1707 1343 1729 terrore
1359 1712 1365 1729 :
1384 1706 1413 1728 ut
1433 1706 1487 1736 est,
1510 1702 1548 1729 In
1565 1711 1626 1740 qua
1642 1708 1785 1740 potestate

1796 511 1873 533 Exod.
1885 510 1898 533 3

1795 1398 1876 1415 CLXXX

1797 1706 1881 1728 Mauh.
1895 1711 1904 1728 1

243 1756 297 1775 non
308 1756 398 1775 omnes
407 1745 522 1785 legentes
533 1749 691 1783 cognoscere
701 1741 838 1771 veritatem
850 1741 913 1776 Dei,
922 1747 986 1770 tunc
1028 1739 1114 1780 facis
1138 1741 1201 1769 baec
1211 1742 1224 1767 ?
1246 1739 1384 1774 Secunda,
1410 1750 1473 1768 cum
1487 1739 1551 1770 dolo
1566 1753 1575 1770 z
1591 1751 1653 1771 cum
1676 1740 1782 1779 dicunt,
1795 1737 1834 1760 ²3·

245 1793 294 1822 est,
307 1786 342 1823 si,
352 1785 470 1815 nolentes
480 1784 611 1818 invenire,
623 1782 722 1821 legant.
736 1781 792 1817 Qui
803 1780 884 1815 enim,
894 1780 985 1819 legens

243 1826 277 1854 de
288 1826 356 1861 Deo,
371 1825 431 1855 vult
448 1823 569 1854 invenire
583 1824 681 1857 Deum,
696 1821 800 1850 festinet
821 1820 912 1850 vivere
928 1822 984 1849 Deo

243 1865 336 1904 digne,
345 1872 370 1894 et
381 1865 439 1904 ipsa
450 1862 615 1893 conversatio
627 1861 686 1900 ejus
695 1861 766 1889 bona
779 1860 820 1896 fit,
829 1860 905 1898 quasi
916 1860 983 1889 lam-

243 1904 321 1944 padis
334 1905 423 1934 lumen
437 1910 497 1932 ante
508 1902 601 1932 oculos
612 1900 700 1930 cordis
710 1901 767 1940 ejus
778 1900 849 1929 viam
864 1900 984 1939 aperiens

245 1944 363 1974 veritatis
373 1956 379 1972 :
389 1944 437 1983 qui
449 1950 538 1973 autem
547 1952 600 1970 non
608 1940 713 1969 festinat
723 1940 814 1969 vivere
824 1939 905 1978 digne
914 1941 982 1975 Deo,

243 1984 334 2024 legens
354 1994 406 2013 non
430 1985 517 2012 Deum
537 1981 633 2021 qnaerit
650 1979 685 2008 ad
704 1980 816 2008 salutem
835 1990 921 2014 suam,
936 1979 984 2008 sed

244 2023 380 2053 scientiam
393 2022 443 2052 Dei
461 2022 496 2051 ad
511 2021 625 2061 gloriam
643 2030 748 2050 vanam.
765 2018 828 2048 Ideo
851 2019 898 2048 etsi
912 2030 977 2048 sem·

244 2074 293 2108 per
306 2063 539 2102 legat‚numquam
551 2059 653 2089 invenit
665 2070 671 2085 ε
684 2059 753 2088 sicut
767 2069 813 2087 nec
827 2058 983 2098 philosophi

243 2110 413 2138 invenerunt,
429 2102 476 2139 qui
491 2101 576 2140 ipsam
589 2110 695 2128 causam
710 2099 872 2137 quaerebant.
888 2100 981 2134 Putas,

243 2142 391 2172 sacerdotes
402 2140 610 2170 Sadducaeorum
619 2149 671 2167 non
681 2138 801 2176 legebant
810 2138 983 2183 Scripturas?

243 2182 297 2212 Sed
316 2191 474 2221 cognoscere
494 2190 546 2208 non
569 2185 690 2218 poterant
702 2179 789 2207 Deum
807 2178 833 2206 in
853 2189 902 2214 eis,
918 2178 981 2216 quia

243 2221 368 2250 nolebant
374 2220 465 2250 vivere
478 2219 559 2259 digne
570 2220 638 2248 Deo.
652 2219 706 2247 Nec
720 2218 790 2246 enim
804 2225 924 2257 poterant
933 2228 982 2247 sua

243 2261 323 2290 verba
334 2260 439 2294 docere,
453 2269 520 2298 quos
534 2258 603 2287 mala
615 2268 693 2297 opera
704 2256 844 2286 docebant.
858 2258 933 2286 Talis
943 2264 982 2286 est

242 2301 314 2329 enim
327 2300 467 2340 Scriptura
491 2298 591 2327 nolenti
612 2298 702 2326 vivere
721 2296 868 2326 secundum
883 2298 980 2331 Deum,

242 2339 469 2379 quemadmodum
487 2338 511 2367 si
529 2337 628 2376 aliquis
645 2336 768 2376 agricolae
779 2359 785 2370 ,
801 2347 852 2365 non
873 2336 981 2366 habenti

241 2379 405 2409 voluntatem
425 2377 574 2418 pugnandi,
588 2383 703 2416 exponat
722 2376 847 2405 bellicam
860 2375 982 2415 discipli-

242 2430 304 2448 nam
312 2418 471 2448 :econtrario
480 2424 569 2447 autem
579 2416 638 2446 viro
645 2415 781 2452 bellatori,
788 2416 888 2445 nolenti
897 2416 982 2444 colere

242 2466 351 2495 terram,
368 2458 560 2498 agriculturam
581 2455 745 2496 exponatzsi
759 2462 813 2485 tota
830 2455 874 2484 dic
892 2454 983 2484 audiat

242 2498 324 2529 verba
335 2497 508 2538 expositionis
522 2495 681 2533 illius,nihil
693 2495 842 2535 intelligere
856 2502 902 2525 aut
915 2505 982 2524 com-

1037 1780 1190 1819 Magister,
1203 1783 1310 1809 scimus
1330 1782 1401 1820 quia
1416 1790 1509 1808 verax
1523 1791 1563 1816 es,
1581 1787 1611 1810 et
1623 1783 1706 1810 viam
1726 1782 1784 1810 Dei

1037 1820 1069 1846 in
1082 1820 1206 1849 veritate
1225 1821 1322 1855 doces,
1334 1825 1361 1848 et
1377 1830 1436 1848 non
1457 1826 1499 1849 est
1514 1822 1566 1850 tibi
1579 1830 1650 1850 cura
1669 1821 1706 1850 de
1724 1822 1783 1850 ali-

1037 1869 1095 1897 quo
1112 1871 1119 1886 .-
1141 1870 1200 1888 non
1218 1861 1296 1888 enim
1318 1861 1436 1898 respicis
1455 1870 1595 1898 personas
1619 1861 1780 1891 hominum.

1037 1899 1098 1927 Non
1112 1899 1183 1929 enim
1203 1905 1313 1936 terrent,
1327 1899 1375 1928 sed
1396 1899 1612 1930 circumveniunt
1629 1899 1758 1930 laudibus
1772 1913 1779 1931 :

1037 1948 1096 1977 quae
1116 1940 1279 1978 congressio,
1295 1939 1345 1968 etsi
1373 1949 1424 1969 non
1446 1941 1535 1969 minus
1562 1940 1714 1980 periculosa
1741 1948 1781 1970 est

1037 1978 1137 2023 priore,
1151 1986 1239 2008 tamen
1258 1979 1347 2008 minus
1367 1978 1497 2009 terribilis
1518 1986 1567 2009 est.
1594 1981 1692 2010 Contra
1706 1980 1782 2009 illam

1003 2027 1020 2049 D
1038 2028 1109 2047 emm
1121 2018 1267 2048 necessaria
1281 2026 1336 2048 erat
1354 2018 1483 2048 fortitudo
1497 2019 1602 2055 animae,
1616 2026 1643 2048 et
1657 2026 1783 2049 constan-

1037 2058 1072 2087 tia
1094 2058 1199 2088 cordis:
1214 2065 1306 2088 eontra
1325 2058 1403 2087 istam
1429 2065 1519 2087 autem
1538 2066 1615 2088 acuta
1637 2059 1779 2098 sapientia.

1036 2099 1067 2127 In
1081 2097 1159 2127 tertio
1172 2108 1235 2128 vero
1249 2098 1308 2127 loco
1321 2108 1407 2136 neque
1420 2108 1483 2126 cum
1495 2105 1603 2133 terrore,
1619 2107 1705 2136 neque
1717 2109 1781 2128 cum

1036 2137 1111 2172 dolo,
1126 2137 1173 2166 sed
1189 2148 1223 2166 ex
1243 2138 1432 2177 praesumtione
1444 2137 1546 2176 ignara.
1562 2138 1632 2167 Satis
1651 2138 1721 2167 enim
1736 2138 1777 2166 fe-

1036 2184 1129 2206 cerunt
1151 2177 1203 2205 sibi
1226 2176 1377 2211 Sadducaei,
1395 2178 1433 2206 ita
1457 2187 1525 2214 esse,
1540 2177 1610 2207 sicut
1629 2177 1778 2217 putabant,

1036 2224 1062 2249 et
1074 2228 1137 2246 cum
1150 2216 1246 2246 idoneo
1263 2224 1419 2256 argumento
1434 2217 1655 2247 existimaverunt
1668 2227 1696 2246 se
1715 2218 1779 2248 vin-

1036 2267 1095 2286 cere
1105 2256 1256 2293 Christum,
1267 2258 1488 2286 resurrectionem
1499 2257 1711 2294 annuntiantem,
1718 2268 1778 2296 quae

1035 2297 1142 2327 duabus
1153 2296 1365 2335 praecedentibus
1374 2297 1480 2326 facilior
1491 2303 1540 2326 est.
1555 2296 1697 2326 Hominem
1706 2297 1777 2326 enim

1036 2343 1173 2377 putantem
1187 2347 1216 2366 se
1237 2336 1343 2376 aliquid
1356 2337 1434 2372 scire,
1454 2347 1516 2366 cum
1529 2337 1637 2371 nesciat,
1649 2336 1727 2365 facile
1737 2344 1778 2366 est

1036 2376 1096 2406 viro
1107 2380 1119 2393 ³¹
1128 2376 1221 2405 scienti
1235 2376 1439 2406 circumvenire.
1454 2377 1552 2406 Contra
1566 2376 1632 2406 tales
1646 2375 1718 2405 enim
1731 2386 1778 2405 ne-

1036 2416 1147 2446 cessaria
1162 2423 1201 2445 est
1211 2416 1268 2445 sola
1285 2416 1395 2446 seientia
1417 2416 1630 2455 scripturarum.
1645 2416 1707 2444 Haec
1727 2426 1776 2444 au-

1036 2463 1089 2485 tem
1103 2456 1235 2492 diximus,
1250 2463 1280 2485 ut
1294 2467 1343 2496 per
1355 2467 1446 2486 servos
1459 2455 1574 2492 diaboli,
1589 2462 1717 2494 actusque
1730 2465 1775 2485 eo-

1038 2507 1097 2525 rum
1108 2520 1114 2531 ‚
1130 2495 1317 2526 habitudinem
1340 2496 1427 2537 ipsius
1448 2495 1550 2526 diaboli
1568 2494 1752 2524 describamus
1767 2506 1773 2523 :

271 2598 283 2612 a
301 2589 370 2615 Editi
388 2591 414 2615 in
435 2598 512 2621 marg.
537 2589 626 2613 scienti
643 2589 797 2612 convincere.
819 2587 848 2613 V.
869 2588 898 2612 D.
911 2589 1001 2612 scienti
1023 2597 1159 2614 convenit-c.
