1904 2840
85 454 140 475 Luc.
155 451 190 475 18.
199 449 223 473 8.

89 847 227 880 Psal.29.6.

88 968 174 1023 glaub.
189 973 228 989 20.

94 1333 114 1348 1.
128 1324 232 1355 The55.4.

95 1357 130 1380 16.

95 1758 235 1789 Psal.67.7.

98 2165 120 2180 2.
137 2158 196 2180 Tim.
213 2159 236 2182 3.

103 2188 180 2211 ι.-5.

231 228 301 263 902
825 222 908 246 OPUS
936 222 1180 247 IMPERFECTUM

232 295 331 328 gentes,
341 293 367 316 et
378 286 453 316 dedit
474 286 513 316 eis
532 285 651 325 seipsum
670 284 914 315 manifestissimum
927 285 971 314 lu·
992 287 1013 311 A
1027 284 1097 315 sicut
1107 283 1282 324 exposuimus
1290 283 1317 313 in
1329 283 1457 324 parabola
1464 284 1629 315 seminantis.
1639 285 1772 322 Quicum-

233 338 305 357 men.
328 327 417 357 Etiam
434 326 525 362 modo,
541 325 610 355 sicut
633 323 740 359 videtis,
759 324 974 354 Christianorum

234 367 374 405 iniquitate
387 372 528 402 crescente,
544 365 624 404 ‘quasi
635 371 711 394 nocte
724 364 857 401 veniente,
872 364 976 394 recedet

234 418 249 436 a
264 406 384 441 nobis‚et
396 406 497 434 auferet
510 405 599 445 gratiae
609 415 664 434 suae
675 404 766 433 lumen
779 414 794 433 a
804 404 894 440 nobis,
907 404 977 434 sicut

235 447 292 486 ipse
299 452 420 481 testatur,
434 444 526 474 dicens
539 456 546 474 :
559 446 665 481 Putas,
677 454 743 473 cum
754 445 867 474 venerit
880 445 977 474 Filius

235 487 368 521 hominis,
383 486 510 514 inveniet
529 485 620 525 fidem
637 494 723 523 super
742 487 870 513 terram?
885 484 978 524 Septi—-

234 536 310 555 mum
322 531 412 554 autem
425 524 515 553 lumen
529 523 643 553 daturus
657 530 696 553 est
717 523 806 559 nobis,
822 534 885 553 cum
897 534 978 554 vene-

235 565 271 594 rit
289 563 402 593 reddere
420 564 535 603 singulis
551 563 699 593 secundum
715 573 795 603 opera
817 573 921 592 corum.
942 563 978 593 Et

235 604 455 643 quotiescumque
467 610 574 643 peccata
593 603 735 632 hominum
748 602 922 643 praevalentia
932 613 979 632 ex-

235 644 351 674 cludunt
363 653 379 673 a
402 653 430 673 se
451 642 664 673 misericordiam
683 643 752 679 Dei,
779 642 852 672 illud
874 649 979 683 tempus

236 694 291 713 nox
302 683 404 712 dicitur
421 696 427 712 :
451 683 671 722 quotiescumque
688 689 779 711 autem
796 681 980 712 misericordia

236 724 286 753 Dei
300 723 447 763 praevalens
459 733 513 752 non
529 722 625 763 aspicit
634 729 738 763 peccata
748 728 848 758 nostra,
857 722 904 752 sed
913 722 980 752 visi-

237 770 276 792 tat
289 762 412 792 homines
431 763 458 792 in
470 762 553 800 bono,
569 762 627 792 dies
647 761 749 791 dicitur
767 761 886 792 visitatio
908 763 977 802 ejus.

237 804 277 833 Ut
288 802 356 832 scias
368 809 458 832 autem
471 801 505 832 de
525 809 611 839 nocte,
626 811 686 841 quae
698 801 730 831 iit
744 808 804 831 ante
817 801 918 831 Christi
930 801 981 831 ad-

238 849 350 872 ventum
360 842 489 882 priorem,
504 842 572 872 dicit
585 841 716 882 propheta
732 853 739 870 ε
761 841 815 871 Ad
828 851 982 880 vesperum

239 882 438 911 demorabitur·
450 882 551 923 fletus,
570 888 600 911 et
621 882 661 911 ad
675 882 850 911 matutinum
865 881 980 910 loetitia.

238 923 279 951 De
292 929 368 951 noete
381 929 471 952 autem
485 921 721 951 consummationis
742 921 839 950 futurae
854 920 913 960 ipse
927 922 983 950 Do-

239 962 329 991 minus
341 961 409 991 dicit
425 973 432 990 =
458 962 533 991 Cum
547 972 610 991 sero
620 961 741 1002 sactum
763 967 847 998 esset,
861 961 983 990 ‘vocavit

239 1003 396 1041 operarios,
412 1008 441 1031 et
461 1002 588 1031 reddidit
603 1003 644 1030 eis
662 1000 832 1030 mercedem.
848 1000 922 1040 Ergo
936 1010 984 1040 per

239 1041 303 1070 istos
313 1052 360 1070 sex
369 1040 427 1071 dies
441 1049 466 1071 et
480 1047 569 1071 noctes
583 1040 717 1071 laboravit
730 1040 872 1076 Dominus,
883 1039 985 1070 vadens

239 1091 255 1109 a
268 1081 356 1117 nobis,
373 1088 399 1110 et
409 1088 543 1111 revertens
556 1080 590 1110 ad
602 1090 650 1109 nos
666 1091 672 1107 :
689 1078 789 1113 vadens
800 1086 910 1119 propter
921 1090 984 1120 pec-

240 1127 298 1149 cata
304 1127 406 1154 nostra,
413 1127 439 1150 et
446 1120 551 1150 rediens
562 1126 669 1166 propter
678 1118 889 1149 misericordiam
895 1129 982 1154 suam3

240 1171 302 1189 cum
317 1167 406 1189 autem
425 1160 525 1190 factum
547 1161 628 1189 fuerit
648 1159 792 1199 septimum
816 1169 904 1195 mane,
920 1166 985 1188 tunc

242 1200 388 1238 requiescet
401 1200 428 1228 in
439 1200 551 1240 septimo
563 1199 619 1236 die,
634 1200 699 1238 quia
712 1198 883 1238 postmodum
899 1199 985 1228 homi-

242 1239 322 1268 nibus
337 1239 490 1269 viventibus
508 1240 564 1268 sine
575 1238 740 1268 successione
752 1245 922 1278 peccatorum
936 1238 986 1268 lux

239 1278 351 1318 justitiae
362 1285 400 1307 est
411 1288 595 1318 permansura,
602 1285 628 1308 et
636 1288 740 1317 semper
749 1277 789 1307 sol
799 1278 927 1307 Christus
936 1278 987 1308 erit

243 1318 384 1347 nobiscnm
397 1318 500 1347 dicente
519 1319 640 1358 apostolo
655 1330 661 1346 :
677 1318 837 1356 Rapiemur
848 1319 880 1346 in
901 1319 985 1347 nubi-

244 1359 298 1386 bus
308 1359 425 1386 obviam
439 1358 564 1386 Domino
576 1359 608 1386 in
616 1366 697 1392 aera,
713 1363 740 1385 et
752 1358 794 1385 sic
802 1366 985 1396 semper-cum

244 1398 373 1426 Domino
388 1398 506 1426 erimus.
530 1396 595 1426 Ideo
607 1407 636 1425 er
655 1406 671 1425 o
685 1405 762 1424 mane
774 1403 910 1425 revertens
923 1407 986 1425 esu-

244 1436 291 1466 riit
307 1448 315 1464 ε
331 1436 404 1475 quod
418 1436 575 1476 mysterium
591 1436 646 1465 inte
659 1435 753 1474 ligitur
765 1445 800 1464 ex
810 1441 929 1475 tempore
943 1446 985 1465 re-

244 1476 416 1506 surrectionis
438 1477 508 1515 esus,
523 1475 631 1514 quando
643 1475 736 1505 relicta
751 1482 790 1504 est
803 1485 948 1515 synagoga,
962 1483 988 1506 et

244 1522 365 1555 suscepta
389 1522 428 1545 est
466 1515 569 1545 eclesia.
591 1516 634 1545 Et
657 1515 762 1544 videns
785 1515 835 1552 fici
855 1516 988 1545 arborem

244 1566 334 1585 unam
344 1565 424 1585 secus
436 1557 528 1590 viam,
542 1555 623 1584 venit
637 1555 678 1583 ad
688 1564 765 1590 eam,
778 1561 806 1583 et
818 1555 896 1583 nihil
909 1556 989 1584 inve-

243 1597 289 1624 nit
301 1598 332 1624 in
345 1605 391 1631 en,
404 1596 461 1624 nisi
463 1595 549 1635 folia
562 1600 687 1624 tantum.
697 1593 788 1623 Arbor
798 1594 844 1623 fici
854 1600 894 1623 est
906 1604 987 1634 syna—

245 1645 323 1674 goga.
337 1636 407 1664 Nam
418 1645 552 1675 synagoga
567 1641 678 1674 propter
692 1633 895 1663 multitudinem
914 1634 987 1663 mul-

243 1681 333 1704 torum
345 1685 488 1714 granorum
499 1674 549 1703 sub
559 1684 612 1703 uno
620 1673 717 1703 cortice
729 1673 908 1702 habitantium
916 1673 988 1704 dicta

244 1721 284 1743 est
295 1714 363 1744 ficus
374 1714 450 1753 quasi
464 1714 612 1743 multorum
626 1713 766 1742 hominum
778 1712 900 1742 fidelium
915 1714 990 1743 habi·

246 1754 359 1783 tantiam
373 1754 401 1783 in
417 1765 469 1783 una
480 1753 571 1788 domo,
587 1753 656 1782 sicut
675 1753 804 1792 scriptum
822 1759 862 1782 est
878 1766 884 1782 :
908 1754 989 1784 Deus

247 1796 299 1832 qui
311 1795 480 1823 inhabitare
494 1794 576 1834 facit
589 1795 741 1822 unanimes
754 1793 785 1820 in
807 1803 869 1822 una
889 1794 987 1823 domo.

246 1834 370 1872 Denique
383 1833 446 1862 vide
459 1834 518 1873 ipsa
534 1833 597 1862 folia
612 1833 668 1868 fici,
682 1831 817 1871 quomodo
840 1833 989 1863 secundum

245 1872 450 1902 similitudinem
467 1883 563 1902 manus
582 1872 693 1902 formata
710 1878 781 1901 sunt.
801 1872 877 1901 Folia
899 1880 988 1903 autem

245 1912 391 1942 viriditatis
401 1919 464 1942 sunt
482 1913 584 1952 species
596 1911 781 1941 tantummodo
800 1913 946 1943 sanctitatis
960 1913 988 1942 in

246 1951 366 1988 homine,
381 1960 428 1982 aut
442 1952 499 1981 sine
522 1952 612 1981 fructu
626 1962 737 1991 operum
754 1951 836 1980 verba
850 1952 986 1992 religiosa·

248 1991 419 2030 Quicumque
440 2002 503 2031 ergo
523 1992 605 2020 homo
628 1991 781 2030 religiosus,
795 1990 825 2020 id
846 1999 894 2028 est,
908 1993 988 2022 arbor

247 2031 425 2068 rationabilis,
443 2030 584 2071 profitetur
605 2041 633 2060 se
655 2041 711 2059 esse
735 2031 796 2066 Dei,
811 2038 837 2060 et
855 2032 987 2071 justitiam

248 2080 301 2098 non
321 2077 458 2110 operatur,
474 2071 554 2100 arbor
574 2077 614 2099 est
634 2070 829 2107 tantummodo,
845 2071 910 2100 folia
931 2072 989 2102 sine

246 2109 337 2139 fructu
349 2117 468 2150 portans,
481 2110 573 2149 quales
587 2120 680 2139 sumus
698 2120 756 2145 nos,
770 2110 804 2139 de
818 2111 917 2149 quibus
927 2122 988 2151 pro-

247 2149 368 2189 phetavit
378 2149 515 2189 apostolus
530 2151 655 2186 :Er-unt,
672 2150 768 2188 inquit,
783 2152 814 2179 in
826 2152 989 2181 novissimis

248 2190 348 2218 diebus
353 2190 484 2218 homines
489 2193 595 2229 seipsos
604 2191 848 2229 amantes,cupidi
853 2193 989 2230 pecunia-

247 2239 322 2265 rum,
335 2229 418 2265 elati,
430 2231 556 2268 superbi,
566 2230 735 2268 parentibus
745 2240 803 2258 non
814 2231 987 2269 obe-dientes,

246 2268 409 2297 voluntatis
419 2279 479 2298 suoe
492 2275 637 2298 amatores
649 2270 740 2308 mag-is
751 2280 838 2309 quam
849 2271 917 2306 Dei,
928 2281 989 2310 spe-

246 2309 319 2342 ciem
329 2309 447 2347 quidem
455 2310 573 2347 pietatis
585 2309 735 2342 habentes,
743 2311 881 2339 virtutem
891 2316 988 2340 autem

246 2349 310 2387 ejus
323 2349 513 2388 abnegantes,
535 2358 608 2387 quos
631 2350 663 2377 in
674 2348 769 2388 finem
781 2350 988 2381 maledicturus

246 2394 289 2416 est
300 2388 456 2424 Dominus,
470 2393 502 2416 ut
514 2397 672 2427 numquam
682 2388 789 2417 exiliis
807 2390 924 2428 fructus
935 2401 987 2420 na-

246 2434 346 2457 scatur
357 2450 365 2463 ‚
386 2429 460 2457 sicut
479 2427 632 2456 maledixit
644 2427 768 2462 Judoeis,
784 2435 812 2457 et
835 2437 984 2460 aruerunt.

246 2468 328 2497 Secus
341 2474 429 2496 autem
443 2467 515 2497 viam
528 2474 568 2496 est
586 2466 666 2506 juxta
681 2467 823 2497 mundum.
839 2468 903 2498 Ideo
922 2479 985 2509 ergo

245 2507 352 2536 nullum
366 2507 393 2536 in
415 2506 518 2537 Judaeis
535 2507 652 2536 fructum
665 2507 789 2537 Christus
809 2508 896 2548 potuit
909 2508 983 2538 inve-

244 2547 313 2583 nire,
326 2546 388 2584 quia
411 2547 487 2586 juxta
503 2546 635 2576 mundum
656 2547 775 2576 viventes
789 2554 875 2584 erant,
891 2547 920 2576 id
933 2556 982 2586 cst,

244 2586 393 2615 secundum
405 2586 548 2615 mundum*
564 2586 685 2616 Mundus
707 2586 778 2615 enim
793 2588 837 2617 via
859 2594 898 2616 est
911 2599 984 2617 com-

244 2626 344 2662 munis,
358 2636 406 2665 per
418 2637 498 2664 quam
512 2637 602 2656 omncs
617 2633 753 2655 transcunt
765 2627 811 2665 qui
825 2635 981 2665 nascuntur,

1028 335 1080 362 qne
1093 335 1157 364 crgo
1177 324 1259 353 homo
1278 323 1376 360 fidelis,
1389 323 1419 353 id
1437 331 1487 360 est,
1498 325 1580 354 arbor
1592 322 1770 362 rationabilis,

1027 363 1108 403 juxta
1114 363 1250 393 mundum
1261 363 1366 399 vivens,
1380 374 1527 404 numquam
1537 371 1623 405 potest
1636 365 1664 395 in
1676 375 1705 395 se
1715 365 1773 394 sru-

1030 410 1104 433 ctum
1127 403 1236 439 ‘'ustitiae
1260 410 1364 433 tenere.
1384 404 1465 434 Unde
1487 405 1589 435 Paulus
1607 404 1713 434 dicebat
1737 403 1772 434 ad

1030 443 1121 472 Timot
1141 454 1204 472 eum
1212 455 1218 473 :
1226 443 1321 473 Nemo
1334 444 1536 474 militansDeo
1545 444 1678 484 implicat
1685 454 1716 474 se
1727 454 1773 474 ne·
1784 455 1808 473 a.
1822 447 1882 473 Tim.

1030 484 1113 523 gotiis
1124 483 1325 519 stet-alaribus,
1339 490 1372 513 ut
1385 485 1412 513 ei
1423 485 1552 523 placeat,
1565 486 1614 514 cui
1623 494 1654 514 se
1665 485 1773 524 proba·
1782 481 1808 512 4-

1034 525 1083 552 vit.
1093 523 1133 552 Ut
1143 522 1210 561 quid
1221 533 1273 552 non
1281 530 1368 563 potest
1374 524 1477 553 fructus
1484 534 1548 554 suos
1559 524 1666 554 tenere?
1673 524 1775 553 Trans-

1030 570 1123 592 euntes
1131 562 1203 592 enim
1213 570 1238 592 et
1247 569 1442 594 retranseuntes
1452 563 1597 600 daemones,
1605 564 1650 595 vel
1659 562 1777 593 ministri

1032 602 1128 642 ipsius,
1142 613 1190 642 per
1214 602 1299 640 viam,
1312 603 1342 632 id
1363 610 1414 640 est,
1429 611 1556 644 vagantes
1576 614 1626 644 per
1643 602 1775 633 mundum

1031 652 1122 677 suum,
1128 643 1268 672 excutiunt
1276 643 1407 673 eos-Sicut
1416 644 1489 672 enim
1496 643 1688 673 irrationabilis
1694 649 1775 678 terra,

1032 692 1092 720 quae
1109 692 1185 711 secus
1203 683 1276 712 viam
1297 683 1384 723 posita
1403 689 1454 720 est,
1467 693 1572 728 semper
1589 683 1774 721 conculcatur,
1785 694 1859 714 cnm
1890 687 1892 690 ’

1033 728 1060 750 et
1070 721 1138 751 dura
1151 728 1205 757 est,
1217 729 1243 751 et
1257 723 1357 752 semina
1379 722 1508 752 doetrinae
1531 733 1560 752 m
1573 723 1662 753 sulcos
1684 732 1778 753 sensus

1034 761 1077 791 sui
1088 771 1141 790 non
1154 761 1266 802 recipit,
1280 762 1329 792 sed
1341 762 1464 792 volatiles
1476 762 1588 803 spiritus
1604 763 1715 803 rapiunt
1725 773 1776 792 ea:

1033 801 1074 831 sic
1086 807 1112 830 et
1133 801 1220 830 omnis
1233 803 1314 831 arbor
1331 803 1501 832 rationabilis
1511 804 1590 843 juxta
1606 804 1680 833 viam
1693 802 1780 842 posita

1034 850 1181 879 numquam
1198 848 1282 880 potest
1301 853 1357 871 esse
1368 843 1516 880 fructifera,
1531 843 1559 872 id
1579 850 1629 880 est,
1643 843 1725 872 homo
1735 853 1779 872 se-

1001 885 1019 908 B
1035 879 1156 910 cundum
1164 881 1298 911 mundum
1309 882 1405 912 vivens
1416 892 1561 921 numquam
1574 889 1660 923 potest
1668 882 1781 912 evadere

1035 930 1051 949 a
1064 926 1183 960 peccato,
1192 927 1223 949 ut
1233 921 1268 950 sit
1274 923 1376 962 justus.
1389 923 1554 961 Frequenter
1563 923 1636 952 enim
1646 929 1782 952 transeun-

1035 966 1075 989 tes
1092 959 1202 999 spiritus
1225 960 1297 1001 ipsas
1321 971 1439 1001 gemmas
1456 962 1567 1002 justitiae
1585 962 1728 993 excutiunt
1747 961 1783 992 de

1036 999 1119 1029 ramis
1131 999 1201 1039 ejus,
1216 1007 1360 1039 antequam
1375 1002 1529 1041 aperiantur
1549 1002 1578 1031 in
1592 1002 1679 1032 flores.
1693 1003 1783 1032 Inter-

1037 1038 1106 1068 dum'
1118 1046 1207 1068 autem
1227 1039 1300 1080 ipsos
1322 1040 1402 1070 flonae
1422 1041 1479 1081 jam
1501 1048 1606 1081 apertos
1628 1042 1781 1078 excutiunt,

1037 1077 1174 1108 interdum
1197 1089 1263 1109 vero
1285 1080 1366 1109 etiam
1389 1091 1469 1120 poma
1489 1082 1547 1121 ipsa
1570 1082 1682 1112 formata
1703 1081 1785 1122 depo-

1038 1124 1115 1148 nunt.
1131 1119 1212 1148 Rami
1233 1120 1306 1149 enim
1327 1127 1390 1149 sunt
1407 1120 1502 1149 animae
1526 1131 1619 1159 sensns
1632 1121 1735 1162 ipsius,
1749 1121 1784 1152 de

1038 1158 1139 1198 quihus
1159 1159 1249 1188 omnia
1278 1160 1348 1189 bona
1371 1159 1531 1200 procedunt.
1554 1160 1674 1191 Gemmae
1693 1168 1785 1192 autem

1039 1205 1102 1228 sunt
1120 1197 1197 1227 bonae
1219 1199 1393 1239 cogitationes
1415 1200 1576 1230 cohaerentes
1596 1201 1624 1230 in
1649 1201 1783 1232 sensibus.

1039 1237 1133 1278 Aper-ti
1151 1244 1240 1267 autem
1258 1239 1338 1269 flores
1357 1247 1419 1269 sunt
1441 1240 1518 1269 bonae
1533 1241 1694 1271 voluntates.
1708 1241 1786 1272 Sicut
1833 1250 1836 1254 ’

1038 1278 1111 1307 enim
1131 1277 1166 1307 de
1186 1278 1299 1316 gemmis
1320 1279 1400 1309 flores
1421 1279 1587 1320 procedunt,
1602 1280 1639 1310 ita
1659 1281 1694 1311 de
1706 1281 1786 1312 bonis

1039 1318 1246 1357 cogitationibus
1270 1326 1417 1349 nascuntur
1437 1319 1515 1349 bonae
1534 1320 1693 1351 voluntates.
1707 1321 1785 1352 Sicut

1039 1364 1128 1386 autem
1150 1356 1229 1386 flores
1249 1368 1302 1387 non
1322 1366 1436 1399 possunt
1457 1360 1612 1399 procedere,
1631 1361 1685 1391 nisi
1703 1361 1785 1392 finer-it

1039 1406 1144 1436 gemma
1160 1407 1167 1424 τ
1184 1397 1222 1425 sic
1250 1397 1320 1426 bona
1346 1399 1472 1428 voluntas
1497 1401 1571 1429 nasci
1599 1410 1652 1429 non
1679 1407 1783 1441 potest,

1039 1436 1091 1465 nisi
1113 1438 1277 1475 praecesserit
1296 1437 1324 1466 in
1343 1437 1453 1468 homine
1470 1439 1595 1477 cogitatio
1612 1440 1693 1470 bona.
1710 1441 1784 1470 Bona

1006 1484 1024 1507 c
1039 1475 1111 1505 enim
1131 1475 1274 1514 cogitantes
1295 1476 1440 1516 incipimus
1460 1478 1611 1508 desiderare
1633 1490 1693 1518 quae
1714 1480 1786 1510 bona

1039 1522 1103 1544 sunt
1115 1514 1190 1554 apud
1209 1516 1310 1545 Deum.
1325 1518 1394 1546 Nam
1407 1517 1559 1548 voluntates
1578 1518 1655 1548 bonae
1668 1519 1707 1549 sic
1720 1530 1784 1549 sua·

1039 1565 1087 1584 ves
1105 1561 1170 1583 sunt
1188 1565 1204 1583 a
1224 1555 1262 1584 ud
1282 1557 1387 1594 Deum,
1400 1557 1630 1596 quemadmodum
1655 1559 1785 1590 odoriferi

1040 1593 1131 1624 flores.
1146 1595 1191 1623 Un
1211 1605 1227 1623 e
1245 1596 1372 1626 Salomon
1390 1596 1496 1627 dicebat
1509 1608 1516 1625 ε
1533 1597 1611 1634 Fili,
1627 1608 1712 1629 serva
1725 1605 1754 1630 te
1765 1610 1852 1641 aSap.
1866 1617 1886 1634 ι.

1040 1634 1266 1674 cogitationibus
1278 1646 1344 1675 quoe
1364 1643 1433 1666 sunt
1446 1638 1509 1666 sine
1527 1638 1690 1668 intellectu.
1703 1640 1787 1670 Poma

1039 1681 1129 1703 autem
1141 1681 1204 1703 sunt
1217 1685 1297 1714 opera
1307 1675 1420 1715 justitiae
1431 1677 1564 1716 perfectae.
1577 1678 1654 1708 Sicut
1663 1679 1739 1709 enim
1751 1690 1785 1710 ex

1040 1713 1153 1743 floribus
1167 1724 1246 1753 poma
1259 1715 1409 1745 formantur
1419 1738 1427 1753 ,
1443 1717 1480 1746 ita
1493 1727 1528 1747 ex
1546 1717 1624 1747 bonis
1638 1718 1785 1749 voluntati-

1039 1753 1091 1783 bus
1109 1764 1191 1793 opera
1210 1755 1326 1794 perfecta
1348 1763 1504 1786 nascuntur.
1524 1757 1600 1787 Sicut
1613 1765 1704 1788 autem
1726 1765 1787 1790 ante

1039 1803 1151 1833 pomum
1164 1793 1215 1823 flos
1229 1794 1366 1834 praecedit,
1379 1797 1416 1825 ita
1434 1803 1496 1826 ante
1513 1807 1582 1837 opus
1594 1797 1697 1827 bonum
1714 1799 1785 1829 bona

1039 1833 1171 1863 voluntas⁴
1184 1834 1280 1864 Omnis
1291 1836 1381 1874 itaque
1393 1835 1486 1873 homo,
1501 1837 1547 1876 qui
1555 1837 1612 1877 jam
1626 1847 1675 1867 nec
1687 1839 1786 1878 cogitat

1039 1873 1186 1912 aliquando
1206 1884 1266 1912 quae
1279 1875 1350 1904 bona
1363 1883 1436 1912 sunt,
1452 1876 1525 1916 ipsas
1546 1887 1664 1916 gemmas
1673 1879 1785 1918 justitiae

1040 1912 1075 1942 de
1098 1914 1190 1950 ramis,
1206 1914 1235 1943 id
1258 1921 1308 1951 est,
1322 1914 1356 1944 de
1379 1915 1502 1946 sensibus
1527 1917 1604 1957 ejus,
1618 1924 1785 1948 transeuntes

1040 1952 1174 1983 daemones
1191 1962 1376 1984 excusserunt.
1391 1955 1447 1992 Qui
1461 1963 1550 1986 autem
1564 1958 1662 1996 cogitat
1674 1957 1785 1996 quidem

1040 1992 1127 2030 bona,
1143 2000 1170 2022 et
1183 1994 1312 2034 proponit
1325 1994 1352 2024 in
1374 1995 1456 2024 corde
1477 2006 1527 2025 suo
1548 1997 1634 2026 facere
1650 1997 1724 2036 quod
1737 1998 1786 2028 bo-

1041 2042 1105 2061 num
1127 2039 1167 2062 est
1186 2045 1194 2062 t
1217 2041 1301 2073 puta,
1325 2041 1372 2064 aut
1399 2035 1580 2075 eleemosynas
1603 2037 1709 2075 facere,
1737 2042 1784 2068 au't

1007 2083 1027 2106 1)
1037 2072 1177 2112 jejunare,
1200 2080 1247 2102 aut
1271 2074 1407 2104 continens
1432 2085 1503 2111 esse,
1523 2082 1550 2104 et
1572 2082 1660 2105 tamen
1682 2087 1782 2106 concu—

1041 2112 1168 2151 piscentia
1189 2113 1280 2142 saeculi
1300 2113 1405 2150 victus,
1423 2121 1469 2143 aut
1495 2124 1530 2143 ex
1550 2125 1719 2154 quacumque
1737 2127 1783 2147 oc-

1041 2151 1147 2181 casione
1169 2152 1313 2182 mutaverit
1338 2153 1504 2183 voluntatem
1523 2165 1600 2183 suam
1618 2167 1626 2184 :
1652 2154 1686 2184 dc
1707 2156 1783 2186 illius

1041 2201 1119 2220 sensu
1138 2191 1194 2230 jam
1216 2199 1321 2232 apertos
1343 2192 1424 2223 flores
1445 2193 1579 2223 daemones
1598 2203 1782 2226 excusserunt.

1041 2231 1097 2268 Qui
1114 2238 1202 2261 autem
1218 2232 1346 2272 cogitavit
1360 2232 1447 2267 bona,
1459 2240 1486 2262 ct
1506 2234 1667 2274 proposuit,
1678 2241 1704 2265 et
1723 2246 1783 2276 per-

1040 2270 1103 2300 fecit
1118 2272 1190 2310 quod
1213 2272 1364 2312 proposuit,
1374 2272 1422 2302 ille
1442 2283 1521 2313 poma
1542 2273 1681 2313 produxit.
1701 2274 1783 2313 Quod

1040 2310 1063 2340 si
1077 2310 1175 2340 iterum
1193 2312 1353 2351 peccaverit,
1365 2319 1391 2342 ct
1401 2323 1451 2352 pro
1472 2319 1511 2343 tcr
1523 2321 1630 2354 peccata
1645 2315 1783 2354 sequentia

1037 2350 1149 2390 justitiae
1162 2361 1243 2391 opera
1258 2351 1350 2392 priora
1363 2352 1440 2392 perdi
1462 2353 1529 2390 erit,
1543 2352 1578 2382 de
1590 2353 1647 2383 illis
1659 2355 1782 2384 sensibus

1040 2390 1172 2420 daemones
1177 2392 1233 2431 jam
1239 2393 1354 2431 perfecta
1360 2402 1440 2432 poma
1447 2400 1629 2423 excusserunt.
1635 2394 1711 2424 Sicut
1717 2405 1781 2434 ergo

1039 2430 1151 2460 difficile
1163 2438 1205 2460 est
1221 2431 1344 2461 arborem
1362 2433 1441 2472 juxta
1459 2433 1533 2462 viam
1551 2433 1664 2473 positam
1677 2434 1781 2464 fructus

1039 2481 1101 2500 suos
1112 2479 1195 2509 usque
1206 2471 1240 2500 ad
1252 2471 1431 2501 maturitatem
1439 2482 1559 2502 servare:
1571 2472 1610 2502 sic
1620 2472 1732 2502 difficile
1742 2480 1781 2503 est

1037 2510 1129 2539 virum
1143 2510 1250 2540 fidelem
1258 2512 1336 2550 juxta
1350 2511 1431 2541 istum
1444 2511 1575 2541 mundum
1589 2512 1734 2550 viventem,
1750 2513 1780 2543 id

1038 2557 1088 2584 est,
1104 2550 1131 2578 in
1143 2550 1247 2579 actibus
1259 2550 1328 2590 ejus,
1339 2550 1472 2590 justitiam
1485 2551 1682 2581 immaculatam
1697 2563 1780 2591 usque

1038 2589 1065 2617 in
1078 2590 1157 2618 finem
1168 2600 1284 2619 servare.
1294 2591 1323 2620 Si
1334 2591 1377 2620 vis
1388 2601 1451 2630 ergo
1461 2591 1563 2621 fructus
1571 2592 1682 2631 justitiae
1695 2603 1780 2631 usque

1040 2629 1066 2657 in
1089 2629 1169 2658 finem
1195 2637 1293 2667 tencre,
1312 2631 1403 2660 recede
1430 2630 1464 2661 dc
1484 2631 1537 2668 via,
1560 2638 1586 2660 ct
1609 2632 1728 2672 plantare
1751 2632 1778 2661 in

1900 1689 1904 1702 Ι

1897 1795 1904 1833 Ξ

1896 1855 1904 1892 ,ἦ
