1890 2826
586 180 744 206 &moesis
770 180 956 205 SCRIPTURAE
981 181 1106 205 sACRAE.

271 297 455 322 ΙΛΕΥΠῚΚΟΝ,
474 297 580 317 BIBAION
599 289 630 322 γ’.

108 377 245 408 Λευιτικὸν
259 378 379 406 καλεῖται
388 375 504 409 τοῦτοτὸ
519 374 630 416 βιὸλίον,
646 373 736 410 ἐπειδὴ
752 374 841 406 wudz:

66 429 157 454 πᾶσαν
178 425 227 459 τῆς
244 434 274 452 τε
287 424 430 458 Λευιτικῖς
441 421 605 462 λειτουργίας
616 420 664 457 τὴν
680 419 840 449 διατύπωσιν

1569 171 1636 217 587

1064 299 1226 326 LElecus,
1242 299 1324 318 umzn
1338 298 1469 318 Tzn'rlus.

933 373 1070 404 Leviticus
1081 382 1192 405 vocatur
1202 374 1248 404 hic
1261 374 1343 411 liber,
1357 373 1422 413 quia
1434 372 1544 413 proprie
1555 379 1581 402 et
1593 383 1640 413 pe-

892 420 1030 450 culiariter
1048 428 1131 451 totam
1142 421 1256 452 Levitici
1270 420 1411 451 ministerii
1424 420 1541 451 sormam
1552 420 1639 449 conti-

68 469 188 510 περιέχει
197 492 206 506 ,
225 468 270 498 καὶ
284 470 341 502 πῶς
353 467 452 508 Ἀαρὼν
466 467 511 497 καὶ
522 468 547 496 οἱ
556 467 608 496 υἱοὶ
622 468 701 497 αὐτοῦ
721 464 842 505 ἐκλέγον-
858 465 876 488 B
893 474 947 505 net,
959 474 986 497 et
996 478 1049 506 quo
1059 475 1136 508 pacto
1148 469 1234 497 Aaron
1248 474 1274 497 et
1285 467 1337 497 filii
1347 466 1405 506 ejus
1414 477 1449 496 ex
1457 465 1529 496 tribu
1537 465 1605 496 Levi
1613 465 1640 494 in

69 528 115 545 ται
125 517 156 546 ἐκ
168 517 216 551 τῆς
229 516 311 555 φυλῆς
325 514 404 551 Λευὶ,
418 514 463 543 καὶ
477 512 597 554 χρίονται
616 514 652 546 εἷς
674 513 759 552 ἱερέας
768 532 776 544 .
789 516 841 541 πᾶ-

68 563 119 592 σάν
141 574 170 591 τε
189 561 238 598 τὴν
253 560 378 601 διαφορὰν
397 562 450 590 τῶν
465 561 570 589 θυσιῶν·
591 559 637 589 καὶ
650 558 699 594 τὴν
713 557 842 594 ποιότητα

69 613 158 638 πᾶσαν
179 610 227 644 τῆς
241 608 267 636 ἐν
280 609 318 646 τῷ
339 608 401 647 ἱερῷ
423 605 546 646 λατρείας
568 604 613 634 καὶ
633 605 768 644 ἱερατικῆς
790 604 843 632 λει-

69 653 202 694 τουργίας.
216 655 354 693 Διηγεῖται
374 652 420 682 καὶ
439 652 484 681 τὸν
501 651 580 691 νόμον
602 650 715 686 ἑκάστης
735 648 842 685 θυσίας,

69 700 132 740 περί
145 712 174 729 τε
187 702 234 730 τοῦ
248 698 378 739 σωτηρίου
393 698 438 728 καὶ
451 700 497 727 τοῦ
512 696 630 727 ἑκουσίου
650 695 696 725 καὶ
718 695 842 725 ἀκουσίου

70 745 301 785 πλημμελήματος
313 767 322 782 ,
336 744 381 774 καὶ
394 745 451 777 πῶς
472 743 576 783 ἑκάστῳ
589 744 642 771 τῶν
658 741 843 782 προσφερομέ-

70 804 122 822 νων
142 793 298 831 διαιρεῑσθαι
317 790 362 820 καὶ
387 789 561 830 ἀναφέρεσθαι
581 787 680 829 ὀφείλει
704 788 841 827 διηγεῖται.

70 837 151 868 Ἔστι
165 837 192 868 δὲ
203 838 230 867 ἐν
243 837 328 877 τούτῳ
347 838 384 877 τῷ
397 836 492 876 βιὸλίῳ
506 837 523 871 ἡ
536 839 623 875 χρῖσις
636 837 682 864 τοῦ
697 833 841 874 ἀρχιερέως

71 885 118 914 καὶ
135 886 188 913 τῶν
201 883 303 924 ἱερέων,
327 883 400 918 καὶὴ
414 882 542 922 διάκρισις
563 881 608 911 καὶ
630 882 647 916 ἡ
671 882 767 920 γνῶσις
788 881 842 909 τῶν

892 513 1042 543 sacerdotes
1053 513 1129 543 electi
1141 514 1234 552 utique
1245 513 1353 549 suerint,
1365 520 1391 542 et
1403 511 1539 552 quidquid
1548 511 1641 541 discri-

893 559 974 588 minis
994 566 1033 588 est
1054 559 1122 588 inter
1138 559 1270 589 sacrificia
1283 566 1310 588 et
1330 558 1488 594 oblationes,
1504 565 1530 587 et
1552 557 1641 596 qualis

892 605 928 634 sit
942 605 1085 634 universus
1098 615 1236 634 sacrorum
1247 604 1347 641 cultus,
1362 603 1577 643 sacerdotaleque
1591 603 1642 632 mi-

892 651 1044 684 nisterium.
1058 650 1164 681 Deinde
1178 651 1308 691 cujusque
1321 650 1445 680 sa<rificii
1457 650 1544 690 legem
1556 660 1641 689 expo-

892 697 932 727 nit
938 710 947 736 ς
961 705 1018 727 tum
1031 698 1090 738 ejus
1102 697 1176 737 quod
1190 708 1239 738 pro
1254 697 1350 734 salute,
1363 704 1419 726 tum
1433 697 1492 736 ejus
1505 695 1578 735 quod
1591 706 1641 736 pro

892 743 1002 781 delicto,
1023 745 1081 775 sive
1099 750 1244 784 spontaneo
1263 742 1320 773 sive
1339 742 1533 779 involuntario,
1548 749 1574 771 et
1588 752 1642 780 quo

891 797 970 830 pacto
987 789 1094 829 singula
1113 788 1261 819 dividenda
1274 789 1328 818 sint
1341 795 1366 819 et
1384 788 1530 818 referenda.
1550 789 1641 818 Enar-

893 843 968 866 ratur
982 836 1062 865 etiam
1079 835 1107 864 in
1126 835 1177 865 hoc
1190 835 1261 865 libro
1281 835 1379 865 summi
1402 834 1556 871 sacerdotis,
1571 834 1640 864 alio-

892 893 1006 921 rumque
1020 880 1188 911 sacerdotum
1203 881 1293 911 unctio
1310 893 1317 909 :
1332 880 1367 909 ad
1380 881 1448 917 haec,
1466 880 1601 920 judicium
1615 886 1641 909 et

72 930 201 969 σημείων,
223 929 286 970 *περὶ
307 928 406 968 λέπρας
428 927 572 968 ἀνθρώπων
594 926 640 956 καὶ
665 925 778 965 ἱματίων
797 925 843 955 καὶ
858 928 876 952 C
891 927 1009 966 cognitio
1022 926 1197 963 indiciorum,
1212 927 1312 965 quibus
1325 933 1379 955 tam
1388 926 1540 962 hominum,
1557 936 1638 964 quam

70 975 161 1015 τοίχου
175 976 260 1009 οἰκίας
271 996 279 1010 ,
290 975 335 1004 καὶ
350 977 364 1004 ὁ
374 974 452 1014 νόμος
465 976 479 1003 ὃ
493 973 554 1014 περὶ
567 976 732 1013 καθαρισμοῦ
747 973 843 1001 αὐτῶν.

72 1021 161 1060 Νόμος
171 1033 201 1050 τε
214 1020 260 1050 καὶ
273 1020 398 1056 διαστολὴ
412 1019 474 1059 περὶ
486 1020 602 1058 νομικῶν
622 1018 725 1057 γάμων,
739 1017 784 1047 καὶ
800 1017 843 1047 τί-

71 1079 113 1100 νες
122 1067 173 1096 εἶσὶ
186 1067 344 1107 παράνομοι.
357 1066 411 1095 Καὶ
428 1065 508 1094 πάλιν
526 1064 650 1100 διαστολὴ
664 1066 786 1103 καθαρῶν
798 1063 843 1092 καὶ

72 1115 228 1153 ἀκαθάρτων
242 1115 344 1148 κτηνῶν
356 1112 401 1142 καὶ
415 1113 541 1141 πετεινῶν
555 1110 600 1140 καὶ
621 1109 717 1150 ἰχθύων
731 1109 776 1139 καὶ
798 1112 844 1150 ἑρ-

72 1160 171 1194 πετῶν,
190 1159 236 1188 καὶ
250 1158 328 1187 τίνων
344 1157 391 1197 μὲν
406 1159 437 1186 ἐκ
450 1156 548 1186 τούτων
572 1155 749 1195 ἀπογεύεσθαι
773 1155 844 1195 ὀφεί-

72 1207 162 1235 λουσιν
176 1204 312 1244 Ἑὸραῖοι,
326 1203 403 1233 τίνων
416 1203 443 1232 δὲ
455 1202 602 1243 ἀπέχεσθαι
615 1201 844 1242 προσετάχθησαν.

73 1250 127 1280 Καὶ
140 1250 188 1286 τὴν
202 1250 250 1289 μὲν
262 1249 362 1290 ἡμέραν
377 1251 429 1278 τῶν
444 1249 597 1288 σαλπίγγων
619 1250 652 1287 τῇ
675 1247 800 1287 νεομηνία
811 1250 844 1287 τῇ

73 1296 173 1336 ἑὸδόμῃ
189 1296 270 1335 μηνὸς
283 1297 370 1332 δηλοῖ·
384 1295 415 1325 τὸ
428 1294 456 1324 δὲ
476 1294 654 1335 παράγγελμα
666 1294 714 1328 τῆς
728 1293 846 1332 μεγάλης

73 1342 209 1379 νηστείας,
232 1342 266 1371 ἶν’
287 1343 314 1371 ἐν
334 1343 407 1382 αὐτῷ
429 1343 468 1381 τῷ
482 1339 587 1379 ἑὸδόμῳ
608 1339 671 1379 μηνὶ
686 1338 784 1379 δεκάτῃ
798 1341 844 1368 τοῦ

74 1388 156 1427 μηνὸς
169 1389 265 1418 ποιῶσι
277 1387 386 1423 ταύτην,
399 1387 492 1423 ἥντινα
505 1385 628 1416 σάὸὅατα
644 1385 787 1415 σαὸὅάτων
800 1384 845 1414 καὶ

73 1433 164 1473 ἄφεσιν
188 1434 318 1475 ἁμαρτίας
340 1435 425 1463 καλεῖ.
447 1431 574 1473 Περιέχει
594 1431 642 1467 τὴν
663 1430 846 1470 σκηνοπηγίαν
861 1435 880 1458 D

73 1483 107 1520 τῇ
120 1480 151 1510 ιέ.
169 1483 215 1510 τοῦ
230 1482 309 1510 αὐτοῦ
322 1480 414 1520 μηνός.
429 1479 483 1510 Καὶ
497 1479 559 1519 περὶ
572 1479 679 1518 ἑορτῶν,
693 1478 739 1507 καὶ
753 1481 805 1507 τῶν
818 1479 845 1507 ἐν

75 1527 166 1560 αὐταῖς
186 1527 341 1567 ὀφειλόντων
355 1525 558 1567 προσφέρεσθαι.
577 1524 630 1554 Καὶ
653 1524 714 1564 περὶ
728 1523 846 1564 ἀφέσεως

74 1573 128 1600 τῶν
137 1573 359 1612 πιπρασκομένων
370 1571 515 1612 Ἑὸραίων,
530 1570 575 1600 καὶ
585 1572 671 1610 χρεῶν
686 1571 824 1605 ἀποκοπῆς
834 1592 843 1606 ,

75 1617 121 1646 καὶ
133 1618 195 1658 περὶ
205 1618 375 1651 ἀναπαύσεως
384 1620 432 1653 τῆς
442 1619 492 1657 γῆς
505 1616 574 1646 κατὰ
585 1616 617 1650 ζ’.
628 1615 676 1651 ἔτι]
690 1615 846 1655 ὀφειλούσης

74 1663 202 1702 γίνεσθαι.
223 1663 373 1704 Ἐξηγεῖται
397 1663 477 1692 πάλιν
499 1674 528 1692 τε
551 1661 700 1700 ὑπόμνησιν
726 1660 845 1699 νομίμων

74 1709 120 1739 καὶ
148 1710 359 1750 προσταγμάτων
386 1709 431 1739 καὶ
456 1710 618 1749 μαρτυριῶν.
645 1706 773 1747 Περιέχει
799 1708 844 1736 καὶ

75 1756 232 1796 ἐπαγγελίας
245 1756 293 1795 μὲν
304 1760 358 1789 τοῖς
369 1755 546 1796 φυλάσσουσιν
561 1753 657 1789 αὐτὴν,
681 1752 791 1786 ἀπειλὰς
815 1752 842 1782 δὲ

74 1806 128 1835 τοῖς
144 1801 338 1842 παραὸαίνουσι
360 1797 518 1834 δεινοτάτας.
532 1799 591 1836 Τὴν
603 1799 631 1829 δὲ
646 1798 786 1834 διαστολὴν
800 1798 845 1828 καὶ

74 1848 123 1884 τὴν
144 1848 231 1878 αἰτίαν
246 1850 298 1877 τῶν
317 1849 439 1887 καθαρῶν
459 1846 505 1877 καὶ
527 1845 682 1886 ἀκαθάρτων
697 1844 844 1885 βρωμάτιον

75 1894 144 1923 οὕτω
156 1899 282 1923 ποιεῖται.
304 1893 357 1923 Καὶ
376 1893 411 1922 τὰ
431 1892 479 1931 μὲν
500 1892 552 1921 ἀπὸ
574 1893 677 1928 κτηνῶν
696 1890 798 1930 καθαρὰ
811 1890 845 1919 τὰ
861 1891 879 1914 Ε

75 1942 185 1970 τοιαῦτα
193 1940 282 1980 λέγει,
291 1940 325 1969 τὰ
334 1940 494 1980 διχηλοῦντα
504 1937 587 1974 ὁπλὴν
603 1937 648 1967 καὶ
661 1938 786 1977 ὄνυχιστῆ
791 1948 845 1977 ρας,

76 1986 229 2026 ὀνυχίζοντα
254 1986 299 2016 δύο
322 1987 423 2027 χηλῶν,
449 1984 494 2015 καὶ
509 1984 640 2024 ἀνάγοντα
664 1996 700 2022 μη
705 1983 831 2023 ρυκισμόν
839 1995 845 2002 -

79 2028 122 2061 οἷά
137 2033 194 2062 ἐστι
208 2032 306 2072 μόσχος
315 2031 479 2072 ,ῗπρόὸατοῃ
500 2030 540 2065 αἲξ
552 2051 560 2066 ,
573 2030 685 2071 ἔλαφος,
700 2029 845 2070 βούὸαλος,

78 2078 186 2118 δορκὰς,
210 2078 285 2119 ὄρυξ,
307 2077 452 2118 πύγαργος,
476 2077 657 2117 τραγέλαφος,
671 2076 846 2116 καμηλοπάρ-

79 2125 152 2158 δαλις
163 2145 173 2159 ,
187 2124 232 2154 καὶ
247 2125 281 2154 τὰ
295 2127 413 2154 τοιαῦτα.
424 2125 459 2154 Ei
473 2123 502 2153 δέ
514 2135 573 2153 τινα
584 2122 637 2152 ἀπὸ
648 2122 748 2151 τούτων
763 2122 847 2151 ἐνέλι-

78 2182 126 2207 πε,
143 2170 290 2210 ἀκάθαρτόν
303 2171 374 2200 ἐστιν
383 2182 390 2189 ·
404 2166 446 2199 οἶά
459 2171 530 2200 ἐστιν
543 2171 557 2198 ὁ
571 2169 690 2208 κάμηλος
710 2168 755 2197 καὶ
770 2170 784 2197 ὃ
798 2169 847 2197 δα-

79 2216 177 2249 σύπους
196 2215 241 2245 καὶ
261 2218 275 2245 ὁ
292 2215 495 2256 χοιρόγρυλλος·
516 2218 601 2244 ταῦτα
627 2214 678 2254 γὰρ
694 2219 847 2254 μηρυκᾶται

81 2262 138 2300 μὲν,
152 2263 182 2291 οὗ
196 2263 299 2302 διχηλεῖ
314 2261 341 2291 δὲ
352 2261 436 2298 ὁπλήν
447 2273 454 2281 ·
468 2261 513 2291 καὶ
523 2263 537 2290 ὁ
546 2257 576 2295 ὗς
586 2273 592 2279 ·
614 2261 658 2291 καὶ
672 2256 746 2294 οὗτος
759 2261 839 2300 διχη-

77 2308 118 2337 λεῖ
133 2308 180 2347 μὲν
194 2309 239 2338 καὶ
251 2307 382 2348 ὀνυχίζει,
401 2309 430 2338 οὗ
445 2312 597 2347 μηρυκᾶται
611 2307 650 2337 δέ.
674 2307 738 2337 Ἀπὸ
751 2306 780 2336 δὲ
793 2308 846 2335 τῶν

891 973 1120 1009 indumentorum,
1135 972 1321 1012 parietumque
1340 971 1484 1001 domorum
1497 971 1572 1011 lepra
1590 970 1640 1000 dc·
1656 1000 1658 1002 .

891 1019 1022 1060 prehendi
1040 1019 1132 1059 possit,
1153 1026 1180 1048 et
1196 1018 1244 1057 qui
1267 1019 1302 1048 sit
1322 1029 1416 1047 eorum
1443 1017 1640 1058 expiandorum

891 1066 970 1095 ritus.
989 1067 1118 1095 Praeterea
1132 1076 1192 1104 quae
1210 1065 1245 1094 sit
1262 1065 1308 1094 lex
1330 1072 1356 1094 et
1378 1064 1515 1094 distinctio
1536 1074 1642 1093 connu-

891 1112 1001 1141 biorum
1021 1112 1215 1151 legitimorum,
1237 1117 1262 1140 et
1279 1121 1402 1150 quaenam
1423 1121 1473 1150 pro
1491 1109 1642 1150 illegitimis

891 1157 944 1187 sint
956 1157 1089 1187 habenda.
1105 1159 1172 1188 Item
1184 1156 1252 1196 quid
1262 1156 1427 1186 discriminis
1437 1156 1472 1186 sit
1481 1156 1549 1185 inter
1561 1166 1641 1185 mun-

892 1204 927 1234 da
941 1213 967 1235 et
982 1196 1121 1233 immunda
1141 1203 1279 1239 animalia,
1294 1202 1416 1241 interque
1429 1202 1552 1232 volucres
1566 1208 1592 1230 ct
1601 1201 1643 1242 pi-

892 1262 949 1281 sces
970 1262 1001 1280 ac
1023 1250 1131 1290 reptilia
1154 1247 1275 1289 cujusvis
1296 1249 1409 1289 generis,
1431 1255 1458 1277 et
1479 1248 1642 1287 quibusnam

892 1297 975 1334 vesci,
987 1308 1001 1326 a
1014 1297 1173 1336 quibusnam
1184 1295 1316 1324 abstinere
1329 1293 1443 1323 debeant
1454 1294 1572 1323 Hebraei.
1587 1294 1642 1323 De-

894 1343 976 1373 clarat
985 1343 1065 1373 etiam
1074 1342 1122 1382 qui
1146 1342 1180 1372 sit
1187 1342 1315 1371 tubarum
1323 1340 1416 1370 diesin
1425 1339 1562 1369 neomenia
1573 1350 1643 1369 men-

894 1391 931 1420 sis
953 1389 1060 1430 septimi
1083 1401 1090 1417 :
1113 1387 1203 1428 magni
1223 1397 1330 1426 quoque
1347 1386 1444 1427 jejunii
1465 1393 1640 1426 praeceptum,

895 1436 969 1476 quod
982 1436 1075 1466 eodem
1090 1435 1202 1476 septimo
1215 1444 1316 1471 mense,
1331 1433 1434 1462 decima
1447 1432 1545 1462 mensis
1558 1440 1644 1462 custo-

894 1482 1025 1512 diendum
1038 1482 1083 1518 sit,
1099 1492 1180 1520 quam
1193 1480 1304 1509 sabbata
1317 1479 1490 1508 sabbatorum
1503 1485 1529 1508 et
1542 1478 1643 1519 peccati

895 1529 1078 1558 remissionem
1098 1534 1186 1558 vocat.
1209 1527 1319 1556 Festum
1341 1525 1421 1555 etiam
1442 1525 1644 1555 Tabernaculo-

895 1586 957 1604 rum
970 1574 1074 1604 decima
1093 1574 1187 1613 quinta
1200 1572 1321 1613 ejusdem
1335 1572 1433 1601 mensis
1452 1571 1582 1601 celebrari
1592 1571 1642 1611 ju—

893 1622 949 1651 bet.
965 1621 1029 1661 Agit
1042 1631 1149 1660 quoque
1163 1620 1197 1650 de
1214 1619 1298 1654 festis,
1312 1625 1337 1648 et
1348 1629 1407 1657 quae
1421 1618 1514 1647 inillis
1527 1618 1643 1647 offeren-

894 1668 929 1697 da
943 1668 997 1697 sint
1009 1667 1216 1707 praecipit.1tem
1233 1665 1267 1694 de
1278 1663 1499 1693 manumittendis
1514 1663 1645 1699 Hebraeis,

894 1714 942 1754 qui
961 1715 989 1743 in
1005 1713 1163 1742 servitutem
1180 1711 1284 1741 venditi
1304 1717 1377 1745 sunt,
1394 1716 1420 1738 et
1433 1709 1466 1739 de
1488 1709 1644 1740 debitorum

894 1759 1050 1790 remissione
1066 1770 1073 1787 :
1086 1758 1120 1787 de
1133 1757 1222 1796 quiete
1236 1756 1349 1796 septimo
1363 1765 1469 1794 quoque
1481 1765 1553 1784 anno
1567 1762 1643 1785 terrae

894 1805 1073 1837 concedenda.
1088 1804 1130 1834 Ad
1145 1804 1199 1833 haec
1210 1803 1244 1832 de
1256 1802 1389 1842 legalibus
1407 1802 1547 1842 praeceptis
1560 1812 1591 1831 ac
1603 1809 1644 1831 te-

894 1850 1027 1882 stimoniis
1047 1850 1182 1880 admonet.
1199 1851 1283 1879 Porro
1305 1847 1475 1877 servantibus
1498 1847 1559 1885 illa,
1573 1848 1645 1877 bona

894 1898 1037 1938 pollicetur
1043 1908 1052 1934 ς
1063 1894 1319 1935 transgredientibus
1329 1903 1394 1923 vero
1407 1892 1564 1933 gravissima
1573 1893 1645 1923 mala
1680 1902 1682 1906 ·

895 1944 1023 1974 minatur.
1038 1943 1110 1973 Inter
1123 1943 1197 1972 cibos
1211 1947 1300 1971 autem
1317 1938 1433 1968 mundos
1448 1945 1474 1968 et
1489 1938 1645 1969 immundos

894 1989 1094 2020 distinctionem
1106 1986 1263 2028 hujusmodi
1276 1985 1362 2026 ponit.
1376 1986 1408 2014 In
1421 1985 1510 2015 brutis
1523 1986 1644 2015 animan—

895 2037 969 2066 tibus
989 2035 1048 2065 haec
1062 2034 1162 2064 munda
1178 2033 1246 2063 dicit
1263 2042 1330 2068 esse,
1353 2041 1412 2069 quae
1425 2031 1555 2071 ungulam
1568 2031 1645 2062 divi-

896 2082 975 2119 dunt,
990 2088 1016 2112 et
1037 2081 1155 2122 geminas
1175 2079 1290 2120 ungulas
1306 2077 1417 2114 hahent,
1432 2089 1463 2107 ac
1482 2078 1640 2108 ruminatio—

896 2139 957 2158 nem
976 2134 1116 2168 regerunt;
1138 2127 1228 2166 qualia
1249 2132 1311 2155 sunt
1330 2124 1446 2161 vitulus,
1465 2125 1536 2162 ovis,
1551 2135 1643 2165 capra,

897 2185 1004 2212 cervus,
1016 2173 1143 2211 bubalus,
1155 2182 1261 2213 caprea,
1274 2182 1355 2212 oryx,
1367 2181 1512 2212 pygargus,
1526 2171 1645 2210 tragela-

896 2220 980 2260 phus,
1005 2218 1236 2260 camelopardalis,
1259 2224 1285 2247 et
1301 2217 1411 2247 similia.
1433 2216 1464 2247 Si
1483 2226 1547 2247 vero
1561 2216 1643 2255 quid-

896 2266 971 2306 piam
991 2276 1084 2295 eorum
1103 2264 1232 2300 defuerit,
1255 2273 1305 2303 pro
1324 2262 1466 2292 immundo
1484 2262 1641 2299 habebitur,

853 2335 889 2356 ³³1
898 2318 928 2341 ut
945 2318 1008 2341 sunt
1021 2310 1149 2348 camelus,
1164 2310 1253 2349 lepus,
1268 2308 1465 2348 choerogryllus
1481 2320 1488 2336 ε
1504 2307 1560 2335 haec
1573 2308 1643 2336 enim

78 2362 213 2396 πετεινῶν,
237 2359 255 2389 ἃ
274 2359 376 2389 κελεύει
396 2359 432 2398 μὴ
455 2358 559 2395 ἐσθίειν,
583 2358 668 2388 ταῦτά
692 2360 779 2388 ἔστιν·
801 2357 846 2387 τὸν
862 2366 882 2388 Α
896 2357 1033 2387 ruminant
1052 2356 1173 2396 quidem,
1188 2354 1235 2385 sed
1253 2354 1383 2394 ungulam
1404 2363 1457 2384 non
1476 2351 1595 2382 findunt:
1616 2358 1642 2381 et

118 2471 129 2483 ι
146 2464 206 2489 Haec
215 2469 267 2489 tota
280 2464 386 2489 Levitici
396 2463 516 2497 Synopsis
533 2462 688 2488 desideratur
704 2463 730 2488 in
745 2462 839 2488 Codice
886 2462 1024 2496 Athanasii,
1037 2471 1063 2495 p.
1076 2463 1134 2494 433,
1146 2470 1223 2495 usque
1241 2460 1275 2486 ad
1289 2460 1341 2485 haec
1359 2458 1435 2485 verba
1450 2461 1488 2484 καὶ
1502 2460 1553 2492 περὶ
1572 2459 1645 2483 αὐτῶν

81 2503 243 2535 Coisliniano,
255 2502 300 2528 sed
312 2502 418 2528 habetur
433 2503 461 2528 iu
471 2502 631 2536 Lugdunensi
646 2502 774 2528 Batavico.
784 2502 839 2527 Ma·
886 2506 1048 2536 ιμνημόνιυσιν
1058 2506 1081 2528 ἐν
1092 2509 1125 2535 τῷ
1136 2504 1309 2535 Δευτιρονομίῳ.
1321 2500 1358 2524 Ea
1366 2497 1398 2523 de
1413 2505 1439 2522 re
1452 2496 1533 2529 agitur
1549 2495 1575 2520 in
1584 2495 1641 2520 Dia-

81 2545 150 2569 xima
161 2551 221 2568 vero
239 2551 296 2575 pars
313 2543 364 2576 ejus
380 2541 468 2568 endem
483 2543 536 2574 ipsa
550 2547 599 2574 est,
616 2550 671 2574 φη
686 2542 712 2567 in
730 2542 838 2576 Syuopsi
886 2542 952 2568 triba
964 2548 1022 2568 unte
1031 2542 1157 2576 Synopsin
1169 2541 1259 2573 posita.

82 2583 210 2609 Athanasii
222 2584 324 2608 nomine
340 2591 355 2607 a
372 2582 444 2608 uobis
460 2581 528 2607 alim
543 2587 580 2607 est
590 2582 673 2607 Tomo
683 2582 710 2607 11
726 2582 835 2614 Operum
