1904 2840
640 180 672 202 IN
700 179 891 203 MATTHAEUM
897 194 905 202 .

934 180 1052 204 qutL.
1082 181 1228 205 xxxvm.

1608 174 1679 223 899

143 241 292 273 substantia
303 239 510 280 negotiatorum,
524 239 592 270 dum
603 240 717 277 vadunt,
732 247 758 270 et
770 241 881 270 veniunt
899 244 917 267 Α
936 241 1056 272 homines
1081 242 1286 282 intelliguntur:
1302 243 1367 282 quia
1388 243 1456 274 sicut
1479 254 1577 275 numus
1598 246 1680 277 habet

142 281 368 312 interemtionem
386 287 413 310 et
432 279 625 316 venditionem,
650 279 792 316 minuitur,
807 286 833 309 ct
852 280 881 309 in

142 321 288 351 novissimo
301 319 372 349 nihil
388 319 444 349 illis
459 325 588 356 remanet,
610 319 664 348 nisi
681 319 770 348 solum
783 329 879 358 pecca-

141 368 211 390 tum.
239 361 311 404 Ergo
337 359 446 389 ostende
467 358 546 388 nobis
568 358 630 397 quis
653 365 692 387 est
715 358 881 398 negotiator?

141 410 232 430 omnes
245 410 316 429 emm
329 398 451 429 homines
469 397 596 428 videntur
608 398 795 437 negotiatores.
810 398 881 427 Ecce

141 439 188 479 qui
207 446 275 475 arat,
290 449 349 469 com
369 445 427 468 arat
438 439 532 474 boves,
553 442 604 467 'ut
617 438 705 482 spicas
722 437 821 467 vendat
830 448 840 475 ;
855 444 882 467 et

141 479 189 518 qui
201 485 328 518 operatur
357 479 461 517 ignum,
474 484 612 517 comparat
625 478 740 516 lignum,
757 484 786 506 ut
806 483 882 506 uten-

141 518 201 548 silia
214 518 331 555 vendam
343 525 370 547 et
380 517 555 547 linteonarius
568 524 703 556 comparat
714 516 879 553 linteamina,

142 565 172 587 ut
186 558 284 588 vendat
296 565 322 587 et
332 557 469 587 ostendat:
487 563 513 586 et
527 557 667 586 foenerator
677 562 782 586 mutuat
796 566 880 594 pecu-

141 598 225 634 niam,
245 604 274 627 ut
294 597 372 627 tollat
385 608 491 626 usuras.
509 597 544 626 Et
557 595 691 635 quomodo
711 594 815 634 antiqui
829 595 882 624 Ju-

141 636 192 666 daei
207 644 233 667 et
246 637 360 677 apostoli
373 637 486 666 artificia
499 635 697 665 laudaverunt?
711 634 783 671 Quia
794 634 880 673 magis

141 684 204 707 sunt
218 679 276 706 sine
294 683 413 717 peccato.
431 677 507 706 Sicut
519 682 548 707 et,
558 674 659 705 Paulus
675 674 726 704 fuit
740 680 815 703 sutor
835 680 880 703 ta-

35 730 42 736 ·
59 713 83 737 3·
94 713 131 745 ¹4·
142 716 360 752 hernaculorum,
381 723 408 745 et
430 716 487 755 ipse
508 713 628 751 mandat,
645 713 753 743 dicens:
772 713 881 743 Curent

143 762 172 785 et
186 757 278 786 nostri
297 757 381 785 bonis
404 756 534 800 operibus
555 763 686 793 proeesse.
710 753 746 783 Et
766 752 880 792 apostoli

142 795 264 834 quidam,
285 795 355 825 sicut
374 795 500 834 legimus,
519 793 662 834 piscatores
682 792 798 836 fuerunt.
821 793 879 832 Ego

142 834 279 865 ostendam
290 835 401 874 quinon
411 841 451 864 est
462 833 619 879 negotiator,
631 839 660 861 ut
673 842 720 870 qul
730 831 879 861 secundum

143 875 264 914 regulam
276 875 353 904 istam
363 884 417 903 non
434 874 533 903 fuerint
551 871 686 911 intelligas
698 881 789 900 omnes
800 881 879 910 nego-

142 914 250 944 tiatores
269 913 381 944 esse:id
397 920 447 950 est,
471 912 633 952 quicumque
652 921 709 940 rem
730 918 877 950 comparat,

17 951 130 977 humanae
141 963 194 982 non
209 961 239 983 ut
249 954 336 994 ipsam
349 964 407 982 rem
421 953 551 992 integram
562 958 587 981 et
600 951 622 989 †
631 951 797 980 immutatam
813 961 878 980 ven·

140 991 196 1029 dat,
205 992 253 1023 sed
266 999 294 1023 ut
306 1003 374 1038 opus
386 993 466 1022 saciat
478 1002 513 1021 ex
525 1002 566 1027 ea,
579 991 625 1020 ille
637 1001 689 1019 nou
702 996 742 1019 est
755 990 877 1030 negotia—

138 1039 198 1062 tor:
210 1033 275 1071 quia
287 1043 335 1071 qui
349 1032 488 1062 materiam
501 1029 630 1071 operandi
653 1030 705 1059 sibi
728 1037 875 1069 comparat,

138 1071 211 1102 unde
225 1072 304 1102 faciat
317 1083 397 1112 opus,
410 1071 457 1100 ille
469 1080 523 1100 non
539 1080 596 1099 rem
609 1069 696 1108 ipsam
710 1068 814 1105 vendit,
829 1069 877 1098 sed

137 1112 224 1151 magis
235 1111 380 1141 artificium
401 1121 492 1147 suum,
510 1109 542 1138 id
563 1116 612 1146 est,
627 1109 676 1147 qui
695 1119 752 1138 rem
771 1108 874 1145 vendit,

137 1152 216 1191 cujus
229 1151 368 1180 aestimatio
381 1161 434 1180 non
447 1157 486 1179 est
497 1150 524 1178 in
538 1159 568 1178 ea
582 1149 639 1188 ipsa
653 1159 693 1184 rc,
709 1147 756 1177 sed
771 1148 799 1177 in
812 1149 877 1178 arti-

137 1190 199 1220 ficio
210 1191 310 1231 operis,
325 1191 372 1220 illa
389 1200 441 1220 non
465 1196 504 1219 est
523 1189 668 1218 mercatio:
683 1194 788 1227 utputa,
804 1188 877 1217 faber

136 1237 273 1270 comparat
284 1230 392 1265 ferrum,
401 1236 427 1259 et
439 1229 502 1258 facit
514 1229 702 1257 ferramentum
714 1238 723 1265 ;
737 1227 785 1256 sed
797 1228 876 1257 ferra-

137 1277 257 1299 mentum
278 1269 348 1299 illud
370 1279 422 1298 non
442 1275 546 1298 tantum
564 1267 646 1297 habet
666 1267 730 1296 ferri
746 1274 877 1305 quantum

136 1309 217 1346 valet,
229 1309 278 1338 sed
290 1308 438 1338 secundum
450 1319 518 1348 opus
531 1307 684 1337 ferramenti
697 1306 874 1346 appretiatur.

137 1350 191 1386 Qui
206 1356 294 1378 autem
309 1355 447 1388 comparat
467 1358 534 1384 rem,
558 1353 588 1376 ut
601 1347 677 1375 illam
698 1346 707 1374 i
728 1357 785 1375 sam
806 1347 874 1376 inte-

935 280 1078 320 charagma
1088 283 1211 316 Caesaris,
1227 283 1264 312 sic
1278 283 1358 313 homo
1370 283 1450 314 habet
1461 284 1603 324 charagma
1614 286 1676 316 Dei.

936 320 972 349 Et
990 320 1219 358 quemadmodum
1239 322 1354 360 solidus,
1379 323 1426 362 qui
1445 334 1498 354 non
1511 324 1592 355 habet
1610 325 1678 355 cha-

936 369 1026 398 ragma
1041 361 1163 397 Caesaris,
1187 362 1317 401 reprobus
1334 370 1391 392 est:
1407 363 1444 393 ita
1465 370 1491 393 et
1512 364 1604 402 homo,
1628 366 1676 404 qui

935 408 988 427 non
1004 398 1119 428 ostendit
1136 400 1164 429 iu
1181 411 1208 429 se
1229 401 1372 440 imaginem
1386 403 1448 439 Dei,
1461 404 1591 443 reprobus
1605 405 1676 434 aesti-

935 445 1034 467 matur.
1049 439 1129 468 Unde
1148 439 1240 469 Esaias
1259 440 1364 470 dicebat
1377 441 1411 470 ad
1430 443 1580 472 Jerusalem
1594 456 1601 473 ε
1615 445 1675 473 Pe·
1685 454 1776 477 Esam.
1786 460 1824 476 22.

935 480 1023 506 cunia
1046 484 1098 507 tua
1116 481 1237 518 reproba
1258 486 1312 516 est,
1328 491 1472 520 caupones
1490 485 1533 511 tui
1555 486 1677 515 miscent

933 519 1036 546 vinum
1051 528 1141 556 aqua,
1157 525 1182 547 et
1191 525 1295 548 caetera.
1311 520 1375 549 Ideo
1385 531 1447 560 ergo
1457 532 1560 551 mensas
1574 533 1676 553 numu-

933 556 1063 585 lariorum
1077 558 1182 594 evertit‚
1202 558 1354 597 significans
1370 560 1434 598 quia
1457 561 1483 589 in
1504 562 1604 601 templo
1624 563 1675 593 Dei

934 606 987 624 non
999 595 1096 625 debent
1108 607 1164 626 esse
1175 598 1260 632 numi,
1274 598 1328 626 nisi
1341 599 1505 638 spirituales,
1520 600 1549 629 id
1562 608 1611 637 est,
1627 603 1675 641 qui

934 635 984 664 Dei
998 635 1141 674 imaginem
1161 637 1275 665 habent:
1292 644 1318 666 et
1337 648 1389 666 non
1411 638 1454 667 illi
1472 640 1558 675 numi,
1578 640 1608 670 id
1624 649 1678 677 est,

933 684 987 703 non
1001 675 1044 703 illi
1055 675 1188 711 homines,
1202 676 1250 714 qui
1261 677 1359 705 terreni
1373 678 1443 716 regis
1454 678 1595 718 imaginem
1608 691 1674 720 por-

933 720 1000 750 tant,
1016 714 1045 743 id
1057 720 1106 750 est,
1122 714 1235 744 diaboli.
1247 717 1315 745 Nam
1329 717 1398 745 sicut
1410 717 1489 746 homo
1503 718 1590 748 bonus
1607 722 1636 749 in
1646 731 1675 750 se

932 753 1076 793 imaginem
1094 754 1146 783 Dei
1168 755 1295 791 ostendit,
1311 755 1350 785 sic
1363 763 1389 785 et
1402 756 1483 786 homo
1497 757 1584 787 malus
1603 759 1674 788 ima-

931 793 1021 861 ἕίηειῃ
1029 793 1132 822 diaboli
1142 794 1231 823 habet.
1245 797 1299 824 Aut
1307 802 1376 824 certe
1385 806 1488 826 mensas
1499 797 1675 837 spiritualiter

897 841 915 864 B

951 832 997 862 icit
1005 833 1150 877 scripturas
1158 834 1385 872 numulariorum,
1398 835 1426 864 id
1434 842 1483 873 est,
1493 837 1672 868 sacerdotum.

932 873 1004 902 Vere
1021 883 1093 902 enim
1112 873 1281 903 sacerdotum
1293 874 1404 904 illorum
1423 876 1562 915 scripturae
1575 887 1674 907 eversae

930 918 1004 948 sunt,
1021 919 1050 941 ut
1059 913 1115 951 jam
1130 922 1207 941 nemo
1221 923 1313 942 eorum
1327 922 1450 953 pascatur
1470 916 1497 944 in
1510 915 1559 953 eis,
1581 927 1674 946 succe·

930 950 1009 981 dente
1033 953 1111 982 Novo
1137 952 1305 982 Testamento
1330 954 1425 993 priori.
1452 956 1495 984 Et
1518 956 1672 986 cathedras

930 992 1123 1020 vendentium
1133 991 1283 1021 columbas
1302 995 1403 1023 evertit
1415 1006 1425 1022 .-
1438 993 1549 1033 loquens
1557 996 1606 1024 etsi
1619 1006 1673 1026 non

930 1040 1060 1067 sermone,
1076 1037 1164 1060 tamen
1180 1031 1240 1071 ipso
1258 1032 1342 1061 facto:
1357 1033 1431 1069 Quid
1453 1034 1554 1063 faciunt
1568 1034 1594 1063 in
1609 1042 1672 1065 tem-

929 1070 976 1108 plo
987 1070 1079 1099 multae
1092 1070 1223 1100 columbae
1234 1071 1351 1108 venales,
1364 1083 1398 1102 ex
1411 1083 1464 1111 quo
1482 1083 1533 1102 una
1547 1074 1672 1105 columba

929 1109 1045 1148 gratuita
1059 1109 1196 1139 descendit
1217 1110 1245 1139 in
1263 1111 1395 1150 templum
1413 1123 1459 1141 cor
1478 1112 1532 1142 oris
1546 1114 1621 1143 mei?
1642 1114 1672 1144 id

929 1155 977 1184 est,
1002 1149 1120 1188 Spiritus
1140 1157 1246 1179 sanctus
1267 1151 1382 1190 replevit
1405 1152 1459 1181 Ecc
1471 1152 1552 1181 esiam
1573 1163 1669 1183 meam.

929 1189 989 1217 Non
1009 1189 1080 1218 enim
1098 1189 1125 1217 in
1142 1189 1274 1218 sacrificio
1296 1190 1483 1220 columbarum
1500 1192 1671 1231 postmodum

928 1228 1092 1267 placiturum
1106 1235 1144 1257 est
1161 1230 1217 1258 Dco
1233 1229 1373 1268 templum,
1387 1230 1415 1260 id
1429 1238 1468 1260 est
1480 1231 1610 1267 Ecclesia,
1623 1233 1671 1262 sed

927 1268 955 1296 in
966 1267 1070 1307 Spiritu
1079 1274 1179 1297 sancto.
1192 1268 1257 1298 Dixi
1267 1269 1339 1298 enim
1348 1270 1425 1299 vobis
1436 1281 1484 1309 per
1493 1271 1668 1310 prophetam:

927 1307 997 1336 Non
1019 1308 1159 1346 accipiam
1177 1308 1213 1336 de
1226 1308 1311 1337 domo
1327 1313 1378 1338 tua
1391 1310 1514 1346 vitulos,
1528 1321 1622 1350 neque
1634 1312 1671 1340 de
1682 1322 1819 1352 Psal.49.9.

926 1348 1060 1386 gregibus
1073 1348 1130 1376 tuis
1142 1347 1246 1382 hircos,
1257 1350 1396 1387 quoniam
1410 1359 1480 1378 meoe
1493 1356 1562 1379 sunt
1572 1360 1671 1380 omnes
1680 1360 1724 1375 —1
1733 1360 1752 1375 ¹·

135 1399 210 1428 gram
223 1395 250 1418 et
265 1389 432 1417 immutatam
445 1386 535 1417 dando
548 1386 676 1421 lucretur,
695 1357 741 1414 ilie
751 1392 791 1415 est
803 1397 874 1415 mer-
919 1386 998 1425 feroe
1008 1386 1174 1432 sylvarum,
1185 1388 1320 1426 jumenta
1331 1390 1364 1416 in
1375 1390 1519 1418 montibus
1530 1396 1558 1418 et
1570 1391 1670 1427 boves,-

134 1435 220 1464 cator,
244 1428 292 1467 qui
309 1427 344 1456 de
363 1427 466 1467 templo
486 1425 536 1456 Dei
556 1425 673 1465 ejicitur.
696 1423 777 1455 Unde
794 1436 875 1470 super
892 1436 911 1460 c
927 1427 1048 1465 cognovi
1071 1436 1171 1454 omma
1197 1426 1335 1456 volatilia
1355 1428 1429 1457 coeli.
1454 1429 1580 1458 Immola
1606 1431 1819 1472 Deolbis1.v.14.

133 1478 226 1497 omnoe
244 1473 401 1496 mercatores
422 1466 485 1507 plus
498 1465 655 1495 maledictus
670 1471 709 1493 est
726 1474 873 1495 usurarius.

133 1507 164 1537 si
178 1507 249 1537 enim
259 1506 306 1545 qui
321 1517 378 1536 rem
386 1512 566 1545 comparatam
577 1504 680 1540 vendit,
696 1511 825 1533 mercator
835 1512 876 1534 est

133 1554 160 1576 et
173 1545 330 1576 maledictus
341 1557 348 1574 τ
364 1552 463 1583 quanto
475 1544 560 1582 magis
573 1543 732 1573 maledictus
750 1543 812 1579 erit,
826 1544 874 1581 qui

134 1596 188 1615 nou
208 1588 388 1624 comparatam
410 1582 562 1624 pecuniam,
584 1581 727 1612 sedaDeo
749 1582 873 1612 donatam

134 1625 187 1654 sibi
200 1624 247 1653 dat
259 1623 295 1653 ad
320 1622 450 1652 usuram?
461 1621 594 1657 Secundo,
608 1621 673 1660 quia
685 1629 815 1650 mercator
827 1620 876 1651 dat

134 1675 202 1701 rem,
218 1670 248 1693 ut
258 1664 314 1703 jam
328 1662 404 1692 illam
425 1672 479 1691 non
498 1667 599 1701 repetat
612 1660 680 1689 :iste
699 1666 789 1690 autem
819 1667 874 1690 ost-

133 1714 214 1742 quam
225 1703 405 1738 soeneraverit,
419 1708 446 1730 et
457 1711 506 1731 sua
518 1700 617 1730 iterum
628 1699 734 1739 repetit,
749 1706 774 1728 et
787 1710 802 1728 a
815 1699 873 1729 iena

134 1742 205 1773 tollit
219 1753 280 1772 cum
299 1741 367 1771 suis.
391 1740 490 1770 Adhuc
503 1739 569 1770 dicit
582 1739 681 1777 aliquis
694 1750 701 1768 z
715 1738 762 1776 qui
777 1749 873 1779 agrum

134 1783 214 1818 locat,
235 1788 265 1810 ut
286 1781 419 1826 agrariam
436 1780 558 1824 recipiat,
572 1785 619 1808 aut
631 1778 754 1823 domum,
768 1785 798 1807 ut
811 1789 873 1823 pen-

926 1465 1102 1503 sacrficium
1125 1465 1233 1501 laudis,
1255 1466 1317 1504 quia
1337 1477 1390 1496 non
1405 1467 1505 1497 hostias
1526 1469 1598 1504 volo,
1622 1469 1670 1499 sed

926 1504 1006 1533 corda
1019 1515 1026 1533 :
1040 1514 1092 1533 non
1109 1504 1248 1541 sacrificia,
1265 1505 1312 1534 sed
1332 1506 1424 1535 fidem.
1439 1508 1505 1536 Item
1519 1507 1578 1536 dixi
1591 1509 1670 1539 vobis

926 1553 974 1589 per
988 1543 1112 1572 eumdem
1126 1544 1300 1582 prophetam:
1318 1546 1349 1573 A
1342 1546 1440 1586 ffel-te
1463 1546 1589 1575 Domino
1601 1549 1668 1587 glo·
1679 1558 1746 1580 Psal.
1755 1559 1820 1584 284.

925 1592 999 1610 riam
1013 1589 1042 1610 et
1050 1583 1200 1611 honorem.
1215 1583 1251 1611 Et
1261 1583 1284 1612 si
1295 1594 1357 1613 vere
1370 1584 1454 1614 vultis
1465 1584 1492 1613 in
1504 1586 1604 1630 templo
1617 1588 1668 1617 Dei

925 1621 1078 1657 consistere,
1093 1621 1179 1650 tollite
1194 1622 1304 1659 hostias,
1321 1630 1347 1652 et
1367 1625 1406 1652 sic
1425 1624 1533 1653 introite
1552 1635 1580 1654 m
1599 1627 1668 1656 atria

925 1660 983 1699 ejus
997 1667 1096 1690 sancta.
1115 1660 1215 1690 Tollite
1237 1667 1328 1691 tauros
1341 1662 1375 1692 de
1394 1663 1505 1703 templo,
1520 1663 1583 1702 quia
1598 1676 1667 1696 unus

925 1706 1019 1729 taurus
1033 1706 1072 1729 est
1086 1699 1237 1729 offerendus
1250 1712 1301 1740 pro
1315 1712 1395 1741 grege
1408 1704 1534 1732 universo
1547 1715 1553 1732 =
1565 1703 1600 1733 de
1612 1716 1667 1744 quo

925 1739 1008 1768 Jacob
1019 1738 1126 1770 dicebat
1134 1750 1259 1769 accusans
1269 1742 1386 1777 laevitas,
1395 1741 1424 1771 id
1436 1749 1484 1779 est,
1498 1743 1664 1774 sacerdotes:

930 1779 1008 1817 Quia
1029 1781 1060 1807 in
1088 1780 1134 1809 ira
1154 1789 1208 1808 sua
1228 1781 1393 1811 occiderunt
1412 1782 1570 1819 hominem,
1585 1790 1614 1814 et
1633 1786 1666 1813 in
1678 1790 1780 1820 θυμω.
1794 1789 1817 1813 6.

133 1822 220 1852 siones
233 1828 356 1860 recipiat,
370 1830 436 1849 num
454 1827 494 1849 est
507 1818 604 1848 similis
623 1828 647 1847 ei
670 1828 717 1856 qui
730 1828 871 1863 pecuniam
916 1819 1025 1859 furore
1051 1828 1104 1847 suo
1135 1818 1383 1850 subnervaverunt
1411 1827 1537 1851 taurum.
1565 1823 1665 1854 Tollite

77 1872 122 1889 cu
133 1861 179 1891 dat
191 1860 226 1890 ad
239 1870 349 1890 usuram
357 1859 371 1888 ἓ
382 1859 467 1889 Absit.
481 1859 602 1889 Primum
612 1857 733 1896 quidem,
745 1867 872 1896 quomam

131 1901 245 1941 pecunia
256 1910 308 1929 non
322 1899 357 1929 ad
369 1899 486 1937 aliquem
506 1908 584 1927 usum
596 1896 726 1936 disposita
734 1903 789 1941 est,
803 1897 872 1927 sicut

131 1951 205 1980 ager,
218 1939 261 1969 vel
273 1939 380 1975 domus,
396 1938 440 1968 sed
456 1938 491 1967 ad
505 1937 621 1978 pretium
634 1935 740 1965 emendi
755 1937 795 1966 vel
811 1947 871 1966 ven-

130 1979 224 2010 dendi.
235 1978 369 2015 Secundo,
384 1978 510 2017 quoniam
530 1976 577 2016 qui
598 1985 693 2019 agrum
707 1976 800 2012 habet,
813 1983 871 2005 arat

925 1868 989 1886 oves
1007 1857 1041 1886 de
1059 1858 1171 1897 templo,
1185 1860 1312 1897 quoniam
1327 1870 1395 1890 unus
1413 1870 1497 1899 agnus
1516 1862 1661 1893 occidetur.

925 1897 1060 1933 Quoniam
1074 1908 1137 1937 ergo
1146 1908 1194 1937 per
1204 1909 1253 1938 pro
1275 1899 1347 1928 betas
1361 1899 1535 1930 admonuerat
1547 1912 1603 1939 eos,
1617 1904 1665 1933 ubi

925 1936 1026 1966 hostias
1045 1936 1080 1965 de
1099 1939 1199 1976 templo
1211 1938 1336 1968 tolerent
1354 1940 1522 1976 animalium,
1541 1947 1566 1970 et
1584 1942 1664 1972 corda

924 1986 972 2005 sua
983 1976 1161 2006 contribulata
1174 1983 1200 2006 et
1211 1977 1352 2008 humiliata
1371 1980 1506 2017 offerrent,
1521 1980 1563 2009 illi
1574 1989 1665 2012 autem

130 2029 202 2055 eum,
217 2024 243 2048 et
254 2018 371 2047 fructum
393 2017 490 2057 accipit
510 2027 545 2046 ex
564 2027 612 2045 eo:
627 2015 750 2045 s1militer
771 2022 797 2045 et
821 2015 869 2054 qui
889 2022 908 2045 1)
924 2025 976 2044 non
987 2014 1185 2045 obaudierunt:
1202 2017 1275 2057 juste
1288 2028 1359 2048 nunc
1371 2026 1507 2057 tamquam
1519 2020 1602 2050 iratus
1616 2032 1663 2051 su-

129 2058 241 2088 domum
254 2057 344 2093 habet,
358 2067 437 2086 usum
456 2055 600 2086 mansionis
617 2055 689 2094 capit
701 2065 735 2084 ex
753 2065 791 2084 ea.
806 2055 870 2085 Ideo

128 2098 175 2137 qui
190 2098 259 2128 locat
271 2108 377 2136 agrum,
394 2096 437 2126 vel
452 2095 573 2130 domum,
583 2105 661 2131 usum
669 2094 736 2125 dare
749 2093 868 2131 videtur,

128 2144 155 2166 et
167 2137 307 2177 pecuniam
320 2136 375 2166 acci
412 2147 451 2172 re,
464 2142 490 2165 et
502 2133 700 2174 quodammodo
713 2134 788 2172 quasi
799 2145 870 2179 com—

127 2184 231 2206 mutare
255 2175 363 2205 videtur
378 2147 489 2205 Yiicrum
513 2185 575 2204 cum
596 2174 672 2203 lucro
694 2186 700 2202 :
728 2184 869 2213 pecuniam

126 2222 215 2245 autem
236 2216 259 2244 si
284 2215 427 2254 repositam
451 2215 480 2243 in
499 2214 605 2243 sacculo
624 2220 712 2242 teneas
733 2224 748 2241 a
771 2213 807 2242 ud
830 2220 867 2249 te,

126 2255 233 2284 nullum
247 2263 327 2283 usum
338 2253 411 2293 capis
423 2264 457 2282 ex
466 2264 507 2283 ea.
521 2253 623 2290 Tertio,
640 2262 702 2291 ager
715 2263 748 2282 ve
772 2251 868 2281 domus

127 2293 226 2323 utendo
237 2293 389 2323 veterascit:
406 2292 518 2332 pecunia
533 2299 620 2321 autem
634 2301 698 2321 cum
712 2291 792 2320 fuerit
805 2302 866 2320 mu—

126 2340 213 2370 tuata,
237 2342 285 2362 nec
307 2332 448 2367 minuitur,
464 2342 512 2361 nec
526 2331 674 2361 veterascit.
696 2331 738 2359 Et
752 2340 867 2359 mensas

128 2373 359 2403 numulariorum
379 2372 529 2401 subvertit.
551 2369 666 2400 Pecunia
691 2369 868 2409 spiritualiter

160 2471 171 2483 ¹
188 2463 256 2488 Ediu
273 2465 299 2489 in
314 2471 394 2497 marg.
409 2468 435 2487 ut
446 2467 542 2496 segetes
552 2461 656 2486 vendat·
665 2461 696 2486 V.
705 2461 737 2487 D.
752 2466 779 2485 ut
788 2463 883 2495 specier

125 2502 230 2527 vendat.

923 2065 972 2095 per
986 2055 1165 2085 inobedientia
1181 2066 1285 2093 eorum,
1300 2060 1311 2073 ⁸
1319 2058 1428 2098 propria
1440 2058 1539 2088 virtute
1552 2060 1663 2100 expellit

922 2105 977 2131 eos,
991 2093 1130 2125 ostendens
1141 2106 1189 2134 per
1199 2095 1266 2133 haec,
1279 2098 1406 2135 quoniam
1421 2098 1477 2138 ipse
1488 2105 1527 2128 est
1539 2100 1586 2138 qui
1599 2106 1663 2129 tunc

922 2144 971 2201 ger
981 2134 1126 2174 prophetas
1139 2135 1314 2166 admonuerat
1324 2148 1368 2167 eos
1382 2137 1416 2166 de
1427 2138 1522 2167 hostiis
1530 2139 1662 2179 expellen-

942 2174 975 2203 is.
992 2176 1038 2203 15.
1051 2174 1195 2213 Scriptum
1208 2182 1251 2204 est
1265 2178 1342 2206 enim
1355 2189 1363 2206 :
1379 2178 1493 2206 Domus
1514 2189 1589 2214 mea,
1610 2179 1661 2207 do·
1673 2186 1813 2215 asat.56.7.

923 2223 986 2242 mus
1007 2215 1146 2243 orationis
1167 2217 1331 2254 vocabitur,
1350 2226 1403 2246 vos
1431 2223 1528 2246 autem
1548 2218 1665 2256 fecistis

921 2252 1007 2281 illam
1024 2254 1194 2292 speluncam
1215 2255 1372 2285 latronum.
1394 2255 1560 2295 ¹’Templum
1573 2263 1662 2286 autem

922 2292 971 2320 Dei
989 2293 1143 2332 speluncam
1155 2294 1219 2324 facit
1233 2295 1379 2332 latronum,
1401 2295 1448 2334 qui
1468 2295 1544 2324 lucra
1561 2302 1662 2324 terrena

920 2337 946 2360 ct
958 2331 1064 2369 illicita,
1078 2342 1131 2362 non
1148 2334 1227 2363 etiam
1243 2335 1394 2374 spiritualia
1408 2335 1435 2362 in
1450 2334 1598 2363 animarum
1619 2344 1662 2363 sa-

919 2369 1003 2400 lutem
1017 2378 1141 2402 sectatur.
1160 2373 1309 2413 Cultusque
1319 2374 1456 2412 religionis
1468 2383 1499 2402 eo
1512 2372 1596 2402 modo
1607 2382 1661 2402 uon

940 2463 954 2483 b
970 2463 1040 2493 Hoee,
1050 2462 1180 2497 Templum
1191 2470 1272 2488 autem
1284 2464 1348 2494 Dei,
1358 2469 1383 2488 et
1393 2468 1482 2487 caetera
1493 2471 1548 2495 quo
1557 2471 1664 2496 sequun-

907 2507 956 2534 tur,
967 2510 1070 2535 quaeque
1086 2504 1202 2535 paginam
1221 2502 1349 2531 efficiunt,
1365 2500 1455 2526 desunt
1471 2502 1496 2526 in
1507 2500 1572 2526 Cod.
1585 2501 1615 2527 V.
1629 2503 1663 2529 D.

157 2548 168 2560 ⁸
185 2540 293 2574 Pmprz'a
305 2549 381 2566 manu
388 2539 497 2574 expellit
511 2547 552 2568 ea,
565 2539 601 2563 sic
610 2537 679 2565 Editi
689 2538 714 2565 in
726 2548 805 2575 marg.
818 2540 883 2567 Pm-
907 2548 984 2573 usque
995 2540 1028 2565 nd
1046 2541 1099 2566 hinc
1116 2539 1205 2572 verba,
1219 2541 1255 2566 Et
1271 2545 1427 2565 accesserunt
1442 2539 1478 2564 ad
1488 2548 1542 2564 eum
1561 2540 1625 2565 caeei
1640 2546 1666 2565 et

123 2580 180 2612 pria
192 2587 234 2604 eos
245 2581 338 2603 vir-tute
350 2579 487 2612 compellit,
497 2577 532 2603 sic
546 2578 574 2603 V.
586 2578 616 2603 D.

908 2579 995 2605 claudi
1002 2599 1008 2611 ,
1021 2585 1070 2604 etc.
