1904 2840
80 1776 134 1798 Aa.
147 1783 169 1806 7*
181 1775 219 1799 55.

234 197 303 242 774

233 275 329 298 vantur
350 266 490 296 caelestem.

231 317 327 346 aquam
339 305 457 335 carnales
468 311 494 333 et
506 303 557 332 filii
570 302 656 333 Adam
667 301 825 342 peccatoris,
834 299 972 330 confestim

231 347 265 375 de
277 357 345 385 aqua
359 343 505 374 ascendunt
517 354 530 373 s
551 342 671 372 irituales
683 341 735 371 filii
748 340 799 370 Dei
809 341 883 370 facti.
893 340 928 370 Et
939 349 972 368 ne

231 386 298 415 mihi
309 386 393 421 dicas,
406 383 468 422 quia
486 353 564 412 mul'ti
576 382 669 421 quales
688 381 795 425 fuerant
806 386 866 410 ante
879 378 971 424 bapti-

230 436 329 462 smum,
344 425 409 454 tales
435 429 591 463 permanent
615 428 673 462 post
701 423 876 461 baptismum,
889 426 971 448 ettam

229 465 277 504 qui
291 475 343 494 non
358 465 384 493 in
398 462 551 503 poenitentia
570 461 751 502 baptizantur,
762 469 810 489 nec
823 465 879 489 toto
891 457 972 488 eorde

229 505 357 545 poenitent
369 514 397 533 se
414 503 476 532 illos
490 503 571 531 fuisse
583 501 657 540 quod
670 501 794 536 fuerunt,
807 498 856 528 sed
871 504 971 528 retento

229 544 355 584 peccandi
364 542 502 583 proposito
510 541 689 582 baptizantur,
699 539 758 569 ideo
767 549 819 568 non
826 537 973 579 proficiunt

229 584 367 613 confestim
380 583 414 612 de
427 592 506 621 aqua.
521 582 551 612 Si
572 591 637 620 ergo
658 579 768 619 quidam
782 589 816 608 ex
829 589 876 608 sua
890 577 970 617 eulpa

230 634 281 652 non
306 623 452 663 proficiunt
477 621 622 661 baptizati,
635 619 700 659 quid
728 618 763 648 ad
787 616 971 658 baptismum?

229 663 286 693 Scri
309 670 368 692 tura
382 662 453 693 enim
466 660 500 690 ‹le
518 666 648 701 potestate
660 658 828 699 baptismatis
839 657 970 696 loquitur.

228 674 306 739 Quid
325 709 411 743 potest
424 701 464 731 eis
475 707 604 762 praestare
615 699 790 740 baptismum,
801 697 849 736 qui
863 696 972 735 indigne

228 743 327 772 suerint
340 741 482 782 baptizati.
503 742 557 769 Aut
570 746 640 769 certe
652 738 792 768 confestim
809 735 928 766 ascendit
939 736 973 765 de

228 793 243 810 a
264 793 313 818 ua,
335 782 462 811 festinans
484 779 519 810 ad
532 779 703 809 tentationem
717 785 807 807 contra
819 776 972 811 diabolum,

228 793 263 850 aii
290 821 459 851 liberandum
485 830 568 860 genus
598 819 757 848 humanum.
785 814 973 846 Misericordia

828 178 919 223 'OPUS
945 197 1181 221 lMPERFE-CTUM

510 263 567 301 Qui
590 262 662 292 enim
683 260 797 302 ingressi
816 261 921 290 fueraut
942 259 971 289 in
989 263 1010 285 A
1025 259 1113 299 posita
1137 258 1331 299 promittuntur
1347 259 1377 290 in
1400 259 1489 295 caelis,
1500 265 1562 290 ante
1574 259 1668 290 oculos
1679 259 1770 291 cordis

1026 300 1084 339 ejus
1096 299 1211 328 obturati
1224 306 1286 329 sunt
1298 299 1357 330 caeti
1369 312 1375 329 =
1389 299 1437 338 qui
1448 306 1537 330 autem
1546 299 1660 330 firmiter
1671 299 1768 337 credit,

1025 342 1037 355 ³
1047 345 1073 368 et
1085 338 1163 377 quasi
1184 338 1220 368 ad
1244 339 1316 369 illud
1340 339 1413 379 quod
1427 339 1500 370 videt
1511 339 1613 376 tendit,
1627 339 1670 368 illi
1683 340 1770 380 aperti

1028 385 1090 422 sunt
1102 378 1160 408 caeli
1175 390 1182 407 :
1198 385 1224 408 et
1244 389 1305 408 cum
1317 390 1430 420 corpore
1441 379 1478 408 sit
1489 379 1518 408 in
1531 386 1613 417 terra,
1628 379 1717 409 animo
1730 386 1770 409 est

1027 428 1055 446 m
1080 418 1155 463 caelo.
1180 418 1210 448 Si
1234 425 1327 449 autem
1351 425 1455 459 oportet
1477 419 1601 456 credere,
1619 419 1683 458 quia
1707 429 1770 448 vere

1027 464 1112 500 aperti
1135 464 1198 487 sunt
1212 458 1235 487 ei
1260 458 1332 495 caeli,
1345 459 1408 498 quia
1431 459 1500 488 forte
1523 465 1599 489 erant
1620 458 1770 488 invisibilia

1026 497 1149 542 quaedam
1175 498 1313 528 obstacula
1338 499 1430 544 prius,
1454 498 1555 537 quibus
1578 498 1770 530 obsistentibus

1025 547 1120 565 animae
1136 536 1322 568 defunctorum
1341 538 1451 569 introire
1465 548 1517 567 non
1531 544 1654 578 poterant
1665 538 1745 568 caelos
1760 549 1768 567 =

1026 586 1086 614 quae
1111 576 1231 607 homines
1256 588 1304 607 nec
1325 578 1414 608 clausa
1440 585 1552 617 possunt
1575 578 1706 619 aspinae,
1721 587 1770 607 nec

1026 622 1138 659 aperta:
1154 623 1240 646 tamen
1264 618 1322 647 sive
1344 618 1396 647 hoc
1421 615 1517 654 modo,
1533 618 1591 648 sive
1613 617 1667 647 alio
1688 617 1769 647 intel-

1027 655 1146 694 ligantur
1166 656 1225 685 caeli
1245 657 1347 697 aperti,
1362 657 1471 687 omniuo
1495 656 1533 687 sic
1557 664 1598 688 est
1620 657 1771 696 intelligen-

1027 694 1110 731 dum,
1137 695 1245 735 Aperli
1268 704 1337 726 sunt
1361 699 1388 726 ei
1416 696 1498 734 meli,
1522 696 1552 726 id
1577 703 1635 733 est,
1662 702 1773 736 propter

1028 744 1101 771 eum,
1117 735 1200 780 gratia
1225 737 1294 776 ejus.
1311 737 1405 777 Aper-ti
1431 743 1494 766 sunt
1517 743 1607 766 autem
1631 736 1772 773 caeli„non

1028 774 1128 819 solum¹
1141 785 1182 810 ei,
1208 776 1256 805 sed
1282 777 1408 806 omnibus
1435 782 1544 816 propter
1569 786 1644 806 eum.
1658 775 1718 806 Etsi
1742 775 1773 804 in

1028 813 1143 852 singulis
1168 815 1322 860 quibusque
1349 815 1564 856 generationibus
1587 822 1663 845 eraut
1685 814 1771 855 justi,

228 862 288 900 ejus
309 861 422 900 urgebat
441 869 511 890 oum.
527 859 605 889 Sicut
626 858 697 887 enim
709 857 768 886 dux
781 862 870 885 contra
879 862 976 895 tyran·
991 859 1010 883 B
1028 853 1128 891 quibus
1141 862 1318 894 aperirentur,
1331 862 1416 885 tamen
1430 855 1528 884 iterum
1541 855 1643 885 caeteris
1655 861 1775 895 peccato-

228 911 294 929 num
319 899 462 940 deputatus
475 899 509 927 ad
522 898 637 934 bellum,
651 907 715 926 mox
728 903 757 925 ut
769 896 877 934 signum
889 905 973 940 expe-

228 940 339 969 ditionis
362 946 388 969 et
409 937 580 979 profectionis
603 937 748 977 acceperit,
768 935 873 965 festinat
886 944 972 971 extre,

230 980 315 1009 sciens
328 979 392 1019 quia
415 978 526 1008 tarditas
547 978 606 1018 ejus
630 976 746 1016 perditio
768 982 806 1004 eat
829 974 974 1014 provinciae

230 1023 240 1055 (
253 1030 313 1048 nam
326 1027 456 1060 tyrannus
479 1017 566 1046 sciens
579 1015 710 1046 adversus
725 1026 752 1044 se
765 1014 914 1055 principem
925 1013 974 1043 de-

228 1066 352 1098 putatum
362 1081 369 1095 ,
389 1058 437 1087 etsi
462 1057 549 1086 lenius
575 1063 683 1085 acturus
710 1055 811 1090 suerat,
836 1052 973 1082 crudelius

229 1099 284 1137 agit
299 1101 318 1135 ),
331 1099 370 1128 sic
382 1104 408 1127 et
421 1097 557 1133 Christus,
572 1106 605 1125 ex
618 1105 671 1134 quo
684 1092 852 1140 baptismatis
866 1092 974 1131 signum

229 1139 346 1178 accepit,
371 1136 511 1166 festinabat
538 1135 658 1174 accipere
681 1134 814 1174 Spiritum
839 1138 971 1168 sanctum,

233 1178 310 1216 quasi
322 1188 395 1206 arma
409 1176 532 1211 caelestia,
547 1182 573 1204 et
585 1174 673 1209 exire,
686 1174 771 1203 sciens
784 1172 847 1211 quia
862 1171 973 1201 tarditas

229 1218 288 1256 ejus
309 1216 432 1245 interitus
444 1222 500 1244 erat
521 1213 626 1243 mundi.
641 1214 710 1242 Nam
728 1212 865 1247 diabolus,
880 1211 973 1241 audito

229 1255 303 1294 quod
326 1255 413 1284 Filius
434 1255 483 1284 Dei
510 1252 681 1282 descenderat
695 1252 721 1281 in
742 1252 814 1280 hunc
828 1250 971 1287 mundum,

229 1294 358 1324 adversus
379 1294 469 1333 ipsum
494 1292 678 1322 vehementius
696 1291 837 1320 festinabat
850 1290 972 1319 omnium

229 1334 370 1363 hominum
383 1332 464 1362 corda
485 1331 511 1360 in
528 1331 642 1371 peccatis
654 1337 681 1360 et
694 1329 850 1359 infidelitate
863 1329 973 1359 conclu-

229 1373 303 1410 dere,
315 1379 412 1413 putans
434 1382 463 1401 se
477 1378 579 1400 tantum
606 1380 683 1410 posse
708 1368 828 1408 perdere,
841 1375 971 1407 quantum

229 1423 282 1442 non
300 1419 388 1452 posset
408 1411 533 1441 Christus
553 1410 667 1439 salvare.
683 1410 724 1438 Et
745 1410 838 1447 aperti
858 1414 927 1437 sunt
945 1409 972 1436 ei

230 1453 303 1482 coeli.
319 1453 379 1481 Non
390 1458 468 1491 rupta
482 1457 521 1479 est
534 1449 558 1479 ei
574 1450 633 1490 ipsa
643 1454 763 1478 creatura
774 1448 911 1483 caelorum,
924 1447 971 1477 sed

229 1503 277 1532 per
289 1492 454 1531 baptismum
473 1490 546 1519 oculi
570 1499 663 1518 sensus
685 1487 742 1527 ejus
755 1486 840 1526 aperti
853 1493 926 1523 sunt,
942 1494 972 1516 ut

228 1531 337 1560 videant
350 1541 409 1569 quae
420 1536 483 1559 sunt
496 1539 577 1568 super
590 1528 679 1557 eaelos.
694 1527 725 1557 Si
738 1527 809 1556 enim
824 1527 882 1565 ipsa
894 1537 972 1556 crea-

229 1578 288 1600 tura
307 1577 386 1609 rupta
400 1570 508 1604 fuisset,
523 1578 576 1597 non
588 1566 718 1603 dixisset,
732 1567 773 1595 Εἰ
785 1567 878 1605 aperti
890 1572 969 1602 sunt,

229 1620 282 1639 non
297 1616 399 1639 tantum
420 1609 444 1637 ei
458 1607 542 1648 aperti
555 1607 667 1636 fuissent
683 1618 689 1634 :
708 1605 771 1645 quia
790 1604 863 1644 quod
877 1615 973 1645 corpo-

230 1649 321 1679 raliter
345 1648 483 1694 aperitur,
507 1646 631 1676 omnibus
658 1652 697 1675 est
721 1652 844 1690 apertum
867 1657 874 1673 z
898 1644 973 1684 quod

230 1696 317 1718 autem
333 1687 520 1728 spiritualiter,
535 1687 592 1715 illis
604 1685 669 1715 solis
681 1685 729 1724 qui
742 1684 932 1714 illuminantur
944 1685 972 1713 in

230 1729 333 1768 Spiritu
347 1734 437 1757 sancto
452 1740 458 1756 :
472 1727 541 1756 sicut
556 1725 706 1765 Stephanus
729 1725 848 1764 repletus
866 1724 972 1763 Spiritu

231 1775 320 1797 sancto
331 1768 437 1797 dicebat
453 1779 459 1795 :
475 1767 565 1795 Video
580 1766 666 1794 coelos
679 1770 804 1802 apertos,
821 1770 849 1792 et
864 1763 973 1793 Filium

232 1808 360 1836 hominis
370 1813 495 1836 stantem
507 1816 526 1834 a
537 1806 647 1834 dextris
657 1806 776 1833 virtutis
793 1804 859 1831 Dei.
867 1802 973 1833 Seddj-

231 1847 268 1875 cit
280 1847 388 1886 aliquis,
396 1845 469 1883 Quid
481 1844 639 1874 enimvante
652 1843 743 1873 oculos
751 1842 815 1873 Filii
828 1842 877 1872 Dei
887 1843 973 1872 clausi

230 1886 334 1915 fuerant
349 1886 417 1922 caeli,
430 1885 478 1924 qui
499 1886 580 1913 etiam
593 1884 622 1912 in
647 1890 716 1912 terra
732 1882 903 1918 constitutus,
916 1890 974 1912 erat

231 1926 258 1954 in
273 1926 357 1955 caeloi’
372 1925 402 1955 Si
423 1935 453 1954 ea
468 1934 527 1963 ‹111ae
551 1923 675 1963 superius
689 1922 770 1959 dixit,
784 1923 839 1952 Sic
852 1928 971 1961 oportet,

177 1969 183 1975 ¹
232 1975 284 1995 nos
297 1966 418 2004 implere
435 1973 548 1994 omnem
556 1964 713 2002 justitiam,
724 1962 792 1991 bene
804 1961 971 1998 intellexisti,

233 2015 285 2034 non
311 2004 419 2034 dubitas
445 2002 520 2041 quod
542 2001 688 2031 secundum
714 2001 872 2041 mysterium
888 1999 972 2041 aperti

232 2051 295 2074 sunt
308 2044 331 2073 ei
346 2044 414 2072 caeli.
424 2044 494 2073 Nam
506 2042 576 2071 sicut
589 2041 737 2071 secundum
749 2040 974 2081 dispensationem

233 2084 377 2113 humanam
395 2083 542 2122 baptizatus
555 2088 608 2117 est,
624 2081 772 2110 secundum
793 2087 915 2110 naturam
927 2090 974 2109 an-

233 2130 286 2152 tem
299 2122 421 2152 diviuam
433 2122 566 2162 baptismo
580 2131 632 2150 non
645 2120 738 2159 egebat
754 2133 760 2149 :
774 2120 814 2149 sic
825 2119 971 2149 secundum

232 2162 378 2191 humanam
390 2160 614 2201 dispensationem
634 2160 717 2199 aperti
731 2166 794 2189 sunt
804 2159 830 2189 ei
848 2159 917 2194 caeii,
932 2169 974 2188 se-

232 2201 352 2231 cundum
365 2208 487 2230 naturam
499 2206 587 2229 autem
606 2210 683 2228 suam
694 2206 750 2228 erat
762 2199 791 2228 in
802 2198 886 2228 caelis.
900 2199 974 2237 Ergo

233 2251 286 2270 non
300 2242 355 2270 Deo
367 2241 448 2280 aperti
463 2246 525 2269 sunt
536 2239 710 2279 positotextra
721 2248 838 2273 carnem,
849 2247 898 2267 nec
908 2244 974 2277 puto

234 2281 337 2309 homini
359 2287 433 2309 extra
457 2281 543 2309 Deum
560 2292 567 2308 ε
583 2278 630 2308 sed
642 2279 700 2307 Deo
724 2278 802 2317 quasi
814 2276 928 2313 homiui,
944 2285 974 2307 ut

233 2320 356 2359 exemplo
378 2320 436 2359 ejus
456 2319 638 2358 intelligamus
659 2319 722 2356 quia
744 2320 834 2347 omnes
853 2316 974 2346 homines

233 2360 308 2395 recti,
324 2360 371 2398 qui
383 2359 511 2398 baptizati
530 2358 663 2397 Spiritum
682 2362 836 2387 meruerunt
855 2355 909 2385 acci
947 2367 975 2386 re

233 2406 365 2435 sanctum,
380 2398 504 2427 similiter
523 2399 679 2437 aperiuntur
692 2397 730 2426 eis
749 2396 819 2432 aeti,
833 2402 860 2425 et
882 2366 974 2425 viggm

234 2449 264 2466 ea
278 2449 337 2476 quae
358 2444 421 2467 sunt
438 2438 465 2466 in
480 2438 544 2466 caelo
560 2449 567 2465 ε
582 2447 636 2466 non
659 2435 811 2465 carnalibus
835 2434 921 2464 oculis
934 2436 976 2464 vi-

235 2477 333 2513 dendo,
349 2477 394 2506 sed
407 2477 594 2517 spiritualibus
605 2475 670 2504 fidei
681 2474 824 2504 credenda.
837 2474 893 2511 Qui
902 2474 975 2504 enim

235 2526 286 2545 non
304 2517 389 2546 credit
402 2527 431 2545 ea
445 2527 504 2555 quae
517 2515 633 2556 gloriosa
645 2521 670 2543 et
683 2513 815 2543 terribilia
830 2524 846 2542 a
859 2515 915 2543 Deo
928 2525 974 2543 re-

267 2615 277 2626 2
294 2607 373 2631 Iidem
384 2613 407 2630 et
414 2607 449 2631 ad
459 2607 532 2638 illud,
542 2606 635 2631 omisso
644 2606 726 2639 quasi.

1028 892 1104 921 ribus
1127 893 1321 924 claudebantur
1337 907 1344 923 ε
1360 902 1386 925 et
1404 895 1498 924 nullus
1517 901 1619 935 poterat
1641 905 1697 924 esse
1718 901 1775 924 tam

1025 932 1126 977 justus,
1140 939 1170 962 ut
1183 933 1284 973 (lignus
1297 942 1364 964 esset
1376 934 1482 974 aperire
1494 942 1585 974 portas
1598 934 1726 964 caelorum
1738 933 1774 964 ad

1028 978 1169 1002 introitum
1199 973 1321 1003 omnium
1352 974 1502 1003 hominum.
1534 975 1678 1013 Postquam
1709 984 1775 1004 vero

1029 1017 1107 1040 natus
1133 1019 1173 1041 est
1198 1012 1335 1050 Christus,
1359 1013 1509 1052 baptizatus
1535 1019 1591 1049 est,
1619 1013 1774 1043 sanctifica-

1029 1056 1137 1087 tusest,
1151 1052 1236 1091 gratia
1251 1052 1328 1082 illius
1347 1053 1433 1082 solius
1448 1053 1534 1092 aperti
1547 1059 1610 1082 sunt
1631 1052 1700 1082 oeeli.
1716 1053 1772 1082 Ut-

1028 1097 1110 1158 ppta,
1134 1091 1157 1119 si
1183 1092 1218 1121 ab
1243 1092 1411 1132 Imperatore
1431 1098 1533 1130 quierat
1556 1092 1636 1122 homo
1659 1092 1772 1131 aliquod

1063 1130 1188 1160 aeficium
1207 1131 1348 1170 dignitatis
1369 1138 1396 1161 et
1415 1131 1473 1171 ipse
1485 1141 1538 1160 non
1556 1131 1636 1161 habet
1658 1138 1772 1162 tantume

1028 1169 1109 1198 modo
1126 1170 1254 1200 fiduciam
1270 1171 1395 1211 petendi,
1409 1181 1495 1210 neque
1514 1170 1661 1200 amicitiam
1683 1170 1774 1211 impe·-

1028 1209 1126 1246 trandi,
1140 1209 1216 1240 vadit
1234 1210 1270 1240 ad
1280 1211 1388 1240 fratrem
1399 1212 1440 1241 Im
1477 1210 1583 1246 tatoris,
1595 1217 1643 1239 aut
1653 1209 1688 1240 ad
1700 1211 1772 1241 ami-

1028 1258 1090 1292 cum
1103 1250 1283 1284 carissimum.
1299 1257 1330 1280 ut
1340 1251 1424 1280 intere
1475 1249 1530 1279 tad
1541 1249 1620 1280 illum
1635 1263 1644 1280 ε
1657 1250 1696 1280 sic
1705 1250 1773 1281 dicit

1027 1287 1070 1316 illi
1083 1289 1242 1356 lraperator,
1255 1291 1326 1320 Ecce
1338 1300 1386 1330 ego
1399 1290 1452 1319 hoe
1473 1289 1633 1319 beneficium
1655 1299 1708 1319 non
1728 1289 1773 1320 illi

1027 1326 1077 1371 do,
1091 1338 1104 1356 s
1159 1328 1225 1365 tibi,
1241 1329 1270 1358 id
1284 1336 1339 1365 est,
1353 1336 1463 1369 propter
1475 1335 1501 1358 te
1514 1329 1555 1359 illi
1569 1328 1606 1359 do
1619 1332 1629 1367 (
1643 1339 1704 1358 nam
1719 1339 1772 1359 non

1027 1366 1069 1394 illi
1093 1366 1223 1404 donatur,
1238 1369 1284 1397 cui
1297 1368 1401 1403 .datur,
1416 1368 1464 1398 sed
1489 1368 1532 1397 illi
1557 1375 1668 1408 propter
1711 1379 1772 1398 uem

1026 1404 1117 1442 datur)
1130 1418 1136 1433 :
1155 1406 1194 1435 sic
1205 1414 1231 1436 et
1244 1407 1289 1437 hic
1309 1407 1395 1437 dicit:
1412 1409 1453 1436 Εἰ
1466 1409 1559 1446 aperti
1573 1415 1643 1437 sunt
1653 1379 1728 1444 coe‘li,
1741 1407 1771 1437 id

998 1446 1006 1454 ’
1026 1451 1081 1480 est,
1098 1453 1207 1485 propter
1219 1456 1293 1491 'eum
1314 1447 1392 1476 nobis
1415 1446 1500 1487 aperti
1520 1454 1594 1476 suut.
1610 1447 1663 1478 Vis
1680 1454 1771 1477 autem

1027 1485 1164 1514 manifeste
1189 1496 1271 1521 scire,
1286 1487 1416 1525 quoniam
1435 1493 1496 1515 ante
1514 1486 1653 1516 Christum
1673 1486 1730 1515 eaeli
1746 1486 1771 1516 si

1026 1525 1228 1563 aperiebantur,
1253 1525 1350 1555 iterum
1375 1525 1582 1556 claudebantur.
1610 1527 1680 1556 Nam
1702 1526 1771 1565 justi

1026 1563 1137 1601 quidem
1166 1565 1275 1594 forsitan
1308 1565 1485 1595 ascendebant
1509 1565 1537 1595 in
1565 1565 1678 1603 eoelum,
1754 1582 1770 1587 -

1027 1609 1128 1647 catores
1159 1611 1248 1633 autem
1277 1615 1454 1644 nequaquam.
1484 1604 1549 1634 Ideo
1574 1611 1665 1634 autem
1690 1576 1770 1642 ‘gii’

1026 1641 1153 1688 forsitan,
1166 1653 1200 1673 ne
1215 1644 1378 1683 quibusdam
1398 1644 1500 1684 placeat
1519 1644 1599 1674 etiam
1613 1651 1674 1674 ante
1684 1643 1771 1674 chri-

1028 1689 1067 1726 sti·
1088 1682 1234 1712 adventum
1258 1683 1395 1723 justorum
1420 1684 1523 1714 animas
1548 1683 1689 1714 ascendere
1717 1694 1771 1724 po-

1028 1727 1111 1766 tuisse
1136 1722 1165 1752 in
1190 1723 1294 1752 caelum.
1309 1723 1419 1763 Alioqui
1446 1723 1550 1753 nullam
1573 1723 1689 1752 animam
1710 1730 1771 1753 ante

1027 1761 1166 1791 Christum
1192 1763 1309 1792 arbitror
1332 1763 1483 1793 ascendisse
1496 1763 1524 1792 in
1538 1763 1644 1799 cadum,
1659 1773 1695 1792 ex
1716 1773 1771 1802 quo

1028 1802 1149 1845 peccavit
1163 1801 1260 1838 Adam,
1274 1809 1299 1832 et
1312 1803 1397 1832 clausi
1410 1810 1473 1832 sunt
1485 1803 1510 1832 ei
1523 1802 1582 1832 caeli
1596 1815 1602 1831 :
1618 1801 1666 1832 sed
1678 1813 1770 1832 omnes

1027 1849 1055 1868 in
1070 1840 1174 1884 inferno
1186 1841 1315 1879 detentas,
1330 1849 1439 1883 propter
1455 1853 1521 1882 quas
1540 1842 1621 1872 etiam
1634 1840 1771 1872 descendit

1027 1879 1062 1907 ad
1076 1880 1184 1916 inferos,
1194 1881 1264 1911 sieut
1276 1882 1334 1921 ipse
1346 1889 1458 1912 testatur
1471 1883 1500 1912 in
1513 1882 1648 1922 Sapientia
1660 1881 1768 1911 dicens:

1028 1919 1213 1949 Descendunt
1232 1922 1273 1950 ad
1285 1922 1438 1962 inferiores
1449 1928 1547 1962 partes
1567 1928 1661 1956 terrm,
1674 1927 1703 1950 ee
1716 1923 1768 1950 vi-
1777 1929 1872 1952 ecclia

1027 1960 1122 1987 sitabo
1136 1970 1235 1989 omnes
1259 1961 1447 1998 dormientes,
1462 1968 1491 1991 et
1510 1961 1686 1990 illuminabo
1709 1960 1818 2000 spe-4⁵·

1027 2004 1126 2027 rantes
1137 2000 1170 2026 in
1190 2000 1295 2029 Deum.
1312 2001 1406 2040 Aperti
1424 2008 1486 2030 sunt
1500 2001 1525 2030 ei
1539 2001 1609 2030 caeli.
1624 2000 1670 2030 Sic
1682 2001 1768 2040 aperti

1027 2044 1101 2074 sunt,
1110 2044 1139 2066 ut
1149 2049 1295 2077 numquam
1305 2040 1474 2070 claudantur.
1488 2041 1557 2070 Ecce
1566 2039 1700 2078 baptizato
1710 2039 1770 2078 qui·-

1028 2074 1089 2104 dem
1099 2077 1217 2113 Christo,
1226 2078 1311 2117 aperti
1320 2085 1383 2108 sunt
1391 2079 1415 2108 ei
1424 2086 1528 2109 tantum
1534 2090 1542 2116 ς
1556 2085 1696 2118 postquam
1705 2088 1768 2107 vero

1027 2121 1170 2160 tyrannum
1185 2117 1250 2147 vicit
1263 2128 1311 2157 per
1323 2128 1441 2151 crucem.
1450 2125 1477 2147 et
1490 2128 1630 2156 resurgens
1641 2118 1676 2147 ab
1687 2127 1770 2156 ange-

1027 2154 1062 2183 lis
1071 2157 1227 2195 portabatur
1235 2157 1263 2185 in
1273 2157 1508 2194 caelum„videntes
1517 2157 1606 2196 angeli
1616 2157 1756 2196 portitores

1028 2196 1092 2235 quia
1116 2196 1174 2225 caeli
1188 2196 1253 2242 ⁹jam
1280 2206 1427 2235 numquam
1451 2204 1525 2227 erant
1546 2196 1706 2232 claudendi,
1721 2178 1769 2226 sed

1029 2246 1120 2265 omnes
1128 2237 1195 2276 justi
1206 2242 1232 2265 et
1241 2243 1391 2276 peccatores
1404 2237 1504 2281 pariter
1513 2237 1646 2267 ascensuri
1657 2243 1732 2266 erant
1739 2237 1768 2266 iu
1777 2245 1836 2262 xuu

1028 2275 1136 2312 caelum,
1147 2283 1174 2305 et
1194 2275 1290 2305 staturi
1301 2283 1362 2305 ante
1382 2277 1502 2306 tribunal
1513 2276 1624 2312 Christi,
1638 2276 1701 2315 quia
1714 2285 1768 2305 non

1028 2322 1104 2344 erant
1111 2316 1263 2345 necessariae
1269 2322 1353 2355 portae
1363 2316 1433 2353 caeli,
1445 2316 1509 2345 eaelo
1520 2323 1609 2355 postea
1620 2325 1768 2354 numquam

1029 2354 1179 2385 claudendo
1194 2366 1201 2382 :
1223 2354 1282 2384 ideo
1291 2365 1344 2384 non
1356 2355 1460 2392 dicunt,
1468 2355 1576 2395 Aperite
1587 2362 1678 2394 portas
1689 2361 1716 2384 et
1727 2354 1769 2383 in-

1029 2394 1123 2424 troibit
1143 2405 1191 2424 rex
1209 2394 1317 2435 gloriae;
1329 2395 1386 2435 jam
1406 2395 1480 2424 enim
1498 2401 1573 2424 erant
1583 2393 1670 2434 aperti
1684 2406 1691 2422 :
1706 2393 1765 2430 sed,

1034 2434 1139 2464 Tollite
1146 2442 1257 2474 portas,
1268 2438 1425 2474 principes,
1437 2441 1562 2463 vestras.
1577 2435 1633 2462 Aut
1644 2433 1690 2463 ita.
1700 2433 1767 2463 Caeli
1776 2441 1886 2466 Prata&

1027 2481 1089 2504 sunt
1107 2474 1252 2514 Scripturas
1271 2474 1371 2504 divinae
1409 2473 1580 2513 rophetarum
1593 2479 1619 2502 et
1630 2472 1766 2512 apostolo·

1027 2524 1099 2551 rum,
1114 2513 1140 2542 in
1154 2514 1253 2553 quibus
1265 2513 1368 2543 habitat
1406 2523 1465 2550 eus,
1473 2512 1509 2542 de
1522 2513 1622 2552 quibus
1634 2512 1764 2552 scriptum

1898 1810 1904 1856 ἦ,

1873 1858 1904 1982 ’ἑ

1884 2102 1902 2165 i.

1887 2207 1900 2262 ,ἐ

1890 2442 1900 2481 ⁸ss
