1904 2840
217 196 290 243 954

217 270 263 299 dia
287 270 316 299 in
336 268 420 309 priori
438 266 565 303 adventu,

238 309 303 338 riori
327 308 455 343 adventu,
479 277 634 335 volentiius
659 304 787 345 apostolis
811 304 901 344 ignem
923 303 958 333 de

69 352 124 373 an.
137 347 207 379 9=55·
217 349 281 378 caelo
305 347 449 387 deponere,
474 345 545 375 dixit
557 345 703 375 :Nescitis
731 345 813 384 cujus
843 345 959 383 spiritus

68 381 106 405 ⁵6.
217 391 292 417 estis.
307 387 404 417 Filius
418 388 497 416 enim
509 386 634 416 hominis
648 395 706 414 non
723 385 807 413 venit
824 384 960 423 judicare

220 428 374 463 mundum,
396 427 448 456 sed
469 426 595 455 salvare.
619 426 659 454 De
678 423 796 454 secundo
809 430 899 454 autem
921 423 959 452 sic

69 473 154 495 Maeth.
175 472 209 495 ¹6-
218 467 286 497 dicit
298 479 304 496 :
319 467 398 496 Nam
410 467 506 496 Filius
516 466 643 494 hominis
653 465 752 493 veniet
763 465 795 492 in
807 465 960 502 majestate

69 511 107 535 ²7·
218 508 318 536 Patris
329 508 385 543 sui,
400 513 429 536 et
442 512 512 535 tunc
525 505 625 534 reddet
637 505 793 543 unicuique
801 502 959 532 secundum

218 557 305 586 opera
326 548 398 586 ejus.
420 547 463 575 Et
479 545 624 575 videbunt
637 544 749 573 Filium
763 543 889 572 hominis
901 553 960 571 ve-

220 589 344 615 nientem
369 588 401 614 in
422 586 547 615 nubibus
566 584 631 614 coeli
653 594 718 613 cum
732 585 843 612 virtute
855 589 884 612 et
896 582 960 622 glo-

218 628 264 655 ria
288 626 391 655 multa.
406 627 467 661 ffl.
489 626 530 654 Et
552 626 645 653 mittet
665 623 786 663 angelos
806 632 874 652 suos
893 633 959 651 cum

219 667 291 695 tuba
308 672 336 695 et
349 675 422 695 voce
436 674 555 704 magna,
569 670 597 693 et
618 664 835 703 congregabunt
853 662 960 691 electos

218 707 281 745 ejus
295 716 315 735 a
327 711 455 743 quatuor
469 706 575 733 ventis.
603 703 631 733 Si
652 702 761 742 quaudo
774 712 822 732 rex
839 708 959 731 terrenus

217 755 371 785 processum
391 745 508 784 aliquem
529 750 574 772 aut
593 742 791 782 expeditionem
809 740 917 771 mandat
931 742 958 771 in

217 785 332 825 populo,
355 784 499 824 dignitates
513 793 603 813 omnes
619 789 771 818 moventur,
787 788 814 811 et
826 781 960 811 exercitus

218 825 390 860 exercitatur,
421 830 475 853 tota
499 823 595 853 civitas
624 823 731 851 fervet:
751 828 851 860 quanto
874 821 959 860 magis

217 865 291 903 Rege
299 863 397 893 caelesti
407 869 565 903 exsurgente
571 862 694 903 judicare
704 861 781 891 vivos
792 867 817 890 et
828 867 958 896 mortuos,

217 904 330 933 virtutes
340 903 464 941 angelica‘.
478 901 699 932 commoventur?
714 900 860 930 Terribiles
879 901 959 929 mini-

217 943 264 972 stri
284 943 474 972 terribiliorem
491 942 638 972 Dominum
651 940 822 981 procedentes
834 952 842 970 ι
854 940 959 970 Cheru-

216 982 274 1011 bim
288 990 314 1012 et
324 983 467 1022 Seraphim
480 988 662 1027 praeparentur
680 980 714 1009 ad
726 980 815 1010 sedem
829 979 920 1016 unius,
934 987 960 1010 et

217 1022 383 1052 rationabilis
397 1022 512 1052 thronus
522 1031 612 1051 vwam
624 1020 780 1060 sapientiam
793 1026 957 1060 portaturus.

216 1063 272 1091 Nec
293 1062 364 1091 enim
388 1069 474 1102 potest
493 1072 549 1091 esse
570 1072 611 1090 res
632 1067 748 1096 mortua,
774 1070 834 1098 quae
856 1059 959 1099 bajulat

216 1102 309 1130 vitam.
329 1104 397 1131 Ante
417 1102 508 1142 ipsum
521 1111 571 1140 pro
591 1099 757 1130 candelabris
767 1099 876 1138 fulgura
894 1099 959 1129 viva

216 1141 377 1180 praecedent,
392 1148 418 1170 et
430 1152 480 1181 pro
490 1141 563 1170 tubis
576 1139 708 1169 horrenda
722 1139 847 1168 tonitrua.
861 1139 958 1175 Qualis

217 1191 276 1217 rex,
299 1181 361 1210 talis
382 1188 408 1210 et
429 1181 587 1220 praeparatio
602 1179 681 1219 regis.
699 1181 771 1210 Vere
792 1189 889 1218 magna
904 1189 958 1208 vox

215 1220 287 1249 tubae
310 1220 450 1256 terribilis,
469 1220 515 1250 cui
537 1220 626 1250 omnia
647 1218 797 1248 obaudiunt
818 1219 957 1256 elementa,

215 1270 274 1298 quae
288 1266 375 1299 petras
389 1259 498 1296 scindit,
514 1260 612 1289 inferos
626 1259 724 1299 aperit,
738 1258 875 1287 clausuras
889 1265 959 1288 tene-

214 1299 325 1328 brarum
345 1299 498 1338 pertransit,
520 1306 610 1338 portas
628 1308 709 1327 aereas
728 1297 850 1333 conterit,
870 1305 957 1328 vectes

215 1337 402 1368 adamantinos
420 1345 446 1367 et
459 1339 558 1367 feta-eos
570 1338 728 1376 confringet,
742 1336 852 1366 vincula
863 1338 957 1366 mortis

214 1378 364 1423 dirumpet,
380 1378 450 1407 etde
461 1377 594 1418 profundo
614 1377 704 1416 abyssi
715 1376 818 1405 animas
830 1376 957 1405 liberatas

214 1418 372 1457 corporibus
387 1418 443 1446 suis
461 1418 588 1456 assignat.
611 1418 673 1446 Haec
687 1416 777 1444 omnia
791 1415 870 1445 citius
891 1426 956 1445 con-

214 1464 300 1487 sumet
313 1457 341 1486 iu
353 1467 443 1496 opere,
458 1467 539 1495 quam
556 1456 651 1495 sagitta
668 1455 764 1484 transit
776 1455 804 1484 in
820 1465 891 1490 aere,
910 1455 955 1484 di·-

66 1517 86 1530 ..
102 1504 287 1532 cor-15‚cente
308 1497 428 1536 apostolo
439 1508 446 1526 ι
457 1499 495 1525 1η
510 1502 666 1532 momento,
688 1496 721 1523 in
741 1496 801 1523 ictu
814 1495 903 1530 oculi,
923 1497 956 1523 in

215 1538 372 1566 novissima
386 1538 464 1565 tuba.
494 1536 574 1565 Tuba
597 1537 675 1564 enim
700 1540 798 1571 canet,
810 1541 838 1563 et
849 1537 956 1564 mortui

214 1582 362 1616 resurgent
378 1576 547 1615 incorrupti.
571 1577 602 1604 In
625 1574 671 1604 illa
695 1584 761 1603 voce
783 1573 876 1614 pulvis
897 1575 954 1614 jam

211 1615 360 1645 dissolutus
373 1626 516 1655 corporum
528 1622 696 1644 mortuorum
709 1614 737 1642 in
751 1624 820 1643 nova
834 1614 954 1643 membra

211 1655 413 1695 constringitur.
430 1656 461 1684 In
475 1655 523 1684 illa
535 1665 601 1685 voce
614 1654 692 1693 quasi
712 1664 764 1683 una
783 1663 894 1693 persona
907 1654 955 1682 ob-

210 1696 291 1724 noxia
303 1702 389 1724 totum
403 1705 476 1724 mare
488 1694 644 1730 discutitur,
664 1700 694 1723 ut
708 1693 731 1722 si
753 1693 820 1732 quid
833 1693 907 1738 apud
924 1704 953 1723 se

211 1735 307 1764 retinet
328 1734 362 1764 de
381 1734 506 1764 humanis
527 1734 644 1770 ossibus,
667 1733 723 1762 sine
742 1732 952 1762 contradictione

210 1775 342 1804 restituat.
366 1775 400 1803 In
422 1774 468 1803 illa
481 1784 546 1804 voce
559 1785 575 1803 a
585 1780 701 1812 quatuor
721 1773 842 1813 partibus
856 1773 951 1802 mundi

209 1814 321 1854 spiritus
331 1820 522 1853 congregatur,
534 1813 581 1852 qui
595 1813 732 1842 resuscitet
742 1812 874 1852 populum
887 1812 952 1842 dor-

209 1855 343 1882 mientem.
361 1855 410 1883 52.
423 1853 455 1881 A
464 1853 531 1891 ficu
545 1859 643 1881 autem
656 1853 757 1881 discite
766 1853 948 1891 parabolam.

210 1894 300 1930 Quare
317 1903 370 1922 non
387 1903 421 1922 ex
440 1893 502 1921 aliis
515 1892 668 1927 arboribus,
684 1891 729 1921 sed
746 1892 836 1931 potius
849 1891 883 1921 de
897 1892 952 1922 sicu

209 1933 291 1962 sumit
304 1932 508 1962 similitudinem
521 1931 635 1961 aestatisi'
650 1931 720 1968 Quia
739 1938 880 1971 postquam
892 1932 952 1960 aliae

209 1972 316 2001 arbores
336 1982 448 2002 vernare
471 1971 616 2011 coeperint,
639 1971 790 2009 frequenter
813 1971 901 2000 evenit
922 1979 952 2001 ut

209 2011 335 2040 accedens
348 2011 432 2050 frigus
445 2010 573 2051 praecidat
586 2017 713 2046 aestatem,
729 2018 754 2039 ct
766 2010 862 2040 iterum
875 2011 950 2040 arbo-

209 2061 251 2080 res
278 2050 452 2080 indurescunt
465 2063 472 2079 z
491 2051 559 2079 ficus
585 2057 686 2087 autem,
712 2050 776 2088 quia
800 2061 866 2090 pene
891 2058 950 2095 post

208 2101 301 2119 omnes
321 2090 430 2119 arbores
444 2096 546 2126 vernat,
562 2089 673 2118 difficile
687 2097 746 2129 post
760 2090 843 2119 ficum
864 2090 949 2129 frigus

206 2130 360 2159 intervenit.
387 2129 452 2158 Ideo
473 2140 536 2168 crgo
556 2130 594 2158 sic
615 2136 766 2168 comparata
777 2136 815 2158 est
829 2130 950 2159 Ecclesia

206 2169 250 2199 illi
272 2168 396 2209 tempori,
419 2176 527 2209 propter
548 2168 753 2197 indubitabilem
775 2169 865 2198 saeculi
885 2170 948 2199 novi

206 2209 363 2238 adventum.
373 2209 430 2238 <Sed
442 2220 501 2248 quae
512 2215 551 2237 est
564 2208 613 2237 ista
627 2208 781 2237 assimilatio
794 2209 844 2244 rei,
859 2208 948 2238 videa-

206 2259 277 2278 mus.
301 2248 382 2278 Ficus
404 2248 476 2277 bono
496 2248 572 2277 verni
589 2249 717 2287 temporis
737 2254 945 2287 temperamento

205 2287 383 2318 mollescitad
396 2288 470 2322 folia,
487 2288 607 2317 Ecclesia
621 2294 710 2316 autem
721 2287 867 2317 miserabili
882 2299 944 2327 per-

204 2328 362 2367 sequutione
382 2327 482 2357 afflicta
502 2327 673 2368 compellitur
693 2326 728 2355 ad
747 2334 869 2356 mortem.
892 2328 947 2357 Sed

204 2368 337 2397 Dominus
361 2367 430 2396 hanc
455 2367 673 2396 assimilationem
701 2366 878 2406 jucunditatis
911 2378 945 2397 ex

203 2407 256 2437 ficu
269 2418 320 2437 non
332 2407 367 2436 ad
379 2407 553 2436 afflictionem
563 2406 728 2446 corporalem
738 2406 841 2443 retulit,
853 2406 899 2436 sed
910 2407 945 2436 ad

202 2447 369 2487 spiritualem
391 2447 540 2486 profectum
560 2447 722 2475 animarum.
746 2447 815 2475 Nam
836 2446 944 2484 quando

201 2487 317 2516 carnalia
332 2487 449 2515 hominis
462 2486 631 2526 affliguntur,
647 2493 710 2515 tune
723 2485 873 2525 spiritualia
886 2487 943 2526 ejus

55 2541 74 2557 t.
85 2537 162 2559 Thess.
170 2543 189 2559 ι,
201 2527 309 2562 florent,
317 2527 385 2556 sicut
391 2527 429 2555 ait
435 2526 571 2566 apostolus
579 2538 586 2554 z
595 2527 637 2555 Et
646 2536 699 2554 vos
708 2527 870 2564 suscepistis
878 2536 943 2554 ver-

50 2567 73 2589 6.
201 2568 267 2595 bum
288 2568 346 2596 Dei
365 2568 397 2596 in
415 2567 603 2605 tribulatione
617 2566 721 2602 multa,
745 2575 810 2594 cum
834 2566 942 2605 gaudio

199 2606 322 2645 Spiritus
337 2608 441 2636 sancti.
460 2606 535 2635 Sicut
549 2605 620 2635 enim
634 2604 737 2636 vernali
752 2605 817 2634 flatu
833 2605 941 2634 arbores

599 264 720 295 udicium
733 264 761 294 in
777 264 906 294 secundo.
926 265 957 294 In
976 268 995 290 A
1013 263 1140 294 laxantur
1153 263 1182 294 iu
1201 263 1265 294 folia
1278 270 1305 294 et
1314 264 1435 294 fructus:
1451 263 1490 293 sic

817 201 902 225 OPUS
927 201 1164 225 IMPERFECTUM

1537 262 1756 302 rsequutionihus

1013 304 1163 333 excitantur
1172 304 1268 336 animae
1276 303 1312 333 ad
1323 304 1462 334 virtutem.
1475 304 1489 333 1
1509 314 1541 333 eo
1552 310 1639 332 autem
1651 312 1756 342 semper

1013 343 1080 372 ficus
1095 343 1223 373 Ecclesia?
1230 343 1365 373 similatur
1376 355 1383 371 ι
1398 343 1462 382 quia
1476 343 1545 373 sicut
1558 342 1626 373 ficus
1638 343 1690 372 sub
1701 352 1756 371 uno

1013 382 1112 412 cortice
1126 383 1245 422 plurima
1258 393 1340 422 grana
1354 383 1426 413 intra
1439 382 1538 412 viscera
1551 382 1704 412 dulcedinis
1717 382 1755 411 in·
1775 399 1778 402 ·

1014 422 1088 451 clusa
1110 422 1332 461 constringitzsie
1353 421 1474 452 Ecclesia
1496 422 1547 451 sub
1565 433 1620 451 uuo
1641 432 1756 462 corpore

1014 462 1114 491 multos
1140 462 1307 492 Christianos
1333 462 1404 492 intra
1428 461 1532 492 viscera
1555 471 1613 491 suae
1637 462 1756 492 caritatis

1013 509 1185 541 congregatos
1201 502 1398 542 complectitur.
1418 500 1523 531 Deinde
1536 508 1563 531 et
1575 501 1628 531 alia
1641 501 1754 531 ratione.

1013 541 1110 571 Omnis
1122 541 1202 571 arbor
1221 551 1288 582 pene
1305 542 1333 571 in
1355 551 1409 571 uno
1421 548 1539 582 tempore
1551 541 1669 571 fructum
1685 551 1757 581 prae-

1013 581 1059 610 bet
1069 593 1077 610 :
1089 591 1149 611 nam
1161 581 1230 610 intra
1245 592 1345 621 paucos
1358 580 1417 612 dies
1429 587 1456 611 et
1467 588 1659 618 maturescunt,
1674 588 1701 611 et
1712 592 1757 612 ca-

1013 620 1101 659 dunt;
1117 621 1185 651 ficus
1197 629 1288 651 autem
1297 632 1330 651 ex
1344 631 1398 660 quo
1408 621 1520 661 coeperit
1532 621 1636 651 fructus
1648 622 1754 659 afferre,

1014 671 1099 699 usque
1119 661 1154 690 ad
1173 661 1290 690 hiemem
1307 661 1469 691 fructificare
1491 671 1545 691 non
1569 667 1672 691 cessat:
1694 670 1763 699 nam*

1013 700 1061 730 alii
1080 701 1247 740 colliguntur
1264 701 1373 737 maturi,
1393 707 1420 730 et
1443 700 1492 730 alii
1512 701 1577 730 hine
1595 700 1755 741 procedunt.

1013 740 1058 770 Sic
1069 741 1188 770 Ecclesia
1199 751 1233 770 ex
1243 751 1297 779 quo
1310 740 1421 780 coeperit
1433 747 1539 770 sanctos
1549 740 1656 778 offerre,
1672 751 1757 780 usque

1013 779 1053 808 ad
1063 780 1143 809 finem
1155 781 1247 810 saeculi
1268 791 1320 809 non
1346 779 1469 810 cessabit.
1494 782 1565 810 Nam
1584 791 1635 820 per
1649 781 1757 820 singula

1013 826 1134 859 tempora
1154 820 1201 849 alii
1217 819 1366 855 dormiunt,
1380 820 1427 850 alii
1443 827 1531 850 autem
1544 827 1702 851 naseuntur.
1716 822 1757 851 De

1013 859 1065 889 hac
1078 867 1167 889 autem
1189 860 1242 889 ficu
1258 860 1310 889 sub
1330 860 1383 890 alia
1404 860 1493 900 specie
1513 860 1756 900 interpretationem
1902 887 1904 894 A

1013 899 1125 929 fecimus
1139 899 1213 940 apud
1227 901 1363 936 Marcum,
1381 900 1540 929 aestimantes
1558 901 1661 939 ubique
1682 900 1756 939 quod
1770 903 1796 924 ¹¹2
1805 902 1904 927 Marcum

1013 949 1109 968 verum
1128 946 1178 975 est,
1201 949 1255 968 non
1274 940 1455 969 affirmantes:
1472 947 1502 969 ut
1519 940 1668 970 secundum
1682 940 1755 979 qnod
1765 935 1852 987 'ff'ffl‘fi‘
1866 943 1904 956 ²¹⁸

1012 978 1102 1008 visum
1113 979 1194 1008 fixerit
1204 978 1359 1018 unicuique,
1374 979 1426 1009 hoc
1437 979 1576 1018 probetur.
1590 981 1639 1010 54.
1655 980 1756 1010 Amen
1764 974 1775 987 ⁰
1787 974 1823 987 θ’·
1895 978 1904 984 ’

1014 1019 1080 1047 dico
1095 1021 1189 1053 vobis,
1206 1030 1266 1048 non
1277 1021 1437 1059 proeteribit
1449 1021 1597 1058 generatio
1613 1020 1686 1056 hoec,
1699 1022 1756 1050 do-

1014 1069 1067 1087 nec
1088 1061 1189 1088 omnia
1203 1059 1289 1099 fiant.
1309 1060 1364 1088 Res
1374 1058 1457 1087 dubia
1468 1068 1574 1098 semper
1586 1059 1649 1089 facit
1667 1060 1755 1090 homi—

1012 1108 1073 1127 nem
1083 1098 1271 1138 negligentem.
1284 1099 1353 1128 Nam
1364 1098 1438 1138 quod
1444 1097 1502 1128 sine
1510 1098 1598 1128 dubio
1611 1106 1756 1131 venturum

1012 1138 1090 1167 nobis
1101 1149 1159 1167 esse
1167 1138 1364 1178 cognoscimus,
1374 1138 1410 1167 ad
1420 1137 1451 1167 id
1463 1138 1638 1178 nosmetipsos
1651 1150 1758 1180 magua·

1013 1178 1119 1207 nimiter
1132 1179 1322 1208 confortamus.
1338 1179 1379 1208 Ne
1392 1188 1455 1217 ergo
1468 1178 1607 1208 audientes
1628 1180 1753 1219 apostati,

1011 1224 1113 1247 certum
1144 1218 1276 1247 ericulum
1287 1228 1337 1257 pro
1351 1218 1452 1247 incerto
1465 1218 1623 1258 suscipiant,
1636 1226 1663 1248 et
1671 1219 1755 1250 dubi·
1901 1251 1904 1254 Α

1011 1263 1096 1287 tantes
1132 1269 1147 1287 e
1163 1258 1221 1297 ejus
1239 1258 1369 1294 adventu,
1381 1258 1537 1298 semetipsos
1550 1258 1578 1287 in
1593 1259 1754 1299 negligentia
1898 1273 1904 1288 ι

1011 1304 1123 1336 ponant,
1147 1297 1207 1327 ideo
1225 1308 1375 1327 sermonem
1390 1308 1469 1327 suum
1481 1299 1634 1337 juramento
1651 1299 1753 1329 confir-

1010 1346 1086 1365 mans
1109 1337 1176 1366 dicit
1189 1350 1195 1365 :
1212 1338 1313 1366 Amen
1337 1338 1402 1367 dico
1424 1339 1520 1374 vobis,
1535 1348 1594 1367 non
1617 1341 1755 1369 transibit

1010 1378 1157 1415 generatio
1169 1377 1242 1413 haec,
1256 1377 1349 1406 donec
1362 1378 1557 1417 omniafiant.
1575 1378 1647 1415 Quia
1660 1386 1757 1409 contra

1010 1425 1137 1455 magnum
1150 1416 1301 1456 periculum
1314 1427 1410 1456 magua
1423 1418 1583 1457 praeparatio
1601 1425 1640 1447 est
1661 1429 1753 1452 neces-

1010 1455 1096 1484 saria:
1110 1466 1205 1495 magna
1224 1463 1313 1485 autem
1334 1457 1493 1496 praeparatio
1506 1457 1642 1487 assiduam
1656 1457 1754 1487 admo-

1010 1494 1137 1524 nitionem
1161 1495 1284 1534 requirit,
1304 1503 1330 1527 et
1349 1503 1465 1525 cautam.
1488 1496 1525 1526 Et
1541 1497 1681 1527 sciendum
1700 1505 1751 1535 est,

1009 1534 1072 1572 quia
1083 1545 1135 1564 non
1150 1535 1220 1564 illud
1234 1535 1295 1564 vult
1306 1535 1433 1565 Christus
1445 1536 1574 1576 apostolis
1588 1537 1646 1566 suis
1665 1544 1753 1567 osten-

1008 1574 1082 1610 dere,
1100 1574 1231 1615 quiajam
1253 1575 1281 1604 in
1303 1575 1448 1605 continenti
1470 1577 1559 1605 futura
1580 1583 1620 1605 est
1641 1578 1757 1608 tentatio

1007 1613 1066 1650 illa,
1082 1614 1129 1643 sed
1142 1615 1205 1653 quia
1218 1615 1326 1644 omnino
1347 1616 1437 1645 futura
1454 1622 1502 1646 est.
1527 1616 1599 1655 Ergo
1612 1627 1664 1646 non
1685 1617 1751 1646 illos

1007 1652 1129 1683 homiues
1142 1654 1221 1692 dicit,
1238 1655 1286 1693 qui
1305 1654 1354 1684 illo
1376 1656 1402 1684 in
1422 1662 1541 1696 tempore
1554 1656 1660 1685 fuerant
1679 1657 1747 1693 nati,

1006 1692 1054 1722 sed
1070 1693 1201 1723 familiam
1221 1694 1308 1733 gentis
1327 1694 1422 1735 ipsius.
1445 1696 1604 1725 Generatio
1625 1697 1697 1726 ista:
1720 1697 1749 1726 id
1757 1700 1822 1716 ‘²⁶¹⁰

1006 1739 1055 1769 est,
1070 1740 1117 1763 aut
1129 1734 1282 1764 facientium
1297 1734 1366 1764 hanc
1378 1736 1559 1772 tentationem,
1583 1743 1630 1765 aut
1641 1737 1750 1776 patien-

1005 1773 1084 1809 tium,
1105 1780 1152 1802 aut
1173 1781 1341 1814 peccatorum
1359 1774 1511 1812 hominum,
1526 1782 1573 1805 aut
1586 1775 1749 1812 daemonum,

1005 1812 1055 1852 qui
1070 1821 1215 1852 operantur
1227 1815 1256 1843 in
1268 1814 1316 1844 eis.
1333 1815 1403 1844 Nam
1414 1815 1521 1854 utrique
1539 1826 1591 1845 non
1606 1816 1749 1846 cessabunt

1005 1863 1061 1881 esse
1082 1853 1109 1881 in
1130 1854 1238 1891 saeculo,
1257 1853 1342 1883 donec
1354 1855 1548 1885 consummatio
1561 1855 1618 1892 fiat,
1633 1863 1662 1885 ut
1676 1855 1748 1886 dicat

1006 1891 1072 1928 illis,
1085 1894 1236 1922 Discedile
1245 1904 1265 1923 a
1278 1905 1334 1931 me,
1346 1895 1506 1932 maledicti,
1519 1897 1551 1924 in
1561 1897 1658 1935 ignem
1670 1902 1747 1926 oeter—
1756 1905 1842 1928 Mauh.
1855 1904 1886 1928 25·

1006 1942 1087 1968 num,
1111 1935 1163 1972 qui
1185 1941 1366 1973 proeparatus
1385 1941 1427 1964 est
1447 1935 1567 1964 diabolo
1587 1942 1616 1964 et
1634 1936 1795 1976 angelis&-

1005 1973 1076 2010 ejus.
1090 1974 1204 2017 Necesse
1213 1981 1253 2003 est
1264 1974 1347 2011 enim,
1359 1981 1389 2003 ut
1400 1975 1529 2014 quamdiu
1540 1974 1607 2004 fides
1616 1982 1744 2014 tentatur,

1004 2017 1114 2041 tentatio
1131 2020 1291 2043 reservetur.
1309 2016 1363 2043 Aut
1381 2021 1452 2044 certe
1471 2015 1687 2045 Christianorum
1697 2026 1744 2054 ge-

968 2055 988 2079 D
1005 2052 1167 2081 nerationem
1184 2052 1260 2087 dicit,
1283 2053 1312 2082 id
1327 2060 1377 2088 est,
1391 2054 1536 2084 Generatio
1555 2054 1606 2083 ista
1625 2055 1745 2085 mortalis

1003 2101 1057 2119 nou
1071 2092 1195 2120 transibit
1208 2092 1243 2121 ad
1257 2093 1498 2123 immortalitatem:
1513 2094 1627 2130 Donec,
1647 2094 1676 2123 id
1692 2102 1743 2132 est,

1003 2130 1055 2159 nisi
1077 2130 1134 2160 haec
1154 2131 1253 2160 fuerint
1276 2131 1470 2169 consummata,
1486 2139 1516 2162 ut
1528 2141 1619 2172 postea
1632 2133 1744 2164 immor-

1002 2170 1064 2199 talis
1084 2177 1111 2199 et
1138 2170 1313 2211 impassibilis
1335 2172 1391 2202 fiat.
1411 2174 1461 2203 55.
1488 2173 1601 2203 Goelum
1622 2180 1650 2202 et
1668 2182 1744 2203 terra

1003 2212 1180 2247 transibunt,
1209 2213 1303 2240 verba
1326 2218 1424 2241 autem
1447 2223 1513 2242 mea
1541 2224 1600 2242 non
1622 2220 1743 2252 praeter—

1000 2250 1095 2278 ibunt.
1111 2252 1184 2287 Quia
1206 2251 1300 2280 caelum
1316 2258 1342 2281 et
1356 2258 1426 2281 terra
1444 2252 1479 2282 ad
1500 2253 1679 2282 ministerium
1695 2264 1742 2283 ve-

1000 2296 1086 2319 strum
1100 2298 1186 2320 creata
1200 2297 1274 2326 sunt,
1289 2292 1371 2321 verba
1386 2299 1475 2322 autem
1488 2303 1545 2322 mea
1559 2292 1595 2322 ad
1606 2293 1741 2332 guberna-

999 2329 1097 2358 tionem
1107 2337 1223 2360 vestram
1235 2330 1375 2371 disposita.
1391 2332 1494 2362 Caelum
1505 2339 1531 2361 et
1547 2339 1618 2362 terra
1631 2333 1742 2362 vanitati

998 2369 1116 2408 subjecta
1131 2378 1208 2406 sunt,
1223 2370 1328 2400 dicente
1350 2372 1491 2412 apostolo:
1507 2373 1640 2402 Vanitati
1663 2374 1741 2401 enim
1751 2377 1847 2401 Itom.8.

999 2416 1134 2439 creatura
1147 2412 1279 2450 subjecta
1297 2417 1351 2441 est.
1365 2412 1530 2441 Naturaliter
1541 2419 1630 2441 autem
1642 2413 1740 2442 veritas
1876 2416 1878 2419 ’

998 2449 1080 2478 nescit
1093 2451 1210 2488 mentiri,
1223 2461 1271 2480 nec
1279 2458 1365 2491 potest
1375 2451 1520 2491 aliquando
1528 2451 1626 2492 perire.

1156 2537 1290 2565 Homilia
1310 2536 1331 2565 l.
1354 2547 1391 2566 ex
1408 2546 1472 2576 cap.
1492 2538 1574 2567 xxiv.

1034 2607 1083 2635 56.
1098 2608 1143 2635 De
1161 2608 1209 2636 die
1230 2615 1325 2638 autem
1355 2609 1411 2638 illa
1433 2616 1462 2638 et
1475 2610 1548 2639 hora
1570 2621 1654 2640 nemo
1672 2613 1736 2648 scit,
