1890 2826
80 875 130 903 51¹1».
145 880 169 903 9.
181 873 205 898 6.

81 1154 163 1175 Mnuh.
180 1151 216 1175 16.

77 1249 147 1271 llehr.
162 1256 182 1271 1.
195 1254 218 1273 2.

79 1435 145 1457 Itum.
156 1441 180 1465 9.
193 1434 216 1457 5.

226 152 295 187 508

178 242 213 258 12,
224 225 337 254 fecisset.
363 225 450 261 Quem
462 223 534 253 enim
557 223 648 263 diligit
664 230 751 264 pater,
765 223 855 264 arguit
860 234 870 262 ;
885 234 966 263 quem

225 281 289 302 vero
310 281 363 300 non
382 269 504 310 corrigit,
515 276 664 300 aversatur.
682 269 866 300 Admirandus
878 276 967 300 autem

225 318 270 348 hic
292 325 368 358 pater
392 324 417 346 et
440 324 511 346 recte
535 315 606 346 dicta
632 316 800 357 comprobat,
815 323 842 346 et
865 327 968 347 errores

226 363 358 394 emendat.
380 364 438 393 Hoc
461 362 533 392 enim
556 362 640 403 patris
666 363 808 403 proprium
829 369 884 400 est,
899 369 969 393 recte

225 410 297 440 dicta
310 420 341 439 ac
359 420 422 439 cum
439 408 493 438 fide
512 404 655 449 praedicata
675 407 803 438 laudibus
822 408 966 438 celebrare.

226 456 333 487 Sufficit
352 466 416 496 ergo
427 457 550 486 omnium
568 455 655 485 instar
667 456 726 496 ejus
739 450 909 495 suffragium,
924 461 968 484 at-

225 502 318 542 quein
333 502 427 542 primis
447 501 608 532 sanctissimi
625 501 689 532 Dei.
708 502 840 532 Caeterum
852 501 904 542 piae
920 500 969 530 ad-

226 550 374 579 haereamus
385 549 511 589 religioni
517 558 669 587 ‚servemus
679 547 762 578 fidem
775 547 967 577 intemeratam.
986 547 1004 570 B

227 595 335 626 Credite
346 595 465 632 veritati,
475 605 508 624 ne
518 593 692 625 contradicite
704 593 822 625 veritati.
834 594 875 623 Ne
888 593 970 623 fidem

226 641 371 679 adulteres,
386 641 508 673 divinam
527 647 650 670 naturam
662 650 696 670 ne
709 640 814 670 curiose
833 639 968 679 explores,

226 697 259 716 ne
277 687 437 717 mortalibus
455 686 601 727 ratiociniis
621 685 800 716 immortalem
811 684 970 725 dignitatem

226 733 365 774 subjicias.-
402 732 557 763 Periculosa
583 739 623 762 est
648 731 884 762 ratiocinationum
905 731 968 769 νίας

225 786 283 809 tuta
296 786 323 809 et
335 779 414 811 firma
427 778 602 820 intelligentia
615 778 788 809 confessionis
801 777 877 807 fidei.
894 779 970 807 Vera

227 825 358 866 sapientia
371 832 410 856 est
422 825 499 855 fitles.
514 825 587 855 Audi
607 825 674 865 quid
685 825 758 855 dicat
768 824 895 855 divinum
906 834 968 854 ora-

226 871 320 901 culum
330 882 338 900 :
348 873 431 902 Nam
440 873 494 901 etsi
506 873 573 912 quis
583 873 638 901 erit
646 872 794 912 perfectus
804 873 882 900 inter
888 871 969 910 filios

227 919 388 955 hominum,
403 920 429 948 si
441 919 477 948 ab
491 919 546 948 illo
569 918 698 959 abfuerit
711 928 747 948 ea
773 929 838 958 quoe
849 928 869 947 a
883 923 911 946 te
925 924 969 947 est

226 966 380 1005 sapientia,
393 966 434 995 ad
455 965 580 995 nihilum
596 966 787 1005 reputabitur.
801 965 877 1004 Fuge
890 974 966 1003 quae-

225 1011 334 1049 stiones,
350 1022 436 1051 neque
449 1012 532 1042 verba
542 1012 667 1052 praeferas
680 1010 754 1041 fidei.
771 1010 888 1040 Paulum
899 1010 968 1040 habe

225 1057 396 1098 magistrum,
410 1060 520 1088 Petrum
540 1057 591 1087 tibi
611 1057 733 1087 adscribe
755 1063 965 1097 praeceptorem:

226 1103 338 1133 illorum
351 1103 431 1133 fidem
457 1110 567 1133 sectare.
593 1102 661 1132 Audi
682 1104 793 1133 Petrum
816 1102 968 1132 dicentem:

232 1150 274 1179 Tu
287 1159 317 1179 es
330 1150 469 1186 Christus,
482 1150 580 1179 Filius
603 1149 661 1178 Dei
671 1150 744 1179 vivi.
764 1148 882 1187 Sequere
895 1149 970 1178 Pau-

228 1197 286 1226 lum
298 1203 389 1237 aperte
402 1197 505 1226 Filium
511 1196 562 1226 Dei
576 1196 799 1232 celebrantem‚ac
812 1194 893 1224 modo
907 1194 970 1233 qui-

229 1242 292 1272 dem
303 1243 436 1273 dicentem
450 1244 620 1283 :Loquutus
631 1249 675 1272 est
689 1243 771 1271 nobis
784 1242 865 1271 Deus
876 1242 908 1269 in
919 1242 971 1270 Fi-

231 1290 282 1327 lio,
295 1300 348 1329 per
371 1300 457 1330 quem
475 1289 555 1331 jecit
575 1295 604 1319 et
624 1289 751 1319 soecula:
766 1289 818 1328 qui
846 1297 911 1316 cum
933 1288 972 1316 sit

228 1337 366 1375 splendor
378 1337 489 1376 gloriae,
501 1342 530 1366 et
530 1337 634 1376 figura
651 1335 832 1370 substantiae,
841 1339 972 1374 portans-

228 1392 286 1422 que
298 1383 397 1412 omnia
421 1384 512 1412 verbo
535 1383 656 1412 virtutis
677 1391 736 1411 suce
748 1392 756 1409 :
768 1379 848 1410 modo
874 1379 972 1409 iterum

229 1427 426 1468 praedicantem,
441 1428 487 1457 ubi
502 1427 536 1457 de
558 1427 661 1457 Judaeis
681 1426 757 1466 agit.-
773 1425 903 1465 Quorum
914 1434 970 1464 pa-

230 1481 286 1504 tres
304 1474 405 1511 nostri,
421 1484 457 1503 ex
479 1475 584 1514 quibus
608 1479 651 1502 est
666 1473 799 1502 Christus
814 1470 972 1500 secundum

229 1531 357 1557 carnem,
369 1522 419 1560 qui
430 1527 473 1550 est
485 1530 571 1559 super·
583 1520 683 1548 omnia
709 1519 789 1548 Deus
804 1516 972 1546 benedictus

228 1570 260 1595 in
277 1568 385 1597 saecula
404 1567 585 1598 soeculorum.
602 1567 712 1596 Amen.

612 162 747 186 INCERTl
773 162 807 185 m
834 162 953 194 ILLUD,
983 163 1049 193 QUA
1076 163 1284 196 POTESTATE,
1308 163 1387 187 ETc.

1022 225 1056 255 Εἰ
1076 225 1128 266 γὰρ
1148 220 1193 255 οὗν
1218 226 1391 267 διορθώσατο,
1412 226 1441 255 οὗ
1460 227 1560 265 μισῶν,
1583 226 1651 256 ἀλλὰ
1674 219 1796 266 ἀγαπῶν.

1022 269 1075 300 “Ov
1097 271 1148 312 γὰρ
1171 273 1262 314 ἀγαπᾷ
1286 272 1375 313 πατὴρ
1387 295 1395 309 ,
1422 271 1527 313 ἐλέγχει
1539 283 1546 291 ·
1567 271 1595 302 ὃν
1619 272 1646 302 δὲ
1672 273 1701 302 οὖ
1729 273 1795 312 διορ-

1023 319 1113 347 θοῦται
1121 339 1129 354 ,
1141 319 1344 359 ἀποστρέφεται.
1356 318 1391 348 Ὁ
1411 318 1438 348 δὲ
1459 317 1603 359 θαυμάσιος
1616 313 1691 352 οὗτος
1704 318 1796 358 πατὴρ

1022 363 1115 401 ›tals-r&
1128 366 1216 398 καλῶς
1227 364 1357 404 λεγόμενα
1371 363 1546 404 ἀποδέχεται,
1559 363 1605 393 καὶ
1622 367 1676 397 τοῖς
1693 364 1794 403 ἐσφαλ-

1024 410 1111 448 μένοις
1124 410 1217 450 ἐπάγει
1228 411 1276 447 τὴν
1291 411 1436 450 διόρθωσιν.
1448 411 1535 440 Τοῦτο
1545 409 1597 450 γὰρ
1609 408 1709 449 πατρὸς
1717 408 1795 444 ἴδιον,

1023 456 1162 496 βραὸεύειν
1175 461 1229 491 τοῖς
1242 458 1329 490 καλῶς
1341 455 1506 496 λεγομένοις,
1526 455 1572 485 καὶ
1591 454 1660 494 μετὰ
1678 454 1793 488 πίστεως

1022 502 1233 542 κηρυττομένοις.
1251 502 1338 543 Ἀρκεῖ
1359 502 1445 532 τοίνυν
1460 501 1519 532 ἀντὶ
1538 500 1644 531 πάντων
1667 502 1685 536 ἦ
1708 501 1795 540 ψῆφος

1023 549 1112 585 αὗτοῦ,
1134 548 1179 578 καὶ
1192 548 1244 589 πρὸ
1265 550 1344 578 αὐτοῦ
1364 547 1446 577 πάλιν
1465 550 1483 583 ἡ
1502 550 1548 576 τοῦ
1562 546 1691 586 παναγίου
1706 547 1792 576 Θεοῦ.

1023 594 1167 634 Ἐχώμεθα
1187 594 1215 624 δὲ
1238 595 1287 630 ἰ-ῆς
1308 593 1457 630 εὖσεὸείας,
1472 592 1628 633 φυλάξωμεν
1641 591 1690 628 τὴν
1703 591 1793 622 πίστιν

1023 640 1176 670 ἀσάλευτον.
1192 639 1338 670 Πιστεύετε
1351 642 1384 680 τῇ
1397 638 1520 679 ἀληθείᾳ,
1533 638 1578 668 καὶ
1592 638 1629 677 μὴ
1644 637 1794 677 ἀντιλέγετε

1022 689 1055 727 τῇ
1070 686 1189 727 ἀληθείᾳ.
1199 686 1247 723 Μὴ
1257 685 1432 726 παραγράφου
1438 685 1486 721 τὴν
1498 684 1598 721 πίστιν,
1609 684 1647 723 μὴ
1657 684 1795 723 πολυπρα-

1022 732 1114 772 γμόνει
1127 733 1176 768 τὴν
1189 731 1260 762 θείαν
1274 731 1361 772 φύσιν,
1377 730 1415 770 μὴ
1430 730 1566 770 ὓποὸάλῃς
1579 731 1718 769 λογισμοῖς
1730 730 1795 764 θνη-

1021 782 1076 811 τοῖς
1089 777 1137 815 τὴν
1149 778 1277 808 ἀθάνατον
1291 777 1373 812 ἀξίαν.
1386 777 1555 818 Ἐζιι-ισφαλὴς
1563 778 1580 812 ἡ
1593 777 1645 805 τῶν
1658 776 1794 815 λογισμῶν

1021 824 1079 858 ὁδός
1089 836 1095 843 ·
1110 824 1230 864 ἀσφαλὴς
1242 823 1288 853 καὶ
1305 823 1400 863 βεὸαία
1412 825 1430 859 ἡ
1444 822 1530 852 ἔννοια
1542 823 1592 857 τῆς
1605 821 1674 850 κατὰ
1686 820 1736 857 τὴν
1747 819 1793 849 πί·

1022 881 1078 899 στιν
1101 869 1249 910 ὁμολογίας.
1271 869 1307 899 Ἥ
1336 869 1437 905 ἀληθὴς
1460 868 1539 908 σοφία
1559 870 1577 904 ἡ
1599 867 1688 900 πίστις
1709 865 1792 896 ἐστίν.

1022 915 1114 946 Ἄκουε
1124 916 1151 945 τί
1165 928 1231 956 φησι
1243 916 1274 945 τὸ
1287 918 1354 946 θεῖον
1367 915 1469 955 λόγιον·
1482 913 1540 944 Κᾶν
1549 913 1600 954 γὰρ
1611 909 1629 953 ᾗ
1643 925 1683 946 τις
1695 913 1794 946 τέλειος

1022 963 1049 991 ἓν
1062 963 1127 996 υἱοῖς
1151 962 1305 1003 ἀνθρώπων,
1326 963 1374 998 τῆς
1394 961 1469 1002 παρὰ
1483 963 1529 991 σοῦ
1551 959 1644 1000 σοφίας
1656 958 1793 995 ἀπούσης,

1022 1010 1060 1042 εἰς
1084 1008 1156 1038 οῦδὲν
1175 1008 1371 1048 λογισθήσεται.
1396 1008 1487 1047 Φεῧγε
1512 1006 1547 1036 τὰ
1569 1005 1726 1044 ζητήματα,
1748 1004 1794 1033 καὶ

1025 1054 1061 1094 μὴ
1076 1054 1194 1095 προτίμα
1220 1056 1268 1090 τῆς
1291 1054 1405 1088 πίστεως
1427 1053 1462 1083 τὰ
1485 1052 1601 1094 ῥήματα.
1619 1052 1729 1080 Παῦλον
1748 1050 1794 1090 ἔχε

1024 1100 1196 1138 διδάσκαλον,
1213 1100 1316 1140 Πέτρον
1338 1098 1482 1140 ἑπιγρᾶφᾶυ
1505 1097 1675 1138 καθηγητήν·
1692 1097 1726 1136 τῇ
1747 1095 1795 1125 πί-

987 1133 1006 1159 c'
1025 1158 1080 1176 στει
1103 1146 1209 1176 ἐκείνων
1237 1145 1451 1181 ἐξακολούθησον.
1472 1143 1565 1174 Ἄκουε
1584 1142 1687 1183 Πέτρου
1705 1141 1796 1181 λέγον·-

1024 1205 1068 1227 τος
1081 1205 1088 1212 ·
1099 1192 1138 1223 Σὺ
1155 1187 1181 1222 εἴ
1190 1194 1204 1222 ὁ
1222 1192 1350 1232 Χριστὸς,
1364 1194 1380 1221 ὁ
1391 1190 1455 1225 Υἱὸς
1468 1193 1514 1220 τοῦ
1536 1190 1607 1220 Θεοῦ
1625 1192 1672 1219 τοῦ
1691 1189 1795 1223 ζῶντος.

1025 1239 1172 1270 Ἀκολούθει
1193 1239 1231 1278 τῷ
1255 1237 1364 1278 Παύλῳ,
1390 1239 1480 1277 σαφῶς
1500 1236 1545 1266 τὸν
1565 1237 1612 1265 τοῦ
1637 1236 1708 1265 Θεοῦ
1730 1233 1795 1264 Υἱὸν

1026 1287 1183 1325 ἀνυμνοῦντι
1191 1308 1199 1322 ,
1211 1285 1256 1314 καί
1269 1297 1308 1320 πη
1325 1284 1372 1324 μὲν
1385 1283 1507 1323 λέγοντι,
1518 1282 1558 1312 ὅτι
1571 1281 1720 1317 Ἐλάλησεν
1731 1283 1796 1321 ἡμῖν

1025 1335 1040 1363 ὁ
1061 1331 1129 1365 Θεὸς
1149 1333 1176 1361 ἐν
1191 1332 1259 1371 Υἳῷ,
1282 1332 1314 1360 δι’
1335 1325 1365 1359 οὗ
1386 1329 1431 1359 καὶ
1444 1329 1504 1362 τοὺς
1518 1330 1614 1362 αἰῶνας
1628 1328 1736 1363 ἐποίησε
1748 1339 1755 1346 ·
1768 1327 1797 1361 ὃς

1026 1377 1063 1407 ὢν
1077 1375 1243 1416 ἀπαύγασμα
1263 1377 1311 1411 τῆς
1330 1374 1405 1410 δόξης
1417 1395 1425 1410 ,
1447 1375 1494 1404 καὶ
1507 1372 1653 1414 χαρακτὴᾷ
1662 1374 1711 1408 τῆς
1730 1373 1796 1400 ὓπο-

1026 1421 1158 1456 στάσεως,
1171 1420 1257 1461 φέρων
1271 1432 1300 1449 τε
1315 1419 1350 1449 τὰ
1362 1419 1450 1449 πάντα
1463 1419 1501 1458 τῷ
1514 1417 1585 1459 λόγῳ
1598 1418 1646 1453 τῆς
1660 1415 1796 1455 δυνάμεως

1026 1470 1104 1498 αὐτοῦ
1119 1479 1126 1486 ·
1138 1469 1178 1502 ἰι-ἥ
1203 1466 1230 1496 δὲ
1249 1466 1330 1496 πάλιν
1350 1465 1524 1506 κηρύποντι,
1538 1465 1566 1494 ἐν
1588 1465 1627 1503 τῷ
1648 1462 1710 1503 περὶ
1728 1461 1795 1491 Ἰου-

1025 1515 1106 1545 δαίων
1117 1526 1124 1533 ·
1137 1509 1188 1543 ’Ὧν
1207 1514 1231 1543 οἱ
1241 1512 1353 1552 πατέρες
1372 1513 1460 1551 ἡμῶν,
1477 1510 1504 1545 ἐξ
1517 1506 1554 1540 ὧν
1565 1512 1580 1539 ὁ
1591 1509 1705 1550 Χριστὸς
1724 1507 1795 1538 κατὰ

1027 1560 1128 1600 σάρκα,
1151 1562 1166 1589 ὸ
1186 1558 1223 1588 ὧν
1241 1558 1286 1588 ἐπὶ
1310 1557 1415 1587 πάντων
1441 1557 1510 1590 Θεὸς
1528 1555 1668 1596 εὐλογητὸς
1682 1556 1720 1588 εἰς
1736 1553 1800 1588 τοὺς

1027 1609 1123 1639 αἰῶνας
1135 1607 1187 1635 τῶν
1199 1604 1311 1634 αἰώνων.
1325 1603 1417 1642 Ἀμήν.
1563 1601 1568 1605 ’
