1890 2826
101 415 158 435 Gen.
173 413 212 436 50.

101 445 135 468 15.

100 512 157 533 Gom.
174 510 212 533 50.

99 575 151 595 Ibid
170 582 191 595 v.
203 579 237 603 19.

99 612 137 627 21.

101 834 156 855 Gen.
169 832 207 855 50.

98 1923 196 1944 Ε,ῐ“οᾱ.’“
184 1937 206 1944 ω

100 1953 138 1978 13.
161 1952 196 1984 14.

249 154 318 189 382
584 164 613 187 S·
640 163 782 188 JOANNJS
808 158 993 189 CHRYSOSTss
1019 165 1177 189 ARcfflEP.
1204 157 1478 191 CONSTANTINOP-

245 227 345 266 inquit,
355 227 490 266 princeps
499 236 535 255 ex
545 227 636 263 Juda,
649 236 702 256 nec
713 227 774 257 dux
780 228 989 269 defemoribus
1040 229 1131 258 αὐτοῦ.
1147 229 1279 258 Ἐνταῦθα
1295 229 1358 269 περὶ
1370 232 1416 259 τοῦ
1432 229 1549 270 Χριστοῦ
1563 229 1735 270 προφητεύει.
1755 231 1817 260 Οὔκ

246 275 319 314 ejus,
343 274 436 303 donec
455 275 558 303 veniat
580 275 605 302 is
629 275 677 302 cui
691 277 848 314 repositum
870 282 924 305 est.
950 277 990 306 Ut
1039 273 1154 313 ἐκλείψει
1173 274 1272 314 ἄρχων,
1287 275 1376 315 φησὶν,
1389 275 1416 310 ἐξ
1431 275 1533 310 Ἰούδα,
1545 275 1604 305 οὐδὲ
1622 276 1768 315 ἡγούμενος
1783 278 1816 306 ἐκ

246 326 335 349 autem
347 327 470 349 mortuus
485 326 525 349 est
547 319 642 356 Jacob,
662 319 735 350 luxit
758 331 820 351 eum
835 321 947 362 Joseph‚
964 328 990 351 et
1038 321 1092 348 τῶν
1107 322 1199 360 μηρῶν
1213 322 1303 356 αὐτοῦ,
1323 320 1372 355 ἕως
1390 319 1422 351 ἂν
1442 320 1504 358 ἔλθη
1519 317 1541 362 ᾧ
1555 321 1706 352 ἀπόκειται.
1720 322 1770 356 Ὡς
1785 322 1814 351 δὲ

245 367 357 396 efferens
380 366 503 406 sepelivit
529 366 557 395 in
571 366 697 406 spelunca
713 366 838 396 Abrahae.
852 368 989 397 Dixerunt
1040 365 1168 396 ἀπέθανεν
1189 369 1204 396 ὁ
1226 367 1334 403 Ἰακὼὸ,
1356 367 1497 403 ἐπένθησεν
1513 367 1591 397 αὐτὸν
1611 370 1626 398 δ
1644 367 1754 408 Ἰωσὴφ,
1769 368 1814 398 καὶ

247 412 336 452 itaque
348 413 441 442 fratres
454 414 530 453 ejus:
545 413 595 442 Ne
595 413 681 454 forte
691 414 807 454 injuriae
819 416 988 443 memoriam
1040 412 1179 453 ἀναγαγὼν
1192 413 1287 454 ἔθαψεν
1301 415 1328 443 ἐν
1340 416 1378 455 τῷ
1391 413 1515 454 σπηλαίῳ
1528 413 1659 454 Ἀδραάμ.
1673 409 1758 444 Εἶπον
1769 410 1815 444 οῧν

246 461 380 496 retineat,
394 466 422 488 et
435 460 544 501 reserat
561 461 645 489 nobis
657 459 745 497 mala,
760 461 826 500 q'uoe
836 460 989 490 intulimus
1005 469 1024 493 E
1040 460 1064 488 οῖ
1084 459 1191 500 ἀδελφοὶ
1206 461 1285 490 αὐτοῦ
1297 472 1303 479 ·
1318 460 1432 496 Μήποτε
1447 460 1637 500 μνησικακήσῃ
1647 482 1655 496 ,
1669 460 1714 490 καὶ
1728 462 1814 490 ἀντα-

246 508 285 543 ei,
310 512 336 535 et
358 505 487 545 rogabant
499 516 566 543 eum*
582 505 701 536 dicentes
715 516 723 534 ε
737 507 815 536 Ecce
839 517 892 536 nos
913 509 990 537 servi
1040 505 1155 535 ποδώσει
1173 508 1238 546 ἡμῖν
1251 506 1340 544 κακὰ,
1359 507 1377 536 ἃ
1395 506 1579 546 ἐνεδειξάμεθα
1593 509 1674 547 αὐτῷ,
1697 506 1743 536 καὶ
1761 518 1815 536 πα·
1830 545 1835 548 μ

247 554 291 582 tui
300 562 408 581 sumus.
425 551 567 590 Flevitque
583 552 695 592 Joscph,
710 559 736 582 et
748 552 819 582 dixit
832 553 942 583 eiszNe
950 557 986 583 ti·
1042 552 1167 591 ρεκάλουν
1190 552 1269 582 αὐτὸν
1289 551 1410 592 λέγοντες
1420 564 1428 572 ·
1450 552 1517 583 Ἰδοὺ
1531 555 1609 592 ἡμεῖς
1632 553 1732 582 οἰκέται
1755 564 1817 582 σου.

247 599 349 627 meatis
361 610 369 627 .·
380 608 449 627 nam
461 600 519 629 Dei
531 609 594 628 sum
606 608 669 639 ego.
693 600 760 630 Vos
773 600 855 628 mala
866 601 991 630 consilia
1042 598 1097 628 Καὶ
1120 597 1246 627 ἔκλαυσεν
1270 601 1284 628 ὁ
1305 598 1416 655 'lma-hp,
1436 598 1481 628 καὶ
1501 594 1572 628 εἶπεν
1587 600 1675 632 αὐτοῖς
1685 610 1692 616 ·
1707 597 1754 634 Μὴ
1769 610 1816 638 φο-

246 646 370 685 cepistis,
386 645 467 674 Deus
485 652 583 674 autem
595 647 673 674 bona
684 646 815 676 retribuit
825 647 907 676 mihi.
923 648 990 687 Ego
1040 644 1147 673 ὅεῖσθε·
1167 655 1213 673 του
1227 644 1278 684 γὰρ
1296 645 1366 674 Θεοῦ
1390 646 1445 684 εἶμι
1465 644 1526 684 ἐγώ.
1540 644 1634 684 Υμεῖς
1657 644 1817 674 ἐδουλεύσα-

248 695 376 721 nutriam
393 702 448 721 vos
466 698 494 721 et
508 693 609 722 domos
622 699 747 723 vestras.
770 693 850 723 Vixit
863 704 926 733 ergo
938 695 988 724 Jo-
1041 693 1087 720 σθε
1106 690 1229 730 πονηρὰ,
1241 692 1255 719 ὁ
1270 690 1297 719 δὲ
1309 690 1377 724 Θεὸς
1391 690 1562 720 ἆνταπέδωκέ
1574 701 1618 730 μοι
1632 689 1729 729 ἀγαθά·
1743 689 1821 729 Ἐγὼ

245 738 311 778 seph
328 745 434 767 centum
443 749 537 775 annos,
554 745 579 768 et
595 738 663 769 vidit
677 739 748 769 filios
752 739 893 778 Ephraim
906 750 990 778 usqne
998 765 1033 784 ⁵⁵2
1041 736 1172 777 διαθρέψω
1192 739 1260 776 ὓμας
1283 736 1328 766 καὶ
1350 736 1410 771 τους
1424 736 1511 771 οἴκους
1532 738 1618 776 ὑμῶν.
1636 735 1752 773 Ἔζησεν
1771 731 1816 765 ουν

246 783 282 812 ad
302 784 407 813 tertiam
425 785 632 824 generationem.
658 785 736 814 Dixit
755 795 835 824 porro
860 785 989 815 fratribus
1008 795 1026 816 Α
1040 782 1140 823 Ῑωσῆφ
1158 783 1204 818 ἔτη
1223 783 1351 819 ’ἑκατοη
1370 782 1417 812 καὶ
1433 777 1500 812 εἶδεν
1515 782 1636 823 Ἔφραῗμ
1653 781 1747 811 παιδία
1769 782 1819 816 ἕως

246 831 320 860 suis.
333 831 508 861 Visitatione
518 833 716 861 visitabimus
731 833 820 869 Deus,
832 838 860 861 et
871 833 990 862 inducet
1040 829 1131 869 τρίτης
1143 833 1242 869 γενεᾶς
1257 824 1380 868 Λέγει
1350 840 1395 858 ουν
1411 833 1466 862 τοῖς
1480 829 1602 869 ἀδελφοῖς
1622 829 1720 858 αὐτοῦ·
1738 830 1818 858 ’·Επι

245 889 301 908 vos
308 880 340 906 in
362 884 469 908 terram
484 880 695 919 promissionis,
716 889 805 919 quam
818 880 933 919 juravit
942 890 991 919 pa·
1039 876 1128 914 σκοπῇ
1141 874 1313 914 ἐπισκέψεται
1323 877 1392 914 ὓμᾶς
1405 876 1419 904 ὅ
1431 875 1499 909 92⁰<
1509 897 1517 911 2
1532 875 1574 905 ²201
1588 874 1686 909 εἰσάξει
1699 876 1768 914 511·ae&
1781 876 1821 908 εἷς

246 926 337 955 tribus
348 927 454 954 nostris
471 935 502 955 se
513 926 650 955 daturum
669 927 721 955 eis.
735 926 776 953 Ει
790 926 879 954 simul
890 927 990 955 vobis·
1039 920 1089 956 τὴν
1109 923 1160 960 γῆν
1181 922 1229 956 τῆς
1253 921 1430 960 ἐπαγγελίας,
1453 921 1486 957 ἣν
1501 921 1590 960 ὤμοσε
1611 925 1665 954 τοῖς
1687 921 1819 960 πατράσιν

245 981 310 1000 cum
327 973 434 1014 feretis
460 982 526 1002 ossa
554 983 630 1001 mea.
651 973 721 1001 Cum
745 971 857 1000 vixisset
883 979 990 1002 centum
1039 968 1117 1005 ἡμῶν
1137 967 1226 996 δοῦναι
1245 968 1342 1000 αὐτοῖς·
1365 966 1419 997 Καὶ
1441 967 1608 997 συνανοίσετε
1626 966 1660 997 τὰ
1681 968 1747 996 ὀστᾶ
1767 977 1821 1005 μου

244 1017 330 1055 annis,
355 1019 477 1059 sepultus
490 1018 570 1048 estin
592 1017 684 1048 loculo
696 1018 725 1046 in
738 1017 868 1058 AEgypto.
1041 1014 1099 1052 μεθ’
1116 1014 1199 1052 ἰομῶν.
1222 1013 1275 1042 Καὶ
1288 1012 1448 1049 τελευτήσας
1468 1015 1533 1043 ἐτῶν
1549 1013 1653 1050 ἑκατὸν,
1677 1012 1761 1053 ἐτάφη
1790 1014 1820 1042 ἐν

1041 1061 1075 1099 τῇ
1087 1061 1158 1099 σορῷ
1172 1060 1200 1088 ἐν
1214 1058 1344 1099 Αἰγύπτῳ
1357 1057 1382 1088 ”.

492 1166 621 1187 SYNOPSIS
638 1165 740 1186 Exom.
1264 1170 1389 1190 ΣΥΝΟΨΙΣ
1406 1169 1459 1190 'ruz
1476 1168 1591 1190 ΕΞΟΔΟΥ.

286 1250 441 1289 Exsurgens
454 1249 482 1278 in
497 1249 616 1289 AEgypto
633 1259 682 1278 rex
702 1249 749 1288 qui
770 1249 919 1289 Josephum
937 1259 991 1279 non
1007 1257 1026 1281 B
1082 1255 1208 1289 Ἀναστὰς
1231 1255 1356 1296 βασιλεὺς
1379 1257 1405 1285 ἔν
1428 1255 1574 1296 Αἰγύπτῳ,
1588 1254 1616 1290 ὃς
1629 1255 1678 1285 οὗκ
1697 1254 1756 1295 ᾔδει
1774 1254 1823 1284 τὸν

246 1304 366 1334 noverat,
380 1296 514 1326 Israelitas
527 1295 626 1325 afflixit
639 1295 667 1324 in
681 1295 740 1325 luto
749 1302 774 1325 et
786 1295 877 1325 latere.
891 1298 989 1326 Praece-
1043 1301 1157 1342 Ἰωσὴφ,
1170 1302 1265 1332 ἐκάκου
1279 1301 1339 1336 τοὺς
1362 1301 1531 1342 Ἰσραηλίτας
1551 1304 1589 1342 τῷ
1612 1302 1691 1341 πηλῷ
1715 1301 1760 1330 καὶ
1785 1302 1821 1341 τῇ

245 1343 287 1383 pit
305 1343 386 1372 etiam
405 1342 609 1379 obstetricibus,
639 1348 670 1371 ut
688 1341 839 1371 occiderent
858 1343 990 1372 masculos
1042 1348 1172 1388 πλινθείᾳ,
1191 1347 1332 1377 ’Extis-‚ae
1345 1347 1372 1377 δὲ
1395 1347 1441 1377 χαὶ
1463 1352 1521 1381 ταῖς
1544 1347 1636 1386 μαίαις
1657 1349 1773 1387 ἀναιρεῖν
1786 1347 1821 1376 τὰ

245 1389 442 1420 Israelita-um
458 1395 488 1418 ut
502 1395 590 1419 autem
605 1388 659 1416 illae
677 1398 729 1417 non
748 1396 908 1427 paruerunt,
921 1388 992 1418 illud
1043 1394 1139 1434 ἄῤῥενα
1152 1397 1205 1424 τῶν
1220 1394 1394 1434 Ἰσραηλιτῶν
1403 1405 1410 1412 ·
1424 1395 1459 1427 ὧς
1471 1393 1499 1422 δὲ
1512 1395 1560 1423 οὐκ
1573 1389 1658 1430 εἶξαν,
1671 1395 1710 1433 τῷ
1721 1394 1779 1433 λαῷ
1789 1392 1823 1422 τὸ

245 1435 348 1465 facinus
362 1436 464 1476 populo
485 1434 630 1465 commisit.
647 1435 726 1464 Tunc
749 1434 867 1464 nascitur
880 1437 991 1475 Moyses
1042 1439 1173 1479 τόλμημα
1198 1440 1336 1480 ἐπέτρεψε.
1356 1439 1426 1469 Τότε
1445 1439 1564 1469 τίκτεται
1578 1441 1696 1475 Μωῦσῆς
1721 1441 1751 1468 ἐκ
1771 1441 1820 1475 τῆς

245 1492 279 1511 ex
300 1482 374 1511 tribu
395 1482 475 1519 Levi,
490 1488 516 1511 et
535 1487 718 1521 exposuerunt
737 1491 799 1510 eum
819 1488 942 1520 parentes
964 1481 991 1510 in
1043 1488 1126 1526 φυλῆς
1138 1486 1216 1522 Λευὶ,
1229 1486 1274 1515 χαὶ
1296 1485 1421 1521 ἐξέθηκαν
1441 1485 1520 1515 αὐτὸν
1540 1487 1564 1515 οἱ
1584 1490 1668 1525 γονεῖς
1687 1487 1714 1514 ἐν
1738 1485 1818 1525 θήὸῃ.

244 1528 347 1557 arcula.
363 1527 532 1557 Descendens
546 1538 610 1558 vero
625 1526 681 1556 filia
692 1526 851 1563 Pharaonis,
865 1526 992 1557 eductum
1043 1533 1215 1562 Κατελθοῦσα
1228 1531 1256 1562 δὲ
1269 1535 1287 1568 ἡ
1302 1532 1419 1572 θυγάτηρ
1435 1531 1549 1572 Φαραὼ,
1562 1531 1608 1561 χαὶ
1630 1531 1774 1570 ἀνελομένη
1789 1532 1823 1562 τὸ

245 1572 371 1603 infantem
384 1573 558 1603 nutriendum
571 1572 692 1602 tradidit.
708 1574 778 1602 Cum
787 1572 815 1601 in
827 1573 917 1603 virum
928 1583 990 1603 cre-
1043 1578 1159 1611 mutim.
1171 1578 1252 1608 ἔδωκε
1263 1578 1414 1619 τρέφεσθαι,
1424 1577 1516 1618 Μέγας
1529 1573 1574 1606 οὖν
1587 1577 1724 1617 γενόμενος
1734 1579 1820 1607 Μωῡ,

244 1623 327 1653 visset
346 1624 473 1662 Moyses,
497 1631 618 1660 egressus
635 1627 675 1649 est
697 1619 731 1649 ad
754 1619 825 1649 filios
843 1621 937 1650 lsrael.
954 1622 992 1651 Ut
1043 1628 1111 1661 σῆς,
1132 1625 1223 1662 ἐξῆλθε
1246 1625 1312 1664 πρὸς
1336 1625 1395 1658 τοὺς
1418 1624 1490 1658 υἱοὺς
1511 1624 1629 1664 Ἰσραήλ.
1646 1624 1822 1660 Κατανοήσας

244 1676 334 1699 autem
351 1669 470 1698 laborem
488 1678 582 1697 eorum
601 1666 796 1700 considerabat,
819 1667 891 1697 Vidit
906 1668 992 1708 AEgy-
1044 1671 1071 1701 δὲ
1084 1672 1128 1701 τὸν
1142 1671 1232 1708 πόνον,
1245 1673 1295 1712 ὁρᾷ
1309 1670 1455 1711 Αἰγύπτιον
1470 1670 1604 1700 τύπτονταί
1616 1682 1676 1699 τινα
1684 1669 1819 1710 Ἑὸραῖον.

244 1717 344 1757 ptium,
367 1715 415 1754 qui
436 1715 580 1744 Hebraeum
600 1714 769 1750 verberabat,
792 1724 908 1753 cumque
929 1715 993 1745 hinc
1042 1718 1280 1759 Περιὸλεψάμενος
1304 1717 1332 1747 δὲ
1355 1714 1407 1758 ᾧδε
1431 1717 1477 1747 καὶ
1491 1712 1560 1758 ᾧδε,
1573 1717 1623 1756 οὐχ
1640 1719 1689 1757 ὁρᾷ
1711 1716 1821 1746 οὐδένα·

245 1763 308 1792 inde
335 1762 494 1802 respexisset
504 1783 512 1797 ‚
538 1759 671 1790 neminem
695 1759 785 1798 vidit;
815 1771 993 1800 percussoque
1043 1765 1162 1799 πατάξας
1183 1765 1210 1794 δὲ
1226 1764 1270 1794 τὸν
1285 1764 1441 1804 Αἰγύπτιον,
1456 1763 1567 1804 ἔκρυψεν
1583 1763 1661 1793 αὐτὸν
1676 1765 1703 1792 ἐν
1717 1765 1751 1803 τῇ
1767 1763 1820 1802 ἅμ-

245 1809 385 1849 AEgypfio,
398 1806 539 1836 abscondit
556 1806 675 1835 illumin
690 1817 779 1835 arena.
800 1807 933 1846 Egressus
947 1808 993 1838 die
1008 1823 1026 1846 c
1044 1823 1095 1851 μῳ.
1114 1810 1246 1845 Ἐξελθὼν
1269 1811 1296 1840 δὲ
1322 1812 1357 1850 τῇ
1383 1811 1472 1851 ἡμέρᾳ
1494 1813 1527 1850 τῇ
1555 1809 1677 1851 δευτέρᾳ,
1701 1811 1751 1850 ὁρᾷ
1775 1810 1821 1840 δύο

245 1854 377 1893 sequenti,
389 1853 465 1884 vidit'
477 1853 606 1882 Hebraeos
625 1851 693 1880 duos
716 1862 773 1881 sese
789 1859 884 1881 mutuo
898 1854 992 1883 verbe-
1043 1856 1184 1897 Ἑὸραίους
1199 1857 1484 1896 διαπληκτιζομένους,
1498 1856 1544 1885 καὶ
1561 1856 1634 1895 λέγει
1646 1857 1684 1897 τῷ
1701 1856 1754 1886 ἑνί·
1769 1856 1821 1886 Διὰ

246 1908 345 1936 rantes,
356 1899 486 1938 alterique
495 1898 584 1927 dixit:
596 1898 657 1927 Cur
664 1900 802 1927 verberas
813 1900 992 1938 proximum?
1043 1903 1069 1933 τί
1080 1904 1187 1938 τύπτεις
1199 1903 1243 1933 τὸν
1254 1903 1384 1940 πλησίον;
1399 1903 1434 1933 Ὁ
1448 1903 1475 1933 δὲ
1490 1898 1548 1932 εἶπε
1558 1914 1565 1921 ·
1581 1902 1631 1936 Τίς
1644 1914 1674 1932 σε
1688 1903 1822 1939 κατέπη-

247 1947 311 1977 Infit
322 1947 368 1976 ille
382 1959 387 1975 :
408 1947 479 1984 Quis
493 1952 522 1974 te
533 1945 683 1974 constituit
701 1946 861 1984 principem
875 1947 992 1986 etjudi—
1044 1962 1089 1980 σεν
1111 1950 1229 1990 ἄρχοντα
1241 1951 1288 1980 χαὶ
1301 1950 1429 1986 δικαστὴν
1451 1951 1492 1990 ἐφ’
1507 1952 1594 1989 ἡμᾶς
1606 1949 1644 1989 μὴ
1666 1950 1766 1979 ἀνελεῖν
1787 1963 1820 1990 με

248 2003 311 2023 cem
336 1994 488 2021 nostrum?
509 2001 549 2019 an
572 1991 702 2019 occidere
727 2001 771 2019 me
791 1992 854 2027 vis,
878 1999 910 2021 ιιι
931 1993 995 2022 heri
1045 1996 1127 2030 θέλεις
1148 1998 1184 2030 ὥς
1207 1997 1268 2037 χθὲς
1294 1996 1453 2036 Αἰγύπτιον;
1466 1996 1605 2037 Ἐφοὸήθη
1630 1991 1675 2025 οὖν
1689 1997 1821 2032 Μωϋσῆς·

248 2039 443 2079 AEgyptiumi’
466 2037 572 2068 Timuit
597 2048 661 2077 ergo
688 2039 809 2078 Moyses,
835 2038 994 2078 Pharaoque
1044 2042 1142 2078 ἤκουσε
1155 2042 1182 2072 δὲ
1196 2043 1301 2084 Φαραὼ
1312 2042 1343 2072 τὸ
1358 2045 1431 2083 ῥῆμα
1441 2065 1449 2079 ,
1463 2043 1508 2072 καὶ
1521 2042 1607 2079 ἐζήτει
1621 2043 1722 2071 ἀνελεῖν
1735 2044 1820 2072 Μωῦ-

248 2097 305 2115 rem
320 2092 419 2125 gestam
429 2084 545 2120 audivit,
560 2095 591 2113 ac
604 2084 739 2122 quaerehat
751 2085 899 2115 interficere
911 2087 992 2126 Moy·
1044 2090 1103 2123 σῆν.
1116 2088 1250 2125 Φοὸηθεὶς
1261 2089 1289 2118 δὲ
1302 2090 1421 2124 Μωϋο-’ῆς
1430 2111 1437 2124 ,
1458 2088 1627 2128 ἀνεχώρησεν
1641 2089 1679 2122 εἰς
1692 2088 1822 2128 Μαδιάμ·

248 2144 316 2163 sem.
329 2134 451 2162 Metuens
462 2134 570 2172 Moyses
591 2131 697 2161 secessit
708 2131 735 2160 in
750 2132 870 2162 Madiam
887 2143 894 2162 :
906 2133 993 2174 juvit·
1044 2134 1174 2170 ἐὸοήθησε
1195 2139 1253 2169 ταῖς
1277 2135 1437 2175 θυγατράσιν
1450 2135 1533 2175 Ἰοθὸρ
1557 2135 1623 2175 πρὸς
1650 2134 1680 2164 τὸ
1700 2134 1820 2165 ποτίσαι.

247 2190 301 2219 que
313 2178 434 2209 Jothoris
444 2178 515 2207 filias
528 2177 564 2206 ad
576 2176 740 2216 aquandum.
754 2177 812 2207 Illae
827 2189 880 2207 rem
894 2186 994 2218 gestam
1044 2181 1079 2209 At
1106 2180 1133 2210 δὲ
1155 2181 1314 2222 ἄνήγγειλαν
1327 2183 1366 2220 τῷ
1380 2181 1462 2222 πατρὶ
1474 2181 1505 2211 τὸ
1517 2180 1622 2221 γεγονὸς
1631 2203 1639 2218 ,
1651 2180 1696 2210 καὶ
1710 2181 1823 2221 εἰσήγα-

247 2226 318 2266 patri
331 2225 534 2260 nuntiaverunt,
544 2223 578 2252 ad
586 2234 700 2262 eumque
712 2223 849 2253 adduxere
859 2226 990 2265 Moysem.
1043 2238 1090 2266 γον
1106 2226 1172 2267 πρὸς
1190 2227 1268 2257 αὐτὸν
1286 2227 1330 2257 τὸν
1344 2229 1475 2263 Μωῦσῆν.
1491 2227 1546 2257 Καὶ
1560 2227 1666 2257 δίδωσιν
1681 2228 1753 2266 αὖτῷ
1773 2226 1824 2263 τὴν

247 2271 344 2303 Jothor
356 2270 432 2300 dedit
444 2270 485 2299 illi
500 2269 584 2299 filiam
597 2280 673 2298 suam
686 2270 714 2298 in
727 2279 838 2299 uxorem
856 2282 862 2298 τ
878 2277 903 2300 et
916 2282 993 2311 pepe·
1010 2278 1028 2301 D
1045 2273 1177 2314 θυγατέρα
1191 2274 1271 2303 αὗτοῧ
1289 2278 1417 2313 γυναῖκα·
1432 2273 1478 2303 καὶ
1501 2273 1575 2303 ἔτεκε
1594 2275 1632 2313 τῷ
1647 2274 1752 2313 Μωῦσῇ
1777 2272 1825 2302 τὸν

249 2377 314 2411 gatis
335 2374 518 2408 exemplaribus
535 2373 638 2408 legitur,
651 2376 691 2403 ἔως
705 2378 733 2400 ἂν
751 2377 805 2409 ἔλθῃ
826 2378 857 2401 τὰ
876 2379 1013 2409 ἀποκείμενα
1062 2376 1137 2409 phico
1149 2376 1237 2403 decem
1249 2378 1310 2402 anni
1317 2376 1360 2403 hic
1371 2383 1397 2403 et
1407 2376 1473 2403 infra
1483 2378 1568 2403 omissi
1576 2382 1643 2403 sunt.

251 2421 311 2451 αὐτῷ
326 2426 331 2440 ;
352 2414 396 2441 sed
413 2416 439 2440 in
455 2413 606 2447 quibusdam
620 2412 794 2438 ecclesiasticis
811 2413 983 2447 scriptoribus
995 2416 1013 2448 ᾧ
1094 2417 1108 2436 b
1126 2414 1214 2442 Codex
1233 2415 1407 2450 Lugdunensis
1425 2417 1460 2442 sle
1479 2415 1572 2442 desinit
1591 2425 1596 2440 :
1618 2418 1780 2452 ἐπανέρχονται
1800 2419 1827 2447 ἐξ

251 2462 368 2485 ἀπόκειται
377 2455 476 2489 legitur,
482 2459 508 2479 et
515 2455 551 2479 sic
560 2452 672 2478 habebat
681 2452 858 2487 chrysostomi
867 2453 1010 2487 exemplar:
1063 2457 1173 2487 Αἰγύπτου
1192 2460 1316 2489 ἀνενεγκεῖν
1334 2459 1403 2482 αὐτοῦ
1422 2460 1453 2483 τὰ
1468 2459 1532 2483 ὀστᾶ-
1552 2458 1565 2482 ὸ
1579 2457 1604 2481 δὲ
1621 2459 1729 2482 ἀπιθανε.
1742 2459 1823 2485 ἔθηκαν

252 2505 310 2521 nam
323 2497 358 2521 sic
371 2495 411 2520 ille
422 2494 482 2528 legit
494 2492 520 2518 in
531 2493 647 2519 Genesim
658 2502 684 2525 p.
699 2493 756 2524 638,
769 2498 794 2517 et
806 2492 875 2519 alibi.
1061 2498 1135 2521 αὐτῶν
1150 2507 1215 2525 παιος
1224 2494 1282 2529 (sic)
1294 2499 1316 2521 ἐν
1331 2501 1361 2529 τῇ
1378 2501 1436 2532 σορῷ
1448 2500 1489 2526 τὴν
1500 2499 1523 2522 ἐν
1536 2497 1649 2530 Αἰγύπτῳ.
1665 2496 1714 2520 nic
1725 2493 1823 2528 aliquid

285 2545 295 2555 ²
303 2536 394 2561 omnia
404 2533 556 2566 exemplaria
566 2532 705 2558 Biblini-um
717 2538 817 2557 centum
830 2538 855 2557 et
864 2532 952 2557 decem
964 2541 1010 2557 an-
1060 2539 1172 2559 eti-atum
1185 2535 1324 2568 vitiumque
1333 2540 1380 2560 est.

253 2583 298 2600 nos
310 2575 366 2601 vita:
378 2573 487 2607 Joscpho
499 2572 614 2599 tribuunt
626 2585 631 2601 ς
644 2571 688 2597 sed
700 2571 779 2605 lapsu,
793 2577 821 2597 ut
833 2571 941 2602 videtur,
954 2581 1011 2605 gra-
