1890 2826
256 138 350 184 178ν

251 212 310 240 111111
324 221 340 240 3
353 210 506 251 captivitate
527 210 582 240 laesi
607 220 658 240 non
672 217 746 246 sunt,
767 209 814 240 sed
830 209 913 240 etiam
934 210 993 249 ejus

251 267 334 296 opera
347 256 507 286 illustriores
518 263 674 293 evaserunt3
688 255 835 294 eodemque
847 254 928 285 modo
936 255 993 284 Da-

252 302 359 332 nielem.
371 301 448 340 Quid
466 313 529 332 vero
543 302 663 342 Joseph?
677 300 744 340 quid
757 301 821 330 mali
835 310 928 342 passus
941 306 991 336 est,

253 359 316 378 cum
321 355 348 378 et
354 348 522 389 peregrinus,
531 355 556 377 et
565 354 698 384 servus,et
712 346 836 387 captivus
843 353 882 376 est
887 346 971 376 factus
979 346 994 374 Ξ)

251 404 340 424 nonne
355 394 407 423 hoc
425 404 510 423 unum
538 393 580 422 illi
604 392 774 433 splendorem
803 391 991 432 comparavit?

251 440 328 478 Quid
343 450 406 470 vero
424 440 524 469 mulier
540 439 588 469 illa
606 439 730 472 barbara.
745 449 805 478 quae
829 438 857 467 in
882 437 990 478 opibus,
1011 441 1030 465 E

251 486 388 527 superbia,
403 493 429 516 et
448 484 578 516 libertate*
589 485 713 525 degebat,
728 484 792 514 inde
810 485 913 514 lucrata
929 490 967 513 est
979 483 993 512 9

251 543 339 562 nonne
354 533 474 562 omnium
485 532 537 561 suit
557 531 717 568 miserrima,
731 538 873 571 postquam
884 531 954 567 istis,
963 537 993 559 ut

252 579 402 620 oportebat,
415 579 456 608 uti
470 578 577 608 noluit?
595 579 658 608 Haec
673 577 757 617 igitur
768 576 906 607 evidenter
915 587 930 605 a
942 586 994 605 no-

250 626 294 656 bis
305 633 368 655 sunt
380 625 569 662 demonstrata,
581 634 703 663 quaenam
712 623 770 653 sint·
775 623 857 660 mala,
868 632 991 662 quaenam

251 672 334 709 hona,
345 681 467 710 quaenam
477 670 578 707 media,
589 676 615 699 et
627 669 662 699 de
675 668 772 698 mediis
785 668 860 708 loqui
876 668 994 708 prophe-

253 724 318 755 tam,
332 727 392 756 quae
409 716 496 756 reipsa
513 716 585 745 mala
601 724 655 744 non
675 721 750 751 sunt,
765 714 812 744 sed
825 714 909 753 vulgo
923 713 993 743 mala

253 763 391 801 videntur,
412 763 446 792 de
469 761 634 802 captivitate,
657 761 798 797 servitute,
821 759 992 790 abductione.

252 810 342 846 Quam
354 819 418 839 vero
430 808 466 838 ob
477 818 586 838 causam
597 807 654 836 haec
668 805 740 836 dicta
757 806 821 843 sint,
833 815 920 847 operae
933 815 995 845 pre-

252 854 321 883 tinm
331 853 411 883 suerit
424 863 495 883 nnnc
509 852 614 882 docere.
634 851 770 891 Benignus
783 862 846 881 cum
859 851 894 881 sit
907 852 991 888 Deus,
1002 873 1039 893 ¹55

253 905 280 928 ct
299 898 334 928 ad
353 898 536 928 miserandum
554 904 693 937 promtuS,
706 897 742 926 ad
761 895 945 935 castigandum
963 906 994 925 30
1011 901 1032 924 Δ

253 944 420 985 puniendum
429 950 568 973 cunctator
580 949 607 972 et
619 941 760 979 tardus,ne
773 942 791 972 J
793 941 882 970 udaeos
889 941 996 982 suppli-

129 999 172 1021 Pro
159 999 216 1036 onte
205 1003 243 1021 ειη
252 991 302 1021 ciis
313 990 465 1025 mulctaret,
479 988 623 1029 prophetas
635 987 720 1023 misit,
735 993 766 1016 ut
778 986 869 1016 verbis
881 996 927 1016 eos
940 993 995 1016 ter-

101 1032 208 1052 curmlSS

210 1039 225 1052 ¹'
252 1044 331 1074 reret,
347 1046 432 1075 neque
451 1035 533 1064 rebus
554 1033 621 1074 ipsis
641 1032 774 1072 puniret·
795 1031 870 1071 quod
887 1038 914 1062 et
933 1041 996 1072 erga

251 1084 386 1114 Ninivitas
404 1081 535 1122 praestitit.
557 1081 629 1110 Nam
640 1085 666 1108 et
685 1078 744 1108 illic
761 1078 828 1108 olim
851 1077 945 1108 urbem
968 1088 996 1109 se

252 1140 409 1161 eversurum
433 1128 551 1158 minatus
578 1132 628 1163 est,
644 1135 697 1154 11011
724 1131 754 1154 111
779 1130 921 1161 everteret,
948 1123 997 1154 sed

253 1183 284 1206 ut
305 1186 358 1206 non
387 1180 527 1211 everteret,
552 1171 627 1211 quod
659 1171 752 1210 utique
783 1171 906 1211 contigit.
939 1171 996 1201 Hoc

253 1224 381 1252 nimirum
410 1228 436 1251 et
467 1227 532 1251 tunc
561 1219 666 1259 agebat,
691 1217 836 1258 prophetas
862 1217 994 1254 mittebat,

253 1279 284 1298 ac
305 1268 484 1297 barbarorum
511 1264 687 1302 incursiones,
711 1263 794 1301 bella,
816 1262 994 1303 captivitates,

253 1313 452 1350 abductionem,
468 1319 494 1342 et
513 1311 540 1342 in
567 1311 654 1340 aliena
679 1309 786 1349 regione
810 1309 998 1339 commoratio-

255 1370 316 1390 nem
333 1359 497 1389 minabatur.
517 1358 554 1390 Et
571 1355 798 1396 quemadmodum
811 1362 887 1396 pater
903 1354 996 1385 indul-
1014 1358 1031 1382 B

254 1417 329 1446 gens,
344 1406 390 1436 cui
409 1405 483 1435 filius
505 1411 544 1434 est
561 1402 724 1433 libidinosus
745 1412 776 1431 ac
798 1402 946 1442 negligens,
961 1401 997 1430 ad

253 1463 344 1482 sanam
357 1459 474 1481 mentem
492 1451 586 1481 volens
604 1460 667 1479 eum
681 1448 819 1486 reducere,
834 1447 940 1487 flagella
954 1458 996 1477 re-

253 1499 348 1538 quirit,
367 1499 444 1527 funes
460 1497 578 1526 minatur
595 1495 687 1525 dicens
703 1506 710 1523 =
726 1493 865 1530 Vinciam,
881 1493 996 1533 flagellis

253 1545 365 1581 caedam,
378 1543 547 1579 interficiam,
559 1542 644 1581 fitque
657 1540 747 1571 verbis
760 1539 889 1570 terribilis
903 1546 934 1568 ut
947 1539 997 1569 1130

254 1590 356 1620 ratione
371 1589 480 1630 juvenis
491 1588 691 1629 improbitatem
708 1591 878 1626 compescat:
892 1584 928 1614 ita
950 1585 996 1614 ni-

253 1638 353 1668 mirum
366 1638 440 1666 Dens
453 1635 579 1665 continue
588 1633 752 1669 minabatur,
765 1642 826 1662 cum
840 1642 885 1661 eos
898 1631 997 1672 injecto

253 1690 327 1712 metu
338 1682 451 1712 reddere
465 1681 589 1710 meliores
601 1679 692 1710 vellet.
708 1679 771 1709 Haec
784 1687 892 1709 cernens
902 1677 997 1706 diabo-

254 1729 297 1758 lus
309 1729 455 1767 volensque
470 1725 691 1762 emendationem,
705 1735 765 1763 quae
786 1723 998 1762 consequebatur

254 1775 302 1804 1135
315 1775 412 1812 minas,
426 1773 568 1814 impedire,
579 1771 827 1812 pseudoprophetas
841 1770 963 1807 immisit,
973 1776 999 1799 et

255 1820 392 1862 prophetis
403 1819 597 1860 captivitatem,
607 1817 776 1853 servitutem,
792 1817 942 1855 famemque
951 1816 1000 1846 mi-

254 1868 392 1904 nantibus,
399 1867 441 1895 illi
456 1865 600 1902 contraria,
615 1875 720 1905 pacem,
734 1871 812 1893 terrae
825 1863 998 1900 fertilitatem,

255 1914 458 1943 innumerorum
469 1913 603 1942 bonorum
619 1911 726 1951 copiam
745 1909 936 1949 praedicebant.
951 1909 1001 1940 td-

106 1970 153 1991 Jer.
166 1968 189 1991 6.
211 1966 246 1999 14.
257 1960 328 1989 circo
336 1959 528 1999 exprobrantes
538 1957 595 1986 illis
607 1956 744 1996 prophetat
763 1956 898 1985 dicebant.
919 1957 999 1991 Pax,

111 2244 170 2267 [mi.
182 2244 248 2274 4537.

257 2017 316 2042 pax
322 2012 369 2042 ;et
382 2006 432 2033 ubi
445 2010 487 2034 est
498 2015 558 2044 paz
566 2006 579 2031 P
591 2003 626 2033 Et
638 2003 727 2032 sciunt
739 2013 841 2040 omncs,
852 2003 900 2042 qni
912 2013 1000 2032 sacra-

258 2063 320 2082 rum
333 2051 472 2080 literarum
482 2056 544 2079 sunt
553 2049 679 2086 studiosi,
690 2055 786 2078 cuncta
796 2050 926 2086 evenisse,
941 2058 1001 2088 qua:

258 2098 394 2140 prophetae
409 2096 588 2137 praedixerant
599 2095 727 2125 adversus
741 2095 998 2135 pseudoprophetas,

258 2145 304 2184 qui
331 2144 427 2184 populi
443 2142 564 2173 studium
586 2141 764 2171 debilitabant
781 2151 812 2170 ac
831 2142 1000 2180 frangebant.

260 2190 395 2229 Quoniam
408 2189 492 2229 igitur
504 2187 638 2228 populum
651 2186 687 2216 ita
701 2186 864 2216 dissolutum
877 2198 1000 2216 corrum-

259 2237 368 2277 pebant,
385 2245 433 2275 per
453 2233 596 2274 prophetas
615 2232 653 2262 ait
671 2233 744 2262 Deus
760 2244 768 2262 =
783 2233 848 2272 Ego
863 2233 944 2262 Deus
949 2234 1003 2274 sa-

261 2285 338 2313 ciens
349 2291 462 2322 pacem,
470 2287 498 2310 et
511 2289 614 2309 creans
626 2279 718 2308 mala.
729 2279 765 2309 Et
776 2289 898 2318 quaenam
908 2280 1003 2308 mala⁰
989 2302 996 2308 .

261 2332 325 2362 Haec
333 2339 392 2369 quae
405 2333 611 2357 commemorata
624 2332 697 2363 sunt,
713 2325 905 2365 captivitatem,
920 2324 1003 2354 servi-

261 2385 346 2408 tutem
370 2382 396 2406 et
408 2375 462 2405 alia
474 2372 629 2413 ejusmodi:
643 2382 697 2402 non
710 2371 911 2401 fornicationem
921 2378 950 2400 et
963 2370 1002 2399 la·
1021 2373 1039 2396 D

262 2424 384 2460 sciviam,
393 2430 420 2453 et
428 2421 580 2458 avaritiam,
590 2429 675 2458 neque
686 2418 763 2448 aliud
772 2418 920 2458 quidquam
930 2419 1003 2459 ejus-

295 2525 306 2536 3
323 2514 352 2545 ὸς
364 2519 454 2542 ἅπαντα
467 2519 566 2549 κρατεῖν.
582 2512 642 2537 llaec
651 2511 706 2543 jure
717 2511 804 2536 vitiata
817 2509 934 2535 videntur
946 2509 1020 2535 Savi-

264 2555 309 2580 no.
326 2554 375 2580 Sed
396 2554 443 2579 talc
464 2554 553 2580 vitium
571 2555 617 2582 est,
636 2556 663 2575 ut
681 2551 807 2576 ineam-im
820 2549 917 2575 laboret
929 2549 970 2582 qui
991 2557 1021 2574 ex

580 148 608 171 S.
637 148 778 172 JoANNts
802 147 987 171 cmwsos'r.
1016 147 1171 171 Anctmzl‘.
1200 148 1474 172 CONSTANTINOP-

1047 209 1116 239 ἀλλὰ
1137 203 1182 239 καὶ
1202 210 1401 251 λαμπροτέρους
1418 211 1465 240 ἀπ’
1489 210 1571 246 αὐτῆς
1591 207 1758 248 γινομένους·
1773 206 1819 236 καὶ

1046 254 1091 284 τὸν
1105 256 1208 292 Δανιὴλ
1220 256 1326 295 ὁμοίως.
1340 256 1378 286 Τί
1392 256 1420 285 δὲ
1433 258 1448 286 6
1458 254 1578 295 ·Ἰωσ·ήφ;
1588 254 1616 283 τί
1629 253 1710 284 κακὸν
1721 253 1819 288 ἔπαθε,

1046 301 1092 330 καὶ
1107 301 1191 339 ξένος,
1207 302 1253 332 καὶ
1267 303 1357 335 δοῦλος
1367 323 1375 337 ,
1395 301 1441 332 καὶ
1456 301 1561 341 δέσμιος
1583 300 1736 340 γενόμενος
1759 297 1820 338 οὐχὶ

1051 347 1095 376 διὰ
1108 350 1186 377 τοῦτο
1199 347 1277 387 μόνον
1290 347 1422 387 εὐδοκίμει
1436 347 1482 377 καὶ
1494 346 1613 386 ἔλαμπες
1629 345 1667 376 Τί
1680 345 1708 374 δὲ
1721 347 1739 380 ἡ
1755 343 1821 384 βάρ·

1050 392 1130 433 ὅαρος
1153 393 1240 430 ἐκείνη
1262 393 1327 433 γυνὴ
1337 415 1346 430 ,
1361 393 1406 424 καὶ
1430 394 1457 423 ἐν
1469 392 1577 432 πλούτῳ
1595 390 1642 421 καὶ
1653 389 1821 431 ὑπερηφανίᾳ

1049 439 1095 469 καὶ
1116 440 1144 469 ἐν
1167 440 1301 480 ἐλευθερίᾳ
1326 438 1516 479 διατρίὸουσα,
1539 439 1656 468 ἐντεῦθεν
1681 435 1819 472 ἀπώνατο,

1049 484 1109 525 οὐχὶ
1133 485 1238 515 πάντων
1261 481 1294 523 ἧν
1315 485 1479 524 ἀθλιωτέρα,
1494 483 1585 520 ἐπειδὴ
1598 482 1700 516 τούτοις
1711 483 1750 515 εἰς
1762 480 1820 510 δέον

1049 530 1201 570 χρήσασθαι
1225 533 1273 562 οὐκ
1296 532 1438 568 ἠθέλησεν;
1462 532 1566 560 Οὐκοῦν
1587 531 1672 559 ταῦτα
1693 527 1742 567 μὲν
1755 529 1820 565 ἡμῖν

1050 576 1234 607 ἀποδέδεικται
1253 579 1360 617 σαφῶς,
1373 577 1433 607 τίνα
1451 576 1500 616 μὲν
1511 575 1597 612 κακὰ,
1610 573 1670 605 τινὰ
1684 573 1712 604 δὲ
1733 572 1820 608 καλὰ,

1049 621 1109 651 τίνα
1121 622 1149 652 δὲ
1164 622 1248 662 μέσα·
1268 623 1315 653 καὶ
1331 623 1374 653 ὅτι
1394 622 1457 662 περὶ
1478 623 1532 651 τῶν
1554 621 1641 660 μέσων
1655 622 1669 649 6
1683 618 1820 660 προφήτης

1050 668 1147 708 φησὶν,
1169 669 1199 698 οὐ
1213 671 1265 698 τῶν
1280 668 1362 702 ’ὄντως
1381 670 1489 704 κακῶν,
1512 666 1582 697 ἀλλὰ
1602 669 1655 697 τῶν
1675 664 1819 695 δοκούντων

1049 709 1117 744 εἶναι
1136 719 1192 749 τοῖς
1204 715 1326 752 πολλοῖς,
1341 714 1543 755 αἰχμαλωσίας,
1558 712 1692 748 δουλείας,
1707 711 1820 750 ἀπαγω-

1049 761 1106 799 γῆς.
1121 760 1201 794 Τίνος
1224 761 1251 790 δὲ
1271 760 1359 791 ἕνεκεν
1383 763 1468 790 ταῦτα
1486 760 1604 800 εἴρηται,
1618 760 1760 798 ἀναγκαῖον
1782 757 1822 786 εἶ-

1049 809 1119 836 πιῗν.
1139 806 1333 847 Φιλάνθρωπος
1354 806 1391 836 ὢν
1405 809 1419 836 6
1433 806 1516 842 Θεὸς,
1537 805 1583 835 καὶ
1605 804 1667 845 περὶ
1687 803 1718 833 τὸ
1739 803 1820 832 ἐλεεῖν

1049 849 1120 887 ὀξὺς,
1134 851 1200 891 πρὸς
1222 852 1249 882 δὲ
1270 852 1301 882 τὸ
1321 855 1493 893 τιμωρεῖσθαι
1512 851 1557 881 καὶ
1571 850 1689 884 κολάζειν
1708 847 1821 878 ἀναδυό-

1049 908 1142 935 μενος,
1166 897 1234 929 ὥστε
1258 898 1296 938 μὴ
1318 898 1379 932 τοὺς
1397 897 1538 931 Ἰουδαίους
1557 897 1720 937 παραδοῦναι
1733 906 1820 934 τιμω-

1050 942 1133 983 ρίαις,
1145 944 1282 985 προφήτας
1295 944 1398 985 ἔπεμψε
1407 968 1415 982 ,
1429 944 1517 986 φοῧῶν
1534 943 1628 977 αὐτοὺς
1646 941 1690 972 διὰ
1703 944 1756 971 τῶν
1771 943 1819 981 ῥη-

1045 988 1152 1026 μάτων,
1165 989 1235 1020 ὥστε
1247 989 1284 1030 μὴ
1306 990 1419 1021 κολάσαι
1438 990 1482 1020 διὰ
1495 992 1547 1020 τῶν
1559 987 1723 1029 πραγμάτων
1732 1009 1740 1023 ,
1754 986 1820 1026 ὅπερ

1049 1034 1096 1064 καὶ
1119 1034 1164 1064 ἐπὶ
1186 1037 1239 1065 τῶν
1262 1037 1407 1067 Νινιυιτῶν
1429 1036 1522 1066 ἐποίει.
1544 1035 1598 1066 Καὶ
1619 1034 1671 1075 γὰρ
1692 1035 1747 1064 ἐκεῖ
1759 1032 1819 1062 τότε

1049 1079 1098 1117 τὴν
1108 1080 1186 1111 πόλιν
1199 1081 1381 1122 καταστρέψαι
1392 1082 1547 1118 ἠπείλησεν,
1559 1083 1610 1122 οὐχ
1621 1081 1666 1111 ἵνα
1674 1079 1819 1120 καταστρέ-

1049 1127 1098 1166 ψῃ,
1112 1126 1172 1156 ἀλλ’
1184 1126 1228 1156 ἵνα
1251 1127 1289 1167 μὴ
1307 1128 1479 1168 καταστρέψῃ
1488 1140 1494 1147 ·
1509 1127 1573 1168 ὅπερ
1587 1124 1631 1157 οὖν
1645 1126 1691 1157 καὶ
1704 1125 1819 1165 ἐγένετο.

1051 1173 1138 1202 Τοῦτο
1151 1172 1183 1209 δὴ
1198 1173 1243 1203 καὶ
1256 1173 1316 1204 τότε
1330 1173 1459 1215 ἔπραττε,
1472 1173 1518 1204 καὶ
1530 1172 1670 1214 προφήτας
1687 1172 1820 1211 ἔπεμπεν,

1051 1218 1168 1248 ἀπειλῶν
1182 1219 1322 1260 βαρὸάρων
1341 1220 1450 1260 ἔφοδον,
1463 1219 1608 1259 πολέμους,
1622 1217 1820 1259 αἰχμαλωσίας,

1051 1265 1181 1302 δουλείας,
1196 1265 1342 1306 ἀπαγωγὴν
1350 1287 1358 1302 ,
1371 1265 1420 1302 τὴν
1430 1267 1458 1296 ἐν
1470 1265 1595 1307 ἀλλοτρίᾳ
1608 1264 1754 1305 διατριὸήν.
1766 1263 1820 1294 Καὶ

1051 1310 1170 1351 καθάπερ
1189 1310 1279 1351 πατὴρ
1300 1311 1469 1353 φιλόστοργος
1488 1312 1572 1342 παῖδα
1591 1310 1738 1342 ἀκόλαστον
1751 1310 1820 1349 ἔχων

1051 1356 1096 1386 καὶ
1115 1357 1247 1397 ῥᾴθυμον,
1268 1357 1430 1398 σωφρονίσαι
1452 1356 1545 1393 θέλων,
1558 1357 1670 1398 ἱμάντας
1683 1357 1802 1393 ἐπιζητεῖ
1808 1374 1825 1390 ,.

1051 1402 1171 1443 σχοίνους
1184 1404 1300 1440 ἀπειλεῖ,
1309 1403 1408 1443 λέγων*
1421 1403 1508 1441 δήσω,
1521 1402 1656 1442 μαστίξω,
1669 1402 1820 1442 ἀναιρήσω,

1051 1448 1097 1477 καὶ
1114 1448 1214 1488 γίνεται
1229 1450 1256 1478 ἐν
1278 1453 1333 1483 τοῖς
1347 1448 1449 1489 ῥήμασι
1460 1449 1581 1490 φοόερὸς,
1594 1449 1663 1479 ὥστε
1674 1448 1758 1488 ταύτῃ
1771 1447 1820 1484 τὴν

1051 1494 1146 1524 κακίαν
1158 1496 1310 1525 ἀναστεῖλαι
1320 1497 1365 1525 τοῦ
1377 1494 1435 1526 νέου
1445 1507 1451 1514 ·
1461 1494 1530 1525 οὕτω
1540 1495 1572 1531 δὴ
1585 1494 1631 1525 καὶ
1640 1497 1655 1526 6
1665 1494 1734 1528 Θεὸς
1745 1493 1823 1531 ἠπεί-

1051 1541 1092 1570 λει
1105 1542 1238 1581 συνεχῶς,
1252 1542 1290 1581 τῷ
1305 1540 1379 1581 φόὸῳ
1391 1543 1501 1577 ποιῆσαι
1515 1540 1634 1581 βελτίους
1655 1540 1820 1581 βουλόμενος.

1052 1587 1146 1616 Ταῦτα
1161 1588 1229 1627 ὁρῶν
1242 1589 1257 1617 6
1270 1587 1399 1623 διάὸολος,
1413 1585 1459 1616 καὶ
1473 1586 1630 1627 βουλόμενος
1647 1587 1756 1617 ἐκλῦσαι
1768 1586 1818 1623 τὴν

1052 1634 1083 1662 ἐκ
1096 1635 1143 1668 τῆς
1161 1632 1284 1670 τοιαύτης
1304 1634 1415 1669 ἀπεῆς
1436 1632 1573 1673 διόρθωσιν
1591 1632 1749 1673 γινομένην,
1770 1643 1820 1662 κα-

1053 1681 1118 1715 θῆκε
1138 1678 1371 1720 ψευδοπροφήτας,
1386 1678 1431 1709 καὶ
1449 1680 1502 1709 τῶν
1516 1680 1658 1720 προφητῶν
1679 1678 1822 1708 ἀπειλούν-

1054 1737 1107 1755 των
1121 1725 1322 1766 αἰχμαλωσίαν,
1340 1725 1386 1755 καὶ
1401 1725 1534 1762 δουλείαν,
1547 1725 1592 1755 καὶ
1608 1725 1715 1764 λιμοὺς,
1728 1726 1823 1755 ἐκεῖνοι

1054 1771 1087 1801 τὰ
1102 1772 1208 1804 ἐναντία
1228 1772 1333 1812 ἔλεγον,
1355 1772 1476 1812 εἰρήνην,
1495 1769 1650 1812 εὐετηρίαν,
1664 1771 1710 1801 καὶ
1723 1771 1823 1812 μυρίων

1056 1818 1160 1857 ἀγαθῶν
1182 1817 1338 1848 ἀπόλαυσιν.
1361 1818 1411 1849 Διὸ
1431 1818 1477 1848 καὶ
1498 1818 1665 1852 ὀνειδίζοντες
1686 1819 1775 1851 αὖτοῑς
1797 1819 1824 1847 οἱ

1055 1866 1190 1904 προφῆται
1212 1864 1316 1903 ἔλεγον·
1330 1864 1455 1904 Ἐἰρήνη,
1477 1864 1583 1905 εἰρήνη·
1610 1863 1656 1893 καὶ
1678 1866 1729 1893 ποῦ
1751 1864 1823 1893 ἐστιν

1055 1909 1164 1950 εἰρήνη;
1178 1910 1232 1939 Καὶ
1245 1909 1302 1940 ὅσοι
1312 1912 1364 1940 τῶν
1379 1909 1541 1950 φιλολόγων,
1553 1912 1632 1940 τοῦτο
1651 1909 1754 1945 ἴσασιν,
1766 1911 1779 1925 ⁸
1789 1911 1825 1943 ὥς

1055 1955 1160 1986 ἅπαντα
1181 1960 1286 1996 κρατεῖν
1296 1978 1304 1994 ,
1318 1956 1336 1985 ἃ
1349 1960 1404 1990 τοῖς
1416 1955 1565 1997 προφήταις
1577 1955 1642 1996 πρὸς
1655 1955 1716 1990 τοὺς
1730 1956 1824 1996 ψευδο-

1054 2001 1192 2042 προφήτας
1205 2002 1338 2041 ἐγένοντο,
1352 2001 1479 2032 ἐκλύοντα
1492 2004 1539 2032 τοῦ
1551 2003 1617 2031 λαοῦ
1630 2001 1680 2039 τὴν
1698 2001 1824 2038 σπουδήν.

1054 2048 1134 2078 Ἐπεὶ
1147 2043 1191 2078 οὗν
1206 2048 1288 2082 οὕτως
1301 2047 1438 2082 ἐκλύοντες
1457 2047 1603 2088 διέφθειραν
1621 2047 1667 2078 τὸν
1678 2047 1742 2077 λαὸν
1750 2067 1758 2082 ,
1771 2058 1824 2087 φη·

1056 2094 1097 2124 σὶν
1115 2096 1129 2123 6
1146 2094 1215 2128 Θεὸς
1228 2094 1272 2124 διὰ
1290 2097 1343 2125 τῶν
1363 2096 1505 2135 προφητῶν
1517 2105 1524 2112 ·
1542 2093 1616 2133 Ἐγὼ
1629 2095 1644 2123 6
1661 2093 1731 2127 Θεὸς
1742 2095 1825 2123 ποιῶν

1057 2141 1176 2181 εἰρήνην,
1199 2141 1245 2171 καὶ
1266 2141 1360 2175 κτίζων
1380 2141 1459 2172 κακά.
1477 2140 1531 2171 Καὶ
1553 2144 1618 2170 ποῖα
1631 2139 1717 2176 κακά;
1732 2140 1827 2169 Ταῦτα

1056 2187 1090 2218 τὰ
1103 2187 1245 2228 εἰρημένα,
1256 2187 1441 2228 αἰχμαλωσίαν
1449 2209 1456 2223 ,
1469 2185 1589 2216 δουλείαν
1597 2207 1606 2221 ,
1616 2186 1662 2216 καὶΙ
1673 2185 1723 2215 ὅσα
1736 2188 1828 2216 τοιῶ-

1057 2247 1091 2264 τα
1099 2246 1106 2252 ·
1129 2236 1158 2264 οὗ
1182 2233 1322 2273 πορνείαν,
1346 2233 1392 2263 καὶ
1413 2232 1568 2272 ἀσέλγειαν,
1589 2232 1635 2262 καὶ
1659 2231 1826 2268 πλεονεξίαν,

1058 2280 1116 2311 οὐδὲ
1130 2281 1195 2310 ἄλλο
1208 2281 1261 2309 τῶν
1274 2279 1399 2309 τοιούτων
1413 2279 1496 2308 οὐδέν.
1508 2278 1560 2308 Διὰ
1570 2290 1647 2308 τουτο
1659 2279 1704 2308 και
1715 2281 1730 2308 6
1740 2278 1829 2318 ἕτερος

1057 2326 1203 2370 προφήτης
1206 2325 1305 2362 εἰπὼν,
1318 2326 1352 2357 Εἰ
1367 2326 1423 2354 ἔστι
1437 2324 1518 2354 κακία
1531 2326 1559 2354 ἐν
1579 2324 1671 2359 πόλει,
1684 2324 1717 2360 ἣν
1731 2324 1828 2365 Κύριος

1058 2374 1107 2402 οὐκ
1119 2367 1228 2408 ἐποίησε
1239 2393 1248 2409 ,
1262 2370 1361 2406 ταύτην
1379 2370 1452 2410 λέγει
1465 2370 1514 2406 τὴν
1528 2370 1634 2407 κακίαν,
1646 2370 1707 2403 τους
1716 2369 1826 2408 λιμους,

1058 2418 1104 2452 τὰς
1124 2418 1223 2455 νόσους,
1235 2429 1283 2451 τας
1300 2416 1441 2452 θεηλάτους
1453 2416 1566 2456 πληγάς.
1580 2415 1660 2446 Οὕτω
1671 2427 1715 2445 και
1730 2417 1744 2445 6
1759 2416 1828 2455 Χρι-

1071 2511 1215 2544 conjectura
1227 2509 1311 2535 locum
1321 2507 1451 2534 restituere
1463 2508 1605 2535 tentaverit.
