1904 2840
110 410 225 432 Mammo-

140 2003 236 2019 lexlv

98 2153 165 2175 Psal.
172 2151 237 2175 353.

238 172 308 206 818

233 244 314 274 habet
331 244 359 273 111
378 243 459 279 caelo,
479 253 527 273 nec
541 253 616 283 spem
634 243 663 272 iu
675 243 762 272 Deum
776 254 783 271 ε
799 239 847 271 nec
860 249 977 271 mentem
994 244 1014 268 Δ
1030 240 1141 271 dinibus
1154 252 1167 271 s
1189 241 1360 278 irstualibus,
1374 241 1422 272 sed
1435 241 1576 273 laboribus
1590 252 1622 273 oo

234 283 363 314 mundam
374 290 420 312 ets
442 282 588 320 iritualem,
597 293 682 322 neque
694 289 780 323 potest
790 292 889 321 corpus
897 292 977 311 suum

235 334 340 353 servare
351 294 483 360 lucidinm,
497 322 526 352 id
539 330 595 358 est,
617 322 674 353 sine
683 329 791 362 peccato
803 334 809 351 :
823 321 886 362 quia
900 331 977 351 nemo

270 362 433 392 testduobus
439 362 556 392 dominis
563 362 676 398 servite,
686 363 750 391 Deo
758 367 787 390 et
792 371 976 398 mammonae,

236 402 264 432 id
277 409 333 438 est,
350 401 466 431 divitiis.
482 404 642 431 Mammonae
664 401 737 431 enim
757 401 866 441 Syriaca
886 400 978 440 lingua

236 441 337 471 divitiae
348 441 529 481 appellantur.
543 442 621 472 Sicut
633 451 697 481 ergo
712 442 758 480 qui
773 442 842 470 duos
855 439 978 470 dominos

235 482 327 518 habet,
340 492 444 510 necesse
456 488 505 518 est,
515 488 545 510 ut
554 491 638 510 unum
646 488 728 517 amet,
738 487 764 510 et
770 480 885 510 alterum
893 480 976 514 odiat,

236 531 321 550 unum
331 527 491 558 contemnat,
502 527 528 550 et
540 521 618 550 alteri
631 520 738 550 obediat
751 532 758 548 :
772 520 811 549 sic
821 526 847 549 et
860 519 907 558 qui
918 519 979 550 vult

236 562 324 590 Deum
337 570 438 596 amare,
453 571 556 590 necesse
569 567 625 597 est,
641 567 671 589 ut
689 560 763 589 odiat
784 559 894 589 divitias
907 571 914 588 t
930 559 978 597 qui

235 607 327 629 autem
336 600 454 629 voluerit
465 611 554 629 amare
563 600 686 635 divitias,
693 610 798 630 necesse
808 606 858 635 est,
868 605 896 628 ut
905 599 979 628 odiat

235 641 324 669 Deum
337 652 343 669 ε
359 641 446 678 etqui
457 640 518 670 vult
535 639 658 669 mandata
672 641 722 669 Dei
746 640 831 668 facere
841 661 849 674 ‚
875 648 979 668 necesse

235 686 294 714 cst,
310 686 340 708 ut
358 679 432 709 odiat
450 679 580 709 divitias:
593 686 619 709 et
637 680 684 718 qui
706 679 766 709 vult
780 677 912 708 mandatis
927 678 976 707 Dei

235 719 356 756 obedire,
371 729 476 749 necesse
488 726 545 756 est,
562 725 592 748 ut
605 725 755 749 contemnat
765 718 883 748 avaritiae
901 728 978 746 man-

236 758 298 788 data
311 759 396 788 facere
411 770 417 787 :
430 765 457 788 et
468 759 516 798 qui
535 759 654 789 voluerit
666 757 784 788 avaritiae
798 757 921 786 mandata
937 758 976 786 fa·-

236 808 306 835 cere,
321 809 425 828 necesse
435 805 484 834 at,
494 805 526 827 ut
536 805 687 828 contemnat
698 798 747 828 Dei
759 797 895 826 mandata.
908 798 980 826 Con—

236 837 324 867 sidera
335 845 435 874 autem,
446 848 499 867 non
508 837 590 875 dixit,
598 839 683 868 Nemo
690 844 776 878 potest
786 837 885 866 habere
890 839 978 866 Deum

236 884 263 906 et
274 877 385 906 divitias
398 889 406 906 ι
419 877 466 906 sed
476 900 486 914 ‚
497 879 582 908 Nemo
604 885 690 922 potest
710 877 758 907 Dei
773 887 829 906 esse
846 886 940 906 servus
953 883 980 905 et

236 916 405 947 divitiarum.
424 917 507 946 Aliud
520 924 559 946 est
573 927 644 946 enim
656 917 755 946 habere
767 915 888 951 divitias,
904 915 980 945 aliud

236 964 324 986 autem
336 957 436 986 servire
446 957 560 987 divitiis.
574 957 604 987 Si
615 957 697 986 habes
707 956 830 992 divitias,
842 962 869 985 et
878 955 981 985 divitiae

238 996 291 1025 illae
304 1006 356 1025 non
371 1003 396 1025 te
409 996 510 1026 faciunt
523 997 672 1037 superbum
685 1003 732 1025 aut
753 995 919 1031 violentum,
933 995 981 1024 sed

237 1035 384 1066 secundum
396 1036 469 1075 quod
479 1043 564 1076 potes,
577 1035 626 1065 das
637 1035 840 1076 impotentibus,
853 1035 981 1064 dominus

238 1086 266 1104 es
279 1075 437 1105 divitiarum
449 1083 558 1105 tuarum
569 1098 576 1111 ‚
599 1086 650 1105 non
672 1086 765 1105 servus
779 1086 786 1104 ε
803 1075 867 1114 quia
880 1085 934 1104 non
955 1081 983 1104 te

238 1114 340 1144 divitiae
353 1122 404 1144 tuae
418 1115 584 1151 tenentssed
597 1122 625 1145 tu
639 1115 748 1145 divitias
761 1122 831 1144 tuas.
849 1114 880 1144 Si
892 1122 980 1144 autem

238 1153 340 1184 divitiae
347 1161 399 1183 tuae
408 1155 556 1194 superbum
569 1162 594 1184 te
604 1155 717 1190 faciunt,
731 1162 777 1184 3111
789 1154 982 1191 violentum‚et

238 1194 398 1223 constrictus
410 1194 522 1223 avaritia
536 1195 636 1223 nemini
655 1193 760 1233 aliquid
775 1200 885 1233 praestas
894 1216 902 1231 ‚
916 1201 981 1223 tunc,

239 1243 334 1262 servus
348 1243 376 1262 es
386 1233 545 1262 divitiarum
558 1241 677 1268 tuarum,
689 1244 741 1262 non
757 1233 884 1262 dominus
897 1245 903 1262 ε
917 1233 981 1272 quia

240 1270 343 1302 divitiae
355 1279 408 1301 tuae
419 1279 445 1302 te
456 1280 555 1309 tenent,
578 1283 629 1301 non
650 1280 679 1302 111
695 1272 805 1302 divitias
817 1278 887 1300 tuas.
903 1274 982 1301 Nunc

239 1311 294 1352 jam
307 1311 395 1347 docet,
407 1318 437 1341 ut
456 1322 489 1341 ne
500 1312 581 1341 timor
595 1312 693 1351 inopioe
713 1310 843 1350 impediat
862 1311 897 1339 ab
910 1311 982 1340 elec-

242 1352 362 1391 mosynis
371 1351 535 1381 voluntatem
545 1374 553 1387 ,
567 1351 658 1381 dicens
672 1363 678 1379 :
694 1352 744 1380 25.
759 1351 830 1378 Ideo
848 1350 913 1378 dico
926 1360 982 1378 vo-

243 1392 298 1427 bis,
314 1401 350 1420 ne
363 1391 482 1421 solliciti
494 1392 557 1420 sitis
570 1393 600 1420 in
614 1391 748 1419 cordibus
772 1390 894 1424 vestris,
913 1390 985 1429 quid

242 1431 436 1460 manducetis.
458 1431 528 1460 Nam
553 1429 708 1460 sollicitudo
731 1428 923 1468 desperationis
945 1436 984 1458 cst
1001 1433 1020 1457 C

242 1470 310 1507 filia,
325 1470 388 1509 quia
399 1470 548 1514 desperatio
556 1468 767 1500 sollicitudinem
778 1475 895 1506 generat.
908 1468 984 1505 Quid

242 1516 282 1539 est
304 1509 378 1548 quod
397 1509 481 1546 dicit,
496 1510 567 1538 Ideo
589 1510 655 1538 dico
675 1510 784 1537 vobis?
806 1514 832 1536 et
844 1507 930 1546 quid?
945 1509 984 1537 Ut

242 1549 423 1589 eleemosynas
434 1549 548 1584 faciatis,
559 1555 588 1577 ut
598 1548 804 1577 thesaurizantes
813 1547 840 1575 in
852 1547 927 1583 caelo,
937 1557 984 1577 cor

242 1588 375 1617 mundum
389 1588 520 1623 habeatis,
533 1594 668 1628 sperantes
679 1587 708 1616 in
721 1588 816 1616 Deum.
831 1586 984 1623 Qui'autem

242 1638 255 1657 s
291 1634 330 1656 rat
344 1628 372 1656 in
387 1629 484 1664 Deum,
500 1627 547 1656 ille
561 1637 612 1656 non
624 1633 664 1656 est
677 1626 810 1655 sollicitus
829 1625 897 1664 quid
908 1636 983 1655 man-

239 1638 338 1703 «iiiia,
352 1674 400 1696 aut
419 1678 472 1706 quo
492 1666 621 1697 vestiatur
634 1679 640 1695 :
654 1665 781 1705 quoniam
794 1666 870 1694 nulla
891 1676 934 1695 res
946 1672 986 1696 est

240 1717 302 1746 quae
314 1707 378 1736 facit
391 1707 513 1736 homines
523 1706 665 1746 desperare
678 1705 706 1734 in
718 1705 807 1744 aliqua
820 1705 983 1742 necessitate,

243 1747 296 1776 nisi
310 1747 358 1775 ista
373 1756 415 1775 res
425 1769 432 1783 ,
448 1746 511 1785 quia
524 1756 577 1775 non
591 1746 672 1775 habet
689 1755 765 1785 spem
782 1745 808 1774 in
830 1746 928 1774 Deum.
945 1746 985 1774 Ne

244 1797 307 1826 ergo
316 1786 383 1815 mihi
391 1785 475 1822 dicas,
483 1785 624 1824 Numquid
633 1785 696 1815 volo
706 1795 763 1813 esse
772 1784 922 1814 sollicitus?
931 1784 987 1815 Sed

245 1826 303 1865 ipsa
311 1836 352 1855 res
366 1836 409 1855 me
419 1824 643 1865 cogit.Numquid
654 1824 717 1853 nolo
726 1834 833 1863 sperare
845 1824 872 1852 in
883 1824 986 1853 Deum?

245 1865 298 1895 Sed
312 1875 363 1895 non
379 1875 499 1906 possum.
514 1866 567 1894 Cor
578 1865 650 1894 enim
663 1874 753 1893 meum
766 1873 818 1892 non
841 1874 884 1892 me
896 1863 982 1893 audit.

245 1905 338 1935 Nescis
350 1905 417 1944 quid
428 1904 544 1944 pateris;
558 1904 677 1943 langues,
691 1911 716 1932 et
729 1910 815 1932 tamen
829 1913 936 1932 causam
945 1903 987 1933 tui

246 1945 362 1984 langoris
374 1945 490 1982 ignoras.
508 1944 560 1974 Vis
572 1943 708 1973 ostendam
723 1942 771 1971 tibi
784 1945 904 1979 causam,
919 1942 987 1972 utin

246 1985 319 2013 omni
342 1985 494 2013 necessitate
508 1993 654 2022 numquam
673 1981 821 2022 desperes?
835 1983 856 2011 F
857 1993 889 2011 ac
901 1982 969 2011 bene
978 2004 986 2019 ,

247 2031 272 2053 et
285 2034 393 2063 operare
402 2023 545 2063 justitiam,
563 2030 592 2052 ut
604 2033 679 2062 spem
693 2022 790 2051 habeas
803 2021 876 2061 apud
889 2023 988 2058 Deum,

247 2070 273 2092 et
286 2074 338 2092 non
349 2063 503 2103 desperabis
516 2063 544 2091 in
558 2069 638 2092 terra.
660 2062 734 2091 Bona
746 2061 818 2090 enim
834 2071 914 2101 opera
926 2068 989 2090 sunt

247 2113 306 2142 quae
320 2114 425 2142 sperare
436 2103 547 2138 faciunt,
560 2109 586 2131 et
597 2101 668 2131 mala
676 2111 756 2141 opera
765 2100 906 2141 desperare
918 2111 989 2130 com—

248 2142 363 2182 pellunt.
378 2144 519 2182 Propterea
538 2152 591 2171 non
610 2141 681 2171 dixit
695 2141 823 2181 propheta
837 2152 842 2168 :
856 2141 939 2179 Spera
961 2140 988 2168 in

248 2183 306 2211 Deo
314 2205 322 2217 ‚
344 2189 369 2211 et
390 2182 508 2211 inhabita
529 2190 625 2211 terram
634 2204 642 2217 ,
663 2188 690 2210 et
730 2181 826 2210 ascen-is
846 2179 873 2208 in
887 2179 990 2209 divitiis

248 2221 326 2261 ejus:
341 2221 399 2256 sed,
414 2222 504 2261 Spera
517 2225 548 2250 in
564 2222 638 2255 Deo,
655 2227 692 2261 et·
710 2229 746 2248 ac
771 2222 947 2255 bonitatem,
963 2225 991 2248 et

248 2262 382 2291 inhabita
392 2268 507 2291 terram.
521 2262 567 2291 Ne
577 2261 698 2290 solliciti
709 2261 772 2289 sitis
784 2260 856 2299 quid
867 2259 991 2287 mandu-

250 2303 330 2330 cetis.
344 2302 403 2331 Non
413 2300 495 2337 dixit,
511 2301 601 2331 Nolite
612 2301 733 2329 laborare
746 2311 752 2327 :
766 2298 824 2334 sed,
840 2298 929 2328 Nolite
940 2298 993 2327 sol-

250 2340 318 2369 liciti
327 2351 392 2370 esse.
404 2341 476 2379 Ergo
486 2341 593 2370 solliciti
602 2350 658 2369 esse
667 2346 799 2375 vetamur,
808 2338 932 2367 laborare
942 2349 992 2366 au-

251 2386 303 2408 tem
308 2378 735 2419 jubemur.SicenimetDominus
741 2378 853 2416 loquens
859 2377 992 2412 adAdam‚

252 2429 305 2448 non
312 2419 394 2456 dixit,
405 2421 474 2450 Cum
484 2418 666 2449 sollicitudine
673 2417 753 2447 facies
760 2417 810 2446 tibi
818 2427 913 2457 panem
921 2428 928 2453 ;
938 2416 995 2453 sed,

253 2459 321 2488 Cum
328 2459 419 2489 labore
426 2466 452 2488 et
460 2459 557 2489 sudore
563 2458 640 2488 faciei
647 2465 708 2487 tuae.
716 2458 791 2497 Ergo
800 2467 852 2487 non
864 2456 995 2486 sollicitu-

285 2559 296 2570 ⁸
319 2551 354 2576 Ut
366 2552 534 2576 tantummodo
545 2553 643 2577 vivant.
655 2550 696 2576 Sic
706 2555 774 2575 recte
783 2549 814 2575 V.
827 2549 858 2574 D.
870 2554 895 2574 et
901 2548 972 2575 Editi
984 2550 1009 2574 111

254 2599 333 2622 marg.
346 2591 376 2616 In
392 2596 461 2616 textu
474 2599 533 2617 vcro
544 2591 689 2620 videantur,
703 2591 786 2615 minus
799 2587 941 2614 commode.

834 180 918 203 OPUS
947 180 984 202 ΙΜ
991 179 1189 203 PERFEGTUM

1674 242 1778 273 ralibns

1031 281 1155 320 anquiren
1178 292 1209 310 us
1232 288 1271 311 est
1291 282 1379 321 panis.
1401 282 1479 312 Sicut
1498 282 1630 312 laboranti
1653 294 1685 312 us
1705 283 1778 312 enim

1033 331 1081 360 pro
1089 321 1199 360 praemio
1208 320 1367 360 ditigeniiae,
1379 322 1436 351 Deo
1446 327 1596 362 praestante',
1604 323 1681 363 panis
1691 323 1776 352 abun-

1031 359 1076 389 dat
1090 370 1097 388 ε
1113 360 1152 389 sic
1169 360 1367 390 dormientibus
1380 368 1406 391 et
1418 362 1617 402 negligentibus
1629 373 1680 402 pro
1717 372 1777 392 oena

1031 399 1200 439 negligentia!
1209 422 1219 436 ,
1243 401 1301 430 Deo
1323 400 1434 431 faciente
1445 422 1454 438 ,
1476 401 1648 431 subducitur.
1700 412 1778 431 orme

1033 441 1134 468 anima
1140 440 1207 479 plus
1219 446 1261 468 est
1271 450 1360 479 quam
1370 450 1447 478 esca,
1461 447 1488 470 et
1502 451 1604 481 corpus
1611 442 1678 482 plus
1687 451 1777 487 quam

1034 481 1260 509 vestimentum?
1272 480 1423 512 Confirmat
1430 491 1504 520 spem
1515 487 1644 517 nostram,
1655 491 1776 521 primum

1033 518 1068 548 de
1081 519 1181 564 majore
1193 519 1228 548 ad
1243 519 1332 549 minus
1345 519 1521 558 descendens,
1536 520 1635 550 deinde
1647 531 1663 549 a
1674 520 1777 550 minore

1032 558 1068 587 ad
1081 569 1167 600 majus
1181 559 1335 589 ascendens.
1348 559 1492 597 Quomodo
1504 560 1527 589 si
1548 560 1665 590 animam
1685 559 1774 597 dedit,

1033 608 1119 628 escam
1131 608 1184 627 non
1195 598 1291 628 dabit?
1302 599 1332 630 Si
1346 610 1444 644 corpus
1457 600 1619 639 plasmavit,
1632 600 1777 630 vestimen-

1033 644 1090 667 tum
1104 648 1158 666 non
1173 638 1346 677 providebit?
1360 639 1419 669 Nisi
1431 640 1559 669 voluisset
1571 650 1628 669 esse
1641 639 1715 678 quod
1724 646 1774 676 est,

1033 687 1086 706 non
1097 684 1207 706 crearet.
1223 678 1304 714 Quod
1316 685 1405 708 autem
1417 679 1456 708 sic
1465 679 1577 716 creavit,
1590 686 1620 709 ut
1631 690 1679 719 per
1689 689 1777 708 0503111

1033 723 1155 746 servetur
1164 739 1172 753 ,
1188 728 1292 747 necesse
1309 725 1364 753 est,
1384 727 1414 748 ut
1427 718 1473 748 det
1486 719 1510 748 ei
1524 729 1610 749 eseam
1620 741 1628 756 ,
1645 718 1777 757 quamdiu

1033 756 1093 786 vult
1106 767 1162 785 esse
1171 757 1245 795 quod
1254 758 1325 787 fecit.
1341 758 1416 795 Quid
1428 766 1469 788 est
1483 769 1498 787 3
1509 759 1612 788 minore
1621 758 1657 787 ad
1670 757 1777 799 majus?

1033 798 1083 827 26.
1100 797 1202 826 Videte
1211 797 1352 826 volatilia
1366 799 1431 827 coeli
1439 820 1447 835 ‚
1464 809 1557 838 neque
1569 799 1716 828 seminant
1725 808 1776 827 ne-

1034 846 1090 903 gue
1103 842 1232 873 metunt,
1247 843 1299 866 etc.
1314 837 1344 866 Si
1362 838 1459 867 avibus
1479 845 1587 878 praestat
1599 838 1775 874 alimentum,

1054 875 1191 904 ominibus
1210 886 1263 905 non
1284 877 1421 916 praestabit
1441 878 1588 906 alituram?
1612 877 1635 906 si
1662 877 1704 906 illi
1723 887 1776 906 non

1035 914 1185 943 laborantes
1195 936 1203 951 ‚
1218 915 1360 945 inveniunt
1372 927 1460 951 escas,
1475 917 1556 946 homo
1573 927 1626 946 non
1638 917 1776 954 inveniet,

1034 954 1080 983 oui
1093 955 1167 984 Deus
1179 953 1290 984 deditet
1304 956 1432 995 operandi
1445 956 1459 969 ¹*
1468 956 1636 1001 sapientiam,
1651 963 1676 986 et
1686 956 1780 986 fructi-

1034 1033 1172 1062 hominem
1191 1033 1269 1069 fecit,
1292 1034 1427 1064 hominem
1449 1042 1536 1064 autem
1556 1042 1667 1075 propter
1687 1045 1724 1064 se.
1746 1036 1779 1066 Si

1034 1083 1098 1118 crgo
1115 1073 1278 1102 animalibus
1291 1073 1424 1104 ministrat
1435 1081 1544 1114 propter
1563 1075 1715 1110 hominem,
1728 1075 1780 1105 110-

1035 1113 1155 1142 111111111115
1168 1123 1221 1142 11011
1235 1113 1399 1143 ministrabit
1412 1121 1522 1154 propter
1532 1114 1669 1155 scipsum?
1679 1115 1780 1145 Omnia

1035 1153 1110 1181 Deus
1121 1152 1148 1181 in
1160 1152 1291 1192 sapientia
1300 1152 1374 1190 fecit,
1386 1153 1521 1183 bominem
1531 1161 1619 1184 autem
1629 1164 1682 1184 non
1691 1154 1780 1184 solum

1036 1191 1064 1220 in
1071 1192 1214 1232 sapientia,
1223 1191 1271 1222 sed
1279 1192 1360 1222 etiam
1367 1193 1515 1223 secundum
1524 1194 1681 1234 sapientiam
1690 1204 1777 1224 suam.

1037 1232 1144 1268 Quanto
1156 1242 1220 1271 ergo
1233 1231 1375 1271 pretiosior
1385 1233 1502 1262 hominis
1515 1234 1624 1270 creatio,
1634 1244 1714 1272 quam
1724 1233 1782 1263 ani-

1038 1271 1167 1307 malium,
1183 1278 1255 1300 tanto
1268 1273 1354 1311 major
1367 1272 1521 1302 sollicitudo
1540 1274 1591 1302 Dei
1608 1273 1643 1303 de
1658 1272 1781 1303 homini-

1036 1309 1089 1338 bus
1099 1331 1106 1345 ,
1121 1320 1203 1348 quam·
1215 1310 1249 1339 de
1261 1311 1432 1340 animalibus.
1454 1311 1553 1341 Omnia
1567 1314 1639 1342 Deus
1653 1312 1781 1342 animalia

1034 1348 1112 1384 fecit,
1129 1355 1158 1377 ut
1173 1349 1275 1378 tamdiu
1298 1349 1366 1386 sint,
1386 1350 1516 1389 quamdiu
1536 1358 1615 1389 sunt,
1638 1363 1700 1381 cum
1713 1362 1780 1382 vero

1038 1394 1144 1416 mortua
1157 1388 1271 1424 suerint,
1289 1388 1355 1420 fiant
1367 1396 1503 1428 tamquam
1515 1401 1575 1428 quae
1586 1401 1639 1420 non
1651 1392 1778 1420 fuerunt:

1038 1426 1174 1456 hominem
1186 1434 1287 1464 autem,
1303 1434 1331 1457 ut
1342 1439 1396 1458 non
1411 1429 1500 1457 solum
1513 1436 1573 1459 ante
1586 1437 1700 1460 mortem
1709 1453 1718 1467 ,
1733 1430 1781 1460 sed

1038 1466 1117 1495 etiam
1129 1473 1189 1506 post
1202 1474 1315 1496 mortem
1327 1468 1403 1498 vivat
1416 1479 1422 1496 :
1436 1469 1521 1507 magis
1535 1476 1624 1499 autem
1636 1477 1697 1510 post
1706 1480 1781 1500 mor-

1037 1512 1107 1542 tem,
1128 1516 1210 1544 quam
1230 1513 1290 1535 ante
1303 1514 1435 1536 mortem:
1449 1508 1576 1546 quoniam
1588 1516 1649 1539 ante
1668 1517 1782 1540 mortem

1038 1545 1066 1573 in
1079 1546 1222 1574 tentatione
1234 1546 1303 1575 vivit
1315 1568 1323 1582 ,
1336 1554 1397 1586 post
1410 1554 1524 1576 mortem
1540 1555 1629 1578 autem
1643 1549 1671 1578 in
1683 1549 1780 1589 gloria.

1038 1584 1069 1614 Si
1083 1595 1147 1624 ergo
1162 1585 1218 1613 illis
1242 1587 1375 1623 occurrit,
1389 1597 1456 1625 quos
1476 1586 1515 1616 sic
1529 1588 1644 1626 creavit,
1658 1592 1671 1605 ⁸
1681 1595 1710 1618 ut
1725 1591 1784 1618 1311-

1037 1624 1177 1653 tummodo
1189 1624 1282 1654 vivant
1295 1637 1301 1653 =
1315 1625 1470 1655 hominibus
1492 1636 1545 1656 non
1559 1635 1702 1664 occurret,
1716 1639 1786 1668 quos

1038 1663 1116 1698 fecit,
1132 1670 1161 1693 ut
1179 1664 1207 1692 in
1229 1671 1358 1704 perpetuo
1377 1665 1489 1695 vivant?
1501 1668 1551 1696 27.
1569 1668 1642 1706 Quis
1655 1675 1784 1698 vestrum

1040 1704 1196 1743 cogitando
1218 1710 1311 1743 potest
1334 1706 1463 1745 adjicere
1480 1706 1522 1734 ad
1538 1713 1683 1736 staturam
1699 1716 1785 1738 suam

1040 1745 1169 1772 cubitum
1192 1754 1283 1772 unum
1294 1746 1308 1771 P
1325 1745 1376 1774 98.
1400 1746 1441 1774 Et
1462 1745 1499 1773 de
1522 1748 1697 1776 vestimento
1711 1748 1786 1787 quid

1040 1783 1160 1812 solliciti
1174 1784 1262 1812 estis?
1273 1784 1302 1814 Si
1313 1794 1343 1813 er
1361 1794 1377 1812 o
1387 1784 1528 1824 cogitando
1537 1786 1671 1816 modicam
1682 1793 1786 1827 partem

1041 1822 1147 1862 corpori
1170 1829 1259 1852 vestro
1278 1822 1291 1838 ¹’
1305 1822 1340 1852 ad
1360 1834 1404 1853 ere
1429 1834 1483 1852 non
1502 1827 1629 1865 potestis,
1650 1826 1785 1865 quomodo

1042 1862 1182 1901 cogitando
1202 1862 1324 1891 salvandi
1338 1863 1401 1892 estis
1412 1863 1441 1892 in
1464 1865 1537 1894 toto?
1552 1866 1623 1895 Deus
1633 1888 1642 1903 ‚
1654 1866 1701 1905 qui
1715 1873 1740 1895 te
1750 1877 1786 1896 ex

1041 1901 1128 1930 nihilo
1141 1901 1266 1931 formavit
1280 1902 1308 1931 in
1323 1910 1398 1932 utero
1408 1923 1416 1939 ‚
1439 1909 1465 1932 et
1477 1903 1512 1933 de
1527 1905 1646 1944 periculo
1659 1916 1721 1935 cum
1735 1916 1786 1946 pe-

1042 1941 1131 1970 riculo
1143 1948 1292 1971 nascentem
1306 1941 1340 1971 de
1353 1949 1428 1971 utero
1446 1944 1539 1973 matris
1560 1945 1676 1989 eripuit,
1693 1952 1719 1975 te
1732 1955 1785 1975 non

1043 1981 1131 2009 solum
1155 1991 1208 2009 non
1229 1981 1378 2020 cogitante,
1400 1981 1448 2011 sed
1461 1992 1547 2022 neque
1567 1991 1676 2014 sciente.
1695 1986 1784 2021 Deus,

1043 2020 1090 2058 qui
1104 2030 1151 2060 per
1164 2020 1286 2060 singulos
1300 2020 1357 2050 dies
1369 2021 1531 2051 incrementa
1542 2024 1662 2062 corporis
1674 2024 1715 2054 tui
1727 2024 1785 2061 dat,

1043 2066 1070 2089 et
1080 2059 1210 2099 sapientia
1223 2060 1299 2096 facit,
1311 2067 1338 2089 te
1346 2071 1399 2089 non
1408 2060 1583 2100 intelligente.
1598 2061 1629 2091 si
1639 2073 1702 2102 ergo
1711 2063 1740 2092 in
1750 2070 1790 2093 te·

1044 2099 1103 2139 ipso
1116 2098 1237 2137 quotidie
1249 2099 1446 2139 providentiam
1460 2108 1597 2140 operatur,
1613 2102 1748 2141 quomodo
1759 2103 1788 2132 in

1045 2138 1200 2167 necessariis
1214 2139 1268 2167 tuis
1281 2139 1415 2168 cessabit?
1429 2140 1618 2170 Considerate
1631 2142 1698 2171 lilia
1712 2145 1787 2182 agri,

1046 2178 1190 2219 quomodo
1205 2178 1231 2206 in
1252 2185 1372 2218 tempore
1392 2187 1544 2219 opportuno
1556 2188 1707 2220 crescunt,
1722 2190 1790 2212 tem-

1046 2228 1111 2258 pore
1130 2224 1228 2246 statuto
1248 2218 1407 2247 formantur.
1426 2220 1456 2248 ln
1475 2220 1618 2250 frondibus
1639 2222 1790 2252 vestiuntur

1047 2257 1172 2293 candore,
1182 2257 1330 2298 implentur
1340 2257 1470 2293 odoribus
1483 2271 1489 2288 :
1501 2267 1527 2289 et
1538 2260 1612 2299 quod
1623 2268 1693 2291 terra
1706 2261 1791 2291 radici

1048 2308 1100 2327 non
1111 2296 1233 2333 dederat,
1246 2307 1332 2336 neque
1340 2296 1482 2336 radix'itli,
1490 2299 1623 2330 invisibili
1636 2301 1792 2340 operatione

1048 2339 1121 2366 Deus
1144 2337 1273 2376 largitur;
1289 2348 1374 2376 neque
1387 2338 1450 2378 plus
1464 2339 1540 2376 istis,
1559 2347 1586 2369 et
1602 2341 1691 2369 minus
1707 2341 1770 2370 31115
1783 2352 1790 2368 :

1049 2376 1097 2406 sed
1110 2377 1137 2405 in
1151 2377 1276 2406 omnibus
1288 2377 1381 2406 eadem
1394 2378 1570 2418 providentiae
1580 2379 1722 2419 plenitudo
1735 2391 1793 2410 ser-

1050 2423 1144 2453 vatur,
1161 2422 1192 2444 ut
1204 2427 1257 2445 non
1280 2427 1295 2445 a
1317 2417 1412 2457 seipsis
1425 2425 1501 2454 nata,
1513 2429 1599 2457 neque
1618 2426 1716 2449 eventu
1727 2420 1794 2450 facta

1050 2463 1195 2496 putentur,
1215 2455 1263 2485 sed
1277 2456 1327 2486 Dei
1345 2456 1514 2497 providentia
1535 2457 1719 2498 intelligantur
1738 2469 1795 2489 esse

1069 2549 1081 2568 b
1098 2548 1203 2572 Addere
1214 2557 1264 2573 non
1276 2550 1378 2582 potestis
1390 2548 1467 2575 iidem
1479 2550 1504 2575 in
1516 2559 1595 2585 marg.
1608 2551 1638 2577 In
1651 2557 1720 2578 textu
1733 2552 1784 2586 lege

1036 2587 1110 2612 batur
1125 2587 1243 2612 adhibere
1257 2597 1306 2612 ηοη
1317 2589 1430 2622 potestis.

1034 993 1134 1023 ficandi
1145 992 1349 1034 spem?0mnia
1361 995 1431 1024 enim
1445 996 1570 1025 animalia
1581 997 1655 1025 Deus
1668 1003 1778 1036 propter
1786 971 1904 1019 “am-mm
