1890 2826
283 133 352 181 578

280 205 315 235 ad
341 216 446 244 escam3
473 205 587 236 alterum
607 206 642 237 ad
661 205 832 247 obsequium,
856 209 963 238 tertium
987 209 1022 239 ad

279 252 454 282 recreandum
467 252 587 283 animum
595 265 604 292 3
618 254 747 284 nimirum
766 255 801 286 ad
814 266 901 285 escam
914 266 945 285 ea
962 267 1021 295 quae

279 306 351 327 nunc
370 305 534 337 mactantur3
550 298 586 329 ad
602 299 792 338 ministerium,
814 301 887 341 equi,
913 302 1019 339 cameli,

280 342 359 379 asini,
383 343 477 382 boves,
489 344 595 383 aliaque
617 345 731 386 similia¹
744 347 797 387 ipsi
821 347 1018 384 ministrantia;

279 386 314 416 ad
336 388 512 419 recreandum
523 390 644 420 animum
660 392 786 423 animalia
798 393 834 423 ad
845 393 1020 424 imitationem

279 433 384 471 idonea,
408 435 474 464 laetae
488 446 566 466 voces
591 438 723 468 aeriarum
747 440 847 477 avium,
867 451 928 479 quae
939 441 1019 470 etiam

971 147 1155 174 SEvmuANr

1077 209 1150 243 ζώων
1163 210 1215 238 τῶν
1230 209 1331 248 ἀλόγων
1345 213 1414 249 τρεῖς
1423 209 1548 246 ἐδόθησαν
1563 210 1635 250 αὐτῷ
1650 209 1771 250 διαφοραί
1779 222 1785 228 ·
1797 209 1846 249 μία

1052 276 1057 283 .
1077 256 1113 288 εἷς
1127 256 1224 295 βρῶσιν
1238 266 1243 271 ·
1258 256 1306 284 οὐκ
1324 254 1396 295 αὐτῷ
1410 254 1437 284 δὲ
1453 255 1541 295 μόνῳ,
1556 255 1624 299 ἀλλὰ
1643 255 1689 285 καὶ
1708 257 1747 295 τῷ
1766 257 1846 295 κοινῷ

1076 300 1210 340 ἀφώριστο
1224 299 1293 340 γένει
1302 312 1308 319 ·
1321 300 1370 340 μία
1384 303 1420 335 εἷς
1435 303 1541 342 βρῶσιν,
1554 301 1623 337 ἄλλη
1635 303 1671 335 εἷς
1685 301 1844 341 ὑπηρεσίαν,

1075 346 1143 381 ἄλλη
1163 347 1198 379 εἷς
1217 346 1389 387 ψυχαγωγίαν
1400 359 1406 366 ·
1421 343 1489 383 οἷον,
1508 349 1544 381 εἷς
1563 349 1660 388 βρῶσιν
1674 347 1708 376 τὰ
1725 350 1770 376 νῦν
1783 347 1845 377 θυό-

1077 403 1143 429 μενα
1153 403 1160 410 ·
1172 393 1208 425 εἰς
1220 392 1366 433 ὑπηρεσίαν
1379 392 1470 431 ἵπποι,
1484 393 1619 432 κάμηλοι,
1629 393 1699 430 ὄνοι,
1717 393 1790 432 βόες,
1809 392 1844 422 τὰ

1076 436 1145 466 ἄλλα
1164 437 1198 467 τὰ
1215 439 1411 478 ὑπουργοῦντα·
1431 441 1467 473 εἷς
1486 439 1658 480 ψυχαγωγίαν
1679 439 1714 469 τὰ
1738 438 1844 479 μιμηλὰ

274 490 356 509 aures
365 480 506 511 oblectant.
520 483 753 520 Quemadmodum
764 485 835 514 enim
851 496 949 526 corpus
959 493 1020 526 post
1029 504 1065 524 495
1075 484 1146 518 ζῶα,
1170 486 1197 513 αἱ
1220 484 1304 524 φωναὶ
1323 487 1376 514 τῶν
1401 485 1509 525 ὀρνίθων
1528 487 1582 515 τῶν
1604 484 1698 525 ἀερίων
1716 485 1753 516 ἀἱ
1777 497 1844 525 φαι-

163 1904 272 1926 Animalia

128 1937 157 1957 ad
173 1943 273 1957 recrean-

130 1968 185 1988 dum
202 1967 273 1988 homi-

131 2005 182 2018 nem
198 2002 256 2026 apta.

278 525 394 562 labores,
409 527 461 556 nisi
472 527 688 568 defatigationem
698 531 849 572 expulerit,
862 542 915 561 non
932 539 1019 572 potest
1036 532 1057 554 A

279 572 346 601 alios
357 572 433 603 adire
445 574 550 605 labores
562 597 570 612 ,
584 575 622 605 sic
634 584 661 606 et
678 577 767 607 anima
783 578 894 609 virtutis
915 578 1020 608 labori-

277 618 328 647 bus
339 619 488 658 perfuncta,
501 621 554 650 nisi
561 622 690 662 jucundis
706 625 858 664 aspectibus
874 633 1018 662 recreetur,

278 663 312 692 ad
324 666 548 703 perseverandum
567 668 595 698 in
616 669 716 700 virtute
738 681 792 700 nou
812 671 922 702 sufficit.
948 673 1019 703 Cum

278 710 379 741 viderit
389 713 463 741 Deus
473 713 639 744 fatiscentem
657 716 785 755 animam,
799 718 880 748 rebus
889 719 1018 758 jucundis

277 765 377 788 recreat
387 758 462 788 illam
477 770 485 788 ε
498 759 528 789 id
538 760 612 799 quod
624 761 704 801 etiam
725 763 800 803 apud
811 774 860 794 nos
869 765 929 794 fieri
941 765 1018 796 solet.

277 804 353 844 Saepe
364 805 435 834 enim
445 816 480 835 ex
493 806 552 836 soro
560 807 624 846 quis
641 816 787 848 new-tens,
798 811 890 841 animo
905 812 1019 842 infinitis

277 852 440 882 moeroribus
460 864 588 894 oppresso
608 866 701 885 rerum
727 856 876 888 invisarum
895 867 1015 899 aspectu,

277 897 452 928 intolerandis
474 900 671 930 calamitatibus
687 909 717 931 et
740 902 846 933 damnis
869 907 1019 942 cruciatus,

278 943 390 974 domum
409 945 555 985 ingressus,
569 946 676 977 infantis
685 948 815 978 solatium
827 950 941 989 invenit,
956 962 1020 982 mo-

278 991 436 1032 lestiamque
447 993 571 1022 laborum
593 1001 668 1024 tener
689 995 796 1025 animus
819 997 934 1028 emollit.
947 999 1020 1036 Quia

278 1038 350 1067 enim
369 1046 524 1069 moerentem
537 1050 590 1069 non
603 1040 660 1070 adit
678 1052 747 1071 uxor
764 1042 799 1072 ad
810 1043 947 1081 solatium,
962 1046 1020 1085 ejus

279 1083 349 1113 enim
359 1085 503 1122 consolatio
512 1093 569 1115 tum
580 1086 733 1126 importuna
744 1096 822 1126 esset,
832 1090 949 1121 famulus
959 1102 1020 1122 vero

279 1130 411 1159 consolari
423 1141 475 1160 non
495 1131 587 1169 audet,
601 1133 705 1164 inducit
718 1135 792 1165 Deus
810 1135 962 1176 simplicem
975 1138 1028 1173 in-,

279 1173 380 1211 (lolem,
394 1175 529 1216 inculpata
539 1178 688 1218 ignorantia
700 1181 850 1219 praeditam,
862 1193 910 1222 per
921 1185 1021 1224 ipsam-

279 1230 332 1257 que
343 1220 481 1251 laboribus
491 1233 649 1262 oppressum
659 1225 780 1255 animum
792 1227 858 1256 lenit
869 1235 894 1257 et
907 1230 1019 1260 solatur.

280 1266 411 1295 Famulus
421 1267 445 1295 si
462 1268 590 1306 arrideat,
604 1270 661 1299 beri
685 1271 793 1311 injuriis
804 1273 932 1304 insultare
943 1276 1022 1305 vide-

280 1317 325 1339 tur
334 1321 343 1347 3
356 1322 423 1342 uxor
434 1313 456 1342 si
467 1313 564 1351 rideat,
571 1314 678 1345 videtur
688 1317 765 1347 nullo
776 1319 934 1350 calamitatis
943 1331 1022 1352 sensu

279 1357 351 1387 affici
365 1371 371 1387 :
386 1359 472 1389 infans
483 1361 518 1390 ob
531 1361 719 1401 innocentiam,
733 1374 784 1394 non
798 1368 927 1406 suspectis
942 1368 1023 1398 blan-

279 1402 405 1434 dimentis
415 1406 519 1436 emollit
529 1407 667 1438 animum:
677 1420 707 1439 ac
719 1420 788 1450 saepe
798 1412 872 1450 quod
884 1423 933 1443 nec
943 1415 1023 1445 amici

279 1450 410 1487 consiliis,
423 1462 471 1481 nec
481 1453 612 1492 sapientes
625 1456 734 1486 monitis
747 1457 853 1488 efficere
864 1465 1021 1499 potuerunt,

279 1494 308 1524 id
320 1496 366 1525 ille
381 1497 494 1527 ridendo
516 1499 615 1538 potuit,
626 1511 722 1541 nempe
738 1512 844 1533 omnem
864 1505 1023 1536 calamitatis

278 1552 383 1571 sensum
397 1543 501 1574 sedare.
515 1546 629 1584 Jamque
648 1547 753 1578 animus
765 1549 792 1578 in
812 1549 871 1590 ipso
882 1551 910 1580 vi
923 1563 1023 1582 moero-

278 1587 326 1624 ris,
339 1589 414 1619 videt
424 1589 563 1627 infantem,
577 1591 654 1622 initio
665 1594 778 1634 respuit,
789 1594 954 1636 depellitque
968 1598 1023 1628 im-
1040 1596 1058 1620 C

278 1643 420 1675 portunam
432 1640 650 1678 consolationem,
664 1652 699 1671 ex
711 1642 867 1674 assiduitate
879 1652 966 1676 tamen
977 1658 1022 1677 ce-

277 1686 328 1723 dit,
339 1695 366 1717 et
377 1690 498 1729 repetitis
518 1689 670 1731 aspectibus
683 1693 789 1724 animus
801 1696 945 1726 attrahitur
952 1709 960 1733 ς
973 1697 1023 1728 de-

277 1747 354 1769 mum
365 1747 472 1780 accepto
483 1741 592 1778 infante,
606 1743 758 1773 moestitiam
769 1744 891 1785 deponit,
906 1747 997 1787 aitque
1013 1759 1020 1776 ε

277 1791 358 1820 Hunc
375 1789 444 1819 mihi
463 1790 553 1822 solum
568 1792 642 1821 Deus
662 1792 786 1832 largitur,
802 1795 930 1835 nullaque
953 1798 1022 1828 mibi

278 1841 346 1870 ratio
364 1840 542 1879 reliquorum.
557 1841 657 1872 Viden'
670 1844 804 1881 quomodo
825 1856 859 1875 ex
878 1846 1022 1878 levissimis

278 1893 352 1921 Deus
364 1892 453 1920 animo
463 1892 670 1923 consolationem
691 1894 788 1924 indat?
799 1897 870 1934 Quia
885 1898 968 1938 igilur
979 1910 1022 1929 so-

280 1943 388 1972 luserat
410 1942 497 1972 Adam
510 1943 537 1972 in
550 1944 686 1984 paradiso,
698 1955 749 1975 non
770 1948 886 1978 amicum
908 1949 1019 1989 habens,

280 2003 332 2022 non
341 1993 474 2028 vicinum,
485 2003 537 2022 non
546 2001 699 2034 cognatum,
710 1996 745 2025 ad
754 1997 833 2028 illum
845 2000 1020 2031 recreandum

281 2043 389 2072 induxit
406 2044 449 2073 illi
463 2046 536 2074 Deus
554 2046 681 2075 animalia
691 2058 697 2078 ς
709 2055 786 2087 puta,
801 2057 835 2091 ut*
848 2058 911 2080 sunt
925 2051 1020 2082 hodie-

280 2105 332 2133 que
348 2095 474 2124 animalia
497 2095 532 2124 ad
554 2096 712 2127 imitandum
733 2107 806 2139 apta,
829 2113 945 2140 quorum
968 2104 1022 2133 alia

280 2151 380 2183 gestus,
393 2145 446 2173 alia
457 2155 551 2175 vocem
568 2145 707 2177 imitantur
715 2160 724 2187 ς
736 2151 812 2179 verbi
826 2162 917 2190 causa,
931 2153 1021 2183 imita-

280 2201 326 2223 tur
335 2194 413 2224 simia
428 2201 517 2234 gestus
530 2195 670 2225 hominum
678 2209 687 2236 ;
700 2205 726 2227 et
745 2199 774 2228 id
786 2207 870 2240 genus
881 2203 933 2232 alia
949 2216 956 2232 ε
969 2214 1020 2234 vo-

279 2254 337 2273 cem
362 2244 489 2284 psittacus
502 2245 614 2285 aliaeque
626 2258 696 2278 aves.
709 2250 810 2280 Habuit
821 2262 889 2291 ergo,
896 2254 1020 2284 solatium

281 2304 316 2323 ex
335 2294 424 2324 brutis
445 2295 636 2335 animantibus,
657 2298 718 2328 aliis
731 2301 943 2342 cantillantibus,
959 2305 1020 2335 aliis

279 2343 490 2375 blandientibus.
504 2347 574 2376 Cum
589 2347 674 2377 multa
687 2348 771 2388 igitur
787 2351 912 2382 animalia
923 2362 1019 2390 essent,

281 2405 340 2434 qum
363 2395 454 2435 ipsum
474 2396 555 2426 solari
567 2405 684 2437 possent,
699 2410 810 2440 serpens
828 2402 1021 2434 callidi-simus

281 2452 336 2474 erat
348 2445 418 2475 inter
429 2457 521 2476 omnes
530 2447 629 2477 bestias
651 2455 737 2486 terrae,
750 2457 780 2480 ut
800 2451 838 2480 ait
859 2452 1019 2493 Scriptura:

315 2543 324 2553 ³
343 2535 390 2560 llic
403 2542 474 2562 notat
484 2537 559 2565 Sssvil·
571 2550 607 2572 γρ.
621 2543 658 2565 καὶ
670 2544 782 2573 ἀθυμίαις.

1076 529 1151 569 δραὶ,
1166 528 1194 558 αἲ
1207 529 1252 559 καὶ
1265 530 1312 564 τὰς
1325 530 1405 564 ἀκοὰς
1420 531 1564 571 Θέλγουσιν.
1579 530 1688 572 εὨσπερ
1700 530 1752 571 γὰρ
1765 532 1844 580 σῶμα

1075 575 1143 614 μετὰ
1157 575 1201 605 τὸν
1214 575 1344 615 κάματον,
1359 577 1404 607 ἐὰν
1418 577 1456 616 μὴ
1470 577 1637 614 ἀποδύσηται
1647 579 1708 612 τοὺς
1729 577 1824 611 mimi<
1835 599 1843 612 .

1074 621 1121 649 οὔκ
1144 621 1248 661 ἀντέχει
1269 622 1335 662 πρὸς
1358 622 1460 663 ἑτέρως
1480 622 1589 657 πόνους·
1610 622 1679 653 οὕτω
1699 623 1745 654 καὶ
1769 623 1843 664 ψυχὴ

1074 666 1132 700 τοὺς
1153 669 1201 702 τῆς
1221 669 1316 708 ἀρετῆς
1334 668 1428 702 πόνους
1450 668 1617 708 ὑπομένουσα
1626 691 1635 705 ,
1660 668 1766 708 {dista-h
1787 673 1845 703 ταῖς

1073 712 1173 747 ἡδείαις
1185 713 1261 753 ὄψεσι
1275 716 1457 755 ψυχαγωγηθῇ
1466 738 1474 752 ,
1493 716 1542 744 οὔκ
1554 717 1630 755 ἀρκεῖ
1641 715 1706 755 πρὸς
1715 714 1760 746 τὸν
1771 715 1845 745 τόνον

1073 759 1121 793 τῆς
1143 759 1248 797 ἀρετῆς.
1271 759 1359 789 σΟταν
1378 759 1422 800 ἴδῃ
1444 763 1459 790 ὃ
1481 760 1551 794 Θεὸς
1572 761 1724 800 κάμνουσαν
1745 761 1845 801 ψυχὴν,

1072 803 1228 843 ψυχαγωγεῖ
1241 805 1324 841 αὐτὴν
1335 806 1379 836 διὰ
1390 808 1443 836 τῶν
1453 806 1540 843 ἡδέων
1548 817 1556 824 ·
1568 803 1623 836 ὧν
1635 807 1736 847 γίνεται
1747 807 1793 838 καὶ
1802 809 1844 848 ἐφ’

1073 851 1159 888 ἡμῶν.
1172 850 1307 885 Πολλάκις
1319 852 1371 892 γὰρ
1393 851 1421 886 ἐξ
1438 854 1537 893 ἀγορᾶς
1553 853 1704 884 ἐπανελθὼν
1715 856 1730 884 ὁ
1742 854 1844 894 ἄνθρω-

1073 907 1123 930 πος
1131 917 1140 932 ,
1153 896 1198 926 καὶ
1210 897 1315 938 μυρίαις
1328 898 1424 933 λύπαις
1441 901 1640 939 περιαντληθεὶς
1649 898 1699 936 τὴν
1712 900 1843 937 διάνοιαν,

1075 942 1120 971 καὶ
1133 942 1269 983 συντυχὼν
1291 945 1368 984 ὄψεσι
1390 946 1517 980 πολλάκις
1533 946 1650 986 βαρείαις
1659 967 1667 982 ,
1681 946 1726 986 καὶ
1740 946 1844 987 ἀφορή-

1075 999 1131 1022 τοις
1144 989 1294 1028 περιπεσὼν
1309 996 1455 1032 συμφοραῖς
1477 992 1523 1021 καὶ
1542 992 1683 1032 “ζημίαις,
1703 993 1785 1023 ἐλθὼν
1807 994 1844 1026 εἷς

1075 1032 1125 1069 τὴν
1135 1034 1219 1064 οἰκίαν
1229 1035 1345 1076 εὑρίσκει
1355 1037 1461 1067 παιδίου
1471 1038 1656 1078 ψυχαγωγίαν,
1667 1039 1713 1068 καὶ
1723 1039 1754 1069 τὸ
1764 1040 1846 1075 σκλη-

1078 1078 1121 1118 ρὸν
1144 1081 1197 1109 τῶν
1221 1080 1308 1111 πόνων
1333 1081 1436 1123 ἀλείφει
1458 1083 1489 1113 τὸ
1517 1084 1619 1114 ἁπαλὸν
1645 1087 1694 1122 τῆς
1719 1085 1843 1119 διανοίας.

1076 1123 1188 1161 Ἐπειδὴ
1211 1125 1262 1167 γὰρ
1285 1129 1357 1168 αὐτῷ
1379 1130 1521 1168 ἀθυμοῦντι
1535 1131 1564 1159 οὔ
1577 1129 1644 1170 γυνὴ
1667 1131 1845 1172 προσέρχεται

1075 1173 1301 1212 παραμυθουμένη
1313 1196 1321 1211 ,
1333 1176 1370 1208 ὥς
1377 1174 1486 1215 ἄκαιρον
1500 1175 1597 1216 ἔχουσα
1608 1176 1658 1212 τὴν
1667 1177 1847 1218 παραμυθίαν,

1076 1217 1123 1246 οὐκ
1134 1217 1238 1254 οἰκέτης
1251 1220 1337 1260 τολμᾷ
1348 1221 1607 1261 παραμυθήσασθαι,
1626 1222 1726 1262 εἰσάγει
1749 1226 1764 1253 ὁ
1781 1223 1850 1256 Θεὸς

1074 1261 1123 1298 τὴν
1138 1262 1273 1294 ἄπλαστον
1293 1265 1371 1305 φύσιν
1391 1266 1439 1304 τὴν
1463 1267 1619 1307 συγγνώμης
1643 1268 1797 1309 ἀξιουμένην
1818 1269 1848 1304 ἐξ

1076 1302 1113 1335 ὧν
1127 1309 1175 1337 οὐκ
1186 1304 1253 1346 οἶδε,
1268 1311 1313 1340 καὶ
1332 1312 1367 1340 δι’
1381 1314 1462 1349 αὖτ’ἤς
1476 1313 1579 1354 ἀλείφει
1592 1314 1640 1351 τὴν
1653 1316 1683 1344 ἐκ
1694 1317 1747 1345 τῶν
1761 1316 1849 1346 πόνων

1076 1359 1242 1392 κεκμηκυῖαν
1256 1357 1355 1397 ψυχήν.
1370 1358 1486 1396 Οἰκέτης
1504 1359 1549 1389 ἐὰν
1569 1354 1740 1402 προσγελάσῃ
1750 1383 1758 1398 ,
1772 1362 1848 1402 νομί-

1077 1399 1149 1432 ζεται
1174 1401 1298 1442 ἐπιγελᾷν
1318 1405 1352 1443 τῇ
1374 1403 1449 1444 ῧὸρει
1469 1408 1516 1434 τοῦ
1535 1406 1678 1436 δεσπότου·
1691 1410 1708 1443 ἡ
1723 1408 1788 1453 γυνὴ
1803 1408 1849 1437 ἐὰν

1077 1445 1190 1485 γελάσῃ,
1203 1447 1337 1487 νομίζεται
1358 1451 1525 1486 ἀναισθητεῖν
1545 1453 1607 1492 περὶ
1625 1452 1674 1489 τὴν
1692 1454 1846 1494 συμφοράν·

1077 1490 1108 1519 τὸ
1119 1492 1224 1527 παιδίον
1238 1493 1387 1524 ἀνύποπτον
1404 1495 1462 1536 ἔχει
1476 1497 1525 1534 τὴν
1538 1498 1678 1528 κολακείαν
1692 1499 1735 1528 διὰ
1749 1500 1797 1536 τὴν
1816 1501 1848 1540 ἐκ

1077 1538 1125 1572 τῆς
1136 1536 1237 1577 φύσεως
1250 1540 1427 1579 ἀκεραιότητα
1437 1553 1444 1560 ·
1458 1542 1504 1572 καὶ
1517 1543 1644 1577 πολλάκις
1655 1543 1673 1572 ἃ
1686 1544 1724 1583 μὴ
1734 1544 1847 1585 ἴσχυσαν

1078 1583 1149 1623 φίλοι
1171 1585 1392 1623 συμβουλεύοντες
1401 1609 1410 1624 ,
1431 1588 1506 1628 σοφοὶ
1531 1591 1712 1624 νουθετοῦντες
1722 1612 1731 1627 ,
1752 1590 1847 1632 ἴσχυσε

1077 1628 1183 1658 παιδίον
1193 1630 1308 1670 γελάσαν
1323 1630 1410 1671 μόνον,
1424 1634 1503 1663 λῦσαι
1523 1633 1572 1670 τὴν
1594 1632 1682 1664 πᾶσαν
1701 1636 1848 1677 συμφοράν.

1078 1674 1133 1704 Καὶ
1141 1675 1233 1706 λοιπὸν
1246 1678 1263 1712 ἦ
1280 1677 1353 1718 ψυχὴ
1367 1679 1395 1707 ἐν
1407 1679 1475 1719 αὑτῇ
1489 1681 1523 1719 τῇ
1536 1681 1610 1720 ἀκμῇ
1624 1683 1672 1717 τῆς
1684 1682 1788 1719 λύπης,
1800 1685 1849 1723 ὁρᾷ

1079 1720 1127 1760 μὲν
1138 1721 1169 1751 τὸ
1179 1722 1294 1760 παιδίον,
1307 1723 1353 1753 καὶ
1364 1723 1412 1758 τὰς
1425 1724 1510 1765 ἀρχὰς
1523 1726 1660 1763 ἀνανεύει,
1677 1727 1723 1757 καὶ
1736 1730 1849 1758 ἀπωθεῖ-

1078 1778 1123 1796 ται
1140 1766 1189 1804 τὴν
1208 1767 1317 1808 ἄκαιρον
1330 1771 1503 1810 ψυχαγωγίαν
1513 1783 1519 1790 ·
1540 1771 1647 1802 ἕλκεται
1668 1773 1696 1803 δὲ
1711 1776 1744 1814 τῇ
1758 1782 1848 1815 παρα-

1079 1815 1162 1853 μονῇ,
1177 1813 1222 1843 καὶ
1235 1813 1297 1844 ὅταν
1311 1815 1438 1850 πολλάκις
1450 1817 1570 1858 ἐπικλίνῃ
1586 1818 1616 1848 τὸ
1629 1819 1717 1859 ὄμμα,
1730 1821 1849 1861 ἁρπάζε-

1077 1870 1123 1887 ται
1137 1858 1184 1895 τὴν
1203 1859 1319 1890 διάνοιαν
1331 1872 1338 1879 ·
1356 1856 1414 1891 εἶτα
1432 1862 1571 1893 ἀναλαὸὼν
1590 1865 1634 1894 τὸν
1658 1867 1759 1902 παῖδα,
1779 1868 1848 1896 ἀπο-

1077 1904 1179 1939 τίθεται
1189 1906 1241 1942 ’τὴν
1254 1906 1351 1944 λύπην,
1367 1907 1413 1936 καί
1426 1919 1505 1948 φησι·
1522 1910 1614 1940 τοῦτόν
1628 1923 1674 1951 μοι
1685 1909 1846 1953 Ἰχαρίσεται

1078 1953 1092 1979 ὁ
1103 1951 1171 1984 Θεὸς
1185 1951 1272 1990 μόνον,
1286 1953 1331 1982 καὶ
1345 1954 1429 1988 οὐδείς
1442 1966 1487 1993 μοι
1499 1954 1576 1995 λόγος
1589 1958 1642 1986 τῶν
1654 1957 1752 1988 ἄλλων.
1770 1955 1848 1993 Εἶδες

1077 1998 1133 2030 πῶς
1152 1996 1197 2026 καὶ
1220 1997 1273 2027 ἀπὸ
1286 2000 1338 2028 τῶν
1352 1999 1484 2039 τυχόντων
1498 2001 1591 2042 ἐγείρει
1611 2005 1626 2032 ὁ
1644 2003 1712 2037 Θεὸς
1725 2007 1758 2044 τῆ
1773 2006 1846 2044 ψυχῇ

1076 2042 1124 2078 τὴν
1139 2043 1323 2083 παραμυθίαν;
1344 2045 1421 2074 Ἐπεὶ
1436 2041 1480 2076 οὖν
1494 2046 1572 2086 μόνος
1589 2043 1621 2084 ἦν
1635 2050 1649 2077 ὁ
1661 2049 1743 2089 Ἀδὰμ
1758 2051 1786 2079 ἐν
1807 2053 1846 2091 τῷ

1076 2088 1228 2129 παραδείσῳ
1238 2112 1246 2126 ,
1270 2090 1299 2119 οὗ
1316 2090 1390 2130 φίλον
1404 2091 1482 2131 ἔχων,
1494 2094 1523 2122 οὗ
1537 2093 1642 2132 γείτονα
1651 2116 1659 2131 ,
1670 2095 1700 2123 οὗ
1715 2098 1828 2134 συγγενῆ
1838 2118 1846 2132 ,

1077 2135 1215 2174 εἰσήγαγεν
1227 2137 1299 2176 αὐτῷ
1308 2139 1322 2166 ὃ
1331 2137 1399 2171 Θεὸς
1408 2137 1442 2167 τὰ
1454 2140 1507 2173 ζῶα
1519 2140 1557 2172 εἰς
1566 2140 1740 2180 ψυχαγωγίαν
1751 2143 1829 2171 αὐτοῦ
1838 2155 1845 2161 ·

1076 2176 1138 2217 οἷον,
1153 2181 1243 2222 ὥσπερ
1258 2182 1314 2212 ἐστὶ
1325 2183 1441 2223 σήμερον
1452 2183 1486 2213 τὰ
1498 2186 1552 2219 ζῶα
1568 2185 1601 2214 τὰ
1615 2187 1737 2226 μιμηλὰ,
1750 2187 1784 2217 τὰ
1796 2188 1846 2228 μὲν

1078 2226 1228 2266 μιμούμενα
1243 2228 1370 2268 σχήματα
1380 2252 1388 2266 ,
1403 2229 1436 2259 τὰ
1452 2230 1478 2260 δὲ
1491 2231 1592 2271 φωνήν·
1605 2228 1667 2268 οἷον,
1682 2238 1803 2272 μιμεῖται
1813 2234 1848 2264 τὰ

1077 2272 1206 2313 σχήματα
1225 2276 1277 2303 τῶν
1292 2274 1436 2315 ἀνθρώπων
1447 2276 1558 2311 πίθηκος
1567 2298 1575 2312 ,
1595 2278 1641 2307 καὶ
1658 2278 1708 2308 ὅσα
1720 2282 1828 2309 τοιαῦτα
1839 2292 1846 2299 ·

1078 2319 1165 2358 φωνὴν
1176 2319 1300 2358 ψίττακος
1312 2321 1356 2350 καὶ
1371 2321 1454 2361 ἕτεροι
1465 2323 1594 2362 στρουθοί.
1607 2319 1687 2364 Εἵχεν
1701 2321 1745 2359 οὗν
1756 2327 1846 2366 ψυχα-

1076 2365 1176 2404 γωγίαν
1191 2365 1238 2402 τὴν
1252 2367 1325 2406 παρὰ
1337 2369 1388 2396 τῶν
1404 2367 1516 2408 ἀλόγων,
1527 2371 1579 2398 τῶν
1594 2369 1641 2408 μὲν
1656 2371 1846 2408 κελαδούντων,

1077 2413 1129 2440 τῶν
1144 2410 1171 2440 δὲ
1193 2412 1280 2442 ἄλλων
1295 2413 1500 2443 ὑποσαινόντων.
1523 2415 1635 2444 Πολλῶν
1656 2416 1741 2445 τοίνυν
1764 2417 1845 2447 ὄντων

1076 2459 1129 2486 τῶν
1142 2458 1312 2498 πληρούντων
1331 2460 1403 2499 αὐτῷ
1423 2459 1470 2495 τὴν
1489 2461 1667 2500 παραμυθίαν,
1682 2464 1696 2492 ὁ
1710 2463 1766 2503 ὄφις
1780 2475 1840 2504 φρο-

1116 2548 1128 2565 ¹'
1146 2547 1237 2579 [Snvil.
1252 2554 1280 2575 ἴσ-
1292 2551 1435 2584 χαρίσηταιι]
