1890 2826
84 1278 154 1300 Rom.
170 1277 204 1300 15.

81 1308 120 1331 30.
133 1309 171 1331 31.

80 1605 103 1619 2.
117 1597 171 1620 Cor.
187 1606 207 1621 ι.

84 1635 119 1651 ιο.
138 1636 173 1652 ιι.

78 2019 156 2041 Oratio
164 2022 219 2043 mul.

78 2051 181 2072 titudinis

77 2086 185 2110 quantum

78 2113 157 2135 valeat.

234 185 303 227 214

231 253 364 283 reddituri
379 264 433 284 non
444 264 571 292 essemus,
585 255 708 285 omnium
724 255 803 286 vobis
819 254 974 286 debitorum

230 306 418 339 argumentum
438 300 628 331 recitavimus?
645 302 684 331 Ut
707 301 909 331 retributionem
925 311 974 330 ex-

231 353 388 385 spectantes,
404 357 452 376 nos
465 358 570 387 semper
592 354 680 377 mente
703 349 823 378 versetis.
841 349 912 378 Nam
927 348 976 387 qui

230 392 358 432 pecunias
372 393 455 422 alicui
473 401 610 423 mutuatus
622 401 672 431 est,
684 401 710 424 et
722 394 871 425 obnoxium
896 395 977 424 habet

230 437 390 474 debitorem,
403 438 431 467 in
443 450 544 476 mensa,
558 440 586 480 in
600 439 716 476 aedibus,
729 439 758 469 in
770 440 842 476 foro,
853 440 881 469 in
896 440 981 477 lecto„

230 491 257 514 et
270 484 372 524 ubique
385 485 506 515 locorum
519 485 554 515 de
565 496 615 516 suo
624 486 746 516 debitore
766 486 882 526 vigilans
901 487 975 526 cogi-

228 538 269 562 tat
280 539 307 561 et
319 533 345 562 in
365 533 480 562 somnis:
492 540 519 562 et
536 534 712 573 pecuniarum
734 543 810 564 amor
834 534 926 571 efficit,
947 539 977 563 ut
992 540 1011 563 Ε

230 577 280 608 ille
289 589 352 608 cum
365 579 485 619 pecuniis
498 579 639 609 creditoris
651 579 680 608 in
695 580 782 609 anima
801 579 976 609 circumfera-

231 631 287 655 tur.
303 626 342 655 Ut
351 625 434 665 igitur
447 636 496 655 nos
512 636 619 665 quoque
642 625 801 656 redditionis
814 637 861 667 spe
873 637 977 666 semper

231 670 259 699 in
270 671 366 700 vestris
379 671 514 701 mentibus
527 682 676 708 versemur,
690 672 718 701 in
731 672 848 709 aedibus,
863 672 891 701 in
905 673 974 709 foro,

230 722 257 745 et
271 717 434 756 ubicumque
446 717 561 754 fueritis,
576 718 677 748 idcirco
695 717 786 748 debita
805 718 914 757 quidem
927 729 976 748 vo-

230 762 274 793 bis
284 762 491 802 spopondimus,
501 763 582 793 hodie
593 774 657 794 vero
670 774 725 793 non
737 764 827 793 omnia
840 765 976 804 persolve-

230 819 303 845 mus,
312 815 343 837 ut
353 819 457 846 corum,
471 820 531 848 quae
544 809 651 839 residua
672 809 780 846 fuerint,
800 810 977 850 exspectatio-

231 864 292 883 nem
304 854 384 884 vohis
395 861 532 894 tamquam
551 856 686 886 memoriae
705 857 789 886 nostri
811 856 975 886 occasionem

983 882 1020 901 ¹87

564 195 593 218 S.
622 194 763 218 JOANMS
789 193 973 218 cnnYSOST.
997 193 1153 220 anctum).
1181 197 1455 222 CONSTANTINOP-

1004 287 1007 290 ,
1026 257 1223 296 προσδοκῶντες
1231 259 1279 295 τὴν
1290 259 1424 296 ἀπόδοσιν,
1431 258 1572 293 διαπαντὸς
1579 259 1649 289 κατὰ
1657 262 1717 290 νοῦν
1726 262 1798 300 ἡμᾶς

1026 302 1119 343 ἔχητε.
1133 305 1185 335 Καὶ
1196 305 1247 346 γὰρ
1262 308 1276 336 ὁ
1289 305 1399 346 χρυσίον
1413 305 1464 335 τινὶ
1485 305 1613 342 δανείσας,
1628 307 1672 336 καὶ
1686 307 1799 337 ὑπεύθυ-

1027 361 1069 379 νον
1090 350 1158 390 ἔχων
1170 354 1217 380 τοῦ
1236 352 1403 392 ὀφλήματος,
1417 351 1462 381 καὶ
1477 353 1504 381 ἓν
1519 350 1652 392 τραπέζῃ,
1666 353 1711 382 καὶ
1725 354 1752 382 ἐν
1766 354 1801 382 οἰ·

1027 394 1087 435 κίᾳ,
1106 396 1151 425 καὶ
1164 398 1191 426 ἐν
1211 399 1308 438 ἀγορᾷ,
1329 398 1374 427 καὶ
1389 399 1415 427 ἐν
1433 397 1509 438 κλίνῃ
1520 421 1528 432 ,
1543 397 1589 428 καὶ
1603 401 1741 439 πανταχοῦ
1755 399 1800 429 τὸν

1027 441 1164 481 ὀφείλοντα
1186 444 1258 483 αὖτῷ
1280 443 1439 484 φαντάζεταί
1461 443 1507 473 καὶ
1529 445 1706 484 ὀνειροπολεῖ·
1720 445 1766 474 καὶ
1785 448 1800 475 ὀ

1027 490 1080 517 τῶν
1100 488 1249 528 χρημάτων
1272 489 1338 530 ἔρως
1357 489 1426 528 μετὰ
1446 492 1500 519 τῶν
1513 489 1659 530 χρημάτων
1679 492 1800 521 κάκεῖνον

1028 532 1072 562 ἐπὶ
1085 536 1132 569 τῆς
1150 537 1196 563 τοῦ
1216 535 1394 569 δεδανεικότος
1413 539 1484 565 ποιεῖ
1498 535 1638 570 διαπαντὸς
1657 535 1800 576 περιφέρε-

1027 581 1087 608 σθαι
1101 580 1197 620 ψυχῆς.
1213 579 1273 610 Ἵνα
1287 576 1330 611 οὗν
1347 581 1485 623 καὶ·ᾑμεῖς
1496 584 1529 620 τῇ
1542 581 1628 611 ἑλπίδι
1643 584 1691 618 τῆς
1702 580 1801 611 ἀποδό-

1027 634 1092 658 σεως
1106 625 1228 664 ἐσώμεθα
1242 626 1383 660 διαπαντὸς
1396 628 1423 656 ἐν
1437 631 1495 661 ταῖς
1507 627 1646 668 ὑμετέραις
1659 626 1800 662 διανοίαις,

1026 670 1072 700 καὶ
1086 672 1112 700 ἐν
1125 671 1212 711 οἰκίᾳ,
1234 671 1279 702 καὶ
1292 673 1320 702 ἐν
1341 675 1439 714 ἀγορᾷ,
1453 673 1499 703 καὶ
1513 673 1577 703 ὅπου
1593 674 1615 702 δ’
1631 673 1662 703 ἂν
1675 669 1723 710 ἦτε
1732 696 1740 711 ,
1756 673 1800 703 διὰ

1027 719 1104 747 τοῦτο
1113 717 1147 746 τὰ
1162 717 1209 756 μὲν
1228 718 1371 758 ὀφλήματα
1382 719 1608 759 ὡμολογήσαμεν,
1626 719 1675 756 τὴν
1690 719 1718 749 δὲ
1732 719 1799 749 ἀπό-

1028 763 1098 792 δοσιν
1113 763 1218 793 ἅπασαν
1233 765 1262 793 οὔ
1283 764 1430 804 ποιούμεθα
1444 765 1569 805 σήμερον,
1585 764 1628 795 ἵνα
1642 766 1675 805 τῇ
1687 765 1800 806 προσδο-

1027 808 1073 848 κίᾳ
1085 810 1137 838 τῶν
1158 809 1321 848 λειπομένων
1332 810 1456 840 ὑπόθεσιν
1469 812 1517 846 τῆς
1528 810 1590 851 περὶ
1603 811 1681 850 ἡμῶν
1694 810 1800 849 μνήμης

1027 856 1091 894 παρ’
1111 857 1173 894 ὑμῖν
1189 855 1402 896 καταλείψωμεν.
1424 856 1537 895 Μεγάλη
1556 856 1608 896 γὰρ
1625 858 1704 895 ἡμῶν
1715 855 1800 897 ἀσφά-
1842 894 1844 897 γ

231 899 425 938 relinquamus.
434 901 497 930 Haec
507 902 579 930 enim
589 909 827 942 magnaestnostra
837 902 975 939 securitas,
993 911 1012 933 A
1027 901 1096 936 λεια,
1111 903 1159 936 τῆς
1170 901 1299 941 ὑμετέρας
1313 902 1419 942 ἀγάπης
1437 902 1580 932 ἀπολαύειν
1601 903 1740 938 διηνεκῶς,
1753 902 1800 938 δή·

233 951 263 974 ιιι
273 944 382 974 caritate
401 952 490 975 vestra
509 954 641 986 perpetuo
660 948 794 984 fruamur,
809 948 857 977 tali
874 947 977 987 populo

231 1002 262 1021 ac
276 998 357 1021 tanto.
371 993 441 1021 Nam
455 991 503 1031 qui
516 988 616 1022 fruitur
627 993 748 1030 caritate,
760 994 888 1034 precibus
897 993 977 1023 etiam

231 1039 341 1068 omnino
358 1039 473 1068 fruetur.
492 1040 550 1068 Hoc
572 1049 636 1069 vero
657 1046 789 1079 quantum
807 1040 842 1069 sit
863 1040 976 1077 benum,

232 1085 295 1119 inde
313 1085 376 1115 licet
395 1085 533 1124 colligere.
555 1086 658 1116 Paulus
680 1086 737 1124 ille,
756 1087 804 1126 qui
823 1087 933 1116 tertium
948 1086 978 1116 in

231 1131 326 1160 caelum
338 1138 431 1172 raptus
446 1132 541 1169 fuerat,
555 1132 603 1171 qui
615 1132 757 1162 audiverat
769 1143 865 1162 arcana
881 1134 975 1171 verba,

230 1178 278 1215 qui
291 1187 382 1207 omnes
394 1184 496 1207 naturae
508 1178 676 1208 necessitates
691 1179 842 1219 subegerat,
855 1179 903 1218 qui
915 1190 977 1220 per-

231 1223 298 1252 secta
311 1222 438 1262 deinceps
451 1223 478 1252 in
494 1223 634 1253 securitate
652 1225 834 1263 permanebat,
849 1226 977 1265 precibus

231 1269 312 1298 cuam
332 1268 528 1308 discipulorum
544 1269 693 1307 indigebat,
706 1280 736 1298 ac
749 1269 873 1300 dicebat:
889 1272 978 1301 Orate

230 1325 284 1354 pro
306 1325 363 1351 me,
377 1321 409 1344 ut
429 1314 536 1344 liberer
554 1316 592 1343 ab
610 1314 797 1354 infidelibu55
810 1323 836 1346 et
856 1327 951 1347 rursus
967 1330 975 1347 ι

132 1372 164 1387 es.
201 1381 207 1386 .
235 1362 324 1390 Orate
336 1367 369 1390 ut
383 1361 469 1390 detur
489 1362 562 1390 mihi
581 1371 675 1391 sermo
694 1364 726 1390 in
747 1365 895 1402 apertione
918 1366 977 1394 oris
992 1371 1010 1393 B

233 1409 299 1436 mei.
316 1407 352 1437 Et
376 1406 477 1446 ubique
499 1407 597 1437 videtis
619 1407 710 1448 ipsum
730 1415 756 1438 et
780 1409 977 1450 discipulorum

231 1453 363 1482 orationes
377 1453 524 1493 postulare,
533 1460 633 1483 etcum
650 1453 807 1492 obtinuerit,
826 1457 925 1495 gratias
939 1457 976 1486 il-

231 1498 265 1528 lis
277 1510 366 1539 agere.
382 1501 452 1529 Nam
465 1510 498 1528 ne
511 1500 578 1529 sorte
590 1499 663 1529 dicat
676 1500 775 1540 aliquis
792 1512 854 1531 eum
866 1513 922 1543 prae
935 1503 976 1532 ni-

230 1545 285 1575 mia
298 1545 450 1575 humilitate
463 1545 702 1586 addiscipulorum
716 1558 809 1587 preces
820 1549 974 1588 confugere,

230 1592 358 1622 virtutem
371 1591 482 1621 illarum
495 1592 622 1629 ostendit,
630 1603 696 1622 cum
717 1593 755 1623 ita
766 1594 888 1633 loquitur
902 1596 977 1635 :Qui

230 1639 267 1667 de
281 1639 371 1668 laniis
393 1640 534 1668 mortibus
549 1648 602 1668 nos
619 1640 738 1679 eripuit;
760 1650 908 1680 speramus
922 1652 975 1671 au-

230 1690 299 1722 tem,
317 1687 459 1725 quoniam
473 1692 502 1714 et
515 1686 614 1714 adhuc
638 1688 739 1726 eripiet
762 1688 975 1727 adjuvantibus

229 1738 257 1761 et
268 1733 354 1760 vobis
366 1733 398 1760 in
409 1734 541 1761 oratione
559 1742 613 1771 pro
629 1734 724 1769 mobis,
740 1739 772 1761 ut
791 1735 828 1763 ob
842 1734 977 1764 donatio-

229 1789 307 1814 nem,
320 1789 386 1817 quoe
399 1780 432 1807 in
446 1778 527 1807 nobis
541 1785 595 1815 est,
607 1789 661 1818 per
680 1779 789 1809 multos
808 1783 911 1821 gratioe
922 1792 976 1822 pro

1028 957 1078 985 μου
1087 947 1205 976 τοιούτου
1216 947 1262 977 καὶ
1274 948 1407 978 τοσούτου.
1423 947 1457 978 Ὁ
1465 948 1518 988 γὰρ
1530 948 1635 988 ἀγάπης
1646 947 1799 984 ἀπολαύων,

1026 993 1070 1022 καὶ
1093 994 1175 1033 εὐχῆς
1196 994 1377 1023 ἀπολαύσεται
1399 993 1514 1027 πάντως.
1535 995 1624 1024 Τοῦτο
1651 993 1678 1024 δὲ
1703 994 1797 1030 ἡλίκον

1026 1038 1097 1067 ἐστὶν
1120 1037 1228 1078 ἀγαθὸν,
1249 1040 1328 1075 δῆλον
1351 1041 1459 1070 ἐκεῖθεν.
1480 1041 1588 1073 Παῦλος
1601 1041 1698 1073 ἐκεῖνος
1708 1061 1716 1076 ,
1730 1042 1744 1070 ὁ
1756 1041 1799 1073 εἷς

1026 1083 1114 1124 τρίτον
1128 1085 1255 1124 ἁρπαγεὶς
1273 1085 1391 1125 οὐρανὸν,
1406 1087 1420 1115 ὁ
1435 1085 1541 1125 ῥήματα
1553 1085 1668 1119 ἀκούσας
1678 1086 1781 1126 ἄρῤητα
1790 1108 1799 1122 ,

1026 1132 1040 1159 ὃ
1053 1129 1140 1164 πάσας
1153 1126 1344 1166 καταπατήσας
1356 1131 1404 1164 τὰς
1419 1131 1535 1171 ἀνάγκας
1548 1133 1596 1167 τῆς
1612 1131 1729 1171 φύσεως,
1743 1133 1757 1161 ὁ
1770 1133 1798 1161 ἐν

1027 1176 1156 1217 ἀσφαλείᾳ
1167 1176 1256 1216 τελείᾳ
1266 1176 1358 1206 λοιπὸν
1371 1176 1419 1214 ὢν,
1430 1177 1514 1206 ἐδεῖτο
1526 1176 1663 1218 καὶέὖχῆς
1676 1179 1730 1207 τῶν
1742 1189 1797 1216 μα-

1026 1224 1121 1259 θητῶν,
1135 1223 1181 1252 καὶ
1197 1223 1284 1262 ἔλεγε,
1296 1221 1482 1263 Προσεύχεσθε
1491 1223 1558 1263 ὑπὲρ
1571 1224 1646 1262 ἐμοῦ,
1656 1223 1700 1253 ἵνα
1711 1225 1798 1265 ῥυσθῶ
1836 1256 1840 1258 ,

1026 1268 1079 1298 ἀπὸ
1091 1271 1143 1298 τῶν
1158 1268 1333 1299 ἀπειθούντων
1343 1281 1350 1288 ·
1367 1269 1413 1299 καὶ
1430 1269 1527 1306 πάλιν,
1542 1269 1728 1310 Προσεύχεσθε
1736 1291 1745 1306 ,
1755 1269 1799 1299 ἵνα

1027 1325 1072 1353 μοι
1086 1315 1148 1354 δοθῇ
1158 1315 1234 1355 λόγος
1245 1316 1272 1344 ἐν
1284 1314 1381 1348 ἀνοίξει
1392 1317 1437 1344 τοῦ
1450 1314 1582 1354 στόματός
1597 1326 1657 1353 μου.
1669 1314 1723 1345 Καὶ
1730 1326 1799 1344 παν-

1026 1363 1109 1400 ταχοῦ
1126 1363 1205 1401 ὁρᾶτε
1219 1361 1297 1390 αὐτὸν
1319 1361 1365 1391 καὶ
1384 1362 1508 1390 αἰτοῦντα
1519 1360 1567 1394 τὰς
1578 1360 1659 1401 εὗχόις
1674 1362 1727 1391 τῶν
1742 1373 1798 1400 μα-

1027 1408 1123 1443 Θητῶν,
1133 1407 1178 1436 καὶ
1190 1408 1397 1448 εὐχαριστοῦντα
1407 1408 1494 1440 αὐτοῖς
1506 1407 1574 1446 μετὰ
1587 1407 1618 1437 τὸ
1627 1407 1727 1437 λαὸεἶν.
1739 1406 1799 1437 Ἵνα

1026 1452 1078 1492 γὰρ
1090 1453 1127 1492 μὴ
1141 1453 1206 1493 λέγῃ
1218 1466 1272 1491 τις,
1286 1453 1327 1483 ὅτι
1345 1453 1389 1482 διὰ
1406 1452 1648 1494 ταπεινοφροσύνην
1668 1453 1799 1494 καταφεύ-

1026 1509 1068 1537 γει
1081 1498 1125 1528 lut
1137 1498 1184 1532 τὰς
1198 1499 1277 1540 εὐχὰς
1286 1502 1338 1529 τῶν
1354 1501 1493 1538 μαθητῶν,
1507 1499 1636 1528 δείκνυσιν
1652 1500 1738 1530 αὐτῶν
1753 1499 1798 1529 καὶ

1026 1544 1075 1580 τὴν
1089 1544 1213 1584 δύναμιν,
1225 1546 1294 1575 οὕτω
1305 1545 1389 1586 λέγων
1400 1556 1408 1564 ·
1427 1545 1480 1579 Ὃς
1494 1546 1525 1574 ἐκ
1538 1544 1702 1581 τηλικούτων
1717 1545 1798 1575 θανά-

1026 1602 1079 1620 των
1091 1590 1221 1631 ἐῤῥύσατο
1233 1594 1305 1631 ἡμᾶς
1314 1603 1321 1610 ·
1343 1591 1495 1630 ἠλπίκαμεν
1508 1591 1536 1621 δὲ
1551 1591 1592 1621 &t
1613 1591 1659 1621 ml
1674 1591 1797 1631 ῥύσεται,

1027 1637 1274 1677 συνυπωργούντων
1284 1637 1329 1668 καὶ
1343 1639 1417 1676 ὓμῶν
1428 1639 1463 1677 τῇ
1476 1637 1565 1674 δεήσει
1577 1637 1644 1677 ὑπὲρ
1657 1639 1744 1676 ἡμῶν,
1754 1637 1799 1667 ἵνα

1027 1683 1056 1712 τὸ
1081 1685 1117 1717 εἷς
1129 1686 1201 1722 ἡμᾶς
1214 1683 1335 1724 χάρισμα
1356 1683 1399 1713 διὰ
1413 1684 1519 1713 πολλῶν
1537 1680 1717 1723 εὐχαριστηθῇ
1731 1683 1798 1724 ὓπὲρ

1025 1730 1111 1768 ἡμῶν.
1124 1730 1158 1759 El
1173 1729 1201 1760 δὲ
1215 1731 1323 1760 Παῦλον
1337 1729 1463 1760 κινδύνων
1478 1728 1630 1765 ἀπήλλαξεν
1641 1731 1658 1766 ἡ
1671 1731 1718 1759 τοῦ
1731 1730 1798 1766 πλή-

1027 1778 1085 1808 θους
1105 1775 1188 1815 εὐχὴ,
1201 1778 1258 1810 πῶς
1271 1777 1300 1806 οὗ
1316 1775 1420 1816 μεγάλα
1441 1776 1481 1805 δεῖ
1499 1776 1648 1816 προσδοκᾷν
1668 1775 1714 1805 καὶ
1726 1778 1799 1815 ἡμᾶς

229 1826 313 1854 nohis
325 1831 462 1864 agantur.
474 1824 558 1862 Quod
572 1825 595 1854 si
610 1825 726 1855 Paulum
739 1837 754 1855 a
768 1827 899 1867 periculis
911 1839 975 1858 ora-
991 1828 1014 1853 C‘
1026 1821 1080 1851 ἀπὸ
1092 1822 1189 1859 ταύτης
1209 1822 1401 1862 καρπώσασθαῑ
1418 1823 1468 1857 ⁴:71⁰<
1488 1821 1667 1861 προπασίαςῐ
1684 1821 1796 1858 ’timoth

228 1871 269 1900 tio
286 1871 470 1901 multitudinis
494 1871 640 1908 liberavit,
662 1882 749 1902 annon
772 1874 852 1903 etiam
865 1885 881 1903 a
899 1875 976 1905 nobis

228 1916 377 1956 exspectari
388 1927 438 1957 par
451 1923 501 1953 est,
507 1923 537 1946 ut
548 1927 582 1946 cx
594 1917 645 1946 hoc
657 1918 778 1948 subsidio
792 1929 888 1959 magna
899 1931 976 1950 com—

229 1961 308 1991 moda
332 1962 548 2001 consequamur?
570 1964 642 1992 Cum
660 1963 733 1993 enim
753 1964 854 1995 infirmi
878 1966 974 2006 simus,

228 2006 294 2037 dum
305 2007 355 2037 soli
367 2018 520 2047 precamur,
529 2008 579 2037 uhi
591 2019 655 2039 vero
669 2011 820 2051 congregati
833 2012 974 2051 fuerimus,

228 2053 401 2091 robustiores,
425 2053 600 2084 multitudine
619 2066 650 2085 ac
663 2056 787 2087 societate
805 2057 870 2088 inita
886 2060 974 2089 Deum

228 2110 380 2130 exoramus.
391 2099 437 2130 Sic
462 2100 541 2130 etiam
566 2111 614 2130 rex
638 2112 707 2141 saepe
731 2113 794 2132 cnm
810 2104 929 2142 aliquem
939 2105 975 2135 ad

228 2152 342 2175 mortem
355 2145 498 2182 damnarit,
511 2146 559 2175 uni
568 2146 679 2185 quidem
692 2149 777 2178 oranti
792 2160 842 2189 pro
849 2150 975 2182 damnato

228 2202 280 2222 non
301 2192 406 2226 annuit,
425 2191 460 2220 ab
479 2191 584 2232 integra
601 2203 665 2222 vero
684 2193 794 2224 civitate
816 2195 975 2236 deprecante

227 2237 305 2267 facile
317 2244 455 2274 exoratur,
469 2247 585 2277 eumque
598 2238 644 2276 qui
658 2238 694 2268 ad
706 2239 864 2271 barathrum
882 2243 973 2273 abdu-

227 2283 348 2319 uebatur,
364 2283 400 2312 ob
412 2282 618 2323 deprecatorum
629 2284 830 2315 multitudinem
839 2289 974 2328 supplicio

225 2330 332 2367 eximit,
340 2336 420 2368 atque
433 2327 469 2358 ad
482 2328 567 2359 vitam
580 2329 695 2360 reducit.
706 2331 792 2361 Tanta
807 2333 850 2363 vis
863 2341 903 2363 est
915 2345 974 2364 ora-

1025 1867 1077 1907 γὰρ
1091 1870 1149 1897 καθ’
1164 1867 1272 1902 ἑαυτοὺς
1293 1868 1432 1909 εὐχόμενοι
1453 1869 1570 1900 ἀσθενεῖς
1583 1868 1678 1907 ἔσμεν,
1692 1866 1755 1897 ὅταν
1769 1867 1797 1898 δὲ

1026 1914 1211 1953 συλλεγῶμεν,
1230 1913 1332 1953 ἰσχυροὶ
1353 1912 1479 1953 γινόμεθα
1494 1913 1610 1951 μᾶλλον,
1624 1913 1796 1952 δυσωποῦμεν

1025 1959 1070 1989 τὸν
1079 1960 1150 1989 Θεὸν
1161 1961 1199 2000 τῷ
1210 1960 1305 1996 πλήθει
1313 1959 1359 1989 καὶ
1369 1962 1402 1999 τῇ
1414 1958 1566 1999 συμμαχίᾳ.
1574 1957 1657 1989 Οὕτω
1665 1958 1710 1988 καὶ
1721 1960 1796 1998 βασι-

1025 2004 1086 2039 λεὺς
1096 2005 1224 2039 πολλάκις
1235 2006 1294 2035 τινὰ
1310 2005 1491 2045 παραπέμψας
1504 2004 1623 2044 θανάτῳ,
1635 2003 1673 2033 ἑνὶ
1685 2003 1733 2043 μὲν
1747 2005 1795 2034 οὐκ

1026 2050 1149 2081 ἐπένευσε
1160 2051 1275 2092 δεομένῳ
1288 2051 1350 2091 περὶ
1360 2053 1406 2080 τοῦ
1418 2049 1663 2086 καταδικασθέντος,
1675 2049 1752 2080 πόλιν
1766 2049 1795 2079 δὲ

1025 2097 1168 2138 ὁλόκληρον
1187 2098 1393 2139 παρακαλοῦσαν
1407 2096 1578 2134 ἐδυσωπήθη,
1587 2095 1637 2137 ,καὶ
1649 2095 1696 2125 τὸν
1707 2095 1752 2125 ἐπὶ
1764 2095 1797 2125 τὸ

1028 2144 1158 2184 βάραθρον
1168 2144 1334 2184 ἀπαγόμενον
1347 2142 1390 2172 διὰ
1397 2143 1428 2173 τὸ
1438 2144 1538 2179 πλῆθος
1547 2144 1600 2172 τῶν
1612 2140 1795 2182 παρακαλούν-

1026 2201 1078 2219 των
1090 2189 1222 2230 ἐξήρπασε
1236 2191 1285 2225 τῆς
1302 2188 1462 2225 καταδίκης,
1476 2188 1522 2219 καὶ
1536 2189 1602 2228 πρὸς
1614 2188 1684 2224 ζωὴν
1698 2186 1797 2223 ἐπανή·

1025 2247 1099 2276 γαγε.
1117 2235 1242 2272 Τοσαύτη
1256 2238 1273 2271 ἡ
1286 2235 1396 2274 δύναμις
1408 2237 1456 2271 τῆς
1468 2237 1514 2264 τοῦ
1529 2234 1647 2270 πλήθους
1659 2232 1796 2272 ἱκετηρίας

1025 2282 1092 2312 ἐστί.
1104 2281 1156 2312 Διὰ
1177 2284 1254 2312 τοῦτο
1276 2281 1321 2311 καὶ
1343 2282 1455 2310 ἐνταῦθα
1476 2280 1657 2320 συλλεγόμεθα
1681 2278 1793 2316 πάντες,

1024 2328 1067 2358 ἵνα
1091 2328 1215 2368 μειζόνως
1235 2329 1272 2362 εἷς
1295 2323 1381 2357 οἶκτον
1404 2326 1614 2366 ἐπισπασώμεθα
1642 2325 1686 2354 τὸν
1714 2323 1794 2355 Θεόν.

225 2376 307 2406 tionis
325 2374 519 2405 multitudinis.
541 2375 647 2406 Idcirco
673 2376 755 2407 etiam
775 2379 930 2419 colligimur
947 2388 973 2411 et
988 2391 1008 2415 ι)
1024 2374 1136 2411 Ἐπεῑδῆ
1159 2373 1210 2414 γὰρ
1228 2375 1293 2404 καθ’
1307 2372 1414 2407 ἑαυτοὺς
1437 2372 1593 2413 &affy-22⁰1,
1614 2370 1700 2403 καθὼς
1714 2369 1794 2411 ἔφθη*

224 2422 399 2452 οοιινειιίιιιιιε
411 2421 466 2451 bue
477 2431 581 2458 omnes,
597 2429 626 2451 ut
639 2423 823 2454 vehementius
837 2426 926 2456 Deum
937 2428 972 2458 ad
1023 2420 1121 2457 εἶπὼν,
1136 2422 1252 2454 ‘homi‘
1265 2421 1362 2459 ἔσμεν,
1377 2419 1430 2449 ἀπὸ
1441 2422 1488 2448 τοῦ
1501 2417 1646 2456 συνδέσμου
1660 2418 1708 2452 τῆς
1729 2415 1795 2455 ᾶΥά·

224 2465 436 2496 misericordiam
450 2465 600 2499 flectamus.
614 2467 684 2497 Nam
704 2478 766 2497 cum
787 2477 890 2500 orantes
904 2472 966 2510 soli,

223 2517 253 2539 ut
266 2516 328 2539 ante
342 2509 414 2546 dixi,
431 2509 579 2539 imbecilles
588 2510 683 2548 simus,
695 2522 743 2551 per
756 2514 969 2553 conjunctionem

222 2554 338 2583 caritatis
356 2555 444 2583 Deum
456 2563 609 2591 exoramus,
620 2561 650 2583 ut
662 2555 740 2585 nobis
759 2557 892 2596 postulata
906 2569 969 2589 con-

221 2597 311 2627 cedat.
333 2598 396 2627 Haec
417 2607 480 2629 vcro
506 2607 559 2628 non
587 2604 686 2629 temere
696 2609 710 2629 a
723 2610 766 2630 me
780 2601 963 2642 proferuntur,

1022 2479 1076 2502 π-ης
1087 2467 1258 2506 δυσωποῦμεν
1272 2466 1317 2495 τὸν
1330 2465 1400 2496 Θεὸν
1414 2466 1504 2495 δοῦναι
1514 2467 1580 2503 ἡμῖν
1593 2463 1626 2493 τὰ
1639 2461 1792 2501 αἰτούμενα.

1022 2514 1116 2542 Ταῦτα
1130 2512 1157 2541 δὲ
1171 2514 1220 2552 οὐχ
1230 2513 1321 2545 ἁπλῶς
1333 2511 1418 2551 λέγω,
1433 2511 1492 2541 οὐδὲ
1512 2511 1546 2540 δι’
1566 2508 1681 2550 ἐμαυτὸν
1695 2508 1792 2548 μόνον,

1021 2557 1081 2587 ἀλλ’
1101 2557 1144 2587 ἵνα
1162 2558 1203 2587 ἀεὶ
1217 2557 1348 2594 σπεύδητε
1368 2559 1405 2591 εἷς
1423 2557 1470 2591 τὰς
1490 2555 1622 2592 συνάξεις,
1634 2554 1678 2583 ἵνα
1692 2554 1729 2593 μὴ
1743 2554 1788 2584 λέ-

1019 2616 1099 2643 γητε·
1113 2603 1140 2633 τί
1152 2604 1203 2644 γὰρ
1223 2605 1250 2634 ἐν
1265 2606 1297 2643 τῇ
1318 2603 1387 2644 οἰκίᾳ
1406 2605 1435 2633 οὐ
1456 2602 1570 2642 δύναμαι
1582 2600 1719 2639 attensem
1738 2600 1791 2630 Δύ-
