1890 2826
82 929 149 950 Psnl.
168 929 220 958 9ηῇ

82 1021 143 1043 Dan.
153 1028 174 1049 7.
186 1030 209 1052 9.

229 159 274 194 «76

234 195 242 206 l

227 239 253 260 et
266 232 452 271 conspicuum,
473 239 499 260 et
511 232 667 271 angelorum
689 232 788 262 chorus
808 232 928 269 adstans,
944 241 969 263 et

228 278 449 317 archangelorum
458 285 553 314 coetus,
565 285 592 308 et
603 278 766 318 Unigenitus
777 278 883 316 sedens,
898 287 924 309 et
934 280 969 308 li·
986 288 1004 311 C

227 324 272 352 hri
285 324 455 364 aperiuntur,
469 331 495 353 et
507 324 587 354 fluvii
597 324 667 363 ignei
682 331 800 361 manant,
816 331 842 354 et
851 325 970 364 undique

227 370 372 400 tribunalis
395 371 480 400 forma
503 370 685 400 constituitur.
713 371 783 400 Sunt
805 378 893 400 autem
923 372 971 401 illa

229 416 319 446 omnia
340 417 374 447 iis
391 417 491 453 affinia,
505 427 565 456 quae
576 417 622 446 hic
641 424 782 447 narrantur
802 429 812 448 z
833 418 971 448 autetiam

230 463 347 503 apertius
360 463 384 493 is
398 463 457 492 haec
467 456 618 501 annuntiat,
633 464 698 502 quia
709 463 839 494 viciniora
852 471 972 505 tempora

230 510 278 540 illa
297 517 382 547 eraut,
405 517 431 539 et
454 510 487 540 ad
513 510 585 550 ipsas
607 510 718 540 demum
739 511 809 540 fores
833 511 973 551 prophetia

231 562 399 595 pervenerat.
413 557 518 586 Verum
531 555 589 585 haec
599 555 728 586 studiosis
742 556 931 596 relinquentes,
945 565 975 587 nt

231 602 358 642 colligant
367 609 393 632 et
406 609 551 643 apponant,
563 610 588 632 et
600 603 741 642 utriusque
750 603 896 644 prophetia¹
908 615 972 634 con-

232 649 380 686 sonantiam
397 648 527 686 ediscant,
546 649 586 678 uti
596 650 654 690 jam
666 649 737 687 dixi,
757 660 815 679 eam
833 661 913 690 quam
926 661 974 680 no-

231 695 274 724 his
286 695 477 734 proposuimus
492 696 549 735 jam
562 701 684 725 accurate
696 691 849 735 tractemus,
869 700 918 736 pro
931 697 975 726 vi-

233 741 280 770 rili
312 747 402 770 nostra
424 741 544 781 singulas
569 741 699 772 dictiones
722 742 912 783 expendentes.
936 744 976 773 lta

233 787 304 816 enim
323 793 350 816 et
370 787 448 816 nobis
460 794 486 816 et
507 787 585 817 vobis
597 787 760 817 dilucidiora
778 795 856 818 erunt
875 799 906 818 ea
917 799 976 827 quae

565 171 593 193 S.
622 171 762 194 JOANNIS
788 173 968 196 CHRYSOST.
998 174 1154 198 ARcmEP.
1182 176 1454 200 CONSTANTINOP-

1024 235 1090 274 μένῃ
1116 235 1248 272 δίδοσθαι,
1271 237 1348 266 κάκεῖ
1373 237 1461 277 θρόνος
1479 238 1599 278 φαίνεται
1610 239 1731 279 λαμπρὸς
1746 239 1791 270 καὶ

1024 281 1187 321 περιφανὴς,
1209 281 1255 311 καὶ
1282 283 1365 321 δῆμος
1387 283 1506 322 ἀγγέλων
1530 284 1720 323 παρεστηκὼς,
1747 286 1794 314 καὶ

1024 328 1084 363 ἔθνη
1108 326 1280 367 ἀρχαγγέλων
1290 349 1299 363 ,
1311 328 1356 358 καὶ
1374 330 1389 357 ὁ
1409 329 1559 368 Μονογενὴς
1573 330 1771 369 συγκαθήμενος
1783 350 1792 366 ,

1025 372 1069 401 καὶ
1094 372 1180 411 βίὸλοι
1208 373 1372 413 ἀνοίγονται,
1397 374 1441 404 καὶ
1463 374 1579 413 ποταμοὶ
1598 375 1681 415 πυρὸς
1703 376 1797 406 ἕλκον-ι

1025 431 1087 453 ται,
1110 419 1155 447 καὶ
1175 419 1302 449 πάντοθεν
1323 422 1417 460 σχῆμα
1439 421 1608 461 δικαστηρίου
1629 421 1794 452 συνίσταται.

1025 464 1079 494 Καὶ
1105 465 1161 494 ἔστι
1188 466 1297 495 κάκεῖνα
1327 467 1441 505 συγγενῆ
1465 471 1520 500 τοῖς
1546 468 1659 496 ἐνταῦθα
1681 467 1796 506 λεγομέ-

1025 521 1077 543 νοις
1100 510 1204 540 ἅπαντα
1215 533 1223 547 ,
1243 510 1262 546 ἢ
1283 511 1328 541 καὶ
1343 512 1503 552 σαφέστερον
1514 513 1611 546 ἐκεῖνος
1625 512 1694 543 αὐτὰ
1707 514 1796 552 ἄπαγ·

1026 555 1129 594 γέλλει,
1154 556 1201 586 ἅτε
1221 558 1273 586 τῶν
1296 556 1398 597 χρόνων
1417 557 1556 598 ἐγγύτερον
1569 557 1729 598 γινομένων,
1748 558 1795 589 καὶ

1026 601 1091 640 πρὸς
1115 601 1196 635 αὐτὰς
1212 602 1304 632 λοιπὸν
1316 602 1364 636 τὰς
1385 603 1464 643 θύρας
1485 605 1534 640 τῆς
1554 604 1716 644 προφητείας
1736 605 1798 644 ἀφι-

1027 647 1179 686 κνουμένης.
1209 647 1288 678 Ἀλλὰ
1315 651 1399 679 ταῦτα
1425 654 1480 682 τοῖς
1511 650 1661 690 φιλοπόνοις
1688 651 1798 691 ἀφέντες

1027 698 1183 732 συναγαγεῖν
1196 694 1241 723 καὶ
1256 694 1442 735 παρατιθέναι,
1465 695 1511 725 καὶ
1529 696 1577 733 τὴν
1599 696 1726 737 ἑκατέρας
1749 698 1797 732 viic

1027 740 1186 779 προφητείας
1209 741 1346 770 κοινωνίαν
1367 742 1596 781 καταμανθάνειν,
1622 742 1688 782 ὅπερ
1713 742 1799 783 ἔφην,

1027 788 1075 821 τῆς
1097 787 1272 826 προκειμένης
1294 790 1371 826 ἡμεῖς
1395 788 1525 828 ἁψώμεθα
1551 789 1619 828 μετὰ
1641 788 1799 829 ἀκριὸείας,

233 832 305 862 dicta
322 840 394 862 sunt.
405 832 481 870 Quid
496 833 579 873 igitur
595 833 651 863 ait?
671 834 741 862 Vidi
753 835 915 864 Dominum
927 844 975 864 se·-
991 843 1011 866 n
1027 833 1064 865 ὣς
1087 831 1117 860 ἂν
1137 827 1189 861 οἷόν
1211 845 1240 862 τε
1259 828 1277 872 ,ἦ
1300 835 1374 872 ῥῆσιν
1397 834 1511 870 ἑκάστην
1537 834 1716 874 ἐξηγούμενοι.
1739 835 1799 865 Οὔ-

233 879 360 908 dentem.
372 879 404 908 In
416 878 485 908 solio
498 879 600 916 sedere,
614 889 720 919 semper
732 880 887 919 symbolum
901 880 976 920 judi·

231 925 267 954 cii
288 931 338 962 est,
352 924 579 963 quemadmodum
593 925 684 955 David
697 926 735 955 ait
750 938 758 955 ι
773 925 882 956 Sedisti
892 936 978 966 super·

232 972 369 1000 thronum
398 972 450 1010 qui
473 971 591 1010 judicas
617 973 778 1011 justitiam;
807 979 833 1001 et
855 972 952 1001 Daniel
967 983 974 999 z

236 1017 345 1046 Throni
363 1016 451 1056 positi
468 1023 548 1053 sunt,
570 1023 599 1046 et
613 1018 759 1056 judicium
779 1018 863 1047 sedit.
879 1017 977 1047 Sedere

231 1070 321 1093 autem
334 1063 492 1103 sinpliciter
506 1063 617 1092 alterius
631 1063 786 1103 symbolum
799 1070 848 1099 est,
862 1064 900 1092 ait
911 1073 976 1104 pro-

231 1110 322 1150 pheta.
337 1110 485 1150 Cujusnam
494 1110 508 1139 ἱ)
522 1109 620 1146 Firmi,
635 1110 777 1147 manentis,
796 1110 975 1150 procedentis,

231 1155 419 1192 immutabilis,
440 1155 657 1192 interminabilis,
677 1156 741 1185 vitae
758 1156 890 1196 perennis.
911 1156 976 1187 Ideo

230 1201 268 1230 ait
278 1213 287 1230 ε
302 1202 346 1230 Tu
360 1200 454 1231 sedens
467 1201 495 1230 in
518 1201 657 1237 saeculum,
680 1208 706 1231 et
727 1212 775 1231 nos
788 1209 927 1242 pereuntes
948 1202 976 1231 in

231 1247 369 1276 saeeulum.
383 1247 427 1275 Tu
451 1247 551 1286 inquit,
573 1258 693 1284 manens,
715 1247 856 1284 exsistens,
871 1248 973 1286 vivens,

230 1304 335 1334 semper
345 1293 440 1323 eodem
450 1293 579 1323 exsistens
593 1293 682 1324 modo.
699 1293 782 1331 Quod
794 1294 866 1323 enim
879 1293 908 1323 id
921 1305 974 1324 non

229 1339 331 1368 dixerit
342 1339 376 1368 de
389 1339 525 1377 cathedra,
545 1340 600 1380 ipsa
620 1340 757 1370 distinctio
770 1340 972 1371 demonstravit.

228 1386 291 1415 Non
300 1385 372 1415 enim
383 1385 466 1423 dixit,
479 1387 534 1415 Nos
544 1393 652 1422 stantes,
665 1385 724 1422 sed,
739 1393 889 1426 pereuntes.
899 1386 974 1416 Illud
988 1392 1008 1416 B

230 1438 320 1461 autem
333 1433 360 1461 in
375 1432 444 1462 solio
455 1432 558 1469 sedere,
570 1432 599 1461 id
611 1439 651 1462 est
662 1432 793 1473 judicare.
808 1433 873 1462 Ideo
884 1433 974 1474 ipsum

230 1477 270 1507 sic
281 1478 356 1508 videt
374 1478 510 1508 sedentem
529 1489 611 1519 snper
622 1479 721 1512 solium
734 1479 869 1509 excelsum
883 1487 909 1510 et
919 1480 972 1510 ele-

230 1530 323 1553 vatum
335 1535 342 1558 ;
364 1524 407 1554 vel
431 1524 508 1554 aliud
522 1525 585 1562 hoc,
610 1524 687 1554 aliud
714 1525 785 1554 illud
809 1526 972 1557 subindicat.

230 1568 337 1598 Etenim
349 1570 485 1600 excelsum
504 1578 560 1600 erat
573 1571 683 1607 solium,
698 1570 728 1600 id
745 1578 783 1600 est
801 1583 929 1611 magnum
949 1579 974 1602 et

229 1614 400 1654 altissimum,
423 1623 449 1646 et
461 1617 604 1653 elevatum,
624 1617 653 1646 id
666 1624 715 1655 est,
729 1617 864 1647 immensae
878 1618 974 1648 altitu-

230 1660 304 1690 dinis
316 1672 447 1702 apparens
458 1669 485 1692 et
497 1663 631 1692 sublimis.
643 1664 685 1692 E't
692 1663 783 1702 plena
796 1671 860 1693 erat
870 1665 973 1694 domus

229 1707 325 1746 gloria
347 1710 420 1748 ejus.
436 1709 504 1745 Quae
525 1708 644 1738 domus?
658 1709 703 1738 dic
721 1710 799 1739 mihi.
815 1710 971 1750 Templum.

230 1752 301 1790 Quia
319 1754 392 1783 enim
409 1754 486 1783 illinc
506 1754 662 1784 oriebantur
682 1755 839 1793 inimicitiae,
862 1757 924 1796 jure
945 1757 972 1786 in

229 1799 280 1828 hac
292 1799 411 1829 mirabili
431 1800 534 1830 visione
554 1800 593 1830 ibi
608 1801 772 1841 conspicitur
784 1802 889 1832 sedens.
903 1803 972 1833 Glo-
985 1801 1009 1852 ‘ff

229 1845 297 1874 riam
312 1852 401 1875 autem
414 1846 460 1876 hic
473 1853 551 1876 vocat
570 1846 742 1886 splendorem
754 1847 842 1877 lucem
856 1848 972 1878 inacces-

229 1890 348 1927 sibilem,
363 1903 445 1931 qnam
457 1904 521 1922 cum
542 1903 595 1922 non
607 1900 695 1933 posset
705 1894 795 1923 verbis
808 1895 971 1934 exprimere,

229 1937 343 1975 gloriam
363 1938 480 1975 vocavit,
497 1949 583 1977 neque
596 1939 754 1979 simpliciter
775 1941 899 1980 gloriam,
924 1942 973 1972 sed

229 1983 281 2012 Dei
293 1983 416 2023 gloriam.
427 1986 457 2013 9.
468 1986 510 2013 Et
517 1984 669 2024 Seraphim
677 1987 797 2015 stabant
810 1989 842 2015 in
850 1989 972 2018 circuitu

230 2030 304 2069 ejus.
319 2031 450 2066 Quaenam
463 2029 531 2059 dicit
541 2031 598 2060 haee
609 2031 752 2071 Seraphim
762 2032 776 2060 ἔ)
790 2033 913 2063 Virtutes
927 2035 973 2063 in-

229 2086 369 2116 corporeas
381 2086 557 2115 supernorum
570 2083 700 2112 coetuum,
716 2088 831 2116 quarum
845 2080 973 2111 virtutem

231 2128 256 2151 et
271 2121 462 2151 beatitudinem
484 2133 517 2151 ex
531 2122 589 2162 ipso
606 2123 712 2151 nomine
728 2123 821 2153 videre
838 2133 886 2155 est.
902 2128 972 2156 Nam

231 2168 361 2196 Hebra'i'ca
383 2167 477 2207 lingua
489 2167 631 2207 Seraphim
655 2168 738 2208 ignita
749 2180 794 2199 ora
807 2171 969 2211 significant.

231 2213 307 2250 Quid
319 2213 403 2253 igitur
413 2214 476 2243 hinc
484 2213 635 2244 discimus?
647 2216 793 2245 Puritatem
804 2217 968 2257 substantiae,

231 2259 409 2298 vigilantiam,
418 2260 594 2299 diligentiam,
602 2261 759 2300 agilitatem,
765 2262 822 2292 vim
828 2266 970 2303 operandi,

265 2364 279 2382 l'
297 2366 324 2388 Σὺ
337 2368 458 2395 καθήμενος
473 2368 501 2392 εἰς
514 2368 551 2389 τὸν
565 2368 641 2396 αἰῶνα,
658 2371 705 2389 otc,
721 2365 826 2390 Videtur
845 2366 886 2391 hic
901 2368 985 2402 Cllry—

233 2408 357 2427 sostomus
369 2401 453 2426 locum
464 2402 571 2434 aliquem
585 2404 693 2428 Danielis
706 2404 809 2438 afferre,
830 2412 873 2430 aut
885 2407 988 2432 alterius

233 2442 359 2474 prophetae
369 2455 375 2474 5
386 2441 430 2466 sed
441 2441 536 2466 nullum
548 2441 621 2466 talem
636 2443 740 2475 reperio.

263 2490 273 2500 ⁰
291 2486 429 2514 Καθήμ-ῑνον,
443 2486 491 2505 etc.
503 2482 576 2505 Hunc
587 2481 668 2505 locum
677 2482 794 2507 mutilum
804 2492 855 2508 esse
864 2491 936 2516 putat
947 2486 986 2510 Al»

230 2520 298 2545 lenus
310 2521 335 2544 in
347 2520 414 2544 notis
425 2519 520 2545 Savilii.
534 2519 583 2544 sed
597 2528 648 2544 csse
658 2522 766 2546 numeris
778 2523 894 2548 omnibus
906 2523 986 2549 abso-

228 2558 309 2584 lutum
321 2559 444 2584 existimo.

1028 889 1066 906 τω
1095 876 1146 917 γὰρ
1176 878 1221 907 καὶ
1245 881 1309 917 ἡμῖν
1337 879 1382 908 καὶ
1411 881 1472 918 ὑμῖν
1496 880 1646 920 σαφέστερα
1669 881 1743 910 ἔσται
1763 880 1799 910 τὰ

1029 922 1163 962 εἰρημένα.
1178 923 1214 953 Τί
1235 919 1279 953 οὖν
1299 937 1378 965 φησιν
1390 937 1398 961 ;
1413 921 1491 955 Εἶδον
1506 926 1550 955 τὸν
1564 926 1663 965 Κύριον
1677 926 1798 966 καθήμε-

1029 980 1080 999 νον.
1109 970 1149 999 Τὸ
1174 973 1302 1006 καθῆσθαι
1331 972 1374 1001 ἐπὶ
1399 972 1488 1012 θρόνου
1513 972 1645 1011 σύμὸολον
1671 973 1714 1002 ἀεὶ
1739 973 1799 1014 apl-

1029 1014 1095 1048 σεώς
1117 1016 1187 1044 ἐστιν
1198 1038 1207 1052 ,
1229 1016 1319 1057 ὥσπερ
1341 1020 1355 1047 ὁ
1378 1018 1464 1048 Δαυίδ
1477 1029 1556 1058 φησιν
1568 1018 1739 1053 ’νἘκάθισας
1753 1019 1799 1049 ἐπὶ

1029 1060 1119 1100 θρόνου
1132 1063 1146 1091 ὁ
1159 1061 1252 1102 κρίνων
1273 1063 1455 1099 δικαιοσύνην·
1469 1063 1514 1093 καὶ
1535 1067 1549 1093 ὁ
1567 1064 1669 1100 Δανιήλ
1680 1076 1687 1082 ·
1700 1064 1799 1104 Θρόνοι

1029 1106 1163 1144 ἐτέθησαν,
1183 1108 1229 1137 καὶ
1248 1109 1383 1149 κριτήριον
1403 1110 1517 1139 ἐκάθισε.
1532 1110 1573 1139 Τὸ
1595 1109 1624 1139 δὲ
1638 1111 1731 1144 ἁπλῶς
1749 1123 1797 1140 κα-

1029 1155 1123 1189 θῆσθαι
1149 1153 1236 1194 ἑτέρου
1263 1154 1395 1194 σύμὸολον
1420 1151 1487 1185 εἶναί
1510 1167 1588 1196 φησιν
1610 1158 1625 1185 ὁ
1646 1158 1796 1197 προφήτης..

1028 1198 1107 1232 Τίνος
1129 1199 1157 1230 δὶ
1179 1200 1291 1238 τούτους
1315 1202 1371 1231 Τοῦ
1392 1202 1506 1241 παγίου,
1528 1204 1574 1231 τοῦ
1598 1202 1728 1241 μονίμου,
1752 1205 1798 1232 τοῦ

1029 1244 1187 1284 βεὸηκότος,
1215 1249 1261 1276 τοῦ
1286 1247 1417 1287 ἀτρέπτου
1430 1269 1438 1282 ,
1461 1250 1506 1277 τοῦ
1535 1248 1729 1286 ἀτελευτήτου,
1750 1250 1799 1284 τῆς

1027 1293 1095 1327 ζωῆς
1107 1294 1154 1328 τῆς
1166 1293 1322 1334 ἀπεράντου.
1339 1294 1392 1323 Διὰ
1409 1294 1485 1323 τοῦτό
1500 1306 1566 1335 φησι
1577 1306 1583 1313 ·
1599 1293 1661 1325 1’Σὺ
1676 1294 1798 1334 καθήμε-

1027 1349 1069 1372 νος
1086 1340 1122 1372 εἰς
1140 1339 1184 1369 τὸν
1209 1341 1310 1375 αἰῶνα,
1333 1339 1378 1369 καὶ
1395 1342 1472 1379 ἡμεῖς
1492 1340 1671 1380 ἀπολλύμενοι
1691 1338 1728 1374 εἲς
1752 1340 1796 1370 τὸν

1027 1385 1121 1415 αἰῶνα.
1140 1383 1194 1421 Σὺ,
1208 1385 1288 1426 φησὶ,
1301 1385 1395 1424 μένων,
1409 1385 1455 1422 ὢν,
1474 1388 1533 1424 ζῶν,
1549 1387 1591 1416 ἀεὶ
1604 1387 1729 1420 ὡσαύτως
1746 1387 1795 1416 ὤν.

1026 1429 1092 1460 ’Ότι
1113 1430 1165 1471 γὰρ
1184 1432 1214 1460 οὗ
1233 1431 1295 1471 περὶ
1315 1431 1440 1471 καθέδρας
1458 1432 1556 1472 ἔλεγεν,
1573 1435 1590 1468 ἡ
1611 1433 1797 1469 ἀντιδιαστολὴ

1027 1477 1105 1512 δῆλον
1117 1477 1248 1514 ἐποίησεν.
1262 1478 1303 1508 Οὔ
1314 1476 1366 1517 γὰρ
1378 1472 1463 1513 εἶπεν,
1478 1480 1556 1517 ἡμεῖς
1571 1481 1682 1512 ἑστῶτες
1692 1502 1699 1516 ,
1714 1478 1795 1516 ἀλλὰ,

1027 1523 1212 1563 ἀπολλύμενοι.
1226 1523 1267 1553 Τὸ
1285 1524 1312 1553 δὲ
1333 1523 1377 1553 ἐπὶ
1395 1524 1486 1563 θρόνου
1501 1527 1631 1560 καθῆσθαι
1647 1525 1678 1554 τὸ
1699 1525 1797 1565 κρίνειν

1026 1569 1091 1599 ἐστί.
1116 1569 1169 1600 Διὰ
1188 1573 1266 1600 τοῦτο
1289 1569 1366 1599 αὐτὸν
1390 1569 1472 1603 οὕτως
1491 1571 1540 1610 ὁρᾷ
1560 1574 1572 1587 ⁶
1584 1571 1730 1610 καθήμενον
1751 1571 1797 1600 ἐπὶ

1025 1615 1116 1654 θρόνου
1135 1617 1236 1656 ὑψηλοῦ
1261 1615 1308 1645 καὶ
1327 1615 1494 1656 ἐπηρμένου,
1514 1616 1531 1652 ἢ
1550 1617 1638 1658 ἕτερον
1660 1616 1708 1656 μὲν
1732 1619 1796 1646 τοῦ·

1025 1676 1068 1702 το,
1092 1665 1178 1705 ἕτερον
1201 1664 1230 1695 δὲ
1252 1665 1335 1694 ἐκεῖνο
1365 1665 1517 1696 αἰνίττεται.
1541 1666 1594 1696 Καὶ
1618 1665 1669 1706 γὰρ
1694 1665 1795 1707 ὑψηλὸς

1025 1710 1057 1751 ἦν
1076 1717 1090 1744 ὁ
1113 1714 1215 1755 θρόνος,
1234 1715 1371 1752 τουτέστι,
1390 1715 1471 1755 μέγας
1493 1716 1538 1745 καὶ
1557 1716 1713 1756 ὑπερμήκης
1725 1727 1734 1734 ·
1749 1716 1795 1745 καὶ

1025 1766 1180 1807 ἐπηρμένος,
1191 1765 1327 1803 τουτέστι,
1342 1766 1387 1796 καὶ
1399 1768 1426 1796 ἐν
1442 1767 1503 1806 ὕψει
1517 1767 1672 1807 φαινόμενος
1685 1767 1796 1808 ἀφάτῳ,

1025 1816 1070 1846 καὶ
1087 1816 1225 1856 μετέωρος.
1243 1815 1297 1846 Καὶ
1314 1816 1419 1855 πλήρης
1433 1818 1447 1845 ὁ
1461 1812 1530 1850 οἶκος
1548 1820 1596 1853 τῆς
1610 1817 1685 1854 δόξης
1704 1819 1794 1847 αὐτοῦ.

1025 1867 1104 1900 Ποῖος
1115 1861 1198 1902 οἶκος5
1211 1865 1268 1895 εἶπέ
1280 1877 1333 1905 μοι.
1345 1865 1379 1895 Ὁ
1389 1866 1458 1900 ναός.
1473 1866 1584 1903 Ἐπειδὴ
1599 1866 1650 1907 γὰρ
1663 1868 1762 1897 ἐκεῖθεν
1774 1870 1792 1903 ἡ

1025 1917 1115 1957 ἔχθρα,
1125 1916 1231 1950 εἰκότως
1240 1915 1285 1946 καὶ
1296 1917 1323 1946 ἐν
1333 1918 1366 1956 τῇ
1377 1916 1435 1957 ὄψει
1450 1919 1483 1957 τῇ
1498 1917 1632 1957 θαυμασία
1641 1918 1725 1959 ταύτῃ
1738 1920 1794 1948 ἐκεῖ
1823 1927 1827 1930 “
1845 1946 1849 1949 .

1025 1966 1169 2006 καθήμενος
1190 1965 1318 2006 φαίνεται.
1331 1966 1415 2000 Δόξαν
1427 1966 1455 1997 δὲ
1473 1967 1585 1997 ἐνταῦθά
1599 1979 1664 2008 φησι
1674 1969 1794 2008 λαμπρό-

1025 2028 1104 2054 τητα,
1115 2017 1186 2057 ’φῶς
1201 2016 1352 2056 ἀπρόσιτον,
1365 2017 1430 2057 ὅπερ
1445 2019 1605 2057 ἑρμηνεῦσαι
1619 2020 1657 2058 τῷ
1670 2018 1740 2059 λόγῳ
1754 2020 1793 2058 μὴ

1026 2068 1179 2106 δυνάμενος,
1198 2067 1274 2101 δόξαν
1294 2067 1420 2105 ἐκάλεσε,
1438 2068 1484 2098 καὶ
1507 2070 1558 2109 οὐχ
1581 2069 1672 2103 ἁπλῶς
1697 2069 1771 2104 δόξαν
1783 2093 1792 2107 ,

1026 2117 1094 2147 ἀλλὰ
1106 2118 1176 2147 Θεοῦ
1199 2116 1285 2151 δόξαν.
1309 2117 1363 2147 Καὶ
1377 2118 1500 2159 Σεραφὶμ
1520 2119 1687 2155 εἱστήκεισαν
1701 2119 1792 2160 κύκλῳ

1026 2168 1115 2196 αὖτοῧ.
1139 2167 1207 2197 Τίνα
1229 2167 1300 2206 λέγει
1322 2158 1406 2197 ταῦτα
1429 2168 1464 2198 τὰ
1486 2169 1627 2210 Σεραφίμ,
1640 2168 1793 2208 ι’Δυνάμεις

1025 2217 1180 2256 ἀσωμάτους
1199 2219 1252 2247 τῶν
1266 2218 1320 2248 ἄνω
1335 2219 1435 2258 δήμων,
1449 2215 1485 2249 ὦν
1498 2220 1547 2256 τὴν
1561 2220 1657 2260 ἀρετὴν
1671 2221 1717 2250 καὶ
1741 2221 1791 2257 τὴν

1027 2268 1209 2308 μακαριότητα
1230 2268 1274 2298 καὶ
1293 2269 1345 2298 ἀπὸ
1363 2272 1410 2305 τῆς
1430 2270 1608 2310 προσηγορίας
1629 2271 1699 2300 ἐστὶν
1714 2272 1789 2301 ἰδεῖν.

1077 2379 1085 2389 ³·
1105 2371 1165 2403 Reg.
1179 2377 1203 2395 et
1214 2370 1291 2397 Savil.
1306 2379 1349 2406 φῶς
1361 2378 1498 2408 ἀπόρρητον.
1512 2374 1599 2399 lllorel.
1616 2381 1641 2399 et
1656 2376 1788 2400 Bavaricus

1038 2416 1082 2443 poss
1092 2415 1220 2444 ἀπρόσιτον,
1233 2416 1307 2444 etque
1318 2412 1353 2436 ita
1367 2412 1425 2444 legit
1436 2412 1584 2438 Tilmannns
1594 2414 1721 2446 interpres.

1070 2450 1085 2469 Ι)
1102 2450 1163 2483 Reg.
1181 2456 1206 2475 et
1223 2450 1298 2476 Savil.
1319 2453 1420 2483 δυνάμεις
1436 2457 1562 2485 ἀσώματοι.
1580 2453 1667 2478 Morel.
1686 2456 1787 2486 δυνάμεις

1038 2493 1170 2521 ἀσωμάτους
1181 2495 1256 2520 recte,
1266 2490 1334 2514 etsie
1345 2491 1419 2514 ctiam
1433 2490 1550 2516 emendat
1559 2491 1666 2517 Savilius
1679 2493 1705 2516 in
1717 2500 1785 2516 mar-

1034 2535 1098 2559 gine.
