1890 2826
102 343 157 364 lsai.
170 342 239 373 23.4.

101 1006 238 1037 Psa1.·94.5.

101 1322 158 1343 Gen.
171 1327 238 1343 1.1t.

160 1558 240 1580 contra

100 1589 224 1611 Anomoeos.

104 1740 160 1761 Gen*
174 1746 239 1762 1-20.

103 2018 161 2039 Gen.
179 2017 242 2040 1.26.

100 2375 241 2406 June-149.

252 174 321 209 532

250 244 500 287 comprehensibile,
514 244 628 274 deterret
643 255 687 275 eos
702 245 736 276 ab
745 245 912 287 explorando
923 247 993 276 Arti-

250 292 308 322 fice.
316 291 380 322 Ideo
387 291 516 321 haereticis
525 290 598 320 dicat
605 290 735 331 propheta
744 291 924 322 :Erubescant
933 291 992 322 hae—

250 338 335 375 retici,
341 338 412 367 dixit
425 347 497 367 mare
503 349 510 373 3
518 337 746 376 quemadmodum
751 337 837 368 dixit:
846 339 993 369 Erubesce

249 387 357 423 Sidon,
371 386 446 414 dixit
464 394 554 414 mare.
569 386 693 423 Quonam
706 384 790 424 igitur
805 385 864 415 loco
878 396 992 426 congre-

250 441 316 473 gatae
340 440 403 463 sunt
425 431 521 471 aquae?
546 431 631 462 Audi.
658 431 775 469 Quando
800 438 900 462 terram
929 433 992 463 fecit

249 481 334 517 Deus,
352 478 472 508 nondum
493 485 568 507 erant
582 488 698 508 concava
717 477 850 508 montium
856 478 871 517 ς’
881 477 929 508 sed
950 479 992 509 si-

249 526 308 555 mul
325 533 405 563 atque
425 525 508 561 dixit,
524 526 722 565 Congregetur·
745 535 840 566 aqua,
853 532 923 555 terra
944 524 1003 569 ‹ii--

249 580 328 614 rupta
342 580 391 610 est,
405 583 436 602 ac
448 573 524 602 sinus
536 572 608 602 fecit.
623 573 691 609 Quae
702 582 744 601 res
757 580 991 607 commonstratur,

248 630 344 659 nempe
365 618 439 658 quod
461 625 533 648 terra
556 618 666 658 dirupta
692 618 782 654 fuerit,
799 629 834 648 ex
853 618 950 649 insulis
966 627 992 649 et

249 666 385 694 montibus
397 665 461 694 hinc
475 663 537 694 inde
544 664 650 705 positis.
660 664 779 704 Ideoque
793 665 902 704 reliquit
917 667 991 695 Deus

249 713 351 742 insulas
368 720 394 742 et
413 719 526 748 montes,
542 719 572 742 ut
590 712 678 742 discas
696 723 726 742 ea
739 723 755 742 a
773 713 905 754 principio
924 724 992 743 con-

246 758 338 797 juncta
352 757 434 786 fuisse
450 768 457 785 :
472 756 523 786 Dei
533 763 623 786 autem
631 756 747 786 verbum
758 756 816 786 haec
829 757 989 797 segregavit.

251 803 448 844 Congregetur
465 813 555 844 aqua,
570 802 670 832 nudata
689 809 728 832 est
750 809 831 832 terra.
846 803 992 833 Sciendum

249 857 348 887 autem,
364 857 475 887 terram,
489 860 549 889 quae
564 850 603 879 sic
625 849 708 879 hodie
728 848 892 889 appellatur,
907 860 923 879 a
934 851 992 880 Deo

249 908 297 927 nee
309 903 408 927 terram
425 908 482 927 esse
500 897 608 933 saetam,
622 906 708 934 neque
721 896 774 926 hoc
792 896 898 926 nomine
909 907 993 926 voea-

249 950 304 973 tam
320 956 326 973 ε
343 943 390 973 sed
403 954 417 972 a
431 942 565 983 principio
574 941 715 972 creationis
724 951 820 971 nomen
832 941 891 981 ejus
899 941 992 980 fuisse,

249 989 334 1026 arida,
347 996 378 1019 ut
392 989 429 1019 ait
443 988 534 1019 David
550 1001 556 1017 :
576 989 723 1028 Quoniam
742 988 831 1027 ipsius
845 994 887 1018 est
903 998 992 1025 mare,

248 1040 276 1063 et
290 1035 351 1073 ipse
353 1034 433 1075 fecit
443 1032 531 1069 illud,
546 1039 574 1062 et
587 1033 703 1061 aridam
709 1031 918 1072 formaverunt
931 1042 994 1061 ma-

249 1090 304 1109 nus
315 1082 388 1120 ejus.
404 1079 486 1109 Arida
501 1079 568 1109 sacta
579 1085 629 1115 est,
642 1078 826 1118 cognominata
840 1086 930 1108 autem
941 1079 995 1109 suit

248 1133 318 1156 terra
334 1139 341 1155 ι
362 1124 589 1165 quemadmodum
609 1126 660 1154 hoc
681 1125 879 1155 firmamentum
899 1125 994 1156 condi-

247 1178 306 1201 tum
317 1179 366 1209 est,
381 1178 407 1201 et
418 1178 544 1201 vocatum
555 1178 594 1200 est
601 1171 708 1201 oaelum.
725 1171 807 1200 Facto
821 1172 906 1211 igitur
913 1183 993 1212 aqua-

248 1228 310 1247 rum
323 1217 453 1254 divortio,
466 1217 567 1257 prodiit
587 1216 672 1253 arida,
687 1217 801 1257 speciem
815 1217 915 1247 habens
932 1217 993 1247 ine-

247 1263 341 1293 briatae
361 1271 438 1293 terrae
456 1276 462 1292 ε
479 1274 554 1302 aquae
566 1263 637 1292 enim
649 1263 804 1303 nuperrime
820 1271 991 1294 recesserant.

249 1309 305 1339 Ubi
317 1320 381 1349 ergo
393 1309 495 1338 detecta
514 1309 566 1338 suit
584 1316 663 1344 terra,
671 1309 749 1348 jubet
768 1310 878 1339 Creator
894 1322 901 1339 ε
921 1310 994 1340 Ger*-

249 1358 338 1385 minet
356 1362 434 1385 terra
452 1357 572 1385 herbam
578 1355 669 1396 soeni,
683 1357 877 1385 seminantem
893 1367 993 1386 semen

247 1401 406 1431 secundum
425 1411 515 1441 genus
539 1406 567 1430 et
579 1402 739 1431 secundum
755 1402 990 1440 similitudinem,

248 1453 276 1476 et
287 1447 398 1487 lignum
404 1447 611 1488 fructiferum,
621 1449 703 1487 cujus
714 1457 812 1477 semen
823 1449 925 1488 inipso
940 1450 989 1487 sit,

247 1493 406 1522 secundum
425 1502 514 1533 genus
530 1499 559 1522 et
572 1494 732 1523 secundum
757 1494 990 1525 similitudinem.

249 1539 342 1577 Neque
365 1539 417 1568 hoc
437 1539 540 1579 pudore
567 1539 650 1569 afficit
675 1540 823 1570 liaereticos.
851 1542 940 1571 Herba
966 1549 993 1571 et

250 1584 323 1624 ligna
332 1591 358 1614 et
368 1584 468 1614 foenum
479 1591 604 1625 generant
613 1585 762 1615 secundum
774 1586 991 1624 similitudinem,

250 1637 276 1659 et
286 1631 360 1660 Deus
374 1630 534 1660 dissimilem
551 1631 604 1660 sibi
618 1631 732 1670 genuit?
743 1632 779 1662 Et
792 1643 854 1661 cum
868 1632 992 1672 quadru-

251 1676 331 1717 pedes
354 1688 473 1715 rursum‚
488 1677 597 1718 reptilia
614 1685 640 1708 et
660 1689 722 1709 aves
743 1679 813 1709 facta
833 1687 905 1718 sunt,
925 1680 993 1711 dicit

250 1724 323 1753 Deus
342 1736 350 1752 .-
366 1725 507 1754 Educ-ant
526 1735 613 1765 aquae
626 1726 744 1762 reptilia
756 1727 921 1758 animarum
941 1730 991 1758 vi-

252 1772 389 1807 vencium,
409 1777 439 1800 et
458 1771 598 1800 volatilia
617 1773 756 1802 volantia
778 1783 864 1813 super·
882 1781 992 1804 terram

249 1818 408 1847 secundum
421 1827 522 1857 genus.
537 1819 620 1855 Ferae,
634 1818 752 1858 reptilia,
766 1819 899 1858 volatilia,
913 1828 991 1851 nata-

250 1863 318 1900 tilia,
341 1863 435 1900 herba,
455 1864 567 1901 soenum,
585 1864 668 1904 ligna,
688 1865 835 1895 secundum
860 1877 942 1907 genus
966 1875 992 1899 et

249 1910 396 1939 secundum
404 1910 610 1939 similitudinem
621 1918 748 1950 generant
762 1924 768 1941 τ
783 1913 909 1952 solusque
918 1915 992 1944 Deus

250 1953 408 1983 dissimilem
431 1954 542 1994 genuit?
565 1955 688 1993 Cumque
711 1965 758 1984 nos
781 1958 884 1987 creavit
905 1959 991 1996 Deus,

249 1999 320 2029 dixit
336 2013 342 2029 :
359 2002 518 2030 Faciamus
532 2002 677 2030 hominem
692 2002 734 2030 ad
746 2004 902 2043 imaginem
915 2011 943 2034 et
954 2007 994 2035 si-

251 2046 443 2075 militudinem
458 2052 587 2076 nostram
601 2059 609 2075 .·
623 2057 691 2086 opus
703 2054 742 2076 est
754 2050 903 2080 secundum
917 2051 994 2081 simi-

249 2089 404 2128 litudinem,
420 2098 446 2121 et
457 2092 555 2121 artifex
573 2091 733 2122 dissimilis?

291 2139 320 2166 2.
333 2137 385 2168 Sed
398 2149 455 2167 rem
463 2138 559 2167 miram
569 2137 632 2168 vide
646 2149 653 2165 τ
667 2149 737 2179 saepe
745 2150 859 2180 namque
868 2142 993 2174 haeretica

250 2184 368 2224 nequitia
381 2183 527 2213 latibulum
540 2184 648 2223 reperit.
659 2184 700 2219 Si,
718 2185 815 2225 inquit,
831 2188 868 2217 ita
889 2188 992 2219 dixeris

251 2229 355 2259 Filium
374 2229 524 2259 secundum
545 2229 762 2267 similitudinem,
788 2239 818 2262 ut
841 2241 867 2263 et
881 2245 941 2271 nos,
963 2234 993 2265 id

250 2277 428 2307 admittimus.
446 2277 593 2308 Enimvero
610 2277 686 2307 aliud
709 2286 749 2308 est
772 2287 872 2310 naturae
891 2282 993 2313 simili-

250 2320 327 2358 tudo,
340 2321 417 2351 aliud
431 2322 530 2362 gratiae.
544 2322 600 2352 Nos
611 2322 758 2352 secundum
773 2324 990 2365 similitudinem,

250 2367 298 2396 ille
308 2367 459 2397 similitudo
472 2374 511 2397 est
521 2378 597 2397 :nam
615 2369 673 2408 Qui
686 2369 766 2399 vidit
778 2381 832 2406 me,
852 2373 927 2401 vidit
934 2374 991 2403 Pa-

251 2422 323 2443 trem
335 2426 347 2449 ;
362 2423 410 2443 nos
423 2414 573 2443 secundum
592 2414 807 2446 similitudinem.
826 2417 923 2448 Servos
942 2430 993 2449 au-

251 2467 304 2489 tem
318 2460 369 2489 Dei
389 2466 493 2500 oportet
513 2459 663 2490 dictionum
685 2461 842 2492 discrimina
860 2475 990 2502 quaerere.

251 2506 329 2536 Dixit
341 2507 414 2536 Deus
431 2519 438 2535 :
456 2506 605 2536 Geminei
623 2513 700 2536 terra
717 2508 837 2538 herbam
850 2511 944 2550 soeni,
964 2518 994 2540 et

1011 1124 1030 1147 G

945 184 983 208 SE
987 184 1109 208 vssRlAN
1113 185 1123 208 1

1050 258 1138 276 τωσαν
1159 247 1285 287 αἱρετικοὶ
1295 269 1302 283 ,
1321 242 1394 276 εἶπεν
1407 250 1425 283 ἡ
1441 247 1560 277 θάλασσα
1570 255 1577 266 ’·
1599 250 1610 263 “
1621 247 1711 288 ὥσπερ
1733 243 1804 279 εἶπεν
1817 261 1823 267 ·

1050 292 1214 332 Αἷσχύνθητι
1232 292 1332 329 Σιδὼν,
1347 288 1419 323 εἶπεν
1433 295 1449 328 ἣ
1471 293 1602 323 Θάλασσα.
1619 294 1677 324 Ποῦ
1699 290 1743 324 οὖν
1759 306 1823 324 συν-

1049 338 1120 378 ἤχθη
1140 339 1174 368 τὰ
1196 338 1292 375 ὕδατα;
1312 338 1414 369 Ἄκουε.
1435 338 1502 369 “Ox-e
1521 338 1571 375 τὴν
1593 341 1644 377 γῆν
1665 340 1788 376 ἐποίησεν
1810 343 1824 370 ὁ

1052 385 1129 420 Θεὸς,
1143 385 1246 414 οὐδέπω
1259 381 1292 421 ἦν
1303 385 1337 414 τὰ
1349 384 1505 424 κοιλώματα
1519 388 1571 415 τῶν
1583 385 1663 425 ὀρέων
1674 398 1681 405 ·
1692 387 1751 416 ἀλλ’
1767 387 1824 426 ἅμα

1050 425 1126 467 ε’ἶπε,
1148 430 1313 471 Συναχθήτω
1334 431 1365 460 τὸ
1384 430 1470 471 ὕδωρ,
1492 431 1537 460 καὶ
1552 431 1650 472 ἐῤῥάγη
1671 434 1689 468 ἡ
1705 433 1757 472 γῆ,
1777 433 1823 462 καὶ

1049 475 1163 510 κόλπους
1189 476 1306 512 ἐποίησε.
1328 478 1466 517 Μαρτυρεῖ
1486 478 1524 517 τῷ
1546 478 1701 518 πράγματι,
1727 477 1768 507 ὅτι
1786 481 1820 517 γῆ

1050 523 1121 551 ἐστιν
1135 524 1152 558 ἡ
1167 525 1320 562 σχισθεῖσα,
1340 523 1367 551 αἱ
1381 525 1466 559 νῆσοι,
1481 522 1514 552 τὰ
1527 523 1575 563 ὄρη
1591 522 1698 562 μεταξύ.
1712 523 1764 552 Καὶ
1778 523 1821 553 διὰ

1049 570 1127 596 τοῦτο
1144 567 1285 597 κατέλιπεν
1298 571 1312 598 ὁ
1326 567 1394 601 Θεὸς
1408 568 1456 602 τὰς
1468 568 1563 604 νήσους
1583 568 1628 598 καὶ
1649 568 1682 598 τὰ
1695 569 1759 609 ὄρη,
1777 568 1821 598 ἵνα

1051 614 1136 653 μάθῃς
1155 614 1196 643 ὅτι
1215 616 1261 643 ἀπ’
1277 615 1361 654 ἀρχῆς
1379 616 1509 650 συνῆπτο·
1523 616 1594 645 Θεοῦ
1616 614 1644 645 δὲ
1656 614 1733 654 λόγος
1752 614 1819 644 αὐτὰ

1049 660 1166 701 ἔρῤηξεν.
1184 660 1350 700 Συναχθήτω
1367 659 1398 689 τὸ
1410 659 1498 700 ὕδωρ,
1518 660 1656 700 ἐγυμνώθη
1669 663 1686 696 ἡ
1701 662 1748 700 γῆ.
1771 662 1818 690 Δεῖ

1050 707 1077 737 δὲ
1092 706 1204 742 εἰδέναι,
1219 706 1259 736 ὅτι
1273 709 1287 736 ὁ
1301 706 1370 739 Θεὸς
1390 706 1440 742 τὴν
1457 709 1526 746 γ’ῆν,
1544 706 1592 743 ἰ-ὴν
1616 707 1731 746 σήμερον
1749 706 1818 736 οὕτω

1049 752 1232 792 καλουμένην,
1255 752 1314 782 οὔτε
1336 754 1387 792 γῆν
1407 751 1548 788 ἐποίησεν,
1569 751 1629 782 οὔτε
1649 752 1732 792 ὄνομα
1751 753 1818 792 αὐτῇ

1049 802 1165 829 τοιοῦτον
1179 799 1288 828 ἔδωκεν·
1303 799 1362 828 ἀλλ’
1375 794 1408 834 ἦν
1428 798 1459 828 τὸ
1478 799 1561 838 ὄνομα
1579 801 1628 835 τῆς
1648 798 1820 837 κοσμοποιίας

1050 846 1096 875 ἀπ’
1107 846 1200 886 ἀρχῆς,
1212 847 1229 881 ἡ
1245 844 1322 885 ξηρὰ,
1335 847 1371 878 ὣς
1383 844 1455 885 λέγει
1466 845 1550 875 Δαυίδ
1560 857 1567 863 ·
1578 844 1645 874 Ὅτι
1657 845 1736 874 αὐτοῦ
1748 846 1820 874 ἔστιν

1051 894 1066 928 ἡ
1082 892 1211 927 θάλασσα,
1222 891 1267 921 καὶ
1278 891 1355 925 αὐτὸς
1368 891 1492 928 ἐποίησεν
1504 891 1586 927 αὐτὴν
1595 914 1603 928 ,
1615 891 1660 920 καὶ
1675 891 1723 927 τὴν
1738 891 1819 932 ξηρὰν

1050 939 1078 968 αἱ
1098 942 1186 979 χεῖρες
1205 938 1285 967 αὐτοῦ
1305 938 1434 967 ἔπλασαν.
1451 937 1530 978 Ξηρὰ
1543 937 1646 977 ἐγένετο
1657 960 1665 973 ,
1685 936 1819 973 ἐπεκλήθη

1051 984 1079 1014 δὲ
1091 986 1137 1024 γῆ·
1151 983 1241 1023 ὥσπερ
1255 986 1332 1013 τοῦτο
1351 983 1383 1013 τὸ
1401 983 1539 1023 στερέωμα
1550 982 1668 1023 ἐγένετο,
1684 983 1819 1019 ἐπεκλήθη

1051 1030 1079 1060 δὲ
1093 1029 1208 1070 οὐρανός.
1222 1029 1413 1069 Χωρισθέντων
1426 1029 1512 1059 τοίνυν
1525 1030 1579 1058 τῶν
1592 1029 1704 1064 ὑδάτων,
1716 1030 1818 1069 προῆλ·

1050 1077 1094 1104 θεν
1105 1077 1122 1110 ἡ
1139 1074 1222 1115 ξηρὰ,
1235 1074 1295 1114 ὄψιν
1311 1074 1410 1115 ἔχουσα
1422 1077 1471 1114 γῆς
1491 1074 1704 1114 μεμεθυσμένης·
1724 1074 1819 1104 νεωστὶ

1049 1120 1101 1161 γὰρ
1112 1121 1289 1161 ὑπεχώρησαν
1302 1120 1337 1150 τὰ
1355 1120 1449 1150 ὕδατα.
1465 1120 1512 1154 Ὡς
1525 1116 1571 1150 οὖν
1585 1120 1724 1160 ἐγυμνώθη
1736 1123 1753 1157 ἡ
1767 1123 1803 1160 γῆ
1811 1142 1819 1156 ,

1050 1166 1152 1197 κελεύει
1170 1169 1184 1197 ὁ
1205 1166 1361 1207 δημιουργός
1374 1178 1381 1185 ·
1403 1165 1586 1204 Βλασςησάτω
1606 1168 1624 1203 ἡ
1647 1168 1682 1206 γῆ
1705 1167 1820 1206 βοτάνην

1049 1212 1158 1253 χόρτου,
1171 1211 1278 1254 σπεῖρον
1305 1212 1412 1253 σπέρμα
1425 1212 1494 1242 κατὰ
1504 1212 1578 1253 γένος
1603 1212 1648 1242 καὶΙ
1659 1212 1718 1242 καθ’
1728 1212 1820 1252 ὁμοιό-

1049 1271 1127 1296 τητα,
1142 1259 1187 1289 καὶ
1210 1259 1284 1293 ξύλον
1298 1259 1449 1299 κάρπιμον,
1469 1255 1499 1289 οὗ
1521 1259 1552 1288 τὸ
1573 1258 1680 1299 σπέρμα
1700 1260 1780 1288 αὐτοῦ
1792 1260 1819 1288 ἐν

1050 1306 1123 1345 αὐτῷ
1144 1305 1213 1334 κατὰ
1235 1306 1309 1344 γένος
1327 1305 1371 1334 καὶ
1398 1306 1456 1334 καθ’
1476 1304 1629 1345 ὁμοιότητα.
1652 1305 1723 1335 Οὐδὲ
1743 1307 1820 1334 τοῦτο

1051 1350 1170 1391 αἰσχύνει
1184 1350 1245 1384 τοὺς
1263 1349 1418 1390 αἱρετικούς.
1433 1350 1536 1386 Βοτᾶνη
1550 1351 1595 1380 καὶ
1615 1350 1679 1385 ξύλα
1696 1351 1742 1381 καὶ
1755 1351 1820 1392 χόρ-

1049 1408 1093 1430 τος
1103 1401 1181 1437 γεννᾷ
1194 1398 1252 1427 καθ’
1263 1396 1421 1436 ὁμοιότητα,
1436 1396 1481 1426 καὶ
1494 1399 1508 1426 δ
1529 1396 1597 1430 Θεὸς
1610 1396 1732 1436 ἀνόμοιον
1746 1397 1820 1436 ἐγέν-

1050 1454 1129 1479 νησε;
1144 1442 1198 1472 Καὶ
1217 1442 1260 1472 ἅτε
1281 1442 1316 1472 τὰ
1336 1441 1484 1482 τετράποδα
1504 1442 1585 1471 πάλιν
1607 1442 1653 1471 καὶ
1674 1442 1708 1472 τὰ
1722 1442 1820 1483 ἑρπετὰ

1050 1488 1095 1518 καὶ
1109 1488 1216 1518 πετεινὰ
1237 1488 1356 1528 ἐγένετο,
1378 1488 1450 1528 λέγει
1464 1490 1478 1518 ὁ
1491 1487 1573 1523 Θεός·
1593 1488 1764 1529 Ἐξαγαγέτω
1786 1489 1820 1518 τὰ

1050 1533 1135 1563 ὕδατα
1154 1534 1252 1574 ἑρπετὰ
1270 1536 1362 1575 ψυχῶν
1376 1535 1480 1570 ζωσῶν,
1496 1533 1541 1564 καὶ
1561 1534 1669 1564 πετεινὰ
1687 1534 1820 1574 πετόμενα

1051 1579 1095 1609 ἐπὶ
1114 1580 1161 1616 τῆς
1176 1582 1225 1620 γῆς
1242 1580 1311 1610 κατὰ
1331 1580 1416 1620 γένος.
1432 1580 1476 1610 Τὰ
1496 1580 1592 1621 θηρία,
1609 1580 1644 1610 τὰ
1658 1580 1771 1621 ἑρπετὰ,
1786 1581 1820 1610 τὰ

1050 1626 1158 1655 πετεινὰ
1167 1648 1175 1662 ,
1189 1625 1223 1655 τὰ
1245 1625 1329 1662 νηκτὰ
1340 1648 1348 1663 ,
1363 1629 1380 1662 ἡ
1396 1626 1493 1666 βοτάνη
1505 1649 1512 1662 ,
1525 1629 1539 1656 ὁ
1552 1626 1646 1668 χόρτος
1655 1650 1663 1664 ,
1682 1626 1716 1656 τὰ
1737 1626 1801 1661 ξύλα
1810 1649 1819 1662 ,

1050 1671 1120 1702 κατὰ
1141 1672 1214 1711 γένος
1233 1672 1278 1701 καὶ
1299 1673 1358 1702 καθ’
1380 1671 1526 1711 ὁμοιότητα
1537 1678 1632 1714 γεννᾷ·
1651 1673 1696 1703 καὶ
1715 1673 1793 1713 μόνος
1805 1675 1819 1703 ὁ

1050 1718 1119 1751 Θεὸς
1136 1718 1258 1757 ἀνόμοιον
1273 1718 1426 1758 ἐγέννησεν;
1438 1719 1492 1749 Καὶ
1501 1722 1576 1759 ἡμᾶς
1589 1719 1637 1759 μὲν
1652 1720 1818 1761 δημιουργῶν

1049 1766 1064 1793 ὁ
1087 1764 1155 1798 Θεὸς
1180 1759 1239 1794 εἶπε
1253 1775 1260 1782 ·
1292 1764 1453 1804 Ποιήσωμεν
1483 1765 1618 1806 ἄνθρωπον
1644 1767 1704 1795 κατ’
1733 1766 1821 1796 εἰκόνα

1051 1810 1183 1851 ἡμετέραν
1200 1810 1245 1840 καὶ
1259 1810 1398 1849 ὁμοίωσιν·
1412 1811 1443 1841 τὸ
1455 1810 1529 1852 ἔργον
1544 1813 1602 1842 καθ’
1620 1811 1762 1851 ὁμοίωσιν,
1775 1812 1820 1842 καὶ

1050 1858 1065 1886 ὁ
1077 1856 1199 1897 τεχνίτης
1213 1857 1351 1896 ἀνόμοιος,

1091 2143 1161 2174 Ἀλλ’
1173 2144 1222 2185 δρα
1238 2144 1269 2174 τὸ
1288 2145 1439 2184 θαυμαστόν
1449 2157 1457 2164 ·
1470 2145 1598 2179 πολλάκις
1609 2145 1661 2186 γὰρ
1673 2148 1690 2183 ἡ
1702 2146 1821 2187 αἱρετικὴ

1051 2190 1132 2220 κακία
1147 2190 1263 2231 εὑρίσκει
1282 2190 1391 2231 φωλεόν.
1407 2190 1473 2221 Ἐὰν
1487 2191 1570 2228 οὕτω,
1585 2192 1674 2233 φησὶν,
1688 2192 1763 2233 εἴπῃς
1776 2193 1821 2222 τὸν

1051 2236 1114 2266 Υἱὸν
1129 2238 1188 2266 καθ’
1209 2236 1351 2276 ὁμοίωσιν,
1370 2238 1406 2271 ὣς
1419 2237 1465 2267 καὶ
1480 2240 1567 2277 ἡμᾶς,
1582 2238 1722 2279 δεχόμεθα.
1741 2238 1821 2268 Ἄλλο

1050 2283 1102 2324 γὰρ
1124 2282 1226 2324 φύσεως
1247 2283 1389 2322 ὁμοιότης,
1414 2284 1480 2314 ἄλλο
1500 2284 1618 2325 χάριτος.
1643 2284 1737 2324 Ἡμεῖς
1761 2287 1819 2314 καθ’

1051 2329 1192 2369 ὁμοίωσιν,
1219 2331 1316 2364 ἐκεῖνος
1335 2330 1476 2370 ὁμοίωσις·
1497 2330 1532 2361 ‘O
1547 2330 1598 2372 γὰρ
1619 2330 1741 2372 ἑωρακὼς
1756 2331 1820 2370 ἐμὲ,

1051 2375 1152 2416 ἑώρακε
1172 2375 1217 2405 τὸν
1231 2375 1356 2416 Πατέρα·
1369 2379 1447 2416 ἡμεῖς
1461 2377 1489 2406 δὲ
1508 2378 1566 2407 καθ’
1581 2377 1717 2416 ὁμοίωσιν.
1732 2379 1779 2407 Δεῖ
1794 2378 1822 2407 δὲ

1050 2421 1111 2455 τοὺς
1134 2421 1240 2456 δούλους
1261 2425 1307 2452 τοῦ
1329 2424 1400 2454 Θεοῦ
1424 2424 1524 2463 ἐρωτᾷν
1551 2422 1599 2457 τὰς
1622 2422 1747 2464 διαφορὰς
1769 2425 1822 2452 τῶν

1050 2467 1154 2501 λέξεων.
1176 2468 1257 2508 Λέγει
1277 2471 1292 2504 ὁ
1313 2468 1396 2502 Θεός·
1416 2467 1600 2504 Βλαστησᾶτω
1617 2471 1633 2505 ἡ
1653 2470 1689 2508 γῆ
1709 2469 1821 2509 βοτάνην

1049 2513 1165 2553 χόρτου,
1180 2514 1225 2543 καὶ
1248 2515 1322 2549 ξύλον
1345 2515 1479 2555 κάρπιμον
1503 2516 1594 2545 ποιοῦν
1618 2514 1728 2555 καρπόν.
1754 2510 1822 2544 Εἶτα

282 2594 293 2603 ²
313 2584 321 2619 [
333 2586 391 2610 Haec
402 2584 477 2611 verba
488 2607 495 2619 ‚
507 2588 613 2622 ὥσπερ...
627 2590 736 2619 θάλασσα,
757 2586 847 2614 desunt
856 2589 880 2614 in
893 2588 970 2616 Savil.
988 2596 1013 2616 et
1026 2590 1173 2626 Combefis.]
