1890 2826
573 225 617 248 DE
641 223 911 248 monterianum
936 222 1184 247 onscunerTss.
1215 226 1238 248 Ι.

1613 213 1681 248 203

121 290 182 326 δας,
194 289 283 320 λαθὼν
295 289 344 325 τὴν
364 287 462 328 σμίλην
484 287 586 327 ἔκοψεν,
601 287 646 316 καὶ
666 286 759 316 ἔὸαλεν
778 276 823 319 εἷςῚ
836 284 884 321 τὴν
901 291 905 295 ·
939 283 978 318 tio
989 286 1058 321 )„et
1070 285 1216 323 legebatur.
1234 287 1367 316 Memores
1383 285 1462 322 mihi,
1481 296 1582 324 quaeso,
1602 293 1684 316 estote

118 328 234 375 ἐσχάραν
253 337 300 364 τοῦ
318 334 414 374 πυρὸς,
434 333 484 367 ἕως
504 333 607 368 ἐξέλιπε
626 332 657 362 τὸ
675 332 776 372 βιῧλίσν
800 331 880 360 ἅπαν.
900 328 919 354 Ε
936 330 1076 369 promissi.
1092 332 1222 361 Etcum
1246 333 1360 372 legisset
1384 332 1437 360 ille
1456 338 1514 360 tres
1537 333 1682 372 pagellas,
1693 344 1833 367 1121·‹1.v.23.

117 376 196 414 mec
208 382 264 417 πῶς
277 381 306 410 οὐ
320 380 453 421 φείδονται
464 379 522 409 οὐδὲ
534 380 588 408 τῶν
609 378 735 418 βιὸλίων,
747 380 804 411 πῶς
825 376 884 407 οὐδὲ

117 427 169 456 τῶν
202 426 368 467 γραμμάτων
394 427 448 455 τῶν
477 425 552 455 θείων
585 424 746 464 ἀπέχονται;
771 422 899 459 Ἐπειδὴν

117 472 304 513 αἰχμαλωσίαν
317 467 374 512 εἶχε
396 473 444 507 τ’ἠς
463 470 656 511 Ἰερουσαλὴμ,
674 470 819 510 κατέκοψε·
839 469 885 499 καὶ

116 520 166 559 οὐχ
179 519 262 559 εὑρὼν
271 518 316 549 τὸν
326 518 474 559 προφήτην,
489 519 527 552 εἷς
539 517 573 547 τὰ
586 517 732 558 γράμματα
745 517 793 553 τὴν
802 516 883 556 ὀργὴν

117 566 228 606 ἐφῆκεν.
243 565 278 595 Ὁ
291 564 376 595 τοίνυν
384 569 438 598 τοῖς
452 563 564 604 ἀψύχοις
577 563 647 593 οὕτω
654 565 788 602 πολεμῶν,
803 564 826 592 εἰ
838 562 884 591 τὸν

116 611 204 651 ψυχὴν
225 611 322 652 ἔχοντα
341 607 417 651 εἶρε,
429 610 455 640 τί
477 611 525 639 οὔκ
536 604 570 639 ἂν
585 608 742 649 εἰργάσατο,
756 607 884 647 Καθάπερ

938 381 1033 405 sumto
1046 377 1187 416 scalpello
1199 379 1296 416 scidit,
1310 384 1339 407 et
1348 379 1381 407 in
1382 378 1491 418 focum
1500 379 1579 417 ignis
1586 380 1681 417 proje-

938 424 989 458 cit,
1001 423 1094 452 donec
1106 429 1197 453 totum
1211 425 1352 454 volumen
1364 423 1480 465 defecit.
1493 423 1591 459 Vides,
1607 432 1636 454 ut
1650 436 1682 455 ne

936 468 1015 498 libris
1032 469 1143 508 quidem
1167 471 1298 509 parcant?
1322 475 1352 500 ut
1365 466 1406 500 'ne
1427 481 1443 499 a
1466 469 1551 498 literis
1571 470 1682 509 quidem

937 514 1021 545 sacris
1038 515 1206 545 abstineant?
1221 516 1356 553 Quoniam
1374 516 1557 557 captivitatem
1570 517 1682 547 Jerusa-

936 560 991 589 lem
1001 561 1162 598 continebat,
1175 572 1236 591 eum
1247 561 1395 592 conscidit:
1410 568 1438 591 et
1449 572 1512 591 cum
1522 562 1682 602 prophetam

936 615 990 635 non
1003 606 1156 643 invenisset,
1179 607 1207 636 in
1228 607 1318 637 literas
1334 607 1402 637 iram
1417 607 1525 637 effudit.
1539 607 1597 645 Qui
1618 619 1682 648 ergo

115 655 168 695 γὰρ
179 655 214 685 τὰ
221 654 327 695 χαλεπὰ
334 657 388 685 τῶν
398 654 507 694 θηρίων,
520 653 624 684 ἐπειδὰν
639 652 819 682 ἐπιλάὸωνται
830 653 884 681 τῶν
890 671 927 692 rr}
937 663 980 682 res
993 651 1152 683 inanimatas
1160 654 1195 683 ita
1208 654 1389 694 persequitur,
1400 654 1423 683 si
1434 654 1523 683 anima
1537 654 1682 693 praeditum

115 701 300 731 πυκτευόντων.
310 702 413 736 αὐτοῖς,
426 695 485 729 εἶτα
498 701 591 730 ἐκεῖνοι
609 698 755 739 διαφύγωσι
773 698 883 727 καταλι-
899 700 920 724 Δ
937 699 1094 735 invenisset,
1106 699 1175 738 quid
1183 710 1236 729 non
1244 699 1366 729 fecisset?
1374 701 1444 729 Nam
1453 700 1682 738 quemadmodum

115 746 209 781 πόντες
222 748 250 776 ἐν
263 749 303 787 τῷ
314 742 427 786 στόματι
439 748 492 776 τῶν
506 745 603 785 θηρίων
615 745 632 774 ἃ
645 744 808 785 περίκεινται
828 743 886 783 δέρ-

117 805 189 832 ματα
196 814 208 829 ,
218 793 310 823 λοιπὸν
321 792 389 822 αὐτὰ
399 792 592 832 περιτρώγουσι
604 789 830 830 παραμυθούμενα
839 789 884 819 τὸν

117 838 212 878 θυμόν·
222 838 291 868 οὕτω
304 838 337 874 δὴ
349 838 395 868 καὶ
415 840 430 867 ὁ
452 836 574 877 βασιλεὺς
596 835 731 871 ἐποίησεν.
744 836 807 875 Οὐχ
826 830 886 874 εἶρε

116 884 160 914 τὸν
170 884 266 924 ἔχοντα
278 883 309 913 τὸ
323 883 434 923 βιὸλίον,
448 882 494 912 καὶ
508 882 573 912 αὐτὸ
585 881 616 911 τὸ
630 881 731 921 βιὸλίον
744 880 884 920 κατέκοψε·

116 929 162 959 καὶ
179 931 209 960 αὖ
222 929 352 970 κατέκοψε
367 928 456 968 μόνον,
476 928 546 958 ἀλλὰ
569 927 615 958 καὶ
637 927 758 957 ἐνέὸαλεν
781 929 818 960 εἷς
836 926 886 963 τὴν

116 975 233 1016 ἐσχάραν
252 978 299 1005 τοῦ
319 975 420 1015 πυρὸς,
440 973 485 1003 ἵνα
509 973 577 1012 μηδὲ
596 973 720 1012 λείψανον
742 972 818 1012 μείνῃ
832 974 885 1001 τῶν

116 1020 281 1061 γραμμάτων
304 1020 420 1050 ἐκείνων.
451 1019 520 1055 Ἀλλ’
543 1018 646 1049 οὐδέπω
673 1024 762 1048 πᾶσαν
790 1018 887 1057 ἔγνωτε

118 1069 198 1097 αὐτοῦ
212 1066 262 1102 τὴν
276 1066 387 1105 μανίαν·
401 1065 503 1095 εἴσεσθε
516 1065 544 1094 δὲ
558 1067 664 1104 σαφῶς,
676 1064 721 1093 ἐὰν
734 1064 801 1103 μετὰ
815 1066 888 1103 ἀκρι-

120 1111 192 1146 ὃείας
213 1114 252 1151 τῷ
269 1111 415 1150 διηγήματι
431 1110 590 1151 προσέχητε.
609 1111 650 1140 Οὐ
670 1110 722 1150 γὰρ
744 1105 826 1146 εἶπεν,
849 1109 890 1139 ὅτι

121 1156 246 1196 ἀναγνοὺς
260 1155 291 1186 τὸ
309 1156 409 1196 βιῧλίυν
425 1156 505 1193 ἅπαν,
517 1156 599 1189 οὕτως
613 1156 732 1185 ἔκαυσεν·
746 1156 804 1199 ἀλλ’
813 1177 822 1192 ,
841 1155 890 1184 Ἐν

938 754 1015 774 saevae
1026 744 1135 781 belluae,
1148 756 1211 775 cum
1225 755 1270 775 eos
1283 745 1458 785 arripuerint,
1471 745 1520 784 qui
1538 756 1602 775 cum
1614 746 1682 786 ipsis

938 789 1087 829 decertant,
1104 798 1130 820 et
1143 791 1187 820 illi
1199 790 1297 820 deinde
1313 790 1412 833 relictis
1425 791 1453 820 in
1474 802 1519 821 ore
1527 792 1682 822 belluarum

937 837 1075 876 pellibus,
1099 837 1199 876 quibus
1218 837 1385 867 amiciuntur
1394 860 1402 874 ,
1425 838 1590 877 aufugerint,
1619 838 1682 868 illas

937 882 1036 912 deinde
1046 882 1204 922 discerpunt
1218 883 1356 920 dentibus,
1369 890 1399 912 ut
1417 883 1454 912 ita
1467 884 1586 913 furorem
1600 895 1683 913 suum

939 928 1064 968 expleant
1078 941 1087 957 .-
1103 928 1140 958 ita
1155 929 1285 958 nimirum
1298 935 1325 966 et
1346 939 1395 958 rex
1409 928 1481 958 fecit.
1497 929 1557 958 Non
1571 929 1684 959 offendit

939 986 1013 1012 eum,
1033 976 1081 1014 qui
1098 975 1201 1004 librum
1218 976 1335 1012 tenebat,
1356 982 1383 1004 et
1403 975 1506 1004 librum
1526 976 1657 1006 conscidit
1673 989 1685 1006 ε

940 1032 1028 1060 neque
1040 1022 1170 1051 conscidit
1176 1022 1275 1059 solum,
1290 1022 1337 1052 sed
1350 1029 1376 1051 et
1388 1022 1416 1051 in
1428 1023 1519 1051 focum
1529 1022 1600 1063 ignis
1614 1023 1682 1064 inje-

942 1067 991 1105 cit,
1005 1074 1035 1097 ut
1045 1078 1078 1096 ne
1091 1068 1213 1107 reliquiae
1222 1068 1333 1107 quidem
1341 1079 1375 1098 ex
1384 1068 1470 1098 literis
1481 1068 1536 1098 illis
1547 1076 1685 1100 restarent.

943 1113 997 1144 Sed
1016 1114 1138 1144 nondum
1157 1125 1264 1143 omnem
1278 1115 1336 1154 ejus
1355 1114 1498 1144 amentiam
1520 1124 1687 1155 perspectam

943 1160 1048 1190 habetis
1064 1173 1070 1189 ε
1085 1160 1171 1200 probe
1181 1170 1245 1190 vero
1256 1161 1356 1198 scietis,
1371 1160 1394 1189 si
1409 1161 1556 1190 narrationi
1567 1161 1688 1202 diligen-

121 1205 160 1242 τῷ
182 1202 370 1242 ἀναγινώσκειν
395 1202 473 1232 αὐτὸν
494 1206 564 1241 τρεῖς
586 1201 689 1235 σελίδας
709 1201 727 1237 ἢ
746 1201 890 1241 τέσσαρας,
905 1208 924 1231 B
945 1213 985 1236 ter
1003 1206 1178 1236 attenderitis.
1193 1207 1255 1236 Non
1275 1206 1348 1236 enim
1367 1206 1440 1236 dixit
1459 1217 1522 1236 eum
1543 1213 1599 1237 toto
1612 1209 1688 1246 *lecto

121 1247 243 1286 ἐξέτεμεν
256 1248 329 1278 αὐτό.
343 1249 403 1278 Οὐκ
420 1247 554 1287 ἀνέμεινεν
568 1247 627 1277 οὐδὲ
640 1248 670 1277 τὸ
680 1247 755 1280 τέλος
765 1249 813 1282 τ’ῆς
827 1248 890 1276 ἀνα-

121 1293 257 1333 γνώσεως,
272 1295 330 1323 ἀλλ’
350 1293 378 1327 ἐξ
391 1295 477 1323 αὐτῶν
495 1295 547 1323 τῶν
562 1293 706 1333 προοιμίων
724 1293 818 1326 εὐθέως
832 1292 891 1328 ἐξη-

121 1339 233 1379 γριώθη.
248 1340 302 1370 Διὰ
316 1344 401 1372 ταῦτα
420 1341 469 1370 οὐκ
488 1336 521 1376 ’ἦν
535 1340 650 1380 ἀσφαλὲς
669 1344 722 1373 τοῖς
744 1339 891 1380 προφήταις

122 1385 258 1419 Ἰουδαίοις
274 1385 360 1426 λέγειν
375 1385 443 1425 μετὰ
462 1385 605 1426 σαφηνείας
622 1385 710 1415 πάντα.
732 1385 766 1415 τὰ
778 1385 892 1423 ἐσόμενα

124 1431 203 1462 δεινά.
217 1433 253 1462 Εἰ
270 1432 322 1472 γὰρ
334 1432 493 1472 πρόσκαιρον
515 1433 564 1462 οὐκ
580 1431 689 1471 ἤνεγκεν
704 1430 890 1472 αἰχμαλωσίαν

124 1480 251 1514 ἀκοῦσαι,
262 1478 312 1514 τὴν
324 1479 431 1514 διηνεκῆ
451 1480 508 1512 πῶς
529 1478 562 1509 ἂν
575 1477 698 1517 ὑπέμεινε
714 1480 822 1517 μαθεῖν,
837 1476 892 1507 Καὶ

124 1524 183 1554 οὐδὲ
200 1524 280 1564 μέχρι
297 1524 390 1554 τούτου
411 1524 475 1560 ἔστη
499 1527 514 1554 ὁ
536 1523 671 1564 βασιλεύς·
688 1525 746 1553 ἀλλ’
771 1523 891 1563 ἔπεμψε,

125 1570 208 1610 φησὶ,
222 1572 310 1607 ζητεῖν
316 1574 453 1611 πανταχοῦ
465 1571 510 1600 τὸν
523 1570 671 1610 προφήτην,
684 1571 743 1601 ἀλλῗ
757 1571 807 1610 οὐχ
819 1566 892 1609 εὗρεν

127 1616 218 1646 αὐτόν·
233 1616 328 1656 ἔκρυψε
337 1617 389 1656 γὰρ
403 1617 481 1646 αὐτὸν
498 1618 512 1645 ὁ
525 1616 602 1649 Θεός.
617 1616 735 1646 Ἐκεῖνον
752 1615 799 1654 μὲν
819 1615 894 1655 τόπῳ

127 1661 187 1692 τότε
206 1662 317 1702 ἔκρυψε,
330 1662 390 1696 τοὺς
409 1662 438 1693 δὲ
461 1662 556 1696 ἄλλους
577 1662 714 1702 προφήτας
728 1664 761 1701 τῇ
782 1661 896 1701 ἀσαφείᾳ

128 1710 181 1738 τῶν
193 1708 352 1747 λιγομίνωνι

943 1252 1016 1282 libro
1035 1252 1133 1282 deinde
1152 1253 1242 1292 ipsum
1275 1252 1408 1282 exussisse
1432 1253 1588 1291 :quinimo,
1615 1255 1690 1285 Cum

946 1304 1003 1328 tres
1012 1305 1175 1338 quatuorve
1183 1298 1318 1338 pagellas
1333 1299 1458 1338 legisset,
1473 1301 1566 1339 ipsum
1579 1303 1691 1331 consci-

944 1345 999 1374 dit.
1014 1345 1055 1374 Ne
1067 1344 1157 1384 ipsum
1168 1343 1279 1383 quidem
1288 1343 1410 1374 lectionis
1420 1345 1501 1382 finem
1513 1348 1689 1387 exspectavit,

944 1389 992 1420 sed
1010 1390 1045 1419 ab
1064 1390 1124 1430 ipso
1137 1390 1268 1431 prooemio
1291 1391 1430 1420 confestim
1448 1400 1623 1432 exasperatus
1635 1401 1686 1424 est.

944 1437 1088 1476 Propterea
1100 1443 1256 1466 tutumrnon
1269 1443 1326 1466 erat
1342 1437 1482 1477 prophetis
1495 1438 1585 1468 sutura
1601 1441 1691 1470 omnia

1731 1450 1779 1471 Cur
1790 1458 1843 1479 pro-

944 1482 1015 1512 mala
1035 1482 1138 1513 Judaeis
1156 1489 1246 1522 aperte
1267 1482 1367 1512 dicere.
1380 1484 1451 1513 Nam
1473 1484 1496 1513 si
1509 1485 1689 1525 captivitatem
1699 1482 1785 1533 5:22¹&
1801 1512 1846 1533 ,ω

1809 1488 1844 1502 ΤΘ,

945 1527 981 1557 ad
999 1534 1105 1568 tempus
1124 1529 1243 1557 suturam
1261 1527 1356 1558 audire
1373 1529 1484 1560 minime
1497 1531 1595 1570 potuit,
1620 1543 1688 1571 quo·
1700 1544 1751 1564 amis
1768 1547 1844 1570 aperte

945 1574 1026 1605 modo
1037 1582 1195 1615 perpetuam
1207 1574 1310 1604 discere
1322 1576 1492 1607 sustinuisset
1501 1578 1514 1606 ?
1523 1579 1617 1617 Neque
1627 1590 1690 1609 con·
1701 1582 1715 1610 ¹¹.
1716 1581 1844 1595 ⁰⁰⁰⁰⁰⁰⁰⁰

945 1628 1033 1651 tentus
1044 1621 1095 1650 hoc
1105 1621 1157 1651 fuit
1169 1632 1218 1650 rex
1232 1634 1239 1650 ι
1255 1620 1302 1650 sed
1313 1621 1396 1658 misit,
1409 1622 1507 1662 inquit,
1522 1624 1557 1654 ad
1570 1635 1692 1663 quaeren-
1702 1609 1793 1657 liiicini.
1805 1634 1843 1657 26.

946 1666 1012 1696 dum
1030 1666 1132 1706 ubique
1147 1666 1317 1706 prophetam,
1339 1666 1389 1696 sed
1410 1678 1462 1697 non
1485 1669 1589 1700 invenit
1605 1681 1668 1700 eum
1683 1684 1690 1700 :

946 1713 1093 1743 occultavit
1116 1712 1188 1742 enim
1210 1712 1291 1741 illum
1304 1714 1388 1742 Deus.
1402 1714 1486 1744 Illum
1508 1716 1619 1754 quidem
1635 1725 1694 1747 tum

947 1758 1019 1795 loco,
1033 1765 1142 1787 caeteros
1151 1764 1240 1787 autem
1260 1758 1407 1798 prophetas
1425 1770 1519 1790 eorum
1532 1762 1696 1794 obscuritate

949 1814 1008 1843 quae
1022 1803 1182 1832 dicebantur
1195 1803 1353 1834 occultavit.

168 1860 228 1896 oon
240 1858 293 1888 ἀπὸ
306 1858 405 1888 τούτων
419 1857 447 1887 δὲ
462 1856 541 1896 μόνον
555 1859 621 1896 ἡμῖν
634 1856 709 1886 ἔσται
723 1855 843 1896 φανερὸν,
856 1855 897 1885 ὅτι
911 1863 932 1888 c
989 1851 1020 1880 6-
1041 1850 1135 1888 Neque
1148 1860 1212 1880 vero
1229 1856 1334 1880 tantum
1353 1861 1387 1880 ex
1406 1851 1450 1881 his
1467 1853 1546 1883 nobis
1565 1854 1692 1893 liquebit,

129 1905 261 1944 τολμηρὸν
274 1900 306 1940 ἦν
318 1903 392 1944 παρὰ
403 1903 539 1936 Ἰουδαίοις
547 1903 593 1932 καὶ
603 1904 692 1942 ψυχῆς
701 1901 880 1942 ῥιψοκινδύνου
889 1923 898 1937 ,

129 1951 178 1988 τὴν
198 1950 325 1990 ἐσομένην
342 1954 398 1983 τοῖς
412 1949 503 1979 ’ἔθνεσι
516 1949 598 1988 τιμὴν
618 1948 664 1978 καὶ
685 1947 770 1985 δόξαν,
784 1947 830 1977 καὶ
850 1947 899 1983 τὴν

131 1996 314 2035 διαδιξομένην
335 1995 449 2028 ἐκείνως
475 1994 582 2033 ἀτιμίαν
604 1993 700 2033 λέγειν,
712 1993 780 2023 ἀλλὰ
801 1993 847 2023 καὶ
870 1994 900 2022 ἔκ

130 2044 183 2072 τῶν
197 2042 305 2071 Παύλου
318 2041 453 2081 ῥημάτων.
471 2036 557 2074 Οὗτος
569 2042 632 2079 γοῦν
647 2039 709 2069 ἰδών
721 2051 779 2068 τινα
793 2038 900 2079 προφή-

131 2099 181 2124 τ-ην
195 2088 289 2127 μικρὸν
301 2086 496 2127 παρανοίξαντά
507 2098 535 2115 τι
548 2089 595 2122 τῆς
607 2085 776 2126 προῤῥήσεως
787 2084 901 2121 ταύτης,

132 2133 179 2164 καὶ
198 2132 357 2173 σαφέστερον
370 2135 423 2162 τῶν
437 2132 524 2162 ἄλλων
542 2131 665 2167 εἰπόντα,
679 2131 724 2161 καὶ
737 2131 771 2160 τὰ
783 2131 902 2170 ἡμέτερα

134 2178 233 2218 ἀγαθὰ,
244 2179 290 2208 καὶ
300 2178 334 2208 τὰ
347 2177 453 2208 ἐκείνων
464 2177 551 2215 κακὰ,
564 2177 695 2216 ἐξεπλάγη
710 2176 755 2206 καὶ
769 2176 901 2215 ἐθαύμασε

134 2226 182 2260 τῆς
191 2224 292 2263 τόλμης
303 2224 390 2260 αὐτὸν,
401 2223 484 2257 οὕτως
505 2223 587 2253 εἰπών
597 2235 604 2242 ·
619 2223 733 2256 Ἡσαΐας
747 2222 774 2252 δὲ
790 2223 902 2251 ἀποτολ-

137 2274 189 2310 μᾷ,
199 2269 245 2299 καὶ
251 2269 332 2309 λέγει,
346 2269 464 2310 Εὑρέθην
478 2274 533 2303 τοῖς
546 2269 593 2309 ἐμὲ
606 2269 643 2308 μὴ
665 2271 798 2305 ζητοῦσιν,
815 2269 903 2308 ἐμφα-

136 2315 330 2355 νὴςέγινόμην
353 2318 407 2348 τοῖς
420 2314 467 2354 ἐμὲ
489 2314 526 2354 μὴ
550 2316 725 2355 ἐπερωτῶσιν.
740 2309 833 2350 Εἶπον,
848 2312 903 2343 ἰδού
918 2316 940 2340 1>
957 2314 1052 2343 lsaias
1065 2318 1162 2341 autem
1177 2311 1278 2347 audet,
1303 2317 1331 2340 et
1350 2312 1437 2349 dicit,
1447 2315 1588 2344 Inventus
1599 2325 1662 2345 sum
1681 2326 1700 2346 a
1712 2323 1776 2345 ltmn.
1790 2328 1825 2343 ιο.

137 2362 208 2400 εἶμι,
218 2362 257 2400 τῷ
270 2360 350 2397 ἔθνει,
362 2359 387 2389 οἳ
397 2361 444 2390 οὔκ
455 2360 583 2390 ἐκάλεσαν
593 2361 624 2390 τὸ
633 2359 715 2399 ὄνομά
723 2371 784 2398 μου.
798 2358 904 2396 Καίτοι,

138 2409 160 2436 εἷ
175 2406 213 2446 μὴ
226 2406 343 2439 κίνδυνος
363 2406 393 2435 ἐκ
414 2408 461 2442 τῆς
483 2406 652 2446 προρρήσεως
669 2404 822 2441 ἠκολούθει,
837 2405 906 2439 τίνος

137 2452 224 2482 ἕνεκεν
239 2445 296 2481 εἷπε
307 2452 426 2488 Παῦλος,
437 2451 549 2485 Ἡσαΐας
558 2451 585 2480 δὲ
595 2451 734 2491 ἀποτολμᾷ
743 2473 750 2487 ,
761 2451 806 2480 καὶ
816 2450 888 2490 λέγει
896 2472 904 2487 ,

139 2497 257 2538 Εὑρέθην
275 2502 328 2531 τοῖς
349 2497 396 2536 ἐμὲ
411 2497 448 2536 μὴ
471 2498 607 2534 ζητοῦσιν;
622 2497 744 2536 Μεγίστη
764 2497 843 2531 ὄντως
855 2509 906 2527 κα-

139 2542 249 2583 τηγορία
271 2542 414 2572 Ἰουδαίων.
424 2543 460 2573 Οἱ
489 2542 526 2582 μὴ
548 2544 685 2579 ζητοῦντες
707 2539 790 2583 εὗρον,
813 2544 858 2573 καὶ
882 2544 906 2573 οἱ

141 2590 277 2625 ζητοῦντες
300 2588 445 2629 ἀπέτυχον·
460 2590 485 2618 οἱ
508 2588 545 2628 μὴ
568 2588 725 2623 ἀκούσαντες
741 2589 907 2626 ἐπίστευσαν,

143 2634 188 2664 καὶ
202 2637 226 2664 οἱ
241 2635 398 2669 ἀκούσαντες
409 2635 597 2674 ἐσταύρωσαν.
614 2634 666 2665 Διὰ
678 2637 761 2665 ταῦτα
775 2636 909 2674 τολμητὴν

950 1896 1025 1937 apud
1036 1895 1146 1927 Judaeos
1163 1895 1254 1925 audax
1266 1895 1338 1925 illud
1359 1896 1463 1926 facinus
1474 1899 1618 1937 exstitisse,
1639 1902 1696 1931 ani-

950 1942 1041 1981 mique
1051 1941 1180 1982 periculis
1189 1948 1287 1971 temere
1295 1952 1352 1971 sese
1361 1942 1522 1982 objicientis,
1535 1953 1695 1977 eventurum

951 1989 1075 2029 gentibus
1087 1988 1217 2017 honorem
1228 1994 1255 2017 et
1273 1987 1399 2028 gloriam,
1415 1995 1441 2018 et
1461 2000 1521 2028 quae
1541 1991 1604 2022 illos
1617 2004 1696 2024 exce-

952 2042 1031 2075 ptura
1050 2041 1118 2064 esset
1135 2033 1312 2073 ignominiam
1331 2044 1451 2073 narrare,
1471 2037 1519 2066 sed
1539 2038 1620 2068 etiam
1631 2040 1705 2080 ipsis.

952 2080 1032 2111 Pauli
1048 2079 1148 2111 verbis.
1167 2079 1218 2110 Hic
1242 2079 1331 2119 itaque
1345 2091 1408 2110 cum
1427 2082 1586 2122 prophetam
1599 2096 1697 2124 quem-

953 2128 1018 2158 dam
1036 2127 1140 2158 videret
1158 2126 1304 2167 paululum
1322 2127 1389 2166 quid
1412 2129 1594 2168 praedictionis
1615 2133 1698 2172 hujus

955 2181 1126 2210 reserantem,
1149 2180 1175 2203 et
1195 2174 1326 2213 apertius,
1353 2184 1435 2213 quam
1461 2175 1519 2214 alii,
1543 2184 1602 2207 tum
1627 2179 1698 2208 hona

955 2225 1056 2257 nostra,
1076 2227 1135 2250 tum
1154 2220 1266 2249 illorum
1282 2220 1352 2249 mala
1373 2220 1524 2259 dicentem,
1546 2225 1697 2264 obstupuit,

955 2274 982 2298 et
996 2265 1135 2296 audaciam
1147 2265 1223 2295 illius
1243 2265 1356 2295 miratus
1368 2273 1420 2303 est,
1435 2267 1480 2297 his
1493 2269 1584 2299 verbis
1598 2278 1675 2300 utens
1690 2284 1697 2299 ε

958 2369 1018 2389 non
1032 2358 1228 2398 quaerentibus
1242 2366 1287 2385 me
1301 2369 1310 2385 .-
1331 2358 1432 2397 palam
1450 2362 1574 2398 apparui
1588 2363 1634 2398 iis,
1650 2364 1701 2401 qui
1712 2361 1750 2376 ²⁰⁴

959 2416 1004 2435 me
1017 2415 1077 2434 non
1093 2404 1323 2442 interrogabant.
1341 2404 1425 2440 Dixi,
1441 2406 1520 2435 Ecce
1533 2417 1595 2446 wgo,
1610 2410 1700 2447 genti,
1713 2397 1770 2419 ’ω’
1783 2395 1821 2420 ⁶⁵¹
1833 2401 1853 2417 ¹¹

960 2454 1011 2492 qui
1024 2461 1084 2480 non
1098 2455 1279 2479 vocaverunt
1294 2459 1400 2478 nomen
1412 2461 1516 2480 meum.
1533 2453 1704 2492 Quamquam

961 2498 984 2527 si
998 2497 1107 2526 nullum
1119 2506 1153 2525 ex
1166 2493 1339 2534 praedictione
1357 2495 1509 2533 periculum
1522 2496 1704 2537 impendebat,

962 2554 1012 2573 cur
1024 2542 1095 2572 dixit
1106 2540 1220 2575 Paulus,
1237 2542 1333 2569 Isaias
1351 2547 1449 2569 autem
1462 2543 1563 2578 audet,
1585 2550 1613 2573 et
1624 2546 1706 2584 dicit,

963 2591 1104 2619 Inventus
1118 2596 1182 2616 sum
1199 2596 1218 2614 a
1233 2596 1292 2614 non
1303 2587 1498 2624 quoerentibus
1510 2591 1577 2618 me?
1590 2592 1709 2622 Maxima

966 2645 1059 2667 revera
1074 2634 1090 2664 J
1094 2632 1234 2663 udoeorum
1248 2631 1389 2662 accusatio.
1406 2632 1461 2668 Qui
1478 2643 1531 2664 non
1550 2637 1704 2674 quaerebant
