1890 2826
574 222 618 244 DE
645 222 751 244 MUND!
778 221 970 253 CREATIONE
997 222 1124 244 ORATIO
1152 222 1197 245 1v.

1589 211 1658 256 545

98 285 307 325 ἱστοριογράφος
319 284 372 315 Καὶ
385 279 458 321 εἷπε,
473 283 563 324 φησὶν,
583 286 597 312 ὃ
615 283 699 318 Θεὸς,
713 282 862 322 ἐξαγαγέτω
881 284 900 307 C
918 292 1078 319 sermonem,
1106 293 1185 323 opera
1210 283 1290 314 dictis
1312 284 1465 321 addentem,
1486 291 1512 314 et
1531 284 1612 314 verba
1633 285 1661 313 in

97 329 131 359 τὰ
143 330 226 360 ὕδατα
239 330 336 371 ἑρπετὰ
345 332 438 370 ψυχῶν
447 331 547 366 ζωσιῗιν,
554 329 599 359 καὶ
612 328 720 358 πετεινὰ
731 327 863 366 πετόμενα

96 375 140 404 ἐπὶ
151 375 343 415 ἧς’γῆςξκατόι
363 376 405 416 rb}
415 375 554 416 στερέωμα
573 377 619 405 τοῦ
641 376 760 415 οὐρανοῦ.
776 373 863 403 Βλέπε

94 422 166 451 Θεοῦ
179 422 256 461 λόγον
277 422 342 462 ἔργα
358 426 413 455 τοῖς
437 422 552 462 ῥήμασιν
571 420 746 460 ὴέπάγοντος,
762 419 806 449 καὶ
829 419 863 449 τὰ

95 467 202 507 ῥήματα
213 469 391 498 ἀποτελοῦντα
399 468 554 508 πράγματα.
565 467 637 507 Ὅρα
648 468 718 496 Θεοῦ
729 465 863 498 συλλαὸὰς

94 513 141 543 καὶ
161 513 268 554 ῥήματα
292 514 374 554 μικρὰ
396 514 466 548 θείας
495 512 693 553 πεπληρωμένα
715 511 861 552 δυνάμεως.

95 559 265 599 Ἐξαγαγέτω
284 560 318 589 τὰ
337 559 437 589 ὕδατα·
457 562 471 589 ὁ
490 559 566 599 λόγος
586 561 600 588 ὁ
613 562 659 588 τοῦ
681 560 752 589 Θεοῦ
773 558 861 591 κόπος.

94 603 167 645 Ἐγὼ
189 606 298 645 νομίζω,
313 606 354 635 ὅτι
374 605 560 646 προελάμὸανε
573 605 608 635 τὰ
629 605 693 645 ἔργα
706 604 751 634 τὸν
767 604 844 643 λόγον
855 615 862 622 ·

92 650 202 691 ὀξυτέρα
211 651 262 691 γὰρ
272 648 304 688 ἦν
316 653 369 681 τῶν
382 651 478 686 λέξεων
488 654 506 688 ἡ
517 651 635 691 δύναμις.
648 650 763 681 Οὐδέπω
774 650 863 690 εἴρητο

93 698 107 725 ὃ
120 696 206 736 λόγος,
219 697 264 727 καὶ
277 698 308 728 τὸ
321 698 396 738 ἔργον
409 698 458 734 τὴν
471 697 540 727 ἰδίαν
553 697 696 736 εὐκοσμίαν
712 696 846 736 ἐλάμὸανε
856 708 863 715 ·

93 742 138 771 καὶ
151 743 181 772 τὸ
201 744 365 782 θαυμαστὸν,
387 744 492 784 ἑκάστῳ
510 746 562 773 τῶν
582 742 719 783 στοιχείων
736 742 836 772 τούτων
849 743 864 771 ὃ

93 789 161 823 Θεὸς
175 789 271 825 διπλῆν
293 789 434 828 εὐκοσμίαν
456 789 598 829 παρέσχεν.
611 788 717 818 Ἔδωκε
739 790 778 828 τῷ
798 800 861 817 στε-

836 834 844 845 '
880 829 900 852 1)

94 834 211 874 ρεώματι
221 837 362 875 φωστῆρας
374 835 420 865 καὶ
430 835 531 875 δρόσον.
544 834 623 865 Ἀλλὰ
638 834 684 864 καὶ
697 833 796 864 τούτων
806 846 861 863 πα-

91 881 133 910 λιν
141 882 194 910 τῶν
203 881 348 921 φωστήρων
359 883 376 917 ἡ
386 883 480 921 χρῆσις
492 881 622 921 διάφορος,
633 882 670 914 ὡς
678 880 724 909 καὶ
738 879 765 914 ἐξ
775 881 861 909 αὐτῶν

91 927 170 962 δῆλον
184 928 232 962 τῆς
250 927 358 966 Γραφῆς
370 929 422 956 τῶν
437 926 563 967 ῥημάτων
576 926 737 962 καθέστηκε,
752 926 812 966 περὶ
823 922 860 955 ὧν

90 969 160 1001 κατὰ
181 971 307 1010 δύναμιν,
327 973 351 1001 εἰ
374 971 419 1001 καὶ
444 971 481 1011 μὴ
504 974 563 1001 κατ’
590 971 680 1009 ἀξίαν,
704 972 860 1011 διελάὸομεν

89 1017 194 1058 πρῴην,
209 1018 252 1048 ὅτε
265 1020 328 1057 ὑμῖν
341 1018 385 1048 τὸν
403 1018 464 1059 περὶ
475 1018 574 1048 τούτων
588 1018 753 1057 ἐξετιθέμεθα
766 1019 842 1058 λόγον
852 1041 859 1054 ,

89 1063 150 1103 περὶ
171 1059 209 1094 ὧν
229 1063 309 1093 πάλιν
333 1065 444 1094 ελαλεῖν
464 1065 508 1094 ἐπὶ
528 1067 574 1094 τοῦ
595 1064 723 1104 παρόντος
745 1065 774 1093 οὐ
788 1064 859 1104 χρή-

90 1121 177 1147 σιμον.

148 1170 173 1208 ’ῇ
192 1171 227 1209 γῇ
249 1168 420 1210 σπαρτὰΙκαὶ
441 1169 524 1210 φυτὰ,
548 1174 602 1203 τοῖς
623 1169 701 1199 ὕδασι
715 1170 799 1206 νηκτὰ
814 1170 859 1200 καὶ

89 1215 204 1244 πετεινά.
219 1214 390 1255 Ἐξαγαγέτω
400 1214 434 1244 τὰ
444 1214 528 1244 ὕδατα
539 1214 638 1255 ἑρπετὰ
648 1217 741 1255 ψυχῶν
756 1217 856 1252 ζωσῶν,

89 1260 132 1289 καὶ
153 1261 261 1290 πετεινὰ
273 1260 415 1299 πετόμενα.
434 1260 551 1301 Ἑρπετὰ
566 1262 642 1290 καλεῖ
669 1260 728 1294 τοὺς
749 1260 855 1301 ἰχθύας,

87 1306 179 1342 ἐπειδὴ
203 1308 303 1345 μᾶλλον
323 1306 412 1347 ἕρπει,
425 1306 443 1342 ἢ
457 1311 606 1345 περιπατεῖ.
622 1306 702 1336 Ὅθεν
716 1307 761 1336 καὶ
774 1309 788 1336 ὁ
803 1319 855 1346 μα-

87 1351 176 1391 κάριος
188 1352 272 1381 Δαυὶδ
293 1353 442 1382 ἀκολουθῶν
453 1354 492 1392 τῷ
508 1351 635 1392 νομοθέτῃ
649 1352 736 1392 λέγει·
748 1353 824 1389 Αὕτη
838 1356 855 1389 ἡ

87 1396 206 1427 θάλασσα
224 1400 250 1434 ἡ·
264 1397 366 1438 μεγάλη
387 1397 433 1428 καὶ
448 1398 611 1438 εὐρύχωρος·
631 1399 686 1428 ἐκεῖ
709 1398 805 1439 ἑρπετὰ
819 1395 855 1428 ὧν

83 1445 133 1473 οὐκ
146 1444 218 1473 ἔστιν
230 1444 347 1484 ἀριθμός.
362 1444 445 1474 Ξένον
457 1449 579 1485 πρᾶγμα,
594 1443 652 1480 ξένη
667 1444 795 1481 διάταξις,
811 1445 854 1480 ξέ-

84 1501 128 1519 νον
148 1492 194 1519 τοῦ
216 1489 295 1530 λόγου
313 1490 344 1520 τὸ
365 1490 529 1530 ἐπάγγελμα.
552 1490 643 1527 Διατί;
664 1490 728 1520 Ὅτι
748 1491 854 1521 πάντων

84 1537 212 1572 ποιητής·
233 1536 315 1570 οὕτως
336 1537 393 1576 ἔχει
414 1537 466 1577 πρὸ
486 1538 628 1576 ὀφθαλμῶν
652 1536 686 1565 τά
705 1549 734 1566 τε
751 1538 854 1577 προλα-

83 1581 179 1618 edna,
192 1582 238 1612 καὶ
254 1582 286 1612 τὰ
304 1583 450 1618 ἐνεστῶτα,
465 1582 510 1612 καὶ
523 1582 558 1611 τὰ
576 1582 707 1620 μέλλοντα
717 1605 724 1619 ,
738 1584 774 1616 ὡς
793 1582 853 1613 οὔτε

84 1630 162 1666 ἡμεῖς
174 1632 229 1661 τοῖς
248 1629 390 1668 ὀφθαλμοῖς
413 1630 502 1667 ἡμῶν.
523 1627 600 1657 Ἐπεὶ
619 1624 663 1657 οὖν
687 1627 781 1666 ἔμελλε
804 1628 852 1665 τὴν

84 1674 154 1710 ζωὴν
165 1673 274 1714 πρώτην
296 1673 339 1703 διὰ
358 1676 411 1703 τῶν
432 1674 533 1703 ὑδάτων
552 1678 678 1714 χορηγεῖν
692 1676 730 1714 τῷ
744 1674 852 1715 κόσμῳ,

82 1719 197 1760 πρώτοις
218 1719 353 1759 ἐπιτρέπει
374 1723 428 1752 τοῖς
450 1718 526 1748 ὕδασι
549 1719 673 1758 ζωογόνον
696 1719 852 1759 προενέγκαι

83 1766 160 1805 φύσιν
171 1777 178 1784 ·
191 1765 232 1794 ἵνα
247 1765 332 1805 μάθῃς
344 1765 423 1795 πόθεν
438 1767 454 1801 ἡ
470 1765 527 1805 ῥίζα
546 1767 593 1801 τῆς
606 1767 683 1800 ζωῆς.
702 1765 775 1805 Ἐγὼ
788 1765 850 1795 ὅταν

919 338 999 368 opera
1010 336 1166 359 vertentem.
1178 330 1251 361 Vide
1262 331 1311 360 Dei
1323 331 1442 371 syllabas
1454 331 1588 370 verbaque
1598 331 1662 361 bre-

920 374 975 410 via,
986 374 1079 405 divina
1092 376 1192 406 virtute
1201 376 1290 417 plena.
1305 378 1333 407 Ε
1335 377 1444 406 ducant
1455 387 1540 416 aquae
1553 389 1561 405 .·
1574 387 1662 407 sermo

921 419 999 449 labor
1009 427 1114 461 etopus
1128 422 1179 451 Dei
1192 429 1241 452 est.
1259 423 1383 452 Arbitror
1400 433 1449 462 ego
1465 433 1546 462 opera
1559 434 1662 453 sermo—

920 474 980 493 nem
996 467 1167 496 antevertisse
1182 480 1190 497 :
1204 468 1323 497 velocior
1342 469 1413 497 enim
1434 468 1514 498 dictis
1531 469 1660 508 potentia.

918 511 1046 541 Nondum
1061 513 1182 552 prolatus
1195 525 1283 543 sermo
1295 514 1393 551 fuerat,
1403 522 1429 545 et
1440 526 1510 555 opus
1520 515 1662 556 proprium

919 557 1065 597 accipiebat
1078 566 1201 589 ornatum
1213 571 1220 588 ι
1233 560 1359 599 quodque
1373 561 1473 591 mirum
1486 568 1536 599 est,
1548 562 1663 601 singulis

918 602 1136 634 hisceelementis
1144 607 1217 636 Deus
1232 606 1369 646 duplicem
1381 607 1515 647 praebehat
1526 615 1662 637 ornatum.

919 649 1002 679 Dedit
1014 650 1181 681 firmamento
1201 652 1346 681 luminaria
1356 659 1382 681 et
1395 663 1493 682 rorem.
1511 654 1662 684 Imo'etiam

918 695 1016 726 horum
1028 697 1203 727 luminarium
1213 698 1337 728 diversus
1345 705 1402 727 erat
1411 709 1492 737 nsus;
1507 706 1536 728 111
1549 710 1584 729 cx
1596 700 1663 740 ipsis

918 742 1065 783 Scriptum
1078 743 1158 773 dictis
1171 751 1284 782 constat,
1295 744 1329 773 de
1339 745 1439 783 quibus
1452 755 1502 784 pro
1513 745 1599 782 virili,
1614 746 1662 775 etsi

919 798 971 818 non
979 801 1028 830 pro
1042 790 1181 830 dignitate,
1189 801 1275 830 nuper
1288 791 1368 820 verba
1377 791 1500 831 fecimus,
1512 802 1574 821 cum
1585 791 1662 822 vobis

918 834 1016 865 horum
1030 833 1159 866 rationem
1170 836 1370 877 exponebamus
1386 837 1439 866 :de
1454 838 1553 876 quibus
1564 837 1662 868 iterum

917 880 944 909 in
956 882 1079 920 praescnti
1093 893 1245 912 sermonem
1253 882 1353 912 habere
1364 881 1462 913 inutile
1475 884 1552 913 foret.

951 1167 982 1195 2.
995 1166 1086 1195 Terrae
1099 1166 1199 1195 semina
1213 1165 1288 1195 dedit
1300 1172 1324 1195 et
1337 1166 1440 1206 plantas
1452 1179 1459 1202 ;
1476 1166 1564 1205 aquis,
1579 1174 1654 1196 nata-

911 1212 969 1241 tilia
983 1219 1009 1241 et
1018 1212 1150 1241 volatilia.
1165 1213 1305 1241 Educ-ant
1319 1222 1405 1252 aquoe
1418 1213 1536 1252 reptilia
1545 1215 1657 1242 ‹mima-

910 1268 974 1288 rum
986 1260 1162 1294 viventium,
1177 1264 1205 1288 et
1215 1258 1356 1287 volatilia
1372 1259 1519 1288 volantia.
1535 1259 1656 1299 Reptilia

909 1304 996 1344 pisces
1006 1311 1094 1341 vocat,
1108 1305 1170 1343 quia
1185 1304 1275 1344 potius
1288 1311 1396 1344 repunt,
1412 1315 1491 1343 quam
1504 1305 1652 1335 ambulant.

909 1350 1092 1387 Quamobrem
1116 1351 1209 1379 beatus
1230 1350 1321 1380 David
1343 1350 1522 1390 legislatorem
1542 1362 1654 1390 sequens

910 1395 947 1425 ait
961 1407 968 1424 ε
979 1397 1047 1425 Hoc
1056 1406 1137 1426 mare
1150 1407 1289 1436 magnum
1303 1403 1331 1425 et
1339 1399 1497 1436 spatiosum
1509 1409 1521 1426 .-
1535 1398 1598 1426 illic
1610 1408 1654 1427 re-
1664 1402 1730 1423 Psal.
1742 1403 1792 1425 ¹03.

907 1443 995 1481 peilia
1015 1453 1138 1482 quorum
1156 1453 1215 1472 non
1231 1449 1274 1472 est
1292 1452 1438 1472 numerus.
1458 1444 1525 1472 Rem
1541 1450 1652 1484 stupen-

908 1488 992 1517 dam!
1006 1488 1171 1528 stupendum
1194 1487 1334 1517 ordinem.
1349 1488 1474 1541 stupendi
1491 1489 1567 1518 verbi
1587 1500 1651 1529 pro-

1663 1433 1702 1455 25.

908 1534 1079 1564 missionem!
1099 1535 1210 1572 Quare?
1232 1535 1304 1572 Quia
1330 1535 1452 1564 omnium
1475 1535 1576 1575 Opisex
1591 1540 1803 1574 est5De1sprw-

907 1580 946 1609 sic
959 1591 1015 1620 prae
1026 1580 1112 1609 oculis
1120 1580 1199 1609 habet
1207 1580 1350 1620 praeterita,
1363 1581 1501 1620 praesentia
1515 1581 1683 1622 1111“11111ι·ιι,,Ε

1663 1548 1804 1599 (witziwprw

1686 1603 1730 1623 nial
1741 1602 1803 1623 e·1su

909 1633 938 1655 ut
950 1636 1036 1665 neque
1049 1636 1097 1656 nos
1117 1637 1148 1655 ea
1170 1626 1227 1666 ipsa
1246 1637 1307 1665 quae
1326 1637 1382 1666 prae
1395 1626 1482 1656 oculis
1496 1633 1565 1656 sunt.
1579 1627 1733 1664 Quian-nav
1736 1633 1771 1654 ted
1775 1638 1791 1654 ι.

907 1671 992 1710 igitur
1013 1682 1062 1711 per
1081 1682 1164 1711 aquas
1183 1671 1272 1711 primo
1301 1671 1386 1702 vitam
1416 1671 1518 1701 mundo
1537 1671 1651 1702 daturus

907 1723 971 1751 erat,
983 1717 1071 1757 primo
1084 1717 1161 1756 aquis
1173 1716 1307 1757 praecipit,
1323 1723 1354 1746 ut
1365 1716 1516 1757 viviparam
1527 1725 1651 1748 naturam

907 1763 1076 1804 producant:
1090 1770 1121 1793 111
1140 1762 1227 1793 discas
1248 1763 1320 1793 unde
1339 1763 1419 1794 radix
1441 1764 1503 1794 vitae
1526 1764 1570 1794 sit.
1591 1765 1650 1804 Ego

83 1812 131 1840 ἴδω
144 1811 204 1845 τους
222 1810 413 1852 φαηιζομένους
436 1810 620 1851 ἐξερχομένως
642 1812 672 1840 ἐκ
692 1823 746 1840 των
769 1811 850 1851 ἁγίων
905 1820 969 1839 cum
989 1809 1069 1839 video
1090 1820 1134 1840 eos
1155 1810 1202 1850 qui
1224 1810 1370 1840 illuminati
1398 1811 1473 1840 fuere
1496 1821 1530 1840 ex
1550 1811 1650 1841 sanctis
1678 1822 1705 1844 Β,
1695 1825 1750 1850 ,μηὅ

81 1857 193 1893 ὑδάτων,
208 1857 370 1890 εἰσελθόντας
387 1856 434 1895 μὲν
448 1859 484 1890 εἷς
503 1857 534 1887 τὸ
549 1856 687 1896 βάπτισμα
702 1857 770 1896 μετὰ
782 1859 851 1887 πολ-
906 1855 983 1894 aquis
994 1855 1079 1892 exire,
1094 1855 1142 1895 qui
1155 1856 1183 1885 in
1195 1855 1360 1896 baptismum
1380 1866 1442 1885 cum
1462 1856 1556 1886 multis
1571 1857 1649 1886 malis
1659 1862 1724 1875 ‘'¹¹¹¹'‘
1713 1855 1754 1876 '¹¹¹⁴
1758 1859 1765 1876 ¹
1790 1862 1802 1875 ²

81 1904 134 1933 λῶν
148 1905 237 1933 κακῶν
256 1905 292 1937 ὡς
306 1905 368 1943 ἕρπε
357 1902 421 1939 -,τὰ
442 1902 626 1943 ἐξερχομένους
651 1903 678 1932 δὲ
700 1903 768 1942 μετὰ
782 1904 850 1939 ζωῆς
859 1919 895 1938 ⁶⁶7
906 1902 982 1940 quasi
995 1901 1129 1942 reptilia'
1121 1901 1234 1941 ingressi
1253 1908 1326 1939 sunt,
1351 1908 1377 1931 et
1396 1912 1459 1932 cum
1478 1902 1534 1933 vita
1551 1889 1787 1946 aeternafim1..1,.:s,j

81 1949 196 1995 αἰωνίου,
210 1951 263 1989 ὁρῶ
276 1948 320 1978 τὸν
340 1948 481 1988 νομοθέτην
501 1949 627 1988 λέγοντα·
647 1948 796 1988 ἐξαγαγέτω
815 1948 849 1978 τὰ
868 1948 887 1970 A
906 1954 967 1977 sunt
979 1947 1088 1986 egressi,
1103 1947 1183 1978 video
1191 1948 1384 1987 Legislatorem
1404 1948 1558 1978 dicentem:
1571 1948 1650 1978 Edu—

81 1993 164 2024 ὕδατα
173 1971 206 2024 τὰ
214 1994 279 2025 ποτὲ
290 1994 397 2034 ἑρπετὰ,
409 1997 453 2023 νῦν
463 1994 551 2035 ψυχὴν
562 1995 659 2028 ζῶσαν.
676 1995 760 2024 Πόθεν
773 2007 849 2025 τουτο

80 2042 159 2077 δῆλον
178 2044 242 2080 ἡμῖν
255 2041 377 2081 γένηται;
391 2040 456 2070 Ὀτι
471 2042 495 2070 οἱ
508 2040 715 2080 προσερχόμενοι
733 2042 772 2070 τῶ
784 2042 846 2071 λου-

79 2089 135 2127 τρῷ
156 2087 198 2116 διὰ
218 2086 266 2120 τὰς
286 2086 414 2127 προτέρας
427 2086 568 2126 ἁμαρτίας,
590 2086 638 2122 τὴν
658 2089 710 2115 τῶν
732 2088 847 2127 ἑρπετῶν

79 2133 243 2172 λαμὸἄνουσι
254 2134 357 2168 κλῆσιν.
367 2132 494 2168 Ἐξῆλθον
508 2133 552 2162 ἐπὶ
566 2132 596 2162 τὸ
611 2131 750 2172 βάπτισμα
761 2132 849 2162 Ἰωάν-

80 2190 124 2207 νου
137 2178 246 2207 πολλοί·
259 2178 332 2217 λέγει
348 2182 402 2211 τοῖς
419 2179 537 2208 ἐλθοῦσιν
546 2190 552 2196 ·
571 2178 681 2218 Ὅφεις,
695 2178 848 2218 γεννήματα

80 2223 199 2263 ἐχιδνῶν,
209 2223 248 2257 τίς
258 2223 389 2258 ὗπέδειξεν
401 2225 463 2262 ὑμῖν
475 2228 565 2264 φυγεῖν
576 2224 630 2254 ἀπὸ
640 2226 687 2259 τῆς
701 2224 848 2263 μελλούσης
873 2240 875 2242 ·

79 2270 173 2308 ὀργῆς,
187 2269 274 2298 Ὅταν
296 2270 332 2302 εἰς
352 2269 383 2298 τὸ
407 2269 545 2309 βάπτισμα
566 2269 670 2310 εἰσέλθῃ
691 2270 783 2311 ψυχὴ,
804 2271 849 2300 ἐπὶ

79 2314 165 2344 πολλὰ
180 2313 226 2350 ἔτη
240 2314 321 2354 κακίᾳ
337 2315 486 2351 συζήσασα,
500 2315 545 2344 καὶ
563 2315 652 2356 ἐξέλθῃ
666 2316 765 2352 ταύτην
780 2317 848 2345 ἄπο-

80 2360 192 2399 θεμένη,
207 2359 255 2399 ὅρα
277 2362 299 2389 εἷ
322 2359 359 2399 μὴ
384 2361 416 2389 δι’
442 2362 528 2390 αὐτῶν
550 2361 652 2400 λάμπει
665 2363 717 2391 τῶν
732 2361 815 2402 ἔργων
830 2364 848 2398 ἡ

80 2405 222 2442 δεσποτικὴ
242 2405 315 2446 φωνὴ
335 2409 352 2441 ἡ
368 2405 497 2445 λέγουσα·
521 2406 691 2446 Ἐξαγαγέτω
710 2406 745 2436 τὰ
766 2407 849 2436 ὕδατα

905 2001 1046 2032 cautaquae
1059 2004 1101 2031 ea,
1115 2004 1172 2032 quae
1185 2000 1251 2023 tunc
1264 1995 1370 2034 reptilia
1383 2001 1469 2032 erant,
1481 2005 1551 2025 nunc
1562 1995 1650 2024 anima

904 2040 999 2070 vivens
1007 2046 1079 2069 sunt.
1089 2039 1232 2069 Undenam
1244 2040 1295 2072 hoc
1306 2041 1384 2070 nobis
1393 2041 1482 2081 palam
1492 2041 1566 2071 erit?
1577 2042 1649 2079 Quia

904 2085 924 2115 ii
938 2085 985 2124 qui
1006 2084 1136 2115 accedunt
1154 2085 1190 2115 ad
1209 2086 1346 2115 lavacrum
1366 2087 1402 2116 ob
1418 2086 1508 2126 priora
1529 2094 1649 2127 peccata,

904 2133 1043 2173 reptilium
1055 2143 1152 2163 nomen
1163 2133 1308 2173 accipiunt.
1322 2134 1456 2164 Exierunt
1466 2134 1544 2163 multi
1557 2134 1591 2163 ad
1603 2135 1648 2165 ba-

903 2179 1032 2218 ptismum
1043 2178 1153 2209 Joannis
1169 2191 1175 2208 :
1192 2179 1380 2209 accedentibus
1389 2179 1474 2209 dicit:
1487 2180 1647 2219 Serpentes,

903 2225 1052 2263 genimina
1061 2226 1239 2264 viperarum,
1251 2226 1315 2265 quis
1324 2226 1448 2255 ostendit
1458 2226 1649 2266 vobissugere

905 2281 925 2299 a
937 2277 1067 2300 ventura
1075 2272 1121 2300 ira
1130 2273 1143 2299 Ρ
1156 2272 1226 2301 Cum
1239 2272 1341 2309 anima,
1353 2282 1413 2310 quae
1425 2271 1520 2301 multis
1534 2272 1610 2301 annis
1621 2273 1648 2301 in

904 2316 1021 2356 nequitia
1039 2317 1126 2354 vixit,
1143 2317 1170 2347 in
1184 2317 1348 2358 baptismum
1367 2318 1466 2352 intrat,
1479 2325 1504 2347 et
1518 2318 1648 2357 improbi·
1659 2318 1726 2353 ⁶5⁰¹*

1662 2189 1799 2219 Matm.3.7.

1695 2287 1801 2315 Baptismi

1780 2321 1802 2338 et

902 2369 955 2393 tate
968 2362 1089 2403 deposita
1111 2362 1259 2403 egreditur,
1278 2363 1339 2394 vide
1359 2374 1446 2392 annon
1468 2363 1594 2403 operibus
1605 2374 1648 2392 re-
1659 2356 1700 2369 ω’

902 2408 1042 2448 splendeat
1059 2409 1106 2438 illa
1129 2419 1186 2439 vox
1206 2409 1352 2444 dominica,
1372 2418 1432 2446 quae
1445 2409 1494 2444 nit,
1511 2408 1651 2437 Educant

79 2452 177 2492 ἑρπετὰ
189 2454 282 2492 ψυχῶν
294 2453 394 2488 ζωσῶν,
410 2450 455 2482 καὶ
467 2452 574 2482 πετεινὰ
587 2452 733 2492 πετόμενα,
745 2454 848 2489 Διπλῆν
866 2454 883 2477 Β
902 2465 987 2495 aquoe
1000 2455 1118 2495 reptilia
1130 2457 1296 2484 animarum
1308 2455 1482 2489 viventium,
1498 2459 1526 2481 et
1540 2453 1651 2482 volati-

80 2497 131 2537 γὰρ
143 2498 274 2536 λαμὸάνει
287 2497 336 2534 τὴν
349 2498 427 2538 χάριν
438 2500 452 2527 ὁ
465 2498 620 2537 σωζόμενος,
630 2498 675 2528 καὶ
685 2500 850 2532 ζωοποιεῖται
903 2500 945 2530 l1'a
957 2501 1095 2530 volantia
1104 2503 1117 2528 P
1132 2500 1275 2539 DupUcem
1294 2509 1409 2538 namque
1428 2498 1540 2538 gratiam
1555 2498 1652 2538 accipit

117 2587 130 2606 b
148 2586 295 2619 [Combetis.
309 2589 442 2620 ἐπάγοντα]

113 2634 123 2643 .-
141 2624 232 2659 [Savil.
255 2626 279 2650 in
298 2631 366 2651 textu
389 2629 470 2652 λαθεῖν,
490 2626 514 2651 in
532 2635 610 2659 marg.
629 2629 694 2660 conj.
722 2630 841 2660 διαλαθεῖν,

892 2590 960 2623 quod
973 2591 1066 2622 recepit
1082 2589 1215 2615 Combefis.
1235 2589 1292 2613 Mox
1308 2593 1366 2620 post
1382 2590 1444 2614 ὕδασι
1467 2587 1543 2614 savit.
1559 2597 1571 2613 e
1585 2590 1650 2622 conj.

893 2628 989 2662 supplet
1003 2629 1090 2660 selme]
