1890 2826
227 106 273 142 58

228 189 289 208 cere
298 177 531 218 expurgationem,
539 183 565 206 et
577 175 652 216 qnod
664 175 728 206 dent
737 183 906 217 peccaturum
919 187 972 218 pce-

227 235 285 262 nas,
300 231 327 254 et
339 223 413 264 quod
426 223 525 254 exhinc
536 223 564 253 in
577 224 699 253 futurum
713 222 895 263 diligentiores
909 234 971 253 eva-

227 270 302 301 dant.
315 270 477 310 Sanguinem
491 281 555 301 vero
569 269 718 300 Jerusalem
731 267 815 300 caedes
828 277 907 300 vocat
919 280 972 300 cae-

227 317 329 356 desque
339 316 463 358 injustas.
477 315 582 346 Deinde
595 326 696 356 augens
713 316 908 346 accusationem
922 315 971 353 ait,

229 364 276 393 De
290 364 385 393 medio
396 373 506 393 eorum.
519 364 581 393 Non
592 362 664 392 enim
678 362 748 393 elam
761 362 904 393 homicidia
924 373 973 403 ag-

229 409 313 449 gressi
323 417 396 444 sunt,
407 409 455 439 sed
471 410 549 450 pejus
567 419 649 448 quam
666 408 792 446 latrones,
805 416 832 440 et
845 409 866 440 ii
878 409 926 449 qui
944 409 972 438 iu

228 456 347 497 publicis
359 456 413 486 viis
425 455 539 486 insidias
549 456 647 486 locant.
661 456 707 486 llli
721 466 835 496 namque
849 457 876 487 in
897 463 971 486 tene-
987 460 1007 484 E

228 501 286 532 bris
304 502 415 532 latentes
437 502 502 531 etin
511 502 846 540 solitudinibus‚consueta
856 503 974 533 facinora

228 547 440 588 aggrediuntur;
453 548 484 578 hi
494 555 584 578 autem
601 548 691 578 medio
710 549 739 578 in
754 549 823 587 foro,
839 549 867 579 in
884 549 972 579 media

228 594 296 623 urbe
308 601 334 623 et
348 594 375 624 in
389 594 457 634 ipsis
470 594 654 624 tribunalibus
666 594 760 625 eadem
769 606 829 635 quae
839 595 880 625 illi
894 595 974 626 scele-

228 650 257 668 ra
269 640 467 680 perpetrabant.
481 640 536 671 Sed
552 647 578 670 et
590 641 724 671 maculam
735 641 797 671 inde
814 648 900 672 ortam
912 641 971 671 bel-

227 685 285 715 lum
294 686 420 726 ingruens
441 694 588 717 consumet.
605 688 712 718 Etenim
725 688 754 718 in
761 695 881 729 tempore
893 688 974 719 bono-

228 743 289 762 rum
300 732 335 762 de
356 733 483 763 aerumnis
502 733 580 774 prius
597 734 680 764 illatis
701 745 729 765 se
752 734 881 772 defendit,
900 735 974 774 quod

228 779 330 809 scilicet
352 779 407 809 illae
431 780 492 811 ideo
519 780 680 820 acciderent,
695 789 725 811 ut
745 782 930 820 abluerentur,
943 793 974 812 ac

555 115 584 138 S.
613 110 754 138 JORNNIS
780 115 964 138 CHRYSOST-
994 117 1149 140 ARCHIEP.
1177 118 1451 143 CONSTAN'UNOP.

1024 178 1141 207 Διπλοῦν
1155 179 1268 208 ἐνταῦθα’.
1280 191 1327 219 μοι
1340 180 1411 210 δοκεῖ
1423 179 1510 220 λέγειν
1525 180 1676 220 καθαρμὸν,
1701 180 1746 210 καὶ
1767 180 1798 210 τὸ

1025 224 1114 253 δοῦναι
1127 224 1203 261 δίκην
1214 220 1251 254 ὧν
1264 225 1400 266 ἥμαρτον,
1413 225 1459 256 καὶ
1472 226 1503 255 τὸ
1525 226 1743 266 σπουδαιοτέρους
1752 238 1797 266 γε·

1024 270 1114 300 νέσθαι
1127 270 1192 311 πρὸς
1205 271 1236 301 τὸ
1250 271 1346 310 μέλλον
1359 273 1484 302 ἐντεῦθεν.
1495 268 1571 311 Αἷμα
1584 273 1612 303 δὲ
1622 272 1799 313 Ἰερουσαλὴμ

1024 316 1083 350 τοὺς
1104 316 1196 357 φόνους
1219 317 1308 357 λέγει,
1331 317 1378 352 τὰς
1401 318 1504 359 σφαγὰς
1523 318 1571 352 τὰς
1592 318 1707 352 ἀδίκους.
1729 313 1799 348 Εἶτα

1026 363 1108 398 αὔξων
1122 363 1152 393 τὸ
1162 363 1284 403 ἔγκλημά
1291 375 1385 405 φησιν,
1397 365 1450 395 Ἐκ
1463 363 1544 404 μέσου
1558 365 1653 395 αὐτῶν.
1668 364 1739 395 Οὐδὲ
1746 364 1798 404 γὰρ

1025 409 1196 443 λανθάνοντες
1205 409 1251 440 καὶ
1262 409 1438 450 κρυπτόμενοι
1462 410 1510 445 τὰς
1532 409 1701 451 ἀνδροφονίας
1721 410 1799 440 ἐτόλ-

1027 467 1098 494 μων,
1124 456 1194 486 ἀλλὰ
1206 457 1259 485 τῶν
1271 458 1376 497 λῃστῶν
1390 456 1499 486 καὶτῶν
1510 456 1558 490 τὰς
1574 456 1723 497 λεωφόρους
1737 457 1800 497 ἐφι-

1026 502 1168 541 δρευόντων
1179 506 1276 542 χεῖρον.
1300 503 1415 533 Ἐκιῖνοι
1428 502 1480 543 γὰρ
1506 504 1551 533 καὶ
1565 505 1604 544 τῷ
1628 502 1716 543 σκότῳ
1737 514 1800 544 κρυ-

1024 548 1151 587 πτόμενοι
1172 548 1218 578 καὶ
1238 552 1296 583 ταῖς
1319 548 1441 589 ἐρημίαις
1463 550 1583 589 τολμῶσι
1604 548 1638 578 τὰ
1668 548 1779 579 εἰωθότα
1791 560 1798 567 ·

1024 589 1096 623 οὗτοι
1110 593 1137 624 δὲ
1149 596 1175 624 ἐν
1189 594 1282 633 μέσαις
1295 599 1354 629 ταῖς
1369 595 1485 635 ἀγοραῖς,
1499 596 1526 638 ἐν
1541 595 1610 635 μέσῃ
1620 597 1654 636 τῇ
1665 595 1759 632 πόλει,
1773 595 1800 625 ἐν

1025 642 1112 674 αὐτοῖς
1134 645 1187 674 τοῖς
1219 640 1399 681 δικαστηρίοις
1427 641 1462 670 τὰ
1486 641 1591 671 ἐκείνων
1616 641 1798 682 παρηνόμουν.

1024 686 1104 716 Ἀλλὰ
1120 686 1165 716 καὶ
1178 686 1227 723 τὴν
1240 688 1352 724 ἐκεῖθεν,
1362 687 1443 727 φησὶ,
1456 687 1599 727 γενομένην
1614 688 1711 724 κηλῖδα
1722 688 1800 718 ἑπελ·

1025 732 1076 762 θὼν
1090 735 1104 762 ὁ
1117 732 1233 773 πόλεμος
1254 733 1395 763 ἀναλώσει.
1416 734 1469 764 Καὶ
1489 733 1542 774 γὰρ
1555 735 1582 764 ἐν
1595 736 1634 774 τῷ
1647 735 1733 774 καιρῷ
1747 735 1799 763 τῶν

1023 781 1148 819 χρηστῶν
1160 779 1226 820 ὑπὲρ
1239 782 1292 810 τῶν
1313 780 1448 820 προτέρων
1467 781 1638 820 ἀπολογεῖται
1656 781 1800 820 λυπηρῶν,

226 825 319 855 sordes
334 833 471 866 ponerent,
492 834 521 857 ut
539 827 601 868 igne
616 835 807 868 purgarentur,
825 834 856 858 ut
867 837 974 858 omnem
986 845 1011 864 ω
1024 826 1065 855 ὅτι
1082 826 1127 855 καὶ
1151 826 1219 856 αὐτὰ
1239 827 1327 856 ἐκεῖνα
1354 826 1388 855 τὰ
1403 826 1542 866 συμβάντα
1568 826 1611 857 διὰ
1632 829 1711 857 τοῦτο
1737 838 1798 856 συν-

227 872 362 902 maculam
379 872 571 912 abstergerent‚
581 880 612 903 ut
624 874 756 914 probrum
769 885 805 904 ex
823 874 938 915 peccatis
948 881 975 904 et
989 874 1009 896 A

227 917 347 948 caedibus
360 926 468 959 partum
479 918 609 949 eluerent.
618 919 695 957 Quid
707 931 772 951 vero
785 928 825 950 est
837 920 912 960 quod
924 921 973 958 ait,

228 964 336 1004 Spiritu
343 966 450 1005 judicii
464 972 494 994 et
506 966 609 1005 spiritu
628 966 741 996 ardoris
751 969 766 995 Ρ
775 967 806 996 ln
819 967 974 1007 metaphora

226 1010 347 1041 conflatae
361 1012 502 1042 metallicae
515 1011 632 1041 materiae
645 1012 775 1042 substitit.
790 1012 974 1050 Quemadmo-

227 1057 293 1087 dum
309 1061 379 1088 enim
392 1058 452 1088 illic
469 1058 581 1099 spiritus
595 1058 622 1087 in
636 1058 821 1089 conflatoriam
839 1059 974 1089 fornacem

227 1103 364 1134 immissus
377 1111 403 1134 et
415 1104 552 1134 flammam
564 1104 670 1142 afflans,
684 1104 900 1144 ardentioresque
913 1116 975 1145 pru-

227 1159 274 1179 nas
286 1149 415 1187 reddens,
429 1161 536 1180 omnem
551 1150 670 1180 absumit
689 1152 803 1180 scoriam
818 1162 825 1178 ι
842 1151 877 1181 ita
891 1158 917 1181 et
929 1152 974 1182 hie

227 1197 349 1226 immissa
359 1207 375 1226 a
385 1198 443 1226 Deo
464 1196 515 1235 ira,
527 1203 553 1226 et
564 1196 684 1226 incidens
699 1197 820 1227 hostium
837 1198 971 1236 incursus,

227 1243 314 1273 instar
326 1242 397 1283 ignis
408 1242 470 1272 urbi
479 1243 564 1272 sactus
571 1249 620 1280 est,
632 1242 703 1283 ignis
714 1253 767 1273 non
778 1243 924 1284 perniciem
931 1244 973 1274 in-

225 1290 345 1327 ferentis,
355 1290 402 1319 sed
416 1289 528 1328 urentis,
534 1290 685 1330 purgantis,
697 1290 833 1330 punientis
842 1297 869 1320 et
881 1302 972 1321 emen-

226 1336 326 1366 dantis.
350 1338 430 1366 Hunc
447 1336 519 1365 enim
538 1346 646 1365 sensum
667 1336 749 1366 habet
770 1337 853 1375 illud,
864 1337 973 1377 Spiritu

222 1383 349 1422 judicti5
362 1382 415 1412 hoc
432 1389 483 1419 est,
507 1381 655 1422 punitionis
665 1405 673 1420 ,
689 1382 828 1421 vindictae,
850 1383 972 1415 ultionis.
989 1387 1008 1410 B

227 1430 256 1459 5.
278 1430 320 1459 Et
339 1430 439 1458 veniet
449 1430 606 1458 Dominus.
623 1429 779 1459 Adventum
795 1431 854 1471 ejus
877 1442 972 1472 opera—

225 1475 325 1505 tionem
338 1482 426 1506 vocat.
442 1476 484 1504 Et
494 1477 550 1505 erit
559 1477 655 1505 omnis
670 1475 752 1505 locus
767 1479 874 1507 montis
889 1478 971 1516 Sion,

226 1529 254 1551 et
267 1523 375 1560 omnia,
389 1532 454 1562 qute
465 1525 496 1551 in
512 1523 639 1552 circuitu
658 1533 722 1563 eJus
733 1529 813 1560 sunt,
819 1526 974 1554 obumbra-

228 1570 270 1598 bit
280 1571 370 1599 nubes
376 1579 429 1608 per·
439 1569 527 1606 diem,
538 1575 566 1598 et
573 1571 658 1609 quasi
662 1570 797 1610 fumo,e1
811 1573 898 1610 quasi
908 1572 973 1603 luce

227 1616 304 1655 ignis
315 1616 445 1644 ardentis
452 1625 505 1655 per
515 1622 639 1654 noctem,
650 1616 835 1656 omnigloria
845 1624 974 1659 protege-

228 1667 286 1691 tur.
296 1662 326 1691 6.
343 1662 371 1692 E
373 1668 384 1691 t
397 1663 450 1691 erit
471 1663 502 1690 in
515 1661 717 1691 umbraculum
730 1664 788 1693 diei
798 1664 835 1692 ab
851 1671 933 1701 testu,
945 1672 974 1695 et

227 1709 260 1736 in
274 1714 439 1748 tegumento
451 1714 479 1737 et
488 1710 520 1737 in
538 1708 709 1738 abscondito
720 1710 757 1738 ab
776 1712 932 1749 asperitate
945 1718 975 1741 et

226 1755 341 1794 pluvia.
356 1755 463 1785 Nubem
475 1755 522 1784 hic
533 1761 612 1785 vocat
629 1755 838 1786 consolationem
848 1756 877 1786 in
895 1759 973 1788 malis

228 1801 334 1833 datam;
350 1812 447 1842 rogum
460 1812 524 1832 vero
534 1801 681 1831 adventum
699 1802 758 1842 ejus
769 1813 831 1832 cum
850 1805 973 1834 consola-

227 1848 300 1877 tione
319 1847 486 1889 adjunctum.
496 1847 578 1885 Quod
590 1847 662 1877 enim
683 1847 711 1877 in
730 1855 796 1878 aestu
817 1856 857 1878 est
876 1851 972 1888 nubes,

228 1894 280 1923 hoc
295 1894 322 1924 in
337 1895 452 1924 tenebris
465 1900 491 1923 et
503 1893 638 1934 profunda
649 1901 725 1923 nocte
739 1905 819 1934 rogus
837 1895 974 1936 splendidi

229 1940 299 1980 ignis
308 1951 441 1970 aecensus.
455 1940 507 1970 Illa
519 1939 591 1969 enim
602 1947 696 1969 aestum
715 1939 839 1980 depellit,
851 1941 896 1972 hic
909 1954 973 1974 vero

229 1986 371 2026 caliginem
395 1985 517 2015 discutit.
543 1984 698 2015 Adventum
724 1997 788 2026 ergo
818 1987 842 2027 ej
847 1999 877 2018 us
900 2000 973 2030 pyrae

228 2031 377 2072 splendori,
389 2031 570 2062 remissionem
583 2042 646 2061 vero
659 2039 685 2061 et
696 2032 884 2063 recreationem
911 2046 974 2065 um-

228 2078 284 2107 brae
295 2078 376 2108 nubis
388 2077 563 2118 comparavit.
574 2077 678 2107 Deinde
691 2078 832 2108 ostendens
845 2090 898 2109 non
911 2093 974 2120 pau-

229 2124 306 2154 latim
318 2124 412 2154 solutis
429 2123 552 2154 tristibus
561 2124 619 2154 haec
637 2132 765 2155 eventura
782 2136 849 2163 esse,
863 2127 910 2156 sed
923 2128 973 2158 de—

229 2177 337 2210 repente
356 2170 384 2199 in
397 2170 509 2210 ipsaque
521 2180 702 2200 aerumnarum
715 2171 744 2200 vi
765 2172 822 2202 fore
841 2175 971 2204 mutatio-

230 2227 292 2246 nem
300 2239 308 2253 ,
333 2223 364 2246 ut
387 2223 413 2246 et
433 2217 496 2246 inde
521 2217 642 2255 discant,
662 2228 716 2248 non
740 2229 776 2248 ex
803 2220 972 2251 revolutione

265 2304 275 2315 ¹·
293 2297 353 2321 Haec
364 2297 452 2328 etiam,
463 2299 498 2321 ἵνα
510 2301 648 2331 πυρωθῶσιν,
663 2296 752 2322 desunt
765 2299 790 2323 in
802 2299 864 2332 Reg.
876 2305 902 2324 et.
910 2300 989 2326 Savil.

233 2335 283 2361 Sed
296 2335 321 2360 in
331 2337 419 2361 Bavar.
437 2341 463 2360 et
473 2335 559 2360 Morel.
573 2336 707 2369 habentur,
727 2343 752 2362 et
771 2337 897 2370 quadrant
908 2339 942 2364 ad
953 2348 991 2365 se-

233 2377 306 2400 riem.
808 2376 810 2378 ’

267 2416 281 2435 b
299 2419 376 2448 ῃυράμ
396 2413 439 2439 hie
454 2419 479 2439 et
495 2413 560 2439 infra
573 2421 757 2440 commemorat
768 2435 775 2446 ,
797 2418 868 2450 quusi
889 2426 918 2443 ea
941 2427 990 2444 vox

232 2462 308 2485 quam
320 2453 438 2486 explicat,
453 2454 480 2478 in
490 2453 690 2486 praecedentibus
707 2454 844 2487 Scripturae
863 2457 990 2483 versiculis

232 2492 382 2525 haberetur,
400 2501 455 2526 quae
474 2498 559 2518 tamen
578 2491 613 2518 ibi
631 2502 683 2518 non
700 2501 840 2527 comparet.
861 2496 911 2522 Sed
927 2503 989 2529 puto

232 2531 441 2565 Chrysostomum
459 2531 500 2557 hic
515 2531 682 2564 praecedentes
703 2533 775 2559 Isaiae
798 2544 885 2567 voces,
904 2539 940 2563 καὶ
960 2541 988 2566 ὡς

1025 871 1086 909 έὸη,
1101 872 1144 902 ἵνα
1157 873 1339 910 ἐκπλυθῶσιν,
1357 872 1401 902 ἵνα
1419 875 1599 913 καθαρθῶσιν,
1625 873 1687 903 *ἵνα
1707 884 1799 913 πυρω-

1025 921 1103 948 θῶσιν
1111 941 1119 956 ,
1134 918 1178 948 ἵνα
1197 924 1285 949 πᾶσαν
1309 920 1458 949 ἀποθῶνται
1471 920 1568 955 κηλῖδα
1578 941 1586 955 ,
1606 919 1649 949 ἵνα
1661 919 1692 949 τὸ
1703 920 1734 950 ἔκ
1746 921 1800 949 τῶν

1024 964 1224 1005 ἁμαρτημάτων
1242 964 1288 995 καὶ
1306 967 1358 994 τῶν
1373 967 1480 1005 σφαγῶν
1498 965 1677 1006 ἀπονίψωνται
1694 965 1799 999 ὄνειδος.

1025 1010 1061 1040 Τί
1081 1010 1111 1040 δέ
1124 1013 1194 1040 ἐστιν
1207 1010 1224 1040 ὅ
1233 1022 1298 1051 φησι
1309 1033 1317 1048 ,
1332 1011 1471 1050 Πνεύματι
1485 1010 1596 1051 κρίσεως
1609 1011 1655 1041 καὶ
1668 1010 1799 1051 πνεύματι

1025 1057 1143 1092 καύσεως
1148 1069 1157 1096 3
1173 1058 1216 1097 Τῇ
1231 1063 1367 1098 μεταφορᾷ
1380 1059 1431 1087 τῶν
1446 1057 1634 1098 χωνευομένων
1648 1059 1717 1088 ὑλῶν
1734 1058 1798 1088 ἐπέ-

1026 1115 1112 1142 μενεν.
1123 1102 1230 1144 ”Ωσπερ
1244 1103 1296 1144 γὰρ
1319 1104 1374 1134 ἐκεῖ
1391 1103 1422 1133 τὸ
1435 1107 1541 1143 πνεῦμα
1553 1106 1590 1138 εἰς
1606 1104 1637 1134 τὸ
1661 1104 1797 1145 χωνευτή·

1027 1161 1080 1189 ριον
1091 1151 1221 1189 ἐμπῖπτον
1233 1149 1278 1180 καὶ
1289 1149 1336 1186 τὴν
1346 1149 1431 1191 φλόγα
1443 1150 1611 1191 ἀναῤῥιπίζον
1621 1173 1629 1186 ,
1640 1150 1686 1180 καὶ
1700 1153 1797 1191 θερμο-

1024 1195 1114 1235 τέρους
1125 1199 1216 1226 ποιοῦν
1235 1194 1295 1230 τοὺς
1309 1196 1438 1236 ἄνθρακας
1447 1218 1455 1232 ,
1470 1197 1574 1227 ἅπαντα
1584 1198 1689 1237 δαπανᾷ
1701 1196 1798 1238 ῥύπον·

1025 1242 1094 1272 οὕτω
1106 1243 1152 1273 καὶ
1161 1244 1273 1273 ἐνταῦθα
1283 1246 1300 1279 ἡ
1315 1242 1440 1279 θεήλατος
1452 1243 1516 1284 ὀργὴ
1527 1266 1536 1281 ,
1559 1244 1604 1274 καὶ
1615 1246 1633 1280 ἡ
1647 1245 1700 1274 τῶν
1714 1245 1797 1274 πολε-

1026 1288 1093 1328 μίων
1106 1289 1196 1330 ἔφοδος
1210 1290 1362 1328 ἐμπεσοῦσα
1370 1312 1378 1326 ,
1392 1289 1450 1318 ἀντὶ
1463 1289 1545 1329 πυρὸς
1558 1292 1591 1329 τῇ
1605 1289 1682 1319 πόλει
1692 1289 1797 1329 γέγονι,

1025 1334 1106 1375 πυρὸς
1117 1337 1164 1365 οὐκ
1175 1334 1351 1370 ἀπολλύντος,
1369 1334 1438 1364 ἀλλὰ
1451 1334 1585 1371 καίοντος,
1599 1334 1645 1364 καὶ
1658 1335 1799 1375 καθαίρον-

1026 1392 1078 1418 τος,
1093 1382 1138 1411 καὶ
1149 1381 1312 1418 κολάζοντος,
1322 1380 1367 1411 καὶ
1378 1380 1573 1421 διορθουμένου.
1584 1381 1626 1411 Τὸ
1637 1381 1702 1422 γὰρ,
1714 1381 1799 1412 Πνεύ-

1026 1440 1092 1467 ματι
1107 1427 1235 1468 κρίσεως,
1259 1428 1394 1464 τουτέστι,
1413 1427 1562 1463 κολάσεως,
1577 1427 1716 1468 τιμωρίας,
1726 1429 1798 1458 ἔκδι-

1027 1473 1140 1509 κήσεως.
1163 1473 1218 1504 Καὶ
1244 1473 1302 1510 ἥξει
1324 1473 1436 1514 Κύριος.γ
1456 1473 1609 1514 Παρουσίαν
1640 1475 1720 1504 αὐτοῦ
1746 1473 1796 1510 τὴν

1025 1519 1157 1560 ἐνέργειαν
1164 1521 1249 1550 καλεῖ.
1263 1520 1317 1550 Καὶ
1332 1519 1407 1549 ἔσται
1415 1525 1467 1554 πᾶς
1478 1519 1558 1553 τόπος
1570 1522 1615 1550 τοῦ
1629 1519 1704 1560 ὄρους
1715 1519 1798 1556 Σιὼν,

1025 1566 1070 1596 καὶ
1083 1566 1214 1596 πάντατὰ
1226 1566 1379 1606 περικύκλῳ
1395 1568 1476 1602 αὖτῆς
1495 1565 1600 1596 σκιάσαι
1611 1566 1708 1607 νεφέλη
1730 1565 1798 1605 ἡμέ-

1027 1625 1089 1653 ρας,
1104 1613 1149 1643 καὶ
1159 1615 1194 1646 ὡς
1208 1615 1308 1642 καπνοῦ
1318 1636 1326 1649 ,
1345 1613 1391 1642 καὶ
1403 1614 1440 1646 ὡς
1452 1612 1538 1653 φωτὸς
1557 1612 1639 1653 πυρὸς
1658 1612 1798 1652 καιομένου

1025 1659 1130 1695 νυκτὸς,
1154 1658 1228 1699 πάσῃ
1245 1661 1278 1699 τῇ
1294 1658 1355 1698 δόξῃ
1368 1659 1591 1695 σκεπασθήσεται.
1608 1659 1660 1690 Καὶ
1673 1659 1749 1690 ἔσται
1760 1661 1798 1694 εἰς

1025 1705 1102 1734 σκιὰν
1114 1704 1215 1745 ἡμέρας
1238 1705 1292 1735 ἀπὸ
1309 1704 1460 1744 καύματος,
1485 1705 1531 1735 καὶ
1551 1706 1578 1734 ἐν
1592 1705 1678 1746 σκέπῃ
1701 1706 1747 1736 καὶ
1770 1707 1798 1736 ἰν

1026 1750 1171 1792 ἀποκρύφῳ
1185 1750 1238 1780 ἀπὸ
1252 1750 1431 1791 σκληρότητος
1451 1750 1496 1780 καὶ
1510 1752 1596 1781 ὑετοῦ.
1621 1752 1743 1793 Νεφέλην
1756 1753 1798 1782 ἔν-

1025 1799 1110 1826 ταῧθα
1132 1797 1180 1834 τὴν
1206 1798 1237 1827 ἐκ
1258 1799 1311 1827 τῶν
1331 1799 1420 1827 κακῶν
1443 1796 1612 1837 ἔγγινομένην
1635 1798 1798 1838 παραψυχήν

1026 1855 1103 1884 φησι·
1126 1842 1232 1884 ιιπυρὰν
1246 1843 1274 1873 δὲ
1286 1843 1334 1880 τὴν
1349 1842 1417 1882 μετὰ
1429 1843 1476 1878 τῆς
1491 1842 1660 1882 παραμυθίας
1679 1844 1796 1884 περιφά-

1025 1901 1096 1919 νειαν
1119 1889 1337 1929 προσγινομένην.
1363 1887 1454 1928 Ὅπερ
1477 1888 1529 1928 γάρ
1553 1889 1624 1918 ἐστιν
1638 1890 1666 1918 ἐν
1680 1889 1798 1929 καύματι

1026 1935 1138 1976 νεφέλη,
1164 1938 1242 1965 τοῦτο
1262 1936 1288 1964 ἐν
1307 1935 1393 1975 σκότῳ
1413 1934 1459 1964 καὶ
1484 1934 1559 1965 νυκτὶ
1580 1936 1713 1976 βαθυτάτῃ
1727 1936 1799 1976 πυρὰ

1025 1984 1149 2022 λαμπροῦ
1170 1980 1353 2019 ἀναπτομένη.
1375 1980 1410 2011 Ἥ
1424 1979 1472 2020 μὲν
1488 1980 1540 2022 γὰρ
1554 1982 1598 2011 τὸν
1613 1983 1715 2023 αὐχμὸν
1729 1984 1799 2012 ἄπο-

1026 2028 1159 2069 κρούεται,
1174 2030 1191 2064 ἡ
1206 2027 1235 2057 δὲ
1247 2027 1349 2058 διαλύει
1362 2027 1407 2058 τὸν
1421 2027 1508 2068 ζόφον.
1531 2027 1590 2064 Τὴν
1604 2029 1652 2068 μὲν
1666 2024 1712 2059 οὖν
1724 2041 1798 2070 περι-

1026 2075 1132 2116 φάνειαν
1146 2077 1179 2114 τῇ
1192 2073 1362 2114 λαμπρότητι
1374 2075 1422 2109 τῆς
1433 2078 1517 2113 πυρᾶς
1527 2096 1536 2109 ,
1554 2073 1602 2110 τὴν
1622 2075 1650 2104 δὲ
1663 2074 1752 2105 ἄνεσιν
1765 2078 1798 2115 ϊῇ

1027 2127 1090 2163 σκιᾷ
1096 2123 1144 2158 τῆς
1152 2120 1262 2161 νεφέλης
1271 2120 1432 2160 παρέὸαλεν.
1447 2115 1517 2150 Εἶτα
1532 2120 1632 2154 δεικνὺς
1643 2122 1679 2154 ὡς
1692 2123 1722 2151 οὗ
1730 2122 1799 2152 κατὰ

1027 2171 1120 2213 μικρὸν
1141 2173 1194 2201 τῶν
1217 2171 1306 2201 δεινῶν
1334 2170 1468 2210 λυομένων
1489 2173 1572 2200 ταῦτα
1597 2171 1673 2201 ἔσται
1689 2193 1697 2208 ,
1731 2171 1800 2202 ἀλλὰ

1027 2222 1119 2263 ἁθρόον
1133 2223 1160 2252 ἐν
1172 2223 1238 2262 αὐτῇ
1251 2223 1304 2251 τῶν
1315 2222 1441 2261 λυπηρῶν
1452 2223 1526 2261 ἀκμῇ
1541 2223 1559 2257 ἡ
1572 2220 1707 2261 μεταβολὴ
1720 2221 1798 2260 γενή-

1040 2306 1111 2335 ᾳωτὸς
1122 2306 1193 2336 πυρὸς,
1201 2305 1319 2334 καιομένου
1328 2307 1413 2332 νυκτὸς,
1428 2309 1472 2333 per
1485 2305 1559 2334 πυράν
1568 2301 1715 2332 exprimere.
1729 2299 1799 2325 Infra

1040 2345 1102 2375 πυρὰ
1114 2343 1230 2376 λαμπροῦ.
1240 2341 1316 2365 Putat
1328 2339 1435 2365 Savilius
1445 2338 1487 2364 hic
1497 2338 1592 2373 aliquid
1601 2339 1732 2372 explenda
1742 2347 1802 2364 sen-

1040 2380 1125 2403 oemiae
1134 2378 1227 2404 deesse.
1236 2378 1332 2404 Boisius
1343 2386 1403 2404 vero
1414 2378 1469 2404 vult
1482 2378 1530 2412 legi
1542 2382 1659 2415 λαμπρῶς.
1672 2379 1726 2411 Ego
1739 2386 1799 2403 vero

1041 2423 1104 2451 puto
1115 2417 1157 2443 hic
1168 2423 1319 2448 ἀποσιώπησιν
1330 2426 1383 2443 mse
1402 2425 1449 2450 pro
1467 2421 1576 2453 λαμπροῦ
1587 2423 1664 2453 τυρός.
1675 2416 1728 2442 111ae
1740 2425 1800 2442 vero

1039 2463 1202 2488 ἀποσιωπήσεις
1209 2456 1278 2491 apud
1284 2456 1495 2491 chrysostomum
1503 2457 1645 2491 frequenter
1652 2462 1797 2487 occurrunt,

1038 2497 1155 2523 nominis
1166 2496 1274 2523 maxime
1283 2496 1308 2522 in
1319 2496 1444 2522 Genesim.
