1904 2840
754 229 789 251 ιΝ
816 229 1026 252 ΜΛΤΤΗΕυΜ.
1600 227 1671 274 739

106 291 287 332 etsaeientes
306 292 405 320 omnia
417 299 482 330 quoe
501 290 638 326 diximus,
651 298 712 318 non
731 290 845 319 mireris
856 301 867 318 .-
879 290 1002 329 implent
1022 291 1099 319 enim
1112 301 1280 322 mensuram
1292 294 1464 324 Judoeorum
1475 301 1504 325 et
1516 298 1670 337 gentilium

102 341 220 374 patrum
235 345 362 366 suorum.
378 336 414 366 Et
424 335 497 365 hunc
517 345 624 374 quoque
644 334 734 364 locum
756 334 900 364 Mahusius
921 342 1008 364 totum
1028 336 1148 365 sustulit.
1162 338 1300 368 Invectum
1319 347 1407 370 autem
1427 341 1511 372 fuisse
1523 344 1551 372 in
1566 349 1670 374 textum

105 381 253 421 scriptoris,
268 381 330 420 quis
349 381 493 411 crediderit
514 381 664 419 umquam?
676 381 727 410 Hic
742 381 814 410 enim
828 381 976 411 Catholicis
989 391 1043 411 non
1056 382 1145 412 solum
1156 384 1336 423 maledicitur,
1347 385 1487 417 sedetiam
1498 389 1566 429 ipsis
1579 389 1667 419 haere-

102 428 155 456 tica
163 426 289 467 dogmati
301 428 368 458 falso
379 428 577 458 adscribuntur.
589 427 647 457 Ubi
661 427 930 457 animadvertendum
941 435 982 457 est
994 428 1023 457 in
1037 428 1141 467 reliqua
1166 430 1277 460 homilia
1295 440 1386 462 contra
1402 433 1549 470 haereticos,
1563 435 1667 465 scilicet

102 473 507 505 HomoousianosetCatholicos
522 475 605 504 multa
619 473 770 513 dici,qnasi
781 474 930 503 Ecclesiam
943 484 1034 504 veram
1054 483 1254 514 persequentes,
1261 478 1415 517 qui‚inquit
1434 480 1492 517 ille,
1500 487 1665 521 rumpentes

102 519 216 549 viscera
232 524 344 558 matris,
355 528 555 562 processerunt
571 522 612 550 ad
620 521 826 560 principatum.
839 521 957 557 Quinam
975 527 1063 551 autem
1077 528 1154 551 erant
1168 522 1210 551 illi
1223 523 1271 562 qui
1284 530 1404 564 tempore
1414 526 1560 557 Theodosii
1573 538 1668 567 perve-

99 572 195 594 nerant
214 566 249 596 ad
258 567 448 607 principatum,
460 568 512 597 nisi
526 567 682 597 Catholici?
696 567 765 597 Nam
777 566 900 606 queritur
914 567 963 598 ille
974 578 990 596 a
1003 575 1123 608 tempore
1139 568 1286 609 Theodosii
1300 569 1336 599 ad
1355 581 1434 601 suum
1445 579 1562 613 tempus,
1576 584 1669 614 usque

103 619 191 648 nunc,
203 611 278 642 illam
301 619 399 642 sectam
412 613 598 653 praevaluisse.
611 615 649 643 Ae
664 623 711 652 per
725 618 808 642 totam
820 613 904 642 ferme
917 613 1065 643 Homiliam
1081 621 1235 653 sequentem
1246 614 1274 643 in
1284 615 1423 646 haereticos
1444 617 1507 647 illos
1529 619 1668 650 invehitur

100 656 149 694 qui
163 667 212 686 suo
221 665 382 698 patrumque
388 670 498 689 suorum
509 666 628 699 tempore
635 658 746 699 grassati
756 666 829 688 sunt.
845 660 964 698 Quanta
974 662 1054 699 passi
1065 660 1246 699 sunt,inquit‚
1255 661 1291 690 ab
1299 662 1440 692 haereticis
1448 670 1547 703 patres
1557 667 1668 694 nostri?

140 703 171 731 ln
184 703 303 733 Homilia
315 712 406 734 autem
418 705 459 734 48
472 711 527 734 tota
539 705 611 734 fraus
623 714 731 740 eorum,
745 704 792 743 qui
804 704 900 734 seriem
912 705 1029 734 auctoris
1050 715 1120 745 saepe
1132 705 1178 735 vel
1191 705 1384 737 detruncarunt
1396 709 1445 738 vel
1459 709 1666 749 interpolarunt,

100 746 245 788 detegitur.
259 750 304 780 sic
317 761 382 780 vero
395 751 465 781 circa
478 750 598 780 medium
619 750 718 791 legitur
731 761 738 779 :
753 751 834 780 Nam
847 752 941 780 omnis
955 751 1070 780 haeresis
1092 753 1183 791 impia
1194 753 1334 783 adversus
1348 764 1398 783 eas
1411 755 1534 785 haereses
1549 757 1670 786 videtur

100 794 263 835 insurgere,
279 807 345 836 quoe
358 807 418 827 non
430 799 548 837 sapiunt
561 797 706 833 simililer;
718 803 750 827 ut
761 803 834 836 puta
848 798 965 827 Izoeresis
978 799 1081 827 Fotini
1095 800 1105 835 (
1119 798 1158 828 sic
1173 800 1182 835 )
1195 809 1255 827 non
1278 799 1374 829 solum
1396 800 1508 830 Christi
1526 802 1668 831 Ecclesioe

100 842 281 879 adversatur,
294 845 427 874 omnibus
441 844 598 873 haeresibus
619 844 709 873 aliter
719 845 909 883 sapientibus.
923 846 1052 874 Haeresis
1065 846 1350 876 Homoousianorum
1373 857 1432 876 non
1445 848 1540 876 solum
1557 848 1668 878 Christi

100 887 243 917 Ecclesiae
256 890 438 928 adversatur,
453 891 506 920 sed
517 897 545 920 et
557 892 691 920 omnibus
705 892 860 920 hoeresibus
874 900 934 919 non
947 891 1082 920 similiter
1094 893 1284 930 sapientibus.
1301 892 1475 922 Manifestum
1487 900 1537 931 est,
1551 894 1580 923 in
1594 894 1667 924 hunc

98 932 199 970 locum,
213 942 314 964 mutato
327 943 430 966 tantum
443 936 572 966 haereseos
595 936 653 967 sive
673 937 860 966 haereticorum
879 937 999 974 nomine,
1012 937 1198 977 repetitionem
1223 937 1356 967 invectam
1381 938 1485 968 fuisse:
1502 949 1564 968 nam
1588 939 1663 969 idem

98 979 189 1019 ipsum
207 992 274 1022 pene
284 982 380 1012 iisdem
399 983 489 1013 verbis
508 983 609 1013 dicitur
621 983 655 1013 de
665 984 760 1013 haeresi
771 983 880 1013 Photini
890 990 916 1012 et
925 983 960 1013 de
970 984 1065 1013 haeresi
1078 984 1354 1020 Homoousianorum,
1364 985 1523 1014 alterutrum
1534 992 1622 1016 autem
1637 986 1666 1015 in

97 1026 192 1056 seriem
205 1027 340 1059 invectum
353 1029 435 1059 fuisse
445 1030 623 1059 certissimum
636 1036 685 1059 est.
696 1029 792 1059 Omnis
805 1036 894 1058 autem
908 1029 1037 1069 suspicio,
1046 1039 1079 1058 ne
1089 1029 1178 1058 dicam
1189 1029 1330 1064 certitudo.
1338 1029 1410 1058 cadit
1419 1029 1447 1058 in
1457 1030 1580 1059 haeresim
1589 1031 1663 1061 Pho-

97 1071 158 1109 tini,
174 1083 233 1112 quae
246 1085 315 1115 saepe
325 1082 422 1114 quarto
436 1076 534 1106 saeculo
547 1076 575 1105 in
585 1076 703 1106 Ecclesia
721 1076 920 1116 proscripta,ac
927 1086 994 1115 pene
1002 1085 1295 1116 oppressa,numquam
1305 1076 1342 1105 ita
1361 1076 1462 1116 viguit,
1471 1083 1501 1106 ut
1517 1084 1605 1117 posset
1614 1078 1664 1108 Ec-

97 1117 182 1148 cle-iae
195 1120 442 1161 Dei,jomnibusque
448 1122 510 1151 aliis
516 1122 662 1152 haeresibus
670 1129 772 1152 tantum
780 1122 878 1162 negotii
885 1122 1012 1152 facessere
1020 1133 1030 1161 5
1039 1121 1087 1151 sed
1094 1121 1262 1162 exploratum
1271 1121 1356 1152 habeo
1363 1132 1408 1152 eos
1415 1123 1462 1161 qui
1470 1123 1542 1153 hunc
1549 1124 1664 1164 scripto-

96 1172 151 1192 rem
156 1185 164 1198 ‚
172 1165 219 1203 qui
227 1176 255 1195 se
262 1167 392 1196 Arianum
399 1167 476 1196 toties
483 1169 618 1207 professus
625 1174 676 1205 est,
684 1167 719 1197 ad
724 1167 890 1198 catholicam
902 1167 1070 1205 sententiam,
1076 1167 1173 1198 demtis
1180 1168 1342 1207 mutatisque
1349 1169 1458 1209 complu
1462 1170 1535 1200 ribus
1542 1170 1619 1207 locis,
1625 1182 1665 1201 re-

96 1208 195 1240 ducere
208 1218 270 1241 sunt
283 1213 382 1251 conati,
395 1213 447 1242 illa'
457 1213 492 1243 de
504 1213 619 1243 Photino
632 1213 665 1243 iis
678 1224 737 1252 quae
749 1213 784 1242 de
798 1213 1007 1243 Homoousianis
1019 1213 1150 1243 dicuntur
1163 1214 1325 1243 substituere
1339 1214 1470 1252 voluisse,
1485 1222 1515 1244 ut
1528 1223 1664 1246 auctorem

96 1255 286 1288 Commentarii
299 1259 343 1289 vel
355 1260 471 1290 invitum
483 1260 653 1290 Catholicum
666 1260 808 1290 redderent
823 1272 830 1289 :
846 1270 877 1289 ac
890 1267 982 1300 postea
996 1270 1061 1289 casu
1071 1261 1159 1290 nescio
1171 1271 1225 1300 quo
1236 1261 1337 1290 factum
1350 1271 1406 1290 esse
1417 1267 1448 1290 ut
1459 1268 1574 1299 utraque
1587 1262 1664 1292 clau-

95 1303 154 1332 sula
168 1304 196 1333 in
209 1312 284 1335 textu
297 1313 415 1336 maneret
426 1307 454 1336 in
468 1307 592 1336 omnibus
612 1307 811 1347 exemplaribus
824 1317 884 1346 quae
898 1306 967 1343 vidi,
984 1316 1038 1336 uno
1061 1313 1172 1347 excepto
1185 1307 1307 1336 Mahusii
1319 1306 1414 1344 Edito,
1429 1308 1477 1337 ubi
1500 1319 1541 1346 ea,
1556 1319 1616 1347 quae
1628 1308 1664 1339 de

94 1350 301 1382 Homoousianis
312 1352 448 1391 dicuutur,
461 1364 511 1394 pro
523 1364 598 1384 more
610 1354 716 1383 sublata
730 1361 803 1384 sunt.
819 1353 901 1391 Quod
914 1360 1002 1383 autem
1017 1354 1229 1384 Homoousianos
1242 1353 1289 1384 hic
1309 1354 1367 1384 sive
1379 1354 1532 1384 Catholicos
1546 1356 1662 1395 scriptor

94 1393 221 1435 impetere
233 1397 309 1435 velit,
325 1398 463 1439 liquidum
476 1406 516 1429 est
527 1410 561 1429 ex
574 1399 609 1429 iis
622 1410 681 1438 quae
695 1398 772 1428 initio
785 1399 910 1430 Homiliae
925 1399 1059 1438 sequentis
1072 1400 1112 1428 ⁴9
1124 1399 1253 1439 leguntur
1269 1412 1276 1429 ε
1292 1399 1341 1429 ubi
1355 1399 1400 1429 hic
1412 1400 1527 1441 scriptor
1547 1401 1582 1430 de
1593 1402 1661 1431 abo-

94 1442 238 1473 minatione
249 1444 422 1476 desolationis
435 1457 515 1487 agens
528 1447 615 1486 deque
630 1447 805 1485 Antichristo,
820 1447 878 1476 haec
891 1447 972 1476 habet
984 1459 991 1476 z
1004 1448 1161 1477 Exercitus
1175 1454 1273 1478 autem
1286 1449 1470 1478 Antichristi
1482 1457 1549 1479 sunt
1562 1460 1661 1480 omnes

94 1488 226 1527 hoereses,
239 1494 384 1532 proecipue
396 1495 463 1531 ista,
479 1505 544 1534 quoe
565 1495 690 1524 obtinuit
702 1495 845 1524 Ecclesioe
871 1495 979 1530 locum,
995 1501 1024 1524 et
1045 1496 1126 1524 stetit
1149 1496 1180 1523 in
1207 1494 1272 1523 loco
1286 1501 1399 1532 sancto,
1415 1497 1458 1524 ita
1471 1501 1504 1524 ut
1523 1497 1663 1527 videatur

93 1538 179 1575 quasi
190 1539 312 1567 verbum
335 1541 470 1569 veritatis
482 1542 605 1576 stetisse,
619 1549 685 1569 eum
707 1550 766 1568 non
788 1543 827 1570 sit
839 1542 962 1570 verbum
975 1542 1127 1577 veritatis,
1143 1541 1195 1569 sed
1206 1541 1388 1569 abominatio
1412 1540 1614 1578 desolationis,
1629 1544 1662 1572 id

93 1588 147 1618 est,
162 1585 304 1613 exercitus
317 1584 511 1621 Antichristi,
525 1587 576 1624 qui
591 1585 748 1615 multorum
764 1588 878 1615 animas
893 1587 1020 1615 reddidit
1033 1587 1181 1615 desolatas
1196 1586 1271 1614 Deo.
1287 1587 1329 1614 Et
1344 1587 1399 1615 boc
1411 1592 1454 1615 est
1459 1587 1563 1627 forte,
1579 1589 1660 1626 quod

91 1629 239 1666 apostolus
254 1630 325 1658 dicit
340 1642 348 1658 :
365 1631 419 1667 Qui
433 1630 589 1660 adversatur
603 1638 628 1660 et
640 1632 781 1660 extollitur
795 1642 876 1671 supra
898 1642 976 1660 omne
998 1631 1073 1670 quod
1094 1630 1194 1660 dicitur
1208 1631 1292 1667 Deus,
1307 1637 1354 1660 aut
1366 1631 1440 1670 quod
1454 1631 1563 1670 colitur,
1578 1633 1614 1662 ita
1629 1640 1658 1662 ut

92 1673 119 1702 in
134 1675 233 1714 templo
247 1674 295 1704 Dei
309 1676 387 1715 quasi
401 1678 474 1706 Deus
487 1676 586 1713 sedeat,
602 1677 743 1707 ostendens
756 1688 784 1706 se
807 1677 883 1716 quasi
898 1677 933 1707 sit
948 1679 1033 1706 Deus.
1049 1677 1091 1706 Et
1104 1678 1146 1706 sic
1159 1678 1260 1705 omnia
1274 1676 1357 1705 mala
1371 1678 1510 1707 haeresum
1525 1679 1656 1707 diversa-

89 1733 166 1760 rum,
179 1734 244 1762 quoe
256 1729 344 1752 antea
358 1723 555 1753 audiebantur
566 1730 693 1761 tantum,
703 1731 805 1765 postea
818 1731 959 1754 steterunt
974 1728 1004 1753 in
1018 1725 1082 1754 loco
1097 1731 1200 1753 sancto
1214 1724 1380 1753 desolantia
1393 1726 1557 1755 Ecclesiam
1572 1726 1656 1755 Chri-

90 1770 137 1798 sti.
153 1769 222 1804 Quae
234 1775 274 1797 est
285 1775 374 1798 autem
387 1768 435 1798 iila
444 1769 560 1806 haeresis,
576 1780 634 1808 quae
648 1771 766 1800 obtinuit
789 1770 915 1800 Ecclesiae
938 1771 1028 1800 locum
1041 1777 1068 1800 et
1089 1770 1161 1800 stetit
1183 1770 1212 1799 in
1225 1770 1284 1799 loco
1298 1777 1398 1807 sancto,
1414 1770 1496 1809 idque
1509 1782 1524 1800 a
1537 1778 1657 1812 tempore

93 1816 258 1852 Theodosii,
271 1823 301 1846 ut
321 1816 388 1845 alibi
400 1815 467 1845 dicit
480 1816 536 1856 ipse
547 1839 554 1853 ‚
570 1817 622 1846 nisi
635 1817 772 1846 Catholica
786 1817 915 1853 Ecclesia,
930 1828 1011 1855 quam
1026 1817 1083 1857 ipse
1106 1817 1367 1847 Homoousianorum
1381 1817 1494 1848 haeresin
1508 1819 1605 1849 vocat?
1619 1820 1655 1849 Et

91 1861 152 1900 quis
164 1861 220 1892 haec
233 1861 267 1891 de
285 1862 451 1892 Photinianis
465 1862 650 1892 haereticorum
663 1863 860 1892 obscurissimis
873 1863 943 1892 dicta
957 1874 1014 1893 esse
1026 1863 1116 1893 credat
1125 1863 1139 1892 Ξ)

798 1983 828 2021 S.
872 1983 937 2018 Vll.

498 2089 619 2118 Errores
633 2088 688 2118 alii
700 2090 751 2128 qui
765 2090 797 2117 in
812 2089 866 2117 hoc
879 2098 960 2127 opere
975 2089 1238 2128 deprehenduntur.

130 2197 198 2225 Cum
212 2193 273 2233 quis
284 2193 319 2222 ab
333 2193 459 2223 Ecclesioe
473 2192 573 2222 unitate
585 2193 700 2229 secessit,
715 2192 784 2221 nihil
798 2193 898 2222 mirum
910 2192 931 2220 si
946 2192 973 2221 in
987 2191 1076 2221 varios
1089 2202 1191 2222 errores
1204 2191 1347 2222 delabatur
1360 2206 1366 2222 :
1381 2194 1476 2224 amissa
1490 2194 1590 2235 quippe
1602 2205 1651 2223 an-

89 2250 162 2277 cora,
176 2239 254 2268 navis
265 2248 481 2276 quoquoversum
494 2238 590 2267 set-tur.
604 2237 656 2266 Hic
669 2237 758 2275 itaque
771 2237 884 2277 scriptor
907 2247 987 2275 quem
1012 2237 1141 2267 Arianum
1156 2238 1238 2268 fuisse
1259 2238 1513 2277 demonstravimus,
1529 2240 1650 2270 diversos

89 2296 192 2316 errores
205 2284 306 2323 ubique
322 2282 434 2322 spargit,
448 2293 564 2321 quorum
577 2282 707 2321 quosdam
729 2283 852 2323 ipsosque
875 2283 1025 2322 praecipuos
1046 2282 1091 2312 hic
1104 2290 1211 2324 tangere
1225 2294 1278 2313 non
1293 2285 1476 2324 gravabimur.
1660 2303 1674 2320 χ

130 2330 245 2361 Perinde
255 2336 334 2368 atquc
346 2327 490 2358 Donatistae
503 2327 570 2357 dicit
583 2330 751 2368 Anonymus,
765 2328 928 2368 baptismum
948 2327 1131 2358 haereticorum
1145 2330 1253 2359 nullum
1274 2341 1340 2366 esse,
1355 2330 1496 2368 denuoque
1509 2330 1647 2369 baptizan-

89 2377 138 2407 dos
151 2377 213 2407 illos
225 2385 282 2404 esse
294 2373 341 2413 qui
355 2373 389 2402 ab
401 2372 533 2402 haereticis
555 2373 682 2412 baptizati
696 2373 780 2410 fuere,
796 2373 834 2402 sic
857 2373 973 2403 Homilia
986 2373 1079 2413 quinta
1106 2375 1188 2415 paulo
1210 2382 1270 2405 ante
1284 2376 1363 2404 finem
1376 2388 1383 2404 ι
1398 2377 1447 2404 Ex
1474 2382 1542 2404 tunc
1566 2377 1650 2413 coepit

89 2425 175 2453 Jesus
190 2422 361 2462 prcedicare,
375 2430 412 2448 ex
425 2429 483 2459 quo
498 2420 530 2448 in
544 2429 623 2458 aqua
637 2420 755 2459 quidem
769 2421 932 2460 baptizatus
946 2426 987 2450 est
1001 2431 1020 2450 a
1033 2422 1056 2451 J
1056 2431 1153 2450 oanne
1167 2433 1178 2450 .-
1191 2423 1223 2451 in
1236 2422 1344 2461 Spiritu
1359 2428 1457 2450 autem
1470 2433 1487 2449 a
1501 2421 1601 2456 Patre,
1617 2427 1649 2450 ut

87 2470 176 2509 possit
188 2469 224 2497 de
236 2469 328 2507 seipso
342 2466 416 2496 alios
430 2468 590 2506 baptizare,
606 2466 766 2495 secundum
784 2467 931 2495 hominem
944 2467 1010 2496 dico
1024 2480 1034 2497 .-
1047 2469 1117 2507 quIa
1138 2468 1165 2497 si
1184 2478 1242 2496 non
1255 2467 1361 2507 suisset
1384 2468 1558 2505 baptizatus,
1572 2466 1648 2495 alios

90 2510 238 2554 baptizare
252 2524 310 2542 non
321 2519 443 2552 poterat.
466 2512 618 2551 Quomodo
635 2518 731 2540 autem
746 2512 839 2541 nudus
862 2514 970 2542 vestiat
995 2513 1106 2542 nudum
1116 2535 1124 2550 ‚
1141 2519 1192 2542 aut
1217 2512 1360 2552 quomodo
1381 2511 1530 2539 mendicus
1546 2510 1647 2550 saciat

89 2561 213 2589 alterum
226 2559 362 2589 divitem?
375 2562 418 2588 sic
430 2566 457 2588 et
473 2562 533 2597 ipse
546 2560 596 2598 qui
611 2559 774 2597 baptizatus
788 2569 847 2588 non
868 2565 921 2595 est,
935 2559 1080 2599 quomodo
1100 2559 1188 2588 alteri
1197 2564 1288 2597 potest
1302 2558 1475 2595 baptismum
1490 2556 1578 2585 dare?
1593 2557 1645 2585 Se-

91 2606 220 2635 cundum
234 2607 288 2635 boc
299 2611 327 2634 et
342 2606 378 2635 de
391 2606 500 2635 hoeretic
507 2607 530 2634 is
544 2605 667 2634 dicimus
682 2617 689 2634 :
706 2607 777 2645 quia
789 2607 840 2636 ubi
851 2613 894 2636 est
903 2607 987 2649 fides,
1002 2606 1064 2635 illic
1078 2612 1120 2635 est
1143 2605 1277 2635 Ecclesia
1293 2616 1300 2632 :
1317 2605 1368 2633 ubi
1380 2603 1526 2641 Ecclesia,
1542 2604 1584 2633 ibi
1597 2613 1645 2632 sa-
