1904 2840
258 159 329 206 932

842 167 926 191 OPUS
946 166 1183 191 tMPERFECTUM

258 231 353 262 formis
364 236 488 260 nascatur
499 240 507 258 :
523 229 561 259 sic
572 235 599 258 et
609 228 691 259 homo
701 234 777 259 extra
790 229 912 268 regulam
924 237 1000 260 natu-
1017 232 1039 256 Δ
1057 229 1259 276 proplietarum,
1267 237 1293 260 et
1301 230 1493 270 apostolorum,
1500 237 1527 262 et
1535 233 1750 271 martyrum-52.
1759 233 1802 263 Et

260 282 297 301 rae
320 282 381 300 raro
406 268 537 310 procedit,
566 275 595 298 ut
619 268 760 298 dissimilis
783 277 908 299 nascatur
928 270 1002 299 filius

110 321 174 343 Uxor
183 319 253 349 qualis
262 311 417 351 parentibus
429 309 493 339 suis.
507 309 552 338 Tu
564 308 666 348 itaque,
678 308 799 348 juvenis,
812 309 919 348 quando
935 320 1002 339 uxo—

113 354 224 375 ducenda.
263 361 318 380 rem
344 349 442 379 ducere
457 349 509 385 vis,
530 348 554 378 si
576 348 621 378 vir
639 358 667 385 o,
682 355 729 377 aut
752 348 774 378 si
821 349 892 379 uella
905 349 1002 389 nuptui

116 635 153 651 22.

262 389 394 426 tradatur,
409 388 466 418 noli
480 398 598 428 quaerere
632 388 736 423 ivitem,
749 387 798 418 sed
844 399 876 418 ne
887 389 1005 428 morige-

262 437 364 459 ratam:
376 428 440 467 quia
451 428 616 458 moresboni
628 426 738 458 divitias
750 428 902 467 frequenter
916 428 1006 467 acqui-

262 475 336 505 runt,
358 468 460 499 divitiae
480 475 570 497 autem
588 478 674 498 mores
696 477 843 507 numquam
864 469 985 498 fecerunt
997 480 1003 497 :

263 515 290 538 et
300 508 441 548 gloriosior
453 515 494 538 est
506 514 648 553 paupertas
662 506 798 544 fidelium,
809 518 891 546 quam
903 507 1007 538 divitiae

264 555 442 589 peccatorum.
456 548 519 578 Noh
531 557 650 588 quaerere
662 547 788 587 speciem,
800 547 862 586 quia
877 548 1008 588 seriptum

114 598 188 620 prov.
204 603 238 618 ιι.
266 595 305 618 est
317 599 324 617 :
338 587 419 618 Sicut
430 589 548 618 inaures
569 597 666 617 aureoe
676 588 707 615 in
720 589 841 617 naribus
855 591 946 634 porci,
966 589 1010 619 ita

267 628 397 657 mulieris
411 628 488 657 male
502 629 683 665 moriger-atu.²
696 628 804 666 species
816 639 824 656 .·
838 638 902 667 quia
914 638 942 658 m
953 638 1010 668 spe·

267 668 307 697 cie
332 667 484 697 meretrices
502 666 622 708 placent,
643 666 671 696 in
698 667 819 697 moribus
842 674 932 697 autem
953 678 1011 697 ma-

267 714 361 737 tronae.
382 709 451 737 Cum
467 714 558 736 autem
570 705 696 746 requiris,
712 713 758 736 aut
771 707 949 738 necessarium
961 707 1011 737 ha-

267 748 326 785 bes,
349 754 476 777 matronae
500 757 587 776 mores
612 746 726 782 discere,
752 746 890 777 considera
918 747 1013 786 quales

269 787 350 817 habet
363 793 496 828 parentes,
517 793 543 816 et
558 786 615 816 sine
631 785 722 815 labore
737 797 885 825 cognosces,
901 786 935 817 de
954 787 1011 816 illa.

268 827 298 858 Si
307 837 370 872 ergo
379 827 459 856 ambo
467 826 567 856 fuerint
576 826 652 862 boui,
664 825 828 856 fiducialiter
838 837 906 866 pone
917 825 1013 866 pedem
1029 831 1048 854 B

269 874 347 896 tuum
357 877 384 896 in
394 867 474 896 domo
483 865 559 895 illius
572 879 579 895 ε
595 866 617 896 si
632 873 721 895 autem
730 866 810 896 ambo
823 867 922 897 fuerint
934 866 1012 902 mali,

269 907 333 947 fuge
345 906 476 936 familiam
488 906 575 936 illam.
591 905 678 935 Crede
687 905 760 935 enim
772 905 924 936 testimonio
935 906 1014 938 Chri·-

271 947 316 982 sti,
333 945 407 985 quod
425 957 520 976 verum
534 953 583 983 est,
605 952 632 975 et
644 955 697 976 non
718 947 861 976 mentitum*
875 946 906 977 Si
926 952 1015 975 autem

271 985 418 1016 dissimiles
440 986 540 1015 suerint
560 992 682 1026 parentes
706 985 791 1023 illius,
815 985 931 1016 dubium
952 985 1016 1016 inde

272 1025 356 1056 habes
382 1033 519 1062 eventum,
542 1025 678 1064 quomodo
700 1032 791 1060 nauta,
818 1027 865 1064 qui
891 1026 918 1056 in
942 1036 1016 1055 mare

273 1065 356 1095 tradit
375 1066 491 1095 animam
510 1076 597 1102 suam,
617 1065 736 1095 nesciens
750 1072 841 1095 utrum
861 1072 951 1106 pereat
970 1072 1017 1096 aut

273 1105 380 1135 evadat.
395 1106 450 1135 Aut
463 1105 507 1135 ita.
519 1106 579 1135 Non
611 1105 654 1135 uia
666 1113 714 1135 aut
726 1105 760 1134 de
768 1105 850 1145 justis
861 1105 1017 1145 parentibus

272 1145 340 1185 justi
353 1152 504 1180 nascantur,
525 1152 573 1174 aut
611 1156 625 1175 e
639 1145 739 1184 iniquis
757 1144 854 1184 iniqui,
868 1144 1017 1175 seeundum

275 1195 305 1214 ea
315 1195 375 1224 quae
389 1184 525 1214 diximus:
541 1184 588 1214 sed
601 1185 625 1214 si
637 1184 671 1214 de
684 1184 841 1225 parentibus
850 1185 932 1225 justis
947 1184 1017 1224 justi

276 1231 430 1261 nascantur,
444 1235 492 1270 per
508 1224 559 1254 hoc
580 1224 670 1264 ipsum
688 1223 875 1263 quodsimiles
890 1231 955 1254 sunt
970 1235 1018 1264 pa-

277 1264 399 1294 rentibus
417 1274 483 1299 suis,
500 1264 552 1294 sibi
577 1264 643 1304 ipsis
663 1264 846 1294 testimonium
868 1264 1018 1304 perbibent,

278 1304 342 1343 quia
357 1310 420 1333 sunt
440 1302 490 1332 filii
510 1314 604 1332 eorum
616 1315 623 1332 :
635 1303 658 1332 si
677 1311 765 1333 autem
780 1303 814 1332 de
835 1304 916 1343 justis
932 1304 1020 1342 iniqui

278 1350 433 1379 nascantur,
452 1352 498 1383 per
523 1343 574 1372 hoc
590 1342 599 1371 i
620 1353 680 1372 sum
697 1342 771 1381 quod
791 1342 936 1372 dissimiles
957 1350 1020 1373 sunt

279 1382 436 1423 parentibus
446 1383 514 1419 suis,
530 1382 605 1422 perhi
626 1389 670 1412 ent
679 1382 862 1412 testimonium
875 1382 940 1418 sibi,
955 1383 1020 1421 quia

279 1433 333 1452 non
354 1429 417 1452 sunt
436 1421 488 1452 filii
507 1432 608 1452 eorum.
629 1422 666 1452 Et
685 1428 802 1458 econtra,
820 1423 843 1452 si
866 1421 900 1451 de
920 1421 1021 1461 iniquis

300 1462 437 1491 arentibus
447 1461 534 1501 iniqui
541 1468 693 1498 nascantur,
704 1462 774 1491 sicut
782 1461 923 1491 homicidae
932 1462 949 1492 J
951 1461 1021 1491 udaei

280 1473 316 1532 ¹de
326 1501 469 1531 homicidis
482 1502 499 1531 J
502 1500 596 1538 udaeis,
609 1500 645 1530 de
657 1500 758 1539 quibus
790 1498 885 1530 raesens
900 1501 1021 1540 loquitur

281 1552 377 1577 sermo,
391 1552 439 1581 per
451 1541 503 1570 hoc
515 1540 606 1580 ipsum
622 1540 698 1579 quod
709 1540 770 1570 simi
783 1551 811 1570 es
825 1547 887 1570 sunt
902 1541 1020 1580 parenti-

280 1581 333 1611 bus
344 1581 401 1610 suis
414 1580 524 1619 iniquis,
539 1580 659 1620 sibiipsis
671 1580 852 1610 testimonium
867 1580 1020 1620 perhibent,

282 1621 345 1660 qnia
358 1621 410 1650 filii
423 1627 486 1650 sunt
496 1630 599 1649 eorum.
615 1620 645 1650 Si
655 1626 744 1649 autem
756 1619 791 1649 de
799 1619 900 1658 iniquis
914 1630 1023 1650 nascan-

281 1667 328 1690 tur
339 1660 418 1700 justi,
429 1660 482 1700 ipsi
492 1660 545 1689 sibi
555 1659 698 1699 perhibent
707 1659 900 1697 testimonium,
915 1670 963 1699 per
973 1660 1024 1690 hoc

282 1701 358 1740 quod
375 1699 520 1730 dissimiles
538 1706 601 1729 sunt
618 1699 774 1739 parentibus
790 1699 859 1736 suis,
883 1699 946 1739 quia
969 1710 1022 1730 non

282 1747 345 1770 sunt
363 1740 415 1770 filii
433 1750 536 1769 eorum.
559 1738 715 1769 Secundum
727 1739 779 1768 hoc
792 1749 855 1778 ergo
867 1746 893 1768 et
906 1739 1024 1769 liaeretici

283 1780 291 1809 i
314 1780 337 1809 si
350 1780 402 1810 sibi
412 1779 595 1810 testimonium
605 1778 681 1815 dant,
696 1778 823 1817 quoniam
833 1779 958 1808 filiisunt
970 1780 1025 1810 Ju-

303 1831 415 1856 aeorum,
433 1826 513 1858 atque
535 1818 686 1858 gentilium,
713 1818 762 1856 qui
782 1818 936 1858 persequuti
963 1826 1026 1849 sunt

283 1871 333 1900 pro
354 1860 438 1896 betas,
454 1866 482 1889 et
497 1858 642 1898 apostolOS,
658 1865 684 1887 et
697 1864 837 1897 martyres.
857 1858 1025 1895 Quomodo?

285 1901 325 1930 Ea
346 1911 388 1929 em
407 1899 465 1939 ipsa
483 1909 563 1944 opera
583 1897 708 1927 facientes
724 1898 751 1926 in
770 1897 948 1933 Christianos,
966 1909 1026 1937 quae

284 1940 403 1970 fecerunt
426 1938 515 1969 Judae1
535 1945 615 1976 atque
635 1936 747 1976 gentiles
769 1937 797 1966 in
819 1938 975 1978 prophetas,
1000 1946 1027 1968 et

286 1979 431 2020 apostolos,
452 1985 479 2008 et
491 1984 632 2017 martyres.
653 1976 794 2015 Numquid
813 1977 959 2017 prophetae,
980 1985 1028 2007 aut

286 2030 301 2048 a
322 2018 412 2055 ostoli,
438 2025 465 2047 et
490 2021 631 2056 martyres,
659 2019 876 2056 persequentium
902 2017 1029 2047 volebant

287 2030 392 2098 aliquid
407 2057 466 2087 fieri
479 2056 578 2086 suum?
591 2055 724 2094 numquid
742 2057 891 2086 terroribus
910 2057 1027 2087 carnali-

287 2098 351 2133 bus,
377 2104 424 2126 aut
447 2095 673 2136 promissionibus
697 2095 882 2126 mundialibus
911 2097 1031 2135 aliquem

289 2137 397 2167 credere
416 2135 582 2166 suadebant?
599 2136 655 2164 Nec
676 2135 748 2164 enim
769 2143 808 2165 est
828 2135 906 2169 fides,
922 2147 981 2175 qum
996 2147 1031 2166 ex

287 2177 442 2207 necessitate
455 2175 558 2205 timoris
571 2174 703 2215 procedit,
715 2182 761 2204 aut
771 2175 904 2205 desiderio
913 2177 1032 2206 muneris

288 2217 406 2257 alicujus
418 2215 516 2246 terreni
529 2227 535 2243 :
547 2214 595 2244 sed
607 2214 675 2243 bene
693 2213 826 2251 docentes,
841 2223 867 2244 et
878 2215 975 2245 melius
989 2216 1032 2245 vi-

289 2264 393 2294 ventes,
405 2262 468 2285 utet
476 2254 565 2284 verbis
573 2254 699 2283 docerent
708 2261 733 2283 et
743 2254 827 2283 factis.
842 2256 877 2285 Et
886 2265 938 2284 non
947 2256 1032 2285 minas

288 2295 476 2337 proponebant
490 2294 622 2330 carnales,
637 2293 684 2322 sed
696 2294 817 2330 futurum
834 2296 883 2323 Dei
897 2295 1033 2334 judicium

287 2336 459 2376 >exponebant
467 2347 473 2364 ι
482 2344 534 2363 non
546 2332 693 2363 mundialia
700 2333 830 2369 hona,sed
837 2345 916 2373 regna
922 2335 1035 2364 caelestia

291 2375 448 2406 hominihus
475 2373 674 2414 promittebant.
701 2373 731 2402 Si
749 2372 805 2402 haec
826 2374 928 2403 faciunt
947 2375 1034 2404 haere-

227 2428 282 2444 cxc·
294 2416 339 2446 tici
360 2426 423 2445 vere
444 2413 495 2443 filii
515 2420 578 2443 sunt
596 2412 799 2456 prophetarum,
813 2419 839 2441 et
853 2414 1034 2452 apostolorum

293 2463 319 2485 et
329 2461 489 2495 martyrum,
503 2453 551 2492 qui
560 2452 597 2482 ita
607 2453 726 2482 fecerunt
740 2464 746 2481 :
761 2463 783 2481 si
795 2459 883 2481 autem
897 2453 964 2483 alios
975 2465 1035 2493 per-

294 2502 453 2534 sequuntur,
467 2493 534 2523 alios
543 2499 654 2528 terrent,
660 2492 722 2521 aliis
735 2492 905 2532 promittunt,
920 2493 1036 2523 aliorum

293 2535 362 2565 bona
385 2533 529 2574 diripiunt,
549 2532 611 2562 aliis
633 2538 723 2561 autem
745 2531 855 2568 donant,
872 2532 929 2561 sine
951 2532 1036 2563 dubio

295 2575 345 2615 ipsi
358 2574 392 2604 de
402 2585 430 2604 se
437 2572 619 2604 testimonium
630 2571 776 2610 dant‚quia
785 2571 837 2612 ipsi
849 2572 899 2601 filii
912 2583 964 2602 non
975 2580 1036 2602 suut

1057 280 1112 299 vos
1122 269 1240 309 zmplete
1249 280 1414 300 mensuram
1422 276 1541 309 patrum
1551 278 1726 301 vestrorum.
1739 273 1804 302 Pro·

1057 309 1150 349 phetat
1162 309 1218 338 illis
1231 310 1364 346 futurum,
1378 316 1407 340 ut
1419 309 1645 349 quemadmodum
1660 318 1750 351 patres
1761 322 1803 342 eo—

1059 360 1121 378 rum
1132 349 1320 379 interfecerunt
1328 350 1484 390 prophetas,
1493 350 1531 380 sic
1540 357 1567 380 et
1577 351 1630 390 ipsi
1641 351 1803 382 interficiant

1060 388 1209 424 Christum,
1226 395 1253 418 et
1276 389 1423 428 apostolos,
1441 396 1468 420 et
1488 397 1628 430 martyres,
1643 389 1804 430 caeterosque

1061 435 1175 458 sanctos.
1191 429 1250 458 Non
1262 428 1341 468 jubet
1351 428 1408 458 illis
1418 435 1448 458 ut
1459 429 1558 460 faciant
1569 440 1630 469 quae
1642 430 1738 460 facturi
1749 441 1804 461 non

1062 474 1147 503 erant,
1158 467 1209 497 nisi
1219 468 1343 508 jussisset
1357 480 1364 498 :
1377 469 1424 502 sed
1438 469 1554 500 ostendit
1565 470 1614 506 eis,
1628 470 1693 508 quia
1706 470 1806 502 sciehat

1062 506 1137 546 quod
1146 514 1233 538 essent
1245 508 1353 540 facturi.
1367 509 1483 554 Utputa,
1498 509 1522 539 si
1535 516 1626 540 contra
1637 509 1758 549 aliquem
1770 510 1806 539 li-

1063 547 1130 586 tiges
1141 547 1369 584 adversarium,et
1379 559 1431 579 scis
1444 548 1520 588 quod
1531 548 1636 588 aliquid
1649 549 1748 589 cogitat
1759 549 1807 579 ad-

1063 597 1158 617 versus
1172 594 1208 623 te,
1224 587 1292 618 dicis
1307 588 1351 619 illi
1365 600 1371 616 :
1385 589 1439 619 Fac
1458 588 1527 619 mihi
1541 588 1616 628 quod
1636 589 1755 619 facturus
1764 600 1802 619 es.

1064 627 1125 656 Non
1134 627 1215 667 jubes
1229 627 1270 657 illi
1282 634 1312 657 ut
1325 628 1415 664 faciat,
1427 628 1476 659 sed
1487 627 1605 659 ostendis
1619 636 1644 658 te
1658 628 1807 668 intelligere

1065 666 1137 705 quod
1151 667 1250 705 cogitat
1262 667 1358 699 facere.
1372 668 1418 698 Sic
1425 675 1452 698 et
1461 668 1594 698 Dominus
1604 667 1640 698 ad
1652 668 1752 698 ,ludam
1764 668 1810 699 di-

1065 706 1158 736 cebat:
1173 708 1259 745 Quod
1263 709 1360 748 jacis,
1365 707 1424 748 fac
1433 710 1530 738 citius.
1544 708 1580 738 Et
1593 719 1674 746 quam
1688 708 1756 738 bene
1765 708 1809 738 di-
1816 715 1886 737 loun.

1066 746 1117 782 xit,
1139 747 1263 786 Implete
1279 759 1286 776 :
1306 754 1332 776 et
1350 758 1418 784 non,
1438 747 1653 788 Superimpletel
1669 749 1808 785 Quantum
1817 752 1856 776 ²7-

1066 786 1102 815 ad
1114 786 1264 823 veritatem,
1278 794 1450 817 excesserunt
1461 796 1615 818 mensurum
1630 794 1738 828 patrum
1751 798 1811 818 suo-

1068 836 1140 856 rum.
1149 825 1195 856 Illi
1205 826 1277 857 enim
1290 826 1412 856 homines
1422 826 1588 863 occiderunt,
1601 827 1646 857 isti
1655 828 1741 857 Deum
1751 838 1812 858 cru-

1068 865 1219 897 cifixerunt.
1232 866 1279 897 Illi
1290 866 1439 903 ministros,
1449 866 1494 897 isti
1505 877 1604 906 regem.
1619 866 1674 898 Sed
1686 867 1751 908 quia
1765 878 1811 898 vo-

1069 905 1171 937 luntate
1183 916 1232 936 sua
1250 905 1387 936 descendit
1404 906 1431 935 in
1451 913 1576 943 mortem,
1589 917 1641 937 non
1660 907 1810 947 imputabat

1069 944 1126 974 illis
1139 955 1194 974 suae
1203 946 1297 975 mortis
1310 952 1447 986 peceatum
1461 959 1469 976 ι
1483 946 1553 975 sicut
1563 954 1590 977 et
1603 947 1631 976 in
1642 957 1722 977 cruce
1736 954 1810 987 pete-

1069 984 1116 1014 bat
1128 995 1177 1024 pro
1191 984 1248 1015 illis
1261 997 1268 1015 z
1279 986 1381 1022 Pater,
1395 988 1509 1016 remitte
1526 987 1568 1016 eis
1577 1009 1585 1021 .
1596 991 1669 1027 quia
1678 989 1810 1016 nesciunt
1819 988 1904 1013 Luc-23

1071 1025 1144 1064 quid
1159 1025 1295 1065 faciunt.
1308 1026 1428 1065 Imputat
1445 1032 1535 1056 autem
1554 1026 1610 1056 illis
1627 1026 1812 1067 apostolorum

1071 1071 1185 1094 mortem
1194 1086 1202 1101 ‚
1224 1071 1432 1104 caeterorumque
1459 1072 1612 1096 sanctorum
1623 1089 1631 1103 ,
1649 1066 1697 1106 qui
1719 1066 1814 1096 nolen-

1071 1110 1110 1133 tes
1123 1104 1203 1134 occisi
1218 1111 1290 1134 sunt.
1303 1104 1368 1135 Ideo
1387 1105 1471 1140 dicit,
1485 1106 1609 1144 Implete
1620 1119 1630 1135 .·
1639 1113 1666 1136 et
1682 1116 1746 1143 uon,
1758 1107 1814 1136 Su-

1072 1144 1239 1188 perimplete.
1253 1145 1323 1174 Nam
1339 1144 1449 1184 benigni
1462 1152 1488 1174 et
1504 1145 1571 1185 justi
1579 1145 1680 1192 judicis
1693 1152 1743 1182 est,
1752 1156 1815 1176 suas

1071 1183 1109 1223 ω]
1113 1183 1184 1214 urias
1197 1191 1376 1221 contemnere,
1389 1191 1415 1214 et
1425 1185 1540 1215 aliorum
1547 1185 1660 1226 injurias
1667 1185 1815 1216 vindknm.

1072 1223 1128 1260 Qui
1147 1230 1238 1253 autem
1258 1235 1320 1253 suas
1341 1223 1478 1261 vindicat,
1496 1225 1621 1263 quamvis
1632 1226 1705 1265 juste
1722 1225 1816 1256 vindi-

1073 1270 1124 1298 cet,
1139 1274 1287 1302 numquam
1306 1270 1393 1294 tamen
1412 1264 1499 1304 judex
1519 1264 1606 1295 'ustus
1619 1275 1676 1295 esse
1691 1272 1815 1306 putatur.

1074 1302 1317 1342 †[Consequenter
1326 1310 1353 1333 et
1367 1304 1500 1334 hereticis
1534 1304 1612 1334 'citur
1624 1305 1686 1335 hoc.
1700 1304 1818 1342 Quando

1073 1344 1144 1372 enim
1151 1342 1227 1372 vides
1237 1343 1385 1379 haereticos,
1393 1351 1446 1373 tres
1455 1355 1502 1383 per
1508 1344 1597 1374 omnia
1605 1345 1720 1384 aequal&
1728 1344 1818 1375 diceu-

1073 1388 1123 1418 tes,
1134 1381 1254 1421 ejusdem
1268 1393 1325 1412 esse
1337 1383 1502 1420 substantiae,
1514 1383 1634 1423 ejusdem
1655 1395 1712 1414 esse
1724 1391 1818 1415 aueto-

1075 1420 1171 1456 ruatis,
1182 1421 1240 1450 sine
1262 1422 1398 1461 principio
1421 1433 1512 1452 omnes
1521 1446 1529 1459 ‚
1555 1423 1604 1452 hos
1629 1424 1720 1462 aliqua
1742 1431 1818 1463 parte

1076 1459 1205 1490 distantes
1218 1471 1232 1490 a
1246 1471 1347 1497 se,non
1360 1461 1484 1491 mireris:
1499 1462 1614 1502 implent
1623 1463 1696 1492 enim
1707 1473 1819 1494 mensu-

1076 1510 1133 1529 ram
1154 1507 1261 1539 patrum
1285 1511 1397 1531 suorum
1410 1501 1563 1540 gentilium,
1585 1502 1714 1541 quoniam
1733 1510 1760 1532 et
1776 1503 1820 1532 illi

1077 1539 1201 1568 similiter
1210 1540 1310 1570 multos
1321 1541 1385 1570 deos
1399 1541 1531 1571 uolebant.
1545 1542 1662 1578 Quando
1671 1541 1750 1572 vides
1762 1553 1819 1578 eos,

1076 1585 1130 1608 tres
1141 1589 1220 1609 unam
1235 1590 1373 1619 personam
1386 1579 1517 1618 dicentes,
1530 1581 1652 1620 etipsam
1662 1592 1718 1611 esse
1734 1583 1821 1612 Deum

1077 1619 1194 1655 Patrem,
1209 1619 1295 1660 ipsam
1308 1621 1404 1657 gDeum
1417 1620 1544 1656 Filium,i
1565 1631 1622 1650 sam
1636 1622 1721 1651 Deum
1733 1622 1822 1662 Spiri-

1077 1664 1136 1687 tum
1149 1666 1280 1695 sanctum,
1294 1670 1347 1689 non
1362 1660 1469 1690 mireris
1482 1672 1489 1689 τ
1506 1661 1542 1690 Ju
1604 1671 1666 1690 rum
1684 1661 1757 1691 enim
1770 1672 1822 1701 pa·-

1078 1704 1151 1727 trum
1164 1709 1277 1728 suorum
1289 1699 1404 1740 implent
1412 1710 1577 1730 mensuram.
1592 1700 1637 1731 Sic
1656 1701 1728 1731 enim
1741 1708 1768 1732 et
1778 1701 1822 1731 illi

1078 1747 1183 1784 semper
1195 1749 1278 1768 unum
1291 1741 1377 1770 Deum
1390 1741 1495 1769 Patrem
1503 1739 1638 1777 colebant,
1650 1741 1754 1770 Filium
1769 1751 1823 1771 non

1079 1779 1235 1807 confitentes
1248 1780 1335 1809 Deum
1349 1786 1410 1819 post
1427 1781 1543 1809 Patrem.
1555 1780 1671 1816 Quando
1691 1780 1767 1811 vides
1777 1791 1823 1811 eos

1080 1817 1245 1854 confitentes,
1257 1829 1287 1848 ac
1298 1819 1427 1856 dicentes,
1442 1819 1507 1857 quia
1520 1819 1609 1849 Filius
1619 1820 1654 1849 de
1667 1821 1725 1861 ipsa
1737 1821 1824 1851 Patris

1081 1857 1229 1887 substantia
1240 1859 1368 1898 processit
1382 1871 1388 1888 :
1401 1859 1471 1889 sicut
1479 1866 1505 1889 et
1513 1859 1600 1889 omnis
1610 1860 1684 1890 filius
1697 1871 1729 1890 co
1780 1871 1825 1891 ra-

1082 1896 1117 1925 lis
1129 1897 1163 1926 de
1175 1908 1288 1938 corpore
1298 1899 1392 1938 patris,
1405 1905 1432 1928 et
1440 1906 1530 1929 actum
1542 1900 1675 1929 carnalem
1687 1911 1742 1941 app
1756 1901 1825 1930 'eant

1083 1936 1190 1976 spiritui
1212 1938 1373 1983 impassibili
1394 1945 1422 1968 et
1440 1938 1573 1968 invisibili
1589 1951 1597 1968 z
1612 1950 1747 1979 cognosce>
1760 1940 1825 1980 quia

1083 1987 1235 2007 mensuram
1247 1978 1360 2018 implent
1375 1985 1482 2018 patrum
1496 1988 1610 2009 suorum
1625 1980 1766 2019 gentilium
1780 1992 1789 2010 :
1799 1987 1826 2010 et

1083 2016 1126 2045 illi
1139 2017 1209 2046 enim
1229 2017 1294 2047 tales
1307 2019 1379 2047 Deos
1391 2018 1525 2055 colebant,
1537 2019 1586 2057 qui
1603 2019 1752 2049 seeundum
1766 2031 1827 2050 ear-

1083 2066 1146 2085 nem
1159 2063 1186 2085 et
1196 2058 1391 2096 generabantur
1401 2064 1427 2087 et
1437 2058 1609 2097 generabant.
1625 2059 1741 2095 Quando
1750 2059 1828 2089 vide·

1085 2106 1130 2125 eos
1143 2094 1272 2132 dicentes,
1287 2107 1387 2136 purum
1400 2098 1537 2126 hominem
1550 2098 1713 2127 crucifixum
1727 2105 1754 2128 et
1766 2098 1827 2128 ani-

1086 2146 1141 2171 ma,
1156 2142 1182 2164 et
1195 2146 1318 2176 corpore,
1329 2146 1382 2166 non
1398 2138 1486 2166 Deum
1505 2137 1532 2166 in
1557 2147 1669 2177 corpore
1691 2138 1791 2174 solum,
1801 2139 1828 2167 in

1087 2185 1140 2213 quo
1156 2175 1231 2204 nulla
1248 2183 1315 2205 esset
1330 2175 1458 2205 divinitas
1470 2189 1479 2206 ι
1494 2177 1561 2206 scito
1574 2177 1703 2215 quoniam
1717 2178 1831 2219 implent

1087 2225 1239 2244 mensuram
1251 2215 1413 2254 Judaeorum
1419 2222 1528 2256 patrum
1539 2227 1661 2246 suorum.
1674 2217 1832 2248 Nametiui

1088 2254 1223 2284 hominem
1243 2266 1344 2295 purum
1365 2266 1393 2285 se
1413 2255 1581 2286 crucifixisse
1597 2256 1745 2294 credentes,
1758 2257 1831 2287 dice-

1088 2294 1152 2324 bant
1163 2294 1198 2323 ad
1210 2295 1344 2335 apostolos
1360 2308 1368 2324 :
1382 2296 1461 2325 Ecce
1471 2297 1550 2325 enim
1562 2296 1733 2335 implevistis
1745 2298 1831 2327 Jeru-

1089 2335 1182 2363 salem
1205 2336 1341 2364 doctrina
1354 2342 1466 2372 vestra,
1481 2343 1508 2365 et
1527 2337 1621 2366 vultis
1633 2337 1770 2366 inducere
1783 2347 1832 2366 su-

1088 2384 1141 2413 per
1151 2385 1202 2404 nos
1211 2377 1385 2414 sanguinem
1396 2377 1479 2405 istius
1487 2377 1624 2405 hominis.
1630 2376 1661 2406 Si
1669 2376 1742 2405 enim
1751 2376 1833 2405 homo

1090 2425 1175 2455 purus
1197 2422 1237 2444 est
1255 2425 1361 2454 passus,
1376 2415 1482 2444 dimitto
1495 2427 1503 2444 =
1518 2415 1582 2454 quia
1596 2425 1645 2445 nos
1656 2425 1728 2445 mors
1741 2415 1834 2445 homi-

1091 2454 1143 2491 nis,
1156 2465 1209 2484 non
1224 2454 1274 2484 Dei
1287 2455 1413 2485 salvavit.
1427 2454 1482 2485 Sed
1494 2454 1566 2489 dieo,
1579 2455 1666 2486 Judaei
1679 2455 1731 2484 tale
1741 2466 1835 2501 pecea-

1092 2501 1148 2524 tum
1159 2494 1376 2533 fecerunt‚quale
1387 2495 1450 2524 facit
1461 2495 1509 2533 qui
1519 2495 1653 2524 hominem
1665 2495 1774 2531 oceidit,
1781 2505 1835 2524 non

1092 2535 1191 2563 Deum.
1207 2534 1323 2571 Quando
1337 2534 1412 2564 vides
1426 2545 1470 2564 eos
1483 2541 1681 2575 persequentes,
1693 2542 1720 2564 et
1737 2535 1835 2564 facien-

1092 2581 1130 2604 tcs
1156 2575 1243 2603 omnia
1270 2585 1329 2613 quae
1354 2574 1485 2612 diximus,
1502 2585 1553 2604 non
1581 2574 1686 2605 mireris
1699 2587 1705 2604 z
1725 2575 1836 2614 implent

1844 1313 1858 1339 †
1874 1311 1904 1332 lun

1859 1343 1904 1365 den

1825 1381 1893 1403 quare

1827 1406 1882 1434 lege.

1841 2302 1894 2325 Ace.
