1890 2826
719 187 764 209 AD
790 186 949 209 floMtLIAs
979 185 1008 207 {N
1036 184 1155 207 ozmnl.
1654 185 1720 222 109

158 257 257 288 serunt,
272 250 407 280 exercitus
416 251 599 279 Romanorum
607 248 767 289 profligatus
780 254 829 283 est,
843 247 1006 277 calamitates
1019 247 1143 277 immissae
1157 254 1219 277 sunt
1231 261 1238 285 3
1254 258 1316 287 quae
1326 247 1415 277 omnia
1429 254 1546 278 recenset
1558 247 1720 288 Chrysosto-

157 309 216 328 mus
229 308 303 327 num.
319 299 349 327 4.
363 298 426 327 Haec
439 306 519 337 porro
529 296 557 326 in
570 295 680 325 Arcadii
693 295 848 335 imperium,
861 294 936 334 quod
949 295 1030 335 coepit
1043 305 1112 324 anno
1126 295 1196 331 595,
1207 294 1344 339 referenda
1353 294 1488 332 videntur,
1503 302 1531 324 ut
1546 294 1719 325 animadver-

157 345 188 374 tit
202 345 282 374 etiam
293 344 335 374 vir
347 343 534 383 sagacissimus
547 342 749 372 Tillemontius.
759 341 801 371 Ad
815 342 872 372 haec
886 350 975 372 autem
987 343 1074 382 prima
1088 342 1114 372 in
1126 342 1219 372 Oziam
1232 342 1310 382 quasi
1323 342 1460 371 occasione
1479 342 1596 381 quadam
1617 348 1719 372 tantum

155 391 183 420 in
195 391 335 420 historiam
345 391 413 421 Oziae
424 397 450 420 et
462 390 491 420 in
503 390 715 430 seraphinorum
735 390 867 419 visionem
881 389 976 419 incidit
993 400 999 417 ε
1012 389 1049 419 ita
1062 396 1093 418 ut
1104 389 1220 419 secunda
1233 389 1278 420 vel
1291 399 1326 418 ex
1337 387 1418 418 modo
1431 387 1570 424 ordiendi,
1583 388 1636 418 alio
1651 389 1718 418 fucta

155 443 274 476 tempore
287 437 394 475 aliaque
407 437 543 467 occasione
555 436 644 466 statim
657 436 791 466 videatur.
805 437 882 466 Certe
896 436 982 476 prima
996 435 1045 465 diu
1058 443 1160 476 postea,
1178 435 1286 466 Arcadii
1303 445 1398 478 nempe
1411 442 1542 475 tempore,
1556 442 1587 465 ut
1608 445 1642 465 ex
1653 446 1720 465 con-

152 484 255 523 jectura
269 482 406 519 statuitur,
420 482 491 512 dicta
502 482 594 511 fuerit.
611 483 653 511 An
667 492 730 511 vero
743 481 904 518 Antiochiae,
920 492 953 511 an
968 482 1211 522 Constantinopoli,
1224 492 1278 512 nou
1292 482 1331 512 ita'
1342 481 1422 512 facile
1434 488 1474 511 est
1488 480 1623 511 divinare.

196 529 318 559 Secunda
339 529 487 559 Antiochiae
509 529 583 558 haud
593 528 677 558 dubie
689 528 782 558 habita
795 536 844 559 est.
860 529 893 559 td
906 529 979 568 quod
999 539 1034 558 ex
1045 529 1088 567 iis,
1101 540 1162 568 quae
1173 529 1243 559 circa
1264 529 1347 558 finem
1369 528 1489 558 homiliae
1512 530 1561 565 ait,
1572 526 1697 570 arguitur
1709 543 1716 566 ;

155 586 251 617 nempe
263 586 291 606 se
303 575 383 605 citius
395 575 476 605 finem
489 575 596 605 dicendi
617 576 713 613 facere,
726 582 755 605 ut
769 576 828 605 loco
841 575 919 605 cedat
933 575 1089 616 praeceptori
1108 586 1154 605 seu
1169 575 1336 616 διδασκάλῳ,
1347 574 1450 605 scilicet
1468 575 1601 605 Flaviano
1623 576 1719 606 Antio-

154 623 221 652 chiae
240 623 376 663 episeopo,
390 622 464 662 quod
476 630 502 652 et
512 622 578 652 alibi
592 622 691 663 passim
715 623 815 652 factum
833 622 1072 663 deprehendimus.
1088 623 1129 652 De
1151 633 1221 652 anno
1243 630 1332 652 autem
1354 632 1406 653 non
1422 623 1459 653 ita
1474 623 1552 653 facile
1565 629 1604 652 est
1617 623 1662 653 vel
1683 634 1719 652 ex

154 669 304 709 conjectura
313 669 412 699 dicere.
426 670 495 699 Nam
507 669 580 709 qnod
589 669 780 699 Tillemontius
800 669 961 709 suspicatur,
974 679 1036 698 cum
1053 675 1188 708 comparat
1200 668 1409 709 Chrysostomus
1420 668 1573 699 doctrinam
1586 679 1663 699 suam
1677 680 1719 700 re-

155 715 225 745 oenti
237 715 312 753 vino,
325 715 474 746 doctrinam
497 722 585 745 autem
605 715 730 745 Flaviani
745 715 807 745 vino
820 714 914 752 veteri,
925 726 952 745 se
964 715 1020 745 haec
1029 714 1106 744 initio
1118 714 1259 744 sacerdotii
1270 715 1313 744 sui
1324 715 1510 745 concionatum
1524 715 1698 746 subindicare
1710 727 1717 744 ε

155 762 226 792 ἰΙΙιιᾶ
235 769 305 792 certe
314 763 358 793 vel
372 763 431 803 ipso
449 763 617 792 Tillemontii
633 762 738 804 judicio
749 763 917 793 levissimum
927 769 983 801 est;
995 762 1117 802 ejusdem
1134 762 1239 802 generis
1259 768 1298 791 est
1311 762 1384 792 illud
1397 762 1475 792 aliud
1496 762 1639 800 indicium,
1656 764 1720 794 inde

155 816 285 846 sumtum,
298 810 370 849 quod
384 810 467 850 paulo
486 817 547 850 post
563 810 671 840 initium
680 810 747 840 dicit
757 821 785 839 se
797 810 910 849 dignum
921 810 1043 839 habitum
1053 810 1135 839 fuisse
1146 810 1193 849 qui
1205 809 1279 850 apud
1292 809 1354 839 illos
1367 809 1579 847 concionaretur,
1591 810 1721 846 κατηξιώ-

156 858 248 895 θημεν.
259 858 330 886 Nam
341 857 480 896 quidinde
493 857 600 894 inseras,
614 868 677 887 cum
694 865 797 887 certum
810 858 845 888 sit
858 858 1081 898 Chrysostomum
1091 867 1144 886 non
1158 857 1248 897 primo
1261 857 1350 886 solum
1363 867 1443 894 anno,
1459 856 1506 886 sed
1526 857 1606 886 etiam
1623 868 1719 887 secun-

154 902 201 940 do,
216 905 306 942 tertio,
320 904 445 944 aliisque,
460 905 556 934 honori
569 905 621 935 sibi
634 904 709 935 haud
722 905 806 935 dubie
821 905 932 935 duxisse
945 905 1019 945 quod
1037 915 1128 935 coram
1141 911 1214 934 tanta
1234 904 1324 944 plebe,
1337 904 1465 944 episeopo
1488 909 1559 944 saepe'
1577 911 1717 944 praesente‚

154 950 375 979 concionaretur?
387 951 492 981 Verum
504 950 623 990 aliquam
633 951 761 991 temporis
771 958 872 987 notam,
882 962 963 990 quam
975 962 1029 981 non
1040 950 1231 981 animadvertit
1244 950 1445 987 Tillemontius,
1456 949 1519 979 inde
1531 960 1635 979 sumere
1645 950 1719 988 licet,

154 994 227 1034 quod
239 1005 315 1025 num.
332 998 351 1025 2
363 1003 389 1025 et
400 997 430 1031 5,
445 1002 586 1037 postquam
597 995 704 1026 dixerat
714 998 803 1026 Deum
818 997 963 1026 Abrahami
977 996 1079 1025 nomini
1091 996 1229 1025 addidisse
1241 996 1357 1033 literam,
1372 996 1410 1026 ita
1422 1002 1452 1025 ut
1463 996 1511 1035 qui
1525 996 1628 1036 Ἀὅράμ
1642 1007 1721 1027 voca-

153 1042 245 1079 batur,
255 1042 376 1083 Ἀὅραάμ
388 1049 478 1082 postea
491 1042 637 1079 diceretur,
653 1050 683 1072 ut
695 1042 774 1072 unius
787 1043 871 1072 literae
882 1042 1063 1071 additamento
1077 1042 1184 1081 signum
1197 1042 1366 1082 principatus
1377 1042 1430 1082 ipsi
1443 1042 1534 1076 daret3
1550 1049 1641 1082 postea
1654 1044 1721 1073 sub-

151 1089 273 1128 junxerit
289 1100 295 1117 :
309 1089 378 1118 ἀλλὰ
390 1088 452 1128 περὶ
465 1088 512 1127 μὲν
533 1088 669 1128 ὀνομάτων
682 1089 710 1117 ἐν
723 1088 805 1128 ἑτέρῳ
822 1089 907 1128 καιρῷ
930 1088 1104 1128 διηγήσομαι,
1119 1089 1171 1118 sed
1190 1089 1227 1117 de
1245 1089 1410 1117 nominibus
1424 1088 1485 1117 alio
1496 1093 1623 1126 tempore
1632 1089 1721 1119 disse-

155 1145 232 1171 ram,
242 1145 296 1173 quo
307 1135 439 1174 significat
451 1145 478 1164 se
491 1133 526 1163 de
539 1135 685 1163 mutatione
703 1134 843 1163 nominum
860 1141 951 1174 postea
960 1133 1098 1163 dicturum
1111 1144 1183 1173 esse3
1199 1134 1228 1163 id
1251 1133 1325 1173 quod
1342 1132 1451 1163 abunde
1464 1133 1587 1173 praestitit
1607 1133 1635 1163 in
1649 1145 1720 1174 qua-

155 1186 216 1209 tuor
227 1180 353 1210 Homiliis
363 1180 398 1210 de
409 1180 558 1213 Mutatione
570 1181 720 1217 nominum,
736 1191 803 1219 quas
822 1180 905 1209 habes
915 1180 1002 1209 Tomo
1016 1182 1046 1217 5,
1062 1180 1110 1210 ubi
1124 1179 1158 1209 de
1171 1180 1323 1209 mutatione
1338 1179 1456 1208 nominis
1470 1178 1607 1208 Abraham
1616 1180 1717 1220 agitur,

155 1240 183 1268 p.
199 1228 268 1265 107,
280 1230 348 1257 2211
354 1229 385 1265 2,
398 1234 424 1257 et
436 1228 563 1258 Sermone
587 1237 657 1256 nono
667 1226 695 1256 in
709 1227 847 1264 Genesim,
861 1226 908 1265 qui
930 1233 991 1266 post
1011 1226 1156 1256 secundam
1180 1226 1328 1256 nomiliam
1348 1225 1383 1255 de
1407 1224 1559 1255 Mutatione
1578 1227 1719 1257 nominum

154 1275 262 1304 habitus
275 1281 324 1310 est,
338 1274 385 1303 uhi
394 1274 474 1303 etiam
484 1273 518 1303 de
531 1275 678 1303 mutatione
697 1273 814 1303 nominis
835 1273 950 1302 Abrahae
970 1273 1060 1313 agitur
1070 1284 1099 1313 p.
1115 1274 1186 1303 691.
1201 1273 1310 1303 Certum
1321 1272 1411 1311 itaque
1429 1270 1654 1312 exploratumque
1666 1274 1718 1305 ha-

152 1321 214 1355 beo,
229 1320 297 1349 hanc
309 1319 448 1349 homiliam
460 1319 554 1350 eodem
566 1330 635 1349 anno
649 1319 768 1348 habitam
789 1319 873 1349 fuisse
885 1330 939 1358 quo
960 1319 1015 1348 illae
1027 1318 1062 1349 de
1073 1318 1225 1349 Mutatione
1238 1318 1379 1348 nominum
1393 1318 1472 1349 dictae
1481 1326 1554 1357 sunt,
1570 1331 1624 1360 quo
1637 1321 1718 1351 etiam

152 1367 276 1397 Homiliae
294 1367 320 1396 in
337 1366 464 1396 Genesim
482 1366 617 1406 sexaginta
644 1372 762 1406 septem;
777 1365 903 1396 Homiliae
924 1366 986 1395 item
1006 1366 1033 1395 in
1046 1367 1175 1395 Actorum
1193 1365 1406 1405 inscriptionem,
1422 1373 1448 1396 et
1461 1367 1520 1396 aliae
1538 1366 1673 1406 quaedam,
1690 1375 1719 1398 ut

153 1413 244 1443 videas
266 1414 420 1444 praefatione
434 1413 460 1442 in
473 1420 598 1452 quartum
612 1413 740 1449 Tomum,
756 1420 781 1442 et
796 1413 823 1442 in
846 1414 950 1443 Monito
963 1413 998 1442 ad
1015 1413 1147 1444 Homilias
1168 1412 1195 1442 in
1210 1412 1414 1453 inscriptionem
1439 1415 1568 1444 Actorum
1580 1414 1668 1444 Tomo
1684 1417 1714 1445 5.

152 1461 220 1499 Quis
229 1472 293 1492 vero
304 1461 338 1491 sit
349 1461 396 1491 ille
406 1471 502 1496 annus,
515 1460 634 1490 nondum
648 1461 724 1501 potui
736 1460 871 1501 probabili
893 1461 1045 1501 conjectura
1059 1460 1163 1500 assequi
1181 1473 1186 1490 :
1204 1461 1260 1490 haec
1273 1460 1363 1490 omnia
1376 1461 1405 1491 in
1429 1472 1529 1492 annum
1547 1461 1607 1492 588
1621 1463 1718 1503 conjici

155 1509 221 1538 forte
232 1515 349 1549 possent.

190 1554 307 1585 Homilia
320 1555 397 1585 tertia
411 1555 548 1594 aliquanto
562 1561 683 1595 tempore
694 1562 755 1596 post
777 1554 921 1584 secundam
936 1555 1028 1584 habita
1047 1562 1099 1591 est,
1115 1554 1315 1594 Flavianusque
1327 1554 1468 1595 episcopus
1480 1562 1540 1595 post
1553 1556 1717 1596 Ch¹·ysosto-

151 1613 226 1632 mum
239 1601 409 1632 concionatus
420 1609 458 1631 est
470 1613 479 1639 ς
491 1601 539 1631 sed
553 1601 597 1631 hic
610 1601 644 1631 de
653 1601 833 1641 Martyribus‚
850 1601 1061 1641 Chrysostomus
1070 1607 1160 1630 autem
1168 1600 1203 1630 de
1214 1600 1280 1630 Ozia
1290 1607 1316 1630 et
1328 1600 1363 1630 de
1376 1600 1544 1641 Seraphinis,
1558 1602 1613 1631 imo
1626 1601 1717 1642 potius

151 1649 186 1678 de
196 1649 319 1690 superbia
330 1649 402 1679 Oziae
414 1649 495 1689 regis,
511 1659 570 1687 quae
584 1648 672 1688 ipsum
686 1649 851 1688 praecipitem
860 1647 946 1677 dedit.
991 1689 993 1691 Ι

190 1696 307 1727 Romilia
318 1704 411 1735 quarta
424 1696 501 1725 nullo
520 1695 599 1725 modo
618 1707 696 1736 posse
713 1695 835 1725 creditur
848 1695 882 1724 ad
906 1695 1006 1733 quintae
1028 1694 1123 1724 seriem
1145 1695 1260 1727 deduci;
1278 1695 1341 1724 licet
1360 1695 1432 1724 enim
1455 1695 1526 1725 cirea
1548 1695 1668 1725 medium
1682 1695 1717 1725 de

151 1742 217 1773 Ozia
227 1749 333 1783 agatur,
348 1741 418 1771 nihil
430 1748 469 1771 est
481 1741 555 1780 quod
579 1741 691 1770 suadere
713 1751 790 1781 posse
806 1741 927 1770 videatur
941 1741 1010 1769 hanc
1032 1740 1125 1770 eodem
1149 1748 1279 1780 tempore,
1294 1741 1440 1779 eademque
1459 1741 1486 1769 in
1506 1742 1575 1770 urbe
1596 1741 1715 1771 habitam

149 1789 240 1820 fuisse.
251 1790 311 1819 Imo
321 1799 385 1818 vero
399 1798 451 1817 non
467 1787 565 1816 desunt
582 1798 642 1826 quae
656 1786 827 1816 subindicent
847 1787 917 1816 hanc
939 1787 1171 1827 Constantinopoli
1190 1787 1273 1817 fuisse
1294 1787 1406 1816 dictam.
1422 1788 1604 1824 Quamobrem
1615 1789 1678 1828 jure
1691 1789 1715 1819 is

148 1836 195 1875 qni
205 1837 363 1875 Catalogum
376 1845 487 1875 operum
495 1834 680 1874 Ch1·ysostomi
690 1834 805 1873 γνησίων
813 1835 871 1874 jam
883 1834 949 1863 olim
961 1833 1141 1869 concinnavit,
1155 1833 1223 1863 hanc
1236 1844 1287 1863 non
1300 1833 1328 1862 in
1341 1833 1508 1872 reliquarum
1522 1833 1590 1863 serie
1609 1835 1711 1873 posuit.

150 1883 233 1913 Illum
239 1882 303 1913 vide
312 1882 472 1922 catalogum
481 1882 561 1910 Tom.
576 1883 588 1910 1
598 1903 605 1917 ,
613 1892 642 1920 p.
653 1880 708 1911 841
718 1903 724 1909 .
735 1882 792 1911 Hoc
803 1888 891 1910 autem
902 1892 944 1909 me
953 1888 1043 1910 movet
1054 1887 1081 1910 ut
1091 1881 1324 1921 Constantinopoli
1335 1880 1434 1910 editam
1446 1881 1586 1919 conjiciam
1596 1892 1604 1917 ;
1614 1891 1676 1910 nam
1686 1881 1716 1910 id

149 1929 222 1968 quod
239 1929 306 1959 dicit
319 1929 466 1967 σύγκλητον
480 1927 592 1968 ἔχεικαὶ
606 1927 722 1961 ὑπάτους
743 1929 863 1967 ἀριθμεῖν
884 1926 990 1967 ἔχομεν,
1004 1926 1087 1956 ὠνίων
1100 1927 1233 1967 ἀφθονίαν,
1244 1927 1339 1960 θέσεως
1350 1927 1560 1963 ἐπιτηδειότητα,
1575 1927 1715 1956 Senatum

150 1977 360 2016 habet(nempe
369 1975 433 2005 urbs
443 1975 466 2015 ),
479 1982 506 2004 et
524 1975 657 2004 consules
679 1985 832 2004 numerare
850 1984 1013 2014 possumus,
1024 1974 1177 2004 venalium
1196 1974 1417 2013 eopiam‚sieum
1436 1975 1632 2009 commodum,·
1640 1974 1715 2012 quod

149 2024 241 2052 Romae
254 2022 348 2052 urbem
360 2029 515 2062 comparat3
528 2021 602 2061 quod
614 2032 673 2051 eam
688 2021 756 2051 dicit
767 2022 842 2051 orbis
862 2021 1045 2062 metropolim3
1057 2021 1115 2051 haec
1127 2020 1256 2050 nimirum
1269 2020 1360 2049 omnia
1375 2031 1427 2050 non
1442 2020 1522 2050 video
1542 2031 1620 2060 posse
1637 2020 1714 2051 alteri

149 2080 230 2108 quam
242 2068 471 2108 Constantinopoli
481 2076 630 2109 competere
640 2080 715 2109 posse
727 2081 733 2104 ;
749 2069 797 2099 etsi
812 2069 1016 2106 Tillemontius,
1030 2067 1231 2098 subdubitando
1245 2074 1344 2104 tamen,
1360 2068 1418 2097 haec
1432 2067 1466 2096 ad
1482 2067 1652 2097 Antiochiam
1671 2079 1714 2098 re-

148 2116 217 2145 ferre
237 2122 358 2145 conetur.
374 2116 545 2155 Quapropter
569 2115 638 2145 hanc
655 2123 732 2145 extra
747 2116 843 2145 seriem
866 2116 983 2145 aliarum
995 2126 1161 2156 reponerem,
1177 2115 1199 2144 si
1212 2125 1260 2155 per
1270 2115 1466 2155 manuscriptos
1480 2114 1592 2145 Codices
1609 2115 1712 2152 liceret,

150 2161 196 2190 ubi
213 2161 257 2191 hic
278 2160 344 2191 ordo
355 2168 386 2191 ut
407 2160 555 2201 plurimum
573 2161 666 2190 saltem
687 2162 855 2191 observatur.
875 2162 937 2191 Haec
957 2172 1038 2201 porro
1050 2161 1163 2191 homilia
1176 2160 1268 2190 habita
1286 2167 1325 2190 est
1346 2171 1408 2189 cum
1425 2167 1505 2190 aestus
1526 2167 1593 2190 esset
1607 2161 1711 2199 ingens,

150 2210 256 2245 aestatis,
270 2215 301 2237 ut
309 2207 417 2238 credere
428 2215 478 2244 est,
492 2215 623 2248 tempore.

190 2254 306 2284 Homilia
327 2253 409 2294 igitur
428 2254 520 2293 quinta
545 2256 648 2285 tertiam
658 2255 753 2284 ordine
770 2262 881 2294 sequuta
901 2262 951 2291 est,
967 2266 1029 2285 cum
1049 2255 1150 2295 illaque
1166 2255 1303 2291 convenit,
1318 2265 1371 2284 non
1384 2255 1447 2284 item
1460 2265 1522 2284 cum
1534 2261 1639 2293 quarta,
1653 2265 1712 2294 qua:

149 2300 202 2329 alio
225 2307 351 2340 tempore,
363 2301 417 2330 alio
430 2308 460 2331 ut
479 2301 587 2331 videtur
600 2302 670 2336 loco,
686 2302 857 2342 pronuntiata
880 2303 941 2332 suit.
955 2303 1034 2332 Sexta
1053 2310 1143 2332 alitem
1163 2302 1276 2331 homilia
1298 2302 1420 2341 quintam
1443 2301 1535 2331 nativo
1559 2301 1652 2330 ordine
1666 2312 1711 2331 se-

148 2346 251 2384 quitur,
265 2353 290 2375 et
301 2346 449 2375 Antiochiae
462 2347 551 2377 habita
562 2348 624 2378 fuit.
637 2350 700 2379 Haec
712 2359 792 2388 porro
807 2356 882 2378 sexta
895 2348 1005 2378 homilia
1017 2349 1088 2379 dicta
1102 2349 1150 2379 suit
1165 2349 1259 2388 paucis
1272 2348 1368 2378 diebus
1381 2355 1442 2378 ante
1456 2348 1708 2388 Quadragesimam,

150 2391 211 2420 anni
224 2391 333 2421 fortasse
345 2392 405 2421 588
419 2403 425 2420 :
441 2402 493 2431 qua
504 2392 538 2422 de
550 2404 579 2423 re
594 2404 646 2424 non
659 2394 768 2424 omnino
782 2395 923 2431 constabit,
936 2395 1021 2426 donee
1033 2395 1101 2435 quid
1116 2395 1209 2425 indicii
1220 2395 1370 2425 accesserit.

149 2436 275 2476 Quinque
295 2436 416 2478 priorum
434 2437 614 2478 interpretatio
638 2446 678 2469 est
700 2439 817 2478 Erasml‚
829 2450 910 2480 quam
934 2441 1027 2470 multis
1046 2441 1074 2470 in
1095 2440 1159 2470 locis
1182 2439 1401 2472 emendavimus;
1418 2446 1498 2469 sextae
1511 2445 1550 2467 est
1565 2438 1710 2468 Frontonis

151 2483 251 2513 nucaei.
1016 2483 1020 2487 “
