1904 2840
6 441 82 460 cxxvi

594 215 627 238 ΙΝ
653 213 864 238 MAT'rflAEust.
896 212 1013 236 HOMIL.
1037 213 1121 236 XXX-

90 287 194 324 semper
209 276 299 307 adbuc
315 276 420 306 sitiunt.
443 275 489 306 sie
509 281 536 305 ct
554 275 666 315 maligui
689 274 830 311 homiues,
851 276 872 300 Α
889 274 911 303 si

90 316 219 356 quicquid
233 316 296 347 boni
310 315 439 352 viderint,
453 321 501 344 aut
515 314 661 352 audierint,
674 313 832 345 infidelitate

91 364 176 386 totum
194 361 396 386 consummante
412 354 486 394 quod
505 354 618 389 vident,
639 361 686 384 aut
705 353 831 391 audiunt,

92 405 197 436 semper
212 395 292 424 vacui
306 401 379 430 sunt,
397 401 534 433 tamquam
549 394 597 433 qui
610 394 681 423 nihil
701 393 831 429 viderint,

92 442 138 465 aut
150 434 298 464 audierint.
313 433 384 464 Ecce
402 434 427 463 si
440 434 501 472 quis
510 440 627 473 exponat
637 434 688 462 tihi
700 443 752 470 res,
766 443 832 472 quas

91 485 143 505 non
154 475 267 504 libenter
275 473 365 509 audis,
374 474 397 502 si
407 480 462 503 tota
471 473 516 502 die
523 472 733 513 audieris,nihil
740 483 831 502 eorum

90 515 206 550 retines,
226 523 286 554 quae
304 513 414 543 audisti.
440 515 496 542 Aut
515 513 658 542 ambulans
679 514 708 542 in
727 513 788 548 via,
808 512 832 542 si

92 564 165 583 mens
178 560 224 583 tua
235 553 326 592 aliquo
339 553 455 592 cogitatu
469 553 550 582 suerit
562 559 702 592 occupata,
710 552 833 592 quamvis

92 603 183 623 omnes
199 592 293 623 videas
305 599 482 628 transeuntes,
496 599 582 621 tamen
597 592 729 621 neminem
743 591 829 621 vides.

94 634 142 663 Sic
154 639 181 662 et
193 632 282 663 Judaei
296 633 446 671 frequenter
458 632 534 671 signa
547 631 679 668 videntes,
693 631 782 661 adhuc
795 631 833 660 si-

93 683 175 713 gnum
197 672 332 713 petebant,
346 672 410 710 quia
425 671 476 700 hoe
498 671 636 708 videbant,
656 670 728 710 quod
741 670 834 701 videre

93 712 227 742 nolebant.
246 712 315 742 Nam
335 712 404 741 sicut
417 721 520 751 semper
540 710 653 748 discere,
674 710 781 750 signum
794 717 834 740 est

93 752 163 781 nihil
181 761 259 792 posse
278 751 408 791 proficere
423 763 430 780 =
445 751 484 780 sic
497 751 603 790 signum
617 761 721 790 semper
732 757 831 790 petere,

93 791 274 821 testimonium
287 797 327 820 est
339 800 486 830 numquam
499 790 572 820 velle
585 790 702 820 credere.
719 791 768 820 59.
781 791 833 819 Je-

94 841 143 860 sus
154 838 254 860 autem
265 831 438 869 respondens
446 832 489 859 ait
494 830 554 859 illis
566 841 574 858 .-
587 830 743 859 Generatio
752 829 834 859 mala

966 284 1029 303 rum
1041 274 1145 303 Filium
1158 272 1209 304 Dei
1221 284 1252 305 eo
1290 285 1379 305 oscere
1391 276 1498 312 volunt,
1516 286 1569 306 nou
1583 287 1633 316 per

888 313 907 342 fi
928 323 982 350 em,
996 313 1142 343 incidentes
1153 315 1179 343 in
1191 325 1251 344 scan
1272 315 1346 344 alum
1359 316 1453 345 mortis
1461 317 1531 356 eju8‚
1545 317 1572 349 in
1583 328 1631 348 sna

888 352 1075 382 incredulitate
1089 361 1269 393 permaneant.
1285 355 1361 384 Nihil
1375 355 1486 392 mirum,
1505 357 1527 386 si
1541 356 1631 387 Judaei

888 392 1083 422 considerantes
1096 400 1208 422 mortem
1221 394 1475 430 Christi‚hominem
1486 394 1564 425 illum
1578 406 1631 436 pu-·

888 438 1020 467 taverunt,
1034 432 1141 471 quaudo
1154 439 1180 462 et
1188 434 1345 471 Christiani,
1354 441 1384 464 ut
1395 434 1446 463 sibi
1457 435 1595 472 videntur,
1605 443 1632 466 et

888 482 940 500 non
961 478 1034 509 sunt,
1049 483 1098 512 pro
1119 479 1158 502 ter
1179 474 1238 512 ejus
1252 480 1374 510 mortem,
1390 474 1551 513 unigenitam
1572 486 1629 505 ma-

883 511 1006 551 jestatem
1019 483 1176 541 crucid‘xam
1186 513 1280 542 timent
1289 514 1420 543 confiteri.
1431 516 1506 550 Quos
1516 515 1631 544 interro-

887 561 992 590 gamus,
1003 551 1049 580 ubi
1063 558 1102 581 est
1111 551 1268 582 scandalum
1279 556 1367 582 crucis
1384 553 1411 582 in
1423 553 1533 583 Christo
1541 555 1555 583 ἔ)
1570 551 1633 599 quis'

886 600 935 620 nos
948 590 1121 627 scandalizat,
1136 592 1159 620 si
1172 602 1259 631 purus
1273 592 1354 621 homo
1368 600 1490 622 mortuus
1503 594 1630 633 praedice-

886 630 950 659 tur?
956 630 1070 670 sicergo
1080 631 1202 661 infideles
1211 631 1386 670 intelligendo
1394 640 1515 672 pereunt,
1523 633 1546 662 si
1557 635 1631 664 Deus

886 669 949 706 suit,
964 679 1016 699 nou
1031 670 1119 710 potuit
1132 671 1200 700 mori
1217 684 1223 700 ε
1240 670 1263 700 si
1277 677 1366 700 autem
1399 672 1467 701 otuit
1481 673 1559 708 mori,
1577 684 1629 703 non

886 709 938 739 suit
950 711 1034 739 Deus.
1051 709 1157 739 Fideles
1175 717 1264 740 autem
1274 711 1312 740 sic
1325 681 1501 751 intelligendo
1520 713 1631 742 salvan-

886 755 943 785 tur,
957 749 1020 788 quia
1034 749 1158 780 Christus
1171 759 1224 779 non
1238 750 1333 779 incidit
1347 751 1374 780 in
1396 758 1508 781 mortem
1521 760 1632 797 propter

886 788 1068 819 infirmitatem
1082 796 1194 827 naturae,
1207 801 1260 829 qua
1274 791 1367 827 bomo,
1382 791 1429 820 sed
1443 791 1500 831 ipse
1513 798 1595 822 traxit
1605 796 1631 822 in

887 839 915 857 se
925 836 1037 858 mortem
1050 836 1160 869 propter
1171 830 1327 870 potentiam,
1340 831 1416 868 quasi
1427 832 1500 860 Deus
1514 843 1521 859 :
1536 838 1565 861 ut
1578 843 1631 861 uon

77 891 82 896 -
95 878 124 900 et
143 872 279 900 adultera
297 871 413 910 signum
434 871 546 909 quoerit.
575 870 667 899 Esaias
687 869 754 899 dicit
777 882 783 898 :
809 870 834 898 0

94 910 327 951 quomodosacta
336 916 377 939 est
385 911 520 939 meretrix
531 910 634 939 civitas
638 909 737 949 fidelis
744 906 833 939 Sion!

96 951 193 980 Anima
207 956 295 979 autem
308 949 425 978 hominis
438 949 536 985 fidelis,
552 959 649 988 sponsa
662 956 701 978 est
713 949 813 979 Christi
826 960 834 978 :

95 1001 154 1029 quae
160 997 248 1019 autem
254 988 372 1018 infidelis
379 995 430 1024 est,
439 989 565 1018 meretrix
571 995 622 1017 est.
633 990 663 1018 In
671 989 739 1018 Osee
748 988 814 1017 dicit
825 1000 832 1016 :

0 1042 84 1060 mmo.
95 1030 244 1068 Sponsabo
262 1035 290 1057 te
300 1030 332 1058 in
342 1029 412 1066 fide,
425 1034 454 1057 et
467 1038 621 1068 cognosces
637 1030 741 1057 Deum.
756 1029 834 1064 Item,

852 877 870 900 B
887 868 1060 898 absorbeatur
1075 880 1090 897 a
1104 873 1198 905 morte,
1216 869 1263 899 sed
1277 877 1306 899 ut
1319 870 1376 910 ipse
1389 871 1548 901 absorberet
1560 883 1632 901 mor-

886 914 951 937 tem.
966 909 990 938 E
1023 919 1040 937 o
1053 919 1105 938 non
1116 909 1255 938 Christum
1267 916 1404 939 mortuum
1418 910 1445 939 in
1458 921 1538 940 cruce
1548 912 1633 940 credi-

888 958 959 984 mus,
976 958 1004 977 se
1039 955 1150 978 mortem
1165 955 1296 978 mortuam
1308 950 1337 978 in
1351 950 1469 985 Christo,
1482 950 1550 980 sicut
1564 952 1632 980 scri-

889 993 966 1026 ptum
978 994 1027 1025 est,
1039 988 1102 1027 quia
1118 988 1270 1018 Destruxit
1282 989 1401 1028 quidem
1415 996 1547 1027 mortem,
1562 991 1628 1020 illu·
1642 1003 1664 1019 α.
1678 998 1738 1020 Tim.
1762 1005 1782 1020 ι.

0 1551 32 1574 11¹.
47 1550 71 1575 8.

31 1753 70 1769 20.

96 1070 180 1105 Filii,
192 1070 225 1097 in
244 1070 350 1107 quibus
368 1078 424 1096 non
440 1075 483 1098 est
495 1069 572 1107 sides
591 1069 624 1096 in
646 1067 716 1104 illis,
738 1067 795 1106 ipsi
805 1069 836 1095 in

93 1110 188 1139 zelum
202 1108 402 1146 compulerunt
416 1118 462 1137 me
470 1110 570 1136 innon
583 1109 688 1142 Deum,
701 1114 730 1136 et
742 1117 794 1147 ego
806 1108 837 1135 in

94 1150 189 1179 zelum
200 1147 348 1187 'expellam
361 1157 410 1176 eos
423 1149 454 1175 in
469 1157 529 1176 non
541 1155 668 1187 gentem.
683 1147 759 1177 Sicut
781 1157 837 1175 me-

94 1189 179 1218 retrix
191 1198 261 1216 uxor
272 1187 362 1216 virum
374 1197 454 1215 suum
467 1197 495 1216 se
508 1187 586 1226 fingit
596 1196 697 1221 amare,
710 1196 772 1216 vere
784 1196 836 1215 au-

94 1234 148 1257 tem
159 1233 229 1256 amat
240 1226 404 1260 adulterum,
418 1233 442 1255 et
456 1226 483 1255 in
495 1226 562 1255 facie
577 1226 654 1256 istius
664 1225 773 1265 quidem
785 1232 835 1262 est,

95 1267 121 1296 in
136 1266 216 1296 corde
234 1273 323 1295 autem
336 1265 446 1295 alterius
461 1277 468 1295 ε
482 1266 520 1295 sic
533 1272 560 1295 et
572 1265 661 1296 Judaei
674 1265 837 1295 videbantur

94 1317 152 1336 esse
165 1306 215 1335 Dei
233 1306 358 1341 cultores,
377 1312 451 1334 erant
472 1312 560 1335 autem
574 1305 677 1335 diaboli
694 1311 833 1334 amatores.

94 1346 158 1375 Ideo
172 1345 270 1375 malam
284 1351 310 1374 et
319 1344 468 1374 adulteram
479 1346 676 1384 generationem
688 1355 733 1374 eos
744 1344 837 1384 appel-

95 1386 144 1414 lat.
157 1385 230 1415 Mala
241 1384 350 1423 quidem
359 1390 426 1420 erat,
434 1391 543 1424 propter
553 1394 632 1424 opera
642 1394 733 1413 eorum
744 1384 815 1412 mala
826 1396 833 1413 ε

95 1424 217 1455 adultera
235 1431 336 1460 autem,
354 1423 418 1462 quia
435 1424 528 1453 relicto
541 1424 614 1461 viro,
628 1423 674 1463 qui
695 1430 734 1453 est
755 1433 835 1452 verus

889 1028 1012 1057 minavit
1026 1034 1122 1057 autem
1136 1030 1242 1057 vitam.
1257 1028 1332 1059 Nam
1349 1029 1418 1058 sicut
1454 1036 1544 1069 ropter
1557 1041 1631 1060 mor·
1645 1035 1682 1051 ¹⁰·

889 1073 942 1095 tem
963 1067 1047 1097 homo
1070 1067 1145 1097 visus
1161 1074 1215 1104 est,
1236 1068 1275 1098 sic
1295 1075 1405 1108 propter
1425 1040 1632 1100 destructionem

890 1106 984 1135 mortis
991 1108 1065 1136 Deus
1075 1107 1209 1147 apparuit.
1221 1107 1293 1147 Ergo
1304 1108 1426 1138 infideles
1434 1115 1545 1138 mortem
1557 1110 1633 1146 Chri-

889 1146 923 1174 sti
946 1145 1152 1183 considerantes,
1177 1146 1400 1184 scandalizantur,
1424 1148 1633 1180 immortalitatis

889 1185 1048 1215 beneficium
1061 1186 1176 1225 perdunt
1189 1186 1297 1216 :fideles
1306 1194 1395 1217 autem
1410 1188 1633 1219 resurrectionem

888 1226 948 1264 ejus
966 1224 1145 1264 intelligentes
1163 1225 1359 1256 damnationem
1374 1228 1467 1257 mortis
1487 1228 1630 1268 effugiunt.

888 1265 938 1294 40.
954 1265 1035 1294 Sicut
1039 1265 1106 1306 suit
1118 1266 1214 1295 Jonas
1234 1267 1329 1296 triduo
1343 1268 1374 1296 in
1387 1274 1491 1296 ventre
1507 1270 1573 1305 ceti,
1590 1271 1633 1299 sic
1642 1276 1696 1298 Jan.
1711 1282 1734 1297 2.

888 1306 942 1333 erit
956 1305 1049 1334 Filius
1059 1305 1184 1334 hominis
1193 1307 1225 1334 in
1233 1306 1319 1335 corde
1329 1308 1463 1337 terroe.Ut
1474 1318 1521 1347 per
1532 1315 1632 1348 myste-

888 1344 959 1373 rium
973 1344 1160 1374 similitudinis
1178 1345 1270 1385 hujus,
1289 1352 1315 1375 et
1334 1357 1382 1386 per
1399 1346 1537 1376 Christum
1551 1349 1633 1378 Jonas

888 1384 1017 1424 propheta
1029 1384 1111 1413 fuisse
1119 1384 1343 1422 consideraretur,
1352 1393 1377 1415 et
1386 1397 1434 1426 per
1443 1387 1539 1417 Jonam
1553 1388 1633 1418 Chri-

887 1430 945 1452 stus
955 1423 1003 1452 Dei
1014 1423 1101 1453 Filius
1113 1434 1169 1453 esse
1178 1423 1494 1463 demonstraretur.Quid
1502 1433 1550 1463 est,
1557 1427 1631 1466 quod

95 1465 180 1500 Deus,
198 1463 279 1493 idolis
291 1462 484 1493 subdebantur.
499 1463 614 1502 Signum
625 1463 708 1493 vultis
720 1463 835 1493 videre?
853 1462 873 1487 C
888 1462 968 1492 dico?
987 1463 1045 1492 Nisi
1059 1463 1183 1493 Christus
1206 1464 1322 1494 venisset
1341 1465 1368 1494 in
1385 1465 1517 1495 mundum
1527 1487 1535 1501 ‚
1552 1474 1578 1496 et
1593 1478 1633 1504 ea,

95 1503 152 1534 Ubi
169 1503 250 1533 eratis
262 1504 369 1542 quando
383 1502 516 1532 daemones
536 1503 656 1542 castigati
677 1513 693 1532 a
707 1513 761 1541 me,
782 1513 836 1531 non

97 1543 214 1582 flagello,
226 1542 272 1573 sed
283 1542 376 1579 verbo,
389 1541 555 1571 clamabant:
572 1543 651 1580 Quid
664 1543 746 1571 nobis
759 1548 787 1571 et
799 1543 835 1570 ti-

99 1585 138 1619 bi,
153 1584 225 1612 Jesu
239 1582 413 1611 Nazarene?
428 1581 540 1610 Venisti
559 1587 629 1610 ante
644 1589 754 1620 tempus
778 1586 836 1609 tor·-

97 1631 185 1662 quere
199 1624 272 1650 nos?
287 1621 404 1650 Scimus
415 1626 442 1648 te
456 1621 526 1660 quia
539 1630 569 1648 es
580 1620 676 1649 Filius
688 1621 755 1649 Dei.
769 1620 837 1649 1)ae-

97 1671 188 1690 mones
199 1661 324 1690 virtutem
340 1669 427 1688 meam
441 1665 589 1694 senserunt,
606 1666 631 1689 et
643 1669 690 1688 vos
703 1658 838 1698 quomodo

95 1701 202 1740 signum
214 1709 325 1740 operum
335 1709 456 1728 meorum
464 1708 515 1728 nou
526 1698 687 1738 aspexistis?
694 1698 749 1729 Ubi
758 1699 838 1728 eratis

96 1740 204 1779 quando
214 1739 276 1769 caeci
283 1749 359 1768 secus
369 1738 442 1767 viam
453 1737 573 1767 sedentes
580 1738 741 1774 clamabant,
752 1739 775 1767 J
775 1748 824 1767 esu
826 1761 836 1775 ‚

92 1780 142 1820 fili
155 1780 265 1814 David,
281 1780 414 1807 miserere
427 1779 521 1812 nobis,
537 1784 567 1806 ut
581 1777 738 1807 videamus?
751 1778 794 1807 Tu
810 1788 837 1807 es

97 1820 172 1860 virga
183 1819 281 1849 florens
291 1817 324 1847 de
336 1817 425 1847 radice
436 1818 520 1854 Jesse,
533 1823 558 1846 et
571 1816 621 1846 flos
631 1816 666 1846 de
679 1816 768 1847 radice
779 1817 838 1857 ejus

96 1858 250 1894 ascendens,
269 1864 295 1887 et
307 1863 427 1902 superte
440 1857 604 1895 requiescent
614 1863 715 1896 septem
726 1867 739 1885 s
760 1856 838 1886 iritus

96 1899 157 1928 Dei.
166 1899 274 1938 Septem
284 1897 396 1937 spiritus
405 1895 554 1926 Beelzebub
562 1896 685 1933 adorant,
697 1903 724 1926 et
743 1896 838 1935 ugiunt

95 1949 109 1966 a
125 1944 160 1967 te.
175 1937 244 1968 Caeci
257 1947 300 1966 me
318 1946 369 1965 uon
382 1935 514 1972 videntes,
530 1935 670 1971 viderunt,
688 1942 713 1964 et
727 1945 775 1965 vos
792 1935 836 1965 vi-

94 1977 186 2007 dentes
197 1987 250 2012 me,
258 1986 311 2005 non
321 1974 446 2005 vidistis?
456 1976 595 2012 Percurre,
607 1975 630 2004 si
639 1974 692 2011 vis,
708 1981 734 2004 et
745 1981 837 2005 caetera

94 2017 228 2046 mirabilia
242 2016 300 2055 ejus
324 2016 366 2044 Ee
385 2017 501 2054 signum
519 2024 579 2043 non
591 2015 709 2044 dabitur
724 2016 763 2049 ei,
779 2015 837 2044 nisi

94 2058 208 2096 signum
219 2056 304 2085 Jonae
312 2056 467 2094 prophetae.
480 2053 563 2091 Quod
571 2060 610 2083 est
623 2053 730 2093 signum
740 2055 814 2084 Jonae
822 2054 836 2083 Ρ

95 2095 258 2126 Scandalum
269 2094 368 2124 crucis.
376 2095 415 2124 Ut
427 2103 479 2122 non
491 2093 653 2123 discussores
661 2093 772 2123 rationis
785 2093 837 2122 sal-

95 2142 203 2171 ventur,
218 2135 264 2164 sed
275 2134 421 2164 creditores
434 2132 570 2162 doctrinae.
587 2133 658 2170 Quia
670 2143 741 2162 crux
753 2133 836 2163 Chri-

95 2174 129 2203 sti
136 2174 340 2204 discutientibus
349 2172 459 2212 quidem
468 2172 608 2208 rationem,
618 2171 775 2202 scandalum
788 2179 835 2208 est,

96 2213 266 2243 credentibus
277 2219 364 2241 autem
377 2212 449 2242 salus
465 2223 472 2240 ε
487 2211 564 2250 cujus
576 2211 750 2251 expositionis
763 2211 837 2241 testis

79 2268 85 2273 ·
96 2259 135 2282 est
148 2251 266 2282 Paulus:
285 2252 350 2281 Nos
364 2258 460 2280 autem
478 2251 669 2288 praedicamus
689 2251 837 2280 Christum

96 2292 277 2331 crucifixum,
291 2291 404 2320 Judaets
418 2290 535 2329 quidem
545 2290 729 2323 scandalum,
742 2292 837 2329 genei-

97 2333 149 2361 lms
160 2337 258 2360 autem
264 2330 431 2366 stultitiam,
441 2329 508 2367 ipsis
519 2339 590 2357 vero
597 2330 709 2357 vocatis
714 2329 837 2366 Judoeis,

95 2377 185 2410 atque
200 2371 320 2404 Groecis,
339 2368 484 2398 Christum
499 2367 556 2396 Dei
573 2371 722 2403 virtutem,
738 2374 765 2397 et
781 2369 837 2398 Dei

96 2411 279 2449 sapientiam.
300 2410 392 2446 Quare
411 2406 500 2437 Judaei
522 2406 595 2446 signa
617 2412 727 2446 petunt,
748 2407 836 2437 Graeci

96 2450 253 2489 sapientiam
273 2447 416 2487 quaerunt?
437 2445 541 2475 Placuit
560 2446 630 2474 enirn
652 2446 708 2475 Deo
730 2446 835 2485 signum

96 2487 213 2518 scandali
227 2489 313 2517 crucis
324 2494 378 2516 tam
391 2487 408 2516 J
411 2485 502 2520 udaeis,
512 2495 592 2523 quam
602 2485 703 2514 Graeeis
713 2486 835 2524 gentibus

96 2527 248 2566 praedicari,
262 2533 292 2556 ut
304 2526 349 2565 qui
364 2535 416 2554 non
431 2535 478 2565 per
495 2524 587 2560 fidem,
602 2523 648 2552 sed
667 2534 715 2564 per
726 2525 833 2565 sapien—

97 2568 161 2595 tiam
169 2565 307 2596 Christum
318 2565 438 2594 invenire
447 2564 552 2600 volunt,
565 2562 709 2593 incidentes
724 2564 750 2593 in
762 2575 838 2594 scan-

97 2605 189 2635 dalum
198 2604 317 2634 stultitiae
326 2610 443 2644 pereant,
448 2610 474 2633 et
481 2603 526 2642 qui
534 2613 581 2642 per
587 2601 838 2634 demonstrationem

888 1513 948 1540 quae
968 1502 1040 1532 dicta
1058 1513 1073 1531 a
1091 1503 1230 1542 prophetis
1249 1504 1362 1539 fuerant,
1376 1502 1559 1543 adimplesset,
1579 1517 1632 1535 non

889 1548 945 1570 erat
953 1548 1054 1570 certum
1064 1541 1099 1570 de
1110 1542 1176 1577 illis,
1187 1542 1251 1580 quia
1262 1553 1325 1572 vere
1335 1543 1469 1583 prophet-’n
1477 1551 1550 1574 sunt.
1563 1547 1631 1575 Nam

889 1587 915 1609 et
928 1580 971 1609 illi
981 1581 1028 1619 qui
1038 1581 1127 1609 futura
1137 1580 1226 1610 dicere
1235 1582 1411 1617 aestimantur,
1426 1593 1478 1612 non
1491 1584 1581 1613 statim
1590 1585 1634 1614 di-

890 1619 1023 1649 vinatores
1047 1627 1175 1656 ›utantur‚
1191 1621 1238 1650 sed
1252 1628 1315 1650 tune
1329 1622 1437 1659 quando
1456 1634 1499 1658 ea,
1514 1634 1573 1662 quae
1590 1624 1633 1653 di-

890 1665 932 1688 cta
945 1666 1018 1695 sunt,
1042 1659 1129 1688 uerint
1137 1667 1327 1691 consummata.
1338 1662 1432 1700 ltaque
1440 1662 1564 1692 Christus
1574 1671 1634 1703 post

890 1708 939 1737 pro
951 1698 1034 1727 »betas
1047 1698 1155 1737 quidem
1167 1706 1243 1729 natus
1256 1707 1305 1735 est,
1321 1701 1368 1730 sed
1382 1707 1443 1730 ante
1456 1701 1503 1731 ille
1514 1703 1632 1747 prophe-

891 1738 924 1767 tis
976 1738 1100 1768 aeficium
1115 1739 1245 1778 praestitit,
1264 1746 1288 1768 et
1301 1747 1390 1780 postea
1404 1740 1450 1769 ille
1464 1741 1498 1770 ab
1513 1742 1567 1771 illis
1586 1754 1632 1772 ac-

891 1777 970 1817 cepit.
986 1777 1050 1807 Ideo
1067 1785 1156 1807 autem
1173 1779 1297 1808 Christus
1314 1780 1376 1809 illos
1394 1780 1470 1809 sactis
1488 1783 1632 1821 prophetas

890 1816 1015 1854 ostendit,
1031 1817 1158 1856 quoniam
1172 1818 1213 1847 illi
1228 1819 1309 1848 istum
1322 1819 1349 1848 in
1364 1820 1453 1850 verbis
1463 1821 1566 1850 Filium
1580 1823 1630 1852 Dei

890 1856 1043 1886 ostendunt.
1059 1858 1128 1887 Nam
1140 1857 1167 1886 in
1181 1858 1276 1888 Siracb
1289 1858 1359 1888 libro
1374 1858 1519 1890 adventum
1531 1861 1631 1891 Christi

890 1896 928 1925 sic
936 1895 1095 1936 deprecatur
1108 1908 1115 1925 ε
1126 1897 1261 1934 Domine,
1278 1900 1308 1927 in
1321 1899 1438 1928 nomine
1447 1907 1497 1929 tuo
1506 1902 1624 1940 prophe·
1642 1909 1715 1931 Eccli.
1727 1909 1769 1932 36.

891 1941 927 1964 toe
939 1937 1195 1974 prophetaverunt.
1209 1938 1259 1967 Da
1273 1939 1431 1967 mercedem
1453 1942 1542 1970 servis
1561 1943 1629 1978 tuis,
1645 1947 1682 1972 ¹7·
1699 1939 1733 1963 ¹⁸·

890 1982 924 2003 ut
932 1976 1078 2014 prophetoe
1100 1978 1142 2004 tui
1146 1977 1255 2015 fideles
1276 1979 1473 2008 inveniantur.
1489 1980 1545 2009 Nisi
1560 1981 1631 2010 enim

890 2014 938 2043 iste
952 2014 1012 2044 illos
1026 2014 1169 2055 prophetas
1183 2016 1398 2054 demonstrasset,
1413 2017 1553 2048 Christum
1571 2031 1632 2050 cre-

854 2055 874 2079 D
889 2053 952 2083 dere
973 2064 1024 2083 non
1038 2061 1170 2094 poterant.
1189 2057 1332 2092 Quomodo
1346 2058 1416 2087 enim
1430 2065 1516 2097 potest
1530 2059 1563 2089 de
1577 2060 1630 2089 alio

888 2094 1069 2123 testimonium
1083 2093 1158 2131 dare,
1168 2095 1323 2135 priusquam
1336 2097 1393 2137 ipse
1405 2097 1514 2127 idoneus
1524 2098 1635 2129 demon—

889 2134 1038 2163 straretur?
1049 2134 1083 2163 41
1094 2156 1099 2161 .
1113 2134 1176 2163 Vtri
1187 2136 1327 2166 Ninivitoe
1339 2144 1456 2177 surgent
1469 2140 1500 2166 in
1506 2140 1630 2178 judicio.

890 2173 961 2209 Quia
982 2171 1023 2201 illi
1048 2173 1206 2213 prophetam
1225 2184 1399 2216 receperunt,
1431 2177 1473 2206 isti
1494 2178 1631 2208 Christum

871 2212 1038 2241 —Dominum
1058 2212 1168 2243 illorum
1189 2215 1381 2254 prophetarum
1397 2217 1563 2261 repulerunt.
1584 2217 1631 2246 Illi

889 2261 974 2290 neque
988 2252 1045 2290 lege
1058 2252 1191 2290 instructi,
1206 2264 1292 2293 neque
1305 2266 1319 2283 a
1335 2256 1482 2295 prophetis,
1498 2267 1583 2294 neque
1597 2257 1633 2285 ah

890 2291 1017 2329 apostolis
1036 2291 1176 2327 admoniti,
1199 2293 1232 2322 ad
1256 2295 1399 2324 Dominum
1417 2296 1537 2324 conversi
1556 2302 1632 2330 sunt,

890 2337 1074 2370 cognoscentes
1093 2334 1229 2371 peccatum
1252 2344 1331 2362 suum
1351 2347 1357 2362 ι
1378 2334 1420 2362 isti
1438 2341 1475 2363 tot
1495 2334 1636 2373 praeceptis.

889 2369 987 2399 cruditi
997 2370 1062 2409 legis
1069 2377 1094 2399 et
1101 2372 1301 2411 prophetarum,
1312 2384 1326 2401 a
1337 2373 1451 2402 Domino
1459 2379 1635 2402 recesserunt.

890 2409 946 2445 Illi,
955 2410 1002 2448 qui
1013 2420 1117 2450 semper
1124 2412 1231 2440 fuerunt
1263 2412 1361 2451 opulus
1371 2411 1483 2448 diaboii,
1495 2411 1561 2439 intra
1574 2411 1636 2441 dies

890 2454 943 2477 tres
958 2449 1020 2479 facti
1040 2457 1101 2479 sunt
1136 2451 1235 2490 opulus
1276 2451 1298 2478 ci
1316 2462 1322 2478 t
1340 2450 1394 2484 isti,
1408 2450 1455 2488 qui
1473 2460 1576 2489 semper
1589 2450 1631 2480 vi-

890 2487 1023 2518 debantur
1046 2461 1163 2529 populus
1187 2489 1254 2524 Dei,
1279 2489 1348 2518 intra
1367 2488 1424 2517 dies
1448 2496 1518 2522 tres,
1542 2490 1635 2519 cruci-

892 2527 946 2556 fixo
965 2528 1090 2564 Christo,
1114 2529 1175 2558 facti
1197 2535 1259 2557 sunt
1276 2527 1393 2567 populus
1409 2534 1514 2557 satanae.
1532 2529 1568 2558 Et
1591 2529 1633 2559 illi

890 2565 998 2605 quidem
1012 2576 1151 2607 personam
1163 2567 1323 2605 ignorantes,
1334 2573 1359 2595 et
1373 2577 1429 2595 rem
1446 2567 1634 2598 incredibilem

891 2605 1041 2642 audientes,
1064 2613 1088 2635 et
1108 2605 1289 2635 conversionis
1306 2615 1359 2635 suae
1379 2606 1453 2645 signa
1474 2614 1499 2636 et
1520 2607 1634 2638 virtutes
