1890 2826
647 234 683 257 IN
710 232 871 257 NATALEM
896 231 1026 255 CHRISTI
1051 231 1147 254 DIEM.

1611 218 1683 267 459

122 433 133 446 ¹
141 430 188 463 Εἷς
198 429 228 459 τὸ
238 429 368 469 γενέθλιον
382 429 427 456 τοῦ
440 427 566 466 Σωτῆρος
577 426 654 464 ἡμῶν
664 423 753 460 Ἰησοῦ
762 424 888 462 Χριστοῦ,

457 472 550 512 Λόγος.

942 423 981 450 1η
994 420 1156 451 Salvator-is
1177 422 1267 451 nostri
1279 422 1351 451 Jesu
1368 421 1478 451 Christi
1490 422 1682 457 nativitatem,

1261 469 1372 498 Oratio.

162 566 316 606 Μυστήριον
330 565 399 600 ξένον
412 565 457 595 καὶ
476 563 621 604 παράδοξον
637 561 727 602 βλέπω
737 573 743 580 ·
767 560 890 600 ποιμένες
909 559 930 582 Α
984 558 1145 598 Mysterium
1158 569 1259 590 novum
1272 566 1298 589 et
1311 559 1470 589 admirabile
1483 559 1563 589 video
1575 572 1581 589 :
1598 567 1687 600 pasto-

123 624 173 652 μου
187 614 345 653 περιηχοῦσι
358 611 392 641 τὰ
402 606 473 646 ὦτα,
487 611 535 640 οὐκ
548 610 646 649 ἔρημον
666 608 725 646 (sic)
745 606 890 646 συρίζοντες

123 659 210 699 μέλος,
221 660 280 688 ἀλλ’
292 658 410 698 οὐράνιον
422 657 527 698 ᾄδοντες
538 655 631 695 ὕμνον.
643 655 764 694 Ἄγγελοι
773 653 888 693 ᾄδωσιν,

122 705 283 746 ἀρχάγγελοι
296 704 449 743 μέλπουσιν,
461 705 537 742 ὑμνεῖ
547 702 581 731 τὰ
595 700 732 741 Χερουὸὶμ
740 721 748 736 ,
760 699 890 738 δοξολογςῖ

122 751 157 780 τὰ
166 751 289 791 Σεραφὶμ
296 773 303 787 ,
314 750 411 783 πάντες
421 749 572 789 ἑορτάζουσι
581 747 651 778 Θεὸν
660 747 704 777 ἐπὶ
711 749 760 786 γῆς
769 747 890 785 ὁρῶντες,

122 797 169 826 καὶ
183 797 319 837 ἄνθρωπον
332 798 359 826 ἐν
372 798 490 836 οὐρανοῖς
500 807 506 814 ·
521 794 584 824 Ι’τὸν
599 794 655 823 ἄνω
667 793 741 822 κάτω
764 793 797 821 δι’
820 793 889 821 οἷκο-

122 843 226 882 νομίαν,
239 843 284 872 καὶ
297 843 342 872 τὸν
354 842 428 871 κάτω
441 842 496 871 ἄνω
513 841 557 870 διὰ
576 838 781 880 φιλανθρωπίαν.
796 838 889 876 Σήμε-

124 900 168 928 ρον
179 886 302 927 Βηθλεέμ
312 888 356 917 τὸν
370 887 478 928 οὐρανὸν
490 886 642 926 ἐμιμήσατο
652 897 659 904 ·
673 885 731 914 ἀντὶ
751 883 798 924 μὲν
813 883 890 913 ἀστέ-

943 614 1004 633 rum
1024 604 1138 634 vocibus
1156 616 1236 634 aures
1253 616 1317 635 meoe
1337 606 1544 643 circumsonant,
1565 606 1614 645 qui
1633 616 1686 635 non

944 650 998 680 leni
1017 658 1097 681 cantu
1120 651 1241 689 sibilaut,
1263 651 1311 682 sed
1330 653 1459 683 caelestem
1472 652 1604 693 hymnum
1619 663 1686 683 con-

944 696 1047 727 cinunt.
1070 698 1168 737 Angeli
1191 705 1301 735 canunt,
1322 699 1475 738 archangeli
1494 698 1685 735 modulantur,

944 742 1093 772 Cherubim
1106 744 1238 784 hymnum
1251 744 1354 782 dicunt,
1369 745 1513 785 Seraphim
1525 745 1685 785 glorificant,

944 798 1036 818 omnes
1052 790 1150 819 festum
1170 790 1316 828 celebrant,
1330 790 1397 820 dum
1410 790 1438 820 in
1452 791 1530 821 terris
1544 793 1642 829 Deum,
1662 799 1688 821 et

943 834 1080 864 hominem
1094 836 1122 865 in
1142 836 1215 865 caelis
1228 843 1357 866 cernunt:
1373 848 1436 866 eum
1449 837 1495 876 qui
1510 848 1617 867 sursum
1630 845 1669 867 est
1678 861 1686 874 ,

943 889 1054 923 propter
1063 882 1289 924 dispensationem
1299 882 1425 912 deorsum
1438 884 1556 922 versari;
1568 895 1630 913 eum
1641 886 1688 924 qui

124 947 175 974 ρων
186 934 312 974 ἀγγέλους
326 936 470 972 ὑμνοῦντας
490 932 633 972 δεξαμένη,
646 931 703 961 ἀντὶ
717 930 745 960 δὲ
757 930 833 966 ἡλίου
844 929 889 959 τὸν
909 946 928 969 Β
943 928 1070 958 deorsum
1084 936 1151 966 erat,
1167 935 1276 969 propter
1293 929 1483 968 benignitatem
1497 940 1604 959 sursum
1617 941 1689 960 nune

122 983 170 1016 ἰἥς
187 981 353 1016 δικαιοσύνης
372 980 576 1020 ἀπεριγράπτως
591 979 748 1019 χωρήσασα.
772 978 826 1008 Καὶ
851 976 888 1016 μὴ
943 976 1057 1005 versari.
1074 976 1161 1005 Hodie
1178 975 1314 1005 Bethleem
1332 976 1428 1005 caelum
1442 976 1543 1006 imitata
1558 984 1613 1006 est:
1628 988 1687 1017 quae

122 1026 194 1061 ζήτει
206 1029 278 1060 πιῖὶς·
289 1026 355 1056 ὅπου
365 1026 417 1066 γὰρ
433 1026 555 1066 βούλεται
569 1025 653 1060 Θεὸς,
668 1030 774 1054 νικᾶται
787 1023 889 1063 φύσεως
943 1022 1083 1052 stellarum
1098 1022 1209 1062 quidem
1224 1023 1282 1052 loco
1300 1022 1407 1062 angelos
1421 1030 1544 1053 canentes
1563 1024 1685 1065 excepit,
1696 1041 1783 1063 Cium„
1802 1041 1838 1061 Mc

121 1072 202 1107 τάξις.
216 1072 368 1109 Ἦὸουλήθη
381 1072 450 1113 γὰρ,
474 1071 607 1108 ἠδυνήθη,
633 1071 772 1106 κατῆλθεν,
795 1069 888 1099 ἔσωσε·
942 1069 1008 1099 solis
1034 1077 1123 1099 autem
1145 1070 1204 1099 loco
1220 1069 1331 1109 justitiae
1351 1069 1435 1098 solem
1457 1069 1686 1112 incircumscripte
1694 1073 1758 1095 [πω
1799 1105 1803 1109 ,
1815 1073 1839 1108 {¹¹

121 1118 255 1159 σύνδρομα
267 1119 302 1148 τὰ
314 1118 402 1147 πάντα
408 1121 446 1158 τῷ
456 1120 530 1158 Θεῷ.
547 1118 669 1157 Σήμερον
684 1118 698 1145 ὁ
712 1116 749 1145 ὢν
762 1115 889 1149 τίκτεται,
1737 1103 1837 1126 C⁰¹¹⁶¹¹¹⁰

942 1118 1083 1158 complexa
1097 1118 1158 1147 fuit.
1173 1119 1268 1155 Neque
1278 1118 1324 1146 hie
1335 1117 1480 1156 quaesieris,
1491 1119 1626 1157 quomodo
1635 1119 1686 1149 hoc
1695 1136 1822 1166 Ephesium

122 1165 168 1202 καὶ
180 1168 194 1194 ὁ
207 1165 243 1194 ὢν
257 1164 357 1204 γίνεται
370 1164 434 1204 ὅπερ
453 1166 501 1194 οὐκ
514 1160 562 1199 ἦν·
577 1164 613 1193 ὢν
626 1163 677 1203 γὰρ
691 1162 775 1197 Θεὸς,
788 1161 889 1201 γίνεται

123 1213 258 1253 ἄνθροητος
267 1233 275 1247 ,
289 1212 338 1240 οὔκ
348 1211 442 1244 ἐκστὰς
453 1213 498 1240 τοῦ
513 1205 578 1239 εἶναι
591 1209 668 1242 Θεός.
681 1207 751 1238 Οὐδὲ
763 1207 815 1247 γὰρ
828 1208 888 1236 κατ’

122 1258 246 1288 ἔκστασιν
267 1257 388 1293 θεότητος
410 1255 515 1295 γέγονεν
542 1256 689 1295 ἄνθρωπος,
723 1253 781 1283 οὐδὲ
808 1253 889 1283 πάλιν

122 1304 191 1333 κατὰ
216 1302 354 1343 προκοπὴν
378 1302 405 1336 ἐξ
432 1301 568 1342 ἀνθρώπου
593 1301 683 1341 γέγονε
711 1299 796 1333 826<-
821 1298 890 1328 ἀλλὰ

941 1164 1042 1193 factum
1055 1164 1104 1193 sit:
1120 1163 1168 1193 ubi
1192 1164 1263 1193 enim
1277 1165 1350 1193 Deus
1364 1164 1435 1200 vult,
1450 1164 1488 1193 ihi
1506 1172 1607 1194 natura!
1620 1165 1687 1195 ordo

943 1209 1025 1239 cedit.
1049 1210 1147 1240 Voluit
1162 1210 1246 1246 enim,
1268 1209 1366 1249 potuit,
1385 1209 1532 1247 descendit,
1553 1211 1685 1249 salvavit;

942 1256 1032 1285 omnia
1039 1256 1090 1286 Dei
1101 1263 1198 1286 nutum
1209 1261 1368 1294 sequuntur.
1380 1255 1468 1285 Hodie
1474 1257 1521 1294 qui
1533 1263 1583 1293 est,
1596 1257 1686 1297 gigni—

941 1309 997 1338 tur,
1009 1309 1035 1331 et
1048 1313 1155 1332 rursum
1166 1301 1213 1340 qui
1226 1308 1276 1336 est,
1290 1301 1321 1330 fit
1333 1301 1373 1338 id,
1386 1301 1460 1340 quod
1473 1312 1526 1331 non
1541 1309 1597 1332 erat
1608 1314 1614 1334 ;
1625 1314 1687 1333 nam

122 1349 207 1388 Λόγος
216 1349 262 1384 ὧν,
277 1348 319 1378 διὰ
330 1349 360 1378 τὸ
374 1348 472 1382 ἀπαθὲς
486 1347 551 1388 σὰρξ
571 1347 687 1387 ἐγένετο,
703 1345 888 1386 ἀμεταὸλήτου
909 1350 928 1374 C
943 1358 1005 1377 cum
1019 1349 1093 1377 Dens
1112 1354 1196 1384 esset,
1211 1347 1243 1376 fit
1262 1347 1359 1384 homo;
1373 1347 1408 1375 ab
1427 1358 1458 1376 ea
1479 1354 1565 1376 tamen
1576 1371 1583 1384 ,
1605 1359 1686 1387 quam

122 1395 251 1434 μενούσης
263 1397 311 1430 τῆς
322 1394 431 1435 φύσεως.
446 1394 515 1424 Ἀλλ’
530 1394 573 1424 ὅτε
586 1393 632 1433 μὲν
643 1393 736 1433 ἐτέχθη
745 1415 753 1428 ,
767 1392 889 1422 Ἰουδαῖοι

121 1444 247 1482 ἠρνοῦντο
265 1441 310 1471 τὸν
331 1441 402 1475 ξένον
416 1441 503 1478 τόκον,
522 1440 567 1470 καὶ
586 1441 732 1480 Φαρισαῖοι
745 1438 889 1479 παρηρμή-

121 1500 194 1517 νευον
207 1487 255 1521 τὰς
269 1487 339 1521 θείας
358 1486 481 1527 βίὸλους,
497 1486 542 1516 καὶ
560 1489 726 1526 γραμματεῖς
747 1484 890 1515 ὑπεναντία

121 1538 167 1564 τοῦ
188 1534 269 1573 νόμου
293 1533 413 1563 ἐλάλουν·
428 1532 551 1573 Ἡρώδης
570 1532 616 1561 τὸν
636 1531 762 1571 τεχθέντα
785 1531 890 1567 ἐζήτει,

121 1581 172 1620 οὐχ
192 1580 237 1610 ἶνα
257 1579 335 1609 αὐτὸν
359 1579 478 1619 τιμήσῃ,
502 1579 560 1608 ἀλλ’
583 1578 627 1607 ἵνα
653 1577 730 1607 αὐτὸν
757 1578 888 1616 ἀπολέσῃ.

942 1394 1069 1431 habebat,
1091 1394 1189 1423 deitate
1207 1404 1259 1422 non
1281 1393 1392 1423 excidit.
1416 1395 1508 1432 Neque
1528 1395 1600 1424 enim
1623 1406 1685 1425 cum

941 1440 1048 1470 deitatis
1057 1442 1162 1482 jactura
1172 1441 1258 1470 factus
1272 1440 1412 1477 esthemo,
1424 1451 1510 1480 neque
1522 1452 1630 1471 rursum
1640 1454 1686 1483 per

942 1486 1110 1517 succedentia
1118 1487 1280 1516 incrementa
1290 1497 1324 1515 ex
1334 1486 1442 1515 homine
1453 1487 1539 1516 factus
1550 1495 1588 1517 est
1597 1490 1684 1526 Deus;

941 1532 989 1562 sed
1007 1533 1132 1563 Verbum
1144 1533 1285 1569 exsistens,
1298 1539 1393 1562 natura
1406 1533 1516 1572 propria
1529 1534 1564 1563 ob
1577 1535 1619 1564 sui
1634 1535 1685 1564 im-

942 1579 1128 1618 patibilitatem
1143 1586 1264 1608 manente
1281 1579 1431 1612 immutata,
1448 1580 1546 1609 factum
1557 1587 1597 1610 est
1611 1591 1684 1611 caro.

122 1627 246 1666 Σήμερον
267 1625 335 1666 ῑγὰρ
348 1625 436 1654 πάντα
449 1623 592 1654 ὑπεναντία
616 1619 696 1652 εἶδον.
713 1625 772 1653 Οὔκ
790 1623 888 1663 ἐκρύὸη
900 1625 1058 1670 ³3³Quando
1078 1633 1167 1654 autem
1186 1632 1264 1654 natus
1277 1632 1326 1661 est,
1341 1625 1431 1655 Judaei
1443 1626 1552 1665 quidem
1573 1626 1684 1656 inusita-

121 1672 172 1712 γὰρ
181 1693 189 1706 ,
200 1672 269 1701 κατὰ
282 1671 326 1701 τὸν
339 1670 492 1711 ψαλμῳδὸν,
509 1669 562 1699 ἀπὸ
575 1672 628 1699 τῶν
642 1669 739 1698 τέκνων
753 1669 838 1698 αὐτῶν
853 1670 889 1702 εἷς
908 1680 928 1701 Α
942 1677 999 1699 tum
1020 1678 1128 1711 partum
1146 1671 1288 1709 negabant,
1310 1671 1438 1701 Pharisaei
1461 1682 1525 1701 vero
1546 1683 1686 1712 perperam

122 1717 212 1756 γενεὰν
231 1717 330 1757 ἑτέραν.
342 1717 464 1750 Βασιλεῖς
479 1715 526 1754 μὲν
542 1715 593 1755 γὰρ
607 1712 696 1752 ἦλθον,
716 1715 760 1744 τὸν
775 1715 890 1755 ἐπουρά-

122 1775 175 1793 νιον
191 1763 301 1803 βασιλέα
319 1762 508 1802 θαυμάζοντες,
532 1761 573 1791 ὅτι
596 1763 653 1795 πῶς
677 1761 720 1791 ἐπὶ
741 1763 791 1801 γῆς
812 1757 890 1798 ἦλθεν

121 1811 169 1839 οὐκ
179 1809 305 1849 ἀγγέλους
318 1808 396 1849 ἔχων,
407 1809 455 1837 οὔκ
469 1807 662 1848 ἀρχαγγέλους,
682 1809 711 1837 οὗ
726 1807 846 1847 θρόνους,
861 1808 890 1837 οὔ

120 1854 294 1895 κυριότητας,
315 1855 344 1884 οὗ
359 1853 481 1892 δυνάμεις
492 1876 500 1888 ,
522 1853 571 1882 οὐκ
589 1852 720 1890 ἐξουσίας,
736 1853 804 1882 ἀλλὰ
818 1853 892 1889 ξένην

120 1901 166 1932 καὶ
185 1901 282 1941 ἀτριὸἥ
302 1900 411 1940 βαδίσας
433 1899 506 1936 ὁδὸν,
526 1899 553 1933 ἐξ
581 1899 749 1939 ἀγεωργήτου
776 1901 892 1940 προῆλθε

120 1947 247 1988 γαστρὸς,
261 1947 321 1977 οὔτε
337 1946 397 1979 τοὺς
412 1945 537 1984 ἀγγέλους
550 1946 629 1974 αὐτοῦ
646 1945 758 1985 ἐρήμους
770 1947 816 1981 τῆς
830 1947 886 1975 ἐπι-

121 1994 230 2027 στασίας
243 1994 323 2022 αὐτοῦ
337 1990 503 2026 καταλιπὼν,
518 1990 579 2020 οὔτε
592 1993 626 2031 τῇ
645 1991 710 2031 πρὸς
724 1994 795 2030 ἡμᾶς
814 1992 890 2020 ἐναν-

120 2039 255 2080 θριινιτήσει
268 2041 317 2074 τ’ῆς
333 2036 445 2071 οἰκείας·
453 2036 575 2073 θεότητος
589 2036 684 2070 ἐκστάς
694 2049 700 2055 ·
726 2037 794 2067 ἀλλὰ
813 2039 889 2076 βασι-

119 2086 174 2119 λεῖς
198 2084 246 2124 μὲν
270 2084 314 2113 τὸν
339 2082 491 2123 ἐπουράνιον
514 2081 626 2122 βασιλέα
647 2083 693 2118 τῆς
714 2082 789 2118 δόξης
809 2078 888 2119 ἦλθον

120 2131 358 2172 προσκυνήσοντες,
381 2131 542 2170 στρατιῶται
562 2128 590 2158 δὲ
611 2128 654 2158 τὸν
677 2129 888 2170 ἀρχιστράτηγον

941 1727 1030 1746 sacros
1044 1717 1129 1747 libros
1143 1717 1398 1757 interpretabantur,
1413 1725 1439 1747 et
1452 1718 1547 1747 scribae
1560 1729 1620 1757 quae
1632 1719 1685 1759 legi

940 1769 1016 1792 erant
1039 1763 1170 1792 contraria
1193 1763 1386 1802 loquebantur;
1413 1763 1535 1794 Herodes
1553 1775 1616 1794 eum
1637 1766 1685 1804 qui

943 1815 1019 1838 natus
1030 1815 1096 1846 erat,
1108 1809 1254 1848 quaerebat,
1269 1819 1322 1838 non
1336 1816 1365 1838 ut
1376 1820 1437 1839 eum
1449 1810 1549 1840 honore
1560 1812 1685 1848 afficeret,

943 1855 992 1885 sed
1006 1862 1035 1884 ut
1053 1866 1115 1885 eum
1129 1855 1298 1885 interficeret.
1314 1855 1401 1885 Hodie
1421 1866 1536 1895 namque
1554 1858 1686 1887 contraria

943 1908 1038 1931 cuncta
1051 1901 1202 1931 cernebant.
1216 1903 1285 1931 Non
1307 1903 1383 1931 enim
1398 1903 1546 1932 occultata
1559 1911 1638 1941 sunt,
1657 1911 1687 1934 ut
1697 1920 1835 1948 Psal-77-4-

943 1958 1006 1977 cum
1031 1947 1198 1977 Psalmorum
1217 1955 1325 1977 auctore
1345 1948 1451 1986 loquar,
1466 1959 1486 1977 a
1496 1949 1574 1989 filiis
1587 1961 1686 1980 eornm

942 1995 974 2022 in
991 1995 1207 2034 generationem
1220 1994 1355 2023 alteram.
1367 1994 1508 2033 Siquidem
1518 2006 1592 2035 reges
1601 2007 1682 2026 vene-

942 2047 1016 2076 runt,
1037 2046 1063 2069 et
1082 2039 1211 2069 caelestem
1229 2041 1331 2080 Regem
1349 2048 1538 2080 suspexerunt,
1563 2042 1636 2080 quod
1658 2042 1686 2071 in

941 2092 1039 2115 terram
1058 2085 1172 2123 venerit,
1191 2096 1245 2115 non
1265 2086 1373 2126 angelos
1395 2097 1485 2116 secum
1506 2087 1618 2124 habens,
1633 2098 1686 2117 non

942 2132 1131 2172 archangelos,
1156 2142 1210 2161 non
1237 2132 1366 2170 thronos,
1392 2143 1444 2162 non
1469 2132 1683 2170 dominationes,

121 2179 169 2212 -ι-’ἥς
182 2175 315 2215 δυνάμεως
334 2174 550 2215 θεραπεύσοντες·
566 2176 592 2203 αἱ
605 2178 726 2214 γυναῖκες
741 2174 785 2204 τὸν
800 2177 829 2204 ἐκ
841 2187 887 2214 γυ-
909 2183 926 2206 Β
942 2188 994 2207 non
1006 2179 1131 2215 virtutes,
1145 2188 1198 2208 non
1212 2185 1365 2219 potestateS,
1385 2178 1433 2208 sed
1452 2189 1522 2208 nova
1535 2186 1561 2209 et
1574 2180 1685 2209 minime

121 2222 209 2255 ναικὸς
229 2220 372 2261 τεχθέντα,
390 2220 434 2250 ἵνα
457 2221 504 2254 τὰς
526 2220 612 2254 λύπας
634 2222 682 2256 τῆς
705 2221 828 2261 γυναικὸς
853 2223 891 2256 εἷς

121 2267 206 2308 χαρὰν
221 2266 374 2306 μεταὸάλλῃ
383 2278 390 2284 ·
406 2267 433 2294 αἱ
444 2265 567 2305 παρθένοι
581 2266 612 2295 τὸ
622 2268 669 2302 τῆς
680 2266 808 2307 παρθένου
823 2279 889 2296 παι-

122 2314 185 2349 δίον,
196 2313 237 2343 ὅτι
249 2315 307 2346 πῶς
320 2311 474 2350 ὀγάλωιτος
491 2311 537 2340 καὶ
555 2313 644 2350 μαζῶν
665 2311 823 2352 δημιουργὸς
843 2312 899 2346 τὰς

121 2359 208 2399 πηγὰς
222 2360 311 2398 μαζῶν
323 2356 462 2395 αὐτόματα
475 2359 564 2396 ῥεῖθρα
577 2357 701 2397 φέρεσθαι
712 2360 806 2393 ποιῶν,
816 2358 890 2398 παρὰ

123 2406 222 2445 μητρὸς
235 2403 364 2444 παρθένου
383 2403 505 2432 “παιδίου
519 2402 617 2443 τροφὴν
639 2403 731 2433 ἔλαὸε·
755 2404 789 2433 τὰ
807 2404 891 2440 νήπια

123 2450 167 2479 τὸν
181 2450 274 2486 νήπιον
296 2448 444 2488 γενόμενον,
464 2447 508 2477 ἶνα
527 2449 558 2478 ἐκ
579 2448 709 2488 στόματος
726 2449 827 2485 νηπίων
845 2451 890 2480 καὶ

157 2562 168 2574 ⁸
186 2553 282 2579 Cottam
292 2563 349 2579 cum
361 2553 455 2579 Codice
467 2553 527 2586 neg.
539 2554 611 2586 ⁴832,
623 2554 667 2587 qui
678 2554 713 2578 sie
723 2553 824 2579 titulum
835 2554 876 2580 ha-

126 2594 182 2624 bet,
193 2597 255 2626 λόγος
263 2597 293 2622 11³
304 2597 330 2619 τὸ
342 2596 451 2626 γενέθλιον
462 2596 502 2618 τοῦ
513 2596 588 2627 κυρίου
602 2596 639 2619 καὶ
651 2596 700 2618 θεοῦ
718 2596 755 2620 καὶ
771 2600 879 2629 σωτῆρος.

159 2634 172 2653 b
190 2633 250 2657 Haec
261 2633 296 2657 sie
308 2633 465 2657 invertuntur
473 2632 498 2657 in
510 2632 570 2665 neg.
585 2637 622 2660 τὸν
629 2636 674 2659 ἅνω
687 2637 747 2659 κάτω
760 2635 795 2659 διὰ
804 2636 882 2666 φιλαν-

942 2224 1003 2253 trita
1023 2224 1148 2254 incedens
1167 2225 1211 2254 via
1226 2236 1260 2254 ex
1280 2225 1385 2254 illibato
1408 2226 1566 2265 processerit
1587 2234 1682 2256 utero:

942 2277 990 2298 nec
1002 2275 1088 2298 tamen
1102 2269 1212 2309 angelos
1223 2279 1279 2299 suae
1290 2269 1490 2308 gubernationis
1503 2277 1621 2299 exsortes
1633 2270 1683 2299 de-

943 2313 1063 2353 reliquit,
1078 2325 1164 2354 neque
1173 2322 1283 2355 propter
1297 2315 1504 2344 incarnationem
1519 2327 1594 2345 suam
1608 2327 1622 2344 a
1637 2326 1683 2344 sua

943 2360 1044 2390 excidit
1061 2360 1177 2391 deitate:
1199 2361 1247 2390 sed
1269 2371 1344 2400 reges
1364 2360 1474 2399 quidem
1494 2367 1636 2395 venerunt,
1657 2367 1685 2389 ut

943 2406 1072 2436 caelestem
1084 2409 1185 2447 Regem
1199 2407 1291 2447 gloriae
1305 2406 1456 2442 adorarent,
1471 2405 1570 2434 milites
1583 2413 1683 2441 autem,

944 2459 974 2482 ut
993 2453 1144 2494 Principem
1164 2453 1297 2483 exercitus
1318 2452 1451 2481 colerent:
1472 2451 1606 2487 mulieres,
1622 2462 1685 2480 eum

931 2560 1037 2592 θρωπίαν,
1051 2561 1089 2584 καὶ
1100 2563 1138 2584 τᾶν
1149 2562 1211 2584 κάτω
1223 2562 1268 2583 ἅνω
1280 2559 1307 2583 δι’
1323 2559 1456 2588 οἰιονομίαν.

963 2598 973 2609 2
989 2590 1085 2625 [Savil.
1099 2591 1148 2622 312]

964 2641 974 2655 ε
992 2631 1055 2663 Reg.
1065 2632 1158 2657 παιδίον.
