1904 2840
773 234 806 257 IN
835 234 894 257 JOB
919 234 1031 258 SERMO
1054 235 1077 257 1.

1633 223 1698 258 681

143 296 292 332 ἐπίληπτος
306 294 352 325 καὶ
370 295 457 334 νόμων
483 295 649 336 ἰσχυρότερος
674 295 786 335 ἐγένετο.
812 296 838 325 Λ
870 307 908 332 ει,
928 304 947 328 Β
963 295 1014 325 tibi
1024 294 1165 331 indicavit,
1173 294 1269 326 dicito.
1282 295 1405 326 Abduxit
1418 307 1460 326 mc
1473 307 1605 326 seorsum.
1621 297 1704 328 Veri-

141 335 222 365 ἔλαὸέ
240 346 274 373 με
293 334 361 375 ἰδίᾳ,
384 334 429 364 καὶ
440 335 535 376 ἑπέχεέ
547 347 594 374 μοι
611 334 642 365 τὸ
654 335 733 376 κέρας
744 338 790 366 τοῦ
805 336 853 365 ἐλα
864 347 893 365 ου
903 347 910 354 ·

141 374 186 404 καὶ
200 376 300 424 ἐπῆραν
312 374 400 415 φωνὴν
413 377 442 404 οἱ·
455 375 473 404 ἄ
489 387 589 415 χοντες,
602 375 730 414 λέγοντες,
745 375 816 415 {vinu
832 377 847 404 ὃ
865 377 911 415 βα-

141 414 236 448 σιλεύς.
261 416 335 454 Opq<
353 416 409 457 πῶς
422 387 491 445 και-Ξ
510 414 541 444 τὸ
556 415 620 445 αὐτὸ
635 415 762 455 ἐγέλασαν
776 415 824 452 τὴν
841 426 910 455 προ-

140 454 261 494 φητείαν,
283 454 329 484 καὶ
352 454 520 492 ἐθαύμασαν,
548 455 594 484 καὶ
625 457 727 496 κατεψη
750 454 839 485 ίσαντο
864 455 910 485 καὶ

139 493 311 530 ἐπίστευσαν;
332 495 516 533 Δαιμονιῶντα
536 493 637 535 ἔλεγες,
658 495 703 525 καὶ
724 506 768 524 τον
791 495 843 525 ὑπὸ
862 497 908 524 τοῦ

140 534 326 573 δαιμονιῶντος
343 534 560 574 χειροτονηθέντα
574 535 685 574 βασιλέα
698 535 801 572 καλεῖς
816 534 910 569 Οὕτως

139 574 170 603 οὐ
183 574 223 603 δεῖ
234 573 376 608 ξενίζεσθαι
388 574 447 603 οὐδὲ
459 577 539 612 ἡμᾶς,
550 576 609 605 οὐδὲ
622 574 684 609 τοὺς
696 577 772 614 ἡμῶν
783 574 909 614 πατέρας,

139 612 199 643 οὐδὲ
219 612 286 647 τοὺς
301 615 358 652 μεθ’
370 615 457 652 ἡμᾶς,
478 614 524 643 ἐὰν
547 615 612 655 παρ’
634 618 661 646 αἱ
678 616 766 650 ετικῆς
786 614 909 665 γλώσσης

139 652 294 692 ἀκούσωμέν
309 666 335 683 τι
347 655 401 682 τῶν
417 655 454 687 εἷς
466 653 540 694 ὔὸριν
555 666 656 684 συντ-ειν
672 666 747 685 ντων.
761 655 783 684 Γ
783 666 867 684 ενοιτο
881 654 910 685 δὲ

139 695 211 731 ἡμᾶς
224 693 290 733 ὑπὲρ
301 694 417 733 Χριστοῦ
437 693 597 730 δοξάζεσθαι,
610 694 653 724 ἵνα
664 696 690 724 ἐν
710 695 820 734 Χριστῷ
832 693 909 729 δοξα-

140 734 242 802 ἰθῶιρεν
254 754 263 768 ,
280 728 303 773 ᾧ
322 735 340 769 ἡ
361 732 423 767 δόξα
442 733 487 763 καὶ
500 734 531 764 τὸ
549 734 644 774 κράτος
664 736 702 769 εἰς
718 733 778 767 τοὺς
800 735 906 768 αἰῶνας.

170 784 234 811 μην.

963 335 1025 364 tatis
1045 336 1103 365 vim
1122 335 1250 372 adverte,
1263 335 1399 375 quomodo
1413 336 1498 376 gloria
1508 359 1515 373 ,
1541 346 1601 375 quae
1626 336 1703 377 prius

962 374 1137 411 irridebatur,
1156 375 1191 405 ad
1208 376 1252 405 sui
1272 375 1458 405 adorationem
1476 376 1608 408 traxerit:
1631 386 1702 415 quo-

962 414 1044 444 modo
1059 415 1188 455 propheta
1203 415 1251 445 ille
1267 415 1424 456 lymphatus
1437 415 1504 456 ipsis
1524 416 1630 455 legibus
1648 416 1701 444 for-

961 454 1015 483 tior
1027 455 1117 485 fuerit.
1132 455 1216 492 Dicit,
1233 455 1355 492 Abduxit
1367 466 1410 484 me
1422 465 1553 492 seorsum,
1571 462 1597 485 et
1610 455 1706 485 effudit

961 504 1043 534 super
1055 505 1098 524 me
1109 505 1194 524 cornu
1207 495 1277 525 olei:
1291 495 1398 534 altaque
1409 506 1475 526 voce
1485 495 1620 535 principes
1633 495 1705 525 dixe-

961 541 1025 563 runt
1034 556 1042 571 ,
1053 534 1139 565 Vivat
1152 545 1212 564 rex.
1225 534 1325 566 Viden’
1338 534 1473 573 quomodo
1488 535 1529 564 illi
1542 535 1623 564 simul
1644 545 1705 575 pro-

960 573 1079 613 phetiam
1094 573 1237 610 irriserint,
1252 581 1278 603 et
1291 574 1418 604 admirati
1431 573 1485 603 sint
1497 587 1503 604 :
1518 574 1705 604 damnaverint

960 619 987 643 et
998 612 1179 643 crediderint?
1193 613 1394 644 Daemoniacum
1407 614 1531 652 vocabas,
1543 621 1568 644 et
1579 626 1595 644 a
1604 614 1704 644 daemo-

960 653 1038 683 niaco
1052 651 1164 683 unctum
1176 664 1265 693 regem
1276 653 1417 694 appellas?
1431 654 1477 684 Sic
1491 665 1576 693 neque
1585 665 1644 691 nos,
1660 664 1705 683 ne-

960 703 1013 732 que
1031 700 1121 733 patres
1141 700 1257 729 nostros,
1274 704 1308 722 ne
1329 704 1361 723 ue
1378 700 1499 733 posteros
1519 694 1705 734 obstupescere

961 743 1010 773 par
1020 739 1070 768 est,
1079 732 1103 763 si
1114 732 1181 772 quid
1189 704 1412 763 contumeliosum
1424 734 1458 763 ab
1469 733 1601 763 haereticis
1611 733 1705 762 audire

961 772 1107 812 contingat.
1123 773 1234 803 Utinam
1249 783 1297 802 nos
1310 784 1360 814 pro
1381 772 1491 802 Christo
1512 773 1704 813 glorificemur,

962 818 992 841 ut
1003 823 1065 842 cum
1076 813 1184 843 Christo
1203 812 1404 852 glorificemur,
1419 813 1464 843 cui
1477 813 1562 853 gloria
1579 819 1605 842 et
1619 814 1703 853 impe-

960 851 1032 882 rium
1045 852 1075 882 in
1085 852 1194 882 saecula.
1207 855 1305 883 Amen.

713 1055 1128 1120 MONITUM

508 1206 573 1243 AD
587 1206 827 1255 QUATUOR
851 1204 1077 1242 HOMILIAS
1103 1205 1153 1242 IN
1177 1204 1344 1242 JOBUM.

144 1336 146 1338 '
181 1347 195 1360 κ
218 1333 297 1363 Hisoe
309 1339 425 1373 quatuor
438 1333 466 1362 in
478 1332 580 1364 Johum
592 1332 761 1362 orationibus
775 1330 930 1372 pei-ineptis,
944 1330 1034 1370 inquit
1041 1329 1163 1361 savilius
1173 1352 1181 1368 ,
1194 1340 1255 1369 quae
1268 1337 1356 1359 tamen
1370 1340 1418 1370 per
1431 1339 1523 1359 omnes
1536 1331 1591 1360 sere
1602 1330 1707 1363 biblio-

136 1380 226 1410 thecas
240 1379 422 1419 reperiuntur,
436 1378 537 1408 Laelius
550 1377 673 1407 Tifer-nas
686 1377 818 1417 interpres
827 1377 948 1416 quintam
962 1375 1050 1413 addit,
1065 1386 1125 1415 quae
1135 1376 1206 1405 nihil
1219 1374 1296 1405 aliud
1311 1383 1352 1406 est
1370 1386 1452 1415 quam
1470 1375 1623 1415 ἄπᾶνθισμα
1644 1377 1704 1417 περὶ

137 1428 283 1466 ὑπομονῆς,
298 1436 347 1456 suo
358 1425 468 1455 demum
474 1425 534 1455 loco
547 1424 803 1465 repraesentandum.
816 1436 831 1452 u
844 1425 952 1464 Ineptas
962 1424 1023 1464 jure
1034 1423 1102 1453 dicit
1114 1423 1243 1458 Savilius,
1256 1432 1306 1452 nec
1317 1429 1357 1453 est
1366 1422 1439 1462 quod
1452 1423 1579 1463 pluribus
1591 1423 1704 1453 demon-

137 1479 255 1503 stremus
266 1483 324 1502 esse
342 1472 404 1502 illas
415 1473 532 1513 spurias,
544 1479 570 1501 et
583 1473 686 1503 Joanne
704 1478 795 1501 nostro
807 1470 942 1510 indignas.
957 1470 1204 1510 Interpretationem
1217 1476 1306 1500 tamen
1317 1469 1441 1500 Latinam
1452 1469 1530 1504 Laelii
1544 1469 1702 1508 Tifernafis,

137 1519 211 1559 qnod
221 1530 253 1549 ea
263 1518 385 1548 intricata
395 1525 474 1556 esset,
488 1518 641 1559 rejecimus,
652 1528 804 1556 novamque
814 1516 982 1557 paravimus.

198 1711 246 1744 Εἰς
258 1710 303 1740 τὸν
317 1709 417 1739 δίκαιον
428 1709 474 1738 καὶ
485 1707 614 1748 μακάριον
625 1707 698 1744 Ἰὼὸ,
712 1707 797 1746 Λόγος
810 1706 847 1736 α’.

1000 1707 1039 1734 ln
1052 1706 1166 1746 justam
1178 1712 1207 1735 et
1217 1707 1333 1736 beatum
1343 1707 1415 1743 Job,
1426 1706 1525 1737 Sermo
1540 1708 1661 1747 primus.

177 1805 190 1818 ⁸
199 1796 284 1831 ’Ἧκεν
304 1803 368 1840 ἡμῖν
382 1800 509 1833 ἐνιαύσιος
533 1799 648 1839 σήμερον
666 1801 680 1829 ὁ
694 1799 741 1834 τῆς
754 1798 909 1838 οἰκουμένης
924 1804 945 1826 Δ
999 1800 1030 1828 1.
1052 1799 1166 1828 Annuus
1177 1797 1254 1827 nobis
1262 1797 1345 1828 hodie
1354 1798 1429 1828 venit
1438 1798 1511 1828 orbis
1521 1800 1636 1838 athleta,
1651 1811 1702 1831 ve-

139 1841 271 1878 αὊλητὴς,
286 1837 350 1877 ἧκεν
364 1843 428 1879 ἡμῖν
445 1842 459 1869 ὁ
473 1839 542 1874 ξένος
555 1839 601 1868 καὶ
613 1840 666 1868 τῶν
685 1838 803 1878 ἀγγέλων
817 1838 907 1877 ὀμότι·

139 1893 188 1920 μος
206 1879 353 1921 ἀγωνιστὴς
362 1902 371 1916 ,
385 1883 400 1910 ὁ
415 1879 503 1910 πολλὰ
523 1878 597 1918 παρὰ
610 1881 656 1907 τοῦ
671 1877 794 1908 διαὸόλου
807 1877 907 1907 τυπτό-

139 1932 232 1989 ’ωοῗνί
254 1920 299 1951 „a
319 1917 909 1991 '‘⁰²³⁸‘sff&Effiss‘ff'ff‘ssffiwli‘i‘ssffiti

137 1959 416 2040 ggtzmwztpjpsopffl
437 2000 535 2028 θεατῶν
559 1969 683 2037 ‹igi-filebi?
696 1981 907 2037 ὑποδεχόμενος,

137 2043 152 2070 ὁ
163 2040 249 2070 πολλὰ
257 2039 308 2069 ὑπὸ
322 2043 367 2069 τοῦ
377 2040 471 2080 ἐχθροῦ
484 2037 681 2077 μαστιζόμενος,
694 2037 739 2066 καὶ
752 2038 833 2076 μέγας
845 2049 914 2067 ‹rte-⁴

137 2079 246 2119 φανίτης
256 2079 308 2109 ὑπὸ
320 2082 365 2108 τοῦ
380 2080 450 2108 Θεοῦ
465 2080 501 2111 εἷς
512 2078 560 2114 τὴν
569 2077 723 2116 οἰκουμένην
736 2076 906 2116 ἀναδειχθείς.

137 2119 218 2149 Οὕτω
231 2119 283 2159 γὰρ
296 2118 372 2152 αὐτὸς
387 2119 458 2158 αὑτῷ
472 2117 654 2157 διαλεγόμενος
674 2117 717 2147 ἔλε
735 2128 762 2146 εν
775 2128 782 2134 ·
797 2116 857 2146 Οἴει
879 2116 908 2146 δέ

138 2170 173 2196 με
194 2158 280 2192 ἄλλως
298 2169 339 2187 σοι
351 2158 597 2208 κεχρηματικέναι,
612 2157 671 2186 ἀλλ’
685 2156 702 2193 ἢ
717 2129 761 2186 ἕνα
775 2157 908 2196 ἀναφανῆς

138 2197 255 2234 δίκαιοςς
269 2197 318 2230 Τίς
331 2193 374 2226 οὗν
387 2209 432 2227 τον
445 2200 561 2226 τοιοῦτον
576 2196 684 2236 ἀριστέα
697 2197 756 2226 κατ’
774 2195 848 2229 ἀξίαν
862 2188 908 2224 εὖ-

138 2239 260 2277 φημῆσαι
274 2236 398 2271 &uvarum
413 2236 452 2270 τίς
467 2235 575 2270 ἀντάξια
594 2237 647 2265 τῶν
664 2236 711 2265 ἀνδ
729 2234 907 2274 αγαθημάτων

138 2278 218 2306 αὐτοῦ
231 2275 343 2316 §potesta
355 2275 450 2309 πλέξαι
463 2275 660 2314 κατα-τολμήσει
668 2287 677 2313 ;
685 2287 707 2304 γτ
720 2287 732 2308 ς
743 2274 908 2323 ἐπιχειρήσει

958 1838 998 1867 nit
1011 1837 1089 1867 nobis
1103 1837 1253 1878 stupendus
1266 1837 1314 1867 ille
1334 1838 1490 1878 angelisque
1501 1850 1550 1879 par
1572 1847 1701 1877 certator,

957 1878 1004 1916 qui
1018 1877 1117 1907 multas
1131 1889 1147 1906 a
1168 1877 1278 1907 diabolo
1291 1877 1384 1917 plagas
1393 1901 1402 1913 ,
1414 1878 1499 1908 multa
1513 1890 1530 1908 a
1549 1881 1606 1909 Deo
1627 1881 1703 1911 testi-

957 1917 1047 1947 monia
1058 1917 1176 1957 accepit,
1190 1916 1337 1956 multisque
1352 1918 1468 1957 praemiis
1480 1929 1495 1947 a
1509 1920 1703 1958 spectatoribus

957 1957 1060 1997 angelis
1072 1956 1187 1986 donatus
1197 1964 1247 1994 est,
1255 1957 1304 1996 qui
1315 1957 1409 1986 multis
1420 1958 1580 1988 vulneribus
1591 1960 1702 1989 affectus

957 1996 992 2026 ab
1014 1996 1134 2034 inimico,
1155 1996 1296 2036 magnifice
1315 2004 1457 2027 coronatus
1473 2009 1489 2027 a
1511 1998 1569 2028 Deo
1588 1998 1616 2028 in
1637 2000 1703 2029 orbe

957 2044 1078 2066 ostensus
1093 2043 1143 2066 est.
1163 2037 1204 2066 Ita
1223 2036 1295 2066 enim
1313 2036 1402 2077 ipsum
1421 2037 1569 2077 alloquitur
1586 2050 1592 2067 =
1607 2039 1702 2069 Putas
1713 2052 1765 2074 Jub.
1776 2051 1815 2080 4⁰·
1827 2051 1849 2075 8.

957 2086 1004 2106 me
1021 2076 1109 2105 aliter
1123 2077 1176 2105 tibi
1191 2085 1360 2115 responsum
1373 2077 1497 2115 dedisse,
1509 2089 1597 2118 quam
1612 2085 1645 2108 ut
1652 2081 1701 2119 ju-

956 2122 1018 2145 stus
1038 2125 1199 2155 appareres.
1214 2116 1284 2153 Quis
1297 2126 1361 2156 ergo
1373 2116 1531 2147 bellatorem
1545 2117 1702 2158 hujusmodi

956 2165 1007 2223 pro
1021 2155 1116 2186 merito
1133 2154 1244 2185 laudare
1258 2155 1361 2196 possit?
1373 2156 1435 2195 quis
1454 2157 1529 2196 paria
1550 2158 1630 2197 gestiS
1644 2160 1702 2198 ejus

978 2194 1050 2224 ravia
1070 2201 1173 2224 nectere
1191 2194 1307 2225 audeat?
1326 2195 1388 2234 quis
1407 2196 1519 2226 tentabit
1542 2197 1702 2226 immensum

957 2234 1070 2264 laudum
1088 2234 1199 2275 pelagus
1220 2234 1348 2275 ingredi?
1372 2235 1607 2272 Quemadmodum
1631 2237 1701 2266 enim

958 2283 1035 2304 nemo
1047 2283 1116 2304 sanae
1127 2274 1223 2304 mentis
1233 2275 1373 2304 tentaverit
1384 2275 1496 2319 pelagus
1504 2276 1638 2314 gressibus
1652 2276 1712 2304 hu-v

137 2316 202 2356 πρὸς
222 2316 329 2356 ἄπειρον
343 2314 456 2354 πέλαγος
470 2314 607 2353 ἐγκωμίων
630 2314 760 2350 ἀναὸἧναι
773 2326 780 2348 ;
803 2315 843 2346 Ως
856 2313 907 2354 γὰρ
924 2322 943 2346 Β
959 2313 1044 2343 manis
1054 2314 1185 2360 trajicere,
1197 2314 1235 2344 sic
1244 2325 1322 2344 nemo
1330 2314 1522 2354 sapiensetiam
1533 2315 1601 2343 inter
1608 2314 1702 2344 'docto-

138 2357 186 2386 οὐκ
197 2356 228 2386 ἄν
242 2367 282 2388 τις
294 2356 346 2384 ὢν
359 2357 417 2384 νοῦν
432 2354 546 2394 ἐχόντων
558 2353 770 2393 κατατολμήσειέ
783 2364 847 2382 ποτε
861 2355 908 2389 τῆς

138 2395 272 2431 θαλάσσης
285 2394 316 2424 τὸ
334 2394 447 2434 πέλαγος
462 2393 579 2433 βήμασιν
594 2393 764 2433 ἀνθρωπίνοις
778 2394 854 2422 διατι-ε
873 2392 907 2422 ά-

138 2446 198 2470 σαι,
211 2434 293 2469 οὕτως
307 2433 367 2464 οὐδέ
385 2446 425 2467 τις
437 2435 489 2462 τῶν
505 2435 591 2473 σοφῶν
605 2433 650 2462 καὶ
664 2431 723 2461 λίαν
743 2432 853 2462 διδασκά
893 2444 907 2462 ν

958 2363 1000 2383 res
1019 2360 1090 2383 ausit
1119 2364 1247 2392 umquam
1272 2361 1372 2383 tentare
1386 2354 1545 2393 promeritas
1587 2364 1701 2383 enen-osae

957 2393 1168 2433 beatissimaeque
1195 2393 1270 2423 illius
1293 2393 1387 2422 animae
1414 2392 1508 2421 laudes
1531 2403 1565 2421 au
1588 2392 1701 2422 itoribus

957 2433 1061 2463 efferre.
1077 2433 1156 2463 Illius
1180 2433 1250 2462 enim
1266 2439 1337 2472 gesta
1361 2432 1506 2461 humanam
1526 2441 1632 2461 omnem
1651 2442 1700 2461 ex-

139 2474 300 2514 ἔπιχιιρήσιι
317 2473 382 2503 ποτὲ
398 2473 458 2507 τοὺς
477 2473 536 2502 κατ’
551 2471 625 2506 ἀξίαν
637 2471 757 2506 ἐπαίνους
776 2474 824 2508 τῆς
844 2484 904 2512 γεν-
914 2479 1084 2513 msuperant
1098 2472 1255 2513 sapientiam
1272 2471 1368 2500 :illius
1388 2470 1531 2500 certamina
1550 2481 1640 2500 omnes
1658 2481 1701 2500 oo-

138 2514 211 2546 ναίας
232 2513 333 2550 ἰκείνης
353 2513 398 2542 καὶ
418 2511 568 2552 τρισολὸίου
583 2513 626 2551 ψυ·
639 2513 670 2547 ’ἥς
686 2516 741 2545 τοῖς
764 2513 799 2542 dat

138 2551 322 2592 διηγήσασθαι.
336 2553 430 2582 Πᾶσαν
442 2551 493 2592 γὰρ
507 2553 613 2591 ἀνθρωπ
624 2562 671 2587 νην
684 2551 768 2591 ὑπερὸ
778 2552 785 2563 ’
820 2563 844 2582 ει
857 2563 904 2582 σο-

848 2516 906 2546 ταῖς
922 2520 942 2543 Α
956 2523 1035 2542 ronas
1048 2519 1184 2552 superant.
1199 2510 1325 2550 Angelica
1335 2520 1399 2548 ergo
1410 2519 1518 2548 egemus
1532 2509 1635 2549 lingua,
1648 2521 1701 2549 quo

956 2552 1080 2590 summis,
1097 2558 1125 2581 ut
1146 2551 1182 2581 ita
1195 2550 1295 2587 dicam,
1310 2549 1404 2589 digitis
1424 2559 1472 2579 vas
1495 2550 1701 2588 unguentarium

172 2653 182 2663 ι·
200 2643 304 2670 Collatae
315 2652 372 2670 curn
391 2643 527 2669 (lodicibus
543 2643 625 2676 Regiis
643 2643 716 2675 ⁴819,
730 2644 803 2676 4963,
819 2644 891 2675 ⁴964,
904 2642 1052 2669 Colbcrtino
1067 2643 1123 2667 974.
