1890 2826
120 581 240 610 (:a1.4.4.

117 629 127 648 Ι
132 627 198 654 'plnum
215 633 222 648 1
229 643 234 648 .

142 667 147 678 1

125 1791 180 1811 lsai.
193 1795 228 1810 u.
238 1787 262 1811 6.

122 1825 145 1841 et
155 1820 194 1842 65.
207 1819 245 1843 25.

272 185 316 228 24

269 262 294 283 et
306 254 375 284 notis
390 254 440 284 sibi
454 253 607 284 nominibus
625 255 738 284 libenter
752 261 852 285 utentes
861 277 871 291 ,
882 255 933 285 hac
946 267 1006 296 per-

268 312 331 331 sona
346 301 500 342 prophetias
513 301 719 331 adumbrabant.
733 301 816 338 Quod
825 302 896 331 enim
907 313 959 332 non
973 303 1008 333 de

268 349 285 378 J
289 347 363 377 udaea
375 354 402 377 et
415 347 450 377 de
464 348 614 378 Jerusalem
628 357 714 377 sermo
727 354 809 385 esset,
821 348 926 388 singula
936 349 1008 379 dicta

269 395 295 423 in
307 394 426 425 medium
438 393 610 431 adducentes,
623 400 745 424 accurate
753 393 1005 425 demonstrabimus.

268 446 298 472 2.
316 442 384 470 Erit
393 443 425 469 in
434 441 597 470 novissimis
614 441 715 469 diebus
737 441 909 482 manifestus
927 451 1009 471 mons

269 489 399 516 Domini.
415 485 488 517 Vide
507 486 645 526 prophetae
659 486 854 516 accurationem
864 509 873 524 ,
894 487 942 526 qui
955 497 1008 516 non

601 195 629 217 S.
658 194 798 217 JOANle
824 195 1005 219 CHRYSOST.
1036 196 1189 219 ARCHIEP.
1219 197 1490 219 CONSTANHNOP.

1059 257 1118 297 περὶ
1131 259 1209 287 αὐτοῦ
1224 257 1352 297 λεγόντων
1367 257 1516 296 ἐφείσαντο,
1529 257 1572 290 οὒς
1585 257 1629 286 καὶ
1641 258 1721 299 χωρὶς
1737 258 1831 288 τούτου

1059 301 1198 332 κατέλευον
1212 305 1335 343 συνεχῶς.
1352 303 1402 332 Διὰ
1413 306 1489 332 τοῦτο
1504 307 1557 336 τοῖς
1564 303 1668 336 οἰκείοις
1680 304 1725 333 καὶ
1733 305 1829 344 γνωρίυ

1060 359 1117 386 μοις
1130 350 1217 382 αὐτοῖς
1226 350 1466 388 ἐμφιλοχωροῧντες
1477 349 1599 388 ὀνόμασι,
1611 349 1658 383 τὰς
1671 350 1831 390 προφητείας

1058 393 1143 434 τούτῳ
1158 394 1326 429 συσκιάζουσι
1340 397 1378 435 τῷ
1393 395 1535 435 προσώπῳ.
1556 394 1622 424 “Oti
1645 395 1697 435 γὰρ
1718 397 1747 425 οὔ
1769 396 1832 436 περὶ

1058 441 1107 475 τῆς
1130 441 1256 474 Ἰουδαίας
1280 441 1324 470 καὶ
1355 441 1529 481 Ἰερουσαλὴμ
1554 443 1568 470 ὁ
1589 441 1665 480 λόγος
1677 463 1684 476 ,
1715 441 1833 478 ἑκάστην

1058 486 1219 526 παράγοντες
1232 486 1301 520 λέξιν
1313 489 1349 520 εἷς
1361 487 1440 526 μέσον
1459 486 1526 526 μετὰ
1547 487 1682 526 ἀκριὸείας
1705 487 1833 527 εἰσόμεθα

268 533 357 562 solum
383 543 440 561 rem
464 532 546 569 dicit,
567 532 616 562 sed
639 538 745 572 tempus
768 533 848 562 etiam
867 532 1007 572 significat.
1024 539 1043 563 c
1059 532 1093 561 τὰ
1112 533 1247 572 εἰρημένα.
1269 532 1335 562 ”Οτι
1357 533 1430 562 ἔσται
1453 535 1478 562 ἐν
1495 538 1551 566 ταῖς
1573 533 1698 573 ἐσχάταις
1716 533 1832 574 ἡμέραις

268 579 349 615 Quod
363 579 434 608 enim
449 577 516 608 dicit
526 578 638 614 Paulus,
655 579 729 608 Cum
741 585 838 608 autem
851 581 933 609 venit
942 579 1009 618 ple-

271 625 372 654 nitudo
381 631 550 664 temporum,
559 631 585 653 et
598 623 665 653 alibi
679 635 797 662 rursum,
810 626 848 653 In
859 625 1010 664 dispensa-

270 672 377 700 tionem
387 670 580 710 plenitudinis
595 676 766 709 temporum,
776 669 828 699 hoc
837 670 876 699 sic
885 670 1012 711 exprimit

269 718 409 758 propheta,
430 718 448 747 1
452 728 472 746 n
487 718 650 747 novissimis
663 717 776 746 diebus.
791 718 912 746 Mentem
922 723 1010 747 autem

267 771 345 794 vocat
352 764 498 794 Ecclesiam
503 770 538 800 ‚et
545 763 766 803 inexpugnabilia
773 762 1010 803 dogmata.Quem-

268 809 414 839 admodum
426 810 498 839 enim
508 809 532 839 si
543 810 604 848 quis
616 809 747 839 adversus
766 817 869 838 montes
888 809 1009 839 innume-

267 866 312 885 ros
323 854 432 895 objiciat
447 854 598 893 exercitus,
611 865 689 884 arcus
701 854 837 884 tendentes
845 877 854 892 ,
869 854 957 884 hastas
969 855 1011 884 vi-

270 902 387 938 brantes,
398 900 535 930 machinas
543 900 726 937 admoventes,
739 900 801 929 illos
812 899 923 938 quidem
936 900 1013 929 nullo

268 946 367 975 damno
388 945 492 974 afficere
512 951 639 985 poterunt
652 968 660 982 ,
679 945 727 974 sed
743 951 881 974 consumta
903 945 1013 985 propria

269 991 424 1021 fortitudine
439 990 561 1021 recedent
576 1003 583 1020 ι
598 991 637 1020 sic
650 997 677 1020 et
687 990 851 1030 quicumque
864 987 1013 1020 Ecclesiam

269 1037 514 1077 impugnaverunt,
524 1033 597 1065 banc
611 1034 722 1074 quidem
741 1044 794 1063 non
811 1033 953 1070 laeserunt,
967 1034 1014 1065 sed

1059 577 1171 617 ἐμφανὲς
1183 577 1214 606 τὸ
1228 578 1286 618 ὄρος
1301 578 1409 618 Κυρίου.
1425 578 1498 617 ’Όρα
1518 578 1652 618 ἀκρίὸειαν
1675 579 1811 620 προφήτου
1821 601 1831 615 ,

1059 625 1088 652 οὖ
1098 623 1131 652 τὰ
1142 623 1286 663 πράγματα
1296 624 1416 663 λέγοντος
1428 625 1505 664 μόνον
1513 646 1520 660 ,
1535 625 1603 654 ἀλλὰ
1614 625 1659 655 καὶ
1673 625 1717 654 τὸν
1731 626 1828 666 χρόνον

1059 669 1307 708 ἐπισημαινομένου.
1321 670 1409 710 “Όπερ
1430 671 1481 710 γάρ
1502 682 1580 710 φησιν
1598 673 1612 700 ὁ
1626 672 1749 707 Παῦλος,
1761 670 1830 702 Ὅτε

1061 712 1088 742 δὲ
1098 708 1162 748 ἦλθε
1175 714 1206 743 τὸ
1218 714 1354 754 πλήρωμα
1366 717 1417 744 τῶν
1432 718 1529 755 καιρῶν
1539 737 1547 751 ,
1562 715 1606 745 καὶ
1618 715 1726 755 ἑτέρωθι
1739 715 1830 753 πάλιν,

1061 758 1107 790 Εἷς
1120 757 1268 797 οἰκονομίαν
1282 761 1327 788 τοῦ
1342 759 1519 799 πληρώματος
1532 761 1584 788 τῶν
1599 761 1696 799 καιρῶν
1705 781 1713 795 ,
1726 761 1804 789 τοῦτο
1817 763 1831 790 ὁ

1060 804 1197 844 προφήτης
1211 806 1299 846 φησὶν,
1307 806 1354 835 Ἔν
1365 811 1422 839 ταῖς
1434 807 1557 847 ἐσχάταις
1571 806 1695 846 ἡμέραις.
1706 806 1788 847 Ὄρος
1802 806 1830 836 δὲ

1061 849 1108 886 τὴν
1120 851 1283 887 Ἐκκλησίαν
1297 852 1342 881 καὶ
1356 852 1386 880 τὸ
1399 854 1452 881 τῶν
1467 853 1604 891 δογμάτων
1616 852 1830 892 ἀκαταγώνιστον

1062 896 1145 925 καλεῖ.
1172 897 1298 937 Καθάπερ
1322 898 1372 937 γὰρ
1400 898 1472 938 ὄρεσι
1494 898 1543 928 κᾶν
1566 898 1647 938 μυρία
1674 898 1830 939 προσὲἄλλῃ
1842 911 1849 919 ¹

1062 941 1224 981 στρατόπεδα
1234 965 1241 979 ,
1262 943 1323 977 τόξα
1349 942 1361 960 ¹‘
1374 943 1490 973 τείνοντα
1499 966 1507 980 ,
1530 944 1575 973 καὶ
1589 945 1687 984 δόρατα
1701 943 1811 984 ἀφιέντα
1822 966 1831 979 ,

1063 988 1242 1027 μηχανήματα
1256 989 1423 1029 προσάγοντα
1433 1011 1440 1025 ,
1466 991 1552 1019 ἐκεῖνα
1568 989 1614 1029 μὲν
1628 989 1686 1019 οὐδὲ
1695 990 1831 1030 παραὸλά-

1062 1033 1110 1071 ψαι
1123 1033 1291 1070 δυνήσονται,
1313 1034 1361 1070 τὴν
1382 1035 1410 1064 δὲ
1434 1035 1532 1065 οἰκείαν
1550 1035 1736 1065 καταλύσαντα
1755 1035 1831 1075 ἰσχὺν

269 1094 317 1111 sua
331 1082 428 1111 amissa
444 1082 561 1123 potentia
573 1081 680 1121 pudore
692 1088 755 1111 sunt
763 1078 862 1118 affecti,
871 1080 938 1110 dum
952 1080 1016 1110 feri-
1031 1079 1048 1102 Ι)
1064 1078 1257 1109 ἀπελεύσονται·
1275 1080 1344 1109 οὕτω
1357 1081 1388 1117 δὴ
1402 1082 1446 1111 καὶ
1462 1083 1486 1110 Οἷ
1500 1084 1532 1121 τῇ
1546 1081 1697 1121 Ἐκκλησίᾳ
1708 1081 1829 1120 πολεμή-

268 1134 327 1156 rent
340 1127 438 1164 soluti,
451 1127 517 1156 dum
532 1126 596 1156 telis
609 1126 767 1166 impeterent
789 1126 916 1157 infirmati
925 1147 933 1160 ,
948 1125 1015 1155 dum

268 1179 376 1213 agerent
390 1183 405 1202 a
415 1172 579 1213 patientibus
593 1171 692 1203 devicti
701 1184 709 1202 ι
718 1172 766 1211 qui
788 1180 827 1203 est
848 1183 911 1202 sane
924 1172 1015 1212 inopi—

267 1226 346 1249 natus
359 1218 478 1248 victoriae
486 1218 594 1256 modus,
603 1228 684 1257 quem
693 1228 746 1248 non
759 1218 881 1248 homines
897 1218 1013 1257 assequi,

162 1276 259 1298 Ecclesia
269 1265 317 1295 sed
330 1266 403 1294 Deus
416 1265 490 1294 solus
503 1270 599 1304 potest.
619 1264 689 1294 Nam
709 1271 780 1294 certe
789 1264 818 1294 in
829 1264 949 1294 Ecclesia
963 1264 1015 1293 mi-

117 1309 260 1360 xxxiiii·
270 1311 355 1340 rabile
365 1318 415 1348 est,
431 1320 484 1340 non
503 1309 577 1349 quod
587 1310 697 1348 vicerit,
712 1309 759 1339 sed
769 1310 844 1349 quod
858 1310 894 1340 ita
908 1310 1012 1341 vicerit.

269 1358 391 1399 Impulsa
400 1357 483 1393 enim,
495 1363 603 1394 vexata,
617 1355 766 1386 innumeris
774 1366 902 1386 concussa
914 1356 1013 1395 modis,

269 1415 322 1434 non
344 1404 425 1436 modo
443 1413 495 1433 non
510 1402 682 1432 minuebatur
691 1425 699 1439 ‚
712 1402 759 1432 sed
773 1404 858 1443 major
871 1402 1015 1439 evadebat,

271 1458 297 1480 et
312 1461 358 1480 eos
381 1450 429 1489 qui
451 1449 481 1478 id
503 1449 591 1478 facere
605 1448 742 1478 tentabant
765 1448 891 1488 patiendo
912 1455 1014 1479 tamum

270 1496 432 1537 profligabat
444 1507 453 1534 ;
472 1494 500 1524 id
514 1493 587 1534 quod
605 1493 713 1523 adamas
729 1494 799 1523 ferro
808 1494 944 1534 impetitus
953 1494 1015 1524 facit

269 1543 336 1572 dum
357 1551 499 1583 percussus
515 1547 619 1569 tantum
632 1539 713 1571 solvit
723 1540 896 1580 percutientis
913 1540 1012 1579 robur;

270 1588 427 1627 stimuliquc
447 1586 649 1617 calcitrantibus
668 1586 777 1626 objecti,
794 1596 847 1616 non
864 1586 1015 1617 obtusiores

1064 1135 1155 1158 σαντες
1167 1125 1279 1160 ἅπαντες
1289 1150 1296 1162 ,
1311 1127 1410 1162 ταύτην
1430 1127 1478 1166 μὲν
1491 1130 1539 1156 οὐκ
1551 1127 1654 1157 ἔσεισαν
1664 1150 1671 1163 ,
1687 1127 1735 1164 τὴν
1751 1127 1778 1156 δὲ
1791 1130 1831 1157 οἷ-

1063 1170 1136 1200 κείαν
1149 1171 1324 1207 ἀπολέσαντες
1345 1172 1454 1212 δύναμιν
1480 1173 1718 1213 κατῃσχύνθησαν,
1743 1174 1772 1202 ἐν
1792 1175 1831 1213 τῷ

1063 1216 1149 1246 παίειν
1162 1217 1341 1257 διαλυόμενοι,
1363 1218 1408 1248 καὶ
1427 1220 1453 1248 ἐν
1467 1221 1504 1259 τῷ
1521 1220 1627 1259 βάλλειν
1650 1221 1831 1255 ἀσθενοῦντες,

1062 1262 1106 1292 καὶ
1119 1263 1146 1292 ἐν
1157 1265 1194 1303 τῷ
1204 1268 1288 1306 ποιεῖν
1300 1264 1352 1293 ὑπὸ
1363 1267 1414 1294 τῶν
1427 1265 1582 1304 πασχόντων
1597 1264 1736 1303 νικώμενοι
1745 1277 1751 1283 ·
1766 1265 1831 1305 ὅπερ

1062 1308 1107 1338 καὶ
1120 1309 1264 1349 παράδοξος
1276 1310 1351 1345 νίκης
1364 1310 1460 1350 τρόπος
1476 1311 1542 1346 ἐστὶ,
1554 1310 1599 1340 καὶ
1609 1311 1657 1340 οὔκ
1672 1310 1829 1350 ἀνθρώποις,

1061 1354 1128 1384 ἀλλὰ
1140 1357 1202 1396 Θεῷ
1227 1355 1305 1395 μόνον
1326 1356 1442 1390 δυνατός,
1466 1358 1492 1386 Τ
1493 1357 1506 1386 ὸ
1530 1357 1581 1396 γὰρ
1606 1357 1757 1395 θαυμαστὸν
1778 1360 1830 1393 τ’ῆς

1061 1401 1222 1438 Ἔκκλησίας
1235 1425 1243 1439 ,
1268 1403 1318 1442 οὔχ
1331 1402 1371 1432 ὅτι
1385 1402 1520 1438 ἐνίκησεν,
1545 1403 1604 1432 ἀλλ’
1619 1402 1658 1432 ὅτι
1681 1403 1726 1432 καὶ
1749 1403 1831 1437 οὕτως

1061 1447 1187 1483 ἐνίκησεν.
1201 1448 1385 1487 Ἐλαυνομένη
1398 1448 1449 1488 γὰρ
1458 1470 1466 1483 ,
1487 1449 1636 1488 διωκομένη
1645 1473 1652 1486 ,
1667 1450 1768 1489 μυρίοις
1780 1462 1831 1479 κα-

1061 1493 1241 1533 τακοπτομίνη
1266 1493 1392 1534 τρόποις,
1410 1496 1445 1531 ροὐ
1470 1494 1547 1533 μόνον
1569 1497 1616 1524 οὐκ
1638 1497 1831 1531 ἠλαττονοῦτο,

1062 1539 1129 1569 ἀλλὰ
1139 1540 1183 1569 καὶ
1197 1540 1291 1580 μείζων
1311 1540 1426 1579 ἐγίνετο,
1445 1540 1490 1569 καὶ
1503 1540 1562 1574 τοὺς
1576 1544 1659 1570 ταῦτα
1670 1546 1755 1570 ποιεῖν
1774 1543 1829 1571 ἐπι-

1062 1588 1212 1625 χειροῦντας
1225 1585 1289 1615 αὐτὸ
1307 1586 1338 1615 τὸ
1361 1586 1475 1626 πάσχειν
1498 1586 1574 1625 μόνον
1598 1587 1723 1616 κατέλυεν
1732 1599 1739 1606 ·
1766 1587 1831 1627 ὅπερ

271 1635 334 1664 inde
347 1634 516 1670 redduntur,
535 1632 583 1662 sed
601 1632 796 1662 calcitrantium
815 1633 898 1672 pedes
917 1644 1014 1663 cruen-
1029 1635 1046 1659 Ε
1063 1631 1165 1670 ἀδάμας
1188 1636 1258 1662 ποιεῖ
1278 1631 1339 1670 περὶ
1359 1631 1403 1661 τὸν
1419 1632 1541 1672 σίδηρον,
1564 1635 1603 1673 τῷ
1615 1633 1740 1662 παίεσθαι
1754 1633 1832 1673 μόνον

271 1687 338 1711 tant.
345 1680 410 1710 Ideo
422 1690 484 1709 sane
496 1685 613 1708 montem
627 1678 742 1709 vocavit.
749 1678 831 1715 Quod
844 1679 867 1708 si
877 1679 1015 1720 metapho-

273 1740 330 1758 ram
344 1739 397 1758 non
417 1728 542 1758 admittat
560 1726 689 1763 Judaeus‚
710 1726 884 1757 domesticam
902 1728 1016 1768 accipiat

272 1774 488 1805 confutationem.
504 1773 568 1814 Ipse
586 1773 716 1813 propheta
726 1773 792 1802 dicit
805 1773 884 1813 lupos
897 1781 923 1803 et
935 1785 1016 1814 agnos

274 1820 428 1851 communia
442 1829 541 1861 pascua
554 1818 707 1855 habituros,
718 1826 744 1848 et
758 1820 857 1848 muscis
867 1819 1016 1859 apibusque

273 1870 361 1898 Deum
378 1866 551 1896 sibilaturum
561 1888 569 1902 ‚
585 1864 755 1903 fluviumque
772 1865 953 1895 vehementem
968 1866 1016 1896 ad-

275 1913 422 1943 ducturum
434 1911 462 1941 in
474 1911 594 1949 Judaeos‚
609 1921 640 1940 eo
653 1910 728 1950 quod
746 1910 800 1950 ipsi
814 1911 914 1940 habere
926 1913 1016 1942 nolue·

273 1960 329 1989 rint
336 1969 433 1997 aquam
451 1958 562 1988 Siloam.
580 1958 648 1994 Quae
659 1956 681 1986 si
693 1956 755 1995 quis
766 1956 801 1985 ad
818 1958 932 1987 verbum
946 1969 1016 1988 acce-

272 2005 353 2046 perit,
368 2013 430 2033 sane
443 2002 625 2043 intelligibilia
637 2012 691 2032 non
704 2008 767 2032 sunt
783 2014 789 2030 :
805 2013 900 2032 verum
913 2011 1018 2044 oportet

1063 1677 1172 1707 διαλύων
1193 1680 1238 1707 τοῦ
1256 1677 1377 1711 παίοντος
1395 1677 1442 1713 τὴν
1470 1678 1562 1718 ἰσχύν·
1586 1679 1630 1708 καὶ
1654 1679 1749 1719 κέντρα
1767 1679 1833 1719 πρὸς

1063 1722 1121 1757 τοὺς
1137 1723 1319 1767 λακτίζοντας,
1340 1723 1407 1753 αὐτὰ
1422 1723 1469 1762 μὲν
1482 1724 1555 1754 οὐδὲν
1575 1726 1728 1766 ἀμόλύτερμ
1741 1727 1831 1755 ἐντεῦ-

1064 1772 1105 1799 θεν
1119 1769 1254 1809 γινόμενα,
1269 1770 1328 1803 τοὺς
1342 1770 1368 1799 δὲ
1379 1770 1549 1804 λακτίζοντας
1563 1771 1728 1811 αἰμάσσοντα
1741 1772 1832 1806 πόδας.

1064 1814 1117 1845 Διὰ
1131 1814 1163 1851 δὴ
1174 1817 1250 1845 τοῦτο
1260 1815 1318 1855 ὄρος
1333 1815 1468 1844 ἐκάλεσεν.
1494 1817 1527 1845 Ei
1540 1816 1567 1845 δὲ
1582 1819 1630 1847 οὐκ
1648 1817 1770 1857 ἀνέχεται
1785 1821 1833 1854 τῆς

1065 1866 1212 1902 μεταφορᾶς
1234 1863 1248 1890 ὃ
1269 1861 1409 1896 Ἰουδαῖος,
1434 1862 1535 1891 οἴκοθεν
1559 1862 1639 1891 πάλιν
1660 1863 1776 1903 δεχέσθω
1788 1864 1832 1893 τὸν

1064 1908 1182 1948 ἔλεγχον.
1205 1907 1291 1941 Αὐτὸς
1303 1907 1353 1947 γὰρ
1377 1903 1450 1941 οὗτος
1473 1911 1487 1937 ὁ
1509 1908 1647 1948 προφήτης
1668 1909 1764 1943 λύκους
1787 1910 1832 1940 καὶ

1065 1953 1143 1993 ἄρνας
1156 1952 1235 1993 ἔφησε
1248 1955 1295 1988 τῆς
1305 1955 1386 1988 αὐτῆς
1400 1956 1481 1993 νομῆς
1489 1955 1671 1991 κοινωνήσειν,
1683 1956 1729 1985 καὶ
1744 1955 1833 1996 μυίαις

1065 1999 1109 2028 τὸν
1123 1998 1190 2028 Θεὸν
1212 2002 1309 2038 συριεῖν
1328 1998 1374 2028 καὶ
1394 2003 1452 2032 ταῖς
1478 2000 1629 2039 μελίσσαις,
1655 2001 1699 2030 καὶ
1712 2001 1832 2041 ποταμὸν

273 2064 304 2083 ea
314 2064 373 2092 quae
387 2051 430 2081 his
445 2050 629 2091 significantur
651 2049 771 2090 accipere
782 2072 790 2087 ,
806 2050 897 2089 sicque
909 2058 1014 2081 senten·
1025 2067 1050 2086 u
1066 2044 1170 2084 ἇνάΥέῑν
1181 2045 1302 2084 ῥαγδαῖον
1315 2044 1359 2074 ἐπὶ
1372 2044 1431 2078 τοὺς
1444 2045 1584 2079 Ἰουδαίους
1593 2068 1600 2082 ‚
1620 2046 1663 2076 διὰ
1674 2047 1704 2076 τὸ
1719 2047 1756 2086 μὴ
1771 2048 1831 2087 βού-

271 2098 472 2129 tiarumseriem
479 2097 551 2127 varie
562 2096 721 2135 intelligere.
735 2097 865 2133 Quaenam
877 2097 961 2137 igitur
972 2099 1016 2128 his
1031 2096 1050 2118 Α
1064 2092 1155 2120 λθσθαῑ
1168 2091 1260 2124 αὖτοὺς
1273 2090 1343 2130 ἔχειν
1356 2090 1386 2119 τὸ
1402 2090 1472 2131 ὕδωρ
1490 2095 1535 2121 τοῦ
1549 2091 1672 2130 Σιλωάμ·
1697 2091 1787 2132 'Ami’
1808 2093 1832 2122 Εἴ

274 2142 477 2184 significantur?
489 2144 539 2172 Per
559 2142 638 2182 lupos
645 2149 670 2171 et
676 2152 770 2181 agnos,
778 2142 919 2173 hominum
928 2155 1016 2174 mores

271 2202 335 2220 cum
343 2190 443 2219 ferinos
458 2195 514 2218 tum
527 2195 677 2217 mansuetos
695 2188 811 2226 indicam
834 2199 882 2228 per
896 2200 1013 2228 muscas,

272 2235 466 2277 impudentiam
481 2234 685 2274 AEgyptiorum3
698 2244 746 2273 per
764 2234 896 2272 fluvium,
907 2236 1012 2266 violen-

272 2284 338 2313 tiam
350 2282 481 2312 exercitus
493 2280 621 2318 barbari;
634 2290 682 2319 per
695 2279 800 2309 Siloam
811 2302 819 2316 ,
834 2282 1014 2311 mansuetudi-

271 2339 332 2359 nem
347 2327 607 2364 moderationemque
621 2325 678 2364 ejus
687 2348 696 2361 ,
713 2325 760 2363 qui
773 2333 838 2355 tunc
852 2327 1010 2367 imperabat,

271 2375 341 2415 regis
352 2375 369 2405 J
372 2372 519 2403 adanorum.
535 2373 674 2410 Nemoquc
688 2371 771 2400 velex
783 2372 1012 2412 insipientioribus

269 2422 339 2451 circa
353 2421 410 2450 haec
428 2418 506 2448 nobis
526 2416 696 2447 contradicet.
714 2418 947 2454 Quemadmodum
958 2419 1011 2460 igi-

303 2526 316 2544 1,
334 2526 396 2557 Reg.
414 2529 440 2548 et.
457 2521 535 2548 Savil.
549 2525 685 2550 τιίνοντες-..
697 2524 829 2556 ἀφιέντες-ι.
844 2527 1022 2557 προσάγοντες...

1064 2148 1103 2170 τις
1118 2136 1227 2166 ἐπὶτῶν
1247 2135 1341 2170 λέξεων
1366 2136 1491 2172 ἐκλάὸοι,
1519 2137 1585 2166 πολὺ
1605 2138 1636 2167 τὸ
1659 2138 1830 2178 ἀπερινόητον

1065 2182 1134 2223 ἔχει’
1148 2181 1216 2212 ἀλλὰ
1228 2183 1267 2211 δεῖ
1279 2181 1313 2211 τὰ
1326 2182 1356 2211 ἐκ
1369 2181 1467 2211 τούτων
1480 2183 1662 2222 σημαινόμενα
1676 2184 1832 2224 δεχομένους

1064 2229 1132 2258 οὕτω
1153 2227 1296 2258 ποικίλλειν
1313 2229 1366 2256 τῶν
1380 2228 1518 2266 νοημάτων
1534 2229 1581 2265 τὴν
1603 2230 1768 2260 ἀκολουθίαν.
1794 2230 1831 2260 Τί

1064 2271 1108 2304 οὖν
1123 2275 1178 2304 ἐστι
1191 2273 1224 2302 τὰ
1241 2274 1271 2303 ἐκ
1294 2273 1392 2302 τούτων
1418 2275 1612 2314 σημαινόμενα;
1639 2276 1690 2305 Διὰ
1712 2276 1758 2315 μὲν
1779 2279 1832 2306 τῶν

1065 2321 1150 2350 λύκων
1164 2319 1272 2349 καὶτῶν
1286 2320 1369 2359 ἀρνῶν
1379 2342 1387 2356 ,
1415 2321 1439 2348 οἱ
1459 2322 1511 2349 τῶν
1525 2321 1669 2361 ἀνθρώπων
1691 2322 1784 2362 τρόποι
1808 2324 1832 2351 οἱ

1064 2371 1198 2411 θηριώδεις
1210 2370 1255 2400 καὶ
1263 2370 1366 2409 ἥμεροι·
1380 2369 1422 2399 διὰ
1436 2370 1463 2400 δὲ
1472 2373 1524 2400 τῶν
1539 2373 1675 2410 μυιῶν,τὸ
1690 2373 1832 2412 ἀναίσχυν-

1063 2433 1107 2450 τον
1121 2424 1173 2451 τῶν
1188 2419 1353 2460 Αἰγυπτίων·
1376 2420 1419 2449 διὰ
1433 2420 1460 2449 δὲ
1474 2423 1520 2449 τοῦ
1532 2425 1654 2461 ποταμοῦ
1659 2444 1667 2459 ,
1681 2422 1711 2451 τὸ
1721 2423 1833 2462 σφοδρὸν

1073 2524 1173 2558 habeat,
1188 2530 1318 2552 τείνοντα...
1330 2530 1422 2560 ἀφιέντα
1432 2531 1492 2557 etc„
1504 2533 1529 2552 et
1539 2527 1603 2553 Cod.
1615 2528 1735 2553 Bavarico
1747 2527 1830 2552 firmc-
1868 2560 1872 2564 Ι

271 2568 445 2595 καταλύσαντες,
462 2570 518 2596 quae
534 2562 610 2586 etiam
626 2560 701 2586 lectio
720 2560 839 2593 quadrat,
852 2568 876 2586 et
888 2563 1025 2589 innumeris
1074 2570 1124 2596 tur,
1133 2573 1187 2589 eam
1197 2565 1304 2590 retinere
1313 2563 1393 2589 visum
1407 2570 1454 2589 est.

270 2604 383 2630 firmatur
395 2602 527 2635 exemplis3
542 2599 587 2625 sed
603 2608 660 2625 cum
673 2599 766 2625 Morem
786 2601 861 2625 etiam
873 2600 949 2627 lectio
962 2602 1023 2628 hene
