1890 2826
599 206 757 229 S'ffnovsxs

76 273 160 312 ἀθῷον
187 269 216 304 ἐξ
247 269 367 308 ἀναγκῶν
394 267 521 301 ἑξελιεῖται
548 266 662 306 Κύριος,
688 266 734 296 καὶ
755 267 782 295 ἓν
805 268 844 305 τῷ

77 318 181 358 ἑὸδόμῳ
193 317 224 347 οὒ
236 315 274 355 μὴ
286 316 383 363 ἅψεται
395 315 474 344 αὐτοῦ
482 313 572 344 κακόν.
581 313 620 343 Σὺ
636 313 663 343 δὲ
675 315 757 352 γνῶθι
771 325 848 343 σεαυ-

77 365 130 401 τὸν,
145 363 171 393 εἴ
181 374 210 392 τι
222 361 343 402 ἔπραξας.

116 547 216 587 Πρώτη
228 547 294 587 πρὸς
306 545 419 587 Ἐλιφὰζ
428 547 474 575 τοῦ
487 544 550 575 'li-’6
562 544 701 579 ἀντίλεξις·
710 544 772 584 περὶ
784 546 830 572 τοῦ
839 566 847 580 ,

77 595 111 624 Εἰ
124 594 176 634 γάρ
185 605 226 627 τις
238 595 318 623 ἱστῶν
333 593 433 629 στήσαι
454 604 504 631 μου
525 591 574 627 τὴν
589 591 679 631 ὀργὴν,
692 590 739 624 τὰς
754 590 781 620 δὲ
792 589 848 620 ὀδύ-

76 652 122 673 νας
142 651 192 679 μου
213 639 276 679 ἄραι
297 640 324 668 ἑν
351 640 421 679 ζυγῷ
434 637 610 677 ὁμοθυμαδὸν,
630 637 677 667 καὶ
701 636 732 673 δὴ
758 636 848 675 ἄμμου

77 685 210 725 παραλίας
225 684 357 725 βαρύτερα
376 684 460 714 ἔσται.
472 683 542 723 Περὶ
555 685 600 712 τοῦ
609 705 618 719 ,
630 682 677 719 Μὴ
697 681 750 722 γὰρ
763 682 850 711 διακε-

79 733 125 767 νῆς
135 731 292 771 κεκράξεται
308 731 365 764 ὄνος
379 731 483 770 ἄγριος,
496 731 554 759 ἀλλ’
568 729 586 764 ἢ
607 728 642 759 τὰ
661 728 733 758 σιτία
745 729 849 764 ζητῶν;

78 778 113 806 Εἰ
125 777 152 806 δὲ
166 777 212 807 καὶ
235 776 307 816 ῥήξει
319 776 407 817 φωνὴν
431 775 529 815 (βοῦς)
547 776 592 805 ἐπὶ
611 774 713 815 φάτνης
728 773 797 813 ἔχων
815 772 849 802 τὰ

80 821 226 862 βρώματα;
237 822 284 859 Μὴ
299 822 376 862 ἰσχὺς
386 822 465 852 λίθων
474 821 523 852 ’καὶ
537 820 612 861 ἰσχύς
632 832 699 860 μους
711 821 740 849 αἱ
754 819 849 859 σάρκες
864 821 883 845 C

82 868 132 906 μού
146 870 198 898 εἶσι
212 868 341 908 χᾶλκεαι;
356 868 420 898 Ὅτι
431 867 538 907 ’Ὠσπερ
557 865 727 907 πειρατήριόν
749 866 820 895 ἐστιν
835 867 849 894 6

80 914 134 954 βίος
145 914 282 954 ἀνθρώπων
296 914 341 944 ἰπὶ
363 916 410 950 τῆς
423 916 490 953 γῆς,
503 912 548 943 καὶ
570 912 661 952 ὥσπερ
683 911 786 950 μισθίου
801 912 848 940 αὖ-

78 962 218 1000 θημερινοῧ
229 962 248 996 ἡ
262 959 315 996 ζωὴ
327 961 407 990 αὐτοῦ
417 971 424 978 ·
439 959 480 989 ὅτι
493 960 528 989 Εἰ
541 958 594 998 ἐγὼ
614 958 744 998 ἥμαρτον,
757 958 783 987 τί
801 958 859 986 ‹30—v

77 1005 192 1045 νήσομαι
217 1005 332 1045 “paim
349 1005 415 1035 ’Ότι
434 1004 627 1044 Ἐπιστᾶμενος
649 1004 694 1033 τὸν
713 1006 773 1033 νοῦν
794 1004 848 1031 τῶν

77 1051 231 1092 ἀνθρώπων,
245 1051 316 1081 &ati
329 1051 388 1082 ἔθου
402 1063 436 1090 με
446 1050 638 1086 κατεντευκτήν
650 1061 658 1085 ;

117 1144 196 1174 Μετὰ
217 1143 244 1174 δὲ
267 1143 381 1184 Ἐλιφὰζ
397 1143 516 1182 δεύτερος
541 1142 682 1172 ὖπολαὸὼν
707 1143 815 1172 Βαλδὰδ
835 1145 849 1172 6

23 1185 27 1189 ¹
78 1190 240 1230 Σαυχεώτης
259 1190 331 1230 λέγει
343 1189 409 1230 πρὸς
423 1189 500 1219 Ἰώὸ·
515 1189 606 1229 Μέχρι
618 1189 687 1222 τίνος
709 1189 848 1225 λαλήσεις;

79 1238 190 1275 Πνεῦμα
210 1237 381 1276 πολυρῤἥμον
402 1237 430 1265 ἐν
444 1237 483 1275 τῷ
497 1235 610 1275 στόματί
631 1248 687 1265 <sona
702 1235 749 1272 Μὴ
766 1238 781 1265 6
795 1235 850 1266 Κύ-

21 1285 25 1292 ”
79 1294 132 1323 ριος
153 1282 276 1318 ἀδικήσει
297 1282 410 1323 κρίνων;
428 1282 446 1317 ἢ
473 1284 488 1311 6
511 1281 546 1311 τὰ
573 1281 661 1311 πάντα
682 1281 797 1318 ποιήσας
819 1283 849 1311 οὗ

79 1328 186 1368 παρέξει
211 1328 242 1358 τὸ
267 1328 381 1364 δίκαιονς
401 1328 471 1366 Περὶ
492 1330 554 1365 τοῦ,
581 1327 685 1368 Ὥσπερ
705 1330 735 1358 οὖ
761 1329 851 1358 θάλλει

77 1374 197 1414 πάπυρος
221 1375 283 1404 ἄνευ
320 1374 429 1409 ὕδατος,
453 1373 472 1409 ἢ
498 1375 610 1414 ὑψοῦται
637 1373 765 1413 βούτομος
788 1374 848 1403 ἄνευ

79 1420 160 1449 πότου
169 1431 177 1438 ·
187 1419 227 1449 ἔτι
237 1419 288 1460 γὰρ
300 1419 337 1449 ὢν
350 1419 395 1449 ἐπὶ
409 1419 491 1460 ῥίζαν,
503 1421 532 1449 οὐ
549 1419 586 1458 μὴ
601 1421 719 1459 θερισθῇ.
733 1420 793 1460 Πρὸ
803 1423 848 1449 τοῦ

60 1467 67 1473 ’
77 1465 128 1505 γὰρ
136 1468 226 1495 πεσεῖν
236 1470 325 1495 πᾶσαν
341 1465 455 1504 βοτάνην
470 1465 670 1506 ξηρανθήσεται·
682 1465 764 1499 οὕτως
775 1465 850 1495 ἔσται

78 1511 112 1540 τὰ
125 1510 226 1551 ἶσχατα
239 1511 328 1540 πάντα
338 1512 391 1540 τῶν
406 1510 649 1550 ἐπιλανθανομένων
663 1514 708 1541 τοῦ
719 1512 800 1541 Θεοῦ.

118 1602 220 1642 Πρώτη
229 1605 276 1632 τοῦ
288 1602 351 1632 Ἰὼὸ
363 1602 429 1642 πρὸς
450 1603 558 1634 Βαλδὰδ
572 1603 698 1637 ἄντίλεξις
709 1616 715 1622 ·
733 1603 774 1633 ὅτι
787 1605 849 1633 Ἐπ’

77 1648 202 1684 ἀληθείας
215 1643 274 1677 οἶδα
282 1670 291 1686 ,
302 1648 344 1678 ὅτι
357 1648 439 1682 οὕτως
452 1649 522 1678 ἐστί·
530 1650 588 1682 πῶς
602 1648 654 1689 γὰρ
662 1649 736 1678 ἔσται
751 1648 850 1682 δίκαιος

77 1694 206 1734 [βροτὸς]
219 1693 293 1734 παρὰ
318 1694 424 1734 Κυρίῳ;
445 1694 514 1734 Περὶ
533 1698 594 1729 τοῦ,
615 1694 650 1724 Ὁ
671 1694 785 1728 τανύσας
805 1695 849 1724 τὸν

77 1739 187 1780 οὐρανὸν
201 1740 294 1779 μόνος,
307 1740 353 1770 καὶ
371 1742 524 1780 περιπατῶν
544 1740 588 1770 ἐπὶ
602 1739 735 1776 θαλάσσης
748 1742 784 1774 ὡς
805 1742 847 1770 ἐπ’

78 1786 203 1826 ἐδάφους,
216 1789 299 1816 ποιῶν
315 1785 430 1815 πλειάδα
446 1786 491 1816 καὶ
512 1786 632 1825 ἕσπερον.
653 1786 702 1820 Τίς
722 1786 849 1826 κρίματος

81 1834 152 1862 Θεοῦ
166 1832 353 1868 ἀντιστήσεται
361 1845 370 1868 3
378 1831 444 1861 Ἐάν
457 1844 487 1861 τε
499 1831 550 1872 γὰρ
564 1827 586 1861 ὦ
599 1831 712 1869 δίκαιος,
723 1832 754 1861 τὸ
763 1833 850 1872 στόμα

81 1889 131 1917 μου
147 1877 262 1914 ἀσίὸησε
273 1890 279 1896 ·
294 1878 343 1908 κᾶν
364 1890 394 1907 τε
407 1872 430 1907 ὦ
454 1878 610 1917 ἄμεμπτος,
624 1878 729 1912 σκολιὸς
743 1879 848 1915 ἀποδή-

79 1935 169 1963 σομαι.
182 1923 251 1963 Περὶ
262 1926 308 1953 τοῦ
317 1936 324 1942 ·
337 1923 372 1954 Ὁ
387 1923 442 1963 βίος
451 1923 502 1962 μού
517 1926 587 1954 ἐστιν
600 1923 773 1964 ἐλαφρότερος
788 1925 849 1964 δρο-

84 1969 162 2009 μέως.
177 1971 212 2000 Εἰ
224 1970 270 2000 καὶ
283 1969 341 1999 ἐστὶ
355 1969 446 1999 ναυσὶν
463 1969 533 2010 ἴχνος
546 1971 605 2000 ὁδοῦ
614 1993 622 2007 ,
642 1969 660 2005 ἢ
676 1972 753 1999 ἀετοῦ
767 1981 845 1999 πετο-

80 2015 158 2053 μένου
181 2017 318 2053 ζητοῦντι-ος
333 2016 412 2055 βοράν
424 2027 431 2047 5
457 2016 597 2053 Μνήσθητι
608 2037 616 2052 ,
641 2016 684 2046 ὅτι
707 2015 792 2052 πηλόν
815 2028 848 2055 με

79 2061 212 2098 ἔπλασας,
235 2064 272 2096 εἷς
285 2060 312 2091 δὲ
327 2063 376 2101 γῆν
399 2074 432 2101 με
450 2062 530 2092 πάλιν
545 2062 727 2103 ἀποστρέφεις.
742 2061 782 2092 Ἢ
799 2063 849 2102 οὐχ

80 2106 171 2147 ὥσπερ
183 2107 252 2147 γάλα
267 2119 300 2147 με
312 2107 429 2146 ἤμελξας
437 2130 445 2144 ,
456 2108 502 2138 καὶ
514 2108 549 2137 τὰ
560 2107 629 2144 ἑξῆς.
640 2107 747 2148 ”Ωσπερ
762 2108 847 2148 ἐγινό-

81 2164 134 2191 μην
147 2154 196 2182 οὖκ
208 2153 256 2183 ὤν.
270 2153 349 2183 Διατί
368 2155 399 2183 ἐκ
412 2153 525 2194 γαστρὸς
542 2155 579 2187 εἷς
593 2156 685 2193 μνῆμα
699 2156 746 2184 οὐκ
759 2156 847 2190 ἀπηλ-

79 2199 180 2238 λάγηνς
194 2198 236 2229 ὅτι
248 2199 338 2239 [sic].

120 2291 198 2320 Μετὰ
219 2291 334 2331 Ἐλιφὰζ
355 2291 478 2327 Βαλδὰδ,
494 2291 562 2330 μετὰ
585 2292 692 2321 Βαλδὰδ
715 2291 814 2332 Σοφὰρ
836 2294 850 2321 6

81 2337 200 2372 Μηναῖος
222 2337 292 2366 κατὰ
309 2337 357 2373 τὴν
380 2337 478 2367 οἰκείαν
499 2337 582 2375 τάξιν,
593 2337 656 2367 ὥσθ’
679 2337 788 2367 ἕκαστον
803 2340 850 2368 αὖ-

81 2385 132 2412 τῶν
145 2383 294 2422 περιμένειν
308 2382 342 2412 τὰ
363 2382 501 2422 κρείττονα
514 2382 600 2421 λέγειν
621 2383 686 2422 πρὸς
710 2383 754 2412 τὸν
779 2383 850 2419 Ἰώὸ,

36 2452 37 2455 ¹
81 2427 116 2458 Ὁ
129 2428 162 2458 τὰ
174 2428 261 2458 πολλὰ
274 2428 368 2468 λέγων,
382 2428 428 2458 καὶ
442 2428 642 2458 ἀντακούσεται.
655 2429 722 2468 Περὶ
732 2432 779 2458 τοῦ
788 2441 795 2447 ·
809 2429 849 2458 ὅτι

82 2473 242 2514 Ἀναλάμψιι
256 2486 303 2504 σου
316 2474 347 2503 τὸ
365 2473 506 2514 πρόσωπον
525 2473 616 2513 ὥσπερ
637 2473 707 2513 ὕδωρ
726 2474 849 2513 καθαρόν.

786 206 842 228 SCR
848 205 973 228 lvTunAE
999 205 1079 228 SAcn
1085 206 1123 227 F

865 2029 883 2051 Ε
903 2021 1024 2050 navibus
1051 2026 1094 2049 est
1120 2020 1279 2059 vestigium
1300 2020 1372 2054 via»,
1388 2023 1440 2047 aut
1461 2017 1570 2057 aquilae
1589 2020 1644 2045 vo'*
1656 2015 1677 2028 v.

1572 194 1635 238 431

900 266 960 294 alte
981 265 1099 295 volant.
1128 266 1350 305 Comprehendit
1376 272 1474 295 aulem
1497 266 1640 295 Dominus
1652 275 1672 289 v·
1688 268 1722 289 ¹³·

899 313 1042 351 sapientes
1050 313 1081 340 in
1090 312 1246 350 prudentia
1257 323 1368 349 eorum,
1377 312 1532 342 consilium
1543 318 1641 341 autem

898 357 1098 395 versipellium
1110 357 1441 398 [lissipat.}1nrzocentem
1458 368 1495 386 ex
1516 360 1639 387 necessi·
1652 371 1672 383 v.
1690 368 1725 390 ις),

901 405 1008 432 taribus
1020 405 1122 443 eripiet
1131 405 1287 441 Dominus,
1295 411 1323 433 et
1333 406 1366 433 in
1376 406 1495 444 septimo
1505 415 1565 433 non
1577 411 1640 434 tan-

900 455 947 488 get
955 459 1019 478 eum
1032 450 1151 479 malum.
1160 449 1202 480 Tu
1211 461 1282 480 vero
1294 457 1387 479 tecum
1398 457 1510 490 reputa,
1521 460 1562 479 an
1572 451 1644 490 quid
1653 458 1675 471 v.
1689 457 1727 478 27-

899 498 1121 535 perpetraveris.

943 543 1032 573 Prima
1041 543 1105 573 Johi
1115 543 1150 572 ad
1165 543 1279 583 Eliphaz
1288 543 1438 583 responsio:
1447 543 1480 573 Si
1492 553 1564 572 vero
1578 545 1645 583 quis
1656 544 1714 573 Cup·
1722 544 1746 567 6.
1758 546 1795 568 23-

901 590 1069 629 appendens
1091 590 1266 629 appenderet
1280 591 1356 617 iram
1370 599 1474 624 meam,
1488 595 1518 618 et
1528 589 1644 618 dolores

901 646 979 665 meos
1003 635 1117 665 tolleret
1137 636 1166 664 in
1178 640 1288 664 stalera
1300 637 1419 675 pariter,
1433 635 1533 675 utique
1553 645 1645 664 arena

902 684 991 712 maris
1010 684 1129 723 gravior
1152 684 1218 711 erit.
1238 683 1306 711 Item
1329 682 1399 711 illud
1415 683 1516 711 :Num
1525 682 1645 723 fnestra
1655 693 1676 707 v.
1690 684 1714 708 5.

900 729 1041 758 clamabit
1059 739 1177 769 onager,
1191 729 1248 757 nisi
1263 738 1342 757 escas
1364 729 1512 768 requirens
1522 730 1535 756 P
1549 729 1646 757 Num-

901 776 975 815 quid
984 782 1012 805 et
1027 782 1155 815 erumpet
1169 777 1201 804 in
1220 785 1321 804 vocem
1338 777 1398 810 bos,
1411 785 1475 808 cum
1489 775 1596 803 habeat
1615 774 1647 802 in

899 832 1025 862 proesepe
1050 823 1149 851 cibos?
1171 822 1325 862 Numquid
1343 821 1494 861 fortitudo
1513 821 1646 860 lapidum
1656 832 1677 845 v·
1694 831 1728 846 ιτ.

901 869 1043 906 fortitudo
1062 879 1136 904 mea,
1158 876 1208 897 aut
1229 878 1331 897 carnes
1350 877 1419 897 meoe
1445 873 1514 897 sunt
1536 878 1623 896 aeneae
1633 869 1646 895 P

906 916 999 954 Quasi
1013 911 1135 944 tentatio
1150 921 1193 955 est
1213 917 1278 944 vita
1292 915 1418 944 hominis
1429 924 1515 953 super
1527 920 1644 950 terram,
1686 928 1691 940 ι

901 966 954 989 aut
974 961 1049 989 sicut
1068 960 1233 1000 quotidiani
1249 960 1420 989 mercenarii
1439 960 1503 987 vita
1528 960 1601 998 ejus.
1616 959 1647 987 Si
1657 976 1677 990 v.

901 1014 953 1043 ego
964 1006 1093 1043 peccavi,
1107 1004 1180 1044 quid
1187 1010 1287 1044 potero
1286 1004 1392 1044 jacere
1402 1005 1415 1031 Ρ
1430 1004 1489 1040 Qui
1498 1003 1553 1032 scis
1567 1013 1643 1031 men-

901 1047 957 1079 tem
971 1051 1131 1087 hominum,
1148 1061 1239 1090 quare
1257 1051 1379 1090 posuisti
1400 1060 1444 1079 me
1464 1054 1497 1078 ut
1511 1049 1647 1089 loquerer

900 1097 1056 1126 adversum
1070 1103 1099 1126 te
1111 1100 1124 1125 Ρ

940 1145 1003 1173 Post
1015 1143 1131 1183 Eliphaz
1140 1142 1274 1172 secundus
1297 1141 1432 1181 excipiens
1454 1140 1559 1170 Baldad
1581 1142 1645 1171 Sau-

901 1190 1006 1219 cheotes
1023 1190 1126 1220 Jobum
1135 1189 1174 1218 sic
1188 1188 1355 1228 alloquitur:
1371 1187 1528 1227 Usqicequo
1545 1187 1643 1228 loque·
1656 1198 1713 1227 cap,
1725 1197 1748 1220 8.
1764 1206 1785 1220 2,

902 1237 941 1265 ris
951 1238 964 1264 P
973 1236 1095 1275 Spiritus
1106 1235 1297 1275 multiloquus
1308 1237 1340 1263 in
1357 1244 1406 1263 ore
1417 1239 1477 1262 tuo.
1491 1234 1646 1274 Numquid
1655 1228 1678 1251 3'

902 1283 1048 1312 Dominus
1061 1283 1168 1322 injuste
1180 1289 1245 1321 aget
1251 1282 1410 1321 judicans?
1419 1286 1471 1309 aut
1480 1282 1532 1320 qui
1542 1282 1644 1310 omnia

894 1330 986 1370 facit,
1002 1341 1061 1360 non
1075 1330 1223 1360 exhibebit
1236 1329 1269 1357 id
1279 1329 1358 1368 quod
1364 1329 1477 1367 justum
1497 1329 1560 1355 est?
1579 1327 1645 1356 Item

902 1376 973 1406 illud
989 1388 995 1405 τ
1012 1377 1093 1407 Sicut
1102 1387 1161 1405 non
1180 1378 1256 1404 viret
1273 1384 1405 1414 papyrus
1415 1375 1478 1403 sine
1487 1383 1577 1413 aqua,
1594 1383 1647 1401 nec
1657 1382 1795 1403 v.=1.—13.

867 1429 885 1450 Ι)
902 1425 1004 1452 crescit
1021 1425 1100 1463 prati
1120 1424 1211 1452 herba
1232 1424 1295 1451 sine
1314 1427 1398 1460 potu;
1414 1431 1482 1464 nam
1503 1420 1601 1448 adhuc
1615 1420 1646 1447 in

902 1479 956 1498 sua
980 1470 1078 1499 radice
1099 1470 1239 1503 consistit,
1257 1477 1309 1496 nec
1330 1468 1500 1502 demetetur,
1515 1471 1544 1494 et
1561 1472 1644 1494 ante-

903 1524 993 1553 quam
1009 1515 1098 1543 cadat
1109 1514 1198 1542 herba
1206 1514 1382 1546 siccabitur:
1397 1513 1439 1541 sic
1451 1516 1536 1539 erunt
1547 1513 1642 1539 novis-

902 1559 977 1586 sima
988 1559 1088 1587 omnia
1101 1567 1211 1592 eornm,
1222 1558 1273 1596 qui
1282 1556 1496 1585 obliviscuntur
1506 1556 1574 1583 Dei.

941 1604 1032 1632 Prima
1045 1603 1182 1644 responsio
1196 1603 1258 1633 Johi
1269 1602 1304 1631 ad
1322 1601 1471 1631 Baldadum
1485 1602 1577 1630 :Vere
1586 1603 1644 1630 scio
1659 1604 1714 1633 Gap·
1726 1613 1747 1633 9-
1763 1612 1784 1625 :a

902 1651 982 1689 quod
993 1653 1036 1679 ita
1049 1653 1088 1679 sit
1101 1662 1109 1679 ,·
1125 1650 1269 1690 quomodo
1287 1650 1366 1678 enim
1379 1648 1433 1676 erit
1442 1648 1538 1686 justus
1559 1647 1645 1675 homo

902 1697 982 1734 apud
993 1697 1174 1725 Dominum?
1185 1694 1326 1732 Etiamque
1340 1693 1422 1727 illud,
1440 1694 1497 1731 Qui
1513 1693 1643 1721 extendit
1656 1704 1676 1716 v⁴
1688 1696 1710 1718 8-

903 1743 1006 1772 coelum
1019 1743 1110 1780 solus,
1127 1749 1155 1772 et
1162 1741 1293 1771 ambulat
1306 1750 1391 1779 super
1404 1749 1486 1768 mare
1494 1746 1645 1780 tamquam

902 1800 988 1831 super
993 1792 1202 1829 pavimentum,
1215 1790 1266 1828 qui
1271 1787 1349 1828 fecit
1361 1786 1488 1815 Pleiada
1498 1791 1526 1815 et
1536 1788 1644 1826 Hespe-

902 1848 977 1867 rum.
995 1837 1068 1875 Quis
1077 1835 1192 1875 judicio
1207 1835 1265 1862 Dei
1278 1835 1407 1862 resistet?
1420 1832 1508 1872 Quod
1517 1834 1543 1861 si
1556 1835 1644 1861 etiam

893 1883 985 1923 suero
989 1884 1098 1922 justus,
1109 1891 1142 1910 os
1156 1890 1250 1909 meum
1264 1881 1354 1918 impia
1374 1879 1510 1918 loquetur
1521 1890 1529 1906 .-
1542 1879 1644 1907 etiam-

902 1931 928 1957 si
930 1929 1022 1969 suero
1033 1929 1095 1956 sine
1106 1927 1236 1961 crimine,
1245 1934 1353 1965 pravus
1362 1925 1497 1953 evadam.
1509 1923 1590 1953 Circa
1606 1924 1642 1952 il-

902 1974 962 2010 lud,
982 1975 1051 2003 Vita
1067 1983 1132 2002 mea
1159 1972 1252 2001 levior
1274 1977 1317 2000 est
1342 1981 1466 2000 cursore.
1489 1970 1676 2010 Numquidv.
1691 1977 1729 2028 ng..

1686 2013 1697 2027 2
1718 2023 1723 2028 .

1656 1843 1676 1857 V.
1697 1841 1731 1864 19.

1656 1876 1676 1888 V.
1690 1874 1726 1889 20.

902 2069 1003 2104 tantis,
1013 2068 1168 2107 quaerentis
1175 2075 1271 2095 escam
1281 2066 1448 2094 PMemento
1458 2065 1538 2104 quod
1549 2064 1643 2093 lutum
1659 2074 1714 2102 cap.
1728 2079 1760 2095 ω,
1770 2081 1794 2102 9.

897 2116 1013 2155 finxisti
1025 2124 1078 2151 me,
1088 2120 1116 2143 et
1130 2115 1162 2142 in
1175 2120 1281 2142 terram
1295 2122 1341 2141 me
1359 2113 1465 2141 iterum
1483 2118 1641 2140 convertes.
1659 2111 1693 2126 ¹⁰·

905 2161 1012 2190 Nonne
1030 2162 1105 2189 sicut
1117 2159 1165 2189 lac
1178 2159 1305 2188 mulsisti
1320 2168 1375 2194 me,
1387 2165 1437 2187 etc.
1451 2155 1555 2187 Essem
1573 2164 1643 2186 tam·
1656 2171 1676 2184 v.
1690 2169 1727 2191 ¹9-

904 2215 992 2244 quam
1005 2214 1063 2233 non
1066 2204 1202 2244 fuissem.
1220 2203 1280 2233 Cur
1291 2203 1327 2232 de
1341 2209 1421 2232 utero
1434 2203 1466 2230 in
1479 2211 1645 2230 monumen-

905 2255 964 2278 tum
974 2259 1032 2278 non
1050 2259 1115 2278 sum
1133 2248 1315 2278 translatus?

943 2297 1004 2325 Post
1025 2295 1141 2335 Eliphaz
1162 2295 1278 2331 Baldad,
1296 2301 1322 2324 et
1338 2301 1399 2333 post
1417 2292 1520 2323 Baldad
1541 2291 1646 2331 Sophar

903 2343 1032 2379 Menaeus,
1053 2341 1201 2371 secundum
1218 2340 1271 2370 sibi
1289 2340 1432 2380 proprium
1448 2338 1584 2370 ordinem;
1608 2336 1644 2365 ita

904 2394 934 2416 ut
951 2387 1133 2426 unusquisque
1150 2397 1244 2416 corum
1257 2393 1373 2426 speraret
1384 2396 1412 2414 se
1426 2385 1536 2414 meliora
1555 2381 1642 2410 dictu-

904 2444 965 2462 rum
990 2434 1070 2464 Jobo.
1095 2434 1160 2473 Qui,
1175 2433 1268 2462 multa
1283 2433 1363 2468 dicit,
1380 2431 1509 2460 vicissim
1530 2428 1640 2457 audiet.
1655 2433 1711 2462 Cap.
1724 2439 1745 2454 ιι
1771 2440 1793 2456 2.

903 2480 969 2508 ltcm
983 2478 1054 2507 illud
1066 2492 1072 2506 ·.
1086 2479 1225 2517 Fulgebit
1227 2478 1326 2518 facies
1338 2484 1388 2506 tua
1402 2483 1551 2514 tamquam
1565 2484 1643 2513 aqua
1655 2489 1675 2501 ν,
1692 2481 1729 2502 15.

35 2520 37 2522 Ι
82 2519 199 2560 ἘΝ-δύσῃ
211 2520 240 2550 δὲ
258 2519 349 2559 ῥύπον,
364 2519 409 2549 καὶ
423 2521 453 2549 θῦ
471 2519 611 2559 φθὸηθήσῃ
622 2541 630 2555 9
642 2519 687 2548 καὶ
713 2519 756 2549 τὸν
770 2520 851 2550 κόπον
859 2546 894 2565 509
903 2535 986 2564 pura.
1002 2526 1103 2554 Exues
1115 2531 1214 2553 autem
1229 2524 1352 2559 sordem,
1365 2529 1391 2550 et
1412 2531 1470 2550 non
1482 2521 1603 2554 timebis,
1616 2526 1642 2548 el
1653 2519 1726 2541 ‘'¹7-

82 2565 197 2651 ἐπιλέόσῃ
208 2565 298 2605 ὥσπερ
313 2568 385 2603 κῦμα
405 2565 544 2605 παρελθόν.
555 2565 590 2595 Ἣ
603 2565 654 2605 γὰρ
674 2566 738 2606 εὐχή
753 2578 799 2596 σου
814 2569 850 2601 ὡς

84 2623 137 2641 εωσ
173 2623 224 2651 ρος.

869 2575 886 2597 Α
907 2571 1032 2600 laborem
1045 2571 1221 2599 oblivisceris
1230 2576 1378 2608 tamquam
1380 2568 1509 2604 fluctum
1518 2568 1568 2605 qui
1576 2576 1644 2604 μναῖ·

907 2613 1100 2652 Ιενίε.1οναιι“ο
1119 2615 1194 2643 enim
1210 2620 1260 2642 cua
1280 2619 1428 2651 (uinquam
1450 2610 1565 2649 Lucifer
1578 2611 1642 2638 erit.
