1890 2826
109 362 155 382 ,ῘοςΑ
168 358 248 390 2415·

110 590 169 614 Jbid.
181 597 202 611 v.
210 595 247 611 22.

115 1013 133 1027 ι.
146 1005 250 1030 Cor.8.6.

261 194 333 229 612

258 268 358 296 Utrum
382 266 423 295 vis
437 265 516 305 elige,
539 270 592 294 non
612 265 689 304 quasi
709 274 752 293 res
769 264 797 292 in
811 270 856 292 tua
870 269 997 303 potestate

258 311 293 339 sit
306 310 392 350 posita
406 322 413 338 :
429 320 514 348 neque
525 309 596 339 enim
609 319 672 338 eum
685 309 765 339 Jesus
777 308 854 337 Nave
863 306 902 336 nd
912 316 997 346 popu-

259 356 316 385 lum
328 356 427 385 diceret
441 366 447 385 :
465 357 576 396 Eligite
589 356 675 384 vobis
692 355 778 384 hodie
790 355 838 383 eui
851 354 994 388 serviatis,

257 412 299 431 an
311 402 379 438 diis,
400 411 470 441 quos
487 401 639 431 coluerunt
650 407 747 440 patres
759 401 861 436 vestri,
874 410 915 428 an
935 398 996 427 Do·

949 202 1126 225 stuvnntAM

1050 264 1127 298 Ναυῆ
1142 258 1199 292 εἶπε
1210 262 1274 302 πρὸς
1287 262 1332 291 τὸν
1345 261 1407 291 λαὸν
1419 284 1426 298 ,
1440 260 1599 296 Ἐκλέξασθε
1621 262 1683 299 ὑμῖν
1696 260 1760 300 πρὸς
1770 259 1819 296 τὴν

1051 308 1168 349 σήμερον
1179 308 1231 337 τίνι
1243 307 1414 347 λατρεύοητε,
1425 306 1444 342 ἢ
1455 310 1509 340 τοῖς
1522 309 1598 342 θεοῖς,
1610 302 1649 339 οἶς
1660 306 1820 345 ἐλάτρευσαν

1042 354 1077 383 οἱ
1090 352 1200 392 πατέρες
1211 353 1295 391 ὑμῶν,
1311 351 1329 387 ἢ
1342 351 1434 392 Κυρίῳ
1446 352 1484 391 τῷ
1498 352 1562 391 Θεῷ
1574 352 1662 389 ἡμῶν,
1675 352 1705 380 οὐ
1716 350 1821 383 πάντως

1052 399 1081 427 ἐν
1094 399 1128 437 τῇ
1139 397 1244 437 ἐξουσίᾳ
1253 398 1306 426 τῶν
1319 396 1463 437 ἀνθρώπων
1475 396 1558 426 ἔδωκε
1567 397 1616 432 τὴν
1628 395 1751 436 ἐκλογὴν,
1762 397 1821 426 ἀλλ’
1854 422 1856 424 .
1879 390 1885 401 “

258 450 338 477 mino
356 448 416 476 Deo
426 454 535 484 nostro,
550 447 610 477 ideo
619 453 774 487 potestatem
785 445 902 486 eligendi
914 444 998 474 homi·
1015 450 1035 475 c
1053 442 1096 472 tva
1106 442 1189 482 δείξῃ,
1200 442 1241 471 ὅτι
1250 444 1283 481 τῇ
1294 441 1447 482 προαιρέσει
1455 442 1508 471 τῶν
1519 441 1684 481 ἀγαπώντων
1696 441 1741 470 τὸν
1752 441 1822 471 Θεὸν

258 494 377 523 minibus
398 493 567 529 conoedehat‚
582 493 630 522 sed
651 499 682 522 ut
698 491 858 526 ostenderet,
873 491 997 531 pietatem

258 539 334 578 sequi
352 539 496 568 arbitrium
516 538 689 578 diligentium
709 539 808 567 Deum.
822 538 889 567 Itein
904 536 971 566 alibi
988 548 995 564 ι

259 586 318 615 Vos
331 592 415 615 testes
421 587 489 615 estis
498 591 602 615 contra
613 594 678 621 vos,
691 584 771 624 quod
776 594 831 613 vos
840 584 998 612 Dominum

258 632 414 672 elegeritis,
429 632 470 661 ad
487 632 672 661 sevriendum
692 631 751 661 illi.
764 630 998 668 Quemadmodum

257 678 330 707 enim
353 678 392 707 ihi
415 677 489 717 optio
508 676 559 706 Dei
586 676 744 716 dignitatem
764 686 816 706 non
837 676 999 705 contumelia

257 723 357 760 affecit,
379 722 428 752 sed
450 723 566 752 liberum
586 723 729 752 arbitrium
742 722 850 762 piorum
862 721 996 751 ostendit:

253 767 297 797 sic
327 768 407 797 etiam
436 778 525 805 nunc,
554 768 576 797 si
608 768 693 798 libero
725 768 838 798 arbitrio
862 768 998 808 optionem

256 813 368 851 dedero,
383 824 435 843 non
447 814 603 853 dignitatem
609 814 768 843 contumelia
781 814 879 849 afficio,
892 813 940 843 sed
953 823 996 842 ar-

258 859 370 889 hitrium
378 859 500 899 exploro.
512 859 597 896 Illud,
612 861 797 899 cognoscant
810 862 881 899 quia
893 870 998 889 nomen

259 907 312 935 tibi
325 906 481 941 Dominus,
502 905 537 935 de
556 907 677 946 Patrone,
703 916 737 934 an
757 905 793 935 de
810 906 882 935 Filio
894 905 998 935 dietum

259 959 298 981 est
307 952 322 981 Ξ)
335 953 404 982 Nam
418 952 440 981 si
453 952 488 982 de
501 954 590 987 Patre,
607 959 634 981 et
646 952 668 981 si
682 962 777 982 nomen
791 952 876 982 Patris
889 953 924 981 sit
943 953 998 982 Do-

261 999 349 1028 minus
359 1021 367 1034 ,
392 1008 488 1027 nomen
516 1009 622 1037 quoque
649 998 713 1028 Filii
739 998 872 1028 Dominus
885 1010 892 1026 :
917 999 999 1028 Unus

259 1045 331 1074 enim
339 1046 481 1074 Dominus
486 1045 573 1074 Jesus
579 1045 720 1079 Christus,
730 1054 783 1083 per
789 1054 875 1084 quem
884 1045 998 1075 omnia.-

261 1101 324 1131 ergo
349 1089 576 1130 quemadmodum
614 1089 732 1130 dignitas
745 1112 754 1127 ,
777 1090 814 1119 ita
838 1097 864 1119 et
901 1098 998 1119 nomen

261 1147 402 1166 commune
421 1143 469 1165 est.
485 1137 589 1166 Verum
603 1135 667 1165 Filii
681 1146 777 1165 nomen
791 1135 923 1165 Dominus
933 1142 973 1165 est
989 1147 996 1164 ε

260 1193 324 1221 ergo
344 1183 417 1212 solus
439 1182 527 1211 Filius
549 1189 589 1212 est
610 1182 758 1211 Dominus:
771 1192 834 1211 nam
859 1183 902 1211 Tu
920 1183 1000 1212 solus

263 1229 435 1257 Altissimus
456 1238 542 1267 super
564 1238 678 1256 omnem
700 1234 815 1256 terram.
841 1228 914 1267 Ergo
937 1238 999 1258 cum

263 1283 334 1302 nnus
346 1279 372 1302 et
383 1273 457 1302 solus
471 1273 602 1311 Dominus
614 1273 648 1302 sit
662 1272 762 1309 Filius,
778 1274 856 1302 Pater
868 1273 972 1303 alienus
985 1284 1000 1303 a

262 1318 441 1348 dominatione
461 1318 520 1348 est?
535 1318 621 1347 Absit.
640 1319 733 1357 Neque
752 1318 825 1347 enim
839 1329 900 1347 cum
923 1320 1001 1355 Pater

262 1365 336 1394 solus
358 1364 518 1404 praedicatur
538 1365 623 1400 Deus,
639 1364 699 1393 ideo
719 1364 808 1394 Filius
826 1375 842 1393 a
860 1364 1001 1394 divinitate

1040 489 1190 518 ’ἀκολουθεῖ
1206 490 1224 523 ἡ
1236 487 1365 517 εὗσέὸεια.
1385 487 1438 517 Καὶ
1456 488 1574 527 ἀλλαχοῦ
1596 488 1611 516 6
1624 487 1719 520 αὐτός·
1742 486 1822 526 Μάρ-

1053 546 1129 574 τυρες
1148 536 1223 572 ὑμεῖς
1242 534 1300 563 καθ’
1322 534 1439 570 ἑαυτῶν,
1463 532 1504 562 ὅτι
1523 535 1599 572 ὑμεῖς
1618 531 1767 566 ἐξελέξασθε
1777 532 1823 561 τὸν

1054 580 1167 620 Κύριον,
1181 579 1316 619 λατρεύειν
1330 580 1412 619 αὖτιῖ).
1429 578 1534 619 Ὥσπερ
1555 580 1611 608 ἐκεῖ
1627 581 1645 615 ἡ
1665 578 1761 618 ἐκλογὴ
1777 581 1822 607 τοῦ

1053 627 1125 656 Θεοῦ
1143 626 1190 662 τὴν
1211 625 1286 659 ἀξίαν
1306 626 1357 664 οὐχ
1373 624 1494 664 ὕὸρισεν,
1508 625 1576 654 ἀλλὰ
1597 624 1646 661 τὴν
1671 624 1822 665 προαίρεσιν

1053 674 1106 701 τῶν
1125 671 1301 701 εὐσεὸούντων
1321 669 1431 704 ἔδειξεν·
1450 670 1520 699 οὕτω
1539 670 1586 700 καὶ
1605 673 1661 706 νῦν,
1680 670 1725 700 ἐὰν
1738 671 1776 700 δῶ
1788 672 1822 708 τῇ

1053 718 1205 758 προαιρέσει
1222 717 1271 753 τὴν
1290 716 1417 757 ἐκλογὴν,
1430 718 1460 746 οῦ
1471 716 1520 752 ἰ-ὴν
1541 716 1615 751 ἀξίαν
1627 715 1743 756 ὗὸρίζω,
1755 716 1823 746 ἀλλὰ

1053 764 1102 800 τὴν
1115 763 1267 804 προαίρεσιν
1279 762 1421 802 δοκιμάζω.
1433 762 1488 798 Τὸ,
1506 761 1653 792 Γνώτωσαν
1662 783 1671 798 ,
1682 761 1724 791 ὅτι
1738 762 1823 801 ὄνομά

1054 821 1096 839 σοι
1107 809 1219 849 Κύριος,
1234 804 1286 848 ἆρα
1302 808 1364 847 περὶ
1381 807 1488 847 Πατρὸς
1510 807 1629 847 εἴρηται,
1640 807 1658 843 ἢ
1670 807 1822 847 περὶιΪὶοῦς

1055 857 1089 885 Εἰ
1101 855 1148 894 μὲν
1161 855 1213 895 γὰρ
1225 854 1286 894 περὶ
1300 853 1420 893 Πατρὸς,
1435 854 1480 883 καὶ
1492 853 1574 892 ὄνομα
1588 856 1632 883 τοῦ
1646 853 1753 894 Πατρὸς
1763 852 1821 884 Κύ·

1056 911 1122 939 ριος,
1141 899 1224 938 ὄνομα
1246 898 1291 928 καὶ
1311 900 1357 928 τοῦ
1380 898 1445 927 Υἱοῧ
1464 897 1576 937 Κύριος·
1596 893 1643 932 Εἷς
1664 898 1716 937 γὰρ
1727 896 1824 937 Κύριος

1016 947 1036 970 D
1056 946 1157 980 Ἰησοῦς
1178 944 1309 984 Χριστὸς,
1325 944 1358 973 δι’
1373 940 1403 973 οὗ
1422 943 1456 973 τὰ
1469 943 1572 973 πάντα·
1590 943 1642 983 ἄρα
1654 942 1686 972 τὸ
1698 946 1710 959 “
1720 942 1824 982 ἀξίωμα

1055 990 1145 1030 ὥσπερ
1158 991 1244 1022 κοινὸν
1256 1012 1264 1025 ,
1284 990 1330 1019 καὶ
1351 989 1381 1018 τὸ
1398 990 1492 1029 ὄνομα.
1509 990 1588 1019 Ἀλλὰ
1599 992 1645 1019 τοῦ
1659 990 1725 1019 Υἱοῦ
1741 989 1825 1027 ὄνομα

1054 1036 1094 1071 τὸ,
1108 1035 1220 1076 Κύριος·
1233 1035 1310 1069 αὐτὸς
1332 1031 1376 1065 οὖν
1399 1035 1475 1074 μόνος
1487 1035 1583 1075 Κύριος
1598 1038 1613 1065 6
1629 1035 1693 1068 Υἱός
1702 1046 1709 1053 ·
1721 1034 1760 1065 Σὺ
1772 1034 1824 1074 γὰρ

1056 1077 1080 1111 εἶ
1093 1081 1169 1120 μόνος
1180 1081 1307 1121 Ὕψιστος
1318 1081 1363 1111 ἐπὶ
1373 1085 1461 1110 πᾶσαν
1475 1081 1524 1117 τὴν
1537 1080 1666 1121 γῆν.”Αρα
1677 1077 1721 1110 οῦν
1732 1081 1775 1110 ὅτε
1788 1076 1825 1113 εἷς

1055 1127 1100 1159 καὶ
1114 1127 1190 1166 μόνος
1205 1127 1301 1167 Κύριος
1312 1129 1326 1156 6
1339 1126 1416 1164 Υἱὸς,
1428 1126 1564 1167 ἀλλότριος
1582 1129 1630 1163 τ’ῆς
1643 1126 1796 1166 κυριότητος
1810 1128 1825 1155 6

1055 1173 1170 1213 Πατήρ;
1181 1173 1228 1209 Μὴ
1242 1172 1352 1213 γένοιτο.
1362 1173 1433 1203 Οὐδὲ
1444 1172 1496 1213 γὰρ
1507 1174 1521 1202 6
1535 1171 1630 1213 Πατὴρ
1642 1172 1684 1202 ὅτε
1698 1171 1825 1213 κηρύττε-

1055 1231 1101 1248 ται
1113 1218 1191 1258 μόνος
1204 1215 1241 1252 εἷς
1251 1221 1265 1248 6
1273 1219 1352 1256 Θεὸς,
1363 1218 1520 1248 {aemma
1529 1220 1544 1248 6
1552 1218 1616 1252 Υἱὸς
1624 1220 1673 1254 τῆς
1687 1218 1809 1255 θεότητος
1816 1229 1824 1237 ·

1056 1265 1104 1295 Ἐν
1124 1267 1194 1306 ἀρχῇ
1207 1264 1258 1304 γὰρ
1276 1260 1310 1301 ἦν
1323 1266 1337 1294 6
1352 1263 1437 1303 Λόγος
1446 1286 1454 1301 ,
1467 1264 1513 1294 καὶ
1525 1266 1540 1293 6
1551 1263 1636 1303 Λόγος
1653 1260 1686 1301 ἦν
1701 1264 1767 1306 πρὸς
1779 1264 1825 1294 τὸν

1055 1311 1136 1348 Θεὸν,
1146 1311 1192 1340 καὶ
1202 1310 1270 1343 Θεὸς
1283 1306 1316 1346 ἦν
1327 1312 1341 1339 6
1355 1309 1449 1349 Λόγος.
1461 1309 1532 1339 Οὔτε
1546 1305 1591 1340 οὖν
1602 1310 1633 1340 τὸ
1639 1333 1649 1346 ,
1661 1310 1730 1344 Θεὸς
1740 1313 1755 1340 6
1765 1310 1825 1340 Πα-

1056 1356 1116 1396 τὴρ,
1129 1355 1246 1396 ἀφορίζει
1262 1355 1308 1384 τὸν
1320 1355 1384 1385 Υἱὸν
1395 1357 1444 1390 τῆς
1458 1354 1594 1390 θεότητος·
1607 1355 1653 1385 καὶ
1664 1355 1716 1396 γὰρ
1729 1356 1798 1390 Θεὸς
1809 1359 1825 1386 6

145 1421 173 1434 an
212 1429 216 1433 -
247 1410 386 1449 -privatur
401 1421 408 1438 ε
424 1419 484 1438 nam
509 1411 547 1438 In
569 1406 712 1449 prineipib
726 1416 791 1438 erat
810 1409 952 1445 Verbum,
972 1417 1001 1439 et
1018 1404 1037 1428 Ε
1056 1401 1154 1440 ΛόΥΟΨ
1170 1401 1230 1430 ⁰5²²
1243 1399 1296 1439 μὴν
1308 1402 1323 1429 ὁ
1335 1400 1414 1436 Υἱὸς,
1427 1400 1490 1429 ὅταν
1508 1400 1633 1439 λέγηται,
1655 1397 1703 1434 Εἷς
1714 1401 1823 1442 Κύρῑος,

114 1641 179 1662 Psal.
202 1647 252 1671 ¹⁰9-

116 1791 138 1806 2.
149 1785 202 1806 cor.
214 1784 236 1807 3.

171 1846 254 1868 Contra

113 2426 199 2447 ΜηιιΙι.
212 2432 251 2448 22.

112 2456 150 2486 lsi.

264 1458 389 1486 Verbum
403 1463 467 1486 erat
489 1457 570 1496 apud
582 1457 688 1493 Deum,
704 1463 733 1486 et
747 1457 828 1485 Deus
850 1463 914 1485 erat
931 1458 1001 1486 Ver-

264 1505 342 1532 bum.
357 1503 430 1542 Ergo
447 1513 534 1541 neque
546 1502 606 1538 hoc,
621 1503 702 1532 Deus
715 1503 816 1538 Pater,
832 1502 934 1531 Filium
954 1513 1002 1533 ex·

263 1548 349 1578 cludit
370 1548 567 1583 ⁸&divinitatem
588 1559 649 1577 nam
672 1549 751 1578 Deus
773 1555 837 1577 erat
856 1549 1000 1585 Verbum

264 1605 349 1634 neque
362 1605 425 1624 cum
438 1594 526 1623 Filius
538 1594 649 1629 dicitur,
669 1595 751 1624 Unus
765 1595 919 1631 Dominus,
932 1595 1001 1625 alie-

264 1650 314 1669 nus
324 1640 473 1669 ostenditur
485 1642 562 1670 Pater
581 1650 596 1669 a
615 1640 797 1669 dominatione
811 1652 818 1669 ε
834 1651 896 1669 nam
915 1641 1002 1671 Dixit

265 1689 407 1715 Dominus
428 1687 555 1716 Domino
571 1697 653 1723 meo,
665 1687 738 1716 Sede
756 1697 776 1715 a
790 1687 904 1716 dextris
918 1689 999 1716 meis.

262 1733 395 1762 Dominus
415 1744 478 1773 ergo
496 1735 584 1768 Pater,
599 1733 731 1762 Dominus
750 1733 853 1769 Filius,
868 1733 1001 1771 Dominus

262 1780 380 1819 Spiritus
398 1787 504 1809 sanctus
521 1792 527 1808 :
545 1780 689 1809 Dominus
709 1781 787 1808 enim
806 1779 926 1819 Spiritus
948 1786 1001 1809 est.

263 1824 316 1854 Sed
329 1836 438 1854 rursum
454 1825 594 1854 haereticus
613 1831 784 1864 exasperatur
804 1825 999 1864 excitanturque,

178 1884 210 1897 m·
222 1885 246 1898 ο-
263 1881 294 1900 ac
306 1871 452 1900 Dominum
470 1871 582 1900 audiens
595 1870 726 1910 Spin'tum
739 1877 870 1905 sanctum,
883 1870 1001 1900 disrum-

178 1915 211 1929 ⁰³⁸
263 1917 347 1956 pitur.
366 1916 518 1954 Quomodo,
544 1916 642 1954 inquit,
661 1916 779 1955 Spiritus
799 1923 837 1946 est
857 1917 999 1954 Dominus,

265 1964 313 2000 qui
325 1973 373 2002 per
387 1962 544 2002 proplietam
564 1961 695 1991 Davidem
709 1961 830 2000 loquens,
846 1962 948 1991 Filium
960 1973 1002 1992 ce-

263 2008 348 2037 lebrat
359 2008 403 2036 his
412 2007 512 2043 verbis,
527 2008 610 2036 Dixit
626 2008 769 2036 Dominus
782 2008 909 2037 Domino
920 2019 980 2037 meo
988 2011 1001 2036 P

263 2052 376 2089 Viden',
392 2053 490 2090 inquit,
504 2053 636 2093 Spiritum
650 2060 772 2082 sanctum
784 2065 832 2094 per
844 2054 1000 2094 prophetam

262 2097 414 2136 loquentem
428 2098 575 2127 Dominum
589 2098 708 2127 confiteri
722 2109 802 2128 suum
815 2106 840 2128 et
859 2101 964 2129 Patrem
976 2107 1002 2130 et

263 2143 387 2172 Filium?
398 2143 473 2180 Quid
487 2144 581 2182 igitur,
593 2143 707 2172 fratres?
716 2145 756 2173 Ne
769 2145 903 2184 proposita
918 2145 1001 2175 dictio

262 2188 336 2228 apud
350 2189 485 2219 auditores
499 2189 527 2218 in
541 2189 625 2219 dubio
640 2196 771 2226 versetur,
787 2191 813 2219 in
830 2191 914 2230 ipsam
928 2193 1001 2221 vocis

261 2233 474 2273 disquisitionem
489 2235 605 2273 veniam,
618 2242 704 2264 totum
716 2236 794 2265 vohis
806 2236 930 2267 dictionis
942 2249 1000 2267 sen-

262 2290 323 2309 sum
332 2280 483 2320 explicabo.

301 2327 332 2355 9.
353 2327 479 2356 Sewator
503 2326 649 2363 aliqnando
661 2339 680 2363 ,*
697 2337 760 2356 cum
790 2327 818 2356 in
844 2328 1000 2360 Judaeorum

262 2381 396 2412 synagoga
415 2371 564 2412 disputaret
586 2372 791 2412 explet-aretque
814 2384 895 2412 quam
907 2374 949 2404 'de
973 2387 1000 2406 se

262 2417 414 2457 opinionem
427 2429 487 2457 pars
498 2418 583 2458 major
595 2419 715 2455 haberet,
727 2420 763 2454 ait
775 2420 840 2453 illis,
856 2422 944 2459 Quem
956 2424 1002 2452 di-

262 2465 326 2492 citis
343 2473 404 2492 esse
419 2464 588 2493 Christum?
606 2466 688 2503 cujus
701 2465 786 2504 filius
802 2472 845 2494 est
856 2469 869 2494 Ρ
880 2467 1003 2507 Respon-

262 2510 325 2539 dent
339 2511 432 2540 scribm
447 2518 473 2540 ct
493 2511 630 2547 Pharisaei,
650 2512 761 2541 David.
788 2513 858 2542 Hinc
873 2515 1003 2545 Dominus

1056 1446 1192 1486 ἀλλότριον
1208 1446 1322 1476 δείκνυσι
1332 1445 1378 1475 τὸν
1388 1445 1499 1485 Πατέρα
1515 1448 1563 1482 τῆς
1577 1446 1742 1487 κυριότητος·
1756 1442 1823 1477 Eine

1055 1493 1107 1532 γὰρ
1124 1495 1138 1523 6
1152 1492 1248 1532 Κύριος
1266 1494 1305 1532 τῷ
1323 1491 1414 1532 Κυρίῳ
1434 1503 1499 1531 μου,
1521 1492 1601 1522 κάθου
1614 1494 1645 1522 ἐκ
1658 1492 1748 1527 δεξιῶν
1761 1505 1822 1532 μου.

1058 1538 1153 1579 Κύριος
1164 1534 1208 1567 οὗν
1218 1540 1232 1567 6
1243 1538 1349 1577 Πατὴρ,
1359 1537 1455 1578 Κύριος
1464 1540 1478 1568 6
1489 1537 1562 1573 Υἱὸς,
1570 1538 1666 1579 Κύριος
1674 1538 1705 1568 τὸ
1712 1540 1824 1578 Πνεῦμα

1055 1584 1086 1614 τὸ
1106 1584 1179 1624 ἅγιον
1189 1596 1196 1602 ·
1207 1585 1221 1612 6
1234 1583 1285 1623 γὰρ
1298 1583 1396 1623 Κύριος
1408 1584 1439 1613 τὸ
1450 1584 1563 1622 Πνεῦμά
1582 1585 1665 1614 ἐστιν.
1680 1585 1759 1615 Ἀλλὰ
1771 1586 1824 1615 πά-

1056 1631 1097 1659 λιν
1119 1632 1133 1659 ὁ
1155 1630 1285 1670 αἱρετικὸς
1305 1629 1478 1669 παροξύνεται
1496 1629 1646 1670 ἀνακύψας,
1665 1631 1710 1660 καὶ
1726 1631 1824 1672 Κύριον

1056 1675 1170 1709 ἀκούσας
1182 1676 1212 1705 τὸ
1225 1677 1337 1714 Πνεῦμα
1349 1675 1380 1705 τὸ
1391 1675 1474 1715 ἅγιον,
1486 1675 1682 1716 διαῤῥήγνυται.
1692 1676 1745 1707 Καὶ
1758 1680 1837 1713 πῶς,’

1055 1721 1136 1762 φησὶ,
1159 1721 1188 1750 τὸ
1210 1723 1320 1760 Πνεῦμα
1342 1721 1439 1761 Κύριος
1448 1743 1457 1758 ,
1471 1721 1551 1751 ὁπότε
1564 1722 1608 1752 διὰ
1621 1724 1668 1751 τοῦ
1689 1723 1825 1763 προφήτου

1056 1767 1139 1796 Δαυὶδ
1148 1767 1324 1807 φθεγγόμενον
1336 1768 1445 1806 ἀνυμνεῖ
1458 1767 1503 1796 τὸν
1515 1767 1579 1797 Υἱὸν
1588 1789 1596 1802 ,
1608 1767 1684 1807 λέγον
1693 1790 1701 1804 ,
1716 1764 1799 1798 Εἶπεν
1810 1771 1826 1798 ὁ

1056 1810 1154 1854 Κύριος
1162 1815 1200 1853 τῷ
1208 1813 1300 1853 Κυρίῳ
1311 1825 1377 1852 μους
1389 1813 1480 1854 Ὁρᾷς,
1488 1814 1562 1854 φησὶ,
1573 1814 1604 1844 τὸ
1615 1815 1726 1854 Πνεῦμα
1737 1816 1768 1845 τὸ
1778 1817 1826 1844 λα-

1056 1860 1118 1888 λοῦν
1137 1859 1180 1889 διὰ
1199 1863 1245 1889 τοῦ
1265 1859 1402 1899 προφήτου
1414 1861 1550 1899 ὁμολογεῖν
1563 1860 1661 1900 Κύριον
1675 1863 1769 1890 ἑαυτοῦ
1781 1861 1826 1890 καὶ

1012 1928 1048 1947 52⁶
1057 1905 1102 1934 τὸν
1115 1905 1225 1944 Πατέρα
1238 1905 1284 1935 καὶ
1302 1906 1346 1934 τὸν
1360 1906 1438 1943 Υἵόν;
1453 1906 1490 1935 Τί
1505 1902 1561 1942 οὖν,
1582 1907 1706 1947 ἀδελφοίς
1718 1907 1776 1936 Ἵνα
1787 1907 1825 1946 μὴ

1020 1957 1039 1978 Δ
1054 1952 1147 1980 πλεῖον
1158 1953 1175 1986 ἡ
1189 1950 1258 1984 λέξις
1270 1955 1475 1991 προσενεχθεῖσα
1488 1951 1634 1992 ἀμφίὸολος
1650 1952 1760 1992 γίνηται
1773 1957 1826 1986 τοῖς

1058 1997 1214 2035 ἀκροαταῖς,
1229 1998 1270 2025 ἐπ’
1287 1997 1368 2033 αὐτὴν
1387 1996 1443 2032 ἥξω
1462 1996 1511 2032 τὴν
1530 1997 1648 2030 ἐξέτασιν
1660 2001 1706 2027 τοῦ
1728 1998 1806 2037 λόγου
1817 2021 1825 2034 ,

1057 2046 1145 2071 πᾶσαν
1156 2043 1216 2080 ὑμῖν
1229 2042 1369 2076 ἀναπτύξω
1382 2045 1429 2078 τῆς
1441 2042 1535 2076 λέξεως
1546 2043 1596 2078 τὴν
1610 2043 1730 2083 θεωρίαν.

1097 2332 1131 2363 Ὁ
1145 2333 1242 2374 Σωτήρ
1261 2345 1325 2363 ποτε
1345 2335 1378 2374 ἰ-’ᾗ
1392 2333 1525 2364 Ἰουδαίων
1539 2337 1678 2376 συναγωγῇ
1694 2337 1824 2376 προσδια-

1056 2379 1204 2418 λεγόμενος,
1220 2379 1266 2408 καὶ
1277 2380 1425 2418 δοκιμάζων
1434 2380 1468 2415 ἣν
1481 2380 1572 2421 ἔχουσι
1585 2381 1645 2421 περὶ
1659 2383 1738 2411 αὐτοῦ
1751 2382 1825 2416 δόξαν

1056 2424 1101 2453 καὶ
1113 2424 1243 2464 ὑπόληψιν
1255 2427 1279 2454 οἱ
1291 2425 1400 2462 πολλοὶ,
1413 2425 1485 2465 λε’γει
1503 2427 1568 2466 πρὸς
1579 2426 1672 2460 αὐτούς
1680 2439 1686 2445 ·
1702 2427 1770 2457 Τίνα
1780 2428 1825 2457 λέ·

1056 2482 1115 2509 γετε
1133 2465 1199 2499 εἶναι
1210 2470 1254 2500 τὸν
1268 2471 1398 2510 Χριστόν;
1416 2471 1486 2504 τίνος
1505 2472 1575 2501 ἐστὶν
1587 2474 1601 2501 6
1614 2472 1683 2508 υἷός;
1698 2473 1826 2513 Λέγουσιν

1056 2519 1080 2546 οἳ
1098 2523 1264 2557 γραμματεῖς
1283 2518 1328 2548 καὶ
1342 2514 1366 2547 οἳ
1378 2519 1532 2558 Φαρισαῖοι,
1545 2520 1600 2548 Τοῦ
1614 2519 1706 2549 Δαυίδ.
1728 2515 1795 2549 Εἶτα
1813 2522 1828 2548 ὃ
1846 2530 1859 2533 “

297 2596 306 2606 ¹·
325 2588 410 2619 [savit
429 2590 454 2614 in
468 2594 535 2614 textu
548 2594 574 2616 τὸ
586 2593 684 2623 ἀξίωμα,
698 2593 772 2623 ὥσπερ
784 2596 853 2618 κοινὸν
865 2604 885 2617 κ.
897 2604 918 2619 τ.
935 2596 954 2619 ὅ,
968 2603 972 2617 2
983 2594 1009 2620 in
1027 2603 1105 2628 marg.
1118 2596 1182 2628 conj.
1203 2599 1291 2630 ἀξίωμα
1301 2600 1378 2630 κοινὲν,
1390 2599 1463 2631 ὥσπερ
1474 2608 1486 2623 κ
1498 2608 1520 2623 τ.
1533 2597 1566 2630 62]
