1890 2826
92 281 148 303 lsai*
160 282 197 304 50.
205 282 228 310 4

88 657 199 689 Ριαὶ.44.
206 664 227 681 2.

87 846 166 869 Amos.
182 855 203 877 7.

90 992 159 1014 Mich.
172 991 193 1013 3.
205 990 229 1014 8.

92 1414 142 1435 Jer.
152 1419 172 1434 ι.
187 1410 223 1434 18.

92 1457 175 1479 Ezesh.
184 1457 233 1480 2.6.

94 1550 171 1571 Exod.
186 1549 208 1578 {0-

95 1588 130 1603 xo.

92 2102 164 2124 Mich.
173 2103 197 2126 3.
207 2101 232 2125 8.

91 2197 141 2219 Jer.
157 2204 211 2219 1-1.

91 2244 195 2267 Nahum.
212 2252 231 2267 1.

96 2284 114 2298 1.

240 163 263 206 4

239 233 290 262 bus
313 233 394 272 liujus
420 231 524 262 mundi.
538 232 619 270 Quod
639 233 710 263 enim
723 233 777 263 alio
790 234 913 264 audirent
923 245 980 264 mo-

239 279 286 316 do,
301 290 383 318 qnam
397 279 495 319 reliqui
513 279 646 316 homines,
662 280 692 310 id
713 280 759 310 ille
772 281 810 310 ait
830 293 838 309 z
853 282 981 312 Addidit

239 328 312 356 mihi
324 337 424 357 aurem
446 328 487 357 ad
502 327 695 357 audiendum.
717 327 872 359 Sermonem
894 336 983 359 autem

239 374 293 405 fide
316 373 431 415 dignum
444 374 533 405 reddit
556 386 618 404 cum
641 375 688 412 ait,
710 375 801 412 Vu'n‘o,
815 375 982 406 auditorem-

238 432 291 460 que
301 422 410 459 excitat,
431 421 503 451 etad
516 432 578 451 eum
590 421 637 460 qui
651 431 693 451 res
713 421 837 452 exhibuit
849 422 984 452 transmit-

238 469 281 498 tit.
308 471 370 499 Mos
389 468 460 499 enim
480 475 536 499 erat
561 469 700 507 omnibus,
715 470 763 508 qui
786 470 836 500 Dei
859 470 932 500 dicta
954 471 982 500 in

237 517 304 546 alios
319 516 544 553 transmittebant,
567 516 638 546 illud
659 523 719 546 ante
741 517 793 548 alia
807 517 980 556 constituere,

237 574 265 593 se
279 563 348 592 nihil
362 575 377 593 a
392 563 543 604 semetipsis
560 563 646 602 loqui,
662 563 710 593 sed
722 564 817 595 divina
827 565 861 594 ab
875 576 903 595 se
916 576 980 606 pro—

236 609 301 638 ferri
312 609 420 639 oracula
433 616 459 638 et
472 609 572 650 scripta
587 620 621 639 ex
634 609 706 639 eaelis
717 609 816 640 delata.
832 611 878 642 Sic
893 611 982 642 David

237 655 342 685 aiebat:
357 656 474 695 Lingua
494 666 558 686 mea
570 656 704 685 calamus
721 657 822 686 scriboe
842 657 985 688 velociter

237 704 396 733 scribentis.
410 703 451 732 Ne
464 710 542 743 putes
554 703 638 743 igitur
658 704 748 734 literas
760 714 796 734 ex
808 704 910 735 calamo
919 716 983 747 pro-

236 748 307 785 dire,
321 749 369 778 sed
379 760 414 779 ex
427 749 536 779 dextera
557 750 670 780 tenentis
681 761 742 780 eum
757 762 764 785 ;
782 750 811 781 id
819 758 869 788 est,
883 762 937 782 non
948 763 983 782 ex

236 796 329 836 lingua
340 796 461 831 Davidis,
471 796 518 826 sed
526 808 561 827 ex
570 797 655 837 gratia
667 798 754 837 ipsam
763 806 893 829 movente.
905 799 982 829 Alius

237 853 302 872 vero
316 843 445 884 propheta
469 843 590 884 idipsum
614 843 753 874 declarans
776 844 882 875 dicebat
896 858 902 875 :
927 847 982 876 Ca-

237 891 352 927 prarius
362 899 441 918 eram
455 899 622 927 sycomoros
637 890 779 927 evellens‚·
793 901 826 920 ne
839 891 900 931 quis
911 891 982 921 dicta

238 934 362 964 humanm
375 934 510 975 sapientiae
534 935 707 966 adscriberet.
732 937 826 976 Neque
839 937 890 967 hoc
908 937 982 967 dicto

569 172 598 195 S.
627 172 768 196 JOANNIS
794 173 976 197 cnRYSOST.
1010 176 1164 200 ARCHIEP.
1193 178 1466 204 CONSTANTINOP-

1037 249 1087 285 ρως
1100 238 1194 273 ἤκουον
1209 239 1280 279 παρὰ
1295 241 1354 274 τοὺς
1369 242 1474 275 λοιποὺς
1487 245 1538 271 τῶν
1554 243 1706 282 ἀνθρώπων,
1721 245 1786 284 φησί
1795 255 1800 263 ·

1036 283 1190 322 Προσέθηκέ
1202 296 1252 324 μοι
1267 286 1343 316 ὠτίον
1358 288 1469 317 ἀκούειν.
1484 289 1560 317 Ποιεί
1572 288 1599 318 δὲ
1614 289 1658 318 καὶ
1670 289 1713 319 τὸν
1726 290 1802 329 λόγον

1037 328 1196 368 ἀξιόπιστον,
1208 331 1298 372 ὅρασιν
1309 333 1400 368 εἰπὼν,
1413 335 1457 363 καὶ
1472 335 1592 370 ἀνίστησι
1603 335 1647 364 τὸν
1661 337 1802 375 ἀκροατὴν,

1036 374 1081 404 καὶ
1103 377 1276 416 παραπέμπει
1299 379 1363 419 πρὸς
1389 380 1433 409 τὸν
1453 380 1486 409 τὰ
1508 381 1652 420 πράγματα
1674 380 1801 415 δείξαντα.

1035 420 1115 455 Ἐθος
1127 422 1177 463 γὰρ
1191 425 1278 458 αὐτοῖς
1291 425 1375 456 ἅπασι
1389 430 1442 460 τοῖς
1459 427 1531 466 παρὰ
1546 430 1591 456 τοῦ
1606 428 1676 457 Θεοῦ
1691 428 1803 467 διαπορ-

1001 471 1020 495 C
1037 467 1161 506 θμεύουσι
1180 469 1214 499 τὰ
1227 470 1372 510 λεγόμενα,
1386 475 1462 501 τοῦτο
1483 474 1533 513 πρὸ
1549 476 1601 502 τῶν
1615 474 1702 503 ἄλλων
1717 486 1801 503 κατα-

1037 513 1180 550 σκευάζειν,
1201 517 1237 549 ὡς
1260 516 1333 546 οὐδὲν
1356 518 1454 548 οἴκοθεν
1475 517 1668 558 ι’φθε’γγονται,
1687 520 1746 549 ἀλλ’
1761 519 1801 549 ὅτι

1036 562 1099 589 θεῖοι
1111 562 1228 601 χρησμοί
1239 562 1306 597 τινές
1319 565 1371 594 εἶσι
1390 565 1423 595 τὰ
1434 565 1562 604 λεγόμενα
1572 588 1579 601 ,
1594 566 1638 595 καὶ
1654 566 1801 606 γράμματα

1035 606 1065 635 ἐκ
1085 607 1138 636 τῶν
1161 609 1276 648 οὖρανῶν
1290 610 1454 640 καταὸάντα.
1471 611 1550 640 Οὕτω
1563 612 1607 641 καὶ
1621 614 1635 641 ὁ
1649 612 1733 641 Δαυίδ
1743 624 1748 630 ·
1765 611 1800 641 Ἡ

1034 652 1143 690 γλῶσσά
1167 665 1217 692 μου
1237 655 1356 694 κάλαμος
1376 658 1554 696 γραμματέως
1577 658 1730 698 ὀξυγρᾶφου.
1752 659 1798 694 Μὴ

1034 698 1121 728 τοίνυν
1133 701 1178 729 τοῦ
1189 701 1309 741 καλάμου
1328 702 1416 741 νόμιζε
1430 699 1495 733 εἶναι
1507 704 1540 733 τὰ
1553 704 1698 744 γράμματα
1709 727 1717 741 ,
1731 705 1800 735 ἀλλὰ

1034 745 1082 779 τῆς
1109 746 1272 786 κατεχούσης
1294 748 1372 778 αὐτὸν
1399 749 1503 786 δεξιᾶς,
1527 751 1666 785 τουτέστι,
1693 751 1730 789 μὴ
1753 754 1800 787 τῆς

1034 790 1154 829 γλώττης
1173 795 1219 822 τοῦ
1233 793 1316 823 Δαυὶδ
1325 816 1332 831 ,
1348 795 1416 824 ἀλλὰ
1429 798 1477 831 τῆς
1492 796 1614 832 κινούσης
1630 797 1707 826 αὐτὸν
1721 798 1799 837 χάρι-

1034 848 1086 870 τος.
1106 837 1158 868 Καὶ
1180 838 1267 879 ἕτερος
1286 839 1314 869 δὲ
1336 841 1473 881 προφήτης
1495 845 1571 871 τοῦτο
1588 843 1651 872 αὐτὸ
1670 844 1799 873 ἐνδεικνύ-

1035 894 1111 921 μενος
1136 884 1235 924 ἔλεγεν,
1261 885 1302 916 ὅτι
1324 886 1439 921 Αἷπόλος
1458 887 1540 927 ἤμην,
1564 889 1645 928 φησὶ,
1669 890 1799 928 συκάμινα

1033 929 1143 963 κνίζων·
1166 929 1209 960 ἵνα
1231 930 1268 970 μὴ
1291 932 1440 973 ἀνθροητίνῃ
1461 934 1540 974 σοφίᾳ
1561 934 1595 964 τὰ
1613 935 1741 975 λεγόμενά
1760 948 1799 968 τις

238 988 376 1011 contentus
391 981 452 1018 fuit,
468 980 516 1011 sed
532 981 609 1011 aliud
630 982 736 1012 addidit
747 983 791 1013 his
803 983 892 1014 verbis
905 995 912 1012 ι
925 984 982 1014 Sed
999 981 1019 1005 Β
1033 975 1180 1015 λογίσηται·
1200 977 1253 1007 Καὶ
1267 978 1326 1007 οὖδὲ
1339 979 1423 1020 τούτῳ
1437 980 1552 1020 ἠρκέσθη
1571 981 1657 1020 μόνον,
1674 982 1741 1011 ἀλλὰ
1754 982 1799 1011 καὶ

238 1038 289 1067 ego
299 1027 426 1066 repletus
433 1037 495 1056 sam
505 1028 681 1067 fortitudine
691 1026 836 1068 inSpiritu
847 1030 980 1067 Domini,

239 1080 267 1103 et
284 1074 410 1113 judicio,
426 1080 454 1103 et
466 1075 609 1113 potentia.
625 1074 720 1104 Gratia
740 1074 841 1115 quippe
853 1075 916 1105 illos
929 1085 982 1104 non

238 1121 319 1150 modo
332 1121 474 1161 sapientes,
500 1120 548 1151 sed
561 1121 643 1150 etiam
660 1122 742 1151 fortes
763 1121 906 1158 efficiebat,
929 1131 983 1152 non

239 1167 359 1207 corporis
373 1167 571 1205 constitutione,
589 1167 637 1197 sed
647 1175 743 1197 mente.
757 1168 829 1205 Quia
837 1168 909 1197 enim
920 1178 983 1198 cum

238 1213 341 1254 populo
347 1224 405 1242 rem
414 1213 549 1243 habebant
561 1213 662 1243 audace
672 1219 698 1243 et
706 1213 910 1254 impudentc,ac
920 1224 982 1243 san-

239 1259 316 1299 guini
325 1259 518 1299 prophetarum
529 1259 659 1295 inhiante,
670 1267 876 1298 sanctorumque
884 1258 983 1289 caedem

239 1307 378 1344 moliente,
386 1306 471 1336 multa
480 1314 551 1337 certe
560 1306 602 1335 illi
613 1306 726 1346 egebant
734 1306 901 1344 fortitudine,
913 1314 942 1336 ut
950 1318 983 1337 ne

239 1363 331 1383 eorum
345 1353 475 1393 impetum
496 1353 679 1383 formidarent.
692 1352 756 1383 Ideo
770 1353 893 1383 Jeremiae
911 1353 984 1384 dici—

240 1406 296 1436 tur,
311 1399 404 1429 Posui
426 1405 454 1429 tc
463 1405 496 1429 ut
512 1400 680 1429 columnam
685 1399 820 1440 ferream
835 1406 863 1429 et
876 1406 908 1430 ut
922 1411 984 1430 mu-

241 1456 304 1476 rum
327 1455 447 1481 oereum;
462 1445 598 1476 Ezechieli
610 1452 710 1483 autem,
728 1447 764 1475 In
786 1446 882 1475 medio
904 1457 984 1476 scor-

239 1494 355 1531 piorum
375 1498 406 1522 tu
425 1493 553 1530 habitas,
575 1503 612 1522 ne
631 1495 732 1522 timeas
746 1493 855 1533 afacie
873 1503 982 1531 eorum,

242 1549 336 1578 neque
337 1539 497 1580 formides.
505 1540 613 1579 Moyses
625 1549 733 1578 quoque
746 1550 809 1568 cum
822 1539 982 1578 mitteretur,

241 1595 294 1615 non
308 1584 474 1614 Pharaonem
488 1591 601 1621 tantum,
615 1584 662 1614 sed
680 1591 706 1614 et
729 1585 862 1625 populum
880 1585 984 1616 Juda‘i-

241 1642 302 1660 cum
316 1637 448 1668 metuens,
462 1641 597 1660 recusasse
607 1630 675 1660 mihi
689 1630 807 1661 videtur.
829 1632 916 1661 Deum
930 1632 984 1672 igi-

241 1686 286 1707 tur
310 1677 460 1716 alloquens,
477 1678 593 1707 barbaro
615 1677 739 1716 dimisso,
754 1677 871 1708 ediscere
883 1679 984 1719 ingenti

242 1723 332 1754 studio
349 1724 516 1764 peroptabat,
531 1723 599 1763 quid
613 1723 758 1754 dicendum
770 1723 838 1764 ipsis
850 1731 917 1754 esset
930 1735 983 1754 non

241 1769 422 1805 credentibus,
434 1780 462 1799 se
475 1782 490 1800 a
504 1772 562 1800 Deo
573 1771 685 1800 missum
700 1770 823 1800 accedere
835 1782 842 1805 ;
858 1771 986 1810 signaque

241 1817 344 1858 accepit
361 1815 396 1845 ad
422 1815 534 1846 illorum
547 1823 663 1846 mentem
683 1815 861 1856 subigendam
882 1827 986 1857 oppor-

241 1872 306 1894 tuna
326 1878 334 1893 :
349 1869 376 1895 et
392 1865 488 1895 merito
510 1862 631 1903 quidem.
646 1863 716 1893 Nam
740 1862 763 1891 si
790 1872 860 1891 unus
873 1862 984 1892 illorum

240 1912 331 1952 ipsum
345 1912 381 1942 ita
395 1910 536 1946 exterruit,
549 1916 575 1939 et
588 1908 699 1948 quidem
718 1909 849 1938 beneficio
862 1909 983 1945 affectus,

240 1957 308 1996 quid
321 1967 430 1998 passum
438 1967 495 1986 esse
502 1954 651 1985 verisimile
659 1961 698 1983 est
708 1954 895 1984 turbulentum
906 1955 986 1984 illum

240 2004 373 2044 populum
386 2010 475 2032 meme
487 2001 669 2031 revolventem
682 2000 696 2029 ἱ)
709 2000 776 2030 Ideo
788 2010 842 2030 non
850 2002 985 2041 sapientia)

241 2050 333 2087 modo,
347 2049 393 2079 sed
407 2049 488 2079 etiam
500 2046 667 2077 fortitudinis
682 2045 813 2086 Spiritum
833 2048 945 2087 accepit,
960 2055 985 2077 et

241 2096 301 2126 ideo
312 2096 418 2125 dicebat
438 2095 485 2124 ille
500 2106 506 2123 :
524 2094 662 2133 Repletus
676 2102 739 2122 sum
747 2093 930 2133 fortitudine
953 2097 984 2123 in

240 2143 349 2183 Spiritu
363 2142 495 2177 Domini,
519 2146 547 2169 et
553 2139 677 2178 judicio,
691 2145 719 2168 et
731 2140 872 2178 potentia.
891 2140 984 2170 Alius·

240 2200 293 2228 que
305 2189 404 2218 iterum
419 2201 425 2216 :
443 2188 570 2218 Verbum
584 2187 643 2215 Dei
652 2185 767 2226 sactum
783 2191 826 2214 est
839 2186 880 2214 ad
898 2186 984 2215 Jere-

241 2235 434 2276 miamfilium
445 2233 583 2264 Chelcioe.
597 2233 634 2262 Et
646 2231 715 2261 alius
725 2241 836 2261 rursum
844 2230 983 2261 :Assum-

275 2323 288 2342 b
304 2322 367 2354 Reg.
381 2324 510 2356 φθέγγεται.

274 2369 284 2381 e
301 2359 410 2386 Savilius
421 2357 555 2385 verisimile
567 2362 642 2389 putat
649 2361 707 2389 post
720 2358 779 2389 εἶχον
790 2353 887 2387 aliquid
898 2353 983 2379 deesse
992 2375 999 2386 ‚

241 2406 302 2434 puta
317 2402 388 2433 λέγειν
405 2404 450 2423 aut.
460 2400 588 2432 πρςσδεὶαν,
602 2395 641 2421 vel
657 2394 737 2420 simile
748 2393 887 2428 quidpiam.
904 2392 999 2418 Boisius

241 2448 301 2464 vero
317 2437 450 2472 legendum
467 2445 519 2461 esse
535 2439 589 2469 ἦχον
605 2443 635 2459 ex
652 2434 796 2467 conjectura
810 2434 945 2458 existimat.
960 2434 996 2457 An

241 2478 306 2503 desit
317 2476 412 2510 aliquid
421 2484 474 2502 non
486 2476 565 2500 ausim
577 2474 702 2498 affirmare
714 2482 720 2497 ε
734 2481 792 2499 nam
804 2472 873 2506 apud
883 2471 996 2506 Chryso-

242 2523 352 2542 stomum
364 2514 508 2549 hujusmodi
520 2519 680 2543 ἀποσιωπήσεις
692 2521 743 2538 non
755 2520 840 2545 paueae
850 2516 994 2536 occurrunt.

277 2557 290 2575 d
308 2558 435 2589 Interpres
446 2554 538 2588 legerat
550 2556 585 2580 διὰ
597 2556 620 2579 δὲ
636 2557 702 2580 τοῦτο
716 2558 748 2586 τῷ
763 2555 806 2586 μὲν
821 2551 910 2585 Ἰεριμίᾳ
922 2554 934 2577 ὁ
944 2556 999 2580 Θεό,-

245 2607 326 2631 emt...
341 2602 372 2629 τῷ
385 2598 408 2621 δὲ
417 2594 524 2626 iege-mu,
537 2599 562 2618 et
574 2592 610 2618 sic
620 2592 763 2618 Bavaricus.
776 2592 866 2625 Regius
877 2598 936 2618 vero
949 2590 998 2615 Co·

1002 1490 1022 1513 Ε

1006 1735 1018 1756 Δ

1004 1765 1021 1786 Α

1035 1022 1120 1061 ἕτερόν
1132 1034 1159 1052 τι
1168 1023 1350 1063 προστέθεικεν
1362 1025 1442 1055 εἰπών
1451 1037 1457 1044 ·
1471 1025 1551 1056 Ἀλλὰ
1562 1027 1615 1066 μὴν
1628 1027 1680 1067 ἐγὼ
1691 1029 1799 1064 ἐνεπλή-

1035 1070 1099 1103 σθην
1117 1068 1206 1108 ἰσχύος
1222 1070 1249 1099 ἒν
1267 1071 1405 1110 Πνεύματι
1417 1071 1524 1112 Κυρίου,
1539 1073 1583 1102 καὶ
1598 1073 1741 1113 κρίματος,
1754 1075 1799 1104 καὶ

1036 1113 1195 1148 δυναστείας.
1209 1116 1250 1144 Οὐ
1263 1115 1314 1156 γὰρ
1329 1115 1361 1152 δὴ
1374 1116 1450 1155 μόνον
1462 1118 1555 1158 ,σοφοὺς
1567 1119 1659 1153 αὐτοὺς
1672 1122 1688 1155 ἡ
1704 1121 1798 1160 χάρις,

1036 1159 1104 1189 ἀλλὰ
1128 1159 1173 1190 καὶ
1195 1161 1317 1201 ἰσχυροὺς
1341 1161 1490 1202 εἰργάζετο,
1503 1165 1532 1193 οὖ
1556 1167 1589 1204 τῇ
1608 1168 1652 1195 τοῦ
1678 1166 1798 1205 σώματος

1036 1208 1204 1246 κατασκευῇ,
1218 1207 1287 1237 ἀλλὰ
1299 1210 1332 1248 τῇ
1343 1208 1446 1249 γνώμῃ.
1457 1208 1566 1247 Ἐπειδὴ
1579 1211 1629 1251 γὰρ
1640 1212 1704 1252 πρὸς
1715 1214 1797 1252 δῆμον

1035 1247 1126 1292 ςεῖχον
1148 1253 1242 1292 ἰταμὸν
1263 1253 1308 1284 καὶ
1331 1255 1519 1296 ἀναίσχυντον,
1545 1258 1664 1296 αἱμάτων
1684 1260 1800 1299 διψῶντα

1034 1299 1203 1337 προφητικῶν
1213 1320 1221 1335 ,
1236 1299 1281 1329 καὶ
1294 1305 1406 1340 σφαγαῖς
1418 1301 1498 1341 ἁγίων
1513 1303 1700 1342 ἐμμελετῶντα
1708 1327 1715 1341 ,
1729 1305 1797 1334 εἰκό-

1038 1356 1086 1377 τως
1095 1345 1196 1381 πολλῆς
1208 1344 1309 1376 ἐδέοντο
1316 1348 1364 1382 τῆς
1375 1347 1522 1387 δυνάμεως,
1534 1348 1602 1380 ὥστε
1614 1350 1651 1389 μὴ
1663 1352 1800 1381 καταπλα-

1037 1392 1116 1430 γῆναι
1134 1390 1182 1427 τὴν
1200 1391 1297 1432 ἄφατον
1315 1392 1401 1422 αὐτῶν
1420 1393 1513 1433 ῥύμην.
1527 1394 1600 1425 ‘And
1622 1396 1654 1432 δὴ
1668 1399 1745 1426 τοῦτο
1761 1400 1799 1438 τῷ

1039 1436 1087 1475 μὲν
1099 1436 1214 1478 Ἱερεμίᾳ
1231 1437 1311 1478 φησὶ,
1325 1437 1438 1469 Τέθεικά
1456 1451 1485 1469 σε
1505 1442 1540 1474 ὡς
1557 1442 1652 1471 στῦλον
1668 1444 1798 1483 σιδηροῦν,

1038 1482 1083 1512 καὶ
1103 1484 1139 1516 ὡς
1152 1487 1238 1524 τεῖχος
1250 1485 1365 1524 χαλκοῦν
1378 1496 1385 1502 ·
1399 1486 1438 1525 τῷ
1458 1485 1486 1516 δὲ
1500 1486 1641 1524 Ἰεζεκιὴλ,
1659 1487 1706 1517 Ἐν
1727 1489 1799 1529 μέσῳ

1038 1529 1169 1569 σκορπίων
1183 1528 1214 1559 σὺ
1228 1534 1357 1563 κατοικεῖς
1367 1552 1375 1567 ,
1393 1530 1431 1569 μὴ
1449 1532 1567 1572 φοὸηθῇς
1587 1533 1640 1563 ἀπὸ
1657 1534 1799 1574 προσώπου

1037 1576 1133 1611 αὐτῶν,
1154 1574 1220 1614 μηδὲ
1237 1577 1362 1615 πτοηθῇς.
1383 1576 1437 1606 Καὶ
1450 1579 1566 1614 Μωῦσῆς
1581 1578 1608 1608 δὲ
1619 1601 1627 1615 ,
1640 1579 1719 1616 ἡνίκα
1733 1584 1799 1611 ἀπε-

1036 1621 1170 1658 στέλλετο,
1185 1621 1244 1662 οὐχὶ
1257 1621 1302 1651 τὸν
1314 1622 1417 1663 Φαραὼ
1431 1623 1568 1661 δεδοικὼς,
1585 1625 1741 1655 ἅναδύεσθαί
1755 1640 1798 1666 μοι

1037 1667 1107 1696 δοκεῖ
1132 1666 1219 1706 μόνον,
1245 1668 1304 1697 ἀλλ’
1330 1667 1406 1698 αὐτὸν
1433 1669 1549 1708 μάλιστα
1574 1670 1618 1700 τὸν
1642 1672 1725 1711 δῆμον
1748 1675 1798 1702 τῶν

1038 1713 1180 1744 Ἰουδαίων.
1209 1714 1258 1755 Τῷ
1280 1717 1343 1754 γοῦν
1365 1716 1428 1756 Θεῷ
1449 1716 1649 1756 διαλεγόμενος,
1669 1719 1735 1748 ‘ml
1756 1719 1798 1748 τὸν

1039 1759 1171 1800 βάρὸαρον
1194 1760 1283 1801 ἀφεὶς,
1302 1759 1369 1800 μετὰ
1388 1762 1487 1798 πολλῆς
1507 1764 1554 1799 τῆς
1577 1764 1692 1800 σπουδῆς
1709 1768 1799 1803 μαθεῖν

1037 1806 1133 1842 ἐζήτει,
1146 1806 1173 1836 τί
1186 1807 1225 1836 δεῖ
1237 1806 1302 1847 πρὸς
1315 1806 1407 1841 αὓτοὺς
1419 1808 1501 1837 εἰπεῖν
1513 1810 1702 1848 ἀπιστοῦντας,
1717 1811 1757 1840 ὅτι
1768 1812 1799 1847 δὴ

1037 1852 1111 1893 παρὰ
1123 1853 1193 1883 Θεοῦ
1206 1852 1345 1894 ἀφιγμένος
1366 1853 1408 1890 εἴη
1419 1865 1426 1872 ·
1438 1854 1483 1884 καὶ
1503 1854 1537 1884 τὰ
1557 1860 1655 1895 σημεῖα
1667 1857 1715 1892 τῆς
1731 1857 1801 1886 ἐκεί-

1037 1911 1088 1928 νων
1102 1899 1188 1929 ἕνεκεν
1201 1898 1333 1938 ἐλάμόανε
1349 1898 1455 1939 γνώμης
1467 1912 1474 1919 ·
1488 1900 1533 1930 καὶ
1547 1901 1621 1940 μάλα
1639 1901 1753 1935 εἰκότως.
1768 1904 1801 1932 Εἰ

1038 1945 1088 1985 γὰρ
1099 1941 1135 1978 εἷς
1148 1945 1227 1975 αὐτὸν
1241 1945 1323 1979 οὕτως
1334 1945 1456 1986 ἑφόὸησε,
1465 1946 1510 1976 καὶ
1521 1948 1605 1976 ταῦτα
1614 1948 1801 1987 εὖεργετηθεὶς,

1038 1991 1064 2021 τί
1084 1992 1152 2025 εἰκὸς
1165 1987 1197 2028 ἦν
1215 1991 1293 2021 αὐτὸν
1305 1994 1397 2022 παθεῖν
1411 1993 1545 2023 ἕννοοῦντα
1564 1993 1609 2023 τὸν
1621 1993 1734 2023 ἄτακτον
1751 1995 1800 2030 δῆ-

1039 2050 1088 2076 μον
1102 2039 1218 2075 ἐκεῖνον;
1233 2037 1285 2068 Διὰ
1303 2038 1336 2075 δὴ
1356 2040 1434 2069 τοῦτο
1452 2039 1511 2079 οὗχὶ
1527 2039 1620 2080 σοφίας
1632 2039 1720 2078 μόνον,
1734 2040 1802 2070 ἀλλὰ

1037 2083 1082 2113 καὶ
1097 2083 1383 2123 δυνάμεωςέλᾶμὸανε
1395 2085 1504 2124 Πνεῦμα
1513 2107 1522 2122 ,
1542 2085 1588 2114 καὶ
1603 2085 1691 2125 ἔλεγεν
1703 2097 1709 2104 ·
1725 2085 1802 2115 Ἐνε-

1036 2130 1158 2166 πλήσθην
1172 2129 1262 2170 ἰσχύος
1274 2131 1300 2159 ἐν
1314 2129 1452 2170 Πνεύματι
1471 2131 1579 2171 Κυρίου,
1594 2130 1640 2160 καὶ
1659 2131 1801 2172 κρίματος,

1036 2180 1082 2210 καὶ
1104 2180 1266 2214 δυναστείας.
1291 2180 1345 2210 Καὶ
1358 2180 1444 2221 ἕτερος
1460 2180 1487 2210 δὲ
1504 2180 1584 2210 πάλιν
1595 2193 1601 2199 ·
1623 2180 1714 2219 Ῥῆμα
1731 2182 1800 2211 ΘεοῦΙ

1036 2232 1139 2271 ἐγένετο
1156 2232 1221 2272 πρὸς
1233 2231 1363 2272 Ἱερεμίαν
1386 2232 1430 2262 τὸν
1448 2234 1493 2261 τοῦ
1507 2231 1629 2262 Χελκίου.
1650 2232 1704 2262 Καὶ
1716 2232 1802 2272 ἕτερος

1049 2316 1097 2342 dex
1109 2319 1146 2343 διὰ
1159 2319 1186 2347 δὴ
1197 2320 1264 2344 τοῦτο
1274 2320 1317 2350 μὲν
1327 2315 1430 2352 Ῐιριμίας
1440 2320 1522 2353 φησί...
1533 2324 1566 2350 τῷ
1577 2318 1601 2342 δὲ
1611 2316 1719 2348 legum),
1727 2316 1799 2341 male.

1049 2356 1137 2381 Lectio
1153 2365 1229 2389 quam
1248 2361 1365 2389 sequutus
1382 2361 1421 2381 eat
1438 2357 1529 2389 interp.
1541 2355 1689 2380 'Palm-nnus
1708 2356 1801 2387 optime

1049 2395 1167 2427 quadrat.

1080 2440 1090 2452 ε
1109 2438 1151 2460 Καὶ
1169 2438 1208 2461 τὸν
1219 2437 1338 2469 βάρὸαρον
1353 2437 1422 2470 ἀφείς.
1433 2433 1476 2459 Sic
1488 2434 1621 2459 Bavaricus
1632 2439 1709 2458 recte.
1722 2433 1798 2459 Savil.

1047 2471 1089 2505 [in
1102 2473 1171 2505 cujus
1183 2478 1254 2498 textu
1268 2477 1331 2506 ἀφείς
1349 2471 1437 2498 deerat
1446 2473 1471 2505 ]:
1487 2473 1576 2505 «Lego
1591 2476 1628 2499 καὶ
1645 2477 1672 2499 τὸ
1682 2476 1800 2508 βάρδαρον

1046 2514 1242 2546 προθαλλόμενος,
1257 2517 1302 2536 aut
1315 2510 1364 2536 tale
1379 2510 1483 2544 aliquid.
1496 2512 1593 2537 Boiaius
1603 2510 1699 2544 explet,
1712 2516 1749 2538 καὶ
1762 2518 1799 2538 r‘o»

1046 2553 1164 2585 βάρὸειρον
1175 2553 1249 2576 αὐτῶν
1261 2555 1345 2585 τρόπον
1354 2549 1577 2583 interogat-vagam&
1588 2549 1633 2574 has
1643 2551 1799 2584 conjecturas

1046 2588 1151 2614 Savilius
1164 2589 1214 2620 ipse
1226 2588 1277 2613 visa
1290 2589 1403 2615 Bavarici
1414 2588 1515 2614 Codicis
1527 2588 1633 2614 lectione
1649 2589 1796 2622 repudiavit.
