1890 2826
670 161 715 184 ms
739 159 909 184 εΕιιΡΕΝι-ιῖ
935 160 1093 184 nonnus.
1596 148 1636 184 6·
1650 162 1662 184 ι

107 225 269 268 μαρτυρήσει
282 224 374 263 λόγος,
387 222 484 260 ὅτιτὸ,
503 222 618 262 Κύριος,
642 221 725 260 ὄνομα
743 221 789 250 καὶ
801 222 875 260 πρῶ-

106 272 150 301 τόν
163 272 222 300 ἐστι
230 293 239 308 ,
262 270 308 300 καὶ
317 271 365 305 τῆς
377 281 409 308 μ.ἓ
399 269 592 309 .γαλοπρεποῦς
605 266 679 303 δόξης
690 267 773 303 ἴδιον;
782 266 875 295 Ἄκουε

105 329 152 346 του
164 316 302 356 προφήτου
314 315 415 345 Δαυίδ·
408 314 664 354 Ἀίσχυνθήτωσαν,
679 312 725 342 καὶ
739 311 876 352 ταραχθή-

104 374 193 392 τωσαν
206 364 244 396 εἰς
262 362 308 391 τὸν
319 363 412 391 ,αἰῶνα
421 363 467 391 τοῦ
483 362 575 394 αἰῶνος
586 372 593 379 ·
615 363 626 376 “
638 358 684 389 καὶ
707 358 877 398 ἔντρατι-ήτω-

106 419 155 438 σαν
163 430 172 445 ,
185 407 229 438 καὶ
242 406 437 437 ἀπολέσθωσαιν.
452 406 505 436 Καὶ
518 405 673 445 γνώτωσαν,
688 403 727 433 ὅτι
741 402 824 442 ὄνομά
836 413 878 432 σοι

106 453 212 493 Κύριος.
232 452 386 492 Ἐνδέχεται
398 452 442 482 τὸν
457 452 549 492 ἐχθρὸν
571 454 654 482 εἰπεῖν
671 452 733 492 περὶ
746 454 792 481 τοῦ
814 451 878 480 Σω-

105 501 185 539 τῆρος
195 499 282 538 Λόγου
291 510 297 517 ·
318 499 400 538 ὄνομα
412 498 463 539 γὰρ
477 501 522 528 τοῦ
537 499 652 538 Χριστοῦ
667 497 780 538 Κύριος,
793 497 877 535 ὄνομα

50 564 53 566 —
76 579 80 581 Δ
106 547 152 574 τοῦ
169 544 274 583 unp&
287 543 364 578 Θεός.
383 544 472 574 Πάλιν
489 543 548 584 ὅρον
571 545 676 573 ἀπαιτῶ
693 546 746 573 τῶν
769 554 876 583 προκει-

108 590 205 629 μένων.
229 591 292 620 Τῶν
308 591 446 630 αἱρετικῶν
460 588 574 630 στοιχεῖς
594 592 633 630 τῷ
645 589 732 630 λόγῳ;
755 589 876 628 ἔμμένεις

106 641 164 670 ταῖς
177 635 333 672 συνθήκαιςς
354 636 497 674 Φοὸοῦμαι
517 636 570 676 γάρ
587 647 633 665 σου
651 635 682 665 τὸ
701 635 875 674 παλίμβολον.

108 681 196 712 Ὅταν
217 683 343 722 ἐλεγχθῇς
351 703 360 718 ,
381 681 426 711 καὶ
439 682 470 710 ἐκ
482 681 580 717 ταύτης
594 683 641 717 τῆς
659 681 781 718 ἀληθείας
793 692 877 721 προσ-

108 726 192 767 φύγῃς
205 727 283 768 ἑτέρᾳ
308 727 422 767 θεωρίᾳ,
447 726 495 756 κᾶν
515 728 570 761 ἐκςῖ
588 728 752 767 συλληφθῇς,
773 727 876 767 φεύγεις

109 774 146 806 εἰς
159 772 248 813 ἕτερον
262 771 448 812 ἀγνωμοσύνης
470 776 615 812 στοιχεῖον,
634 772 691 802 δέον
716 773 753 812 μὴ
772 773 876 813 φεύγειν

108 818 232 854 ἀλήθειαν
252 818 422 858 λάμπουσαν,
441 818 620 858 φωτίζουσαν·
647 819 694 847 οὐκ
710 818 812 848 ἐλαύνει
824 818 876 858 γὰρ

107 864 268 903 φωτίζουσα
282 864 351 895 ἀλλὰ
363 863 415 904 γὰρ
427 863 528 903 med-{22
542 866 556 894 6
571 863 669 900 ἀσεὸὴς
688 864 797 904 μηδενὸς
812 864 876 894 διώ

102 921 208 944 κοντος.

146 1136 242 1176 Ἡμεῖς
255 1137 283 1167 δὲ
301 1136 338 1171 εἷς
358 1137 388 1167 τὸ
405 1137 577 1178 προκείμενον
590 1138 785 1178 ἐπανέλθωμεν.
800 1138 873 1168 Γνώ-

103 1193 210 1218 -τωσαν,
220 1182 261 1212 ὅτι
280 1182 362 1221 ὄνομά
381 1194 424 1212 σοι
437 1183 541 1223 Κύριος.
554 1184 588 1213 Εἰ
600 1187 646 1213 τοῦ
658 1184 763 1224 Πατρὸς
772 1184 874 1224 μέμνη-

106 1239 161 1263 ται,
175 1229 267 1257 οὐκοῦν
282 1227 348 1267 μάθε
367 1227 407 1258 ὅτι
420 1229 502 1268 ὄνομα
515 1231 561 1258 τοῦ
574 1229 680 1270 Πατρὸς
697 1229 804 1270 Κύριος.
819 1230 874 1260 Καὶ

103 1274 132 1302 εἰ
144 1275 190 1302 τοῦ
199 1274 305 1313 Πατρὸς
318 1274 400 1313 ὄνομα
412 1274 508 1314 Κύριός
518 1275 587 1311 ἐστι,
597 1275 676 1315 φησὶν
687 1278 702 1305 6
711 1277 825 1313 Παῦλος,
838 1271 874 1309 εἷς

107 1318 204 1358 Κύριος
215 1319 318 1355 Ἰησοῦς
329 1320 451 1360 Χριστός.
463 1319 543 1349 Ἀλλὰ
561 1319 657 1360 Κύριος
667 1323 681 1350 6
692 1321 788 1361 Πατὴρ
796 1345 804 1359 ,
819 1321 874 1351 Κύ-

109 1375 162 1403 ριος
174 1367 189 1394 6
201 1364 274 1398 Υἱός.
286 1367 390 1395 Οὐκοῦν
399 1368 435 1399 ὣς
446 1365 566 1400 κοινωνὸς
579 1370 625 1396 τοῦ
634 1367 770 1406 ὀνόματος,
783 1379 874 1397 κοινω-

108 1410 150 1443 νὸς
160 1410 261 1446 καὶτῆς
271 1410 353 1445 ἀξίας.
363 1411 432 1441 Ἀλλ’
443 1414 458 1441 6
470 1412 595 1446 Ἰουδαῖος
605 1417 772 1453 παραιτεῖται
782 1415 874 1450 εἰπεῖν,

107 1455 154 1489 ὅτι,
163 1457 192 1486 οὐ
206 1456 268 1496 περὶ
276 1460 321 1486 τοῦ
332 1458 439 1497 Πατρὸς
452 1453 532 1494 εἶπεν,
544 1458 586 1487 ἵνα
597 1458 638 1494 τὸ,
646 1458 690 1488 ’Κιί
695 1471 756 1499 ριος,
770 1461 808 1499 τῷ
817 1460 875 1498 Υἱῷ

108 1501 244 1541 ἁρμόσας,
263 1502 368 1543 τηρήσῃ
387 1505 425 1542 τῷ
438 1503 526 1542 Haupt
549 1504 591 1541 τὸ,
605 1503 682 1537 Θεός.
696 1504 818 1544 Δέχομαι
831 1504 874 1534 τὸν

109 1546 168 1586 ὅρον
179 1547 224 1576 καὶ
237 1546 285 1583 τὴν
298 1547 438 1584 συνθήκην.
448 1550 489 1578 Οὐ
499 1549 597 1588 μερίζω
610 1548 659 1585 τὴν
671 1549 750 1587 ἀξίαν,
756 1553 808 1580 τῶν
822 1551 876 1579 ὀνο-

106 1591 215 1630 μάτων,
229 1593 265 1626 ὡς
277 1592 404 1626 πολλάκις
417 1593 496 1633 ἔφθην
519 1593 600 1623 εἰπὼν
609 1616 618 1630 ,
632 1597 680 1630 τῆς
693 1597 876 1635 προσκυνητῆς

110 1637 238 1692 pridoi,
250 1638 290 1667 ὅτι
306 1640 323 1673 ἡ
338 1638 487 1674 Ἐκκλησία
500 1639 640 1679 ἀμέριστον
655 1641 710 1698 ἔχει
722 1640 769 1677 τὴν
784 1641 875 1674 δόξαν·

110 1684 144 1722 τῇ
159 1683 186 1712 δὲ
200 1685 234 1722 σῇ
246 1683 413 1724 ταλαιπωρία
427 1685 638 1724 συγκαταὸαίνω,
648 1687 693 1716 καὶ
706 1686 786 1726 λέγω,
803 1686 874 1716 δεδό-

111 1731 177 1765 σθω,
192 1728 355 1766 Γνώτωσαν,
369 1729 410 1759 ὅτι
427 1730 510 1769 ὄνομά
523 1742 564 1760 σοι
577 1730 685 1771 Κύριος·
700 1731 727 1761 τί
739 1728 783 1761 ουν
795 1737 877 1767 ποιεῖς

111 1776 149 1814 τῷ
162 1775 317 1815 ἐπαγομένῳ
328 1775 438 1815 ῥήματι,
450 1775 489 1805 Συ
501 1776 578 1815 μόνος
590 1776 720 1817 ’Υψιστος
734 1777 777 1807 ἐπὶ
789 1783 876 1808 πᾶσαν

111 1819 160 1856 τὴν
171 1822 236 1859 γῆν;
250 1820 315 1860 Ἄρα
331 1821 400 1850 κατὰ
412 1821 460 1857 τὴν
471 1822 519 1858 σὴν
539 1822 674 1860 degeam,
686 1823 731 1852 καὶ
744 1823 813 1852 κατὰ
828 1824 876 1860 τὴν

112 1865 281 1895 διδασκαλίαν
291 1888 299 1902 ,
311 1867 359 1896 οὐκ
376 1866 415 1896 ἔτι
428 1867 526 1907 Πατὴρ
539 1870 554 1897 6
565 1867 693 1908 “Ύψιστος
700 1892 708 1906 ,
722 1869 788 1898 διότι
800 1869 877 1907 μόνος

109 1910 241 1950 Ὕψιστος
250 1914 264 1941 6
280 1912 351 1946 Υἱός.
373 1914 518 1950 Ἐνταῦθα,
530 1914 652 1954 ἀδελφοὶ,
667 1916 695 1944 οὔ
709 1915 815 1954 κύματα
831 1917 877 1944 θα-

108 1956 213 1993 λάσσης
223 1957 303 1995 ἐστὶν,
314 1957 356 1988 ἵνα
368 1958 510 1999 συμπνίξῃ,
522 1960 580 1988 ἀλλ’
592 1960 698 1999 ἀγάπης
709 1961 825 2000 κύματα,
836 1960 878 1990 ἵνα

113 2002 222 2042 ἁγιάσῃ.
235 2003 312 2039 Πλὴν
326 2005 442 2044 Χριστοῦ
462 2005 637 2044 φθεγγομένου
650 2006 695 2036 καὶ
716 2006 879 2046 κηρυττομέ-

113 2059 168 2085 νου,
180 2049 279 2089 ἡσυχία
289 2049 319 2078 τὸ
331 2049 429 2090 σκάφος
442 2054 519 2080 τοῦτο
533 2051 564 2081 τὸ
577 2052 691 2092 θεοφιλὲς
704 2052 796 2091 ἀγέτω.
808 2052 886 2082 'Avo--

111 2105 163 2122 πον
176 2094 227 2133 γὰρ
239 2094 287 2131 τὴν
310 2096 358 2133 μὲν
380 2096 514 2125 Θάλασσαν
528 2098 692 2136 θεασαμένην
713 2097 746 2127 τὰ
760 2098 820 2137 ἴχνη
834 2100 880 2126 τοῦ

115 2138 249 2168 Δεσπότου
259 2160 266 2173 ,
280 2140 326 2168 καὶ
340 2141 488 2170 ἀκούσασαν
497 2163 505 2177 ,
523 2142 628 2179 Σιώπα,
642 2142 798 2182 πεφίμωσο,
811 2144 852 2172 atr:
839 2155 880 2172 ε·

114 2185 209 2218 σθῆναι
216 2184 264 2219 τὴν
276 2185 419 2222 αὖθεντίαν,
428 2186 476 2222 τὴν
488 2187 515 2216 δὲ
525 2187 688 2223 Ἐκκλησίαν
696 2189 732 2227 μὴ
744 2190 883 2223 πεισθῆναι

115 2231 153 2269 τῷ
165 2231 260 2265 ἑαυτῆς
274 2230 377 2270 νυμφίῳ
389 2230 422 2259 τὰ
438 2231 544 2270 ῥήματα
557 2234 604 2267 τῆς
617 2235 685 2268 ζωῆς
698 2234 865 2274 φθεγγομένω
874 2255 882 2268 ,

116 2275 161 2304 καὶ
175 2275 272 2304 θείαν(
258 2288 294 2309 ως
313 2277 417 2311 ἀληθῶς
435 2277 514 2316 χάριν
531 2277 576 2306 ἐπι
595 2280 647 2307 τῶν
661 2279 770 2318 χειλέων
782 2279 883 2319 ἔχοντι·

116 2319 246 2359 Ἐξεχύθη
259 2321 310 2360 γὰρ
324 2320 402 2360 χάρις
415 2322 441 2350 ἐν
458 2321 559 2361 χείλεσί
570 2333 624 2351 σου.
638 2323 706 2352 ”Λλλ
719 2325 762 2353 ἐπι
776 2324 806 2353 τὸ
817 2337 883 2364 προ-

116 2365 235 2403 κείμενον
249 2367 441 2405 ἐπανέλθωμεν.
455 2367 477 2396 l
478 2366 612 2403 νώτωσαν,
625 2367 693 2397 ὅτι
679 2369 761 2407 ονομά
775 2381 816 2398 σοι
828 2370 885 2399 Κύ-

120 2423 180 2450 ριος.
194 2411 232 2441 Ὃ
246 2411 343 2448 θέλεις,
355 2412 444 2442 &nik-⁷
433 2424 489 2450 ς,αι
515 2414 565 2453 οὔχ
579 2415 614 2446 ὡς
638 2415 665 2443 ἐν
677 2416 710 2454 τῇ
724 2416 760 2454 σῇ
783 2415 886 2456 ἐξουσίᾳ

118 2465 165 2498 τῆς
186 2464 295 2502 ἐκλογῆς
317 2464 452 2504 κειμένης·
473 2464 531 2494 οὐδὲ
555 2464 606 2504 γὰρ
628 2465 671 2494 ὅτε
690 2465 792 2502 Ἰησοῦς
805 2470 819 2497 6
840 2471 885 2497 τοῦ

153 2548 163 2559 ·
182 2541 189 2572 [
203 2540 284 2566 Verba
303 2546 339 2568 mci
351 2547 525 2578 ὶντραπήτωσαν
546 2543 681 2576 adjecimus
696 2552 710 2568 e
722 2543 786 2570 Bibl.
801 2551 826 2571 ct
844 2547 889 2571 Sa-

120 2579 172 2610 vit,
187 2580 254 2611 apud
265 2589 339 2613 quem
350 2585 506 2608 ἀπολέεθωσαν
518 2583 543 2607 in
556 2591 633 2616 unu-g.
648 2582 735 2617 legitur
747 2593 793 2617 pro
803 2594 854 2612 iar,

927 227 1013 260 pturae
1033 231 1113 250 sacrae
1131 220 1409 257 testimoniofultum.
1423 222 1536 251 Necesse
1545 221 1616 251 enim
1628 228 1668 251 est

929 272 995 294 utet
1005 275 1053 295 nos
1070 273 1191 296 accurate
1203 266 1357 306 loquamur,
1376 274 1402 297 et
1417 277 1465 297 vos
1483 266 1602 297 studiose
1619 277 1668 296 au-

928 309 1021 348 diatis,
1035 310 1133 350 illique
1145 319 1179 340 ex
1198 311 1310 341 veritate
1325 312 1508 343 instituantur.
1524 312 1594 349 Quis
1604 322 1668 351 ergo

929 355 1008 385 nobis
1018 362 1104 385 sermo
1113 356 1308 392 testificabitur,
1324 357 1405 394 illud,
1416 357 1560 394 Dominus,
1570 367 1668 387 nomen
1692 392 1695 395 ι

930 412 987 431 esse
1015 402 1134 442 primum
1157 409 1184 431 et
1203 403 1469 442 magnificentissimae
1494 403 1587 443 gloriae
1602 415 1670 443 pro-

930 448 1032 488 prium.
1048 448 1120 478 Audi
1134 449 1293 488 prophetam
1309 450 1460 480 Davidem:
1473 450 1669 490 confundan-
1678 456 1746 478 Psat.
1754 456 1795 480 82.

932 499 980 523 tur
989 500 1018 523 et
1030 496 1242 524 conturbentur
1256 497 1287 523 in
1306 496 1444 525 soeculum
1465 496 1578 532 saecul&
1590 503 1619 526 et
1628 507 1669 526 re-
1681 487 1717 510 ¹⁸·
1735 494 1771 517 ¹9·

932 547 1100 578 vereantur,
1114 547 1144 571 et
1166 548 1298 580 pereant.
1322 542 1364 571 Et
1387 548 1578 581 cognoscant,
1598 543 1670 582 quia

894 595 914 619 n
929 596 1036 615 nomen
1055 588 1107 615 tibi
1118 588 1275 617 Dominus.
1299 588 1373 617 Solet
1391 587 1562 618 adversarius
1580 589 1670 619 dicere

928 632 963 662 de
985 633 1134 663 Servatore.
1146 633 1240 664 Verbo
1253 645 1260 662 ε
1275 634 1380 663 Nomen
1399 634 1500 664 Christi
1524 635 1669 673 Dominus,

928 688 1025 708 nomen
1043 679 1228 709 Patris-Deus.
1243 681 1351 709 Rursus
1362 679 1547 710 definitionem
1563 691 1669 718 eorum,

929 735 988 764 quae
998 724 1135 765 proposita
1148 731 1220 763 sunt,
1234 725 1353 765 postulo.
1366 726 1559 755 Haereticorum
1574 724 1670 757 ⁷verbis

928 770 1061 800 inhaeres?
1081 781 1256 811 permanesne
1274 771 1303 800 in
1319 771 1518 802 conditionibus
1546 772 1670 813 proposi-

928 816 984 846 tis?
1004 817 1212 846 Inconstantiam
1234 817 1305 847 enim
1327 824 1402 847 tuam
1427 825 1527 848 metuo.
1554 817 1670 855 Quando

928 863 1079 892 confutatus
1090 873 1118 892 es
1125 873 1159 892 ex
1169 863 1219 892 hac
1228 862 1407 892 demonstrata
1414 864 1535 901 veritate,
1549 863 1583 892 ad
1592 863 1670 892 aliud

928 914 1108 937 commentum
1128 908 1261 948 confugis,
1275 908 1298 938 si
1312 909 1370 938 illic
1389 908 1568 947 convincaris,
1584 908 1668 938 dccli-

928 964 976 983 nas
985 953 1022 983 ad
1039 953 1115 983 aliud
1128 950 1306 994 improbitatis
1321 954 1567 989 elementum‚cum
1586 958 1669 995 opor-

930 1006 998 1029 teret
1015 999 1198 1039 splendentem
1214 1006 1240 1029 et
1251 999 1448 1030 illuminantem
1458 1000 1596 1031 veritatem
1613 1010 1667 1030 non

927 1045 1045 1084 effugere
1053 1056 1063 1084 3
1078 1055 1132 1074 non
1155 1046 1230 1085 sugat
1240 1045 1311 1074 enim
1323 1055 1385 1075 cum
1397 1045 1532 1076 illustrat:
1555 1057 1665 1086 verum,
1677 1054 1816 1079 Pnov.28.¹.

926 1092 1017 1131 Fugit
1027 1093 1132 1131 impius
1149 1093 1263 1121 nemine
1273 1099 1472 1132 persequente.

966 1137 997 1167 8.
1018 1138 1074 1168 Nos
1105 1144 1195 1167 autem
1225 1137 1261 1167 ad
1290 1138 1460 1178 propositum
1490 1146 1667 1171 revertamur.

891 1196 912 1220 Ε
928 1184 1122 1224 cognoscant,
1137 1186 1209 1224 quia
1222 1195 1328 1214 nomen
1341 1187 1394 1214 tibi
1407 1179 1563 1216 deinus.
1575 1187 1606 1217 Si
1616 1189 1668 1217 Pa-

925 1238 992 1262 trem
1014 1238 1153 1269 memoret,
1173 1231 1246 1262 disce
1274 1242 1370 1262 nomen
1392 1233 1479 1262 Patris
1504 1244 1561 1263 esse
1585 1234 1668 1272 illud,

926 1279 1081 1308 Dominus.
1097 1279 1133 1308 Et
1151 1278 1174 1307 si
1192 1278 1280 1308 Patris
1300 1289 1396 1308 nomen
1416 1286 1455 1309 est
1472 1280 1615 1318 Dominus,
1630 1282 1670 1311 ait

925 1325 1037 1362 Paulus,
1067 1325 1149 1354 Unus
1175 1325 1320 1355 Dominus
1344 1327 1430 1355 Jesus
1458 1327 1599 1357 Christus.
1614 1328 1668 1358 Sed

926 1371 1059 1400 Dominus
1070 1372 1157 1407 Pater,
1171 1371 1304 1400 Dominus
1317 1371 1415 1401 Filius.
1428 1372 1502 1412 Ergo
1517 1380 1547 1402 ut
1561 1384 1669 1404 consors

926 1423 966 1447 est
975 1417 1102 1453 nominis,
1113 1427 1222 1447 consors
1242 1424 1282 1446 est
1295 1424 1323 1447 et
1340 1417 1488 1457 dignitatis.
1501 1421 1606 1450 Verum
1619 1422 1669 1451 Ju-

925 1463 1001 1493 daeus
1012 1464 1106 1493 abnuit
1125 1463 1256 1500 confiteri,
1269 1464 1299 1493 id
1314 1464 1348 1493 dc
1364 1466 1442 1494 Patre
1460 1465 1563 1495 dictum
1574 1467 1668 1503 fuisse,

927 1515 958 1538 ut
969 1509 1049 1546 illud,
1062 1509 1216 1545 Dominus,
1229 1509 1302 1538 Filio
1314 1509 1480 1547 adscn’bens,
1491 1511 1573 1546 illud,
1584 1513 1670 1548 Deus,

927 1554 1000 1584 Patri
1027 1561 1114 1583 servet
1134 1567 1140 1582 :
1162 1554 1347 1583 definitionem
1378 1556 1480 1594 probo,
1505 1557 1670 1587 conditiones

928 1600 1041 1639 accipio.
1052 1601 1113 1629 Non
1125 1599 1263 1639 distinguo
1273 1601 1413 1629 nominum
1424 1601 1567 1632 adorandae
1579 1603 1671 1632 Trini-

911 1647 991 1690 ⁵tatis
1013 1644 1179 1685 dignitatem,
1193 1652 1223 1674 nt
1240 1656 1308 1685 smpe
1327 1645 1396 1681 dixi,
1413 1646 1477 1684 quia
1492 1648 1612 1677 Ecclesia
1631 1648 1670 1677 in-

894 1699 914 1722 A
929 1691 1081 1721 distinctam
1094 1691 1173 1720 habet
1186 1691 1318 1730 gloriam:
1334 1691 1381 1721 sed
1396 1692 1431 1721 ad
1448 1693 1582 1723 miseriam
1595 1701 1670 1724 tuam

929 1748 971 1767 me
994 1737 1116 1773 demitto,
1131 1747 1161 1766 ac
1182 1737 1254 1772 dico,
1278 1739 1364 1767 Detur
1388 1738 1449 1774 hoc,
1475 1740 1670 1779 Cognoscant,

929 1786 1000 1825 quia
1019 1795 1124 1814 nomen
1143 1785 1195 1814 tibi
1222 1785 1363 1814 Dominus
1372 1797 1386 1822 ;
1397 1786 1463 1825 quid
1478 1786 1561 1826 igitur
1574 1788 1619 1817 fiat
1637 1788 1672 1818 de

930 1829 979 1858 illo
992 1829 1074 1859 verbo
1097 1827 1170 1867 quod
1191 1828 1322 1867 sequitur,
1343 1830 1386 1859 Tu
1398 1830 1477 1859 solus
1498 1830 1672 1861 Altissimus

930 1884 1016 1912 super
1028 1884 1141 1903 omnem
1158 1876 1286 1903 terram?
1301 1875 1373 1914 Ergo
1389 1875 1537 1905 secundum
1550 1876 1673 1916 impieta-

931 1926 985 1948 tem
1002 1919 1203 1957 doctrinamque
1215 1925 1301 1957 tuam,
1316 1930 1369 1949 non
1386 1921 1503 1961 amplius
1525 1923 1601 1951 Pater
1622 1923 1674 1952 erit

932 1964 1109 2001 Anissimus,
1142 1964 1205 2003 quia
1228 1965 1303 1995 solus
1323 1966 1410 1995 Filius
1442 1974 1482 1997 est
1504 1967 1671 1998 Altissimus.

933 2010 1002 2045 Hic,
1035 2011 1128 2039 fratres
1144 2032 1152 2047 ,
1187 2020 1240 2039 non
1276 2011 1374 2041 ssuctus
1410 2013 1492 2042 maris
1527 2021 1589 2043 sunt
1603 2036 1611 2051 ,
1645 2021 1674 2043 ut

933 2056 995 2095 quis
1007 2057 1174 2096 praefocetur.
1186 2055 1232 2085 sed
1250 2057 1368 2087 cai-imis
1386 2058 1484 2089 fluctus
1496 2059 1543 2098 qui
1556 2061 1674 2090 sanctifi-

934 2109 1004 2131 cent
1021 2104 1141 2131 Attamen
1155 2111 1216 2130 cum
1230 2102 1354 2133 Christus
1367 2104 1495 2143 loquatur
1505 2112 1530 2134 et
1544 2105 1674 2145 praedice—

901 2155 919 2178 B
935 2154 990 2184 tur,
1001 2158 1038 2186 qi·
1029 2147 1117 2177 ictcin
1130 2142 1191 2186 agzit
1203 2146 1259 2176 haec
1280 2148 1404 2188 religiosa
1419 2151 1553 2180 navicula.
1570 2151 1675 2180 Absur-

936 2193 1002 2222 dum
1026 2193 1097 2223 enim
1130 2199 1170 2222 est
1199 2203 1271 2224 mare
1303 2195 1393 2235 ipsum
1424 2197 1535 2236 vestigia
1565 2197 1674 2226 Domini

937 2239 1128 2279 conspicatum,
1154 2240 1210 2270 haec
1238 2240 1360 2278 audiens,
1389 2243 1474 2279 Tace,
1500 2244 1673 2278 obmutesce,
1685 2260 1761 2281 Mar—c.
1775 2258 1798 2288 4

938 2284 1119 2314 auctoritatem
1137 2287 1281 2316 reveritum
1300 2296 1367 2324 esse,
1381 2287 1527 2317 Ecclesiam
1547 2299 1611 2317 vero
1623 2298 1675 2317 non
1686 2291 1725 2318 39-

937 2330 1118 2370 obtemperare
1129 2331 1243 2361 Domino
1257 2331 1338 2360 verba
1350 2332 1411 2361 vitm
1423 2333 1552 2370 loquenti,
1562 2343 1592 2361 ac
1602 2332 1675 2361 divi-

937 2385 999 2405 nam
1009 2387 1071 2407 vere
1081 2377 1193 2416 gratiam
1204 2377 1231 2405 in
1244 2376 1322 2406 labiis
1334 2377 1442 2405 habenti
1458 2389 1465 2405 ε
1479 2386 1541 2405 nam
1553 2378 1678 2418 Diffusa

939 2429 980 2452 est
991 2425 1088 2462 gratia
1099 2425 1130 2451 in
1144 2423 1228 2451 labiis
1243 2425 1310 2452 tuis.
1326 2422 1380 2452 Sed
1402 2422 1436 2450 ad
1456 2422 1622 2461 propositum
1637 2434 1676 2452 re-

939 2469 1058 2498 deamus.
1069 2470 1261 2508 Cognoscant,
1272 2470 1342 2507 quia
1352 2478 1455 2497 nomen
1465 2469 1516 2496 tibi
1527 2468 1677 2499 Dominus.

1690 2400 1825 2435 Psal.44,3·

943 2548 1001 2573 lect*
1014 2548 1082 2573 vocis
1093 2547 1230 2580 γνώτωσαν]
