<?xml version="1.0" encoding="UTF-8"?>
<!DOCTYPE html PUBLIC "-//W3C//DTD XHTML 1.0 Transitional//EN"
    "http://www.w3.org/TR/xhtml1/DTD/xhtml1-transitional.dtd">
<html xmlns="http://www.w3.org/1999/xhtml" xml:lang="en" lang="en">
 <head>
  <title>
</title>
<meta http-equiv="Content-Type" content="text/html;charset=utf-8" />
  <meta name='ocr-system' content='tesseract 3.04.00' />
  <meta name='ocr-capabilities' content='ocr_page ocr_carea ocr_par ocr_line ocrx_word'/>
</head>
<body>
  <div class='ocr_page' id='page_1' title='image "./operaomniaquaeex06johnuoft_0079.png"; bbox 0 0 1890 2826; ppageno 0'>
   <div class='ocr_carea' id='block_1_1' title="bbox 699 175 1062 209">
    <p class='ocr_par' dir='ltr' id='par_1_1' title="bbox 699 175 1062 209">
     <span class='ocr_line' id='line_1_1' title="bbox 699 175 1062 209; baseline 0 -8"><span class='ocrx_word' id='word_1_1' title='bbox 699 178 732 201; x_wconf 72' lang='lat' dir='ltr'><strong>m</strong></span> <span class='ocrx_word' id='word_1_2' title='bbox 760 177 890 209; x_wconf 76' lang='lat' dir='ltr'><strong>lSAlAM,</strong></span> <span class='ocrx_word' id='word_1_3' title='bbox 921 175 996 200; x_wconf 74' lang='lat' dir='ltr'><strong>cAP.</strong></span> <span class='ocrx_word' id='word_1_4' title='bbox 1028 179 1062 201; x_wconf 86' lang='lat' dir='ltr'><strong>V.</strong></span> 
     </span>
    </p>
   </div>
   <div class='ocr_carea' id='block_1_2' title="bbox 99 238 869 746">
    <p class='ocr_par' dir='ltr' id='par_1_2' title="bbox 99 238 869 746">
     <span class='ocr_line' id='line_1_2' title="bbox 103 238 866 285; baseline -0.01 -10"><span class='ocrx_word' id='word_1_5' title='bbox 103 245 235 285; x_wconf 82' lang='grc' dir='ltr'>βούλοιτο,</span> <span class='ocrx_word' id='word_1_6' title='bbox 249 243 296 280; x_wconf 68' lang='grc' dir='ltr'><strong>τὴν</strong></span> <span class='ocrx_word' id='word_1_7' title='bbox 307 242 360 272; x_wconf 76' lang='grc' dir='ltr'><strong>ἀπὸ</strong></span> <span class='ocrx_word' id='word_1_8' title='bbox 373 243 421 277; x_wconf 75' lang='grc' dir='ltr'><strong>τῆς</strong></span> <span class='ocrx_word' id='word_1_9' title='bbox 435 241 604 274; x_wconf 75' lang='grc' dir='ltr'>διδασκαλίας</span> <span class='ocrx_word' id='word_1_10' title='bbox 612 262 620 276; x_wconf 96' lang='grc'>,</span> <span class='ocrx_word' id='word_1_11' title='bbox 631 239 680 276; x_wconf 84' lang='grc' dir='ltr'><strong>τὴν</strong></span> <span class='ocrx_word' id='word_1_12' title='bbox 693 238 747 268; x_wconf 82' lang='grc' dir='ltr'><strong>ἀπὸ</strong></span> <span class='ocrx_word' id='word_1_13' title='bbox 759 240 812 268; x_wconf 84' lang='grc' dir='ltr'><strong>τῶν</strong></span> <span class='ocrx_word' id='word_1_14' title='bbox 824 239 866 268; x_wconf 83' lang='grc' dir='ltr'><strong>ἐν-</strong></span> 
     </span>
     <span class='ocr_line' id='line_1_3' title="bbox 100 285 868 329; baseline -0.009 -9"><span class='ocrx_word' id='word_1_15' title='bbox 100 291 184 320; x_wconf 77' lang='grc' dir='ltr'>τολῶν</span> <span class='ocrx_word' id='word_1_16' title='bbox 196 288 348 328; x_wconf 76' lang='grc' dir='ltr'>ἐπιμέλειάν</span> <span class='ocrx_word' id='word_1_17' title='bbox 370 299 460 329; x_wconf 83' lang='grc' dir='ltr'>φησιν.</span> <span class='ocrx_word' id='word_1_18' title='bbox 476 288 517 317; x_wconf 75' lang='grc' dir='ltr'><strong>Οὐ</strong></span> <span class='ocrx_word' id='word_1_19' title='bbox 538 286 590 327; x_wconf 81' lang='grc' dir='ltr'><strong>γὰρ</strong></span> <span class='ocrx_word' id='word_1_20' title='bbox 607 285 803 315; x_wconf 75' lang='grc' dir='ltr'>ἀπολαύσονται</span> <span class='ocrx_word' id='word_1_21' title='bbox 814 286 868 313; x_wconf 84' lang='grc' dir='ltr'><strong>τῶν</strong></span> 
     </span>
     <span class='ocr_line' id='line_1_4' title="bbox 100 333 868 377; baseline -0.008 -9"><span class='ocrx_word' id='word_1_22' title='bbox 100 340 196 373; x_wconf 77' lang='grc' dir='ltr'>αὐτῶν,</span> <span class='ocrx_word' id='word_1_23' title='bbox 209 333 246 367; x_wconf 68' lang='grc' dir='ltr'><strong>ὧν</strong></span> <span class='ocrx_word' id='word_1_24' title='bbox 253 337 298 367; x_wconf 77' lang='grc' dir='ltr'><strong>καὶ</strong></span> <span class='ocrx_word' id='word_1_25' title='bbox 311 337 468 377; x_wconf 81' lang='grc' dir='ltr'>ἔμπροσθεν,</span> <span class='ocrx_word' id='word_1_26' title='bbox 478 338 507 366; x_wconf 78' lang='grc' dir='ltr'><strong>οὗ</strong></span> <span class='ocrx_word' id='word_1_27' title='bbox 519 335 691 368; x_wconf 77' lang='grc' dir='ltr'>διδασκάλους</span> <span class='ocrx_word' id='word_1_28' title='bbox 698 334 810 369; x_wconf 83' lang='grc' dir='ltr'>ἕξουσιν,</span> <span class='ocrx_word' id='word_1_29' title='bbox 820 333 868 362; x_wconf 78' lang='grc' dir='ltr'><strong>οὔκ</strong></span> 
     </span>
     <span class='ocr_line' id='line_1_5' title="bbox 101 379 869 424; baseline -0.009 -10"><span class='ocrx_word' id='word_1_30' title='bbox 101 385 230 424; x_wconf 75' lang='grc' dir='ltr'>ἄρχοντας</span> <span class='ocrx_word' id='word_1_31' title='bbox 250 406 258 420; x_wconf 91' lang='grc'>,</span> <span class='ocrx_word' id='word_1_32' title='bbox 273 386 301 414; x_wconf 87' lang='grc' dir='ltr'><strong>οὐ</strong></span> <span class='ocrx_word' id='word_1_33' title='bbox 323 384 459 424; x_wconf 79' lang='grc' dir='ltr'>προφήτας</span> <span class='ocrx_word' id='word_1_34' title='bbox 472 382 570 422; x_wconf 78' lang='grc' dir='ltr'>ὁμοίως</span> <span class='ocrx_word' id='word_1_35' title='bbox 592 381 652 414; x_wconf 76' lang='grc' dir='ltr'>τοὺς</span> <span class='ocrx_word' id='word_1_36' title='bbox 671 379 869 421; x_wconf 82' lang='grc' dir='ltr'>διορθουμένους</span> 
     </span>
     <span class='ocr_line' id='line_1_6' title="bbox 101 425 869 469; baseline -0.009 -9"><span class='ocrx_word' id='word_1_37' title='bbox 101 430 211 467; x_wconf 75' lang='grc' dir='ltr'>αὐτοὺς,</span> <span class='ocrx_word' id='word_1_38' title='bbox 224 429 284 464; x_wconf 76' lang='grc' dir='ltr'>τοὺς</span> <span class='ocrx_word' id='word_1_39' title='bbox 300 429 521 469; x_wconf 75' lang='grc' dir='ltr'>ἐπιμελουμένους</span> <span class='ocrx_word' id='word_1_40' title='bbox 533 429 629 458; x_wconf 79' lang='grc' dir='ltr'>αὐτῶν.</span> <span class='ocrx_word' id='word_1_41' title='bbox 646 426 754 466; x_wconf 76' lang='lat' dir='ltr'><strong>‘&#39;ssemp</strong></span> <span class='ocrx_word' id='word_1_42' title='bbox 773 425 825 465; x_wconf 82' lang='grc' dir='ltr'><strong>γὰρ</strong></span> <span class='ocrx_word' id='word_1_43' title='bbox 843 427 869 454; x_wconf 86' lang='grc' dir='ltr'><strong>οἱ</strong></span> 
     </span>
     <span class='ocr_line' id='line_1_7' title="bbox 99 472 867 517; baseline -0.009 -10"><span class='ocrx_word' id='word_1_44' title='bbox 99 476 149 512; x_wconf 74' lang='grc' dir='ltr'><strong>τὴν</strong></span> <span class='ocrx_word' id='word_1_45' title='bbox 173 477 291 515; x_wconf 82' lang='grc' dir='ltr'>ἄμπελον</span> <span class='ocrx_word' id='word_1_46' title='bbox 317 475 502 517; x_wconf 70' lang='grc' dir='ltr'>θεραπεύοντες</span> <span class='ocrx_word' id='word_1_47' title='bbox 524 474 672 504; x_wconf 76' lang='grc' dir='ltr'>σκάπτωσι</span> <span class='ocrx_word' id='word_1_48' title='bbox 681 496 689 510; x_wconf 91' lang='grc'>,</span> <span class='ocrx_word' id='word_1_49' title='bbox 712 472 867 511; x_wconf 75' lang='grc' dir='ltr'>τέμνουσιν,</span> 
     </span>
     <span class='ocr_line' id='line_1_8' title="bbox 100 518 868 562; baseline -0.008 -10"><span class='ocrx_word' id='word_1_50' title='bbox 100 521 183 556; x_wconf 73' lang='grc' dir='ltr'>οὕτως</span> <span class='ocrx_word' id='word_1_51' title='bbox 197 523 221 552; x_wconf 80' lang='grc' dir='ltr'><strong>οἱ</strong></span> <span class='ocrx_word' id='word_1_52' title='bbox 233 521 320 562; x_wconf 81' lang='grc' dir='ltr'>ψυχὰς</span> <span class='ocrx_word' id='word_1_53' title='bbox 331 521 507 562; x_wconf 79' lang='grc' dir='ltr'>διορθούμενοι</span> <span class='ocrx_word' id='word_1_54' title='bbox 520 521 671 555; x_wconf 79' lang='grc' dir='ltr'>ἀπειλοῦσι,</span> <span class='ocrx_word' id='word_1_55' title='bbox 684 518 810 559; x_wconf 69' lang='grc' dir='ltr'>φοὸοῦσι,</span> <span class='ocrx_word' id='word_1_56' title='bbox 827 518 868 546; x_wconf 79' lang='grc' dir='ltr'><strong>δι·</strong></span> 
     </span>
     <span class='ocr_line' id='line_1_9' title="bbox 102 562 867 607; baseline -0.008 -9"><span class='ocrx_word' id='word_1_57' title='bbox 102 569 251 605; x_wconf 54' lang='lat' dir='ltr'><strong>adoneum,</strong></span> <span class='ocrx_word' id='word_1_58' title='bbox 273 569 446 607; x_wconf 66' lang='grc' dir='ltr'><strong>ιἐγκαλοῦσιν</strong></span> <span class='ocrx_word' id='word_1_59' title='bbox 455 578 462 585; x_wconf 84' lang='grc'><em>·</em></span> <span class='ocrx_word' id='word_1_60' title='bbox 490 567 549 596; x_wconf 79' lang='grc' dir='ltr'>ἀλλ’</span> <span class='ocrx_word' id='word_1_61' title='bbox 581 567 608 595; x_wconf 83' lang='grc' dir='ltr'><strong>ἐν</strong></span> <span class='ocrx_word' id='word_1_62' title='bbox 642 565 739 605; x_wconf 77' lang='grc' dir='ltr'>ἐρημίᾳ</span> <span class='ocrx_word' id='word_1_63' title='bbox 768 562 867 593; x_wconf 80' lang='grc' dir='ltr'>τούτων</span> 
     </span>
     <span class='ocr_line' id='line_1_10' title="bbox 99 609 868 654; baseline -0.005 -12"><span class='ocrx_word' id='word_1_64' title='bbox 99 613 216 651; x_wconf 71' lang='grc' dir='ltr'>ἔσονται,</span> <span class='ocrx_word' id='word_1_65' title='bbox 228 613 317 654; x_wconf 78' lang='grc' dir='ltr'>φησὶν,</span> <span class='ocrx_word' id='word_1_66' title='bbox 331 615 368 647; x_wconf 83' lang='grc' dir='ltr'>εἰς</span> <span class='ocrx_word' id='word_1_67' title='bbox 381 613 431 650; x_wconf 81' lang='grc' dir='ltr'><strong>τὴν</strong></span> <span class='ocrx_word' id='word_1_68' title='bbox 444 612 585 652; x_wconf 74' lang='grc' dir='ltr'>ἀλλοτρίαν</span> <span class='ocrx_word' id='word_1_69' title='bbox 596 610 800 651; x_wconf 81' lang='grc' dir='ltr'>’ἀπενεχθέντες.</span> <span class='ocrx_word' id='word_1_70' title='bbox 814 609 868 640; x_wconf 84' lang='grc' dir='ltr'><strong>Καὶ</strong></span> 
     </span>
     <span class='ocr_line' id='line_1_11' title="bbox 100 656 868 700; baseline -0.007 -10"><span class='ocrx_word' id='word_1_71' title='bbox 100 660 262 696; x_wconf 75' lang='grc' dir='ltr'>ἀναδήσιται</span> <span class='ocrx_word' id='word_1_72' title='bbox 270 662 307 694; x_wconf 75' lang='grc' dir='ltr'>εἰς</span> <span class='ocrx_word' id='word_1_73' title='bbox 319 662 398 690; x_wconf 82' lang='grc' dir='ltr'>αὐτὸν</span> <span class='ocrx_word' id='word_1_74' title='bbox 410 662 447 693; x_wconf 84' lang='grc' dir='ltr'>ὡς</span> <span class='ocrx_word' id='word_1_75' title='bbox 459 661 495 693; x_wconf 86' lang='grc' dir='ltr'>εἰς</span> <span class='ocrx_word' id='word_1_76' title='bbox 508 659 605 700; x_wconf 78' lang='grc' dir='ltr'>χέρσον</span> <span class='ocrx_word' id='word_1_77' title='bbox 619 658 734 688; x_wconf 81' lang='grc' dir='ltr'>ἄκανθα·</span> <span class='ocrx_word' id='word_1_78' title='bbox 748 656 794 686; x_wconf 75' lang='grc' dir='ltr'><strong>καὶ</strong></span> <span class='ocrx_word' id='word_1_79' title='bbox 809 660 868 690; x_wconf 87' lang='grc' dir='ltr'>ταῖς</span> 
     </span>
     <span class='ocr_line' id='line_1_12' title="bbox 99 703 865 746; baseline -0.007 -10"><span class='ocrx_word' id='word_1_80' title='bbox 99 706 219 746; x_wconf 77' lang='grc' dir='ltr'>νεφέλαις</span> <span class='ocrx_word' id='word_1_81' title='bbox 231 707 401 746; x_wconf 67' lang='grc' dir='ltr'>ἐντελοῦμαι,</span> <span class='ocrx_word' id='word_1_82' title='bbox 417 709 463 735; x_wconf 75' lang='grc' dir='ltr'><strong>τοῦ</strong></span> <span class='ocrx_word' id='word_1_83' title='bbox 478 705 515 745; x_wconf 83' lang='grc' dir='ltr'><strong>μὴ</strong></span> <span class='ocrx_word' id='word_1_84' title='bbox 532 705 620 745; x_wconf 79' lang='grc' dir='ltr'>βρέξαι</span> <span class='ocrx_word' id='word_1_85' title='bbox 634 706 671 738; x_wconf 81' lang='grc' dir='ltr'>εἰς</span> <span class='ocrx_word' id='word_1_86' title='bbox 683 703 762 734; x_wconf 80' lang='grc' dir='ltr'>αὐτὸν</span> <span class='ocrx_word' id='word_1_87' title='bbox 779 703 865 732; x_wconf 87' lang='grc' dir='ltr'>ὑετόν.</span> 
     </span>
    </p>
   </div>
   <div class='ocr_carea' id='block_1_3' title="bbox 97 748 867 793">
    <p class='ocr_par' dir='ltr' id='par_1_3' title="bbox 97 748 867 793">
     <span class='ocr_line' id='line_1_13' title="bbox 97 748 867 793; baseline -0.006 -11"><span class='ocrx_word' id='word_1_88' title='bbox 97 751 137 782; x_wconf 85' lang='grc' dir='ltr'><strong><em>Ἢ</em></strong></span> <span class='ocrx_word' id='word_1_89' title='bbox 153 752 201 789; x_wconf 78' lang='grc' dir='ltr'><strong>τὴν</strong></span> <span class='ocrx_word' id='word_1_90' title='bbox 212 752 325 793; x_wconf 77' lang='grc' dir='ltr'>ἐρημίαν</span> <span class='ocrx_word' id='word_1_91' title='bbox 339 754 387 787; x_wconf 76' lang='grc' dir='ltr'><strong>τῆς</strong></span> <span class='ocrx_word' id='word_1_92' title='bbox 407 751 509 785; x_wconf 80' lang='grc' dir='ltr'>πόλεώς</span> <span class='ocrx_word' id='word_1_93' title='bbox 526 762 615 792; x_wconf 81' lang='grc' dir='ltr'>φησιν,</span> <span class='ocrx_word' id='word_1_94' title='bbox 640 750 658 786; x_wconf 85' lang='grc' dir='ltr'>ἢ</span> <span class='ocrx_word' id='word_1_95' title='bbox 680 750 728 787; x_wconf 84' lang='grc' dir='ltr'><strong>τὴν</strong></span> <span class='ocrx_word' id='word_1_96' title='bbox 754 748 867 789; x_wconf 79' lang='grc' dir='ltr'>ἐρημίαν</span> 
     </span>
    </p>
   </div>
   <div class='ocr_carea' id='block_1_4' title="bbox 98 794 890 838">
    <p class='ocr_par' dir='ltr' id='par_1_4' title="bbox 98 794 890 838">
     <span class='ocr_line' id='line_1_14' title="bbox 98 794 890 838; baseline -0.006 -10"><span class='ocrx_word' id='word_1_97' title='bbox 98 797 146 834; x_wconf 83' lang='grc' dir='ltr'><strong>τὴν</strong></span> <span class='ocrx_word' id='word_1_98' title='bbox 157 800 265 836; x_wconf 83' lang='grc' dir='ltr'>ἑαυτῶν,</span> <span class='ocrx_word' id='word_1_99' title='bbox 275 798 320 828; x_wconf 76' lang='grc' dir='ltr'><strong>καὶ</strong></span> <span class='ocrx_word' id='word_1_100' title='bbox 337 801 384 835; x_wconf 81' lang='grc' dir='ltr'><strong>τῆς</strong></span> <span class='ocrx_word' id='word_1_101' title='bbox 398 798 510 828; x_wconf 70' lang='grc' dir='ltr'>ἱκάστου</span> <span class='ocrx_word' id='word_1_102' title='bbox 529 799 631 838; x_wconf 74' lang='grc' dir='ltr'>ψυχῆς·</span> <span class='ocrx_word' id='word_1_103' title='bbox 646 795 756 837; x_wconf 76' lang='grc' dir='ltr'>νεφέλας</span> <span class='ocrx_word' id='word_1_104' title='bbox 775 794 802 825; x_wconf 79' lang='grc' dir='ltr'><strong>δὲ</strong></span> <span class='ocrx_word' id='word_1_105' title='bbox 825 796 866 824; x_wconf 76' lang='grc' dir='ltr'><strong>ἐν·</strong></span> <span class='ocrx_word' id='word_1_106' title='bbox 887 815 890 817; x_wconf 22' lang='grc' dir='ltr'><strong>Α</strong></span> 
     </span>
    </p>
   </div>
   <div class='ocr_carea' id='block_1_5' title="bbox 97 842 869 2407">
    <p class='ocr_par' dir='ltr' id='par_1_5' title="bbox 97 842 869 2407">
     <span class='ocr_line' id='line_1_15' title="bbox 97 842 864 885; baseline -0.007 -11"><span class='ocrx_word' id='word_1_107' title='bbox 97 847 182 874; x_wconf 59' lang='lat' dir='ltr'><strong>zazoa</strong></span> <span class='ocrx_word' id='word_1_108' title='bbox 195 843 254 878; x_wconf 69' lang='grc' dir='ltr'>τοὺς</span> <span class='ocrx_word' id='word_1_109' title='bbox 264 844 400 885; x_wconf 78' lang='grc' dir='ltr'>προφήτας</span> <span class='ocrx_word' id='word_1_110' title='bbox 414 844 483 878; x_wconf 68' lang='grc' dir='ltr'>τινὲς</span> <span class='ocrx_word' id='word_1_111' title='bbox 495 843 625 884; x_wconf 79' lang='grc' dir='ltr'>λέγουσιν,</span> <span class='ocrx_word' id='word_1_112' title='bbox 649 843 696 872; x_wconf 77' lang='grc' dir='ltr'><strong>ἅτε</strong></span> <span class='ocrx_word' id='word_1_113' title='bbox 710 842 808 871; x_wconf 82' lang='grc' dir='ltr'>ἄνωθεν</span> <span class='ocrx_word' id='word_1_114' title='bbox 819 842 864 870; x_wconf 77' lang='grc' dir='ltr'><strong>τὸν</strong></span> 
     </span>
     <span class='ocr_line' id='line_1_16' title="bbox 97 887 867 931; baseline -0.004 -12"><span class='ocrx_word' id='word_1_115' title='bbox 97 890 171 920; x_wconf 77' lang='grc' dir='ltr'>ὑετὸν</span> <span class='ocrx_word' id='word_1_116' title='bbox 185 890 340 931; x_wconf 72' lang='grc' dir='ltr'>δεχομέναις</span> <span class='ocrx_word' id='word_1_117' title='bbox 357 891 403 920; x_wconf 75' lang='grc' dir='ltr'><strong>καὶ</strong></span> <span class='ocrx_word' id='word_1_118' title='bbox 427 889 654 930; x_wconf 78' lang='grc' dir='ltr'>παραπέμποντας</span> <span class='ocrx_word' id='word_1_119' title='bbox 675 891 713 928; x_wconf 78' lang='grc' dir='ltr'><strong>τῷ</strong></span> <span class='ocrx_word' id='word_1_120' title='bbox 735 887 813 928; x_wconf 79' lang='grc' dir='ltr'>δήμῳ</span> <span class='ocrx_word' id='word_1_121' title='bbox 832 887 867 916; x_wconf 79' lang='grc' dir='ltr'><strong>τὰ</strong></span> 
     </span>
     <span class='ocr_line' id='line_1_17' title="bbox 98 931 866 976; baseline -0.003 -11"><span class='ocrx_word' id='word_1_122' title='bbox 98 935 236 975; x_wconf 85' lang='grc' dir='ltr'>λεγόμενα.</span> <span class='ocrx_word' id='word_1_123' title='bbox 251 936 320 966; x_wconf 83' lang='grc' dir='ltr'>Ἀλλ’</span> <span class='ocrx_word' id='word_1_124' title='bbox 340 935 399 967; x_wconf 68' lang='grc' dir='ltr'>οὗδὶ</span> <span class='ocrx_word' id='word_1_125' title='bbox 421 931 509 973; x_wconf 67' lang='grc' dir='ltr'>οὗτοι,</span> <span class='ocrx_word' id='word_1_126' title='bbox 521 935 602 976; x_wconf 79' lang='grc' dir='ltr'>φησὶ,</span> <span class='ocrx_word' id='word_1_127' title='bbox 625 934 659 964; x_wconf 81' lang='grc' dir='ltr'><strong>τὰ</strong></span> <span class='ocrx_word' id='word_1_128' title='bbox 673 934 774 971; x_wconf 83' lang='grc' dir='ltr'>συνήθη</span> <span class='ocrx_word' id='word_1_129' title='bbox 787 933 866 969; x_wconf 82' lang='grc' dir='ltr'>ποιή-</span> 
     </span>
     <span class='ocr_line' id='line_1_18' title="bbox 98 979 865 1023; baseline -0.003 -12"><span class='ocrx_word' id='word_1_130' title='bbox 98 993 197 1012; x_wconf 87' lang='grc' dir='ltr'>σουσιν.</span> <span class='ocrx_word' id='word_1_131' title='bbox 216 983 251 1013; x_wconf 73' lang='grc' dir='ltr'><strong>Εἰ</strong></span> <span class='ocrx_word' id='word_1_132' title='bbox 261 983 311 1023; x_wconf 79' lang='grc' dir='ltr'><strong>γὰρ</strong></span> <span class='ocrx_word' id='word_1_133' title='bbox 321 983 366 1013; x_wconf 74' lang='grc' dir='ltr'><strong>καὶ</strong></span> <span class='ocrx_word' id='word_1_134' title='bbox 378 979 415 1016; x_wconf 78' lang='grc' dir='ltr'>εἷς</span> <span class='ocrx_word' id='word_1_135' title='bbox 433 994 484 1012; x_wconf 88' lang='grc' dir='ltr'><strong>που</strong></span> <span class='ocrx_word' id='word_1_136' title='bbox 498 982 543 1013; x_wconf 72' lang='grc' dir='ltr'><strong>καὶ</strong></span> <span class='ocrx_word' id='word_1_137' title='bbox 556 982 675 1022; x_wconf 77' lang='grc' dir='ltr'>δεύτερος</span> <span class='ocrx_word' id='word_1_138' title='bbox 687 982 865 1017; x_wconf 78' lang='grc' dir='ltr'>συναπῆλθεν,</span> 
     </span>
     <span class='ocr_line' id='line_1_19' title="bbox 99 1027 867 1070; baseline -0.005 -10"><span class='ocrx_word' id='word_1_139' title='bbox 99 1031 157 1060; x_wconf 79' lang='grc' dir='ltr'>ἀλλ’</span> <span class='ocrx_word' id='word_1_140' title='bbox 175 1031 190 1059; x_wconf 85' lang='grc' dir='ltr'><strong>ὁ</strong></span> <span class='ocrx_word' id='word_1_141' title='bbox 205 1031 286 1070; x_wconf 77' lang='grc' dir='ltr'>δῆμος</span> <span class='ocrx_word' id='word_1_142' title='bbox 298 1032 351 1059; x_wconf 78' lang='grc' dir='ltr'><strong>τῶν</strong></span> <span class='ocrx_word' id='word_1_143' title='bbox 365 1030 507 1070; x_wconf 77' lang='grc' dir='ltr'>προφητῶν</span> <span class='ocrx_word' id='word_1_144' title='bbox 521 1029 582 1059; x_wconf 72' lang='grc' dir='ltr'>τότε</span> <span class='ocrx_word' id='word_1_145' title='bbox 602 1029 687 1068; x_wconf 79' lang='grc' dir='ltr'>ἐσίγα.</span> <span class='ocrx_word' id='word_1_146' title='bbox 700 1028 734 1058; x_wconf 89' lang='grc' dir='ltr'><strong>Ὁ</strong></span> <span class='ocrx_word' id='word_1_147' title='bbox 748 1027 800 1067; x_wconf 76' lang='grc' dir='ltr'><strong>γὰρ</strong></span> <span class='ocrx_word' id='word_1_148' title='bbox 811 1029 867 1066; x_wconf 80' lang='grc' dir='ltr'><strong>ἀμ-</strong></span> 
     </span>
     <span class='ocr_line' id='line_1_20' title="bbox 98 1071 867 1117; baseline -0.008 -10"><span class='ocrx_word' id='word_1_149' title='bbox 98 1077 187 1107; x_wconf 78' lang='grc' dir='ltr'>πελὼν</span> <span class='ocrx_word' id='word_1_150' title='bbox 202 1076 301 1117; x_wconf 84' lang='grc' dir='ltr'>Κυρίου</span> <span class='ocrx_word' id='word_1_151' title='bbox 323 1075 439 1107; x_wconf 73' lang='grc' dir='ltr'>Σαὸαὼθ</span> <span class='ocrx_word' id='word_1_152' title='bbox 455 1071 525 1108; x_wconf 75' lang='grc' dir='ltr'>οἶκος</span> <span class='ocrx_word' id='word_1_153' title='bbox 545 1077 592 1104; x_wconf 81' lang='grc' dir='ltr'><strong>τοῦ</strong></span> <span class='ocrx_word' id='word_1_154' title='bbox 606 1074 718 1114; x_wconf 81' lang='grc' dir='ltr'>Ἰσραήλ</span> <span class='ocrx_word' id='word_1_155' title='bbox 731 1075 788 1103; x_wconf 80' lang='grc' dir='ltr'>ἐστι</span> <span class='ocrx_word' id='word_1_156' title='bbox 798 1095 807 1109; x_wconf 90' lang='grc'>,</span> <span class='ocrx_word' id='word_1_157' title='bbox 821 1071 867 1102; x_wconf 81' lang='grc' dir='ltr'><strong>καὶ</strong></span> 
     </span>
     <span class='ocr_line' id='line_1_21' title="bbox 100 1119 867 1163; baseline -0.007 -10"><span class='ocrx_word' id='word_1_158' title='bbox 100 1123 234 1163; x_wconf 84' lang='grc' dir='ltr'>ἄνθρωπος</span> <span class='ocrx_word' id='word_1_159' title='bbox 244 1125 290 1151; x_wconf 82' lang='grc' dir='ltr'><strong>τοῦ</strong></span> <span class='ocrx_word' id='word_1_160' title='bbox 304 1122 392 1152; x_wconf 81' lang='grc' dir='ltr'>Ἰούδα</span> <span class='ocrx_word' id='word_1_161' title='bbox 404 1121 546 1162; x_wconf 73' lang='grc' dir='ltr'><strong>ι’νεόφυτον</strong></span> <span class='ocrx_word' id='word_1_162' title='bbox 552 1119 867 1160; x_wconf 79' lang='grc' dir='ltr'>ἧγαπημένον.·’Έμεινα,</span> 
     </span>
     <span class='ocr_line' id='line_1_22' title="bbox 100 1166 868 1209; baseline -0.005 -10"><span class='ocrx_word' id='word_1_163' title='bbox 100 1169 144 1199; x_wconf 76' lang='grc' dir='ltr'><strong>ἵνα</strong></span> <span class='ocrx_word' id='word_1_164' title='bbox 157 1169 255 1209; x_wconf 82' lang='grc' dir='ltr'>ποιήσῃ</span> <span class='ocrx_word' id='word_1_165' title='bbox 269 1169 365 1209; x_wconf 80' lang='grc' dir='ltr'>κρίσιν,</span> <span class='ocrx_word' id='word_1_166' title='bbox 377 1167 486 1203; x_wconf 85' lang='grc' dir='ltr'>ἐποίησε</span> <span class='ocrx_word' id='word_1_167' title='bbox 496 1166 523 1197; x_wconf 83' lang='grc' dir='ltr'><strong>δὲ</strong></span> <span class='ocrx_word' id='word_1_168' title='bbox 536 1167 656 1206; x_wconf 86' lang='grc' dir='ltr'>ἀνομίαν,</span> <span class='ocrx_word' id='word_1_169' title='bbox 666 1166 711 1196; x_wconf 80' lang='grc' dir='ltr'><strong>καὶ</strong></span> <span class='ocrx_word' id='word_1_170' title='bbox 725 1167 754 1195; x_wconf 77' lang='grc' dir='ltr'><strong>οὗ</strong></span> <span class='ocrx_word' id='word_1_171' title='bbox 769 1167 868 1196; x_wconf 81' lang='grc' dir='ltr'>δικαιο-</span> 
     </span>
     <span class='ocr_line' id='line_1_23' title="bbox 101 1213 869 1255; baseline -0.007 -9"><span class='ocrx_word' id='word_1_172' title='bbox 101 1217 191 1254; x_wconf 82' lang='grc' dir='ltr'>σύνην,</span> <span class='ocrx_word' id='word_1_173' title='bbox 205 1215 274 1245; x_wconf 82' lang='grc' dir='ltr'>ἀλλὰ</span> <span class='ocrx_word' id='word_1_174' title='bbox 290 1213 417 1255; x_wconf 83' lang='grc' dir='ltr'>κραυγήν.</span> <span class='ocrx_word' id='word_1_175' title='bbox 429 1213 541 1250; x_wconf 79' lang='grc' dir='ltr'>Ἐπειδὴ</span> <span class='ocrx_word' id='word_1_176' title='bbox 562 1214 649 1252; x_wconf 82' lang='grc' dir='ltr'>πολλῇ</span> <span class='ocrx_word' id='word_1_177' title='bbox 672 1214 706 1252; x_wconf 78' lang='grc' dir='ltr'><strong>τῇ</strong></span> <span class='ocrx_word' id='word_1_178' title='bbox 732 1216 869 1253; x_wconf 75' lang='grc' dir='ltr'>μεταφορᾷ</span> 
     </span>
     <span class='ocr_line' id='line_1_24' title="bbox 101 1258 866 1301; baseline -0.008 -8"><span class='ocrx_word' id='word_1_179' title='bbox 101 1263 144 1293; x_wconf 82' lang='grc' dir='ltr'><strong>διὰ</strong></span> <span class='ocrx_word' id='word_1_180' title='bbox 155 1265 208 1292; x_wconf 84' lang='grc' dir='ltr'><strong>τῶν</strong></span> <span class='ocrx_word' id='word_1_181' title='bbox 222 1260 357 1300; x_wconf 80' lang='grc' dir='ltr'>ὀνομάτων</span> <span class='ocrx_word' id='word_1_182' title='bbox 368 1260 500 1301; x_wconf 76' lang='grc' dir='ltr'>ἐχρήσατο</span> <span class='ocrx_word' id='word_1_183' title='bbox 507 1281 516 1296; x_wconf 83' lang='grc'>,</span> <span class='ocrx_word' id='word_1_184' title='bbox 528 1260 673 1298; x_wconf 78' lang='grc' dir='ltr'>ἀμπελῶνα</span> <span class='ocrx_word' id='word_1_185' title='bbox 681 1282 689 1296; x_wconf 91' lang='grc'>,</span> <span class='ocrx_word' id='word_1_186' title='bbox 702 1258 748 1288; x_wconf 77' lang='grc' dir='ltr'><strong>καὶ</strong></span> <span class='ocrx_word' id='word_1_187' title='bbox 757 1258 866 1299; x_wconf 81' lang='grc' dir='ltr'>πύργον,</span> 
     </span>
     <span class='ocr_line' id='line_1_25' title="bbox 99 1305 865 1348; baseline -0.008 -9"><span class='ocrx_word' id='word_1_188' title='bbox 99 1308 144 1339; x_wconf 74' lang='grc' dir='ltr'><strong>καὶ</strong></span> <span class='ocrx_word' id='word_1_189' title='bbox 157 1308 309 1348; x_wconf 82' lang='grc' dir='ltr'>προλήνιον,</span> <span class='ocrx_word' id='word_1_190' title='bbox 324 1306 368 1336; x_wconf 76' lang='grc' dir='ltr'><strong>καὶ</strong></span> <span class='ocrx_word' id='word_1_191' title='bbox 378 1306 512 1347; x_wconf 84' lang='grc' dir='ltr'>φραγμὸν,</span> <span class='ocrx_word' id='word_1_192' title='bbox 522 1305 567 1335; x_wconf 81' lang='grc' dir='ltr'><strong>καὶ</strong></span> <span class='ocrx_word' id='word_1_193' title='bbox 581 1305 726 1346; x_wconf 75' lang='grc' dir='ltr'>σκαφητὸν,</span> <span class='ocrx_word' id='word_1_194' title='bbox 739 1305 784 1334; x_wconf 80' lang='grc' dir='ltr'><strong>καὶ</strong></span> <span class='ocrx_word' id='word_1_195' title='bbox 797 1307 865 1345; x_wconf 78' lang='grc' dir='ltr'>τμῆ-</span> 
     </span>
     <span class='ocr_line' id='line_1_26' title="bbox 100 1351 866 1393; baseline -0.005 -9"><span class='ocrx_word' id='word_1_196' title='bbox 100 1366 142 1385; x_wconf 92' lang='grc' dir='ltr'><strong>σιν</strong></span> <span class='ocrx_word' id='word_1_197' title='bbox 153 1354 272 1393; x_wconf 78' lang='grc' dir='ltr'>ἀμπέλου</span> <span class='ocrx_word' id='word_1_198' title='bbox 287 1353 381 1392; x_wconf 81' lang='grc' dir='ltr'>λέγων,</span> <span class='ocrx_word' id='word_1_199' title='bbox 404 1352 448 1382; x_wconf 78' lang='grc' dir='ltr'><strong>ἶνα</strong></span> <span class='ocrx_word' id='word_1_200' title='bbox 468 1352 505 1391; x_wconf 85' lang='grc' dir='ltr'><strong>μὴ</strong></span> <span class='ocrx_word' id='word_1_201' title='bbox 520 1351 582 1391; x_wconf 79' lang='grc' dir='ltr'>περὶ</span> <span class='ocrx_word' id='word_1_202' title='bbox 595 1351 751 1391; x_wconf 78' lang='grc' dir='ltr'>ἀμπελῶνός</span> <span class='ocrx_word' id='word_1_203' title='bbox 763 1363 803 1385; x_wconf 83' lang='grc' dir='ltr'><strong>τις</strong></span> <span class='ocrx_word' id='word_1_204' title='bbox 813 1353 866 1381; x_wconf 82' lang='grc' dir='ltr'><strong>τῶν</strong></span> 
     </span>
     <span class='ocr_line' id='line_1_27' title="bbox 99 1393 867 1438; baseline -0.007 -7"><span class='ocrx_word' id='word_1_205' title='bbox 99 1401 159 1431; x_wconf 81' lang='grc' dir='ltr'>τότε</span> <span class='ocrx_word' id='word_1_206' title='bbox 172 1400 288 1436; x_wconf 79' lang='grc' dir='ltr'>ἀνοήτως</span> <span class='ocrx_word' id='word_1_207' title='bbox 302 1399 398 1438; x_wconf 85' lang='grc' dir='ltr'>νομίσῃ</span> <span class='ocrx_word' id='word_1_208' title='bbox 412 1393 478 1428; x_wconf 75' lang='grc' dir='ltr'>εἶναι</span> <span class='ocrx_word' id='word_1_209' title='bbox 491 1397 525 1427; x_wconf 81' lang='grc' dir='ltr'><strong>τὰ</strong></span> <span class='ocrx_word' id='word_1_210' title='bbox 531 1397 676 1438; x_wconf 83' lang='grc' dir='ltr'>λεγόμενα,</span> <span class='ocrx_word' id='word_1_211' title='bbox 688 1397 790 1438; x_wconf 82' lang='grc' dir='ltr'>ταχέως</span> <span class='ocrx_word' id='word_1_212' title='bbox 802 1397 867 1438; x_wconf 86' lang='grc' dir='ltr'>πρὸς</span> 
     </span>
     <span class='ocr_line' id='line_1_28' title="bbox 98 1444 866 1488; baseline -0.005 -11"><span class='ocrx_word' id='word_1_213' title='bbox 98 1449 138 1488; x_wconf 76' lang='grc' dir='ltr'><strong>τῷ</strong></span> <span class='ocrx_word' id='word_1_214' title='bbox 153 1447 223 1477; x_wconf 84' lang='grc' dir='ltr'>τέλει</span> <span class='ocrx_word' id='word_1_215' title='bbox 233 1445 264 1476; x_wconf 79' lang='grc' dir='ltr'><strong>τὸ</strong></span> <span class='ocrx_word' id='word_1_216' title='bbox 276 1450 330 1476; x_wconf 73' lang='grc' dir='ltr'><strong>πᾶν</strong></span> <span class='ocrx_word' id='word_1_217' title='bbox 342 1444 516 1485; x_wconf 79' lang='grc' dir='ltr'>ἢρμήνευσεν.</span> <span class='ocrx_word' id='word_1_218' title='bbox 531 1444 565 1473; x_wconf 91' lang='grc' dir='ltr'>Ὁ</span> <span class='ocrx_word' id='word_1_219' title='bbox 587 1444 639 1484; x_wconf 78' lang='grc' dir='ltr'><strong>γὰρ</strong></span> <span class='ocrx_word' id='word_1_220' title='bbox 661 1444 787 1483; x_wconf 80' lang='grc' dir='ltr'>ἀμπελὼν</span> <span class='ocrx_word' id='word_1_221' title='bbox 808 1446 866 1474; x_wconf 83' lang='grc' dir='ltr'>Κυ-</span> 
     </span>
     <span class='ocr_line' id='line_1_29' title="bbox 100 1489 866 1536; baseline -0.004 -11"><span class='ocrx_word' id='word_1_222' title='bbox 100 1495 156 1536; x_wconf 85' lang='grc' dir='ltr'>ρίου</span> <span class='ocrx_word' id='word_1_223' title='bbox 168 1494 283 1526; x_wconf 73' lang='grc' dir='ltr'>Σαὸαὼθ</span> <span class='ocrx_word' id='word_1_224' title='bbox 306 1489 376 1527; x_wconf 75' lang='grc' dir='ltr'>οἶκος</span> <span class='ocrx_word' id='word_1_225' title='bbox 396 1496 442 1523; x_wconf 77' lang='grc' dir='ltr'><strong>τοῦ</strong></span> <span class='ocrx_word' id='word_1_226' title='bbox 465 1493 574 1534; x_wconf 79' lang='grc' dir='ltr'>Ἰσραήλ</span> <span class='ocrx_word' id='word_1_227' title='bbox 585 1494 666 1523; x_wconf 77' lang='grc' dir='ltr'>ἐστιν.</span> <span class='ocrx_word' id='word_1_228' title='bbox 678 1494 719 1523; x_wconf 84' lang='grc' dir='ltr'><strong>Οὐ</strong></span> <span class='ocrx_word' id='word_1_229' title='bbox 733 1492 784 1533; x_wconf 78' lang='grc' dir='ltr'><strong>γὰρ</strong></span> <span class='ocrx_word' id='word_1_230' title='bbox 805 1493 866 1533; x_wconf 79' lang='grc' dir='ltr'>περὶ</span> 
     </span>
     <span class='ocr_line' id='line_1_30' title="bbox 99 1539 866 1582; baseline -0.003 -11"><span class='ocrx_word' id='word_1_231' title='bbox 99 1543 187 1582; x_wconf 57' lang='grc' dir='ltr'>φυτῶν</span> <span class='ocrx_word' id='word_1_232' title='bbox 199 1545 213 1572; x_wconf 83' lang='grc' dir='ltr'><strong>ὃ</strong></span> <span class='ocrx_word' id='word_1_233' title='bbox 221 1541 297 1581; x_wconf 80' lang='grc' dir='ltr'>λόγος</span> <span class='ocrx_word' id='word_1_234' title='bbox 309 1552 368 1580; x_wconf 83' lang='grc' dir='ltr'>μοι,</span> <span class='ocrx_word' id='word_1_235' title='bbox 377 1540 467 1581; x_wconf 77' lang='grc' dir='ltr'>φησὶν,</span> <span class='ocrx_word' id='word_1_236' title='bbox 479 1539 537 1570; x_wconf 78' lang='grc' dir='ltr'>οὐδὲ</span> <span class='ocrx_word' id='word_1_237' title='bbox 550 1543 563 1557; x_wconf 71' lang='lat'><em>⁶</em></span> <span class='ocrx_word' id='word_1_238' title='bbox 571 1539 632 1580; x_wconf 81' lang='grc' dir='ltr'>περὶ</span> <span class='ocrx_word' id='word_1_239' title='bbox 645 1541 732 1580; x_wconf 81' lang='grc' dir='ltr'>ψυχῆς</span> <span class='ocrx_word' id='word_1_240' title='bbox 745 1539 866 1580; x_wconf 79' lang='grc' dir='ltr'>ἀψύχου,</span> 
     </span>
     <span class='ocr_line' id='line_1_31' title="bbox 99 1586 866 1628; baseline -0.003 -10"><span class='ocrx_word' id='word_1_241' title='bbox 99 1588 158 1618; x_wconf 70' lang='grc' dir='ltr'>οὐδὲ</span> <span class='ocrx_word' id='word_1_242' title='bbox 171 1588 232 1628; x_wconf 80' lang='grc' dir='ltr'>περὶ</span> <span class='ocrx_word' id='word_1_243' title='bbox 248 1587 327 1617; x_wconf 82' lang='grc' dir='ltr'>λίθων</span> <span class='ocrx_word' id='word_1_244' title='bbox 343 1587 389 1616; x_wconf 81' lang='grc' dir='ltr'><strong>καὶ</strong></span> <span class='ocrx_word' id='word_1_245' title='bbox 405 1586 512 1626; x_wconf 82' lang='grc' dir='ltr'>τοίχων,</span> <span class='ocrx_word' id='word_1_246' title='bbox 537 1586 606 1616; x_wconf 72' lang='grc' dir='ltr'>ἀλλὰ</span> <span class='ocrx_word' id='word_1_247' title='bbox 630 1586 692 1627; x_wconf 75' lang='grc' dir='ltr'>περὶ</span> <span class='ocrx_word' id='word_1_248' title='bbox 715 1586 799 1625; x_wconf 81' lang='grc' dir='ltr'>δήμου</span> <span class='ocrx_word' id='word_1_249' title='bbox 819 1589 866 1616; x_wconf 79' lang='grc' dir='ltr'><strong>τοῦ</strong></span> 
     </span>
     <span class='ocr_line' id='line_1_32' title="bbox 99 1629 866 1674; baseline -0.001 -11"><span class='ocrx_word' id='word_1_250' title='bbox 99 1633 238 1674; x_wconf 75' lang='grc' dir='ltr'>ἡμετέρου.</span> <span class='ocrx_word' id='word_1_251' title='bbox 250 1633 300 1663; x_wconf 79' lang='grc' dir='ltr'><strong>Διὸ</strong></span> <span class='ocrx_word' id='word_1_252' title='bbox 312 1632 357 1662; x_wconf 76' lang='grc' dir='ltr'><strong>καὶ</strong></span> <span class='ocrx_word' id='word_1_253' title='bbox 366 1629 484 1672; x_wconf 71' lang='grc' dir='ltr'>ἐπήγαγε</span> <span class='ocrx_word' id='word_1_254' title='bbox 492 1655 500 1669; x_wconf 93' lang='grc'>,</span> <span class='ocrx_word' id='word_1_255' title='bbox 511 1632 566 1662; x_wconf 77' lang='grc' dir='ltr'><strong>Καὶ</strong></span> <span class='ocrx_word' id='word_1_256' title='bbox 578 1632 712 1673; x_wconf 82' lang='grc' dir='ltr'>ἅνθρωπος</span> <span class='ocrx_word' id='word_1_257' title='bbox 723 1635 769 1662; x_wconf 79' lang='grc' dir='ltr'><strong>τοῦ</strong></span> <span class='ocrx_word' id='word_1_258' title='bbox 779 1632 866 1662; x_wconf 82' lang='grc' dir='ltr'>Ἰούδα</span> 
     </span>
     <span class='ocr_line' id='line_1_33' title="bbox 99 1674 866 1719; baseline 0 -11"><span class='ocrx_word' id='word_1_259' title='bbox 99 1679 221 1719; x_wconf 82' lang='grc' dir='ltr'>νεόφυτον</span> <span class='ocrx_word' id='word_1_260' title='bbox 239 1677 410 1717; x_wconf 73' lang='grc' dir='ltr'>ἠγαπημένον</span> <span class='ocrx_word' id='word_1_261' title='bbox 418 1689 425 1696; x_wconf 93' lang='grc'><em>·</em></span> <span class='ocrx_word' id='word_1_262' title='bbox 440 1678 531 1714; x_wconf 76' lang='grc' dir='ltr'>ἐπειδὴ</span> <span class='ocrx_word' id='word_1_263' title='bbox 542 1677 622 1714; x_wconf 82' lang='grc' dir='ltr'>πλέον</span> <span class='ocrx_word' id='word_1_264' title='bbox 632 1691 658 1708; x_wconf 91' lang='grc' dir='ltr'><strong>τι</strong></span> <span class='ocrx_word' id='word_1_265' title='bbox 672 1674 727 1718; x_wconf 69' lang='grc' dir='ltr'>εἶχε</span> <span class='ocrx_word' id='word_1_266' title='bbox 735 1680 788 1708; x_wconf 80' lang='grc' dir='ltr'><strong>τῶν</strong></span> <span class='ocrx_word' id='word_1_267' title='bbox 802 1678 866 1708; x_wconf 81' lang='grc' dir='ltr'>δέκα</span> 
     </span>
     <span class='ocr_line' id='line_1_34' title="bbox 100 1719 864 1765; baseline 0 -11"><span class='ocrx_word' id='word_1_268' title='bbox 100 1726 198 1765; x_wconf 77' lang='grc' dir='ltr'>φυλῶν,</span> <span class='ocrx_word' id='word_1_269' title='bbox 211 1724 257 1754; x_wconf 74' lang='grc' dir='ltr'><strong>καὶ</strong></span> <span class='ocrx_word' id='word_1_270' title='bbox 275 1726 289 1753; x_wconf 82' lang='grc' dir='ltr'><strong>ὁ</strong></span> <span class='ocrx_word' id='word_1_271' title='bbox 302 1724 361 1757; x_wconf 79' lang='grc' dir='ltr'>ναὸς</span> <span class='ocrx_word' id='word_1_272' title='bbox 385 1723 475 1753; x_wconf 79' lang='grc' dir='ltr'>αὐτόθι</span> <span class='ocrx_word' id='word_1_273' title='bbox 497 1723 610 1758; x_wconf 86' lang='grc' dir='ltr'>πλησίον</span> <span class='ocrx_word' id='word_1_274' title='bbox 622 1719 666 1760; x_wconf 71' lang='grc' dir='ltr'><strong>ἦν,</strong></span> <span class='ocrx_word' id='word_1_275' title='bbox 678 1723 723 1754; x_wconf 76' lang='grc' dir='ltr'><strong>καὶ</strong></span> <span class='ocrx_word' id='word_1_276' title='bbox 745 1727 762 1760; x_wconf 80' lang='grc' dir='ltr'>ἡ</span> <span class='ocrx_word' id='word_1_277' title='bbox 784 1723 864 1761; x_wconf 81' lang='grc' dir='ltr'>λοιπὴ</span> 
     </span>
     <span class='ocr_line' id='line_1_35' title="bbox 100 1769 865 1811; baseline -0.003 -10"><span class='ocrx_word' id='word_1_278' title='bbox 100 1770 241 1811; x_wconf 76' lang='grc' dir='ltr'>θεραπεία,</span> <span class='ocrx_word' id='word_1_279' title='bbox 256 1769 301 1799; x_wconf 75' lang='grc' dir='ltr'><strong>καὶ</strong></span> <span class='ocrx_word' id='word_1_280' title='bbox 314 1771 367 1798; x_wconf 82' lang='grc' dir='ltr'><strong>τῶν</strong></span> <span class='ocrx_word' id='word_1_281' title='bbox 380 1769 466 1798; x_wconf 81' lang='grc' dir='ltr'>ἄλλων</span> <span class='ocrx_word' id='word_1_282' title='bbox 482 1769 582 1808; x_wconf 73' lang='grc' dir='ltr'>μᾶλλον</span> <span class='ocrx_word' id='word_1_283' title='bbox 596 1769 686 1807; x_wconf 81' lang='grc' dir='ltr'>ἤνθει,</span> <span class='ocrx_word' id='word_1_284' title='bbox 701 1770 746 1799; x_wconf 82' lang='grc' dir='ltr'><strong>καὶ</strong></span> <span class='ocrx_word' id='word_1_285' title='bbox 758 1771 865 1809; x_wconf 89' lang='grc' dir='ltr'>βασιλι-</span> 
     </span>
     <span class='ocr_line' id='line_1_36' title="bbox 99 1812 866 1856; baseline 0 -10"><span class='ocrx_word' id='word_1_286' title='bbox 99 1816 203 1856; x_wconf 81' lang='grc' dir='ltr'>κωτέρα</span> <span class='ocrx_word' id='word_1_287' title='bbox 215 1812 248 1852; x_wconf 66' lang='grc' dir='ltr'><strong>ἦν</strong></span> <span class='ocrx_word' id='word_1_288' title='bbox 259 1818 276 1852; x_wconf 80' lang='grc' dir='ltr'>ἡ</span> <span class='ocrx_word' id='word_1_289' title='bbox 289 1814 358 1856; x_wconf 80' lang='grc' dir='ltr'>φυλὴ</span> <span class='ocrx_word' id='word_1_290' title='bbox 379 1814 424 1844; x_wconf 79' lang='grc' dir='ltr'><strong>καὶ</strong></span> <span class='ocrx_word' id='word_1_291' title='bbox 448 1814 622 1855; x_wconf 84' lang='grc' dir='ltr'>δυνατωτέρα.</span> <span class='ocrx_word' id='word_1_292' title='bbox 635 1815 824 1854; x_wconf 86' lang='grc' dir='ltr'>Ἠγαπημένον</span> <span class='ocrx_word' id='word_1_293' title='bbox 838 1815 866 1846; x_wconf 84' lang='grc' dir='ltr'><strong>δὲ</strong></span> 
     </span>
     <span class='ocr_line' id='line_1_37' title="bbox 100 1858 866 1902; baseline 0 -10"><span class='ocrx_word' id='word_1_294' title='bbox 100 1858 170 1898; x_wconf 78' lang='grc' dir='ltr'>εἶπε,</span> <span class='ocrx_word' id='word_1_295' title='bbox 179 1862 260 1892; x_wconf 86' lang='grc' dir='ltr'>πάλιν</span> <span class='ocrx_word' id='word_1_296' title='bbox 267 1863 354 1891; x_wconf 79' lang='grc' dir='ltr'>αὐτῶν</span> <span class='ocrx_word' id='word_1_297' title='bbox 363 1860 570 1899; x_wconf 81' lang='grc' dir='ltr'>καθαπτόμενος,</span> <span class='ocrx_word' id='word_1_298' title='bbox 578 1861 618 1890; x_wconf 84' lang='grc' dir='ltr'><strong>ὅτι</strong></span> <span class='ocrx_word' id='word_1_299' title='bbox 629 1860 691 1901; x_wconf 81' lang='grc' dir='ltr'>περὶ</span> <span class='ocrx_word' id='word_1_300' title='bbox 699 1860 743 1890; x_wconf 85' lang='grc' dir='ltr'><strong>τὸν</strong></span> <span class='ocrx_word' id='word_1_301' title='bbox 755 1862 866 1902; x_wconf 87' lang='grc' dir='ltr'>σφοδρὸν</span> 
     </span>
     <span class='ocr_line' id='line_1_38' title="bbox 99 1906 866 1949; baseline 0.001 -12"><span class='ocrx_word' id='word_1_302' title='bbox 99 1908 213 1949; x_wconf 78' lang='grc' dir='ltr'>ἐραστὴν</span> <span class='ocrx_word' id='word_1_303' title='bbox 223 1910 337 1937; x_wconf 79' lang='grc' dir='ltr'>τοιοῦτοι</span> <span class='ocrx_word' id='word_1_304' title='bbox 346 1906 479 1947; x_wconf 81' lang='grc' dir='ltr'>γεγόνασι.</span> <span class='ocrx_word' id='word_1_305' title='bbox 493 1907 619 1940; x_wconf 82' lang='grc' dir='ltr'>Τοιοῦτος</span> <span class='ocrx_word' id='word_1_306' title='bbox 632 1906 684 1947; x_wconf 85' lang='grc' dir='ltr'><strong>γὰρ</strong></span> <span class='ocrx_word' id='word_1_307' title='bbox 697 1908 750 1936; x_wconf 86' lang='grc' dir='ltr'><strong>τῶν</strong></span> <span class='ocrx_word' id='word_1_308' title='bbox 761 1907 866 1948; x_wconf 83' lang='grc' dir='ltr'>φιλούν-</span> 
     </span>
     <span class='ocr_line' id='line_1_39' title="bbox 98 1952 866 1993; baseline 0 -10"><span class='ocrx_word' id='word_1_309' title='bbox 98 1965 152 1983; x_wconf 84' lang='grc' dir='ltr'><strong>των</strong></span> <span class='ocrx_word' id='word_1_310' title='bbox 164 1956 179 1983; x_wconf 86' lang='grc' dir='ltr'><strong>ὁ</strong></span> <span class='ocrx_word' id='word_1_311' title='bbox 189 1954 282 1993; x_wconf 85' lang='grc' dir='ltr'>νόμος,</span> <span class='ocrx_word' id='word_1_312' title='bbox 296 1952 363 1992; x_wconf 67' lang='grc' dir='ltr'>μηδὲ</span> <span class='ocrx_word' id='word_1_313' title='bbox 374 1953 400 1981; x_wconf 77' lang='grc' dir='ltr'><strong>ἕν</strong></span> <span class='ocrx_word' id='word_1_314' title='bbox 413 1953 501 1986; x_wconf 82' lang='grc' dir='ltr'>αὐτοῖς</span> <span class='ocrx_word' id='word_1_315' title='bbox 512 1957 567 1986; x_wconf 83' lang='grc' dir='ltr'>τοῖς</span> <span class='ocrx_word' id='word_1_316' title='bbox 577 1952 728 1992; x_wconf 81' lang='grc' dir='ltr'>ἐγκλήμασι</span> <span class='ocrx_word' id='word_1_317' title='bbox 741 1953 866 1993; x_wconf 79' lang='grc' dir='ltr'>κρύπτειν</span> 
     </span>
     <span class='ocr_line' id='line_1_40' title="bbox 99 1997 866 2039; baseline 0 -10"><span class='ocrx_word' id='word_1_318' title='bbox 99 2002 146 2036; x_wconf 80' lang='grc' dir='ltr'><strong>τῆς</strong></span> <span class='ocrx_word' id='word_1_319' title='bbox 159 1999 256 2033; x_wconf 80' lang='grc' dir='ltr'>οἰκείας</span> <span class='ocrx_word' id='word_1_320' title='bbox 269 1998 374 2039; x_wconf 81' lang='grc' dir='ltr'>ἀγάπης</span> <span class='ocrx_word' id='word_1_321' title='bbox 386 1997 435 2034; x_wconf 81' lang='grc' dir='ltr'><strong>τὴν</strong></span> <span class='ocrx_word' id='word_1_322' title='bbox 449 1998 608 2038; x_wconf 74' lang='grc' dir='ltr'>ὗπερὸολήν.</span> <span class='ocrx_word' id='word_1_323' title='bbox 625 1999 761 2029; x_wconf 77' lang='grc' dir='ltr'>Ἐντεῦθεν</span> <span class='ocrx_word' id='word_1_324' title='bbox 776 2001 805 2029; x_wconf 85' lang='grc' dir='ltr'><strong>οὗ</strong></span> <span class='ocrx_word' id='word_1_325' title='bbox 820 2013 866 2039; x_wconf 88' lang='grc' dir='ltr'><strong>μι-</strong></span> 
     </span>
     <span class='ocr_line' id='line_1_41' title="bbox 100 2044 866 2087; baseline 0.001 -11"><span class='ocrx_word' id='word_1_326' title='bbox 100 2046 162 2087; x_wconf 79' lang='grc' dir='ltr'>κρὸν</span> <span class='ocrx_word' id='word_1_327' title='bbox 175 2046 220 2076; x_wconf 80' lang='grc' dir='ltr'><strong>καὶ</strong></span> <span class='ocrx_word' id='word_1_328' title='bbox 232 2046 320 2086; x_wconf 81' lang='grc' dir='ltr'>ἕτερον</span> <span class='ocrx_word' id='word_1_329' title='bbox 330 2044 506 2084; x_wconf 78' lang='grc' dir='ltr'>μανθάνομεν.</span> <span class='ocrx_word' id='word_1_330' title='bbox 514 2046 595 2074; x_wconf 91' lang='grc' dir='ltr'>Ποῖον</span> <span class='ocrx_word' id='word_1_331' title='bbox 610 2045 641 2082; x_wconf 84' lang='grc' dir='ltr'><strong>δὴ</strong></span> <span class='ocrx_word' id='word_1_332' title='bbox 651 2048 728 2075; x_wconf 78' lang='grc' dir='ltr'>τοῦτο</span> <span class='ocrx_word' id='word_1_333' title='bbox 737 2058 745 2082; x_wconf 83' lang='grc'><strong>;</strong></span> <span class='ocrx_word' id='word_1_334' title='bbox 753 2046 793 2076; x_wconf 79' lang='grc' dir='ltr'><strong>Τὸ</strong></span> <span class='ocrx_word' id='word_1_335' title='bbox 801 2047 866 2077; x_wconf 83' lang='grc' dir='ltr'>πότε</span> 
     </span>
     <span class='ocr_line' id='line_1_42' title="bbox 99 2090 866 2132; baseline 0.003 -11"><span class='ocrx_word' id='word_1_336' title='bbox 99 2092 146 2122; x_wconf 79' lang='grc' dir='ltr'><strong>καὶ</strong></span> <span class='ocrx_word' id='word_1_337' title='bbox 154 2092 213 2121; x_wconf 88' lang='grc' dir='ltr'>τίνα</span> <span class='ocrx_word' id='word_1_338' title='bbox 221 2094 376 2132; x_wconf 85' lang='grc' dir='ltr'>ἀλληγορεῖν</span> <span class='ocrx_word' id='word_1_339' title='bbox 384 2090 437 2131; x_wconf 82' lang='grc' dir='ltr'><strong>χρὴ</strong></span> <span class='ocrx_word' id='word_1_340' title='bbox 445 2092 497 2120; x_wconf 79' lang='grc' dir='ltr'><strong>τῶν</strong></span> <span class='ocrx_word' id='word_1_341' title='bbox 506 2092 527 2120; x_wconf 86' lang='grc' dir='ltr'><strong>Γ</strong></span> <span class='ocrx_word' id='word_1_342' title='bbox 530 2093 627 2131; x_wconf 81' lang='grc' dir='ltr'>ραφῶν·</span> <span class='ocrx_word' id='word_1_343' title='bbox 637 2091 683 2121; x_wconf 78' lang='grc' dir='ltr'><strong>καὶ</strong></span> <span class='ocrx_word' id='word_1_344' title='bbox 690 2094 726 2126; x_wconf 83' lang='grc' dir='ltr'>ὡς</span> <span class='ocrx_word' id='word_1_345' title='bbox 733 2093 781 2122; x_wconf 81' lang='grc' dir='ltr'><strong>οὒκ</strong></span> <span class='ocrx_word' id='word_1_346' title='bbox 787 2093 866 2132; x_wconf 77' lang='grc' dir='ltr'>ἐσμὲν</span> 
     </span>
     <span class='ocr_line' id='line_1_43' title="bbox 101 2136 866 2178; baseline 0 -10"><span class='ocrx_word' id='word_1_347' title='bbox 101 2138 186 2178; x_wconf 84' lang='grc' dir='ltr'>κύριοι</span> <span class='ocrx_word' id='word_1_348' title='bbox 195 2139 248 2167; x_wconf 85' lang='grc' dir='ltr'><strong>τῶν</strong></span> <span class='ocrx_word' id='word_1_349' title='bbox 261 2138 348 2176; x_wconf 85' lang='grc' dir='ltr'>νόμων</span> <span class='ocrx_word' id='word_1_350' title='bbox 357 2136 456 2166; x_wconf 81' lang='grc' dir='ltr'>τούτων</span> <span class='ocrx_word' id='word_1_351' title='bbox 469 2137 553 2172; x_wconf 74' lang='grc' dir='ltr'>αὐτοὶ,</span> <span class='ocrx_word' id='word_1_352' title='bbox 566 2137 635 2167; x_wconf 85' lang='grc' dir='ltr'>ἀλλὰ</span> <span class='ocrx_word' id='word_1_353' title='bbox 643 2139 682 2167; x_wconf 86' lang='grc' dir='ltr'><strong>δεῖ</strong></span> <span class='ocrx_word' id='word_1_354' title='bbox 694 2140 760 2178; x_wconf 79' lang='grc' dir='ltr'>αὐτῇ</span> <span class='ocrx_word' id='word_1_355' title='bbox 772 2141 805 2178; x_wconf 78' lang='grc' dir='ltr'><strong>τῇ</strong></span> <span class='ocrx_word' id='word_1_356' title='bbox 814 2140 866 2168; x_wconf 90' lang='grc' dir='ltr'>δια-</span> 
     </span>
     <span class='ocr_line' id='line_1_44' title="bbox 101 2182 867 2225; baseline 0.004 -13"><span class='ocrx_word' id='word_1_357' title='bbox 101 2183 158 2223; x_wconf 71' lang='grc' dir='ltr'><strong>νοίαΔ</strong></span> <span class='ocrx_word' id='word_1_358' title='bbox 169 2185 216 2219; x_wconf 79' lang='grc' dir='ltr'><strong>τῆς</strong></span> <span class='ocrx_word' id='word_1_359' title='bbox 230 2185 336 2224; x_wconf 80' lang='grc' dir='ltr'>Γραφῆς</span> <span class='ocrx_word' id='word_1_360' title='bbox 350 2182 508 2221; x_wconf 72' lang='grc' dir='ltr'>ἑπομένως,</span> <span class='ocrx_word' id='word_1_361' title='bbox 523 2182 591 2212; x_wconf 73' lang='grc' dir='ltr'>οὕτω</span> <span class='ocrx_word' id='word_1_362' title='bbox 603 2185 642 2224; x_wconf 87' lang='grc' dir='ltr'><strong>τῷ</strong></span> <span class='ocrx_word' id='word_1_363' title='bbox 650 2186 698 2219; x_wconf 76' lang='grc' dir='ltr'><strong>τῆς</strong></span> <span class='ocrx_word' id='word_1_364' title='bbox 708 2185 867 2225; x_wconf 83' lang='grc' dir='ltr'>ἀλληγορίας</span> 
     </span>
     <span class='ocr_line' id='line_1_45' title="bbox 102 2226 866 2269; baseline 0.004 -11"><span class='ocrx_word' id='word_1_365' title='bbox 102 2230 248 2268; x_wconf 73' lang='grc' dir='ltr'>κεχρῆσθαι</span> <span class='ocrx_word' id='word_1_366' title='bbox 259 2229 359 2269; x_wconf 80' lang='grc' dir='ltr'>τρόπῳ.</span> <span class='ocrx_word' id='word_1_367' title='bbox 374 2229 412 2259; x_wconf 88' lang='grc' dir='ltr'>Ὃ</span> <span class='ocrx_word' id='word_1_368' title='bbox 426 2229 454 2259; x_wconf 78' lang='grc' dir='ltr'><strong>δὲ</strong></span> <span class='ocrx_word' id='word_1_369' title='bbox 467 2228 551 2269; x_wconf 81' lang='grc' dir='ltr'>λέγω,</span> <span class='ocrx_word' id='word_1_370' title='bbox 564 2230 681 2259; x_wconf 80' lang='grc' dir='ltr'>τοιοῦτόν</span> <span class='ocrx_word' id='word_1_371' title='bbox 692 2232 771 2260; x_wconf 75' lang='grc' dir='ltr'>ἐστιν.</span> <span class='ocrx_word' id='word_1_372' title='bbox 783 2226 866 2261; x_wconf 72' lang='grc' dir='ltr'>Εἶπεν</span> 
     </span>
     <span class='ocr_line' id='line_1_46' title="bbox 103 2275 867 2316; baseline 0.004 -12"><span class='ocrx_word' id='word_1_373' title='bbox 103 2276 248 2313; x_wconf 74' lang='grc' dir='ltr'>ἀμπελῶνα</span> <span class='ocrx_word' id='word_1_374' title='bbox 267 2278 311 2304; x_wconf 82' lang='grc' dir='ltr'>ν’ῡν</span> <span class='ocrx_word' id='word_1_375' title='bbox 332 2277 349 2311; x_wconf 79' lang='grc' dir='ltr'><strong>ἣ</strong></span> <span class='ocrx_word' id='word_1_376' title='bbox 369 2275 476 2316; x_wconf 78' lang='grc' dir='ltr'>Γραφὴ,</span> <span class='ocrx_word' id='word_1_377' title='bbox 492 2276 623 2316; x_wconf 81' lang='grc' dir='ltr'>φραγμὸν,</span> <span class='ocrx_word' id='word_1_378' title='bbox 643 2276 784 2316; x_wconf 79' lang='grc' dir='ltr'>προλήνιον</span> <span class='ocrx_word' id='word_1_379' title='bbox 794 2289 800 2295; x_wconf 92' lang='grc'>·</span> <span class='ocrx_word' id='word_1_380' title='bbox 820 2278 867 2307; x_wconf 82' lang='grc' dir='ltr'><strong>οὔκ</strong></span> 
     </span>
     <span class='ocr_line' id='line_1_47' title="bbox 102 2319 867 2362; baseline 0.004 -13"><span class='ocrx_word' id='word_1_381' title='bbox 102 2322 188 2359; x_wconf 73' lang='grc' dir='ltr'>ἀφῆκε</span> <span class='ocrx_word' id='word_1_382' title='bbox 214 2319 302 2360; x_wconf 81' lang='grc' dir='ltr'>κύριον</span> <span class='ocrx_word' id='word_1_383' title='bbox 329 2320 447 2358; x_wconf 78' lang='grc' dir='ltr'>γενέσθαι</span> <span class='ocrx_word' id='word_1_384' title='bbox 470 2321 515 2351; x_wconf 86' lang='grc' dir='ltr'><strong>τὸν</strong></span> <span class='ocrx_word' id='word_1_385' title='bbox 539 2322 671 2361; x_wconf 82' lang='grc' dir='ltr'>ἀκροατὴν</span> <span class='ocrx_word' id='word_1_386' title='bbox 693 2322 808 2362; x_wconf 82' lang='grc' dir='ltr'>ἁρμόσαι</span> <span class='ocrx_word' id='word_1_387' title='bbox 833 2323 867 2352; x_wconf 85' lang='grc' dir='ltr'><strong>τὰ</strong></span> 
     </span>
     <span class='ocr_line' id='line_1_48' title="bbox 103 2361 866 2407; baseline 0.005 -12"><span class='ocrx_word' id='word_1_388' title='bbox 103 2365 229 2405; x_wconf 79' lang='grc' dir='ltr'>εἰρημένα</span> <span class='ocrx_word' id='word_1_389' title='bbox 241 2361 279 2399; x_wconf 76' lang='grc' dir='ltr'><strong>οἷς</strong></span> <span class='ocrx_word' id='word_1_390' title='bbox 292 2365 413 2396; x_wconf 70' lang='grc' dir='ltr'>ἐδούλετο</span> <span class='ocrx_word' id='word_1_391' title='bbox 421 2366 584 2406; x_wconf 81' lang='grc' dir='ltr'>πράγμασιν,</span> <span class='ocrx_word' id='word_1_392' title='bbox 594 2367 611 2403; x_wconf 80' lang='grc' dir='ltr'>ἢ</span> <span class='ocrx_word' id='word_1_393' title='bbox 622 2367 789 2407; x_wconf 79' lang='grc' dir='ltr'>προσώποις,</span> <span class='ocrx_word' id='word_1_394' title='bbox 799 2369 866 2399; x_wconf 77' lang='grc' dir='ltr'>ἀλλὰ</span> 
     </span>
    </p>
   </div>
   <div class='ocr_carea' id='block_1_6' title="bbox 104 2449 857 2603">
    <p class='ocr_par' dir='ltr' id='par_1_6' title="bbox 104 2449 855 2524">
     <span class='ocr_line' id='line_1_49' title="bbox 135 2449 855 2484; baseline 0.001 -7"><span class='ocrx_word' id='word_1_395' title='bbox 135 2459 146 2471; x_wconf 75' lang='lat'><strong>¹⁸</strong></span> <span class='ocrx_word' id='word_1_396' title='bbox 162 2450 298 2484; x_wconf 63' lang='grc' dir='ltr'>ἐγκαλοῦσιν</span> <span class='ocrx_word' id='word_1_397' title='bbox 308 2449 379 2476; x_wconf 73' lang='lat' dir='ltr'><strong>deest</strong></span> <span class='ocrx_word' id='word_1_398' title='bbox 393 2452 420 2476; x_wconf 85' lang='lat' dir='ltr'><strong>in</strong></span> <span class='ocrx_word' id='word_1_399' title='bbox 436 2451 497 2484; x_wconf 63' lang='lat' dir='ltr'><strong>neg.</strong></span> <span class='ocrx_word' id='word_1_400' title='bbox 511 2457 537 2476; x_wconf 77' lang='lat' dir='ltr'><strong>et</strong></span> <span class='ocrx_word' id='word_1_401' title='bbox 555 2450 644 2482; x_wconf 64' lang='lat' dir='ltr'><strong>savit,</strong></span> <span class='ocrx_word' id='word_1_402' title='bbox 658 2459 703 2476; x_wconf 85' lang='lat' dir='ltr'><strong>nec</strong></span> <span class='ocrx_word' id='word_1_403' title='bbox 713 2451 805 2477; x_wconf 74' lang='lat' dir='ltr'><strong>lectum</strong></span> <span class='ocrx_word' id='word_1_404' title='bbox 816 2458 855 2478; x_wconf 73' lang='lat' dir='ltr'><strong>est</strong></span> 
     </span>
     <span class='ocr_line' id='line_1_50' title="bbox 104 2488 816 2524; baseline 0.001 -8"><span class='ocrx_word' id='word_1_405' title='bbox 104 2490 138 2516; x_wconf 77' lang='lat' dir='ltr'><strong>ab</strong></span> <span class='ocrx_word' id='word_1_406' title='bbox 151 2492 300 2524; x_wconf 75' lang='lat' dir='ltr'><strong>Interprete..</strong></span> <span class='ocrx_word' id='word_1_407' title='bbox 311 2488 363 2515; x_wconf 79' lang='lat' dir='ltr'><strong>Sed</strong></span> <span class='ocrx_word' id='word_1_408' title='bbox 371 2489 476 2515; x_wconf 71' lang='lat' dir='ltr'><strong>babetur</strong></span> <span class='ocrx_word' id='word_1_409' title='bbox 488 2491 514 2515; x_wconf 86' lang='lat' dir='ltr'><strong>in</strong></span> <span class='ocrx_word' id='word_1_410' title='bbox 526 2492 648 2516; x_wconf 65' lang='lat' dir='ltr'><strong>unvai-ico</strong></span> <span class='ocrx_word' id='word_1_411' title='bbox 659 2492 719 2516; x_wconf 83' lang='lat' dir='ltr'><strong>etin</strong></span> <span class='ocrx_word' id='word_1_412' title='bbox 730 2492 816 2517; x_wconf 71' lang='lat' dir='ltr'><strong>Morel.</strong></span> 
     </span>
    </p>

    <p class='ocr_par' dir='ltr' id='par_1_7' title="bbox 104 2528 857 2603">
     <span class='ocr_line' id='line_1_51' title="bbox 136 2528 855 2565; baseline 0.003 -10"><span class='ocrx_word' id='word_1_413' title='bbox 136 2530 149 2549; x_wconf 77' lang='lat' dir='ltr'>b</span> <span class='ocrx_word' id='word_1_414' title='bbox 160 2530 221 2563; x_wconf 72' lang='lat' dir='ltr'><strong>neg.</strong></span> <span class='ocrx_word' id='word_1_415' title='bbox 230 2528 348 2554; x_wconf 65' lang='lat' dir='ltr'><strong>etum-el.</strong></span> <span class='ocrx_word' id='word_1_416' title='bbox 357 2534 382 2554; x_wconf 82' lang='lat' dir='ltr'><strong>et</strong></span> <span class='ocrx_word' id='word_1_417' title='bbox 389 2534 471 2554; x_wconf 65' lang='lat' dir='ltr'><strong>textus</strong></span> <span class='ocrx_word' id='word_1_418' title='bbox 477 2528 588 2554; x_wconf 70' lang='lat' dir='ltr'><strong>Biblicue</strong></span> <span class='ocrx_word' id='word_1_419' title='bbox 594 2535 697 2565; x_wconf 72' lang='grc' dir='ltr'>νιὸφυτον</span> <span class='ocrx_word' id='word_1_420' title='bbox 704 2535 855 2564; x_wconf 63' lang='grc' dir='ltr'>ἠγαπημένον.</span> 
     </span>
     <span class='ocr_line' id='line_1_52' title="bbox 104 2567 857 2603; baseline 0.001 -9"><span class='ocrx_word' id='word_1_421' title='bbox 104 2568 189 2594; x_wconf 66' lang='lat' dir='ltr'><strong>morel.</strong></span> <span class='ocrx_word' id='word_1_422' title='bbox 211 2575 312 2603; x_wconf 66' lang='grc' dir='ltr'>νιόφυτος</span> <span class='ocrx_word' id='word_1_423' title='bbox 334 2573 482 2601; x_wconf 73' lang='grc' dir='ltr'>ἡγαπημείνος.</span> <span class='ocrx_word' id='word_1_424' title='bbox 503 2567 552 2593; x_wconf 82' lang='lat' dir='ltr'><strong>Sed</strong></span> <span class='ocrx_word' id='word_1_425' title='bbox 573 2569 598 2594; x_wconf 88' lang='lat' dir='ltr'><strong>in</strong></span> <span class='ocrx_word' id='word_1_426' title='bbox 621 2568 707 2594; x_wconf 74' lang='lat' dir='ltr'><strong>Mor-cl.</strong></span> <span class='ocrx_word' id='word_1_427' title='bbox 734 2569 798 2595; x_wconf 77' lang='lat' dir='ltr'><strong>infru</strong></span> <span class='ocrx_word' id='word_1_428' title='bbox 823 2572 857 2595; x_wconf 77' lang='lat' dir='ltr'><strong>sic</strong></span> 
     </span>
    </p>
   </div>
   <div class='ocr_carea' id='block_1_7' title="bbox 883 171 1667 2413">
    <p class='ocr_par' dir='ltr' id='par_1_8' title="bbox 883 171 1667 2413">
     <span class='ocr_line' id='line_1_53' title="bbox 1613 171 1659 208; baseline 0 0"><span class='ocrx_word' id='word_1_429' title='bbox 1613 171 1659 208; x_wconf 81' lang='lat'><strong>63</strong></span> 
     </span>
     <span class='ocr_line' id='line_1_54' title="bbox 921 238 1664 276; baseline 0.015 -10"><span class='ocrx_word' id='word_1_430' title='bbox 921 238 1049 274; x_wconf 77' lang='lat' dir='ltr'><strong>volucrit,</strong></span> <span class='ocrx_word' id='word_1_431' title='bbox 1057 238 1092 269; x_wconf 88' lang='lat' dir='ltr'><strong>de</strong></span> <span class='ocrx_word' id='word_1_432' title='bbox 1104 239 1233 271; x_wconf 81' lang='lat' dir='ltr'><strong>doctrinae</strong></span> <span class='ocrx_word' id='word_1_433' title='bbox 1244 248 1270 271; x_wconf 91' lang='lat' dir='ltr'><strong>et</strong></span> <span class='ocrx_word' id='word_1_434' title='bbox 1282 242 1469 274; x_wconf 80' lang='lat' dir='ltr'><strong>mandatorum</strong></span> <span class='ocrx_word' id='word_1_435' title='bbox 1482 245 1664 276; x_wconf 83' lang='lat' dir='ltr'><strong>sollicitudine</strong></span> 
     </span>
     <span class='ocr_line' id='line_1_55' title="bbox 921 284 1662 330; baseline 0.013 -18"><span class='ocrx_word' id='word_1_436' title='bbox 921 284 1051 323; x_wconf 83' lang='lat' dir='ltr'><strong>loquitur.</strong></span> <span class='ocrx_word' id='word_1_437' title='bbox 1062 285 1123 315; x_wconf 84' lang='lat' dir='ltr'><strong>Non</strong></span> <span class='ocrx_word' id='word_1_438' title='bbox 1138 288 1208 317; x_wconf 89' lang='lat' dir='ltr'><strong>enim</strong></span> <span class='ocrx_word' id='word_1_439' title='bbox 1221 287 1317 318; x_wconf 86' lang='lat' dir='ltr'><strong>iisdem</strong></span> <span class='ocrx_word' id='word_1_440' title='bbox 1330 288 1454 319; x_wconf 82' lang='lat' dir='ltr'>fruentur</span> <span class='ocrx_word' id='word_1_441' title='bbox 1465 291 1565 330; x_wconf 86' lang='lat' dir='ltr'><strong>quibus</strong></span> <span class='ocrx_word' id='word_1_442' title='bbox 1576 299 1662 328; x_wconf 83' lang='lat' dir='ltr'><strong>antea,</strong></span> 
     </span>
     <span class='ocr_line' id='line_1_56' title="bbox 923 331 1663 379; baseline 0.012 -19"><span class='ocrx_word' id='word_1_443' title='bbox 923 341 975 361; x_wconf 91' lang='lat' dir='ltr'><strong>non</strong></span> <span class='ocrx_word' id='word_1_444' title='bbox 993 331 1114 362; x_wconf 83' lang='lat' dir='ltr'><strong>doctores</strong></span> <span class='ocrx_word' id='word_1_445' title='bbox 1131 333 1280 372; x_wconf 85' lang='lat' dir='ltr'><strong>habebunt,</strong></span> <span class='ocrx_word' id='word_1_446' title='bbox 1294 345 1346 364; x_wconf 93' lang='lat' dir='ltr'><strong>non</strong></span> <span class='ocrx_word' id='word_1_447' title='bbox 1366 336 1511 376; x_wconf 87' lang='lat' dir='ltr'><strong>principes,</strong></span> <span class='ocrx_word' id='word_1_448' title='bbox 1525 349 1578 368; x_wconf 90' lang='lat' dir='ltr'><strong>non</strong></span> <span class='ocrx_word' id='word_1_449' title='bbox 1596 350 1663 379; x_wconf 86' lang='lat' dir='ltr'><strong>pro-</strong></span> 
     </span>
     <span class='ocr_line' id='line_1_57' title="bbox 922 377 1664 424; baseline 0.012 -18"><span class='ocrx_word' id='word_1_450' title='bbox 922 377 1017 418; x_wconf 80' lang='lat' dir='ltr'><strong>phetas</strong></span> <span class='ocrx_word' id='word_1_451' title='bbox 1026 378 1094 408; x_wconf 88' lang='lat' dir='ltr'><strong>sicut</strong></span> <span class='ocrx_word' id='word_1_452' title='bbox 1103 379 1180 417; x_wconf 90' lang='lat' dir='ltr'><strong>olim,</strong></span> <span class='ocrx_word' id='word_1_453' title='bbox 1190 380 1237 420; x_wconf 91' lang='lat' dir='ltr'><strong>qui</strong></span> <span class='ocrx_word' id='word_1_454' title='bbox 1246 380 1319 421; x_wconf 82' lang='lat' dir='ltr'><strong>ipsos</strong></span> <span class='ocrx_word' id='word_1_455' title='bbox 1328 381 1472 421; x_wconf 82' lang='lat' dir='ltr'>corrigant,</span> <span class='ocrx_word' id='word_1_456' title='bbox 1481 384 1528 422; x_wconf 90' lang='lat' dir='ltr'><strong>qui</strong></span> <span class='ocrx_word' id='word_1_457' title='bbox 1543 384 1664 424; x_wconf 87' lang='lat' dir='ltr'><strong>ipsorum</strong></span> 
     </span>
     <span class='ocr_line' id='line_1_58' title="bbox 922 426 1664 467; baseline 0.011 -14"><span class='ocrx_word' id='word_1_458' title='bbox 922 435 1014 454; x_wconf 86' lang='lat' dir='ltr'><strong>curam</strong></span> <span class='ocrx_word' id='word_1_459' title='bbox 1037 432 1139 464; x_wconf 84' lang='lat' dir='ltr'><strong>gerant.</strong></span> <span class='ocrx_word' id='word_1_460' title='bbox 1153 426 1230 456; x_wconf 86' lang='lat' dir='ltr'>Sicut</span> <span class='ocrx_word' id='word_1_461' title='bbox 1248 427 1320 457; x_wconf 90' lang='lat' dir='ltr'><strong>enim</strong></span> <span class='ocrx_word' id='word_1_462' title='bbox 1333 427 1380 467; x_wconf 90' lang='lat' dir='ltr'><strong>qui</strong></span> <span class='ocrx_word' id='word_1_463' title='bbox 1395 428 1488 458; x_wconf 84' lang='lat' dir='ltr'><strong>vineas</strong></span> <span class='ocrx_word' id='word_1_464' title='bbox 1508 430 1609 467; x_wconf 87' lang='lat' dir='ltr'><strong>colunt,</strong></span> <span class='ocrx_word' id='word_1_465' title='bbox 1622 432 1664 461; x_wconf 86' lang='lat' dir='ltr'><strong>so-</strong></span> 
     </span>
     <span class='ocr_line' id='line_1_59' title="bbox 922 470 1664 511; baseline 0.009 -12"><span class='ocrx_word' id='word_1_466' title='bbox 922 470 1011 508; x_wconf 78' lang='lat' dir='ltr'><strong>diunt,</strong></span> <span class='ocrx_word' id='word_1_467' title='bbox 1026 478 1133 511; x_wconf 78' lang='lat' dir='ltr'><strong>putant,</strong></span> <span class='ocrx_word' id='word_1_468' title='bbox 1148 472 1187 502; x_wconf 91' lang='lat' dir='ltr'><strong>sic</strong></span> <span class='ocrx_word' id='word_1_469' title='bbox 1199 473 1247 511; x_wconf 85' lang='lat' dir='ltr'><strong>qui</strong></span> <span class='ocrx_word' id='word_1_470' title='bbox 1265 472 1366 503; x_wconf 83' lang='lat' dir='ltr'><strong>animas</strong></span> <span class='ocrx_word' id='word_1_471' title='bbox 1382 473 1536 510; x_wconf 83' lang='lat' dir='ltr'><strong>emendant,</strong></span> <span class='ocrx_word' id='word_1_472' title='bbox 1551 477 1664 506; x_wconf 88' lang='lat' dir='ltr'><strong>commi-</strong></span> 
     </span>
     <span class='ocr_line' id='line_1_60' title="bbox 921 519 1667 560; baseline 0.011 -15"><span class='ocrx_word' id='word_1_473' title='bbox 921 523 1031 554; x_wconf 87' lang='lat' dir='ltr'><strong>nantur,</strong></span> <span class='ocrx_word' id='word_1_474' title='bbox 1040 524 1183 556; x_wconf 75' lang='lat' dir='ltr'><strong>exterrent,</strong></span> <span class='ocrx_word' id='word_1_475' title='bbox 1190 519 1503 560; x_wconf 85' lang='lat' dir='ltr'><strong>docent‚reprehendunt</strong></span> <span class='ocrx_word' id='word_1_476' title='bbox 1514 534 1520 550; x_wconf 86' lang='lat'>:</span> <span class='ocrx_word' id='word_1_477' title='bbox 1529 533 1626 552; x_wconf 83' lang='lat' dir='ltr'><strong>verum</strong></span> <span class='ocrx_word' id='word_1_478' title='bbox 1633 523 1667 553; x_wconf 88' lang='lat' dir='ltr'><strong>iis</strong></span> 
     </span>
     <span class='ocr_line' id='line_1_61' title="bbox 922 562 1664 605; baseline 0.009 -13"><span class='ocrx_word' id='word_1_479' title='bbox 922 562 1043 593; x_wconf 84' lang='lat' dir='ltr'><strong>destituti</strong></span> <span class='ocrx_word' id='word_1_480' title='bbox 1057 572 1146 601; x_wconf 85' lang='lat' dir='ltr'><strong>erunt,</strong></span> <span class='ocrx_word' id='word_1_481' title='bbox 1160 564 1257 605; x_wconf 85' lang='lat' dir='ltr'><strong>inquit,</strong></span> <span class='ocrx_word' id='word_1_482' title='bbox 1270 566 1298 596; x_wconf 92' lang='lat' dir='ltr'><strong>in</strong></span> <span class='ocrx_word' id='word_1_483' title='bbox 1310 566 1423 597; x_wconf 88' lang='lat' dir='ltr'><strong>alienam</strong></span> <span class='ocrx_word' id='word_1_484' title='bbox 1437 568 1547 598; x_wconf 83' lang='lat' dir='ltr'><strong>abducti</strong></span> <span class='ocrx_word' id='word_1_485' title='bbox 1557 576 1664 599; x_wconf 83' lang='lat' dir='ltr'><strong>terram.</strong></span> 
     </span>
     <span class='ocr_line' id='line_1_62' title="bbox 923 610 1667 653; baseline 0.012 -15"><span class='ocrx_word' id='word_1_486' title='bbox 923 610 964 638; x_wconf 89' lang='lat' dir='ltr'><strong>Et</strong></span> <span class='ocrx_word' id='word_1_487' title='bbox 969 611 1108 640; x_wconf 77' lang='lat' dir='ltr'><em>ascendet</em></span> <span class='ocrx_word' id='word_1_488' title='bbox 1114 622 1168 651; x_wconf 86' lang='lat' dir='ltr'><strong>per</strong></span> <span class='ocrx_word' id='word_1_489' title='bbox 1173 614 1335 653; x_wconf 80' lang='lat' dir='ltr'><strong>eam,quasi</strong></span> <span class='ocrx_word' id='word_1_490' title='bbox 1341 623 1395 653; x_wconf 87' lang='lat' dir='ltr'><strong>per</strong></span> <span class='ocrx_word' id='word_1_491' title='bbox 1400 615 1542 644; x_wconf 79' lang='lat' dir='ltr'><strong>incultam</strong></span> <span class='ocrx_word' id='word_1_492' title='bbox 1549 622 1667 651; x_wconf 84' lang='lat' dir='ltr'><strong>terram,</strong></span> 
     </span>
     <span class='ocr_line' id='line_1_63' title="bbox 921 658 1667 700; baseline 0.011 -15"><span class='ocrx_word' id='word_1_493' title='bbox 921 658 1008 696; x_wconf 82' lang='lat' dir='ltr'><strong>spina</strong></span> <span class='ocrx_word' id='word_1_494' title='bbox 1019 669 1027 686; x_wconf 88' lang='grc'><strong>.·</strong></span> <span class='ocrx_word' id='word_1_495' title='bbox 1039 663 1067 686; x_wconf 86' lang='lat' dir='ltr'><strong>et</strong></span> <span class='ocrx_word' id='word_1_496' title='bbox 1080 659 1204 688; x_wconf 74' lang='lat' dir='ltr'><strong>nubibus</strong></span> <span class='ocrx_word' id='word_1_497' title='bbox 1216 660 1376 697; x_wconf 85' lang='lat' dir='ltr'><em>mandabo,</em></span> <span class='ocrx_word' id='word_1_498' title='bbox 1390 671 1427 690; x_wconf 85' lang='lat' dir='ltr'><strong>ne</strong></span> <span class='ocrx_word' id='word_1_499' title='bbox 1435 661 1541 700; x_wconf 81' lang='lat' dir='ltr'><em>pluant</em></span> <span class='ocrx_word' id='word_1_500' title='bbox 1555 664 1587 692; x_wconf 85' lang='lat' dir='ltr'><strong>in</strong></span> <span class='ocrx_word' id='word_1_501' title='bbox 1601 675 1667 693; x_wconf 83' lang='lat' dir='ltr'><strong>eam</strong></span> 
     </span>
     <span class='ocr_line' id='line_1_64' title="bbox 921 703 1665 746; baseline 0.012 -15"><span class='ocrx_word' id='word_1_502' title='bbox 921 703 1053 732; x_wconf 79' lang='lat' dir='ltr'><strong><em>imbrem.</em></strong></span> <span class='ocrx_word' id='word_1_503' title='bbox 1066 706 1119 733; x_wconf 82' lang='lat' dir='ltr'><strong>Aut</strong></span> <span class='ocrx_word' id='word_1_504' title='bbox 1129 703 1319 735; x_wconf 83' lang='lat' dir='ltr'><strong>desolationem</strong></span> <span class='ocrx_word' id='word_1_505' title='bbox 1330 706 1406 736; x_wconf 91' lang='lat' dir='ltr'><strong>urbis</strong></span> <span class='ocrx_word' id='word_1_506' title='bbox 1418 716 1556 746; x_wconf 87' lang='lat' dir='ltr'><strong>memorat,</strong></span> <span class='ocrx_word' id='word_1_507' title='bbox 1569 709 1665 740; x_wconf 84' lang='lat' dir='ltr'><strong>autde-</strong></span> 
     </span>
     <span class='ocr_line' id='line_1_65' title="bbox 921 749 1664 794; baseline 0.011 -16"><span class='ocrx_word' id='word_1_508' title='bbox 921 749 1077 779; x_wconf 76' lang='lat' dir='ltr'><strong>solationem</strong></span> <span class='ocrx_word' id='word_1_509' title='bbox 1089 761 1181 780; x_wconf 88' lang='lat' dir='ltr'><strong>eorum</strong></span> <span class='ocrx_word' id='word_1_510' title='bbox 1188 758 1214 780; x_wconf 92' lang='lat' dir='ltr'><strong>et</strong></span> <span class='ocrx_word' id='word_1_511' title='bbox 1224 751 1435 794; x_wconf 85' lang='lat' dir='ltr'><strong>uniuscujusque</strong></span> <span class='ocrx_word' id='word_1_512' title='bbox 1451 754 1545 784; x_wconf 79' lang='lat' dir='ltr'><strong>animae</strong></span> <span class='ocrx_word' id='word_1_513' title='bbox 1557 766 1664 786; x_wconf 84' lang='lat' dir='ltr'><strong>eorum:</strong></span> 
     </span>
     <span class='ocr_line' id='line_1_66' title="bbox 921 795 1667 842; baseline 0.012 -18"><span class='ocrx_word' id='word_1_514' title='bbox 921 795 1006 825; x_wconf 82' lang='lat' dir='ltr'><strong>nubes</strong></span> <span class='ocrx_word' id='word_1_515' title='bbox 1023 803 1111 826; x_wconf 85' lang='lat' dir='ltr'><strong>autem</strong></span> <span class='ocrx_word' id='word_1_516' title='bbox 1124 797 1170 826; x_wconf 88' lang='lat' dir='ltr'><strong>hic</strong></span> <span class='ocrx_word' id='word_1_517' title='bbox 1190 797 1302 836; x_wconf 85' lang='lat' dir='ltr'><strong>quidam</strong></span> <span class='ocrx_word' id='word_1_518' title='bbox 1319 798 1415 828; x_wconf 87' lang='lat' dir='ltr'><strong>dicunt</strong></span> <span class='ocrx_word' id='word_1_519' title='bbox 1433 810 1490 830; x_wconf 91' lang='lat' dir='ltr'><strong>esse</strong></span> <span class='ocrx_word' id='word_1_520' title='bbox 1508 803 1667 842; x_wconf 82' lang='lat' dir='ltr'><strong>prophetas,</strong></span> 
     </span>
     <span class='ocr_line' id='line_1_67' title="bbox 922 841 1664 886; baseline 0.013 -17"><span class='ocrx_word' id='word_1_521' title='bbox 922 841 1025 882; x_wconf 81' lang='lat' dir='ltr'>quippe</span> <span class='ocrx_word' id='word_1_522' title='bbox 1047 843 1095 881; x_wconf 86' lang='lat' dir='ltr'><strong>qui</strong></span> <span class='ocrx_word' id='word_1_523' title='bbox 1115 842 1238 882; x_wconf 82' lang='lat' dir='ltr'>pluviam</span> <span class='ocrx_word' id='word_1_524' title='bbox 1259 843 1376 884; x_wconf 84' lang='lat' dir='ltr'>desuper</span> <span class='ocrx_word' id='word_1_525' title='bbox 1396 846 1556 886; x_wconf 88' lang='lat' dir='ltr'><strong>acciperent,</strong></span> <span class='ocrx_word' id='word_1_526' title='bbox 1567 856 1593 878; x_wconf 90' lang='lat' dir='ltr'><strong>et</strong></span> <span class='ocrx_word' id='word_1_527' title='bbox 1611 850 1664 879; x_wconf 88' lang='lat' dir='ltr'><strong>sibi</strong></span> 
     </span>
     <span class='ocr_line' id='line_1_68' title="bbox 921 887 1666 928; baseline 0.012 -12"><span class='ocrx_word' id='word_1_528' title='bbox 921 887 992 917; x_wconf 77' lang='lat' dir='ltr'><strong>dicta</strong></span> <span class='ocrx_word' id='word_1_529' title='bbox 1016 887 1051 917; x_wconf 83' lang='lat' dir='ltr'><strong>ad</strong></span> <span class='ocrx_word' id='word_1_530' title='bbox 1070 888 1205 928; x_wconf 89' lang='lat' dir='ltr'><strong>populum</strong></span> <span class='ocrx_word' id='word_1_531' title='bbox 1228 891 1447 921; x_wconf 81' lang='lat' dir='ltr'><strong>transmitterent.</strong></span> <span class='ocrx_word' id='word_1_532' title='bbox 1464 894 1569 923; x_wconf 81' lang='lat' dir='ltr'><strong>Verum</strong></span> <span class='ocrx_word' id='word_1_533' title='bbox 1583 905 1616 924; x_wconf 90' lang='lat' dir='ltr'><strong>ne</strong></span> <span class='ocrx_word' id='word_1_534' title='bbox 1636 896 1666 925; x_wconf 90' lang='lat' dir='ltr'><strong>hi</strong></span> 
     </span>
     <span class='ocr_line' id='line_1_69' title="bbox 921 933 1665 973; baseline 0.012 -11"><span class='ocrx_word' id='word_1_535' title='bbox 921 933 1032 971; x_wconf 85' lang='lat' dir='ltr'><strong>quidem</strong></span> <span class='ocrx_word' id='word_1_536' title='bbox 1050 945 1109 973; x_wconf 85' lang='lat' dir='ltr'><strong>quae</strong></span> <span class='ocrx_word' id='word_1_537' title='bbox 1128 943 1320 965; x_wconf 84' lang='lat' dir='ltr'><strong>consueverant</strong></span> <span class='ocrx_word' id='word_1_538' title='bbox 1339 936 1444 967; x_wconf 80' lang='lat' dir='ltr'><strong>facient.</strong></span> <span class='ocrx_word' id='word_1_539' title='bbox 1456 938 1570 969; x_wconf 81' lang='lat' dir='ltr'><strong>Etiamsi</strong></span> <span class='ocrx_word' id='word_1_540' title='bbox 1592 942 1665 972; x_wconf 88' lang='lat' dir='ltr'><strong>enim</strong></span> 
     </span>
     <span class='ocr_line' id='line_1_70' title="bbox 922 980 1666 1027; baseline 0.012 -19"><span class='ocrx_word' id='word_1_541' title='bbox 922 990 992 1010; x_wconf 90' lang='lat' dir='ltr'><strong>unus</strong></span> <span class='ocrx_word' id='word_1_542' title='bbox 1009 980 1053 1010; x_wconf 87' lang='lat' dir='ltr'><strong>vel</strong></span> <span class='ocrx_word' id='word_1_543' title='bbox 1070 981 1137 1010; x_wconf 88' lang='lat' dir='ltr'><strong>alter</strong></span> <span class='ocrx_word' id='word_1_544' title='bbox 1154 981 1286 1021; x_wconf 79' lang='lat' dir='ltr'><strong>propheta</strong></span> <span class='ocrx_word' id='word_1_545' title='bbox 1307 993 1368 1012; x_wconf 87' lang='lat' dir='ltr'><strong>cum</strong></span> <span class='ocrx_word' id='word_1_546' title='bbox 1382 983 1449 1023; x_wconf 88' lang='lat' dir='ltr'><strong>ipsis</strong></span> <span class='ocrx_word' id='word_1_547' title='bbox 1466 986 1666 1027; x_wconf 82' lang='lat' dir='ltr'><strong>commigrarat,</strong></span> 
     </span>
     <span class='ocr_line' id='line_1_71' title="bbox 920 1026 1665 1066; baseline 0.013 -12"><span class='ocrx_word' id='word_1_548' title='bbox 920 1026 1113 1066; x_wconf 84' lang='lat' dir='ltr'><strong>prophetarum</strong></span> <span class='ocrx_word' id='word_1_549' title='bbox 1132 1034 1221 1056; x_wconf 79' lang='lat' dir='ltr'><strong>tamen</strong></span> <span class='ocrx_word' id='word_1_550' title='bbox 1235 1028 1314 1058; x_wconf 86' lang='lat' dir='ltr'><strong>turba</strong></span> <span class='ocrx_word' id='word_1_551' title='bbox 1328 1035 1391 1058; x_wconf 89' lang='lat' dir='ltr'><strong>tunc</strong></span> <span class='ocrx_word' id='word_1_552' title='bbox 1402 1029 1508 1061; x_wconf 89' lang='lat' dir='ltr'><strong>silebat.</strong></span> <span class='ocrx_word' id='word_1_553' title='bbox 1525 1032 1554 1062; x_wconf 84' lang='lat'><strong>⁷.</strong></span> <span class='ocrx_word' id='word_1_554' title='bbox 1570 1034 1665 1064; x_wconf 83' lang='lat' dir='ltr'><strong>Vinea</strong></span> 
     </span>
     <span class='ocr_line' id='line_1_72' title="bbox 921 1074 1665 1118; baseline 0.015 -18"><span class='ocrx_word' id='word_1_555' title='bbox 921 1074 998 1101; x_wconf 81' lang='lat' dir='ltr'><strong>enim</strong></span> <span class='ocrx_word' id='word_1_556' title='bbox 1018 1074 1142 1102; x_wconf 81' lang='lat' dir='ltr'><strong>Domini</strong></span> <span class='ocrx_word' id='word_1_557' title='bbox 1165 1074 1292 1104; x_wconf 77' lang='lat' dir='ltr'><strong>Sabaoth</strong></span> <span class='ocrx_word' id='word_1_558' title='bbox 1318 1076 1420 1106; x_wconf 80' lang='lat' dir='ltr'><strong>domus</strong></span> <span class='ocrx_word' id='word_1_559' title='bbox 1441 1079 1536 1108; x_wconf 55' lang='lat' dir='ltr'><strong>Israel</strong></span> <span class='ocrx_word' id='word_1_560' title='bbox 1560 1087 1614 1118; x_wconf 84' lang='lat' dir='ltr'><strong>est,</strong></span> <span class='ocrx_word' id='word_1_561' title='bbox 1637 1090 1665 1112; x_wconf 81' lang='lat' dir='ltr'><strong>et</strong></span> 
     </span>
     <span class='ocr_line' id='line_1_73' title="bbox 922 1119 1666 1168; baseline 0.013 -20"><span class='ocrx_word' id='word_1_562' title='bbox 922 1119 1007 1148; x_wconf 79' lang='lat' dir='ltr'><strong>homo</strong></span> <span class='ocrx_word' id='word_1_563' title='bbox 1021 1120 1104 1149; x_wconf 85' lang='lat' dir='ltr'><strong>Juda</strong></span> <span class='ocrx_word' id='word_1_564' title='bbox 1120 1121 1238 1150; x_wconf 73' lang='lat' dir='ltr'><strong>novella</strong></span> <span class='ocrx_word' id='word_1_565' title='bbox 1252 1121 1402 1160; x_wconf 83' lang='lat' dir='ltr'><strong>plantatio</strong></span> <span class='ocrx_word' id='word_1_566' title='bbox 1417 1124 1535 1155; x_wconf 77' lang='lat' dir='ltr'><strong>dilecta.</strong></span> <span class='ocrx_word' id='word_1_567' title='bbox 1553 1128 1666 1168; x_wconf 80' lang='lat' dir='ltr'><strong>Exspe-</strong></span> 
     </span>
     <span class='ocr_line' id='line_1_74' title="bbox 922 1167 1665 1214; baseline 0.013 -20"><span class='ocrx_word' id='word_1_568' title='bbox 922 1167 1011 1202; x_wconf 83' lang='lat' dir='ltr'><strong>ctavi,</strong></span> <span class='ocrx_word' id='word_1_569' title='bbox 1023 1172 1056 1195; x_wconf 86' lang='lat' dir='ltr'><strong>ut</strong></span> <span class='ocrx_word' id='word_1_570' title='bbox 1060 1167 1185 1206; x_wconf 78' lang='lat' dir='ltr'><strong>sacer-et</strong></span> <span class='ocrx_word' id='word_1_571' title='bbox 1187 1168 1344 1207; x_wconf 76' lang='lat' dir='ltr'><strong>judicium.</strong></span> <span class='ocrx_word' id='word_1_572' title='bbox 1351 1169 1430 1209; x_wconf 81' lang='lat' dir='ltr'><strong>fecit</strong></span> <span class='ocrx_word' id='word_1_573' title='bbox 1445 1177 1544 1201; x_wconf 79' lang='lat' dir='ltr'><strong>autem</strong></span> <span class='ocrx_word' id='word_1_574' title='bbox 1554 1174 1665 1214; x_wconf 83' lang='lat' dir='ltr'><strong>iniqui-</strong></span> 
     </span>
     <span class='ocr_line' id='line_1_75' title="bbox 922 1213 1665 1256; baseline 0.013 -16"><span class='ocrx_word' id='word_1_575' title='bbox 922 1218 1021 1249; x_wconf 84' lang='lat' dir='ltr'><strong>tatem,</strong></span> <span class='ocrx_word' id='word_1_576' title='bbox 1028 1217 1057 1241; x_wconf 67' lang='grc' dir='ltr'><strong>εἰ</strong></span> <span class='ocrx_word' id='word_1_577' title='bbox 1067 1223 1126 1241; x_wconf 88' lang='lat' dir='ltr'><strong>non</strong></span> <span class='ocrx_word' id='word_1_578' title='bbox 1130 1213 1346 1252; x_wconf 81' lang='lat' dir='ltr'><strong>justitiam,sed</strong></span> <span class='ocrx_word' id='word_1_579' title='bbox 1354 1215 1522 1247; x_wconf 85' lang='lat' dir='ltr'><strong>clamorem.</strong></span> <span class='ocrx_word' id='word_1_580' title='bbox 1530 1219 1665 1256; x_wconf 76' lang='lat' dir='ltr'><strong>Quoniam</strong></span> 
     </span>
     <span class='ocr_line' id='line_1_76' title="bbox 921 1258 1666 1302; baseline 0.012 -15"><span class='ocrx_word' id='word_1_581' title='bbox 921 1258 1006 1288; x_wconf 74' lang='lat' dir='ltr'><strong>multa</strong></span> <span class='ocrx_word' id='word_1_582' title='bbox 1025 1258 1165 1288; x_wconf 85' lang='lat' dir='ltr'><strong>nominum</strong></span> <span class='ocrx_word' id='word_1_583' title='bbox 1182 1258 1338 1299; x_wconf 80' lang='lat' dir='ltr'><strong>metaphora</strong></span> <span class='ocrx_word' id='word_1_584' title='bbox 1346 1271 1410 1290; x_wconf 90' lang='lat' dir='ltr'><strong>usus</strong></span> <span class='ocrx_word' id='word_1_585' title='bbox 1419 1269 1469 1300; x_wconf 89' lang='lat' dir='ltr'><strong>est,</strong></span> <span class='ocrx_word' id='word_1_586' title='bbox 1481 1263 1597 1302; x_wconf 86' lang='lat' dir='ltr'><strong>vineam,</strong></span> <span class='ocrx_word' id='word_1_587' title='bbox 1612 1273 1666 1296; x_wconf 86' lang='lat' dir='ltr'><strong>tur-</strong></span> 
     </span>
     <span class='ocr_line' id='line_1_77' title="bbox 920 1305 1663 1351; baseline 0.013 -17"><span class='ocrx_word' id='word_1_588' title='bbox 920 1306 984 1342; x_wconf 87' lang='lat' dir='ltr'><strong>rim,</strong></span> <span class='ocrx_word' id='word_1_589' title='bbox 1007 1306 1137 1344; x_wconf 80' lang='lat' dir='ltr'><strong>torcular,</strong></span> <span class='ocrx_word' id='word_1_590' title='bbox 1159 1317 1260 1347; x_wconf 87' lang='lat' dir='ltr'><strong>sepem,</strong></span> <span class='ocrx_word' id='word_1_591' title='bbox 1281 1307 1435 1347; x_wconf 82' lang='lat' dir='ltr'><strong>sossionem,</strong></span> <span class='ocrx_word' id='word_1_592' title='bbox 1449 1318 1475 1340; x_wconf 89' lang='lat' dir='ltr'><strong>et</strong></span> <span class='ocrx_word' id='word_1_593' title='bbox 1498 1305 1663 1351; x_wconf 82' lang='lat' dir='ltr'><strong>putationem</strong></span> 
     </span>
     <span class='ocr_line' id='line_1_78' title="bbox 919 1353 1664 1397; baseline 0.013 -15"><span class='ocrx_word' id='word_1_594' title='bbox 919 1353 1003 1383; x_wconf 85' lang='lat' dir='ltr'><strong>vineae</strong></span> <span class='ocrx_word' id='word_1_595' title='bbox 1010 1363 1222 1383; x_wconf 88' lang='lat' dir='ltr'><strong>commemorans</strong></span> <span class='ocrx_word' id='word_1_596' title='bbox 1229 1365 1237 1392; x_wconf 87' lang='lat'>;</span> <span class='ocrx_word' id='word_1_597' title='bbox 1248 1356 1347 1394; x_wconf 86' lang='lat' dir='ltr'><strong>nequis</strong></span> <span class='ocrx_word' id='word_1_598' title='bbox 1353 1355 1538 1397; x_wconf 75' lang='lat' dir='ltr'><strong>insipientium</strong></span> <span class='ocrx_word' id='word_1_599' title='bbox 1544 1360 1579 1390; x_wconf 90' lang='lat' dir='ltr'><strong>de</strong></span> <span class='ocrx_word' id='word_1_600' title='bbox 1586 1362 1664 1392; x_wconf 86' lang='lat' dir='ltr'><strong>vinea</strong></span> 
     </span>
     <span class='ocr_line' id='line_1_79' title="bbox 919 1399 1665 1443; baseline 0.013 -14"><span class='ocrx_word' id='word_1_601' title='bbox 919 1400 976 1430; x_wconf 81' lang='lat' dir='ltr'><strong>haec</strong></span> <span class='ocrx_word' id='word_1_602' title='bbox 989 1399 1044 1429; x_wconf 89' lang='lat' dir='ltr'><strong>dici</strong></span> <span class='ocrx_word' id='word_1_603' title='bbox 1056 1406 1170 1440; x_wconf 75' lang='lat' dir='ltr'><strong>putaret,</strong></span> <span class='ocrx_word' id='word_1_604' title='bbox 1185 1400 1237 1430; x_wconf 89' lang='lat' dir='ltr'><strong>sub</strong></span> <span class='ocrx_word' id='word_1_605' title='bbox 1257 1402 1338 1431; x_wconf 86' lang='lat' dir='ltr'><strong>finem</strong></span> <span class='ocrx_word' id='word_1_606' title='bbox 1354 1411 1461 1443; x_wconf 86' lang='lat' dir='ltr'><strong>repente</strong></span> <span class='ocrx_word' id='word_1_607' title='bbox 1476 1413 1563 1436; x_wconf 89' lang='lat' dir='ltr'><strong>totum</strong></span> <span class='ocrx_word' id='word_1_608' title='bbox 1580 1408 1665 1439; x_wconf 89' lang='lat' dir='ltr'><strong>inter-</strong></span> 
     </span>
     <span class='ocr_line' id='line_1_80' title="bbox 919 1447 1664 1487; baseline 0.015 -13"><span class='ocrx_word' id='word_1_609' title='bbox 919 1453 1039 1487; x_wconf 84' lang='lat' dir='ltr'><strong>pretatus</strong></span> <span class='ocrx_word' id='word_1_610' title='bbox 1045 1453 1095 1476; x_wconf 88' lang='lat' dir='ltr'><strong>est.</strong></span> <span class='ocrx_word' id='word_1_611' title='bbox 1105 1447 1199 1476; x_wconf 79' lang='lat' dir='ltr'><strong>Vinea</strong></span> <span class='ocrx_word' id='word_1_612' title='bbox 1207 1449 1286 1477; x_wconf 79' lang='lat' dir='ltr'><strong>enim</strong></span> <span class='ocrx_word' id='word_1_613' title='bbox 1293 1448 1416 1478; x_wconf 86' lang='lat' dir='ltr'><strong>Domini</strong></span> <span class='ocrx_word' id='word_1_614' title='bbox 1423 1450 1552 1483; x_wconf 81' lang='lat' dir='ltr'><strong>Sabaoth</strong></span> <span class='ocrx_word' id='word_1_615' title='bbox 1561 1455 1664 1485; x_wconf 87' lang='lat' dir='ltr'><strong>domus</strong></span> 
     </span>
     <span class='ocr_line' id='line_1_81' title="bbox 919 1493 1664 1538; baseline 0.012 -16"><span class='ocrx_word' id='word_1_616' title='bbox 919 1493 1014 1522; x_wconf 74' lang='lat' dir='ltr'><strong>Israe&#39;il</strong></span> <span class='ocrx_word' id='word_1_617' title='bbox 1032 1499 1085 1523; x_wconf 84' lang='lat' dir='ltr'><strong>est.</strong></span> <span class='ocrx_word' id='word_1_618' title='bbox 1105 1494 1165 1523; x_wconf 89' lang='lat' dir='ltr'><strong>Non</strong></span> <span class='ocrx_word' id='word_1_619' title='bbox 1180 1493 1251 1523; x_wconf 90' lang='lat' dir='ltr'><strong>enim</strong></span> <span class='ocrx_word' id='word_1_620' title='bbox 1264 1494 1298 1524; x_wconf 87' lang='lat' dir='ltr'><strong>de</strong></span> <span class='ocrx_word' id='word_1_621' title='bbox 1317 1495 1414 1535; x_wconf 87' lang='lat' dir='ltr'><strong>plantis</strong></span> <span class='ocrx_word' id='word_1_622' title='bbox 1432 1497 1500 1527; x_wconf 88' lang='lat' dir='ltr'><strong>mihi</strong></span> <span class='ocrx_word' id='word_1_623' title='bbox 1513 1510 1602 1530; x_wconf 86' lang='lat' dir='ltr'><strong>sermo</strong></span> <span class='ocrx_word' id='word_1_624' title='bbox 1615 1509 1664 1538; x_wconf 90' lang='lat' dir='ltr'><strong>est,</strong></span> 
     </span>
     <span class='ocr_line' id='line_1_82' title="bbox 919 1538 1664 1586; baseline 0.015 -19"><span class='ocrx_word' id='word_1_625' title='bbox 919 1549 1005 1578; x_wconf 86' lang='lat' dir='ltr'><strong>neque</strong></span> <span class='ocrx_word' id='word_1_626' title='bbox 1019 1538 1054 1569; x_wconf 87' lang='lat' dir='ltr'><strong>de</strong></span> <span class='ocrx_word' id='word_1_627' title='bbox 1067 1546 1161 1569; x_wconf 81' lang='lat' dir='ltr'><strong>natura</strong></span> <span class='ocrx_word' id='word_1_628' title='bbox 1175 1540 1330 1579; x_wconf 73' lang='lat' dir='ltr'><strong>inanimata,</strong></span> <span class='ocrx_word' id='word_1_629' title='bbox 1343 1552 1430 1582; x_wconf 87' lang='lat' dir='ltr'><strong>neque</strong></span> <span class='ocrx_word' id='word_1_630' title='bbox 1441 1543 1476 1574; x_wconf 90' lang='lat' dir='ltr'><strong>de</strong></span> <span class='ocrx_word' id='word_1_631' title='bbox 1490 1545 1627 1586; x_wconf 83' lang='lat' dir='ltr'><strong>lapidibus</strong></span> <span class='ocrx_word' id='word_1_632' title='bbox 1638 1556 1664 1578; x_wconf 92' lang='lat' dir='ltr'><strong>et</strong></span> 
     </span>
     <span class='ocr_line' id='line_1_83' title="bbox 919 1584 1664 1631; baseline 0.015 -18"><span class='ocrx_word' id='word_1_633' title='bbox 919 1584 1004 1614; x_wconf 85' lang='lat' dir='ltr'><strong>muris</strong></span> <span class='ocrx_word' id='word_1_634' title='bbox 1010 1597 1019 1624; x_wconf 78' lang='lat'><em>3</em></span> <span class='ocrx_word' id='word_1_635' title='bbox 1034 1585 1080 1614; x_wconf 82' lang='lat' dir='ltr'><strong>sed</strong></span> <span class='ocrx_word' id='word_1_636' title='bbox 1092 1584 1126 1615; x_wconf 86' lang='lat' dir='ltr'><strong>de</strong></span> <span class='ocrx_word' id='word_1_637' title='bbox 1138 1586 1241 1626; x_wconf 87' lang='lat' dir='ltr'><strong>populo</strong></span> <span class='ocrx_word' id='word_1_638' title='bbox 1255 1594 1357 1618; x_wconf 81' lang='lat' dir='ltr'><strong>nostro.</strong></span> <span class='ocrx_word' id='word_1_639' title='bbox 1371 1588 1436 1618; x_wconf 89' lang='lat' dir='ltr'><strong>Ideo</strong></span> <span class='ocrx_word' id='word_1_640' title='bbox 1457 1591 1611 1631; x_wconf 78' lang='lat' dir='ltr'><strong>subjunxit,</strong></span> <span class='ocrx_word' id='word_1_641' title='bbox 1623 1595 1664 1624; x_wconf 86' lang='grc' dir='ltr'>Ει</span> 
     </span>
     <span class='ocr_line' id='line_1_84' title="bbox 883 1631 1664 1677; baseline 0.014 -18"><span class='ocrx_word' id='word_1_642' title='bbox 883 1643 902 1666; x_wconf 77' lang='grc' dir='ltr'>ι)</span> <span class='ocrx_word' id='word_1_643' title='bbox 920 1631 1005 1660; x_wconf 82' lang='lat' dir='ltr'><strong>homo</strong></span> <span class='ocrx_word' id='word_1_644' title='bbox 1015 1632 1098 1661; x_wconf 84' lang='lat' dir='ltr'><strong>Juda</strong></span> <span class='ocrx_word' id='word_1_645' title='bbox 1104 1632 1223 1662; x_wconf 70' lang='lat' dir='ltr'><strong>novella</strong></span> <span class='ocrx_word' id='word_1_646' title='bbox 1233 1633 1380 1672; x_wconf 78' lang='lat' dir='ltr'><strong>plantatio</strong></span> <span class='ocrx_word' id='word_1_647' title='bbox 1395 1635 1520 1666; x_wconf 78' lang='lat' dir='ltr'><strong>dilecta.-</strong></span> <span class='ocrx_word' id='word_1_648' title='bbox 1532 1639 1595 1677; x_wconf 88' lang='lat' dir='ltr'><strong>quia</strong></span> <span class='ocrx_word' id='word_1_649' title='bbox 1607 1640 1664 1669; x_wconf 92' lang='lat' dir='ltr'><strong>sci-</strong></span> 
     </span>
     <span class='ocr_line' id='line_1_85' title="bbox 919 1677 1660 1719; baseline 0.013 -13"><span class='ocrx_word' id='word_1_650' title='bbox 919 1677 983 1707; x_wconf 89' lang='lat' dir='ltr'><strong>licet</strong></span> <span class='ocrx_word' id='word_1_651' title='bbox 1003 1677 1076 1707; x_wconf 77' lang='lat' dir='ltr'><strong>Juda</strong></span> <span class='ocrx_word' id='word_1_652' title='bbox 1091 1677 1154 1717; x_wconf 86' lang='lat' dir='ltr'><strong>plus</strong></span> <span class='ocrx_word' id='word_1_653' title='bbox 1177 1678 1310 1708; x_wconf 84' lang='lat' dir='ltr'><strong>obtineret</strong></span> <span class='ocrx_word' id='word_1_654' title='bbox 1328 1691 1409 1719; x_wconf 87' lang='lat' dir='ltr'><strong>quam</strong></span> <span class='ocrx_word' id='word_1_655' title='bbox 1431 1689 1531 1712; x_wconf 80' lang='lat' dir='ltr'><strong>caeterae</strong></span> <span class='ocrx_word' id='word_1_656' title='bbox 1554 1685 1660 1716; x_wconf 86' lang='lat' dir='ltr'><strong>tribus:</strong></span> 
     </span>
     <span class='ocr_line' id='line_1_86' title="bbox 919 1723 1663 1771; baseline 0.015 -19"><span class='ocrx_word' id='word_1_657' title='bbox 919 1730 1028 1762; x_wconf 86' lang='lat' dir='ltr'><strong>eratque</strong></span> <span class='ocrx_word' id='word_1_658' title='bbox 1041 1723 1099 1753; x_wconf 88' lang='lat' dir='ltr'><strong>illic</strong></span> <span class='ocrx_word' id='word_1_659' title='bbox 1111 1734 1127 1753; x_wconf 90' lang='lat' dir='ltr'><strong>e</strong></span> <span class='ocrx_word' id='word_1_660' title='bbox 1139 1724 1229 1754; x_wconf 84' lang='lat' dir='ltr'><strong>vicino</strong></span> <span class='ocrx_word' id='word_1_661' title='bbox 1243 1725 1324 1754; x_wconf 88' lang='lat' dir='ltr'><strong>situm</strong></span> <span class='ocrx_word' id='word_1_662' title='bbox 1345 1727 1488 1767; x_wconf 83' lang='lat' dir='ltr'><strong>templum,</strong></span> <span class='ocrx_word' id='word_1_663' title='bbox 1502 1738 1529 1760; x_wconf 87' lang='lat' dir='ltr'><strong>et</strong></span> <span class='ocrx_word' id='word_1_664' title='bbox 1542 1732 1663 1771; x_wconf 84' lang='lat' dir='ltr'><strong>reliquus</strong></span> 
     </span>
     <span class='ocr_line' id='line_1_87' title="bbox 919 1769 1664 1810; baseline 0.015 -13"><span class='ocrx_word' id='word_1_665' title='bbox 919 1769 1010 1798; x_wconf 87' lang='lat' dir='ltr'><strong>cultus</strong></span> <span class='ocrx_word' id='word_1_666' title='bbox 1025 1781 1032 1798; x_wconf 78' lang='lat' dir='ltr'><strong><em>z</em></strong></span> <span class='ocrx_word' id='word_1_667' title='bbox 1048 1775 1131 1808; x_wconf 83' lang='lat' dir='ltr'><strong>atque</strong></span> <span class='ocrx_word' id='word_1_668' title='bbox 1146 1769 1195 1798; x_wconf 86' lang='lat' dir='ltr'><strong>illa</strong></span> <span class='ocrx_word' id='word_1_669' title='bbox 1209 1770 1294 1810; x_wconf 82' lang='lat' dir='ltr'><strong>magis</strong></span> <span class='ocrx_word' id='word_1_670' title='bbox 1307 1782 1387 1810; x_wconf 86' lang='lat' dir='ltr'><strong>quam</strong></span> <span class='ocrx_word' id='word_1_671' title='bbox 1398 1781 1498 1804; x_wconf 77' lang='lat' dir='ltr'><strong>caeterae</strong></span> <span class='ocrx_word' id='word_1_672' title='bbox 1509 1786 1601 1807; x_wconf 87' lang='lat' dir='ltr'><strong>omnes</strong></span> <span class='ocrx_word' id='word_1_673' title='bbox 1614 1779 1664 1808; x_wconf 88' lang='lat' dir='ltr'><strong>sso-</strong></span> 
     </span>
     <span class='ocr_line' id='line_1_88' title="bbox 920 1815 1663 1861; baseline 0.016 -17"><span class='ocrx_word' id='word_1_674' title='bbox 920 1815 1006 1853; x_wconf 86' lang='lat' dir='ltr'><strong>rebat,</strong></span> <span class='ocrx_word' id='word_1_675' title='bbox 1016 1815 1051 1845; x_wconf 86' lang='lat' dir='ltr'><strong>ad</strong></span> <span class='ocrx_word' id='word_1_676' title='bbox 1059 1815 1212 1856; x_wconf 84' lang='lat' dir='ltr'><strong>regiamque</strong></span> <span class='ocrx_word' id='word_1_677' title='bbox 1220 1817 1304 1856; x_wconf 84' lang='lat' dir='ltr'><strong>magis</strong></span> <span class='ocrx_word' id='word_1_678' title='bbox 1312 1819 1449 1858; x_wconf 83' lang='lat' dir='ltr'><strong>accedens,</strong></span> <span class='ocrx_word' id='word_1_679' title='bbox 1458 1823 1592 1861; x_wconf 89' lang='lat' dir='ltr'><strong>potentior</strong></span> <span class='ocrx_word' id='word_1_680' title='bbox 1598 1833 1663 1856; x_wconf 88' lang='lat' dir='ltr'><strong>erat.</strong></span> 
     </span>
     <span class='ocr_line' id='line_1_89' title="bbox 920 1861 1664 1910; baseline 0.015 -20"><span class='ocrx_word' id='word_1_681' title='bbox 920 1861 1055 1891; x_wconf 86' lang='lat' dir='ltr'><strong>Dilectum</strong></span> <span class='ocrx_word' id='word_1_682' title='bbox 1072 1868 1161 1891; x_wconf 85' lang='lat' dir='ltr'><strong>autem</strong></span> <span class='ocrx_word' id='word_1_683' title='bbox 1182 1861 1263 1899; x_wconf 85' lang='lat' dir='ltr'><strong>dixit,</strong></span> <span class='ocrx_word' id='word_1_684' title='bbox 1279 1874 1374 1894; x_wconf 84' lang='lat' dir='ltr'><strong>rursus</strong></span> <span class='ocrx_word' id='word_1_685' title='bbox 1395 1865 1457 1896; x_wconf 87' lang='lat' dir='ltr'><strong>illos</strong></span> <span class='ocrx_word' id='word_1_686' title='bbox 1471 1870 1664 1910; x_wconf 84' lang='lat' dir='ltr'><strong>perstringens,</strong></span> 
     </span>
     <span class='ocr_line' id='line_1_90' title="bbox 919 1907 1663 1948; baseline 0.016 -12"><span class='ocrx_word' id='word_1_687' title='bbox 919 1907 992 1947; x_wconf 89' lang='lat' dir='ltr'><strong>quod</strong></span> <span class='ocrx_word' id='word_1_688' title='bbox 1008 1908 1072 1937; x_wconf 85' lang='lat' dir='ltr'><strong>tales</strong></span> <span class='ocrx_word' id='word_1_689' title='bbox 1085 1918 1148 1948; x_wconf 82' lang='lat' dir='ltr'><strong>erga</strong></span> <span class='ocrx_word' id='word_1_690' title='bbox 1161 1918 1189 1937; x_wconf 86' lang='lat' dir='ltr'><strong>se</strong></span> <span class='ocrx_word' id='word_1_691' title='bbox 1202 1908 1282 1938; x_wconf 84' lang='lat' dir='ltr'><strong>valde</strong></span> <span class='ocrx_word' id='word_1_692' title='bbox 1302 1918 1434 1942; x_wconf 76' lang='lat' dir='ltr'><strong>amantem</strong></span> <span class='ocrx_word' id='word_1_693' title='bbox 1447 1924 1503 1944; x_wconf 87' lang='lat' dir='ltr'><strong>sese</strong></span> <span class='ocrx_word' id='word_1_694' title='bbox 1519 1916 1663 1948; x_wconf 80' lang='lat' dir='ltr'><strong>exhibuis-</strong></span> 
     </span>
     <span class='ocr_line' id='line_1_91' title="bbox 920 1954 1663 1997; baseline 0.016 -15"><span class='ocrx_word' id='word_1_695' title='bbox 920 1960 988 1983; x_wconf 83' lang='lat' dir='ltr'><strong>sent.</strong></span> <span class='ocrx_word' id='word_1_696' title='bbox 1001 1954 1041 1983; x_wconf 85' lang='lat' dir='ltr'><strong>Ea</strong></span> <span class='ocrx_word' id='word_1_697' title='bbox 1053 1954 1155 1994; x_wconf 83' lang='lat' dir='ltr'><strong>quippe</strong></span> <span class='ocrx_word' id='word_1_698' title='bbox 1169 1954 1215 1983; x_wconf 85' lang='lat' dir='ltr'><strong>lex</strong></span> <span class='ocrx_word' id='word_1_699' title='bbox 1227 1961 1267 1984; x_wconf 84' lang='lat' dir='ltr'><strong>est</strong></span> <span class='ocrx_word' id='word_1_700' title='bbox 1278 1955 1462 1997; x_wconf 82' lang='lat' dir='ltr'><strong>diligentium,</strong></span> <span class='ocrx_word' id='word_1_701' title='bbox 1475 1971 1508 1990; x_wconf 92' lang='lat' dir='ltr'><strong>ne</strong></span> <span class='ocrx_word' id='word_1_702' title='bbox 1524 1962 1552 1991; x_wconf 88' lang='lat' dir='ltr'><strong>in</strong></span> <span class='ocrx_word' id='word_1_703' title='bbox 1564 1963 1663 1994; x_wconf 82' lang='lat' dir='ltr'><strong>oblatis</strong></span> 
     </span>
     <span class='ocr_line' id='line_1_92' title="bbox 920 1999 1662 2043; baseline 0.018 -15"><span class='ocrx_word' id='word_1_704' title='bbox 920 1999 1029 2039; x_wconf 88' lang='lat' dir='ltr'><strong>quidem</strong></span> <span class='ocrx_word' id='word_1_705' title='bbox 1048 2000 1278 2031; x_wconf 85' lang='lat' dir='ltr'><strong>criminationibus</strong></span> <span class='ocrx_word' id='word_1_706' title='bbox 1297 2013 1424 2043; x_wconf 86' lang='lat' dir='ltr'><strong>magnum</strong></span> <span class='ocrx_word' id='word_1_707' title='bbox 1447 2016 1527 2037; x_wconf 88' lang='lat' dir='ltr'><strong>suum</strong></span> <span class='ocrx_word' id='word_1_708' title='bbox 1545 2020 1662 2040; x_wconf 84' lang='lat' dir='ltr'><strong>amorem</strong></span> 
     </span>
     <span class='ocr_line' id='line_1_93' title="bbox 921 2045 1662 2093; baseline 0.016 -19"><span class='ocrx_word' id='word_1_709' title='bbox 921 2045 1064 2075; x_wconf 88' lang='lat' dir='ltr'><strong>occultare.</strong></span> <span class='ocrx_word' id='word_1_710' title='bbox 1082 2046 1155 2076; x_wconf 80' lang='lat' dir='ltr'><strong>Hinc</strong></span> <span class='ocrx_word' id='word_1_711' title='bbox 1167 2046 1243 2076; x_wconf 82' lang='lat' dir='ltr'><strong>aliud</strong></span> <span class='ocrx_word' id='word_1_712' title='bbox 1258 2047 1397 2089; x_wconf 86' lang='lat' dir='ltr'><strong>quidpiam</strong></span> <span class='ocrx_word' id='word_1_713' title='bbox 1413 2061 1465 2081; x_wconf 89' lang='lat' dir='ltr'><strong>non</strong></span> <span class='ocrx_word' id='word_1_714' title='bbox 1483 2056 1662 2093; x_wconf 85' lang='lat' dir='ltr'><strong>spernendum</strong></span> 
     </span>
     <span class='ocr_line' id='line_1_94' title="bbox 921 2091 1663 2141; baseline 0.016 -21"><span class='ocrx_word' id='word_1_715' title='bbox 921 2091 1075 2121; x_wconf 82' lang='lat' dir='ltr'><strong>ediscimus.</strong></span> <span class='ocrx_word' id='word_1_716' title='bbox 1089 2092 1177 2129; x_wconf 87' lang='lat' dir='ltr'><strong>Quale</strong></span> <span class='ocrx_word' id='word_1_717' title='bbox 1194 2092 1286 2122; x_wconf 80' lang='lat' dir='ltr'><strong>illud?</strong></span> <span class='ocrx_word' id='word_1_718' title='bbox 1302 2095 1405 2136; x_wconf 87' lang='lat' dir='ltr'><strong>Nempe</strong></span> <span class='ocrx_word' id='word_1_719' title='bbox 1427 2099 1536 2136; x_wconf 85' lang='lat' dir='ltr'><strong>quando</strong></span> <span class='ocrx_word' id='word_1_720' title='bbox 1557 2108 1583 2130; x_wconf 89' lang='lat' dir='ltr'><strong>et</strong></span> <span class='ocrx_word' id='word_1_721' title='bbox 1603 2113 1663 2141; x_wconf 81' lang='lat' dir='ltr'><strong>quae</strong></span> 
     </span>
     <span class='ocr_line' id='line_1_95' title="bbox 922 2136 1661 2187; baseline 0.015 -19"><span class='ocrx_word' id='word_1_722' title='bbox 922 2136 1068 2179; x_wconf 83' lang='lat' dir='ltr'><strong>Scripturae</strong></span> <span class='ocrx_word' id='word_1_723' title='bbox 1091 2139 1148 2168; x_wconf 88' lang='lat' dir='ltr'><strong>loca</strong></span> <span class='ocrx_word' id='word_1_724' title='bbox 1167 2139 1309 2180; x_wconf 81' lang='lat' dir='ltr'><strong>allegorice</strong></span> <span class='ocrx_word' id='word_1_725' title='bbox 1330 2142 1497 2183; x_wconf 81' lang='lat' dir='ltr'><strong>interpretari</strong></span> <span class='ocrx_word' id='word_1_726' title='bbox 1519 2155 1638 2187; x_wconf 78' lang='lat' dir='ltr'><strong>oporteat</strong></span> <span class='ocrx_word' id='word_1_727' title='bbox 1654 2163 1661 2179; x_wconf 89' lang='lat'>:</span> 
     </span>
     <span class='ocr_line' id='line_1_96' title="bbox 922 2188 1663 2236; baseline 0.018 -23"><span class='ocrx_word' id='word_1_728' title='bbox 922 2195 1007 2224; x_wconf 86' lang='lat' dir='ltr'><strong>neque</strong></span> <span class='ocrx_word' id='word_1_729' title='bbox 1017 2195 1096 2226; x_wconf 83' lang='lat' dir='ltr'><strong>penes</strong></span> <span class='ocrx_word' id='word_1_730' title='bbox 1108 2193 1226 2215; x_wconf 90' lang='lat' dir='ltr'><strong>nostram</strong></span> <span class='ocrx_word' id='word_1_731' title='bbox 1239 2197 1295 2216; x_wconf 87' lang='lat' dir='ltr'><strong>esse</strong></span> <span class='ocrx_word' id='word_1_732' title='bbox 1307 2188 1461 2220; x_wconf 77' lang='lat' dir='ltr'><strong>facultatem</strong></span> <span class='ocrx_word' id='word_1_733' title='bbox 1475 2191 1523 2222; x_wconf 83' lang='lat' dir='ltr'><strong>has</strong></span> <span class='ocrx_word' id='word_1_734' title='bbox 1533 2193 1603 2233; x_wconf 84' lang='lat' dir='ltr'><strong>leges</strong></span> <span class='ocrx_word' id='word_1_735' title='bbox 1613 2207 1663 2236; x_wconf 89' lang='lat' dir='ltr'><strong>pro</strong></span> 
     </span>
     <span class='ocr_line' id='line_1_97' title="bbox 921 2231 1663 2276; baseline 0.016 -17"><span class='ocrx_word' id='word_1_736' title='bbox 921 2231 1008 2261; x_wconf 80' lang='lat' dir='ltr'><strong>lubitu</strong></span> <span class='ocrx_word' id='word_1_737' title='bbox 1018 2231 1162 2272; x_wconf 82' lang='lat' dir='ltr'><strong>explicare,</strong></span> <span class='ocrx_word' id='word_1_738' title='bbox 1179 2231 1225 2262; x_wconf 83' lang='lat' dir='ltr'><strong>sed</strong></span> <span class='ocrx_word' id='word_1_739' title='bbox 1240 2233 1325 2273; x_wconf 84' lang='lat' dir='ltr'><strong>ipsam</strong></span> <span class='ocrx_word' id='word_1_740' title='bbox 1338 2234 1483 2276; x_wconf 84' lang='lat' dir='ltr'><strong>Scripturae</strong></span> <span class='ocrx_word' id='word_1_741' title='bbox 1496 2246 1610 2270; x_wconf 89' lang='lat' dir='ltr'><strong>mentem</strong></span> <span class='ocrx_word' id='word_1_742' title='bbox 1623 2252 1663 2271; x_wconf 89' lang='lat' dir='ltr'><strong>se-</strong></span> 
     </span>
     <span class='ocr_line' id='line_1_98' title="bbox 921 2277 1661 2321; baseline 0.014 -15"><span class='ocrx_word' id='word_1_743' title='bbox 921 2277 968 2316; x_wconf 88' lang='lat' dir='ltr'><strong>qui</strong></span> <span class='ocrx_word' id='word_1_744' title='bbox 989 2284 1122 2317; x_wconf 86' lang='lat' dir='ltr'><strong>oportere,</strong></span> <span class='ocrx_word' id='word_1_745' title='bbox 1139 2277 1229 2317; x_wconf 86' lang='lat' dir='ltr'><strong>sicque</strong></span> <span class='ocrx_word' id='word_1_746' title='bbox 1251 2279 1378 2319; x_wconf 86' lang='lat' dir='ltr'><strong>allegoria</strong></span> <span class='ocrx_word' id='word_1_747' title='bbox 1400 2283 1450 2312; x_wconf 88' lang='lat' dir='ltr'><strong>uti.</strong></span> <span class='ocrx_word' id='word_1_748' title='bbox 1471 2285 1551 2321; x_wconf 84' lang='lat' dir='ltr'><strong>Quod</strong></span> <span class='ocrx_word' id='word_1_749' title='bbox 1573 2293 1661 2316; x_wconf 80' lang='lat' dir='ltr'><strong>autem</strong></span> 
     </span>
     <span class='ocr_line' id='line_1_99' title="bbox 920 2323 1661 2367; baseline 0.013 -15"><span class='ocrx_word' id='word_1_750' title='bbox 920 2323 991 2359; x_wconf 88' lang='lat' dir='ltr'><strong>dieo,</strong></span> <span class='ocrx_word' id='word_1_751' title='bbox 1009 2323 1048 2352; x_wconf 88' lang='lat' dir='ltr'><strong>sic</strong></span> <span class='ocrx_word' id='word_1_752' title='bbox 1069 2324 1281 2364; x_wconf 76' lang='lat' dir='ltr'><strong>imelligendum.</strong></span> <span class='ocrx_word' id='word_1_753' title='bbox 1306 2327 1445 2367; x_wconf 85' lang='lat' dir='ltr'><strong>Scriptura</strong></span> <span class='ocrx_word' id='word_1_754' title='bbox 1466 2340 1536 2359; x_wconf 86' lang='lat' dir='ltr'><strong>nunc</strong></span> <span class='ocrx_word' id='word_1_755' title='bbox 1558 2331 1661 2362; x_wconf 83' lang='lat' dir='ltr'><strong>vincam</strong></span> 
     </span>
     <span class='ocr_line' id='line_1_100' title="bbox 921 2369 1662 2413; baseline 0.013 -15"><span class='ocrx_word' id='word_1_756' title='bbox 921 2369 1001 2406; x_wconf 84' lang='lat' dir='ltr'><strong>dixit,</strong></span> <span class='ocrx_word' id='word_1_757' title='bbox 1014 2381 1116 2410; x_wconf 86' lang='lat' dir='ltr'><strong>sepem,</strong></span> <span class='ocrx_word' id='word_1_758' title='bbox 1131 2371 1249 2400; x_wconf 81' lang='lat' dir='ltr'><strong>torcular</strong></span> <span class='ocrx_word' id='word_1_759' title='bbox 1262 2383 1270 2400; x_wconf 87' lang='lat'>:</span> <span class='ocrx_word' id='word_1_760' title='bbox 1288 2382 1336 2402; x_wconf 94' lang='lat' dir='ltr'><strong>nec</strong></span> <span class='ocrx_word' id='word_1_761' title='bbox 1347 2384 1426 2413; x_wconf 84' lang='lat' dir='ltr'><strong>penes</strong></span> <span class='ocrx_word' id='word_1_762' title='bbox 1440 2375 1589 2406; x_wconf 81' lang='lat' dir='ltr'><strong>auditorem</strong></span> <span class='ocrx_word' id='word_1_763' title='bbox 1603 2379 1662 2408; x_wconf 87' lang='lat' dir='ltr'><strong>reli-</strong></span> 
     </span>
    </p>
   </div>
   <div class='ocr_carea' id='block_1_8' title="bbox 884 1129 903 1154">
    <p class='ocr_par' dir='ltr' id='par_1_9' title="bbox 884 1129 903 1154">
     <span class='ocr_line' id='line_1_101' title="bbox 884 1129 903 1154; baseline 0 -2"><span class='ocrx_word' id='word_1_764' title='bbox 884 1129 903 1154; x_wconf 81' lang='lat' dir='ltr'><strong>G</strong></span> 
     </span>
    </p>
   </div>
   <div class='ocr_carea' id='block_1_9' title="bbox 884 2145 903 2168">
    <p class='ocr_par' dir='ltr' id='par_1_10' title="bbox 884 2145 903 2168">
     <span class='ocr_line' id='line_1_102' title="bbox 884 2145 903 2168; baseline 0 0"><span class='ocrx_word' id='word_1_765' title='bbox 884 2145 903 2168; x_wconf 84' lang='lat' dir='ltr'>E</span> 
     </span>
    </p>
   </div>
   <div class='ocr_carea' id='block_1_10' title="bbox 904 2453 1662 2603">
    <p class='ocr_par' dir='ltr' id='par_1_11' title="bbox 904 2453 1283 2488">
     <span class='ocr_line' id='line_1_103' title="bbox 904 2453 1283 2488; baseline 0.011 -10"><span class='ocrx_word' id='word_1_766' title='bbox 904 2453 1002 2487; x_wconf 79' lang='lat' dir='ltr'><strong>legitur,</strong></span> <span class='ocrx_word' id='word_1_767' title='bbox 1016 2460 1119 2488; x_wconf 72' lang='grc' dir='ltr'>νεόφυτον</span> <span class='ocrx_word' id='word_1_768' title='bbox 1130 2460 1283 2488; x_wconf 73' lang='grc' dir='ltr'>ἠγαπημένον.</span> 
     </span>
    </p>

    <p class='ocr_par' dir='ltr' id='par_1_12' title="bbox 906 2494 1662 2603">
     <span class='ocr_line' id='line_1_104' title="bbox 936 2494 1660 2534; baseline 0.012 -17"><span class='ocrx_word' id='word_1_769' title='bbox 936 2502 947 2513; x_wconf 77' lang='lat' dir='ltr'><strong>c</strong></span> <span class='ocrx_word' id='word_1_770' title='bbox 966 2500 1043 2527; x_wconf 72' lang='grc' dir='ltr'>Ψύχῆς</span> <span class='ocrx_word' id='word_1_771' title='bbox 1050 2497 1144 2528; x_wconf 54' lang='grc' dir='ltr'>ἀψύχου,</span> <span class='ocrx_word' id='word_1_772' title='bbox 1158 2494 1191 2520; x_wconf 85' lang='lat' dir='ltr'><strong>ad</strong></span> <span class='ocrx_word' id='word_1_773' title='bbox 1205 2494 1301 2520; x_wconf 82' lang='lat' dir='ltr'><strong>literam</strong></span> <span class='ocrx_word' id='word_1_774' title='bbox 1314 2502 1360 2527; x_wconf 73' lang='lat' dir='ltr'><strong>est,</strong></span> <span class='ocrx_word' id='word_1_775' title='bbox 1368 2496 1400 2520; x_wconf 71' lang='lat' dir='ltr'><strong>dc</strong></span> <span class='ocrx_word' id='word_1_776' title='bbox 1411 2498 1498 2522; x_wconf 74' lang='lat' dir='ltr'><strong>anima</strong></span> <span class='ocrx_word' id='word_1_777' title='bbox 1511 2499 1660 2534; x_wconf 75' lang='lat' dir='ltr'><strong>inanimata,</strong></span> 
     </span>
     <span class='ocr_line' id='line_1_105' title="bbox 906 2532 1662 2570; baseline 0.009 -14"><span class='ocrx_word' id='word_1_778' title='bbox 906 2532 1005 2565; x_wconf 79' lang='lat' dir='ltr'><strong>qualem</strong></span> <span class='ocrx_word' id='word_1_779' title='bbox 1024 2540 1077 2557; x_wconf 78' lang='lat' dir='ltr'><strong>esse</strong></span> <span class='ocrx_word' id='word_1_780' title='bbox 1089 2532 1152 2559; x_wconf 81' lang='lat' dir='ltr'><strong>dicit</strong></span> <span class='ocrx_word' id='word_1_781' title='bbox 1164 2534 1359 2567; x_wconf 77' lang='lat' dir='ltr'><strong>chrysostomus</strong></span> <span class='ocrx_word' id='word_1_782' title='bbox 1375 2534 1487 2560; x_wconf 80' lang='lat' dir='ltr'><strong>animam</strong></span> <span class='ocrx_word' id='word_1_783' title='bbox 1507 2543 1662 2570; x_wconf 80' lang='lat' dir='ltr'><strong>vegetantem</strong></span> 
     </span>
     <span class='ocr_line' id='line_1_106' title="bbox 910 2571 1048 2603; baseline 0.007 -8"><span class='ocrx_word' id='word_1_784' title='bbox 910 2572 935 2595; x_wconf 83' lang='lat' dir='ltr'><strong>in</strong></span> <span class='ocrx_word' id='word_1_785' title='bbox 949 2571 1048 2603; x_wconf 76' lang='lat' dir='ltr'><strong>plantis·</strong></span> 
     </span>
    </p>
   </div>
  </div>
 </body>
</html>
