1904 2840
617 173 648 195 in
677 172 892 195 MATTHAEUM.
922 172 1039 194 nomn„
1068 172 1153 195 xxii.
1594 162 1665 206 839

131 241 219 266 autem
233 245 376 277 pauperem
390 234 512 272 honoras,
518 240 627 281 propter
639 243 778 274 personam
788 232 870 262 Chri·
886 237 906 261 Λ
923 232 970 262 sed
981 233 1026 270 ita,
1037 234 1107 263 Nam
1118 241 1144 264 et
1157 244 1205 274 ego
1219 234 1299 264 homo
1311 245 1373 263 sum
1385 235 1436 264 sub
1451 240 1587 275 potestate.
1601 236 1661 265 Non
1672 247 1714 268 qne
1734 241 1812 262 dosunt

131 275 311 305 sti-honoras.
324 276 377 304 Pro
396 281 466 303 terea
477 281 503 303 et
516 284 544 303 in
557 272 677 314 quodam
689 273 760 309 1000,
775 272 869 318 regulo
923 273 1128 313 comparationis
1147 273 1217 303 inter
1235 285 1263 303 se
1285 281 1311 303 et
1330 274 1469 303 Christum
1483 273 1661 304 differentiam
1669 271 1730 292 ‘²⁸³¹‘-

130 314 281 354 postulante
296 324 347 354 pro
366 285 424 343 tilio
444 324 502 349 suo,
515 323 568 343 non
583 312 665 347 dixit,
682 313 740 352 Ego
751 322 867 349 ventam,
920 312 994 349 fecit,
1003 312 1050 342 sed
1060 313 1188 342 rationem
1196 313 1383 343 similitudinis
1396 312 1576 353 introduxit]
1587 315 1661 344 Vide

129 360 156 383 et
167 353 267 383 sanabo
278 364 342 383 eum
353 366 361 383 ε
372 352 420 383 sed
433 353 519 392 quid?
531 353 624 389 Vade,
633 353 716 392 filius
734 358 800 381 tuus
819 355 868 381 vi-
921 362 985 392 ergo
994 352 1128 390 quomodo
1137 352 1243 391 gentilis
1254 360 1278 382 et
1289 353 1404 382 rusticus
1413 353 1490 382 miles
1502 353 1659 399 mysterium

131 393 256 423 vienne
275 403 338 422 cum
357 403 388 422 ro
407 399 505 429 aretur,
517 392 604 422 noluit
622 392 673 428 ire,
684 401 717 421 ne
729 392 796 421 forte
809 402 870 431 per·
921 391 1040 421 veritatis
1063 392 1199 431 cognovit,
1216 399 1242 422 et
1260 394 1274 409 *
1287 392 1410 422 homines
1436 393 1593 430 Christiani,
1613 394 1660 433 qui
1685 402 1730 423 ‘at
1743 403 1813 423 lme-

129 441 222 462 sonam
243 433 331 472 reguli
352 432 380 462 vi
400 439 477 462 eatur
495 432 615 477 accipere
629 444 636 461 z
649 432 695 460 hic
707 438 798 460 autem
816 441 868 460 non
922 431 1076 476 Scripturas
1086 439 1192 472 portant
1202 431 1230 460 in
1238 431 1590 471 ore,denegantveritatem.
1600 435 1661 463 Non
1669 433 1717 454 “s“-

0 354 120 383 miso.

129 479 249 511 mgatus,
269 472 394 511 promisit
414 472 464 507 ire,
484 483 518 502 nc
540 471 665 502 videatur
689 470 869 501 humilitatem

128 511 203 556 servi
225 515 402 542 contemnet-e.
424 512 508 541 Illum
531 512 595 551 ergo
618 510 768 547 contemsit,
788 521 869 549 quem

127 549 247 590 dignitas
259 551 417 581 sublevabat
427 551 542 590 regalis:
555 551 635 580 istum
656 557 745 580 autem
755 550 870 579 honora—

130 589 186 627 vit,
207 601 288 630 quem
305 591 424 621 conditio
448 590 610 620 humiliabat
631 590 747 620 servilis.
762 589 793 620 8.
807 590 870 619 Re-

128 631 245 668 spondit
257 637 355 660 autem
366 633 496 661 centurio
507 644 516 660 .·
527 632 664 667 Domine,
680 640 739 659 non
749 639 812 658 sum
825 629 869 658 di·

168 679 213 706 us,
228 677 260 700 ut
270 672 361 700 intres
369 673 421 700 sub
436 678 543 700 tectum
556 669 803 700 meum-Honorem
817 667 868 698 tibi

146 707 213 738 ebeo
253 721 284 739 ro
304 709 433 740 beneficio
450 709 639 740 misericordiae
651 716 715 746 tuae,
729 718 783 737 non
797 708 868 748 inju-

127 747 210 777 riam.
246 749 331 779 uffieit
343 749 511 789 mihi,·quod
523 759 637 790 puerum
649 758 739 778 meum
752 747 867 777 sanabis.

128 787 168 816 Ut
180 787 248 826 quid
264 789 392 829 injuriam
406 790 486 819 etiam
502 789 613 830 patiaris
624 787 747 818 intrando
760 787 812 817 sub
825 794 867 817 te-

127 832 202 856 ctum
216 825 314 858 domus
324 828 461 869 indignae?
469 828 550 867 Quod
562 834 651 858 autem
659 827 687 856 in
701 827 775 857 hunc
787 837 866 856 mun-
884 837 901 860 n

128 864 196 895 dum
214 868 322 905 venisti,
333 867 461 909 injuriam
478 879 573 909 passus
590 878 618 897 es
633 880 640 897 :
654 867 702 897 sed
719 866 867 897 tolerabilis

128 912 168 934 est
192 905 292 947 injuria
315 913 372 945 tua,
386 908 514 947 quoniam
538 908 637 948 pateris
664 907 739 936 illam
759 913 868 946 propter

127 945 250 975 omnium
268 946 408 977 hominum
425 958 594 978 communem
611 947 736 977 salutem.
751 947 790 976 Ut
800 945 867 984 quid

128 991 155 1014 et
172 985 283 1015 alteram
303 986 430 1026 injuriam
449 987 570 1027 patiaris,
584 985 745 1016 introeundo
766 986 794 1014 in
814 985 867 1014 do-

127 1034 203 1053 mum
220 1035 307 1055 meam
327 1033 437 1066 propter
461 1026 532 1056 servi
556 1026 638 1056 unius
657 1025 790 1055 salutem?
811 1025 868 1054 Dic

127 1065 229 1100 verbo,
235 1071 262 1094 et
273 1067 428 1094 sanabitur
437 1077 511 1106 puer
523 1076 612 1095 meus.
624 1066 730 1095 Sciebat
740 1064 867 1103 quoniam

126 1102 232 1133 adstant
251 1104 292 1133 illi
315 1105 403 1143 angeli
423 1105 596 1135 invisibiliter
617 1105 806 1140 ministrantes,
819 1105 866 1142 qui

126 1152 205 1172 omne
217 1143 333 1173 verbum
345 1145 403 1184 ejus
415 1145 527 1174 faciunt.
543 1144 624 1182 Quod
642 1144 691 1174 etsi
709 1143 796 1183 angeli
810 1154 866 1173 ees-

126 1188 195 1217 sent,
207 1188 294 1211 tamen
312 1183 377 1223 ipsae
395 1184 562 1214 infirmitates
582 1191 607 1213 et
630 1184 742 1224 spiritus
761 1183 865 1223 passio*

126 1230 193 1250 num
215 1223 352 1262 praeceptis
371 1223 430 1263 ejus
443 1224 583 1253 vivacibus
593 1223 766 1264 expelluntur
780 1235 788 1254 t
800 1233 866 1261 quo-

126 1259 199 1290 niam
214 1261 302 1304 omnis
317 1272 404 1292 sermo
421 1264 480 1303 ejus
494 1263 580 1293 virtus
599 1270 640 1293 est
655 1263 728 1293 viva.
743 1264 773 1293 9.
786 1263 866 1293 Nam

126 1306 155 1328 et
177 1310 228 1340 ego
249 1301 336 1341 (tomo
359 1312 424 1331 sum
444 1304 497 1332 sub
515 1308 658 1342 potestate
680 1305 863 1332 constitutus.

127 1338 201 1384 Yide
222 1340 356 1385 quomodo
377 1342 536 1382 mysterium
558 1342 645 1372 Patris
667 1349 693 1371 et
707 1341 772 1371 Filii
785 1341 813 1370 in
827 1352 866 1371 se-

921 480 985 508 qula
999 471 1112 501 obscura
1122 478 1185 501 sunt
1194 478 1240 500 aut
1252 471 1384 511 profunda
1396 471 1522 511 mysteria
1529 472 1659 510 veritatis,

920 519 974 539 non
988 521 1080 540 omnes
1092 521 1123 540 ea
1134 518 1296 550 cognoscunt
1311 523 1319 540 ι
1333 509 1380 540 sed
1390 512 1453 549 quia
1464 522 1585 550 perversa
1600 520 1662 542 sunt

921 549 1002 578 corda
1016 560 1120 587 eorum,
1136 557 1167 582 et,
1175 560 1227 580 non
1241 550 1383 589 requiescit
1396 551 1423 579 in
1437 550 1476 580 eis
1494 551 1605 590 spiritus
1614 562 1661 581 ve-

920 588 1007 618 ritatis
1022 601 1029 618 :
1044 596 1184 630 propterea
1198 589 1297 620 veritas
1309 589 1379 629 fugit
1392 590 1426 618 ab
1439 590 1489 619 eis.
1505 590 1560 627 Qui
1572 598 1662 621 autem

920 635 1008 658 rectus
1021 636 1062 658 est
1074 628 1166 665 corde,
1180 629 1216 659 ita
1241 635 1271 658 ut
1292 629 1439 668 requiescat
1457 629 1484 658 in
1499 640 1530 658 eo
1549 630 1661 669 spiritus

919 668 1050 704 veritatis,
1065 679 1117 698 non
1141 675 1227 709 potest
1247 668 1326 708 longe
1337 679 1394 698 esse
1411 680 1427 698 a
1449 669 1570 698 veritate.
1586 670 1662 700 Seri-

919 714 998 747 ptum
1012 715 1051 737 est
1062 709 1134 738 enim
1149 721 1155 737 :
1171 711 1210 738 In
1221 708 1399 737 malevolam
1409 710 1538 737 animam
1554 719 1611 739 non
1618 712 1660 738 in·
1671 718 1727 747 sap.
1740 726 1759 741 ι.
1770 718 1793 747 4'.

921 749 1020 776 troibit
1040 750 1202 788 sapientt'a,
1222 754 1274 778 etc.
1300 746 1355 778 Sed
1377 747 1444 777 dicit
1465 747 1586 786 aliquis:
1603 750 1662 779 Vos

920 797 983 826 ergo
996 797 1088 817 omnes
1100 787 1166 827 justi
1176 787 1238 817 estis
1251 794 1278 817 et
1286 787 1362 824 recti,
1377 787 1425 826 qui
1439 787 1538 827 putatis
1548 799 1597 818 vos
1605 799 1661 818 esse

920 827 947 856 in
958 827 1090 857 veritate?
1104 828 1164 857 Non
1177 837 1279 862 omncs,
1291 826 1365 865 quod
1376 827 1453 866 pejus
1465 833 1513 861 est,
1523 827 1570 857 sed
1581 828 1661 857 multi

919 872 982 895 sunt
994 866 1114 906 perversi
1129 866 1156 895 in
1168 867 1279 896 Veritate
1289 866 1368 901 ssdei3
1380 873 1467 895 tamen
1482 866 1510 895 in
1523 867 1661 896 erroribus

920 905 1012 935 nullus
1025 913 1064 936 est
1087 913 1186 936 rectus.
1210 906 1294 935 Aliud
1316 913 1356 935 est
1378 906 1466 942 enim,
1478 906 1578 935 multos
1604 917 1660 936 esse

919 945 1015 981 malos,
1029 945 1107 975 aliud
1119 952 1168 982 est,
1184 946 1316 976 neminem
1329 955 1386 975 esse
1397 946 1509 974 bonum.
1522 945 1578 975 Ubi
1588 946 1660 976 enim

940 984 1031 1014 uidam
1052 992 1115 1015 sunt
1142 986 1216 1021 mali,
1238 984 1349 1023 quidam
1368 985 1444 1022 boni,
1459 985 1600 1014 hominum
1620 993 1660 1015 est

919 996 1068 1054 differentia
1085 1037 1092 1053 t
1114 1025 1161 1054 ubi
1174 1032 1263 1054 autem
1277 1035 1367 1054 omnes
1382 1025 1458 1061 mali,
1474 1024 1513 1053 rei
1525 1025 1658 1064 perversi-

919 1070 959 1093 tas
969 1070 1017 1093 est.
1033 1065 1102 1094 Nam
1115 1064 1175 1093 etin
1185 1063 1274 1093 medio
1284 1064 1366 1093 tritici
1377 1063 1535 1093 voluntariae
1545 1074 1659 1093 nascun-

919 1110 965 1132 tur
975 1103 1069 1143 spinae.
1083 1105 1157 1133 Inter
1170 1103 1260 1143 spinas
1278 1110 1367 1132 autem
1390 1102 1575 1132 voluntarium
1588 1104 1656 1134 triti·
1669 1117 1708 1134 civ

918 1154 981 1172 cum
1001 1153 1054 1172 non
1068 1150 1216 1182 generatur.
1229 1143 1278 1172 10.
1295 1142 1431 1172 Audiens
1444 1148 1542 1172 autem
1561 1144 1660 1178 Jesus,

919 1184 1041 1212 miratus
1052 1189 1106 1219 est,
1121 1190 1149 1212 et
1163 1183 1349 1222 sequentibus
1363 1193 1393 1212 se
1409 1183 1485 1211 dixit
1500 1194 1508 1210 :
1524 1183 1562 1211 1η
1576 1183 1661 1212 ηιιΖΖο

919 1224 1018 1252 inveni
1025 1228 1139 1252 tantam
1138 1223 1234 1262 fidem
1242 1224 1272 1251 in
1281 1221 1384 1251 lsrael.
1394 1221 1518 1251 Credidit
1529 1221 1659 1259 Andreas,

918 1262 965 1291 sed
972 1263 1147 1302 praesignante
1155 1262 1207 1291 sibi
1214 1262 1316 1292 Joannc
1322 1272 1353 1290 ac
1359 1261 1464 1291 dicente
1471 1273 1477 1290 :
1485 1263 1561 1290 Ecce
1567 1271 1661 1292 awaus
1669 1271 1736 1294 Joan.
1746 1279 1763 1295 ι.
1773 1279 1810 1303 ²9·

919 1302 988 1338 Dei,
1004 1311 1070 1331 ecee
1081 1303 1133 1340 qui
1149 1301 1226 1330 tollit
1244 1307 1396 1339 peccatum
1410 1301 1520 1330 mundi.
1538 1286 1661 1331 Crei'iidit

918 1348 1006 1370 autem
1027 1347 1054 1370 et
1078 1342 1184 1376 Petrus,
1201 1340 1249 1370 sed
1267 1340 1465 1379 evangelizante
1478 1340 1530 1370 sibi
1555 1340 1590 1369 de
1610 1341 1660 1371 illo

918 1380 1023 1410 Andrea
1045 1387 1070 1410 ct
1087 1379 1210 1410 dicente:
1229 1381 1400 1409 Invenimus
1420 1382 1572 1410 Messium.
1591 1382 1657 1411 Cre-
1671 1388 1730 1409 Ihm.
1742 1388 1810 1416 tuln.

917 1420 988 1449 didit
1001 1427 1027 1450 et
1040 1420 1196 1460 Philippus,
1211 1419 1259 1448 sed
1281 1418 1394 1457 legendo
1412 1421 1575 1459 Scripturas,
1591 1422 1661 1450 sicut

917 1460 974 1499 ipse
987 1459 1022 1489 ad
1035 1459 1183 1489 Nathanae'l
1195 1459 1278 1495 dixit,
1290 1460 1382 1497 Quem
1391 1461 1505 1498 scripsit
1519 1461 1615 1488 Moses
1629 1462 1660 1488 in
1672 1471 1731 1491 mm,
1743 1479 1763 1491 v,
1771 1471 1810 1499 45,

918 1500 991 1538 lege,
1005 1505 1033 1527 et
1045 1500 1204 1538 prophetie.
1227 1499 1387 1527 invenimus
1409 1500 1510 1527 Jesum
1524 1509 1543 1527 a
1561 1499 1661 1527 Naza—

919 1539 993 1567 reth.
1005 1539 1066 1577 lpse
1079 1548 1185 1576 quoque
1195 1537 1355 1573 Nathanael,
1370 1537 1421 1566 nisi
1431 1537 1549 1566 audisset
1560 1548 1575 1566 a
1586 1538 1662 1567 Chri-

919 1584 972 1613 sto,
990 1578 1064 1606 Cum
1078 1587 1153 1605 esses
1175 1578 1227 1605 sub
1244 1578 1346 1605 arbore
1354 1577 1418 1615 fici,
1432 1577 1499 1604 vidi
1517 1582 1545 1605 te
1560 1588 1567 1604 :
1582 1586 1660 1605 num·
1671 1584 1732 1605 Ihm.
1743 1584 1811 1611 ww.

919 1626 1002 1654 quam
1018 1615 1208 1655 respondisset,
1220 1615 1327 1650 Rabln,
1342 1622 1372 1644 tu
1387 1626 1418 1644 es
1438 1616 1535 1644 Filius
1548 1616 1616 1651 Dei,
1631 1622 1661 1645 tu
1672 1626 1732 1648 lbid.
1742 1635 1762 1647 v.
1772 1625 1811 1655 lm.

125 1388 197 1418 ipso,
209 1380 228 1409 S
250 1379 314 1409 tritu
327 1381 648 1422 suggerente‚depinxit?
662 1380 801 1420 Numquid
812 1391 865 1411 non

125 1390 274 1448 sufficiehat
287 1418 322 1448 ad
335 1420 524 1451 confessionem
544 1421 680 1461 potestatis
693 1421 794 1452 Christi
813 1421 865 1452 hoc
880 1435 899 1459 c

125 1457 215 1487 solum
235 1457 335 1495 dicere,
349 1460 390 1489 Et
408 1470 460 1500 ego
483 1462 568 1490 homo
591 1472 665 1496 sum,
679 1462 790 1490 habens
811 1464 864 1490 sub

127 1507 173 1526 me
186 1498 302 1535 milites,
310 1505 338 1527 et
347 1500 413 1528 dico
425 1501 505 1537 huic,
517 1501 609 1537 Vade,
621 1508 649 1530 et
663 1500 749 1530 vadit
762 1513 771 1528 .·
784 1507 811 1529 ct
826 1501 867 1529 al-

127 1537 191 1573 teri,
202 1537 287 1573 Veni,
300 1544 327 1566 et
339 1541 440 1567 venit?
452 1539 587 1575 Quoniam
604 1547 630 1569 et
644 1539 768 1569 Christus
787 1540 868 1568 habet

127 1575 180 1605 sub
196 1586 224 1604 se
245 1577 363 1616 angelos,
378 1578 478 1616 quibus
492 1578 574 1608 eundi
595 1586 621 1607 et
643 1577 774 1607 redeundi
794 1579 869 1617 ponit

128 1616 386 1654 praeeeptum.Quid
404 1626 468 1656 ergo
490 1618 668 1646 necessarium
687 1617 739 1646 suit
758 1617 866 1653 addere,

129 1655 172 1683 Et
183 1665 235 1693 ego
246 1655 332 1684 homo
344 1665 408 1685 sum
421 1659 474 1686 sub
485 1662 628 1696 potestate
637 1669 645 1685 .·
662 1656 714 1686 nisi
728 1663 758 1685 ut
769 1656 868 1696 plenis·
882 1687 887 1691 ,

128 1693 196 1723 sime
208 1693 310 1724 Christi
330 1694 488 1734 dignitatem
501 1695 651 1726 ostenderet
672 1695 700 1727 in
713 1695 819 1735 seipso?
833 1695 869 1724 Id

129 1740 179 1767 est,
190 1733 249 1772 Ego
262 1743 323 1763 sum
337 1734 423 1764 homo
442 1736 494 1765 sub
509 1742 636 1781 potestate
648 1735 768 1771 alterius,
781 1742 868 1764 tamen

129 1772 215 1801 habeo
237 1779 391 1817 potestatem
405 1774 521 1814 jubendi
541 1776 589 1812 eis,
605 1775 652 1814 qui
666 1774 717 1804 sub
735 1785 776 1803 me
794 1781 867 1804 sunt.

129 1812 186 1841 Nec
202 1822 274 1841 enlm
287 1813 420 1853 impedior
426 1814 523 1859 jubere
536 1815 663 1849 minores,
676 1820 785 1854 propter
796 1813 869 1853 quod

129 1850 189 1891 ipse
201 1862 261 1881 sum
274 1853 325 1882 suh
339 1854 501 1893 majoribus3
516 1854 563 1884 scd
581 1854 617 1883 ab
629 1854 685 1883 illis
700 1853 809 1892 quidem
826 1854 869 1893 ju-

130 1890 206 1928 beor,
221 1891 272 1920 sub
284 1892 384 1931 quibus
398 1903 459 1923 sum
471 1906 478 1924 ι
490 1894 546 1923 illis
555 1901 644 1923 autem
651 1893 745 1934 jubeo,
756 1893 804 1932 qui
817 1893 869 1922 sub

130 1940 173 1959 me
186 1937 248 1960 sunt
262 1942 269 1960 :
283 1933 322 1961 sic
344 1939 371 1962 et
388 1939 417 1962 tu
435 1934 558 1972 quamvis
570 1933 622 1963 sub
635 1939 762 1973 potestate
783 1932 869 1962 Patris

129 1969 176 2005 sis,
186 1970 334 2000 secundum
352 1972 425 2011 quod
441 1973 521 2002 homo
541 1984 579 2010 es,
592 1972 675 2002 habes
695 1979 782 2001 tamen
797 1978 870 2011 pote-

129 2016 224 2039 statem
235 2009 350 2049 jubendi
362 2012 464 2050 angelis
477 2013 543 2047 tuis,
558 2023 606 2042 nec
625 2011 765 2052 impediris
775 2011 870 2057 jubere
885 2026 905 2050 D

130 2047 314 2087 inferioribus,
323 2058 432 2091 propter
445 2051 519 2091 quod
530 2053 587 2092 ipse
597 2052 679 2081 habes
691 2061 868 2091 superiorem.

130 2088 202 2119 Nam
215 2095 246 2118 ut
267 2089 348 2119 homo
361 2097 386 2119 et
396 2091 500 2130 juberis
511 2103 526 2121 a
540 2093 618 2121 Patre
629 2091 706 2130 quasi
721 2091 820 2127 minor,
837 2097 872 2120 ta-

10 2136 26 2164 †
45 2134 89 2155 naee
100 2135 124 2155 in
133 2137 194 2156 men
207 2129 310 2173 angelis
325 2129 405 2169 jubes
423 2130 499 2169 quasi
511 2131 606 2171 major.
623 2131 665 2169 †[
678 2130 732 2161 Sed
745 2130 812 2159 forte
831 2129 873 2159 di-

0 2165 77 2191 nodam

0 2196 103 2224 temptari

0 2231 73 2247 ment.

7 2269 36 2292 ιΙ.
54 2273 127 2291 Inter—

134 2166 171 2196 cit
186 2166 336 2204 haereucus,
349 2169 442 2199 volens
458 2171 595 2200 ostendere
616 2172 720 2200 Patrem
733 2176 759 2198 et
770 2169 872 2198 Filium

136 2216 222 2235 unum
233 2207 278 2236 vel
290 2208 419 2246 aequalem
431 2210 561 2249 :Nonjest
574 2210 610 2239 ita
622 2208 815 2248 intelligendus
829 2209 873 2238 hic

136 2245 221 2281 locus,
230 2245 278 2275 sed
290 2245 329 2275 sic
341 2248 372 2284 x]
386 2247 415 2292 §i
426 2249 549 2293 ego‚.sub
562 2255 688 2288 potestate
702 2248 872 2283 constitutus,

0 2304 96 2322 „ma-⁰,
136 2295 246 2324 possum
263 2285 359 2330 jubere
376 2297 425 2322 eis,
441 2297 492 2331 qui
510 2288 562 2317 sub
575 2298 632 2317 mea
651 2292 714 2318 sunt
726 2293 872 2326 potestate:

0 2337 36 2352 η-
82 2332 128 2353 21«-
137 2331 236 2363 quanto
259 2331 395 2364 magistu,
410 2336 458 2364 qui
478 2327 506 2355 in
520 2326 624 2356 nullius
635 2337 664 2356 es
675 2332 813 2366 potestate,
826 2336 874 2365 po-

0 2362 119 2384 *satissime

137 2370 176 2394 tes
185 2365 281 2406 jubere
291 2367 340 2402 eis,
351 2377 419 2405 quos
434 2366 516 2395 habes
536 2367 563 2396 in
582 2366 726 2406 potestate?
741 2364 794 2394 Sed
807 2365 875 2395 hanc

0 2395 75 2422 rupit,
83 2397 126 2415 etc.
175 2406 181 2412 -

17 2448 60 2470 lure
70 2455 125 2477 quo-

137 2406 159 2444 †
173 2406 417 2446 interpretationem
432 2416 586 2445 perversam
599 2415 651 2434 non
665 2404 760 2444 recipit
772 2411 871 2434 textus.

137 2445 246 2484 '‘[Non
267 2445 339 2476 enim
359 2445 441 2484 dixit,
457 2445 487 2476 si
508 2455 557 2484 ego
577 2444 658 2475 homo
672 2444 698 2474 in
722 2450 870 2484 potestate:

920 1666 950 1684 es
961 1665 1012 1684 rex
1022 1655 1126 1684 lsrael.
1139 1655 1219 1684 Prius
1232 1654 1339 1693 signum
1352 1654 1503 1684 divinitatis
1514 1655 1627 1694 aceepit,
1636 1662 1663 1685 et

919 1695 958 1724 sic
968 1695 1157 1724 confessionem
1171 1693 1236 1723 fidei
1251 1694 1361 1723 obtulit.
1378 1695 1431 1723 Aut
1454 1694 1477 1723 si
1502 1704 1554 1723 non
1569 1704 1662 1724 sumus

923 1734 981 1764 ausi
994 1733 1144 1763 fideliorem
1157 1733 1236 1763 illum
1259 1740 1354 1779 putare
1366 1744 1448 1772 quam
1469 1733 1613 1773 apostolos,
1626 1733 1663 1762 ita

919 1774 1101 1803 testimonium
1127 1773 1228 1803 Christi
1259 1772 1464 1813 intelligendum
1495 1779 1534 1802 est
1551 1795 1558 1810 ,
1590 1773 1664 1812 quod

921 1812 1132 1852 unumquodque
1145 1813 1247 1842 bonum
1266 1812 1383 1842 hominis
1402 1812 1551 1842 secundum
1572 1812 1662 1851 quali-

920 1859 1001 1882 tatem
1015 1862 1132 1891 personae
1153 1852 1227 1881 illius
1247 1851 1384 1881 laudatur.
1401 1853 1484 1888 Puta,
1500 1852 1522 1881 si
1547 1852 1664 1881 rusticus

920 1891 1032 1931 aliquod
1046 1892 1160 1921 verbum
1179 1892 1312 1932 sapienter
1329 1891 1469 1930 loquatur,
1485 1890 1663 1931 philosophus

921 1932 1007 1961 multo
1021 1931 1138 1970 amplius
1151 1931 1284 1972 sapienter
1298 1943 1304 1960 ε
1320 1930 1347 1959 in
1368 1930 1474 1959 modico
1488 1941 1608 1959 sermone
1619 1941 1664 1960 sa-

918 1971 1028 2011 ·pientiae
1049 1970 1165 2000 rusticus
1188 1971 1250 2010 plns
1274 1969 1410 2006 laudatur,
1425 1980 1506 2008 quam
1520 1969 1548 1999 in
1569 1980 1665 2010 magno

922 2009 1099 2051 philosophus
1122 2022 1129 2039 ι
1151 2010 1284 2048 ‚quoniam
1299 2010 1431 2039 rusticum
1450 2009 1539 2039 dicere
1559 2009 1664 2048 aliquid

923 2051 1066 2090 sapienter,
1090 2059 1217 2089 magnum
1239 2056 1278 2079 est
1293 2061 1300 2078 z
1314 2049 1507 2094 philosophum
1520 2055 1609 2078 autem
1626 2048 1665 2078 di-

923 2100 982 2120 cere
1006 2089 1149 2128 sapienter,
1164 2099 1217 2118 non
1240 2095 1279 2118 est
1292 2099 1402 2117 mirum.
1420 2090 1476 2117 Aut
1495 2088 1518 2117 si
1537 2099 1604 2128 puer
1617 2088 1666 2117 ali-

924 2128 991 2168 quid
1004 2134 1089 2157 astute
1099 2128 1236 2167 loquatur,
1248 2127 1375 2164 dicimus,
1385 2127 1457 2158 Satis
1469 2127 1574 2167 sapiens
1584 2138 1665 2167 puer:

925 2169 947 2198 si
961 2175 1050 2197 autem
1064 2167 1105 2198 vir
1114 2168 1245 2207 perfectus
1253 2167 1386 2207 sapienter
1396 2167 1533 2206 loquatur,
1544 2176 1596 2195 non
1608 2167 1666 2194 lau-

925 2207 1005 2237 datur
1023 2207 1099 2245 quasi
1121 2207 1226 2247 sapiens
1240 2219 1247 2236 :
1260 2217 1312 2236 non
1328 2207 1392 2245 quia
1415 2217 1482 2245 puer
1496 2205 1559 2245 plus
1577 2204 1668 2244 sapuit

926 2257 1007 2285 quam
1027 2246 1169 2287 perfectus,
1184 2247 1232 2276 sed
1246 2253 1376 2285 quantum
1395 2245 1431 2275 ad
1443 2244 1666 2284 comparationem

926 2286 1010 2315 aetatis
1022 2297 1078 2315 suae
1091 2286 1235 2326 sapientior
1247 2285 1355 2315 videtur
1370 2295 1436 2321 esse,
1451 2294 1532 2322 quam
1545 2283 1591 2311 ille
1610 2293 1667 2321 per-

925 2326 1020 2355 fectus.
1034 2325 1080 2356 Sic
1099 2333 1126 2355 et
1138 2325 1166 2354 in
1186 2325 1340 2354 centurione
1353 2324 1457 2353 dictum
1472 2329 1522 2358 cst,
1535 2324 1572 2350 112
1584 2321 1667 2350 nullo

928 2371 1042 2395 tantam
1066 2366 1165 2394 inveni
1176 2365 1265 2404 fidem
1289 2366 1320 2392 in
1342 2362 1447 2399 Israel,
1461 2371 1514 2390 non
1537 2360 1600 2398 quia
1621 2370 1668 2388 nec
1700 2362 1713 2378 ⁹

927 2405 1041 2445 apostoli
1056 2411 1155 2434 tantam
1168 2399 1248 2433 iidem
1263 2403 1424 2432 habuerunt¹
