1904 2840
79 1730 92 1755 †
104 1736 220 1750 cacumen.

80 1773 92 1798 †
101 1776 211 1794 movetur.

87 2363 142 2384 Luc.
154 2369 176 2384 2.
189 2368 197 2383 ι
204 2361 224 2391 4,

223 179 290 226 760

794 182 877 206 OPUS
903 179 1139 204 IMPERFECTUM

221 258 287 292 quot
305 259 388 280 annos
409 248 584 278 restituuntur
602 246 696 276 stellae.
711 245 820 282 Quibus
841 250 902 284 post
914 254 957 273 re·
979 246 999 268 Δ
1014 242 1129 288 ctionem
1154 241 1290 282 potestatis
1313 251 1368 271 suae
1379 241 1506 272 diabolus
1519 241 1639 272 timebat.
1661 243 1756 273 Unus-

221 301 349 331 sponsum
365 288 492 325 dicimus,
503 297 563 326 quae
571 286 624 316 fuit
637 285 695 322 illa,
710 295 771 324 quae
789 284 851 313 fecit
868 293 960 312 omnes

221 331 342 360 homines
356 329 383 357 in
397 328 503 357 diluvio
514 325 605 356 mori?
621 323 755 364 numquid
764 324 791 352 in
803 334 832 352 ea
846 322 959 359 exstitit,

223 378 252 399 ut
266 370 365 399 iterum
378 367 515 397 diluvium
536 366 642 402 faceret,
656 371 702 394 aut
722 363 765 392 illi
784 362 905 392 homines
917 372 959 391 se-

222 409 342 438 cundum
353 418 434 437 unam
448 405 552 436 stellam
562 405 667 434 fuerant
679 403 732 433 nati
741 403 756 432 ἱ)
769 403 839 432 Nam
852 408 959 441 oporte-

221 450 267 478 bat
291 459 339 487 per
356 455 574 485 unumquemque
594 450 719 483 gyratum
741 441 862 471 eamdem
876 441 962 481 ipsam

222 488 418 518 indeficientem
431 495 488 514 rem
503 483 694 514 consummari.
704 483 775 512 Nam
785 481 808 511 si
829 479 963 521 ejusmodi

222 528 304 557 motio
323 534 349 556 et
368 532 477 566 gyratus
499 523 637 553 stellarum
656 520 778 562 ejusdem
802 520 912 549 malitiae
936 526 963 549 et

222 567 343 607 ejusdem
360 565 486 595 bonitatis
509 573 616 592 causam
625 568 742 602 praestat,
757 560 896 601 oportebat
909 569 962 588 non

223 606 306 636 semel
326 605 385 635 fieri
399 604 535 634 Abrabam
546 624 554 639 ,
574 609 621 631 aut
634 600 815 641 patriarchas,
836 606 883 628 aut
895 608 963 639 pro-
977 629 981 633 ,

222 647 326 686 phetas,
340 651 387 674 aut
397 643 543 684 apostolos,
555 641 602 671 sed
615 640 852 680 quotienscumque
863 639 894 668 fit
906 638 915 666 i
936 648 963 667 se

223 693 333 725 gyratus
347 684 496 714 stellarum.
510 681 633 720 Denique
647 680 704 720 ipsa
718 678 901 713 'conversatio
935 687 964 706 o-

224 725 327 754 minum
348 723 423 753 testis
439 729 477 751 cst
493 721 622 751 veritatis.
640 721 708 748 Ante
721 718 868 749 adventum
885 717 964 747 Chri-

222 765 256 793 sti
264 775 323 803 quae
336 763 413 793 stella
422 771 515 791 omnes
527 759 648 789 homines
661 757 735 788 idola
748 758 835 788 colere
848 768 906 787 com
927 757 965 786 el-

222 804 304 840 lebat,
314 810 473 840 caeterasque
482 799 636 838 iniquitates
645 798 750 827 facere?
763 804 809 827 aut
817 804 878 837 post
885 798 907 826 C
929 797 966 825 ri-

223 851 294 872 stum
316 842 405 882 qualis
425 847 535 880 gyratus
558 839 592 868 ab
606 837 687 867 idolis
701 836 823 867 recedere
845 836 966 865 homines

223 883 295 918 fecit,
305 889 330 912 et
341 892 389 921 per
403 887 488 910 totum
500 878 591 908 orbem
599 887 686 906 mores
694 876 809 906 mutavit
821 875 965 914 antiquos?

223 922 293 951 Ecce
302 923 387 951 Persae
398 919 530 949 matribus
543 924 568 946 et
581 916 690 946 filiabus
700 917 864 956 junguntur,
878 914 967 945 Judaei

225 968 313 990 autem
334 968 428 990 octavo
444 958 488 988 die
507 955 749 992 circumciduntur,
762 961 787 984 et
801 964 967 993 unaquaeque

225 1011 288 1038 gens
304 1000 384 1029 aliam
404 1005 483 1037 atque
506 997 589 1026 aliam
602 995 682 1025 habet
694 993 925 1024 consuetudinem.
938 993 969 1023 Si

223 1039 295 1069 idem
309 1047 348 1069 est
359 1048 454 1068 cursus
468 1036 617 1072 stellarum,
629 1033 764 1074 quomodo
777 1035 862 1063 Persae
874 1033 909 1062 ab
919 1033 968 1062 illa

224 1079 414 1108 consuetudine
428 1086 576 1115 numquam
596 1074 734 1109 recedunt,
747 1083 833 1112 neque
850 1072 939 1103 Judaei
951 1082 968 1101 a

224 1119 295 1147 sua?
309 1119 339 1148 Si
352 1124 441 1147 autem
450 1116 568 1151 dicatur,
579 1113 736 1145 Secundum
747 1112 867 1143 diversas
877 1112 967 1152 regio-

225 1168 271 1186 nes
285 1157 389 1187 diversa
402 1163 441 1185 est
454 1155 593 1184 stellarum
606 1153 726 1193 operatio
738 1151 893 1191 :quomodo
904 1161 967 1191 ergo

225 1197 307 1233 quiin
320 1195 428 1226 Perside
439 1193 621 1228 crediderunt,
636 1192 671 1221 ab
683 1192 732 1221 illa
743 1191 912 1231 turpitudine
922 1201 967 1220 re-

226 1236 320 1265 cedere
341 1240 503 1275 potuerunt,
519 1233 546 1261 in
571 1231 664 1261 eadem
684 1231 790 1270 regione
809 1230 968 1260 manentes?

226 1282 273 1304 aut
291 1274 339 1313 qui
362 1284 415 1302 non
430 1271 612 1307 crediderunt,
627 1270 707 1299 etiam
725 1270 923 1309 peregrinantes
938 1269 967 1298 in

227 1314 314 1343 aliena
328 1312 465 1353 provincia
479 1321 565 1340 mores
578 1309 679 1349 patrios
691 1308 855 1338 tenuerunt?
867 1309 904 1338 Et
917 1309 968 1338 Ju-

227 1353 278 1383 daei
288 1351 467 1391 transmigrati
482 1350 509 1379 in
523 1348 711 1388 Babyloniam,
720 1354 746 1377 et
757 1348 814 1376 illie
828 1347 899 1376 filios
910 1357 969 1387 pro-

228 1399 355 1428 creantes,
369 1389 505 1430 quomodo
518 1398 664 1427 numquam
677 1398 725 1432 per
746 1387 837 1416 stellas
853 1386 969 1426 regionis

229 1432 304 1460 illius
316 1430 449 1470 compulsi
460 1435 522 1458 sunt
535 1439 550 1457 a
558 1427 761 1457 circumcisione
775 1437 821 1456 sua
835 1426 968 1463 recedere,

228 1478 254 1500 et
274 1471 384 1500 illorum
395 1469 526 1498 insaniam
543 1466 642 1506 sequi?
654 1467 695 1496 Ne
713 1466 774 1505 quis
789 1476 853 1506 ergo
876 1465 971 1495 stella-

229 1521 291 1539 rum
319 1510 410 1548 culpet
429 1508 581 1538 discursum
590 1528 598 1542 ,
621 1505 669 1534 sed
695 1515 775 1534 suum
791 1505 969 1544 propositum.

229 1551 259 1579 5.
270 1550 405 1579 Audiens
412 1554 509 1577 aulem
521 1546 652 1575 Herodes
665 1554 716 1574 rex
731 1543 861 1573 turbatus
875 1550 929 1580 est,
944 1550 972 1573 et

230 1591 324 1618 omnis
350 1587 539 1623 Jerosolyma
561 1595 626 1614 cum
647 1594 692 1613 εο.
713 1584 878 1613 Existimans
893 1583 972 1612 illum

230 1639 318 1668 regem
339 1627 396 1656 sore
415 1633 561 1660 terrenum,
576 1623 652 1668 quasi
672 1622 707 1652 de
726 1633 876 1652 successore
898 1623 974 1662 regni

230 1669 353 1697 turbatus
366 1673 416 1696 est.
432 1666 544 1704 Semper
552 1673 624 1692 enim
635 1662 744 1701 grandis
756 1669 871 1702 potestas
878 1662 974 1702 majori

231 1707 322 1736 timori
340 1706 459 1751 subjecta
482 1711 530 1734 est.
550 1703 627 1733 Sicut
643 1702 665 1740 †
683 1712 788 1731 ramum
808 1702 934 1731 arborum
946 1702 974 1731 in

232 1747 336 1777 excelso
343 1752 501 1786 positarum,
509 1742 588 1772 etiam
594 1742 616 1771 si
623 1741 690 1771 lenis
696 1752 760 1770 aura
768 1741 884 1776 flaverit,
891 1741 912 1779 †
921 1752 975 1771 mo-

233 1793 277 1816 vet
292 1797 299 1813 =
313 1786 350 1815 sic
368 1792 394 1814 et
408 1784 537 1813 sublimes
557 1781 679 1810 homines
699 1781 727 1809 in
752 1781 870 1810 culmine
885 1780 974 1819 digni-

232 1833 321 1855 tatum
330 1825 483 1854 exsistentes
497 1823 577 1850 etiam
594 1820 662 1850 levis
676 1819 763 1849 nuntii
773 1820 842 1849 sama
863 1827 972 1850 contur-

232 1866 287 1894 bat.
302 1864 425 1894 Humiles
438 1869 537 1898 autem,
546 1862 615 1890 sicut
627 1859 654 1888 in
669 1859 802 1895 convalle,
814 1860 973 1899 plerumque

232 1906 260 1933 in
280 1902 474 1942 tranquillitate
485 1899 641 1929 consistunt.
661 1900 714 1927 Aut
726 1898 787 1928 ideo
800 1899 970 1936 turbabatur,

233 1943 345 1972 audiens
361 1951 450 1981 regem
469 1946 561 1968 natum
582 1937 685 1968 Judaeis
704 1948 738 1966 ex
751 1948 846 1977 genere
860 1938 973 1968 Judaeo-

233 1993 306 2018 rum,
322 1992 383 2011 cum
403 1985 470 2009 esset
491 1978 549 2018 ipse
569 1987 663 2016 genere
677 1976 819 2013 ldumaeus,
832 1987 876 2013 ne,
891 1988 973 2017 regno

1014 291 1128 320 quisque
1140 291 1204 321 ergo
1225 291 1319 310 eorum
1341 280 1398 310 zelo
1416 281 1527 321 proprio
1547 281 1715 320 turbabatur,
1728 289 1757 312 et

1013 320 1161 350 secundum
1184 331 1261 350 suam
1280 327 1403 350 naturam
1422 321 1466 350 sui
1489 320 1563 360 regni
1577 331 1756 351 successorem

1013 360 1123 390 timebat
1137 370 1145 387 ε
1161 360 1280 389 Herodes
1293 366 1440 398 terrenum,
1455 360 1581 390 diabolus
1598 369 1688 391 autem
1700 372 1755 392 me-

1015 400 1119 429 lestem.
1144 400 1214 429 Nam
1241 409 1289 428 nec
1311 398 1432 429 Herodes
1457 405 1614 438 terreretur,
1632 401 1656 430 si
1682 402 1757 432 caele-

1016 446 1081 468 stem
1108 449 1197 478 regem
1213 439 1286 468 nasci
1308 439 1456 478 suspicatus
1478 438 1582 476 fuisset,
1599 449 1647 469 nec
1659 439 1757 471 diabo-

1017 479 1069 513 lus,
1085 478 1109 508 si
1122 485 1268 508 terrenum.
1283 478 1336 509 Vis
1353 477 1431 514 scire,
1445 477 1508 517 quia
1523 488 1575 508 non
1586 480 1711 509 tantumi
1729 490 1758 510 se

1016 518 1186 554 turbabatur,
1201 524 1332 557 quantum
1343 517 1468 547 diabolus
1480 517 1509 546 in
1522 528 1553 547 eo
1563 518 1577 547 Ξ)
1591 518 1661 548 Ecce
1671 526 1698 549 et
1726 530 1759 548 u-

1017 557 1110 587 da’i'cus
1122 558 1241 597 populus
1263 557 1434 594 turbabatur,
1449 557 1496 596 qui
1517 568 1559 587 ma
1582 558 1602 587 's
1615 557 1650 588 de
1661 559 1759 588 auditu

1017 597 1068 626 isto
1096 597 1195 626 audere
1211 596 1351 634 debuerat,
1368 596 1433 634 quia
1453 606 1503 626 rex
1520 598 1557 627 Ju
1601 608 1632 627 us
1650 608 1760 638 surgere

1017 607 1167 672 dicebatur,
1187 636 1342 676 designatus
1363 646 1380 665 a
1399 637 1467 666 Deo.
1486 636 1543 666 Sed
1566 637 1758 675 turbabantur,

1017 676 1080 714 quia
1090 675 1124 705 de
1137 676 1252 706 adventu
1261 675 1329 716 justi
1339 685 1392 704 non
1403 682 1525 721 poterant
1532 676 1618 715 iniqui
1630 676 1756 716 gaudere.

1019 718 1073 744 Aut
1096 722 1166 745 certe
1190 715 1370 745 turbabantur
1395 722 1518 745 timentes
1537 726 1572 745 ne
1595 716 1663 745 forte
1674 716 1760 746 iratus

1018 755 1137 784 Herodes
1158 754 1273 785 Juda'i'co
1293 754 1361 794 regi,
1395 765 1461 784 enus
1480 755 1540 795 ejus
1557 762 1678 786 vexaret.
1689 756 1761 786 Nam

1019 793 1256 832 quemadmodum,
1272 766 1434 824 certantibus
1450 794 1549 832 ventis,
1568 806 1643 825 mare
1665 806 1764 826 eoncu-

1019 840 1076 870 tur,
1091 834 1130 863 sic
1139 834 1247 873 regibus
1261 833 1464 863 adversantibus
1476 834 1539 870 sibi,
1554 835 1673 875 populus
1685 836 1761 875 regni

1020 879 1143 903 vexatur.
1158 874 1189 903 4.
1207 874 1386 903 Convocavit
1398 879 1497 902 aulem
1509 874 1653 913 principes
1666 885 1762 905 sacer·

1023 912 1135 950 dolum,
1149 919 1178 942 et
1198 915 1319 951 scribas,
1331 919 1360 942 et
1379 915 1567 953 interrogavit
1587 916 1625 944 ab
1640 916 1693 952 eis,
1712 917 1763 946 ubi

1025 952 1155 996 Christus
1174 959 1350 982 nasceretur.
1365 953 1409 982 Ex
1431 953 1483 982 boc
1500 960 1609 992 apparet
1633 955 1760 993 maxime,

1041 1002 1087 1020 uia
1099 991 1225 1021 diabolus
1239 992 1398 1021 turbabatur
1406 992 1434 1021 in
1443 992 1560 1028 Herode,
1571 993 1699 1032 quoniam
1708 1001 1764 1024 tra-

1022 1002 1123 1060 ditores
1131 1031 1198 1071 legis
1211 1031 1366 1070 interrogat.
1377 1032 1417 1061 Ut
1429 1030 1497 1070 quid
1508 1031 1580 1061 enim
1590 1033 1764 1088 interrogaret

1023 1070 1159 1106 Herodes,
1174 1071 1222 1110 qui
1243 1081 1296 1100 non
1305 1070 1428 1100 credebat
1446 1070 1612 1111 scripturis?
1631 1070 1687 1101 Sed
1722 1073 1765 1102 in-

1023 1110 1170 1149 vestigabat
1189 1110 1326 1147 diabolus,
1337 1110 1387 1148 qui
1409 1109 1533 1140 credebat
1555 1110 1629 1150 quod
1640 1111 1764 1152 Scriptu-

1023 1160 1059 1178 rae
1072 1159 1125 1179 non
1139 1150 1315 1180 mentiuntur.
1330 1149 1404 1180 Nam
1425 1149 1550 1180 diabolus
1563 1150 1631 1180 alios
1643 1151 1672 1180 in
1686 1162 1763 1181 eno—

1023 1199 1079 1218 rem
1093 1189 1208 1227 inducit,
1218 1189 1277 1229 ipse
1290 1196 1379 1218 autem
1386 1189 1526 1219 veritatem
1537 1190 1606 1220 bene
1617 1191 1763 1230 cognoscit.

1024 1229 1099 1265 Quid
1109 1230 1179 1258 enim
1191 1229 1254 1259 vis?
1268 1228 1392 1258 credebat
1405 1227 1525 1258 Herodes
1544 1230 1602 1260 Scri
1623 1230 1704 1267 turis,
1718 1237 1766 1261 aut

1021 1278 1074 1297 non
1089 1268 1226 1298 credebat?
1238 1268 1269 1298 Si
1282 1278 1334 1297 non
1349 1267 1483 1306 credebat,
1497 1269 1586 1308 utqui
1618 1269 1768 1310 interroga-

1020 1307 1067 1351 bat
1077 1308 1321 1347 ScripturaS,-quas
1334 1307 1444 1347 putabat
1457 1318 1515 1337 esse
1527 1308 1703 1348 vaniloquas?
1716 1317 1763 1339 aut

1022 1356 1044 1374 ει
1051 1346 1186 1383 credebat,
1201 1346 1265 1385 quia
1278 1346 1341 1375 inde
1351 1357 1415 1376 vere
1428 1347 1579 1377 nasciturus
1586 1355 1625 1377 est
1638 1359 1697 1386 rex,
1712 1359 1763 1378 un-

1023 1384 1058 1415 de
1069 1385 1213 1425 Scripturae
1223 1385 1348 1414 dicebant
1357 1397 1364 1414 ε
1374 1385 1509 1424 quomodo
1518 1388 1641 1426 sperabat
1650 1398 1726 1427 posse
1737 1399 1767 1418 se

987 1427 1007 1452 G
1024 1424 1172 1454 interficere
1182 1425 1262 1454 illum
1274 1435 1374 1464 regem,
1387 1435 1467 1463 quem
1478 1425 1600 1455 futurum
1617 1426 1764 1473 Scripturas

1024 1475 1080 1494 esse
1100 1463 1244 1494 dicebant?
1258 1464 1393 1503 numquid
1411 1471 1513 1504 poterat
1526 1465 1607 1495 homo
1619 1476 1762 1506 corrigere,

1026 1511 1055 1533 ut
1075 1515 1109 1533 ne
1129 1504 1176 1533 fiat
1216 1503 1271 1532 uod
1290 1505 1363 1533 Deus
1385 1503 1522 1534 ordinavit
1541 1511 1571 1533 ut
1593 1505 1686 1535 fieret?
1711 1506 1766 1536 Sed

1025 1543 1135 1582 quidem
1150 1515 1274 1572 credebat
1287 1542 1407 1572 Herodes
1417 1543 1446 1572 in
1461 1543 1541 1580 malo,
1550 1543 1579 1572 in
1594 1544 1665 1574 bono
1677 1553 1766 1575 autem

1024 1592 1077 1611 non
1098 1582 1223 1612 credebat
1238 1593 1244 1610 ε
1260 1582 1386 1621 quoniam
1399 1581 1510 1620 quidem
1541 1582 1595 1612 uod
1605 1583 1669 1613 inde
1681 1585 1768 1615 nasci·

1025 1628 1102 1651 turus
1114 1622 1202 1651 fuerat
1213 1632 1273 1659 rex,
1288 1621 1360 1651 unde
1369 1622 1516 1661 Scripturae
1546 1622 1660 1660 icebant‚
1670 1624 1767 1654 crede-

1026 1661 1092 1691 bat:
1108 1661 1235 1700 quoniam
1259 1668 1348 1691 autem
1373 1660 1501 1691 adversus
1515 1660 1596 1691 illum
1615 1673 1630 1692 a
1648 1673 1693 1692 ere
1713 1674 1769 1694 non

1026 1707 1141 1740 poterat,
1157 1711 1238 1740 quem
1249 1701 1323 1730 Deus
1341 1700 1473 1738 mittebat,
1492 1710 1545 1730 non
1558 1701 1624 1731 cred
1674 1709 1692 1739 t,
1723 1704 1768 1733 uia

1026 1750 1079 1769 non
1093 1750 1142 1769 suo
1151 1740 1264 1770 consilio
1273 1739 1480 1780 gubernabatur,
1487 1740 1535 1770 sed
1541 1740 1651 1771 vinculo
1661 1741 1708 1771 dia
1744 1743 1766 1773 li

1026 1779 1184 1809 trahebatur
1199 1779 1308 1819 ligatus.
1329 1779 1374 1809 Sic
1388 1785 1450 1808 sunt
1463 1789 1553 1809 omnes
1566 1780 1688 1811 homines
1721 1792 1768 1812 ec-

1027 1826 1146 1856 catores,
1169 1819 1317 1859 inquibus
1335 1818 1460 1848 diabolus
1483 1826 1610 1859 operatur
1626 1833 1635 1850 :
1656 1831 1671 1850 c
1721 1828 1769 1851 unt

1026 1858 1184 1898 Scripturis,
1191 1866 1217 1888 et
1228 1868 1281 1887 non
1290 1857 1403 1887 credunt
1412 1858 1643 1898 :quiahocipsum
1654 1883 1662 1897 ‚
1673 1864 1685 1877 ⁶
1693 1861 1769 1900 quod

1027 1897 1149 1933 credunt,
1184 1898 1279 1927 erfecte
1289 1897 1399 1926 credere
1407 1907 1459 1926 non
1470 1897 1671 1937 permittuntur.
1685 1901 1768 1938 Quod

1026 1937 1097 1966 enim
1111 1909 1234 1972 creti'unu
1246 1936 1364 1966 veritatis
1376 1943 1416 1966 est
1426 1937 1514 1967 virtus
1528 1948 1535 1965 ε
1556 1938 1619 1976 quia
1633 1940 1702 1969 nulli
1718 1951 1767 1980 po-

1025 1983 1075 2006 test
1089 1987 1144 2006 esse
1157 1977 1278 2014 occulta5
1293 1975 1367 2021 quod
1378 1982 1469 2005 autem
1481 1986 1534 2006 non
1545 1977 1669 2015 credunt,
1683 1989 1769 2009 excae-

234 2021 356 2051 revoluto
376 2020 473 2048 iterum
498 2017 532 2046 ad
552 2016 661 2046 Judaeos
668 2038 678 2052 ,
706 2016 810 2061 et1ipse
833 2027 848 2045 a
870 2017 973 2046 Judaeis
990 2020 1010 2043 1)
1026 2016 1064 2045 tio
1076 2023 1115 2045 est
1134 2015 1238 2044 inimici
1253 2026 1260 2042 :
1274 2026 1337 2053 quia
1358 2015 1471 2055 subjecti
1481 2023 1544 2045 sunt
1557 2018 1684 2056 operibus
1697 2019 1766 2059 ejus,

234 2060 422 2099 expelleretur,
436 2064 462 2086 et
484 2066 574 2086 semen
595 2056 653 2094 ejus
667 2062 726 2094 post
740 2066 828 2094 ipsum
843 2056 973 2095 praecide-

234 2107 309 2129 retur
323 2110 338 2127 a
351 2107 443 2137 regno.
460 2098 528 2125 Puto
539 2094 613 2133 quod
630 2104 684 2123 non
705 2101 808 2123 tantum
826 2095 944 2124 Herodes
957 2106 972 2124 a

235 2138 375 2177 semetipso
391 2135 562 2170 turbabatur,
577 2141 706 2172 quantum
728 2133 853 2163 diabolus
866 2134 894 2163 in
917 2135 973 2164 He-

235 2178 309 2207 rode.
324 2175 445 2206 Herodes
458 2174 530 2203 enim
547 2173 666 2206 timebat,
679 2172 752 2210 quod
766 2173 952 2212 suspicabatur
964 2186 971 2202 :

235 2217 360 2247 diabolus
370 2222 459 2244 autem
473 2213 592 2248 timebat,
606 2211 680 2252 quod
693 2222 756 2241 vere
768 2213 876 2242 sciebat.
890 2214 974 2243 Hero-

235 2257 284 2286 des
297 2255 432 2285 hominem
448 2252 604 2287 aestimabat‚
619 2251 744 2280 diabolus
766 2252 854 2280 Deum
875 2262 974 2292 cogno-

236 2296 335 2326 scebat.
351 2293 481 2324 Audierat
499 2291 570 2321 enim
590 2291 647 2330 jam
665 2290 772 2329 angelos
787 2290 814 2318 in
834 2301 894 2320 aere
917 2292 972 2320 cla-

236 2343 349 2369 mantes,
366 2333 470 2363 Gloria
483 2333 514 2359 in
528 2330 648 2359 excelsis
662 2329 737 2364 Deo,
750 2335 778 2358 et
789 2331 820 2357 in
830 2335 907 2359 terra
915 2341 975 2369 pax

237 2375 403 2405 hominibus
413 2374 496 2400 bonae
509 2369 683 2399 voluntatis.
700 2367 765 2397 Ideo
779 2376 877 2406 quanto
891 2370 976 2408 magis

237 2421 315 2444 testes
326 2412 494 2442 addebantur
502 2419 551 2449 pro
565 2408 681 2445 Christo,
694 2414 767 2437 tanto
776 2408 860 2447 magis
869 2408 975 2438 destru-

1027 2062 1055 2084 et
1071 2065 1147 2084 mens
1158 2065 1252 2084 eorum
1272 2054 1360 2083 libera
1381 2064 1434 2083 non
1447 2061 1487 2083 est
1502 2067 1509 2083 ε
1532 2062 1573 2092 ut,
1587 2063 1663 2095 puta,
1675 2067 1768 2088 omnes

1027 2094 1075 2133 qui
1100 2093 1248 2124 Christiani
1272 2103 1376 2129 sumus,
1391 2099 1417 2122 et
1437 2093 1563 2132 legimus,
1579 2095 1679 2126 scimus
1703 2097 1768 2135 quia

1027 2133 1146 2163 mundus
1167 2131 1392 2162 consummandus
1405 2138 1455 2168 est,
1468 2138 1494 2161 et
1507 2133 1570 2173 quia
1588 2135 1715 2165 morituri
1725 2146 1768 2166 su-

1027 2183 1100 2207 muS,
1119 2179 1145 2201 et
1163 2172 1214 2201 hoc
1226 2173 1316 2212 ipsum
1329 2178 1416 2200 tamen
1429 2172 1542 2211 perfecte
1554 2183 1606 2203 non
1621 2174 1767 2205 credimus.

1028 2213 1058 2242 Si
1070 2211 1141 2241 enim
1175 2211 1270 2241 erfecte
1280 2210 1457 2244 crederemus.
1467 2211 1505 2240 sic
1518 2212 1680 2250 viveremus,
1692 2215 1770 2254 quasi

1029 2258 1089 2297 post
1099 2222 1236 2280 motiicum
1245 2250 1385 2287 transituri
1398 2249 1432 2279 dc
1444 2250 1496 2280 hoc
1505 2252 1619 2290 mundo,
1626 2263 1679 2283 non
1691 2254 1768 2293 quasi

1029 2301 1058 2320 in
1079 2297 1207 2319 aeternum
1226 2289 1357 2320 mansuri.
1373 2290 1402 2320 5.
1423 2289 1468 2320 At
1488 2290 1535 2321 illi
1557 2292 1694 2322 dixer-unt
1710 2303 1718 2319 ε
1730 2295 1768 2322 In

1030 2330 1201 2360 Bethlehem
1212 2330 1310 2368 Judae.
1325 2329 1372 2358 Sic
1381 2330 1458 2357 enim
1468 2330 1577 2359 dictum
1591 2338 1633 2360 est
1643 2341 1696 2370 per
1702 2342 1768 2376 pro-

1021 2369 1157 2409 phetam.
1178 2370 1249 2398 Dant
1270 2378 1427 2408 responsum
1453 2369 1509 2408 regi
1535 2369 1708 2409 interroganti
1734 2382 1769 2401 ex

1029 2408 1109 2438 corde
1121 2418 1173 2438 non
1194 2409 1274 2445 bono,
1284 2418 1346 2437 cum
1369 2407 1496 2437 deberent
1513 2409 1599 2439 celare
1611 2410 1769 2449 mysterium

271 2516 281 2527 a
301 2506 472 2532 conversatio.
486 2504 528 2530 Sic
544 2501 613 2528 Editi
631 2502 657 2527 in
669 2507 738 2526 textu
746 2520 753 2532 ,
765 2501 792 2526 in
810 2502 921 2534 margine
932 2510 991 2527 vero
1017 2502 1166 2535 instigabat,
1177 2510 1252 2534 quam
1260 2502 1393 2527 lectionem
1403 2501 1480 2526 habet
1491 2502 1522 2527 V.
1532 2502 1564 2527 D.

240 2547 374 2575 conversio,
384 2552 460 2578 quam
470 2543 605 2568 lectionem
618 2540 694 2566 habet
704 2547 730 2565 et
741 2539 827 2566 Codex
839 2541 870 2565 V.
883 2541 914 2567 Ι),

1047 2545 1057 2556 ⁰
1075 2540 1144 2565 Edui
1154 2540 1178 2565 in
1191 2546 1303 2574 marg.et
1314 2541 1382 2566 VJ).
1395 2540 1465 2573 quod
1475 2540 1582 2567 credunt
1590 2540 1711 2575 peficeoe
1720 2549 1771 2566 non

272 2586 285 2604 h
304 2583 487 2617 Investigabat.
499 2581 541 2607 Sic
553 2579 660 2606 Editi-in
679 2585 763 2611 textu,
778 2580 804 2605 in
816 2587 893 2612 marg.
908 2584 989 2607 autem
1014 2581 1195 2612 permittuntur.
