1904 2840
542 190 546 193 s
589 209 621 232 ΙΝ
649 208 857 232 ΜΑΤΤΗΕΗΜ.
887 209 1004 234 nomn.
1033 211 1153 234 xxxw.

116 278 170 310 est,
194 279 224 302 et
245 271 332 302 vade.
345 271 420 303 Volo
440 277 538 303 autem
556 277 585 300 et
605 271 674 299 huic
697 271 852 299 novissimo
869 273 889 296 A

115 312 187 340 dare
193 313 269 341 sicut
278 317 307 340 et
318 312 382 340 tibi.
393 311 441 340 15.
454 310 520 343 Aut
531 321 590 339 non
601 310 667 339 licet
677 309 761 344 mihi,
773 310 854 349 quod

114 351 187 381 volo
187 350 315 390 facere?
327 351 380 380 An
390 349 492 379 oculus
502 357 567 380 tuus
578 360 705 390 nequam
715 354 769 386 est,
784 350 855 388 quia

112 400 164 430 ego
178 391 270 419 bonus
282 392 366 420 sum?
382 391 431 419 16.
443 390 491 419 Sic
503 395 587 419 erunt
598 390 747 419 novissimi
755 390 852 426 primi,

114 435 142 458 et
158 431 245 469 primi
265 431 424 459 novissimi.
446 429 537 459 Multi
557 431 635 458 enim
655 435 722 458 sunt
742 429 852 464 vocati,

111 471 199 508 pauci
214 479 287 498 vero
304 470 400 499 electi.
425 470 512 499 Homo
527 469 715 509 paterfamilias
729 468 855 498 Christus

113 515 161 544 est,
175 508 218 538 cui
231 509 290 539 caeli
304 516 329 538 et
342 516 411 539 terra
423 509 499 548 quasi
509 519 562 538 una
575 515 614 538 est
626 508 739 537 domus:
752 507 855 536 familia

113 555 202 578 autem
222 548 300 587 quasi
321 549 466 579 caelestium
486 555 513 578 et
529 548 696 577 terrestrium
709 546 854 576 multitudo

113 595 308 625 creaturarum,
321 588 369 627 qui
386 589 462 627 quasi
482 588 619 627 tristegam
637 587 750 617 domum
768 586 855 615 redifi-

113 627 195 664 cavit,
216 627 245 657 id
257 635 306 664 est,
328 628 438 665 inferos,
453 628 548 658 caelum
562 634 587 656 et
603 634 708 662 terram,
730 633 760 657 ut
773 636 854 665 super

113 672 212 697 terram
237 667 390 697 habitarent
414 674 553 703 certantes,
582 667 610 696 in
637 667 739 696 inferno
765 672 854 695 autem

111 706 189 740 victi.
205 708 234 738 in
247 707 312 736 eaelo
333 708 446 737 victores
460 720 466 736 :
484 714 514 736 ut
526 714 554 737 et
575 716 633 742 nos,
647 706 676 735 in
687 705 777 735 medio
790 715 855 735 con-

111 745 208 784 stituti,
230 757 284 776 non
305 746 496 777 contendamus
508 746 598 776 ad-eos
610 744 782 781 descendere,
806 745 854 783 qui

75 794 79 796 ·
111 792 174 815 sunt
186 786 215 816 in
229 786 342 822 inferno,
356 786 404 816 sed
416 786 451 817 ad
466 797 511 816 eos
524 785 677 822 ascendere,
691 785 737 824 qui
750 791 811 814 sunt
825 785 852 813 in

111 825 187 855 caelo.
202 826 238 856 Et
254 837 287 856 ne
300 826 368 856 forte
381 826 482 856 nescias
493 825 562 864 quid
573 824 670 854 debeas
687 824 790 863 fugere,
806 831 854 853 aut

131 864 180 894 uid
192 865 289 896 debeas
299 865 388 904 sequi,
405 866 546 903 utriusque
555 864 630 894 dedit
645 864 694 894 tibi
707 864 783 902 quasi
796 874 853 893 mo·
867 875 885 898 B

110 874 204 937 dicum
217 912 332 944 gustunr
339 905 408 934 inter
420 906 511 935 lumen
523 910 549 934 et
561 904 683 934 tenebras
700 903 850 933 habitanti:

110 951 215 974 noctem
226 944 261 974 de
272 945 386 980 inferno,
406 944 497 974 lumen
509 943 544 973 de
554 943 630 973 eaelo.
646 944 708 972 Nox
730 943 781 972 tibi
805 953 852 972 re-

109 983 177 1014 ferat
186 984 221 1013 de
232 984 349 1013 tenebris
362 983 520 1020 inferorum,
533 990 559 1012 et
572 983 621 1012 lux
637 983 687 1012 tibi
705 982 801 1011 reserat
817 982 851 1011 de

109 1023 251 1062 splendore
270 1023 378 1053 caelesti.
399 1023 567 1053 Conducere
587 1023 732 1060 operarios
753 1024 786 1050 in
805 1023 851 1051 vi-

109 1072 196 1093 neam
206 1073 300 1095 suam.
313 1064 381 1100 Quae
393 1070 434 1092 est
445 1063 522 1093 vinea
537 1062 586 1091 Dei
600 1062 666 1090 hic?
688 1062 749 1091 Non
762 1061 851 1090 homi—

109 1111 167 1138 nes,
183 1102 252 1132 sieut
262 1103 329 1132 alibi
343 1115 350 1131 :
364 1102 485 1132 homines
499 1102 570 1132 euim
581 1101 664 1131 vineae
675 1101 791 1131 cultores
805 1100 850 1130 di-

108 1148 217 1172 cuntur.
237 1142 324 1173 Vinea
338 1143 408 1171 enim
418 1141 524 1181 justitia
537 1148 587 1177 est,
610 1141 638 1170 in
661 1151 714 1180 qua
735 1140 850 1171 diversae

107 1182 206 1220 species
221 1182 388 1221 justitiarum
403 1181 495 1221 positae
513 1187 588 1216 sunt,
612 1181 687 1219 quasi
704 1179 789 1210 vites:
806 1188 850 1211 ut-

107 1227 184 1259 puta,
198 1221 386 1257 mansuetudo,
406 1221 521 1255 castitas,
534 1220 671 1265 patientia,
686 1220 849 1259 longanimi—

107 1266 158 1294 tas.
182 1267 328 1301 caeteraque
351 1260 567 1290 innumerabilia
577 1260 659 1297 bona,
683 1270 742 1299 quae
761 1261 850 1291 omnia

107 1300 266 1338 generaliter
272 1311 283 1340 J
289 1301 384 1331 ustitiae
393 1300 573 1340 appellantur.
586 1299 761 1329 Attendamus
773 1310 848 1340 ergo,

107 1348 168 1369 cum
182 1340 255 1378 quali
268 1340 357 1370 studio
364 1340 494 1370 caelestem
503 1339 608 1369 vineam
619 1339 749 1368 colamus.
762 1339 849 1370 Adam

107 1378 179 1407 enim
201 1379 303 1419 positus
319 1386 360 1409 est
377 1380 405 1409 in
428 1378 563 1419 paradiso,
586 1378 672 1408 colere
694 1385 720 1407 et
742 1380 846 1418 operari

105 1427 163 1446 eam
175 1430 182 1446 ι
199 1418 247 1448 sed
261 1429 324 1457 quia
336 1418 455 1458 neglexit
467 1429 537 1454 eam,
551 1418 687 1458 projectus
703 1425 744 1447 est
759 1417 794 1447 de
807 1430 846 1449 ea.

106 1457 142 1486 Et
161 1467 209 1487 nos
228 1458 309 1498 positi
328 1468 422 1488 sumus
442 1468 523 1497 super
544 1456 683 1487 colendam
694 1457 844 1497 justitiam;
862 1468 880 1492 c

106 1496 130 1525 si
157 1497 367 1537 neglexerimus,
393 1497 570 1538 projiciemur
596 1496 631 1526 de
657 1507 687 1526 ea
696 1519 705 1532 ,
728 1497 797 1527 sicut
820 1505 846 1527 et

105 1536 194 1566 Judaei
220 1537 332 1577 projecti
352 1544 435 1566 sunt:
450 1537 484 1566 de
510 1537 610 1575 quibus
634 1536 766 1575 scriptum
786 1544 845 1566 est:

17 1592 27 1602 .
74 1593 79 1599 ·
106 1576 229 1614 Appone
260 1578 445 1616 iniquitatem
472 1585 559 1614 super
585 1577 771 1614 iniquitatem
797 1587 847 1605 eo—

105 1624 181 1651 rum,
194 1622 226 1645 ut
240 1626 299 1645 non
312 1618 421 1644 intrent
441 1617 474 1644 in
486 1621 570 1648 ¹tuam
584 1616 740 1654 justitiam.
757 1614 847 1644 Ruina

104 1655 315 1692 praecedentium
330 1654 477 1684 admonitio
497 1654 575 1683 debet
594 1664 651 1683 esse
664 1654 844 1692 sequentium.

104 1693 133 1723 Si
149 1702 238 1724 autem
251 1702 277 1724 et
290 1705 338 1724 nos
357 1701 494 1733 sequentes
507 1692 682 1723 ceciderimus
700 1693 726 1721 in
746 1693 843 1733 ipsam,

104 1733 188 1772 magis
212 1735 318 1764 veniam
342 1740 477 1764 merentur
503 1733 563 1770 illi,
591 1733 639 1771 qui
663 1732 745 1772 primi
773 1735 842 1763 ceci-

29 1786 93 1804 ειη
102 1771 210 1810 derunt,
223 1785 305 1813 quam
323 1784 372 1819 nos
387 1773 435 1818 qni
448 1772 568 1802 secundi.
583 1772 659 1802 Sicut
671 1778 760 1802 autem
777 1783 845 1803 mer-

102 1821 225 1842 cenarius
240 1813 344 1854 positus
365 1823 392 1842 in
407 1823 496 1848 vinea,
510 1813 533 1841 si
548 1811 694 1851 neglexerit
707 1822 777 1849 eam,
791 1823 845 1843 non

101 1852 185 1882 solam
200 1853 349 1883 mercedem
368 1863 444 1882 suam
464 1851 567 1892 perdet,
579 1851 627 1881 sed
644 1850 722 1880 etiam
735 1851 844 1882 desertae

102 1891 185 1921 vineat
198 1892 319 1932 exigetur
332 1892 365 1921 ab
377 1903 408 1921 eo
421 1891 550 1921 damnum
565 1904 572 1921 ι
585 1891 624 1920 sic
641 1897 666 1920 et
686 1901 745 1927 nos,
761 1892 784 1920 si
801 1902 844 1921 ne-

100 1930 264 1969 glexerimus
273 1931 402 1971 justitiam
413 1932 489 1961 nohis
498 1931 678 1966 commissam,
689 1940 741 1959 non
755 1931 843 1961 solum

99 1970 202 2001 nullam
216 1970 364 2001 mercedem
377 1972 545 2006 habebimus,
555 1970 602 2000 sed
615 1971 694 2000 etiam
707 1969 843 2010 dissipatae

96 2009 209 2048 justitiae
227 2010 353 2041 dabimus
366 2012 505 2041 rationem.
522 2011 609 2042 Vinea
629 2010 701 2039 enim
721 2011 768 2039 Dei
788 2021 840 2040 non

99 2057 174 2079 extra
188 2060 247 2087 nos,
261 2050 346 2080 sedin
360 2051 513 2091 nobisipsis
524 2050 641 2090 plantata
656 2056 706 2079 est.
720 2049 785 2079 Ideo
794 2051 841 2089 qui
857 2055 877 2079 D

179 2096 237 2119 tum
256 2090 330 2126 facit,
345 2090 458 2135 dissipat
471 2090 499 2119 in
512 2101 539 2119 se
552 2089 684 2129 justitiam
703 2089 752 2118 Dei
770 2102 776 2118 :
793 2090 840 2128 qui

98 2135 187 2158 autem
200 2129 268 2159 hona
282 2140 363 2175 opera
377 2130 450 2167 facit,
465 2130 530 2159 colit
544 2139 602 2158 eam
613 2129 640 2158 in
657 2139 694 2159 se.
712 2130 782 2159 Bene
793 2140 840 2158 au-

97 2173 153 2196 tem
165 2168 238 2197 culta
246 2169 350 2214 justitia
365 2169 414 2198 Dei
430 2169 456 2199 in
469 2169 591 2198 sensibus
606 2168 660 2198 tuis
674 2175 781 2207 generat
795 2169 841 2198 bo-

98 2212 231 2250 tryonem,
246 2207 275 2236 id
285 2215 334 2243 est,
344 2208 493 2239 Christum.
504 2209 573 2238 Nam
586 2208 633 2247 qui
643 2215 786 2248 operantur
794 2208 839 2247 ju-

98 2246 208 2282 sutiam,
227 2247 368 2276 Christum
386 2248 501 2276 formant
517 2247 546 2276 in
559 2258 599 2283 se,
621 2248 690 2277 sicut
710 2248 840 2286 scriptum

23 2271 27 2278 i
50 2292 87 2315 ¹9·
98 2291 137 2314 est
152 2285 275 2315 :Filioli
288 2288 355 2322 mei,
371 2296 443 2324 quos
462 2288 565 2315 iterum
585 2289 728 2326 parturio,
747 2287 840 2315 donec

89 2324 239 2363 formetur
252 2326 385 2354 Christus
396 2327 428 2354 in
440 2326 538 2354 vobis.
552 2326 589 2355 Et
599 2326 646 2364 qui
659 2327 764 2356 vineam
775 2336 838 2355 con-

96 2363 183 2401 signat
201 2365 282 2394 alicui
298 2364 471 2404 operandam,
487 2375 538 2393 non
562 2371 664 2394 tantum
679 2371 789 2405 propter
803 2364 839 2394 il-

95 2401 150 2432 lius
164 2404 306 2434 utilitatem
316 2404 464 2444 consignat,
473 2410 603 2442 quantum
615 2411 725 2444 propter
735 2415 816 2434 suam
828 2416 835 2433 :

95 2441 168 2471 Deus
182 2450 270 2472 autem
280 2443 413 2483 justitiam
427 2453 502 2473 suam
516 2443 583 2472 dans
601 2443 629 2472 in
649 2444 772 2473 sensibus
786 2454 836 2472 no-

94 2480 166 2516 stris,
182 2492 233 2511 non
246 2489 354 2523 propter
366 2493 442 2512 suam
463 2483 603 2512 utilitatem
618 2482 692 2512 dedit
705 2493 774 2519 eam,
790 2482 838 2513 sed

94 2527 203 2558 propter
223 2529 349 2552 nostram.
363 2523 418 2552 Nec
433 2522 503 2551 enim
516 2523 587 2551 Deus
601 2532 681 2562 opera
693 2522 837 2552 hominum

94 2568 198 2588 necesse
211 2560 301 2597 babet,
317 2562 364 2591 sed
377 2568 405 2591 ut
422 2572 470 2591 nos
482 2567 619 2601 operantes
637 2561 778 2600 justitiam,
795 2562 837 2591 vi-

96 2607 188 2628 vamus
198 2607 307 2639 propter
316 2611 384 2631 eam.
397 2601 426 2631 Si
438 2611 501 2640 ergo
513 2600 542 2630 ill
547 2611 571 2639 e,
579 2600 626 2639 qui
640 2607 748 2641 propter
758 2612 836 2631 suam

1583 203 1651 238 883

911 270 1053 300 utilitatem
1072 272 1179 302 vineam
1205 272 1339 302 commisit
1360 272 1454 310 alicui,
1473 274 1554 304 talem
1577 274 1654 306 illam

909 310 1003 348 quaerit
1014 311 1143 350 recipere,
1157 311 1263 350 qualem
1276 312 1355 341 illam
1365 313 1509 351 commisit,
1519 315 1654 353 quomodo

908 358 961 378 non
974 360 989 378 a
1002 350 1078 379 nobis
1091 350 1129 379 sic
1141 351 1311 381 immaculata
1318 352 1423 392 justitia
1435 353 1592 392 requirenda
1603 361 1653 392 est,

909 389 1044 426 quomodo
1064 400 1122 418 eam
1141 390 1240 420 creavit
1257 390 1284 419 in
1301 391 1388 427 nobis,
1399 392 1498 430 quibus
1518 404 1571 423 non
1589 404 1654 434 pro-

910 434 969 467 pter
982 438 1015 466 se·
1024 427 1099 457 dedit
1117 440 1186 465 eam,
1205 430 1252 458 sed
1265 437 1373 470 propter
1393 438 1509 461 nostram
1522 432 1655 463 salutem?

909 468 1008 496 Scitote
1030 469 1093 506 quia
1113 470 1268 498 mercenarii
1291 480 1383 499 sumus
1396 470 1531 501 conducti.
1547 472 1577 502 Si
1591 482 1654 512 ergo

908 507 1064 536 mercenarii
1085 518 1186 545 sumus,
1198 519 1355 548 cognoscere
1367 509 1496 540 debemus
1510 522 1570 549 quae
1590 519 1654 541 sunt

908 555 988 585 opera
1008 553 1108 576 nostra.
1130 548 1313 577 Mcrcenarius
1333 548 1405 577 enim
1428 549 1486 579 sine
1509 561 1588 590 opere
1600 561 1654 581 non

909 592 994 624 potest
1015 596 1082 615 esse.
1108 587 1196 626 Opera
1221 594 1309 616 autem
1332 594 1421 617 nostra
1441 596 1502 618 sunt
1517 600 1597 629 opera
1609 591 1655 630 ju-

908 625 1004 653 stitiae:
1026 635 1078 654 non
1098 632 1128 654 ut
1144 636 1222 665 agros
1237 633 1339 656 nostros
1360 626 1491 663 colamus,
1504 636 1529 658 et
1542 630 1652 659 vineas:

908 673 961 694 non
983 671 1013 693 ut
1026 664 1135 694 divitias
1157 666 1338 704 acquiramus,
1354 673 1380 695 et
1401 677 1591 707 congregemus
1605 669 1654 698 bo-

911 713 990 733 nores
1013 715 1019 731 :
1040 704 1088 733 sed
1109 711 1138 733 ut
1162 705 1292 744 proximis
1310 705 1455 744 prosimus.
1477 707 1512 736 Et
1531 708 1655 746 quamvis

907 742 964 772 baec
977 743 1033 773 sine
1047 751 1154 783 peccato
1168 745 1254 773 facere
1266 755 1419 784 possumus,
1429 752 1515 775 tamen
1525 756 1578 776 non
1591 755 1654 777 sunt

907 793 923 811 o
943 794 987 812 era
1009 790 1110 820 nostra,
1125 783 1171 813 sed
1192 783 1277 813 diaria
1291 790 1393 813 nostra.
1408 785 1484 814 Sicut
1497 797 1561 815 erno
1575 797 1653 816 nemo

906 793 967 852 id'eo
980 822 1019 852 sic
1032 822 1159 852 conducit
1175 825 1383 861 mercenarium,
1399 831 1428 852 ut
1439 825 1490 854 hoc
1503 808 1591 855 solum
1609 827 1652 856 fa—

906 861 968 899 ciat,
981 862 1055 901 quod
1068 862 1211 892 manducet
1227 875 1233 891 ε
1249 863 1287 892 sic
1306 870 1332 892 et
1346 873 1392 892 nos
1407 873 1459 893 non
1482 864 1543 894 ideo
1564 867 1651 896 vocati

905 911 999 930 sumus
1011 912 1026 931 a
1041 901 1160 939 Christo,
1176 909 1205 932 ut
1219 902 1275 932 haec
1295 903 1352 931 sola
1366 913 1382 932 o
1402 914 1518 941 eremur,
1534 915 1593 944 quae
1616 906 1651 936 ad

905 948 1026 970 nostrum
1040 942 1174 982 pertinent
1194 953 1284 979 usum,
1297 941 1345 971 sed
1357 953 1371 970 a
1412 943 1524 981 gloriam
1543 945 1600 974 nei.
1616 946 1653 975 Et

904 980 974 1010 sicut
987 981 1178 1016 mercenarius,
1195 982 1242 1020 qui
1258 981 1308 1010 hoc
1319 982 1407 1011 solum
1421 983 1481 1012 facit
1494 983 1568 1022 quod
1581 995 1652 1014 man-

903 1019 995 1057 ducat,
1011 1020 1068 1049 sine
1080 1031 1159 1050 causa
1173 1021 1294 1050 ambulat
1305 1022 1332 1050 in
1343 1020 1423 1050 domo
1437 1035 1443 1051 z
1458 1023 1497 1051 sic
1515 1029 1610 1059 etuas,
1627 1024 1651 1054 si

903 1059 961 1088 sola
974 1060 1031 1089 haec
1040 1059 1163 1096 facimus,
1177 1071 1236 1099 quae
1249 1060 1284 1089 ad
1297 1068 1413 1090 nostram
1426 1062 1558 1101 pertinent
1572 1063 1649 1093 utili-

903 1105 995 1136 tatem,
1006 1099 1063 1129 sine
1081 1110 1160 1128 cansa
1174 1100 1293 1129 vivimus
1309 1110 1390 1140 super
1410 1107 1516 1130 terram.
1531 1102 1568 1132 Et
1580 1102 1650 1132 sicut

903 1139 1081 1168 mercenarius
1092 1139 1169 1178 prius
1183 1138 1278 1179 aspicit
1291 1150 1360 1180 opus
1374 1151 1465 1177 suum,
1478 1141 1577 1171 deinde
1588 1142 1649 1172 dia-

903 1178 943 1207 ria
963 1189 1012 1208 sua
1026 1190 1033 1207 :
1047 1179 1086 1207 sic
1099 1185 1124 1207 et
1144 1189 1192 1208 nos
1205 1180 1227 1208 si
1241 1180 1398 1209 mercenarii
1420 1181 1522 1210 Christi
1543 1192 1648 1219 sumus,

903 1218 1023 1257 primum
1041 1217 1169 1247 debemus
1189 1219 1306 1259 aspicere
1327 1230 1387 1259 quae
1410 1219 1445 1249 ad
1465 1220 1579 1265 gloriam
1598 1223 1650 1252 Dei

903 1257 1035 1296 pertinent
1057 1257 1227 1297 proximique
1247 1259 1396 1298 profectum
1416 1260 1496 1298 (quia
1515 1261 1611 1291 caritas
1624 1268 1651 1292 et

903 1307 982 1326 verus
995 1308 1070 1326 amor
1079 1307 1141 1336 erga
1154 1298 1244 1326 Deum
1255 1308 1308 1327 non
1321 1305 1446 1337 quaerunt
1457 1309 1517 1337 quae
1529 1311 1588 1338 sua,
1602 1301 1650 1331 sed

902 1335 937 1365 ad
961 1336 1070 1366 libitum
1092 1336 1173 1366 amati
1200 1344 1295 1366 cuncta
1315 1337 1466 1368 desiderant
1487 1340 1616 1379 perficere
1626 1341 1648 1381 ),

901 1374 999 1404 deinde
1011 1386 1071 1414 quae
1084 1375 1119 1404 ad
1135 1383 1252 1406 nostram
1270 1376 1423 1406 utilitatem.
1438 1378 1475 1408 Et
1492 1379 1562 1409 sicut
1578 1391 1648 1411 mer-

901 1415 1022 1445 cenarius
1036 1422 1122 1444 totum
1135 1415 1208 1445 diem
1222 1416 1291 1445 circa
1305 1416 1407 1446 domini
1424 1427 1492 1457 opus
1505 1419 1647 1459 impendit,

902 1465 983 1484 unam
994 1462 1083 1484 autem
1095 1455 1189 1484 horam
1203 1456 1273 1485 circa
1287 1466 1367 1485 suum
1381 1457 1473 1486 cibum
1486 1471 1494 1488 ε
1510 1459 1549 1488 sic
1562 1466 1587 1488 et
1599 1470 1648 1490 nos

901 1504 979 1523 omne
1001 1501 1107 1534 tempus
1130 1496 1191 1524 vitae
1216 1502 1312 1524 nostrae
1338 1495 1467 1525 debemus
1493 1498 1648 1538 impendere

902 1534 972 1562 circa
980 1543 1047 1573 opus
1057 1534 1150 1572 gloriae
1158 1534 1222 1571 Dei,
1232 1534 1363 1564 modicam
1370 1542 1458 1564 autem
1467 1544 1567 1576 partem
1577 1539 1647 1568 circa

902 1582 967 1601 usus
997 1579 1102 1601 nostros
1128 1579 1256 1602 terrenos.
1272 1574 1306 1603 Et
1329 1573 1398 1603 sicut
1417 1574 1441 1603 si
1468 1578 1647 1608 mercenarius

901 1622 954 1650 qua
976 1610 1020 1640 die
1040 1622 1108 1651 opus
1127 1622 1179 1640 non
1202 1612 1304 1648 fecerit,
1319 1613 1453 1643 erubescit
1474 1615 1572 1645 intrare
1594 1616 1645 1646 do-

901 1661 985 1686 mum,
999 1657 1024 1680 et
1036 1657 1123 1690 petere
1136 1651 1188 1680 sibi
1197 1661 1291 1691 panem
1304 1664 1309 1680 :
1326 1652 1461 1691 quomodo
1473 1661 1501 1683 tu
1514 1665 1567 1684 non
1578 1666 1645 1685 con-

899 1690 1020 1719 funderis
1033 1691 1132 1719 intrare
1141 1690 1168 1719 in
1182 1691 1333 1727 ecclesiam,
1346 1698 1372 1721 et
1382 1698 1451 1721 stare
1460 1701 1520 1723 ante
1533 1705 1644 1735 conspe-

901 1736 973 1759 ctum
986 1730 1047 1766 Dei,
1065 1730 1172 1768 quando
1186 1730 1223 1759 nil
1242 1730 1307 1759 boni
1322 1730 1348 1759 in
1363 1739 1505 1771 conspectu
1517 1734 1568 1763 Dei
1585 1745 1644 1774 ges-

900 1769 979 1799 sisti?
994 1769 1069 1799 Exiit
1083 1770 1170 1809 primo
1186 1780 1273 1806 mane,
1290 1777 1315 1799 et
1328 1771 1436 1800 vocavit
1450 1772 1548 1810 Adam,
1562 1774 1646 1812 etqui

900 1819 962 1838 cum
984 1819 1014 1838 eo
1029 1809 1144 1839 suerunt.
1167 1810 1238 1839 Hora
1252 1809 1329 1838 tertia
1351 1811 1418 1847 Noti,
1434 1817 1460 1840 et
1477 1812 1524 1850 qui
1538 1823 1599 1842 cum
1613 1824 1647 1843 eo

899 1848 1016 1877 fuerunt.
1031 1849 1101 1878 Hora
1118 1855 1193 1878 sexta
1207 1848 1353 1885 Abraham,
1368 1852 1452 1888 etqui
1466 1861 1527 1880 cum
1541 1863 1572 1881 eo
1586 1853 1643 1882 fue-

898 1895 972 1918 runt.
990 1889 1060 1917 Hora
1075 1898 1144 1917 nona
1160 1890 1265 1924 Mosen,
1281 1895 1306 1918 et
1324 1889 1371 1927 qui
1385 1899 1446 1918 cum
1460 1901 1490 1919 co
1508 1891 1618 1921 suerunt
1635 1904 1642 1921 :

898 1934 944 1956 aut
962 1926 1066 1964 David,
1081 1934 1107 1956 et
1126 1927 1174 1967 qui
1188 1938 1250 1957 cum
1268 1938 1299 1957 eo
1313 1929 1433 1958 fuerunt.
1448 1930 1517 1959 Nam
1529 1931 1564 1960 ad
1578 1931 1642 1961 istos

898 1967 989 2006 posuit
998 1973 1160 1996 testamenta.
1173 1967 1246 1997 Hora
1257 1967 1396 1997 undecima
1405 1969 1504 1999 Gentes
1512 1969 1641 2011 intellige,

896 2007 1023 2046 quiajam
1035 2016 1082 2035 nos
1095 2006 1123 2035 in
1138 2006 1283 2036 novissima
1293 2007 1387 2036 mundi
1401 2009 1521 2047 margine
1530 2017 1641 2047 stamus,

896 2048 965 2075 sicut
978 2053 1003 2075 et
1016 2047 1132 2076 Joanncs
1145 2046 1172 2075 in
1190 2046 1313 2086 Epistola
1326 2057 1372 2076 sua
1388 2054 1509 2084 testatur,
1525 2049 1616 2079 dicens
1631 2062 1639 2079 ε

896 2086 1073 2125 Filioli,jam
1086 2087 1243 2115 novissima
1251 2087 1325 2115 hora
1338 2093 1391 2116 esc.-
1401 2088 1538 2126 apostolus
1551 2096 1639 2119 autem
1654 2106 1672 2121 t.
1685 2101 1751 2122 Jonn.
1766 2107 1794 2122 2-

895 2125 962 2170 dicit
978 2126 1034 2170 jam
1048 2124 1166 2164 aliquam
1177 2132 1278 2165 partem
1297 2126 1462 2156 duodecimae
1481 2127 1554 2158 horae
1570 2136 1639 2159 tran-
1653 2131 1687 2154 ¹8-

895 2175 970 2202 sisse,
981 2175 1036 2194 sic:
1050 2165 1138 2194 Nunc
1157 2168 1234 2194 enim
1250 2167 1368 2205 propior
1383 2172 1425 2195 est
1435 2174 1533 2197 nostra
1547 2169 1635 2206 salus,
1650 2173 1715 2194 Rom·
1726 2173 1763 2194 ¹3-

895 2215 984 2244 quam
998 2215 1063 2233 cum
1074 2204 1333 2235 credidimus.Puta
1346 2213 1401 2235 erat
1414 2206 1551 2236 undecima
1560 2208 1635 2237 hora.
1653 2210 1688 2225 ¹¹·

895 2246 992 2274 Nostro
1006 2251 1141 2283 tempore,
1147 2254 1211 2312 dam
1224 2243 1248 2273 si
1268 2255 1320 2274 non
1341 2252 1380 2274 cst
1396 2245 1554 2275 duodecima
1573 2247 1639 2276 hora

895 2284 1008 2323 integra,
1020 2284 1069 2313 sed
1081 2283 1138 2312 sine
1168 2283 1230 2313 ubio
1244 2284 1381 2314 modicum
1393 2292 1482 2314 restat.
1498 2285 1530 2314 In
1541 2285 1640 2315 duode-

893 2323 963 2353 cima
976 2324 1043 2352 hora
1055 2333 1159 2352 sumus.
1174 2322 1255 2353 Unde
1269 2331 1357 2363 putas,
1372 2324 1435 2362 quia
1449 2324 1548 2353 candor
1554 2325 1641 2369 justi-

893 2363 936 2392 tiae
943 2364 1000 2403 jam
1015 2362 1122 2392 recessit
1131 2362 1166 2392 de
1178 2362 1291 2398 mundo,
1302 2370 1328 2392 et
1338 2364 1375 2392 sol
1389 2363 1478 2392 radios
1493 2370 1643 2402 gratiarum.

893 2413 1003 2432 suarum
1018 2402 1045 2432 in
1059 2413 1087 2432 se
1099 2402 1228 2442 colligens
1242 2403 1388 2437 revocavit,
1404 2409 1428 2431 et
1442 2409 1524 2431 totam
1539 2409 1637 2432 terram

892 2442 1005 2481 nigredo
1024 2442 1195 2481 iniquitatum
1217 2441 1260 2471 vel
1274 2441 1473 2470 mendaciorum
1487 2441 1563 2479 quasi
1584 2452 1638 2471 nox

893 2482 966 2512 fusca
979 2482 1117 2522 cooperuit
1131 2503 1139 2518 ‚
1156 2481 1206 2510 nisi
1221 2481 1283 2519 quia
1304 2481 1354 2508 'am
1366 2487 1391 2509 et
1405 2480 1461 2519 ipsa
1480 2479 1638 2510 duodecima

893 2521 958 2551 hora
977 2521 1106 2550 finiatur?
1122 2520 1230 2558 Ubique
1246 2526 1303 2548 tenc
1324 2530 1366 2547 ras
1389 2519 1476 2555 vides,
1491 2526 1517 2548 et
1530 2518 1638 2550 dubitas

892 2559 964 2590 diem
987 2560 1132 2590 transisse?
1156 2560 1234 2588 Prius
1249 2558 1346 2587 etenim
1361 2558 1386 2587 in
1407 2558 1526 2587 vallibus
1540 2559 1571 2588 fit
1589 2559 1638 2589 ob·

893 2600 1017 2639 scuritas,
1032 2599 1076 2630 die
1089 2598 1239 2629 declinante
1251 2598 1285 2627 ad
1298 2608 1429 2627 occasum.
1446 2598 1561 2635 Quando
1574 2609 1637 2639 ergo
