<?xml version="1.0" encoding="UTF-8"?>
<!DOCTYPE html PUBLIC "-//W3C//DTD XHTML 1.0 Transitional//EN"
    "http://www.w3.org/TR/xhtml1/DTD/xhtml1-transitional.dtd">
<html xmlns="http://www.w3.org/1999/xhtml" xml:lang="en" lang="en">
 <head>
  <title>
</title>
<meta http-equiv="Content-Type" content="text/html;charset=utf-8" />
  <meta name='ocr-system' content='tesseract 3.04.00' />
  <meta name='ocr-capabilities' content='ocr_page ocr_carea ocr_par ocr_line ocrx_word'/>
</head>
<body>
  <div class='ocr_page' id='page_1' title='image "./operaomniaquaeex06johnuoft_0942.png"; bbox 0 0 1904 2840; ppageno 0'>
   <div class='ocr_carea' id='block_1_1' title="bbox 220 204 290 242">
    <p class='ocr_par' dir='ltr' id='par_1_1' title="bbox 220 204 290 242">
     <span class='ocr_line' id='line_1_1' title="bbox 220 204 290 242; baseline -0.014 -14"><span class='ocrx_word' id='word_1_1' title='bbox 220 204 290 242; x_wconf 79' lang='lat'>922</span> 
     </span>
    </p>
   </div>
   <div class='ocr_carea' id='block_1_2' title="bbox 793 192 1139 221">
    <p class='ocr_par' dir='ltr' id='par_1_2' title="bbox 793 192 1139 221">
     <span class='ocr_line' id='line_1_2' title="bbox 793 192 1139 221; baseline -0.006 0"><span class='ocrx_word' id='word_1_2' title='bbox 793 194 874 221; x_wconf 61' lang='lat' dir='ltr'><strong>OFUS</strong></span> <span class='ocrx_word' id='word_1_3' title='bbox 903 193 1110 220; x_wconf 73' lang='lat' dir='ltr'>lMPEui-&#39;ECTU</span> <span class='ocrx_word' id='word_1_4' title='bbox 1116 192 1139 219; x_wconf 77' lang='grc' dir='ltr'><strong>Μ</strong></span> 
     </span>
    </p>
   </div>
   <div class='ocr_carea' id='block_1_3' title="bbox 72 258 1754 307">
    <p class='ocr_par' dir='ltr' id='par_1_3' title="bbox 72 258 1754 307">
     <span class='ocr_line' id='line_1_3' title="bbox 72 258 1754 307; baseline -0.005 -10"><span class='ocrx_word' id='word_1_5' title='bbox 72 275 115 297; x_wconf 69' lang='lat' dir='ltr'>toto</span> <span class='ocrx_word' id='word_1_6' title='bbox 129 275 195 297; x_wconf 73' lang='lat' dir='ltr'>corae</span> <span class='ocrx_word' id='word_1_7' title='bbox 205 291 211 300; x_wconf 80' lang='grc'><strong>,</strong></span> <span class='ocrx_word' id='word_1_8' title='bbox 221 267 334 307; x_wconf 86' lang='lat' dir='ltr'>diligere</span> <span class='ocrx_word' id='word_1_9' title='bbox 346 267 434 295; x_wconf 85' lang='lat' dir='ltr'>Deum</span> <span class='ocrx_word' id='word_1_10' title='bbox 446 274 480 293; x_wconf 88' lang='lat' dir='ltr'>ex</span> <span class='ocrx_word' id='word_1_11' title='bbox 494 269 548 293; x_wconf 86' lang='lat' dir='ltr'>toto</span> <span class='ocrx_word' id='word_1_12' title='bbox 559 260 661 294; x_wconf 76' lang='lat' dir='ltr'>corde?</span> <span class='ocrx_word' id='word_1_13' title='bbox 674 259 705 292; x_wconf 85' lang='lat' dir='ltr'>ld</span> <span class='ocrx_word' id='word_1_14' title='bbox 720 266 770 296; x_wconf 82' lang='lat' dir='ltr'>est,</span> <span class='ocrx_word' id='word_1_15' title='bbox 783 267 814 290; x_wconf 89' lang='lat' dir='ltr'>ut</span> <span class='ocrx_word' id='word_1_16' title='bbox 827 270 873 290; x_wconf 84' lang='lat' dir='ltr'>oor</span> <span class='ocrx_word' id='word_1_17' title='bbox 884 266 961 289; x_wconf 89' lang='lat' dir='ltr'>tuum</span> <span class='ocrx_word' id='word_1_18' title='bbox 979 261 999 285; x_wconf 80' lang='grc' dir='ltr'><strong>Α</strong></span> <span class='ocrx_word' id='word_1_19' title='bbox 1017 258 1165 288; x_wconf 84' lang='lat' dir='ltr'>substantia</span> <span class='ocrx_word' id='word_1_20' title='bbox 1181 258 1247 297; x_wconf 88' lang='lat' dir='ltr'>Dei,</span> <span class='ocrx_word' id='word_1_21' title='bbox 1271 258 1298 288; x_wconf 90' lang='lat' dir='ltr'>in</span> <span class='ocrx_word' id='word_1_22' title='bbox 1316 265 1369 288; x_wconf 88' lang='lat' dir='ltr'>tota</span> <span class='ocrx_word' id='word_1_23' title='bbox 1383 259 1473 289; x_wconf 82' lang='lat' dir='ltr'>anima</span> <span class='ocrx_word' id='word_1_24' title='bbox 1486 268 1538 289; x_wconf 89' lang='lat' dir='ltr'>non</span> <span class='ocrx_word' id='word_1_25' title='bbox 1551 258 1643 299; x_wconf 86' lang='lat' dir='ltr'>diligis</span> <span class='ocrx_word' id='word_1_26' title='bbox 1657 260 1754 290; x_wconf 84' lang='lat' dir='ltr'>Deum.</span> 
     </span>
    </p>
   </div>
   <div class='ocr_carea' id='block_1_4' title="bbox 70 307 133 336">
    <p class='ocr_par' dir='ltr' id='par_1_4' title="bbox 70 307 133 336">
     <span class='ocr_line' id='line_1_4' title="bbox 70 307 133 336; baseline 0.016 -9"><span class='ocrx_word' id='word_1_27' title='bbox 70 307 133 336; x_wconf 65' lang='lat' dir='ltr'>quid.</span> 
     </span>
    </p>
   </div>
   <div class='ocr_carea' id='block_1_5' title="bbox 73 1741 216 1861">
    <p class='ocr_par' dir='ltr' id='par_1_5' title="bbox 73 1741 216 1861">
     <span class='ocr_line' id='line_1_5' title="bbox 123 1741 215 1761; baseline 0 0"><span class='ocrx_word' id='word_1_28' title='bbox 123 1741 159 1761; x_wconf 72' lang='lat' dir='ltr'>Ex</span> <span class='ocrx_word' id='word_1_29' title='bbox 171 1745 215 1761; x_wconf 80' lang='lat' dir='ltr'>tota</span> 
     </span>
     <span class='ocr_line' id='line_1_6' title="bbox 73 1772 216 1793; baseline 0 -1"><span class='ocrx_word' id='word_1_30' title='bbox 73 1773 145 1792; x_wconf 78' lang='lat' dir='ltr'>anima</span> <span class='ocrx_word' id='word_1_31' title='bbox 164 1772 216 1793; x_wconf 81' lang='lat' dir='ltr'>dili-</span> 
     </span>
     <span class='ocr_line' id='line_1_7' title="bbox 74 1803 214 1830; baseline 0.007 -8"><span class='ocrx_word' id='word_1_32' title='bbox 74 1811 123 1830; x_wconf 70' lang='lat' dir='ltr'>gore</span> <span class='ocrx_word' id='word_1_33' title='bbox 136 1803 214 1829; x_wconf 81' lang='lat' dir='ltr'>Deum,</span> 
     </span>
     <span class='ocr_line' id='line_1_8' title="bbox 74 1834 137 1861; baseline 0.032 -8"><span class='ocrx_word' id='word_1_34' title='bbox 74 1834 137 1861; x_wconf 81' lang='lat' dir='ltr'>quid.</span> 
     </span>
    </p>
   </div>
   <div class='ocr_carea' id='block_1_6' title="bbox 219 299 968 2156">
    <p class='ocr_par' dir='ltr' id='par_1_6' title="bbox 219 299 968 1888">
     <span class='ocr_line' id='line_1_9' title="bbox 222 299 961 337; baseline -0.012 -1"><span class='ocrx_word' id='word_1_35' title='bbox 222 317 275 337; x_wconf 87' lang='lat' dir='ltr'>non</span> <span class='ocrx_word' id='word_1_36' title='bbox 293 306 327 335; x_wconf 89' lang='lat' dir='ltr'>sit</span> <span class='ocrx_word' id='word_1_37' title='bbox 343 303 502 333; x_wconf 82' lang='lat' dir='ltr'>inclinatum</span> <span class='ocrx_word' id='word_1_38' title='bbox 516 301 551 331; x_wconf 87' lang='lat' dir='ltr'>ad</span> <span class='ocrx_word' id='word_1_39' title='bbox 569 300 652 330; x_wconf 89' lang='lat' dir='ltr'>ullius</span> <span class='ocrx_word' id='word_1_40' title='bbox 670 300 710 330; x_wconf 76' lang='lat' dir='ltr'>rei</span> <span class='ocrx_word' id='word_1_41' title='bbox 726 299 897 329; x_wconf 84' lang='lat' dir='ltr'>dilectionem</span> <span class='ocrx_word' id='word_1_42' title='bbox 908 309 961 328; x_wconf 91' lang='lat' dir='ltr'>am-</span> 
     </span>
     <span class='ocr_line' id='line_1_10' title="bbox 221 338 963 387; baseline -0.011 -12"><span class='ocrx_word' id='word_1_43' title='bbox 221 346 294 387; x_wconf 91' lang='lat' dir='ltr'>plius</span> <span class='ocrx_word' id='word_1_44' title='bbox 302 349 382 384; x_wconf 81' lang='lat' dir='ltr'>q&#39;uam</span> <span class='ocrx_word' id='word_1_45' title='bbox 395 343 429 372; x_wconf 89' lang='lat' dir='ltr'>ad</span> <span class='ocrx_word' id='word_1_46' title='bbox 441 342 509 372; x_wconf 86' lang='lat' dir='ltr'>Dei:</span> <span class='ocrx_word' id='word_1_47' title='bbox 522 351 569 371; x_wconf 87' lang='lat' dir='ltr'>nec</span> <span class='ocrx_word' id='word_1_48' title='bbox 578 340 718 370; x_wconf 88' lang='lat' dir='ltr'>delecteris</span> <span class='ocrx_word' id='word_1_49' title='bbox 729 339 757 369; x_wconf 92' lang='lat' dir='ltr'>in</span> <span class='ocrx_word' id='word_1_50' title='bbox 770 340 861 378; x_wconf 88' lang='lat' dir='ltr'>aliqua</span> <span class='ocrx_word' id='word_1_51' title='bbox 875 338 963 383; x_wconf 82' lang='lat' dir='ltr'>specie</span> 
     </span>
     <span class='ocr_line' id='line_1_11' title="bbox 222 379 961 427; baseline -0.009 -13"><span class='ocrx_word' id='word_1_52' title='bbox 222 385 316 415; x_wconf 90' lang='lat' dir='ltr'>mundi</span> <span class='ocrx_word' id='word_1_53' title='bbox 329 383 446 423; x_wconf 82' lang='lat' dir='ltr'>amplius</span> <span class='ocrx_word' id='word_1_54' title='bbox 464 392 545 427; x_wconf 76' lang='lat' dir='ltr'>quam</span> <span class='ocrx_word' id='word_1_55' title='bbox 564 381 591 410; x_wconf 89' lang='lat' dir='ltr'>in</span> <span class='ocrx_word' id='word_1_56' title='bbox 609 381 679 416; x_wconf 89' lang='lat' dir='ltr'>Deo,</span> <span class='ocrx_word' id='word_1_57' title='bbox 694 390 746 409; x_wconf 94' lang='lat' dir='ltr'>non</span> <span class='ocrx_word' id='word_1_58' title='bbox 760 379 788 408; x_wconf 91' lang='lat' dir='ltr'>in</span> <span class='ocrx_word' id='word_1_59' title='bbox 801 379 961 414; x_wconf 77' lang='lat' dir='ltr'>honoribus,</span> 
     </span>
     <span class='ocr_line' id='line_1_12' title="bbox 221 418 963 461; baseline -0.011 -7"><span class='ocrx_word' id='word_1_60' title='bbox 221 435 274 454; x_wconf 88' lang='lat' dir='ltr'>non</span> <span class='ocrx_word' id='word_1_61' title='bbox 288 425 315 454; x_wconf 90' lang='lat' dir='ltr'>in</span> <span class='ocrx_word' id='word_1_62' title='bbox 329 428 406 459; x_wconf 69' lang='lat' dir='ltr'>auro,</span> <span class='ocrx_word' id='word_1_63' title='bbox 415 422 457 452; x_wconf 86' lang='lat' dir='ltr'>vel</span> <span class='ocrx_word' id='word_1_64' title='bbox 470 432 497 450; x_wconf 88' lang='grc' dir='ltr'>ιιι</span> <span class='ocrx_word' id='word_1_65' title='bbox 509 427 628 461; x_wconf 83' lang='lat' dir='ltr'>argento,</span> <span class='ocrx_word' id='word_1_66' title='bbox 634 430 688 449; x_wconf 90' lang='lat' dir='ltr'>non</span> <span class='ocrx_word' id='word_1_67' title='bbox 701 419 730 448; x_wconf 94' lang='lat' dir='ltr'>in</span> <span class='ocrx_word' id='word_1_68' title='bbox 741 418 963 459; x_wconf 86' lang='lat' dir='ltr'>possessionibus,</span> 
     </span>
     <span class='ocr_line' id='line_1_13' title="bbox 222 457 963 499; baseline -0.011 -5"><span class='ocrx_word' id='word_1_69' title='bbox 222 471 268 494; x_wconf 75' lang='lat' dir='ltr'>aut</span> <span class='ocrx_word' id='word_1_70' title='bbox 282 463 432 498; x_wconf 82' lang='lat' dir='ltr'>vineis‚non</span> <span class='ocrx_word' id='word_1_71' title='bbox 444 462 472 491; x_wconf 87' lang='lat' dir='ltr'>in</span> <span class='ocrx_word' id='word_1_72' title='bbox 482 460 655 496; x_wconf 81' lang='lat' dir='ltr'>animalibus,</span> <span class='ocrx_word' id='word_1_73' title='bbox 662 465 708 488; x_wconf 90' lang='lat' dir='ltr'>aut</span> <span class='ocrx_word' id='word_1_74' title='bbox 715 458 925 499; x_wconf 83' lang='lat' dir='ltr'>mancipiis‚non</span> <span class='ocrx_word' id='word_1_75' title='bbox 935 457 963 486; x_wconf 91' lang='lat' dir='ltr'>in</span> 
     </span>
     <span class='ocr_line' id='line_1_14' title="bbox 221 497 964 542; baseline -0.012 -8"><span class='ocrx_word' id='word_1_76' title='bbox 221 502 393 536; x_wconf 64' lang='lat' dir='ltr'>orn-amenus,</span> <span class='ocrx_word' id='word_1_77' title='bbox 403 508 450 531; x_wconf 90' lang='lat' dir='ltr'>aut</span> <span class='ocrx_word' id='word_1_78' title='bbox 460 501 592 537; x_wconf 84' lang='lat' dir='ltr'>vestibus,</span> <span class='ocrx_word' id='word_1_79' title='bbox 605 510 659 529; x_wconf 90' lang='lat' dir='ltr'>non</span> <span class='ocrx_word' id='word_1_80' title='bbox 669 499 696 527; x_wconf 93' lang='lat' dir='ltr'>in</span> <span class='ocrx_word' id='word_1_81' title='bbox 708 498 784 536; x_wconf 83' lang='lat' dir='ltr'>filiis,</span> <span class='ocrx_word' id='word_1_82' title='bbox 791 504 837 527; x_wconf 86' lang='lat' dir='ltr'>aut</span> <span class='ocrx_word' id='word_1_83' title='bbox 847 497 964 542; x_wconf 70' lang='lat' dir='ltr'>parenti-</span> 
     </span>
     <span class='ocr_line' id='line_1_15' title="bbox 220 537 964 578; baseline -0.011 -5"><span class='ocrx_word' id='word_1_84' title='bbox 220 545 332 578; x_wconf 90' lang='lat' dir='ltr'>bus‚aut</span> <span class='ocrx_word' id='word_1_85' title='bbox 339 541 441 576; x_wconf 88' lang='lat' dir='ltr'>amicis,</span> <span class='ocrx_word' id='word_1_86' title='bbox 449 540 496 570; x_wconf 89' lang='lat' dir='ltr'>sed</span> <span class='ocrx_word' id='word_1_87' title='bbox 503 541 560 569; x_wconf 83' lang='lat' dir='ltr'>haec</span> <span class='ocrx_word' id='word_1_88' title='bbox 569 538 659 568; x_wconf 74' lang='lat' dir='ltr'>omnia</span> <span class='ocrx_word' id='word_1_89' title='bbox 666 538 801 567; x_wconf 79' lang='lat' dir='ltr'>existimes</span> <span class='ocrx_word' id='word_1_90' title='bbox 811 537 860 566; x_wconf 87' lang='lat' dir='ltr'>tibi</span> <span class='ocrx_word' id='word_1_91' title='bbox 870 547 927 566; x_wconf 82' lang='lat' dir='ltr'>esse</span> <span class='ocrx_word' id='word_1_92' title='bbox 936 547 964 566; x_wconf 81' lang='lat' dir='ltr'>in</span> 
     </span>
     <span class='ocr_line' id='line_1_16' title="bbox 220 577 964 622; baseline -0.011 -9"><span class='ocrx_word' id='word_1_93' title='bbox 220 585 288 620; x_wconf 90' lang='lat' dir='ltr'>Deo,</span> <span class='ocrx_word' id='word_1_94' title='bbox 305 589 331 611; x_wconf 88' lang='lat' dir='ltr'>ut</span> <span class='ocrx_word' id='word_1_95' title='bbox 344 592 399 622; x_wconf 83' lang='lat' dir='ltr'>prae</span> <span class='ocrx_word' id='word_1_96' title='bbox 409 581 453 610; x_wconf 91' lang='lat' dir='ltr'>his</span> <span class='ocrx_word' id='word_1_97' title='bbox 465 579 590 610; x_wconf 88' lang='lat' dir='ltr'>omnibus</span> <span class='ocrx_word' id='word_1_98' title='bbox 602 580 688 609; x_wconf 87' lang='lat' dir='ltr'>Deum</span> <span class='ocrx_word' id='word_1_99' title='bbox 701 588 783 607; x_wconf 77' lang='lat' dir='ltr'>ameS.</span> <span class='ocrx_word' id='word_1_100' title='bbox 796 577 826 607; x_wconf 93' lang='lat' dir='ltr'>Si</span> <span class='ocrx_word' id='word_1_101' title='bbox 836 584 925 622; x_wconf 77' lang='lat' dir='ltr'>autem</span> <span class='ocrx_word' id='word_1_102' title='bbox 935 577 964 606; x_wconf 91' lang='lat' dir='ltr'>in</span> 
     </span>
     <span class='ocr_line' id='line_1_17' title="bbox 219 617 964 662; baseline -0.011 -10"><span class='ocrx_word' id='word_1_103' title='bbox 219 623 311 662; x_wconf 84' lang='lat' dir='ltr'>aliquo</span> <span class='ocrx_word' id='word_1_104' title='bbox 323 621 420 650; x_wconf 84' lang='lat' dir='ltr'>horum</span> <span class='ocrx_word' id='word_1_105' title='bbox 430 631 505 650; x_wconf 84' lang='lat' dir='ltr'>amor</span> <span class='ocrx_word' id='word_1_106' title='bbox 514 618 603 649; x_wconf 86' lang='lat' dir='ltr'>cordis</span> <span class='ocrx_word' id='word_1_107' title='bbox 612 618 651 647; x_wconf 91' lang='lat' dir='ltr'>tui</span> <span class='ocrx_word' id='word_1_108' title='bbox 661 617 741 647; x_wconf 86' lang='lat' dir='ltr'>fuerit</span> <span class='ocrx_word' id='word_1_109' title='bbox 749 623 903 656; x_wconf 83' lang='lat' dir='ltr'>occupatus,</span> <span class='ocrx_word' id='word_1_110' title='bbox 907 626 964 661; x_wconf 76' lang='lat' dir='ltr'>Jam</span> 
     </span>
     <span class='ocr_line' id='line_1_18' title="bbox 220 659 964 696; baseline -0.011 -4"><span class='ocrx_word' id='word_1_111' title='bbox 220 674 254 692; x_wconf 83' lang='lat' dir='ltr'>ex</span> <span class='ocrx_word' id='word_1_112' title='bbox 266 669 322 692; x_wconf 89' lang='lat' dir='ltr'>toto</span> <span class='ocrx_word' id='word_1_113' title='bbox 339 661 420 690; x_wconf 83' lang='lat' dir='ltr'>corde</span> <span class='ocrx_word' id='word_1_114' title='bbox 433 670 484 689; x_wconf 90' lang='lat' dir='ltr'>non</span> <span class='ocrx_word' id='word_1_115' title='bbox 499 669 572 688; x_wconf 81' lang='lat' dir='ltr'>amas</span> <span class='ocrx_word' id='word_1_116' title='bbox 587 659 675 687; x_wconf 91' lang='lat' dir='ltr'>Deum</span> <span class='ocrx_word' id='word_1_117' title='bbox 689 669 695 686; x_wconf 94' lang='lat'><strong>:</strong></span> <span class='ocrx_word' id='word_1_118' title='bbox 711 667 761 696; x_wconf 85' lang='lat' dir='ltr'>pro</span> <span class='ocrx_word' id='word_1_119' title='bbox 776 662 877 696; x_wconf 82' lang='lat' dir='ltr'>quanta</span> <span class='ocrx_word' id='word_1_120' title='bbox 890 665 964 685; x_wconf 75' lang='lat' dir='ltr'>enim</span> 
     </span>
     <span class='ocr_line' id='line_1_19' title="bbox 220 695 964 742; baseline -0.011 -10"><span class='ocrx_word' id='word_1_121' title='bbox 220 709 294 742; x_wconf 84' lang='lat' dir='ltr'>parte</span> <span class='ocrx_word' id='word_1_122' title='bbox 311 711 358 731; x_wconf 88' lang='lat' dir='ltr'>cor</span> <span class='ocrx_word' id='word_1_123' title='bbox 375 707 453 730; x_wconf 89' lang='lat' dir='ltr'>tuum</span> <span class='ocrx_word' id='word_1_124' title='bbox 467 699 548 728; x_wconf 87' lang='lat' dir='ltr'>fuerit</span> <span class='ocrx_word' id='word_1_125' title='bbox 560 698 593 727; x_wconf 88' lang='lat' dir='ltr'>ad</span> <span class='ocrx_word' id='word_1_126' title='bbox 615 697 734 736; x_wconf 79' lang='lat' dir='ltr'>aliquam</span> <span class='ocrx_word' id='word_1_127' title='bbox 749 707 804 726; x_wconf 90' lang='lat' dir='ltr'>rem</span> <span class='ocrx_word' id='word_1_128' title='bbox 823 695 964 725; x_wconf 88' lang='lat' dir='ltr'>amandam</span> 
     </span>
     <span class='ocr_line' id='line_1_20' title="bbox 219 735 962 778; baseline -0.009 -7"><span class='ocrx_word' id='word_1_129' title='bbox 219 742 390 776; x_wconf 87' lang='lat' dir='ltr'>inclinatum,</span> <span class='ocrx_word' id='word_1_130' title='bbox 422 747 452 769; x_wconf 80' lang='lat' dir='ltr'>ro</span> <span class='ocrx_word' id='word_1_131' title='bbox 465 745 536 768; x_wconf 79' lang='lat' dir='ltr'>tan&#39;ta</span> <span class='ocrx_word' id='word_1_132' title='bbox 556 743 632 778; x_wconf 83' lang='lat' dir='ltr'>parte</span> <span class='ocrx_word' id='word_1_133' title='bbox 644 737 733 766; x_wconf 89' lang='lat' dir='ltr'>minus</span> <span class='ocrx_word' id='word_1_134' title='bbox 752 743 792 766; x_wconf 82' lang='lat' dir='ltr'>est</span> <span class='ocrx_word' id='word_1_135' title='bbox 809 735 844 764; x_wconf 89' lang='lat' dir='ltr'>ad</span> <span class='ocrx_word' id='word_1_136' title='bbox 863 737 962 766; x_wconf 87' lang='lat' dir='ltr'>Deum.</span> 
     </span>
     <span class='ocr_line' id='line_1_21' title="bbox 220 751 964 844; baseline -0.009 -33"><span class='ocrx_word' id='word_1_137' title='bbox 220 782 290 811; x_wconf 87' lang='lat' dir='ltr'>Ecce</span> <span class='ocrx_word' id='word_1_138' title='bbox 303 781 326 810; x_wconf 91' lang='lat' dir='ltr'>si</span> <span class='ocrx_word' id='word_1_139' title='bbox 341 781 383 810; x_wconf 90' lang='lat' dir='ltr'>v&#39;ir</span> <span class='ocrx_word' id='word_1_140' title='bbox 400 751 497 809; x_wconf 55' lang='lat' dir='ltr'>{abeat</span> <span class='ocrx_word' id='word_1_141' title='bbox 510 786 634 813; x_wconf 80' lang='lat' dir='ltr'>uxorem,</span> <span class='ocrx_word' id='word_1_142' title='bbox 648 775 783 816; x_wconf 90' lang='lat' dir='ltr'>quomodo</span> <span class='ocrx_word' id='word_1_143' title='bbox 795 775 964 844; x_wconf 54' lang='lat' dir='ltr'>cognoscitur</span> 
     </span>
     <span class='ocr_line' id='line_1_22' title="bbox 220 814 964 860; baseline -0.009 -10"><span class='ocrx_word' id='word_1_144' title='bbox 220 821 315 850; x_wconf 82' lang='lat' dir='ltr'>uxoris</span> <span class='ocrx_word' id='word_1_145' title='bbox 335 820 414 860; x_wconf 86' lang='lat' dir='ltr'>plena</span> <span class='ocrx_word' id='word_1_146' title='bbox 433 817 561 848; x_wconf 69' lang='lat' dir='ltr'>dilectio?</span> <span class='ocrx_word' id='word_1_147' title='bbox 572 817 651 847; x_wconf 83' lang='lat' dir='ltr'>Uxor</span> <span class='ocrx_word' id='word_1_148' title='bbox 668 815 800 845; x_wconf 85' lang='lat' dir='ltr'>neminem</span> <span class='ocrx_word' id='word_1_149' title='bbox 841 814 904 860; x_wconf 41' lang='lat' dir='ltr'>ebet-</span> <span class='ocrx_word' id='word_1_150' title='bbox 918 826 964 844; x_wconf 84' lang='lat' dir='ltr'>sa-</span> 
     </span>
     <span class='ocr_line' id='line_1_23' title="bbox 219 855 965 901; baseline -0.008 -11"><span class='ocrx_word' id='word_1_151' title='bbox 219 861 377 901; x_wconf 83' lang='lat' dir='ltr'>piemiorem</span> <span class='ocrx_word' id='word_1_152' title='bbox 388 865 521 899; x_wconf 87' lang='lat' dir='ltr'>reputare,</span> <span class='ocrx_word' id='word_1_153' title='bbox 529 867 609 896; x_wconf 89' lang='lat' dir='ltr'>quam</span> <span class='ocrx_word' id='word_1_154' title='bbox 616 856 705 887; x_wconf 84' lang='lat' dir='ltr'>virum</span> <span class='ocrx_word' id='word_1_155' title='bbox 713 866 794 885; x_wconf 89' lang='lat' dir='ltr'>suum</span> <span class='ocrx_word' id='word_1_156' title='bbox 805 867 811 884; x_wconf 74' lang='grc' dir='ltr'><strong><em>τ</em></strong></span> <span class='ocrx_word' id='word_1_157' title='bbox 823 860 872 883; x_wconf 79' lang='lat' dir='ltr'>etsi</span> <span class='ocrx_word' id='word_1_158' title='bbox 882 861 917 884; x_wconf 82' lang='lat' dir='ltr'>sit</span> <span class='ocrx_word' id='word_1_159' title='bbox 926 855 965 884; x_wconf 92' lang='lat' dir='ltr'>al-</span> 
     </span>
     <span class='ocr_line' id='line_1_24' title="bbox 220 894 964 940; baseline -0.009 -10"><span class='ocrx_word' id='word_1_160' title='bbox 220 907 260 930; x_wconf 90' lang='lat' dir='ltr'>ter</span> <span class='ocrx_word' id='word_1_161' title='bbox 273 899 427 940; x_wconf 70' lang='lat' dir='ltr'>sapientior,</span> <span class='ocrx_word' id='word_1_162' title='bbox 438 905 523 927; x_wconf 76' lang='lat' dir='ltr'>tamen</span> <span class='ocrx_word' id='word_1_163' title='bbox 534 897 582 926; x_wconf 88' lang='lat' dir='ltr'>illa</span> <span class='ocrx_word' id='word_1_164' title='bbox 590 895 777 936; x_wconf 77' lang='lat' dir='ltr'>sapientiorem</span> <span class='ocrx_word' id='word_1_165' title='bbox 787 905 843 925; x_wconf 88' lang='lat' dir='ltr'>esse</span> <span class='ocrx_word' id='word_1_166' title='bbox 851 894 964 924; x_wconf 89' lang='lat' dir='ltr'>alterum</span> 
     </span>
     <span class='ocr_line' id='line_1_25' title="bbox 220 934 965 979; baseline -0.009 -10"><span class='ocrx_word' id='word_1_167' title='bbox 220 940 371 979; x_wconf 86' lang='lat' dir='ltr'>intelligere</span> <span class='ocrx_word' id='word_1_168' title='bbox 394 949 446 968; x_wconf 94' lang='lat' dir='ltr'>non</span> <span class='ocrx_word' id='word_1_169' title='bbox 466 938 554 967; x_wconf 82' lang='lat' dir='ltr'>debet.</span> <span class='ocrx_word' id='word_1_170' title='bbox 577 937 656 966; x_wconf 84' lang='lat' dir='ltr'>Uxor</span> <span class='ocrx_word' id='word_1_171' title='bbox 676 935 808 964; x_wconf 85' lang='lat' dir='ltr'>neminem</span> <span class='ocrx_word' id='word_1_172' title='bbox 828 934 965 963; x_wconf 82' lang='lat' dir='ltr'>fortiorem</span> 
     </span>
     <span class='ocr_line' id='line_1_26' title="bbox 221 974 966 1019; baseline -0.005 -11"><span class='ocrx_word' id='word_1_173' title='bbox 221 980 300 1010; x_wconf 84' lang='lat' dir='ltr'>debet</span> <span class='ocrx_word' id='word_1_174' title='bbox 313 986 418 1019; x_wconf 82' lang='lat' dir='ltr'>putare,</span> <span class='ocrx_word' id='word_1_175' title='bbox 427 988 507 1017; x_wconf 82' lang='lat' dir='ltr'>quam</span> <span class='ocrx_word' id='word_1_176' title='bbox 520 977 609 1006; x_wconf 89' lang='lat' dir='ltr'>virum</span> <span class='ocrx_word' id='word_1_177' title='bbox 622 986 702 1005; x_wconf 89' lang='lat' dir='ltr'>suum</span> <span class='ocrx_word' id='word_1_178' title='bbox 714 982 722 1004; x_wconf 76' lang='grc' dir='ltr'><strong><em>ἑ</em></strong></span> <span class='ocrx_word' id='word_1_179' title='bbox 734 974 783 1004; x_wconf 82' lang='lat' dir='ltr'>etsi</span> <span class='ocrx_word' id='word_1_180' title='bbox 794 974 861 1003; x_wconf 83' lang='lat' dir='ltr'>alter</span> <span class='ocrx_word' id='word_1_181' title='bbox 871 974 966 1004; x_wconf 80' lang='lat' dir='ltr'>fortior</span> 
     </span>
     <span class='ocr_line' id='line_1_27' title="bbox 221 1014 966 1056; baseline -0.008 -7"><span class='ocrx_word' id='word_1_182' title='bbox 221 1020 268 1056; x_wconf 89' lang='lat' dir='ltr'>sit,</span> <span class='ocrx_word' id='word_1_183' title='bbox 287 1026 374 1048; x_wconf 88' lang='lat' dir='ltr'>tamen</span> <span class='ocrx_word' id='word_1_184' title='bbox 395 1018 442 1048; x_wconf 88' lang='lat' dir='ltr'>illa</span> <span class='ocrx_word' id='word_1_185' title='bbox 461 1016 609 1056; x_wconf 84' lang='lat' dir='ltr'>intelligere</span> <span class='ocrx_word' id='word_1_186' title='bbox 622 1025 673 1044; x_wconf 91' lang='lat' dir='ltr'>non</span> <span class='ocrx_word' id='word_1_187' title='bbox 688 1014 767 1044; x_wconf 86' lang='lat' dir='ltr'>debet</span> <span class='ocrx_word' id='word_1_188' title='bbox 782 1014 898 1043; x_wconf 83' lang='lat' dir='ltr'>alterum</span> <span class='ocrx_word' id='word_1_189' title='bbox 911 1014 966 1043; x_wconf 84' lang='lat' dir='ltr'>sor-</span> 
     </span>
     <span class='ocr_line' id='line_1_28' title="bbox 221 1053 965 1099; baseline -0.008 -11"><span class='ocrx_word' id='word_1_190' title='bbox 221 1060 326 1088; x_wconf 85' lang='lat' dir='ltr'>tioretu.</span> <span class='ocrx_word' id='word_1_191' title='bbox 338 1059 416 1095; x_wconf 76' lang='lat' dir='ltr'>Uxor</span> <span class='ocrx_word' id='word_1_192' title='bbox 429 1057 562 1086; x_wconf 88' lang='lat' dir='ltr'>neminem</span> <span class='ocrx_word' id='word_1_193' title='bbox 574 1055 758 1085; x_wconf 81' lang='lat' dir='ltr'>formosiorem</span> <span class='ocrx_word' id='word_1_194' title='bbox 771 1053 850 1083; x_wconf 83' lang='lat' dir='ltr'>debet</span> <span class='ocrx_word' id='word_1_195' title='bbox 862 1060 965 1099; x_wconf 81' lang='lat' dir='ltr'>putare,</span> 
     </span>
     <span class='ocr_line' id='line_1_29' title="bbox 222 1093 966 1137; baseline -0.009 -9"><span class='ocrx_word' id='word_1_196' title='bbox 222 1109 303 1137; x_wconf 91' lang='lat' dir='ltr'>quam</span> <span class='ocrx_word' id='word_1_197' title='bbox 323 1098 414 1127; x_wconf 84' lang='lat' dir='ltr'>virum</span> <span class='ocrx_word' id='word_1_198' title='bbox 437 1107 535 1126; x_wconf 88' lang='lat' dir='ltr'>suum:</span> <span class='ocrx_word' id='word_1_199' title='bbox 550 1095 598 1125; x_wconf 90' lang='lat' dir='ltr'>etsi</span> <span class='ocrx_word' id='word_1_200' title='bbox 619 1095 654 1124; x_wconf 90' lang='lat' dir='ltr'>sit</span> <span class='ocrx_word' id='word_1_201' title='bbox 675 1093 743 1123; x_wconf 83' lang='lat' dir='ltr'>alter</span> <span class='ocrx_word' id='word_1_202' title='bbox 760 1094 913 1130; x_wconf 81' lang='lat' dir='ltr'>formosior,</span> <span class='ocrx_word' id='word_1_203' title='bbox 924 1100 966 1122; x_wconf 78' lang='lat' dir='ltr'>ta-</span> 
     </span>
     <span class='ocr_line' id='line_1_30' title="bbox 222 1132 966 1175; baseline -0.008 -8"><span class='ocrx_word' id='word_1_204' title='bbox 222 1148 282 1167; x_wconf 84' lang='lat' dir='ltr'>men</span> <span class='ocrx_word' id='word_1_205' title='bbox 303 1148 392 1167; x_wconf 87' lang='lat' dir='ltr'>coram</span> <span class='ocrx_word' id='word_1_206' title='bbox 417 1136 504 1166; x_wconf 88' lang='lat' dir='ltr'>oculis</span> <span class='ocrx_word' id='word_1_207' title='bbox 525 1136 583 1175; x_wconf 79' lang='lat' dir='ltr'>ejus</span> <span class='ocrx_word' id='word_1_208' title='bbox 604 1135 672 1164; x_wconf 86' lang='lat' dir='ltr'>alter</span> <span class='ocrx_word' id='word_1_209' title='bbox 690 1133 833 1163; x_wconf 85' lang='lat' dir='ltr'>formosior</span> <span class='ocrx_word' id='word_1_210' title='bbox 849 1142 902 1162; x_wconf 94' lang='lat' dir='ltr'>non</span> <span class='ocrx_word' id='word_1_211' title='bbox 919 1132 966 1162; x_wconf 89' lang='lat' dir='ltr'>de-</span> 
     </span>
     <span class='ocr_line' id='line_1_31' title="bbox 222 1172 965 1217; baseline -0.008 -10"><span class='ocrx_word' id='word_1_212' title='bbox 222 1177 267 1207; x_wconf 80' lang='lat' dir='ltr'>het</span> <span class='ocrx_word' id='word_1_213' title='bbox 286 1187 425 1217; x_wconf 86' lang='lat' dir='ltr'>apparere.</span> <span class='ocrx_word' id='word_1_214' title='bbox 446 1175 596 1205; x_wconf 77' lang='lat' dir='ltr'>Perfectum</span> <span class='ocrx_word' id='word_1_215' title='bbox 617 1174 686 1203; x_wconf 86' lang='lat' dir='ltr'>enim</span> <span class='ocrx_word' id='word_1_216' title='bbox 712 1172 823 1209; x_wconf 87' lang='lat' dir='ltr'>odium,</span> <span class='ocrx_word' id='word_1_217' title='bbox 838 1179 865 1202; x_wconf 88' lang='lat' dir='ltr'>et</span> <span class='ocrx_word' id='word_1_218' title='bbox 878 1173 965 1213; x_wconf 82' lang='lat' dir='ltr'>perse-</span> 
     </span>
     <span class='ocr_line' id='line_1_32' title="bbox 223 1213 965 1256; baseline -0.005 -10"><span class='ocrx_word' id='word_1_219' title='bbox 223 1223 281 1246; x_wconf 86' lang='lat' dir='ltr'>ctus</span> <span class='ocrx_word' id='word_1_220' title='bbox 294 1227 368 1246; x_wconf 88' lang='lat' dir='ltr'>amor</span> <span class='ocrx_word' id='word_1_221' title='bbox 378 1215 512 1256; x_wconf 85' lang='lat' dir='ltr'>judicium</span> <span class='ocrx_word' id='word_1_222' title='bbox 526 1225 615 1243; x_wconf 86' lang='lat' dir='ltr'>rerum</span> <span class='ocrx_word' id='word_1_223' title='bbox 627 1224 678 1242; x_wconf 89' lang='lat' dir='ltr'>non</span> <span class='ocrx_word' id='word_1_224' title='bbox 691 1213 835 1252; x_wconf 83' lang='lat' dir='ltr'>cognoscit.</span> <span class='ocrx_word' id='word_1_225' title='bbox 845 1213 948 1252; x_wconf 86' lang='lat' dir='ltr'>Utputa</span> <span class='ocrx_word' id='word_1_226' title='bbox 957 1236 965 1249; x_wconf 87' lang='lat'>,</span> 
     </span>
     <span class='ocr_line' id='line_1_33' title="bbox 224 1252 967 1296; baseline -0.004 -11"><span class='ocrx_word' id='word_1_227' title='bbox 224 1257 247 1285; x_wconf 87' lang='lat' dir='ltr'>si</span> <span class='ocrx_word' id='word_1_228' title='bbox 265 1256 378 1296; x_wconf 84' lang='lat' dir='ltr'>perfecte</span> <span class='ocrx_word' id='word_1_229' title='bbox 396 1255 471 1284; x_wconf 88' lang='lat' dir='ltr'>odias</span> <span class='ocrx_word' id='word_1_230' title='bbox 491 1254 607 1292; x_wconf 83' lang='lat' dir='ltr'>aliquem</span> <span class='ocrx_word' id='word_1_231' title='bbox 618 1276 625 1289; x_wconf 89' lang='lat'>,</span> <span class='ocrx_word' id='word_1_232' title='bbox 641 1253 846 1291; x_wconf 79' lang='lat' dir='ltr'>qualiacumque</span> <span class='ocrx_word' id='word_1_233' title='bbox 868 1252 967 1282; x_wconf 81' lang='lat' dir='ltr'>fuerint</span> 
     </span>
     <span class='ocr_line' id='line_1_34' title="bbox 224 1291 966 1335; baseline -0.005 -11"><span class='ocrx_word' id='word_1_234' title='bbox 224 1295 299 1335; x_wconf 86' lang='lat' dir='ltr'>apud</span> <span class='ocrx_word' id='word_1_235' title='bbox 311 1295 402 1330; x_wconf 89' lang='lat' dir='ltr'>illum,</span> <span class='ocrx_word' id='word_1_236' title='bbox 417 1293 507 1323; x_wconf 87' lang='lat' dir='ltr'>omnia</span> <span class='ocrx_word' id='word_1_237' title='bbox 519 1293 569 1322; x_wconf 90' lang='lat' dir='ltr'>tibi</span> <span class='ocrx_word' id='word_1_238' title='bbox 582 1292 725 1331; x_wconf 83' lang='lat' dir='ltr'>displicent</span> <span class='ocrx_word' id='word_1_239' title='bbox 738 1291 796 1321; x_wconf 88' lang='lat' dir='ltr'>sive</span> <span class='ocrx_word' id='word_1_240' title='bbox 815 1302 875 1330; x_wconf 83' lang='lat' dir='ltr'>quae</span> <span class='ocrx_word' id='word_1_241' title='bbox 888 1291 966 1327; x_wconf 89' lang='lat' dir='ltr'>dicit,</span> 
     </span>
     <span class='ocr_line' id='line_1_35' title="bbox 224 1331 967 1373; baseline -0.007 -9"><span class='ocrx_word' id='word_1_242' title='bbox 224 1336 282 1365; x_wconf 78' lang='lat' dir='ltr'>sive</span> <span class='ocrx_word' id='word_1_243' title='bbox 301 1344 360 1373; x_wconf 87' lang='lat' dir='ltr'>quae</span> <span class='ocrx_word' id='word_1_244' title='bbox 379 1333 457 1373; x_wconf 82' lang='lat' dir='ltr'>agit:</span> <span class='ocrx_word' id='word_1_245' title='bbox 473 1332 522 1361; x_wconf 90' lang='lat' dir='ltr'>etsi</span> <span class='ocrx_word' id='word_1_246' title='bbox 541 1341 602 1361; x_wconf 89' lang='lat' dir='ltr'>vere</span> <span class='ocrx_word' id='word_1_247' title='bbox 619 1332 689 1361; x_wconf 87' lang='lat' dir='ltr'>bona</span> <span class='ocrx_word' id='word_1_248' title='bbox 711 1337 791 1366; x_wconf 88' lang='lat' dir='ltr'>sunt,</span> <span class='ocrx_word' id='word_1_249' title='bbox 806 1337 894 1360; x_wconf 84' lang='lat' dir='ltr'>tamen</span> <span class='ocrx_word' id='word_1_250' title='bbox 916 1331 967 1360; x_wconf 85' lang='lat' dir='ltr'>tibi</span> 
     </span>
     <span class='ocr_line' id='line_1_36' title="bbox 224 1369 966 1411; baseline -0.005 -8"><span class='ocrx_word' id='word_1_251' title='bbox 224 1374 295 1403; x_wconf 82' lang='lat' dir='ltr'>mala</span> <span class='ocrx_word' id='word_1_252' title='bbox 315 1373 451 1404; x_wconf 81' lang='lat' dir='ltr'>videntur.</span> <span class='ocrx_word' id='word_1_253' title='bbox 474 1372 519 1402; x_wconf 83' lang='lat' dir='ltr'>sic</span> <span class='ocrx_word' id='word_1_254' title='bbox 539 1371 588 1400; x_wconf 90' lang='lat' dir='ltr'>etsi</span> <span class='ocrx_word' id='word_1_255' title='bbox 608 1371 722 1411; x_wconf 82' lang='lat' dir='ltr'>perfecte</span> <span class='ocrx_word' id='word_1_256' title='bbox 739 1369 858 1408; x_wconf 81' lang='lat' dir='ltr'>aliquem</span> <span class='ocrx_word' id='word_1_257' title='bbox 878 1380 966 1407; x_wconf 85' lang='lat' dir='ltr'>amas,</span> 
     </span>
     <span class='ocr_line' id='line_1_37' title="bbox 224 1409 967 1453; baseline -0.005 -10"><span class='ocrx_word' id='word_1_258' title='bbox 224 1420 400 1453; x_wconf 59' lang='lat' dir='ltr'>quincumque</span> <span class='ocrx_word' id='word_1_259' title='bbox 411 1418 474 1441; x_wconf 88' lang='lat' dir='ltr'>sunt</span> <span class='ocrx_word' id='word_1_260' title='bbox 481 1410 555 1451; x_wconf 87' lang='lat' dir='ltr'>apud</span> <span class='ocrx_word' id='word_1_261' title='bbox 563 1417 636 1447; x_wconf 79' lang='lat' dir='ltr'>eum,</span> <span class='ocrx_word' id='word_1_262' title='bbox 645 1410 749 1450; x_wconf 79' lang='lat' dir='ltr'>placent</span> <span class='ocrx_word' id='word_1_263' title='bbox 761 1409 823 1445; x_wconf 89' lang='lat' dir='ltr'>tibi,</span> <span class='ocrx_word' id='word_1_264' title='bbox 839 1409 896 1438; x_wconf 88' lang='lat' dir='ltr'>sive</span> <span class='ocrx_word' id='word_1_265' title='bbox 908 1420 967 1448; x_wconf 88' lang='lat' dir='ltr'>quae</span> 
     </span>
     <span class='ocr_line' id='line_1_38' title="bbox 224 1449 968 1492; baseline -0.004 -10"><span class='ocrx_word' id='word_1_266' title='bbox 224 1453 356 1492; x_wconf 89' lang='lat' dir='ltr'>loquitur,</span> <span class='ocrx_word' id='word_1_267' title='bbox 370 1453 429 1482; x_wconf 88' lang='lat' dir='ltr'>sive</span> <span class='ocrx_word' id='word_1_268' title='bbox 449 1461 508 1490; x_wconf 85' lang='lat' dir='ltr'>quae</span> <span class='ocrx_word' id='word_1_269' title='bbox 527 1461 542 1479; x_wconf 94' lang='lat' dir='ltr'>a</span> <span class='ocrx_word' id='word_1_270' title='bbox 562 1449 582 1479; x_wconf 90' lang='lat' dir='ltr'>it</span> <span class='ocrx_word' id='word_1_271' title='bbox 601 1462 609 1479; x_wconf 89' lang='lat'><strong>:</strong></span> <span class='ocrx_word' id='word_1_272' title='bbox 626 1449 674 1479; x_wconf 88' lang='lat' dir='ltr'>etsi</span> <span class='ocrx_word' id='word_1_273' title='bbox 696 1449 767 1478; x_wconf 89' lang='lat' dir='ltr'>mala</span> <span class='ocrx_word' id='word_1_274' title='bbox 786 1455 858 1484; x_wconf 87' lang='lat' dir='ltr'>sunt,</span> <span class='ocrx_word' id='word_1_275' title='bbox 880 1456 968 1479; x_wconf 86' lang='lat' dir='ltr'>tamen</span> 
     </span>
     <span class='ocr_line' id='line_1_39' title="bbox 224 1460 967 1529; baseline -0.005 -7"><span class='ocrx_word' id='word_1_276' title='bbox 224 1493 274 1522; x_wconf 89' lang='lat' dir='ltr'>tibi</span> <span class='ocrx_word' id='word_1_277' title='bbox 295 1492 366 1521; x_wconf 88' lang='lat' dir='ltr'>bona</span> <span class='ocrx_word' id='word_1_278' title='bbox 385 1490 518 1521; x_wconf 87' lang='lat' dir='ltr'>videntur.</span> <span class='ocrx_word' id='word_1_279' title='bbox 532 1460 606 1529; x_wconf 57' lang='grc' dir='ltr'>[ἕπεο</span> <span class='ocrx_word' id='word_1_280' title='bbox 620 1496 646 1518; x_wconf 87' lang='grc' dir='ltr'>ει</span> <span class='ocrx_word' id='word_1_281' title='bbox 667 1497 746 1524; x_wconf 85' lang='lat' dir='ltr'>uxor,</span> <span class='ocrx_word' id='word_1_282' title='bbox 765 1488 789 1517; x_wconf 92' lang='lat' dir='ltr'>si</span> <span class='ocrx_word' id='word_1_283' title='bbox 807 1487 902 1518; x_wconf 82' lang='lat' dir='ltr'>videns</span> <span class='ocrx_word' id='word_1_284' title='bbox 915 1489 967 1518; x_wconf 91' lang='lat' dir='ltr'>ali-</span> 
     </span>
     <span class='ocr_line' id='line_1_40' title="bbox 225 1527 968 1571; baseline -0.005 -9"><span class='ocrx_word' id='word_1_285' title='bbox 225 1542 305 1571; x_wconf 89' lang='lat' dir='ltr'>quem</span> <span class='ocrx_word' id='word_1_286' title='bbox 318 1531 429 1567; x_wconf 78' lang='lat' dir='ltr'>dixerit,</span> <span class='ocrx_word' id='word_1_287' title='bbox 444 1531 533 1567; x_wconf 82' lang='lat' dir='ltr'>Quam</span> <span class='ocrx_word' id='word_1_288' title='bbox 546 1529 651 1568; x_wconf 89' lang='lat' dir='ltr'>sapiens</span> <span class='ocrx_word' id='word_1_289' title='bbox 664 1528 717 1564; x_wconf 85' lang='lat' dir='ltr'>vir,</span> <span class='ocrx_word' id='word_1_290' title='bbox 727 1527 830 1557; x_wconf 91' lang='lat' dir='ltr'>utinam</span> <span class='ocrx_word' id='word_1_291' title='bbox 839 1527 882 1557; x_wconf 86' lang='lat' dir='ltr'>vir</span> <span class='ocrx_word' id='word_1_292' title='bbox 893 1537 968 1558; x_wconf 87' lang='lat' dir='ltr'>meus</span> 
     </span>
     <span class='ocr_line' id='line_1_41' title="bbox 225 1566 968 1610; baseline -0.005 -9"><span class='ocrx_word' id='word_1_293' title='bbox 225 1572 286 1601; x_wconf 83' lang='lat' dir='ltr'>talis</span> <span class='ocrx_word' id='word_1_294' title='bbox 298 1577 375 1607; x_wconf 87' lang='lat' dir='ltr'>esset,</span> <span class='ocrx_word' id='word_1_295' title='bbox 385 1570 442 1610; x_wconf 85' lang='lat' dir='ltr'>jam</span> <span class='ocrx_word' id='word_1_296' title='bbox 454 1579 529 1598; x_wconf 88' lang='lat' dir='ltr'>amor</span> <span class='ocrx_word' id='word_1_297' title='bbox 539 1569 597 1608; x_wconf 90' lang='lat' dir='ltr'>ejus</span> <span class='ocrx_word' id='word_1_298' title='bbox 610 1568 699 1597; x_wconf 86' lang='lat' dir='ltr'>minus</span> <span class='ocrx_word' id='word_1_299' title='bbox 712 1567 793 1596; x_wconf 86' lang='lat' dir='ltr'>habet</span> <span class='ocrx_word' id='word_1_300' title='bbox 806 1566 840 1596; x_wconf 90' lang='lat' dir='ltr'>de</span> <span class='ocrx_word' id='word_1_301' title='bbox 853 1567 968 1607; x_wconf 84' lang='lat' dir='ltr'>perfecto</span> 
     </span>
     <span class='ocr_line' id='line_1_42' title="bbox 225 1606 968 1650; baseline -0.007 -9"><span class='ocrx_word' id='word_1_302' title='bbox 225 1618 314 1641; x_wconf 83' lang='lat' dir='ltr'>amore</span> <span class='ocrx_word' id='word_1_303' title='bbox 328 1623 334 1639; x_wconf 91' lang='lat'>:</span> <span class='ocrx_word' id='word_1_304' title='bbox 348 1618 374 1640; x_wconf 90' lang='lat' dir='ltr'>et</span> <span class='ocrx_word' id='word_1_305' title='bbox 386 1620 435 1650; x_wconf 88' lang='lat' dir='ltr'>pro</span> <span class='ocrx_word' id='word_1_306' title='bbox 455 1614 554 1648; x_wconf 83' lang='lat' dir='ltr'>quanta</span> <span class='ocrx_word' id='word_1_307' title='bbox 569 1614 644 1648; x_wconf 87' lang='lat' dir='ltr'>parte</span> <span class='ocrx_word' id='word_1_308' title='bbox 657 1606 774 1646; x_wconf 87' lang='lat' dir='ltr'>amplius</span> <span class='ocrx_word' id='word_1_309' title='bbox 787 1606 891 1645; x_wconf 85' lang='lat' dir='ltr'>aliquid</span> <span class='ocrx_word' id='word_1_310' title='bbox 905 1607 968 1637; x_wconf 82' lang='lat' dir='ltr'>lau·</span> 
     </span>
     <span class='ocr_line' id='line_1_43' title="bbox 225 1646 968 1687; baseline -0.007 -7"><span class='ocrx_word' id='word_1_311' title='bbox 225 1651 329 1681; x_wconf 84' lang='lat' dir='ltr'>daverit</span> <span class='ocrx_word' id='word_1_312' title='bbox 344 1650 372 1679; x_wconf 90' lang='lat' dir='ltr'>in</span> <span class='ocrx_word' id='word_1_313' title='bbox 387 1650 470 1678; x_wconf 81' lang='lat' dir='ltr'>altero·</span> <span class='ocrx_word' id='word_1_314' title='bbox 483 1648 553 1684; x_wconf 79' lang='lat' dir='ltr'>viro,</span> <span class='ocrx_word' id='word_1_315' title='bbox 565 1658 647 1687; x_wconf 87' lang='lat' dir='ltr'>quam</span> <span class='ocrx_word' id='word_1_316' title='bbox 657 1647 685 1676; x_wconf 92' lang='lat' dir='ltr'>in</span> <span class='ocrx_word' id='word_1_317' title='bbox 699 1657 760 1683; x_wconf 84' lang='lat' dir='ltr'>suo,</span> <span class='ocrx_word' id='word_1_318' title='bbox 773 1652 845 1675; x_wconf 82' lang='lat' dir='ltr'>tanto</span> <span class='ocrx_word' id='word_1_319' title='bbox 859 1646 968 1676; x_wconf 83' lang='lat' dir='ltr'>dilectio</span> 
     </span>
     <span class='ocr_line' id='line_1_44' title="bbox 225 1686 967 1732; baseline -0.005 -12"><span class='ocrx_word' id='word_1_320' title='bbox 225 1692 283 1732; x_wconf 84' lang='lat' dir='ltr'>ejus</span> <span class='ocrx_word' id='word_1_321' title='bbox 296 1690 383 1719; x_wconf 85' lang='lat' dir='ltr'>minor</span> <span class='ocrx_word' id='word_1_322' title='bbox 394 1688 478 1718; x_wconf 76' lang='lat' dir='ltr'>estad</span> <span class='ocrx_word' id='word_1_323' title='bbox 491 1687 581 1718; x_wconf 77' lang='lat' dir='ltr'>virum</span> <span class='ocrx_word' id='word_1_324' title='bbox 600 1692 691 1716; x_wconf 82' lang='lat' dir='ltr'>suum.</span> <span class='ocrx_word' id='word_1_325' title='bbox 707 1686 751 1716; x_wconf 91' lang='lat' dir='ltr'>Sic</span> <span class='ocrx_word' id='word_1_326' title='bbox 765 1695 828 1725; x_wconf 83' lang='lat' dir='ltr'>ergo</span> <span class='ocrx_word' id='word_1_327' title='bbox 842 1692 868 1715; x_wconf 87' lang='lat' dir='ltr'>et</span> <span class='ocrx_word' id='word_1_328' title='bbox 881 1687 967 1716; x_wconf 92' lang='lat' dir='ltr'>omnis</span> 
     </span>
     <span class='ocr_line' id='line_1_45' title="bbox 225 1725 967 1766; baseline -0.005 -6"><span class='ocrx_word' id='word_1_329' title='bbox 225 1731 314 1759; x_wconf 81' lang='lat' dir='ltr'>anima</span> <span class='ocrx_word' id='word_1_330' title='bbox 327 1729 493 1765; x_wconf 86' lang='lat' dir='ltr'>Christiana,</span> <span class='ocrx_word' id='word_1_331' title='bbox 508 1734 567 1766; x_wconf 83' lang='lat' dir='ltr'>quae</span> <span class='ocrx_word' id='word_1_332' title='bbox 587 1737 682 1766; x_wconf 87' lang='lat' dir='ltr'>sponsa</span> <span class='ocrx_word' id='word_1_333' title='bbox 696 1733 734 1755; x_wconf 88' lang='lat' dir='ltr'>est</span> <span class='ocrx_word' id='word_1_334' title='bbox 747 1725 858 1762; x_wconf 89' lang='lat' dir='ltr'>Christi,</span> <span class='ocrx_word' id='word_1_335' title='bbox 873 1726 910 1755; x_wconf 86' lang='lat' dir='ltr'>ita</span> <span class='ocrx_word' id='word_1_336' title='bbox 924 1726 967 1756; x_wconf 91' lang='lat' dir='ltr'>di-</span> 
     </span>
     <span class='ocr_line' id='line_1_46' title="bbox 226 1765 967 1810; baseline -0.005 -10"><span class='ocrx_word' id='word_1_337' title='bbox 226 1771 308 1810; x_wconf 84' lang='lat' dir='ltr'>ligere</span> <span class='ocrx_word' id='word_1_338' title='bbox 324 1770 403 1799; x_wconf 86' lang='lat' dir='ltr'>debet</span> <span class='ocrx_word' id='word_1_339' title='bbox 420 1769 523 1804; x_wconf 89' lang='lat' dir='ltr'>Deum,</span> <span class='ocrx_word' id='word_1_340' title='bbox 539 1774 567 1796; x_wconf 94' lang='lat' dir='ltr'>ut</span> <span class='ocrx_word' id='word_1_341' title='bbox 581 1766 650 1795; x_wconf 92' lang='lat' dir='ltr'>nihil</span> <span class='ocrx_word' id='word_1_342' title='bbox 666 1766 700 1795; x_wconf 90' lang='lat' dir='ltr'>sit</span> <span class='ocrx_word' id='word_1_343' title='bbox 713 1765 740 1794; x_wconf 91' lang='lat' dir='ltr'>in</span> <span class='ocrx_word' id='word_1_344' title='bbox 761 1765 879 1802; x_wconf 90' lang='lat' dir='ltr'>mundo,</span> <span class='ocrx_word' id='word_1_345' title='bbox 893 1766 967 1804; x_wconf 91' lang='lat' dir='ltr'>quod</span> 
     </span>
     <span class='ocr_line' id='line_1_47' title="bbox 225 1806 968 1850; baseline -0.007 -10"><span class='ocrx_word' id='word_1_346' title='bbox 225 1809 342 1850; x_wconf 81' lang='lat' dir='ltr'>amplius</span> <span class='ocrx_word' id='word_1_347' title='bbox 354 1815 424 1838; x_wconf 89' lang='lat' dir='ltr'>amet</span> <span class='ocrx_word' id='word_1_348' title='bbox 432 1818 512 1847; x_wconf 89' lang='lat' dir='ltr'>quam</span> <span class='ocrx_word' id='word_1_349' title='bbox 521 1817 593 1842; x_wconf 89' lang='lat' dir='ltr'>eum,</span> <span class='ocrx_word' id='word_1_350' title='bbox 602 1806 684 1835; x_wconf 81' lang='lat' dir='ltr'>autin</span> <span class='ocrx_word' id='word_1_351' title='bbox 694 1812 806 1835; x_wconf 86' lang='lat' dir='ltr'>tantum.</span> <span class='ocrx_word' id='word_1_352' title='bbox 821 1807 872 1835; x_wconf 87' lang='lat' dir='ltr'>Pro</span> <span class='ocrx_word' id='word_1_353' title='bbox 883 1816 968 1844; x_wconf 84' lang='lat' dir='ltr'>quan-</span> 
     </span>
     <span class='ocr_line' id='line_1_48' title="bbox 224 1845 965 1888; baseline -0.004 -9"><span class='ocrx_word' id='word_1_354' title='bbox 224 1857 250 1879; x_wconf 92' lang='lat' dir='ltr'>ta</span> <span class='ocrx_word' id='word_1_355' title='bbox 265 1856 354 1879; x_wconf 85' lang='lat' dir='ltr'>autem</span> <span class='ocrx_word' id='word_1_356' title='bbox 373 1854 449 1888; x_wconf 87' lang='lat' dir='ltr'>parte</span> <span class='ocrx_word' id='word_1_357' title='bbox 466 1847 529 1887; x_wconf 85' lang='lat' dir='ltr'>plus</span> <span class='ocrx_word' id='word_1_358' title='bbox 552 1845 656 1884; x_wconf 87' lang='lat' dir='ltr'>aliquid</span> <span class='ocrx_word' id='word_1_359' title='bbox 679 1845 818 1880; x_wconf 85' lang='lat' dir='ltr'>amaverit,</span> <span class='ocrx_word' id='word_1_360' title='bbox 830 1855 880 1885; x_wconf 91' lang='lat' dir='ltr'>pro</span> <span class='ocrx_word' id='word_1_361' title='bbox 894 1851 965 1876; x_wconf 89' lang='lat' dir='ltr'>tanta</span> 
     </span>
    </p>

    <p class='ocr_par' dir='ltr' id='par_1_7' title="bbox 220 1884 965 2156">
     <span class='ocr_line' id='line_1_49' title="bbox 246 1884 964 1922; baseline -0.008 -3"><span class='ocrx_word' id='word_1_362' title='bbox 246 1896 300 1919; x_wconf 87' lang='lat' dir='ltr'>arte</span> <span class='ocrx_word' id='word_1_363' title='bbox 314 1889 404 1918; x_wconf 89' lang='lat' dir='ltr'>minus</span> <span class='ocrx_word' id='word_1_364' title='bbox 418 1893 489 1916; x_wconf 85' lang='lat' dir='ltr'>amat</span> <span class='ocrx_word' id='word_1_365' title='bbox 506 1887 604 1915; x_wconf 85' lang='lat' dir='ltr'>Deum.</span> <span class='ocrx_word' id='word_1_366' title='bbox 620 1885 694 1922; x_wconf 89' lang='lat' dir='ltr'>Quid</span> <span class='ocrx_word' id='word_1_367' title='bbox 706 1892 760 1921; x_wconf 88' lang='lat' dir='ltr'>est,</span> <span class='ocrx_word' id='word_1_368' title='bbox 772 1884 799 1913; x_wconf 87' lang='lat' dir='ltr'>in</span> <span class='ocrx_word' id='word_1_369' title='bbox 809 1891 863 1914; x_wconf 83' lang='lat' dir='ltr'>tota</span> <span class='ocrx_word' id='word_1_370' title='bbox 876 1884 964 1916; x_wconf 80' lang='lat' dir='ltr'>anima</span> 
     </span>
     <span class='ocr_line' id='line_1_50' title="bbox 223 1900 964 1968; baseline -0.008 -10"><span class='ocrx_word' id='word_1_371' title='bbox 223 1900 336 1968; x_wconf 60' lang='lat' dir='ltr'>diligere</span> <span class='ocrx_word' id='word_1_372' title='bbox 349 1927 457 1957; x_wconf 81' lang='lat' dir='ltr'>Deum?</span> <span class='ocrx_word' id='word_1_373' title='bbox 466 1926 499 1956; x_wconf 87' lang='lat' dir='ltr'>Id</span> <span class='ocrx_word' id='word_1_374' title='bbox 512 1932 551 1955; x_wconf 89' lang='lat' dir='ltr'>est</span> <span class='ocrx_word' id='word_1_375' title='bbox 561 1948 568 1962; x_wconf 96' lang='lat'>,</span> <span class='ocrx_word' id='word_1_376' title='bbox 584 1924 762 1954; x_wconf 88' lang='lat' dir='ltr'>certissimum</span> <span class='ocrx_word' id='word_1_377' title='bbox 779 1924 899 1953; x_wconf 90' lang='lat' dir='ltr'>animum</span> <span class='ocrx_word' id='word_1_378' title='bbox 916 1925 964 1954; x_wconf 84' lang='lat' dir='ltr'>ha-</span> 
     </span>
     <span class='ocr_line' id='line_1_51' title="bbox 223 1963 964 2000; baseline -0.004 -2"><span class='ocrx_word' id='word_1_379' title='bbox 223 1969 286 1998; x_wconf 88' lang='lat' dir='ltr'>bere</span> <span class='ocrx_word' id='word_1_380' title='bbox 299 1970 327 1997; x_wconf 95' lang='lat' dir='ltr'>in</span> <span class='ocrx_word' id='word_1_381' title='bbox 342 1968 462 2000; x_wconf 84' lang='lat' dir='ltr'>veritate,</span> <span class='ocrx_word' id='word_1_382' title='bbox 477 1973 503 1995; x_wconf 90' lang='lat' dir='ltr'>et</span> <span class='ocrx_word' id='word_1_383' title='bbox 517 1965 627 1994; x_wconf 86' lang='lat' dir='ltr'>firmum</span> <span class='ocrx_word' id='word_1_384' title='bbox 640 1975 695 1993; x_wconf 85' lang='lat' dir='ltr'>esse</span> <span class='ocrx_word' id='word_1_385' title='bbox 710 1964 737 1993; x_wconf 88' lang='lat' dir='ltr'>in</span> <span class='ocrx_word' id='word_1_386' title='bbox 751 1963 815 1993; x_wconf 82' lang='lat' dir='ltr'>fide.</span> <span class='ocrx_word' id='word_1_387' title='bbox 830 1964 910 1993; x_wconf 90' lang='lat' dir='ltr'>Alius</span> <span class='ocrx_word' id='word_1_388' title='bbox 925 1972 964 1995; x_wconf 85' lang='lat' dir='ltr'>est</span> 
     </span>
     <span class='ocr_line' id='line_1_52' title="bbox 222 2003 965 2040; baseline -0.004 -3"><span class='ocrx_word' id='word_1_389' title='bbox 222 2008 294 2038; x_wconf 82' lang='lat' dir='ltr'>enim</span> <span class='ocrx_word' id='word_1_390' title='bbox 308 2018 383 2036; x_wconf 87' lang='lat' dir='ltr'>amor</span> <span class='ocrx_word' id='word_1_391' title='bbox 396 2005 496 2040; x_wconf 82' lang='lat' dir='ltr'>cordis,</span> <span class='ocrx_word' id='word_1_392' title='bbox 506 2011 531 2035; x_wconf 91' lang='lat' dir='ltr'>et</span> <span class='ocrx_word' id='word_1_393' title='bbox 543 2004 615 2034; x_wconf 90' lang='lat' dir='ltr'>alius</span> <span class='ocrx_word' id='word_1_394' title='bbox 628 2011 667 2033; x_wconf 86' lang='lat' dir='ltr'>est</span> <span class='ocrx_word' id='word_1_395' title='bbox 677 2012 751 2033; x_wconf 85' lang='lat' dir='ltr'>amor</span> <span class='ocrx_word' id='word_1_396' title='bbox 762 2003 868 2032; x_wconf 80' lang='lat' dir='ltr'>animae.</span> <span class='ocrx_word' id='word_1_397' title='bbox 881 2007 965 2034; x_wconf 85' lang='lat' dir='ltr'>Amor</span> 
     </span>
     <span class='ocr_line' id='line_1_53' title="bbox 221 2043 963 2086; baseline -0.005 -9"><span class='ocrx_word' id='word_1_398' title='bbox 221 2047 310 2077; x_wconf 88' lang='lat' dir='ltr'>cordis</span> <span class='ocrx_word' id='word_1_399' title='bbox 323 2045 520 2086; x_wconf 85' lang='lat' dir='ltr'>quodammodo</span> <span class='ocrx_word' id='word_1_400' title='bbox 530 2044 644 2074; x_wconf 81' lang='lat' dir='ltr'>carnalis</span> <span class='ocrx_word' id='word_1_401' title='bbox 657 2050 705 2080; x_wconf 80' lang='lat' dir='ltr'>est,</span> <span class='ocrx_word' id='word_1_402' title='bbox 717 2050 745 2072; x_wconf 83' lang='lat' dir='ltr'>ut</span> <span class='ocrx_word' id='word_1_403' title='bbox 757 2043 837 2072; x_wconf 90' lang='lat' dir='ltr'>etiam</span> <span class='ocrx_word' id='word_1_404' title='bbox 850 2044 963 2073; x_wconf 82' lang='lat' dir='ltr'>carnali-</span> 
     </span>
     <span class='ocr_line' id='line_1_54' title="bbox 221 2083 963 2123; baseline -0.007 -6"><span class='ocrx_word' id='word_1_405' title='bbox 221 2094 262 2117; x_wconf 88' lang='lat' dir='ltr'>ter</span> <span class='ocrx_word' id='word_1_406' title='bbox 269 2088 355 2116; x_wconf 88' lang='lat' dir='ltr'>Deum</span> <span class='ocrx_word' id='word_1_407' title='bbox 366 2095 485 2114; x_wconf 82' lang='lat' dir='ltr'>amemus</span> <span class='ocrx_word' id='word_1_408' title='bbox 495 2097 501 2113; x_wconf 91' lang='lat'>:</span> <span class='ocrx_word' id='word_1_409' title='bbox 515 2083 588 2123; x_wconf 86' lang='lat' dir='ltr'>quod</span> <span class='ocrx_word' id='word_1_410' title='bbox 598 2083 682 2112; x_wconf 81' lang='lat' dir='ltr'>facere</span> <span class='ocrx_word' id='word_1_411' title='bbox 690 2092 741 2112; x_wconf 88' lang='lat' dir='ltr'>non</span> <span class='ocrx_word' id='word_1_412' title='bbox 751 2091 902 2123; x_wconf 81' lang='lat' dir='ltr'>possumus,</span> <span class='ocrx_word' id='word_1_413' title='bbox 911 2083 963 2113; x_wconf 85' lang='lat' dir='ltr'>nisi</span> 
     </span>
     <span class='ocr_line' id='line_1_55' title="bbox 220 2122 964 2156; baseline -0.005 0"><span class='ocrx_word' id='word_1_414' title='bbox 220 2125 407 2156; x_wconf 75' lang='lat' dir='ltr'>recesserimus</span> <span class='ocrx_word' id='word_1_415' title='bbox 424 2125 458 2153; x_wconf 89' lang='lat' dir='ltr'>ab</span> <span class='ocrx_word' id='word_1_416' title='bbox 475 2131 564 2153; x_wconf 84' lang='lat' dir='ltr'>amore</span> <span class='ocrx_word' id='word_1_417' title='bbox 577 2122 756 2152; x_wconf 77' lang='lat' dir='ltr'>mundialium</span> <span class='ocrx_word' id='word_1_418' title='bbox 770 2130 871 2152; x_wconf 80' lang='lat' dir='ltr'>rerum.</span> <span class='ocrx_word' id='word_1_419' title='bbox 887 2122 964 2153; x_wconf 90' lang='lat' dir='ltr'>Sicut</span> 
     </span>
    </p>
   </div>
   <div class='ocr_carea' id='block_1_7' title="bbox 196 2162 961 2203">
    <p class='ocr_par' dir='ltr' id='par_1_8' title="bbox 196 2162 961 2203">
     <span class='ocr_line' id='line_1_56' title="bbox 196 2162 961 2203; baseline -0.008 -7"><span class='ocrx_word' id='word_1_420' title='bbox 196 2191 201 2197; x_wconf 87' lang='lat'>.</span> <span class='ocrx_word' id='word_1_421' title='bbox 220 2167 292 2196; x_wconf 81' lang='lat' dir='ltr'>enim</span> <span class='ocrx_word' id='word_1_422' title='bbox 306 2172 377 2195; x_wconf 87' lang='lat' dir='ltr'>casta</span> <span class='ocrx_word' id='word_1_423' title='bbox 391 2164 498 2201; x_wconf 83' lang='lat' dir='ltr'>mulier,</span> <span class='ocrx_word' id='word_1_424' title='bbox 513 2174 573 2203; x_wconf 72' lang='lat' dir='ltr'>qum</span> <span class='ocrx_word' id='word_1_425' title='bbox 590 2163 679 2192; x_wconf 84' lang='lat' dir='ltr'>virum</span> <span class='ocrx_word' id='word_1_426' title='bbox 700 2173 780 2191; x_wconf 90' lang='lat' dir='ltr'>suum</span> <span class='ocrx_word' id='word_1_427' title='bbox 798 2168 883 2198; x_wconf 85' lang='lat' dir='ltr'>amat,</span> <span class='ocrx_word' id='word_1_428' title='bbox 898 2162 961 2190; x_wconf 93' lang='lat' dir='ltr'>nul-</span> 
     </span>
    </p>
   </div>
   <div class='ocr_carea' id='block_1_8' title="bbox 216 2201 962 2639">
    <p class='ocr_par' dir='ltr' id='par_1_9' title="bbox 216 2201 962 2639">
     <span class='ocr_line' id='line_1_57' title="bbox 220 2201 962 2241; baseline -0.008 -6"><span class='ocrx_word' id='word_1_429' title='bbox 220 2206 278 2235; x_wconf 90' lang='lat' dir='ltr'>lum</span> <span class='ocrx_word' id='word_1_430' title='bbox 291 2212 361 2234; x_wconf 87' lang='lat' dir='ltr'>amat</span> <span class='ocrx_word' id='word_1_431' title='bbox 374 2204 457 2233; x_wconf 90' lang='lat' dir='ltr'>alium</span> <span class='ocrx_word' id='word_1_432' title='bbox 468 2215 476 2240; x_wconf 75' lang='lat'>3</span> <span class='ocrx_word' id='word_1_433' title='bbox 490 2204 513 2233; x_wconf 91' lang='lat' dir='ltr'>si</span> <span class='ocrx_word' id='word_1_434' title='bbox 527 2210 615 2232; x_wconf 90' lang='lat' dir='ltr'>autem</span> <span class='ocrx_word' id='word_1_435' title='bbox 628 2202 743 2231; x_wconf 83' lang='lat' dir='ltr'>alterum</span> <span class='ocrx_word' id='word_1_436' title='bbox 757 2201 896 2237; x_wconf 82' lang='lat' dir='ltr'>amaverit,</span> <span class='ocrx_word' id='word_1_437' title='bbox 904 2202 962 2241; x_wconf 87' lang='lat' dir='ltr'>jam</span> 
     </span>
     <span class='ocr_line' id='line_1_58' title="bbox 220 2240 961 2276; baseline -0.005 -2"><span class='ocrx_word' id='word_1_438' title='bbox 220 2255 272 2274; x_wconf 91' lang='lat' dir='ltr'>non</span> <span class='ocrx_word' id='word_1_439' title='bbox 296 2251 367 2274; x_wconf 80' lang='lat' dir='ltr'>amat</span> <span class='ocrx_word' id='word_1_440' title='bbox 387 2244 477 2274; x_wconf 89' lang='lat' dir='ltr'>virum</span> <span class='ocrx_word' id='word_1_441' title='bbox 498 2253 597 2272; x_wconf 86' lang='lat' dir='ltr'>suum:</span> <span class='ocrx_word' id='word_1_442' title='bbox 612 2242 648 2271; x_wconf 86' lang='lat' dir='ltr'>ita</span> <span class='ocrx_word' id='word_1_443' title='bbox 670 2249 696 2271; x_wconf 88' lang='lat' dir='ltr'>et</span> <span class='ocrx_word' id='word_1_444' title='bbox 711 2242 792 2275; x_wconf 87' lang='lat' dir='ltr'>homo</span> <span class='ocrx_word' id='word_1_445' title='bbox 804 2263 812 2276; x_wconf 96' lang='lat'>‚</span> <span class='ocrx_word' id='word_1_446' title='bbox 827 2240 851 2269; x_wconf 93' lang='lat' dir='ltr'>si</span> <span class='ocrx_word' id='word_1_447' title='bbox 873 2241 961 2270; x_wconf 89' lang='lat' dir='ltr'>Deum</span> 
     </span>
     <span class='ocr_line' id='line_1_59' title="bbox 220 2279 960 2321; baseline -0.009 -7"><span class='ocrx_word' id='word_1_448' title='bbox 220 2283 440 2321; x_wconf 84' lang='lat' dir='ltr'>amat,mundum</span> <span class='ocrx_word' id='word_1_449' title='bbox 454 2293 506 2312; x_wconf 93' lang='lat' dir='ltr'>non</span> <span class='ocrx_word' id='word_1_450' title='bbox 519 2282 629 2319; x_wconf 83' lang='lat' dir='ltr'>amat;si</span> <span class='ocrx_word' id='word_1_451' title='bbox 641 2289 731 2310; x_wconf 87' lang='lat' dir='ltr'>autem</span> <span class='ocrx_word' id='word_1_452' title='bbox 744 2279 877 2309; x_wconf 85' lang='lat' dir='ltr'>mundum</span> <span class='ocrx_word' id='word_1_453' title='bbox 887 2290 960 2308; x_wconf 91' lang='lat' dir='ltr'>ama-</span> 
     </span>
     <span class='ocr_line' id='line_1_60' title="bbox 219 2321 959 2364; baseline -0.008 -11"><span class='ocrx_word' id='word_1_454' title='bbox 219 2324 300 2361; x_wconf 82' lang='lat' dir='ltr'>verit,</span> <span class='ocrx_word' id='word_1_455' title='bbox 305 2325 360 2364; x_wconf 87' lang='lat' dir='ltr'>jam</span> <span class='ocrx_word' id='word_1_456' title='bbox 371 2325 459 2352; x_wconf 88' lang='lat' dir='ltr'>Deum</span> <span class='ocrx_word' id='word_1_457' title='bbox 469 2333 502 2351; x_wconf 85' lang='lat' dir='ltr'>ex</span> <span class='ocrx_word' id='word_1_458' title='bbox 514 2329 568 2352; x_wconf 85' lang='lat' dir='ltr'>toto</span> <span class='ocrx_word' id='word_1_459' title='bbox 578 2321 658 2351; x_wconf 89' lang='lat' dir='ltr'>corde</span> <span class='ocrx_word' id='word_1_460' title='bbox 668 2330 721 2350; x_wconf 90' lang='lat' dir='ltr'>non</span> <span class='ocrx_word' id='word_1_461' title='bbox 733 2326 813 2348; x_wconf 84' lang='lat' dir='ltr'>amat.</span> <span class='ocrx_word' id='word_1_462' title='bbox 821 2322 894 2364; x_wconf 45' lang='lat' dir='ltr'>&#39;Ergo</span> <span class='ocrx_word' id='word_1_463' title='bbox 904 2330 959 2348; x_wconf 91' lang='lat' dir='ltr'>cor-</span> 
     </span>
     <span class='ocr_line' id='line_1_61' title="bbox 219 2358 958 2403; baseline -0.008 -10"><span class='ocrx_word' id='word_1_464' title='bbox 219 2363 262 2393; x_wconf 89' lang='lat' dir='ltr'>dis</span> <span class='ocrx_word' id='word_1_465' title='bbox 279 2375 353 2393; x_wconf 87' lang='lat' dir='ltr'>amor</span> <span class='ocrx_word' id='word_1_466' title='bbox 367 2373 419 2392; x_wconf 89' lang='lat' dir='ltr'>non</span> <span class='ocrx_word' id='word_1_467' title='bbox 438 2362 597 2402; x_wconf 83' lang='lat' dir='ltr'>intelligitur</span> <span class='ocrx_word' id='word_1_468' title='bbox 617 2360 665 2390; x_wconf 87' lang='lat' dir='ltr'>sed</span> <span class='ocrx_word' id='word_1_469' title='bbox 687 2359 800 2389; x_wconf 84' lang='lat' dir='ltr'>sentitur</span> <span class='ocrx_word' id='word_1_470' title='bbox 819 2369 847 2387; x_wconf 89' lang='lat' dir='ltr'>m</span> <span class='ocrx_word' id='word_1_471' title='bbox 868 2358 958 2403; x_wconf 70' lang='lat' dir='ltr'>corde,</span> 
     </span>
     <span class='ocr_line' id='line_1_62' title="bbox 219 2401 959 2442; baseline -0.008 -10"><span class='ocrx_word' id='word_1_472' title='bbox 219 2404 282 2442; x_wconf 89' lang='lat' dir='ltr'>quia</span> <span class='ocrx_word' id='word_1_473' title='bbox 293 2401 490 2441; x_wconf 84' lang='lat' dir='ltr'>quodammodo</span> <span class='ocrx_word' id='word_1_474' title='bbox 502 2401 616 2430; x_wconf 84' lang='lat' dir='ltr'>carnalis</span> <span class='ocrx_word' id='word_1_475' title='bbox 624 2406 673 2429; x_wconf 90' lang='lat' dir='ltr'>est.</span> <span class='ocrx_word' id='word_1_476' title='bbox 681 2401 763 2428; x_wconf 79' lang='lat' dir='ltr'>Amor</span> <span class='ocrx_word' id='word_1_477' title='bbox 768 2405 856 2427; x_wconf 89' lang='lat' dir='ltr'>autem</span> <span class='ocrx_word' id='word_1_478' title='bbox 864 2409 959 2427; x_wconf 79' lang='lat' dir='ltr'>animae</span> 
     </span>
     <span class='ocr_line' id='line_1_63' title="bbox 218 2438 959 2484; baseline -0.005 -13"><span class='ocrx_word' id='word_1_479' title='bbox 218 2453 271 2472; x_wconf 90' lang='lat' dir='ltr'>non</span> <span class='ocrx_word' id='word_1_480' title='bbox 286 2443 398 2471; x_wconf 86' lang='lat' dir='ltr'>sentitur</span> <span class='ocrx_word' id='word_1_481' title='bbox 411 2443 438 2470; x_wconf 92' lang='lat' dir='ltr'>in</span> <span class='ocrx_word' id='word_1_482' title='bbox 453 2441 543 2478; x_wconf 88' lang='lat' dir='ltr'>corde,</span> <span class='ocrx_word' id='word_1_483' title='bbox 557 2439 605 2470; x_wconf 90' lang='lat' dir='ltr'>sed</span> <span class='ocrx_word' id='word_1_484' title='bbox 624 2438 791 2484; x_wconf 73' lang='lat' dir='ltr'>intelligitur,</span> <span class='ocrx_word' id='word_1_485' title='bbox 803 2438 866 2482; x_wconf 65' lang='lat' dir='ltr'>quia</span> <span class='ocrx_word' id='word_1_486' title='bbox 884 2448 959 2467; x_wconf 87' lang='lat' dir='ltr'>amor</span> 
     </span>
     <span class='ocr_line' id='line_1_64' title="bbox 218 2477 957 2521; baseline -0.008 -10"><span class='ocrx_word' id='word_1_487' title='bbox 218 2482 313 2511; x_wconf 80' lang='lat' dir='ltr'>animae</span> <span class='ocrx_word' id='word_1_488' title='bbox 323 2482 458 2521; x_wconf 80' lang='lat' dir='ltr'>judicium</span> <span class='ocrx_word' id='word_1_489' title='bbox 468 2482 526 2521; x_wconf 90' lang='lat' dir='ltr'>ejus</span> <span class='ocrx_word' id='word_1_490' title='bbox 542 2486 592 2510; x_wconf 90' lang='lat' dir='ltr'>est.</span> <span class='ocrx_word' id='word_1_491' title='bbox 609 2480 687 2515; x_wconf 86' lang='lat' dir='ltr'>Puta,</span> <span class='ocrx_word' id='word_1_492' title='bbox 703 2488 725 2507; x_wconf 88' lang='grc' dir='ltr'>ει</span> <span class='ocrx_word' id='word_1_493' title='bbox 739 2477 860 2506; x_wconf 78' lang='lat' dir='ltr'>didicisti</span> <span class='ocrx_word' id='word_1_494' title='bbox 875 2488 957 2506; x_wconf 87' lang='lat' dir='ltr'>unum</span> 
     </span>
     <span class='ocr_line' id='line_1_65' title="bbox 217 2519 957 2559; baseline -0.008 -8"><span class='ocrx_word' id='word_1_495' title='bbox 217 2523 316 2559; x_wconf 85' lang='lat' dir='ltr'>Deum,</span> <span class='ocrx_word' id='word_1_496' title='bbox 330 2532 364 2550; x_wconf 83' lang='lat' dir='ltr'>ex</span> <span class='ocrx_word' id='word_1_497' title='bbox 380 2531 433 2559; x_wconf 88' lang='lat' dir='ltr'>quo</span> <span class='ocrx_word' id='word_1_498' title='bbox 443 2520 547 2554; x_wconf 84' lang='lat' dir='ltr'>omnia,</span> <span class='ocrx_word' id='word_1_499' title='bbox 560 2526 586 2548; x_wconf 88' lang='lat' dir='ltr'>et</span> <span class='ocrx_word' id='word_1_500' title='bbox 604 2529 687 2547; x_wconf 90' lang='lat' dir='ltr'>unum</span> <span class='ocrx_word' id='word_1_501' title='bbox 698 2519 797 2552; x_wconf 82' lang='lat' dir='ltr'>Deum,</span> <span class='ocrx_word' id='word_1_502' title='bbox 810 2527 858 2556; x_wconf 89' lang='lat' dir='ltr'>per</span> <span class='ocrx_word' id='word_1_503' title='bbox 877 2528 957 2556; x_wconf 90' lang='lat' dir='ltr'>quem</span> 
     </span>
     <span class='ocr_line' id='line_1_66' title="bbox 217 2556 956 2602; baseline -0.005 -12"><span class='ocrx_word' id='word_1_504' title='bbox 217 2562 306 2590; x_wconf 90' lang='lat' dir='ltr'>omnia</span> <span class='ocrx_word' id='word_1_505' title='bbox 320 2574 326 2590; x_wconf 71' lang='grc' dir='ltr'><strong><em>ε</em></strong></span> <span class='ocrx_word' id='word_1_506' title='bbox 340 2561 362 2590; x_wconf 84' lang='grc' dir='ltr'>εἰ</span> <span class='ocrx_word' id='word_1_507' title='bbox 373 2561 470 2590; x_wconf 84' lang='lat' dir='ltr'>iterum</span> <span class='ocrx_word' id='word_1_508' title='bbox 483 2560 632 2589; x_wconf 84' lang='lat' dir='ltr'>intellectus</span> <span class='ocrx_word' id='word_1_509' title='bbox 644 2564 707 2587; x_wconf 89' lang='lat' dir='ltr'>tuus</span> <span class='ocrx_word' id='word_1_510' title='bbox 721 2567 768 2596; x_wconf 84' lang='lat' dir='ltr'>per</span> <span class='ocrx_word' id='word_1_511' title='bbox 777 2556 891 2602; x_wconf 83' lang='lat' dir='ltr'>alicujus</span> <span class='ocrx_word' id='word_1_512' title='bbox 905 2557 956 2586; x_wconf 82' lang='lat' dir='ltr'>do-</span> 
     </span>
     <span class='ocr_line' id='line_1_67' title="bbox 216 2596 956 2639; baseline -0.008 -8"><span class='ocrx_word' id='word_1_513' title='bbox 216 2601 307 2631; x_wconf 84' lang='lat' dir='ltr'>ctrinae</span> <span class='ocrx_word' id='word_1_514' title='bbox 317 2600 496 2631; x_wconf 84' lang='lat' dir='ltr'>seductionem</span> <span class='ocrx_word' id='word_1_515' title='bbox 508 2609 659 2639; x_wconf 84' lang='lat' dir='ltr'>percussus,</span> <span class='ocrx_word' id='word_1_516' title='bbox 669 2596 778 2636; x_wconf 77' lang='lat' dir='ltr'>eoeperit</span> <span class='ocrx_word' id='word_1_517' title='bbox 788 2596 912 2626; x_wconf 81' lang='lat' dir='ltr'>dubitare</span> <span class='ocrx_word' id='word_1_518' title='bbox 922 2597 956 2626; x_wconf 86' lang='lat' dir='ltr'>de</span> 
     </span>
    </p>
   </div>
   <div class='ocr_carea' id='block_1_9' title="bbox 985 1457 1004 1481">
    <p class='ocr_par' dir='ltr' id='par_1_10' title="bbox 985 1457 1004 1481">
     <span class='ocr_line' id='line_1_68' title="bbox 985 1457 1004 1481; baseline 0 0"><span class='ocrx_word' id='word_1_519' title='bbox 985 1457 1004 1481; x_wconf 86' lang='lat' dir='ltr'>C</span> 
     </span>
    </p>
   </div>
   <div class='ocr_carea' id='block_1_10' title="bbox 1012 297 1904 2639">
    <p class='ocr_par' dir='ltr' id='par_1_11' title="bbox 1016 297 1904 894">
     <span class='ocr_line' id='line_1_69' title="bbox 1016 297 1759 339; baseline 0.001 -12"><span class='ocrx_word' id='word_1_520' title='bbox 1016 299 1084 327; x_wconf 86' lang='lat' dir='ltr'>Item</span> <span class='ocrx_word' id='word_1_521' title='bbox 1095 298 1143 337; x_wconf 85' lang='lat' dir='ltr'>qui</span> <span class='ocrx_word' id='word_1_522' title='bbox 1155 305 1230 338; x_wconf 85' lang='lat' dir='ltr'>putat</span> <span class='ocrx_word' id='word_1_523' title='bbox 1245 297 1434 328; x_wconf 80' lang='lat' dir='ltr'>incantationes</span> <span class='ocrx_word' id='word_1_524' title='bbox 1445 298 1548 338; x_wconf 80' lang='lat' dir='ltr'>aliquid</span> <span class='ocrx_word' id='word_1_525' title='bbox 1559 309 1646 339; x_wconf 80' lang='lat' dir='ltr'>posse,</span> <span class='ocrx_word' id='word_1_526' title='bbox 1657 306 1703 328; x_wconf 87' lang='lat' dir='ltr'>aut</span> <span class='ocrx_word' id='word_1_527' title='bbox 1714 310 1759 328; x_wconf 88' lang='lat' dir='ltr'>au-</span> 
     </span>
     <span class='ocr_line' id='line_1_70' title="bbox 1019 337 1759 378; baseline 0.003 -12"><span class='ocrx_word' id='word_1_528' title='bbox 1019 337 1096 377; x_wconf 84' lang='lat' dir='ltr'>guria</span> <span class='ocrx_word' id='word_1_529' title='bbox 1114 337 1219 376; x_wconf 83' lang='lat' dir='ltr'>aliquid</span> <span class='ocrx_word' id='word_1_530' title='bbox 1234 337 1392 377; x_wconf 80' lang='lat' dir='ltr'>intelligere,</span> <span class='ocrx_word' id='word_1_531' title='bbox 1405 345 1452 367; x_wconf 86' lang='lat' dir='ltr'>aut</span> <span class='ocrx_word' id='word_1_532' title='bbox 1463 337 1643 368; x_wconf 85' lang='lat' dir='ltr'>divinationes</span> <span class='ocrx_word' id='word_1_533' title='bbox 1654 338 1759 378; x_wconf 88' lang='lat' dir='ltr'>aliquid</span> 
     </span>
     <span class='ocr_line' id='line_1_71' title="bbox 1018 377 1759 418; baseline 0.003 -12"><span class='ocrx_word' id='word_1_534' title='bbox 1018 377 1152 411; x_wconf 84' lang='lat' dir='ltr'>nuntiare,</span> <span class='ocrx_word' id='word_1_535' title='bbox 1164 387 1217 406; x_wconf 88' lang='lat' dir='ltr'>non</span> <span class='ocrx_word' id='word_1_536' title='bbox 1228 377 1275 406; x_wconf 87' lang='lat' dir='ltr'>ille</span> <span class='ocrx_word' id='word_1_537' title='bbox 1286 378 1315 406; x_wconf 92' lang='lat' dir='ltr'>in</span> <span class='ocrx_word' id='word_1_538' title='bbox 1325 384 1379 406; x_wconf 81' lang='lat' dir='ltr'>tota</span> <span class='ocrx_word' id='word_1_539' title='bbox 1386 377 1476 407; x_wconf 89' lang='lat' dir='ltr'>anima</span> <span class='ocrx_word' id='word_1_540' title='bbox 1482 377 1574 418; x_wconf 83' lang='lat' dir='ltr'>diligit</span> <span class='ocrx_word' id='word_1_541' title='bbox 1583 380 1679 408; x_wconf 88' lang='lat' dir='ltr'>Deum.</span> <span class='ocrx_word' id='word_1_542' title='bbox 1689 379 1759 416; x_wconf 89' lang='lat' dir='ltr'>Quis</span> 
     </span>
     <span class='ocr_line' id='line_1_72' title="bbox 1018 416 1760 456; baseline 0.004 -11"><span class='ocrx_word' id='word_1_543' title='bbox 1018 423 1106 446; x_wconf 83' lang='lat' dir='ltr'>autem</span> <span class='ocrx_word' id='word_1_544' title='bbox 1130 416 1220 456; x_wconf 82' lang='lat' dir='ltr'>diligit</span> <span class='ocrx_word' id='word_1_545' title='bbox 1242 417 1352 446; x_wconf 77' lang='lat' dir='ltr'>Deum?</span> <span class='ocrx_word' id='word_1_546' title='bbox 1371 418 1427 454; x_wconf 90' lang='lat' dir='ltr'>Qui</span> <span class='ocrx_word' id='word_1_547' title='bbox 1448 427 1526 446; x_wconf 88' lang='lat' dir='ltr'>omne</span> <span class='ocrx_word' id='word_1_548' title='bbox 1547 418 1651 447; x_wconf 89' lang='lat' dir='ltr'>bonum</span> <span class='ocrx_word' id='word_1_549' title='bbox 1674 418 1760 448; x_wconf 78' lang='lat' dir='ltr'>credit</span> 
     </span>
     <span class='ocr_line' id='line_1_73' title="bbox 1017 456 1760 496; baseline 0.004 -11"><span class='ocrx_word' id='word_1_550' title='bbox 1017 456 1091 496; x_wconf 87' lang='lat' dir='ltr'>apud</span> <span class='ocrx_word' id='word_1_551' title='bbox 1103 458 1204 494; x_wconf 88' lang='lat' dir='ltr'>Deum,</span> <span class='ocrx_word' id='word_1_552' title='bbox 1219 464 1243 486; x_wconf 90' lang='lat' dir='ltr'>et</span> <span class='ocrx_word' id='word_1_553' title='bbox 1258 467 1335 486; x_wconf 87' lang='lat' dir='ltr'>omne</span> <span class='ocrx_word' id='word_1_554' title='bbox 1346 457 1449 486; x_wconf 88' lang='lat' dir='ltr'>bonum</span> <span class='ocrx_word' id='word_1_555' title='bbox 1462 456 1547 487; x_wconf 88' lang='lat' dir='ltr'>credit</span> <span class='ocrx_word' id='word_1_556' title='bbox 1558 467 1614 487; x_wconf 61' lang='lat' dir='ltr'>ase</span> <span class='ocrx_word' id='word_1_557' title='bbox 1623 459 1720 495; x_wconf 88' lang='lat' dir='ltr'>Deum,</span> <span class='ocrx_word' id='word_1_558' title='bbox 1733 465 1760 488; x_wconf 86' lang='lat' dir='ltr'>et</span> 
     </span>
     <span class='ocr_line' id='line_1_74' title="bbox 1018 496 1760 536; baseline 0.003 -11"><span class='ocrx_word' id='word_1_559' title='bbox 1018 503 1092 525; x_wconf 82' lang='lat' dir='ltr'>extra</span> <span class='ocrx_word' id='word_1_560' title='bbox 1108 497 1196 525; x_wconf 89' lang='lat' dir='ltr'>Deum</span> <span class='ocrx_word' id='word_1_561' title='bbox 1210 507 1262 526; x_wconf 89' lang='lat' dir='ltr'>non</span> <span class='ocrx_word' id='word_1_562' title='bbox 1284 496 1369 526; x_wconf 88' lang='lat' dir='ltr'>eredit</span> <span class='ocrx_word' id='word_1_563' title='bbox 1385 507 1443 526; x_wconf 85' lang='lat' dir='ltr'>esse</span> <span class='ocrx_word' id='word_1_564' title='bbox 1455 497 1557 526; x_wconf 87' lang='lat' dir='ltr'>bonum</span> <span class='ocrx_word' id='word_1_565' title='bbox 1568 510 1575 526; x_wconf 76' lang='lat' dir='ltr'><em>z</em></span> <span class='ocrx_word' id='word_1_566' title='bbox 1588 497 1637 536; x_wconf 89' lang='lat' dir='ltr'>qui</span> <span class='ocrx_word' id='word_1_567' title='bbox 1654 507 1760 527; x_wconf 87' lang='lat' dir='ltr'>omnem</span> 
     </span>
     <span class='ocr_line' id='line_1_75' title="bbox 1018 536 1760 576; baseline 0.003 -12"><span class='ocrx_word' id='word_1_568' title='bbox 1018 536 1146 565; x_wconf 81' lang='lat' dir='ltr'>virtutem</span> <span class='ocrx_word' id='word_1_569' title='bbox 1160 542 1186 565; x_wconf 86' lang='lat' dir='ltr'>et</span> <span class='ocrx_word' id='word_1_570' title='bbox 1197 536 1356 576; x_wconf 83' lang='lat' dir='ltr'>sapientiam</span> <span class='ocrx_word' id='word_1_571' title='bbox 1367 536 1452 566; x_wconf 88' lang='lat' dir='ltr'>credit</span> <span class='ocrx_word' id='word_1_572' title='bbox 1462 547 1519 566; x_wconf 81' lang='lat' dir='ltr'>esse</span> <span class='ocrx_word' id='word_1_573' title='bbox 1533 538 1632 574; x_wconf 85' lang='lat' dir='ltr'>Deum,</span> <span class='ocrx_word' id='word_1_574' title='bbox 1645 543 1673 566; x_wconf 86' lang='lat' dir='ltr'>et</span> <span class='ocrx_word' id='word_1_575' title='bbox 1684 543 1760 566; x_wconf 81' lang='lat' dir='ltr'>extra</span> 
     </span>
     <span class='ocr_line' id='line_1_76' title="bbox 1018 576 1761 616; baseline 0.004 -12"><span class='ocrx_word' id='word_1_576' title='bbox 1018 576 1106 604; x_wconf 87' lang='lat' dir='ltr'>Deum</span> <span class='ocrx_word' id='word_1_577' title='bbox 1121 586 1172 604; x_wconf 92' lang='lat' dir='ltr'>non</span> <span class='ocrx_word' id='word_1_578' title='bbox 1193 576 1278 605; x_wconf 90' lang='lat' dir='ltr'>credit</span> <span class='ocrx_word' id='word_1_579' title='bbox 1291 586 1347 605; x_wconf 84' lang='lat' dir='ltr'>esse</span> <span class='ocrx_word' id='word_1_580' title='bbox 1366 576 1483 616; x_wconf 87' lang='lat' dir='ltr'>aliquam</span> <span class='ocrx_word' id='word_1_581' title='bbox 1499 576 1657 616; x_wconf 82' lang='lat' dir='ltr'>sapientiam</span> <span class='ocrx_word' id='word_1_582' title='bbox 1674 587 1761 616; x_wconf 80' lang='lat' dir='ltr'>neque</span> 
     </span>
     <span class='ocr_line' id='line_1_77' title="bbox 1018 614 1761 654; baseline 0.004 -10"><span class='ocrx_word' id='word_1_583' title='bbox 1018 614 1145 644; x_wconf 82' lang='lat' dir='ltr'>virtutem</span> <span class='ocrx_word' id='word_1_584' title='bbox 1159 627 1166 644; x_wconf 76' lang='lat' dir='ltr'><strong><em>z</em></strong></span> <span class='ocrx_word' id='word_1_585' title='bbox 1181 616 1229 654; x_wconf 85' lang='lat' dir='ltr'>qui</span> <span class='ocrx_word' id='word_1_586' title='bbox 1240 616 1326 645; x_wconf 84' lang='lat' dir='ltr'>credit</span> <span class='ocrx_word' id='word_1_587' title='bbox 1339 617 1427 645; x_wconf 89' lang='lat' dir='ltr'>Deum</span> <span class='ocrx_word' id='word_1_588' title='bbox 1446 616 1536 646; x_wconf 89' lang='lat' dir='ltr'>omnia</span> <span class='ocrx_word' id='word_1_589' title='bbox 1554 616 1650 654; x_wconf 83' lang='lat' dir='ltr'>facere,</span> <span class='ocrx_word' id='word_1_590' title='bbox 1663 625 1690 647; x_wconf 86' lang='lat' dir='ltr'>et</span> <span class='ocrx_word' id='word_1_591' title='bbox 1702 616 1761 647; x_wconf 72' lang='lat' dir='ltr'>sine</span> 
     </span>
     <span class='ocr_line' id='line_1_78' title="bbox 1018 655 1757 697; baseline 0.004 -13"><span class='ocrx_word' id='word_1_592' title='bbox 1018 655 1076 684; x_wconf 91' lang='lat' dir='ltr'>Deo</span> <span class='ocrx_word' id='word_1_593' title='bbox 1085 655 1155 684; x_wconf 88' lang='lat' dir='ltr'>nibil</span> <span class='ocrx_word' id='word_1_594' title='bbox 1166 655 1224 684; x_wconf 89' lang='lat' dir='ltr'>fieri</span> <span class='ocrx_word' id='word_1_595' title='bbox 1236 666 1330 695; x_wconf 84' lang='lat' dir='ltr'>posse;</span> <span class='ocrx_word' id='word_1_596' title='bbox 1343 655 1391 684; x_wconf 86' lang='lat' dir='ltr'>ille</span> <span class='ocrx_word' id='word_1_597' title='bbox 1398 662 1452 685; x_wconf 86' lang='lat' dir='ltr'>tota</span> <span class='ocrx_word' id='word_1_598' title='bbox 1461 655 1550 685; x_wconf 88' lang='lat' dir='ltr'>anima</span> <span class='ocrx_word' id='word_1_599' title='bbox 1560 655 1652 697; x_wconf 83' lang='lat' dir='ltr'>diligit</span> <span class='ocrx_word' id='word_1_600' title='bbox 1658 658 1757 686; x_wconf 75' lang='lat' dir='ltr'>Deum.</span> 
     </span>
     <span class='ocr_line' id='line_1_79' title="bbox 1021 694 1904 734; baseline 0 -10"><span class='ocrx_word' id='word_1_601' title='bbox 1021 694 1095 731; x_wconf 89' lang='lat' dir='ltr'>Quid</span> <span class='ocrx_word' id='word_1_602' title='bbox 1108 701 1165 731; x_wconf 84' lang='lat' dir='ltr'>est,</span> <span class='ocrx_word' id='word_1_603' title='bbox 1185 695 1213 723; x_wconf 93' lang='lat' dir='ltr'>in</span> <span class='ocrx_word' id='word_1_604' title='bbox 1226 702 1281 725; x_wconf 87' lang='lat' dir='ltr'>tota</span> <span class='ocrx_word' id='word_1_605' title='bbox 1300 702 1387 724; x_wconf 88' lang='lat' dir='ltr'>mente</span> <span class='ocrx_word' id='word_1_606' title='bbox 1409 695 1522 734; x_wconf 83' lang='lat' dir='ltr'>diligere</span> <span class='ocrx_word' id='word_1_607' title='bbox 1536 696 1644 725; x_wconf 79' lang='lat' dir='ltr'>Deum?</span> <span class='ocrx_word' id='word_1_608' title='bbox 1657 696 1690 726; x_wconf 89' lang='lat' dir='ltr'>Id</span> <span class='ocrx_word' id='word_1_609' title='bbox 1701 702 1757 733; x_wconf 83' lang='lat' dir='ltr'>est,</span> <span class='ocrx_word' id='word_1_610' title='bbox 1791 702 1864 724; x_wconf 71' lang='lat' dir='ltr'>Deum</span> <span class='ocrx_word' id='word_1_611' title='bbox 1876 703 1904 725; x_wconf 77' lang='grc' dir='ltr'>(ιι-</span> 
     </span>
     <span class='ocr_line' id='line_1_80' title="bbox 1020 733 1904 774; baseline 0.003 -11"><span class='ocrx_word' id='word_1_612' title='bbox 1020 741 1049 764; x_wconf 83' lang='grc' dir='ltr'>ιιι</span> <span class='ocrx_word' id='word_1_613' title='bbox 1061 744 1152 764; x_wconf 89' lang='lat' dir='ltr'>omnes</span> <span class='ocrx_word' id='word_1_614' title='bbox 1165 745 1257 764; x_wconf 87' lang='lat' dir='ltr'>sensus</span> <span class='ocrx_word' id='word_1_615' title='bbox 1268 736 1320 771; x_wconf 86' lang='lat' dir='ltr'>tui,</span> <span class='ocrx_word' id='word_1_616' title='bbox 1336 735 1382 774; x_wconf 89' lang='lat' dir='ltr'>qui</span> <span class='ocrx_word' id='word_1_617' title='bbox 1415 735 1529 764; x_wconf 88' lang='lat' dir='ltr'>ertinent</span> <span class='ocrx_word' id='word_1_618' title='bbox 1540 735 1574 764; x_wconf 83' lang='lat' dir='ltr'>ad</span> <span class='ocrx_word' id='word_1_619' title='bbox 1588 743 1614 765; x_wconf 89' lang='lat' dir='ltr'>te</span> <span class='ocrx_word' id='word_1_620' title='bbox 1619 753 1629 771; x_wconf 66' lang='lat'><em>5</em></span> <span class='ocrx_word' id='word_1_621' title='bbox 1644 737 1702 766; x_wconf 88' lang='lat' dir='ltr'>Deo</span> <span class='ocrx_word' id='word_1_622' title='bbox 1711 746 1759 765; x_wconf 80' lang='lat' dir='ltr'>va·</span> <span class='ocrx_word' id='word_1_623' title='bbox 1767 733 1836 762; x_wconf 57' lang='lat' dir='ltr'>lfssm</span> <span class='ocrx_word' id='word_1_624' title='bbox 1885 743 1904 757; x_wconf 73' lang='lat'>⁸¹</span> 
     </span>
     <span class='ocr_line' id='line_1_81' title="bbox 1018 769 1903 819; baseline 0.002 -16"><span class='ocrx_word' id='word_1_625' title='bbox 1018 780 1087 803; x_wconf 88' lang='lat' dir='ltr'>cent.</span> <span class='ocrx_word' id='word_1_626' title='bbox 1113 774 1198 813; x_wconf 82' lang='lat' dir='ltr'>Cujus</span> <span class='ocrx_word' id='word_1_627' title='bbox 1219 775 1370 804; x_wconf 80' lang='lat' dir='ltr'>intellectus</span> <span class='ocrx_word' id='word_1_628' title='bbox 1418 786 1449 804; x_wconf 83' lang='lat' dir='ltr'>eo</span> <span class='ocrx_word' id='word_1_629' title='bbox 1467 775 1618 811; x_wconf 82' lang='lat' dir='ltr'>ministrat,</span> <span class='ocrx_word' id='word_1_630' title='bbox 1637 782 1664 805; x_wconf 88' lang='lat' dir='ltr'>et</span> <span class='ocrx_word' id='word_1_631' title='bbox 1682 769 1903 819; x_wconf 43' lang='lat' dir='ltr'>cujusffi&#39;dffiun</span> 
     </span>
     <span class='ocr_line' id='line_1_82' title="bbox 1018 804 1870 855; baseline 0.005 -13"><span class='ocrx_word' id='word_1_632' title='bbox 1018 813 1148 854; x_wconf 79' lang='lat' dir='ltr'>sapientia</span> <span class='ocrx_word' id='word_1_633' title='bbox 1176 814 1246 843; x_wconf 85' lang='lat' dir='ltr'>circa</span> <span class='ocrx_word' id='word_1_634' title='bbox 1270 816 1359 844; x_wconf 88' lang='lat' dir='ltr'>Deum</span> <span class='ocrx_word' id='word_1_635' title='bbox 1384 822 1437 852; x_wconf 69' lang='lat' dir='ltr'>ost,</span> <span class='ocrx_word' id='word_1_636' title='bbox 1460 816 1539 855; x_wconf 81' lang='lat' dir='ltr'>cujus</span> <span class='ocrx_word' id='word_1_637' title='bbox 1562 815 1687 854; x_wconf 85' lang='lat' dir='ltr'>cogitatio</span> <span class='ocrx_word' id='word_1_638' title='bbox 1710 826 1740 845; x_wconf 85' lang='lat' dir='ltr'>ea</span> <span class='ocrx_word' id='word_1_639' title='bbox 1750 838 1758 852; x_wconf 97' lang='lat'>,</span> <span class='ocrx_word' id='word_1_640' title='bbox 1770 804 1784 825; x_wconf 68' lang='lat'>‘¹</span> <span class='ocrx_word' id='word_1_641' title='bbox 1864 813 1870 819; x_wconf 83' lang='lat'>&#39;</span> 
     </span>
     <span class='ocr_line' id='line_1_83' title="bbox 1019 854 1762 894; baseline 0.004 -12"><span class='ocrx_word' id='word_1_642' title='bbox 1019 864 1078 892; x_wconf 87' lang='lat' dir='ltr'>quae</span> <span class='ocrx_word' id='word_1_643' title='bbox 1091 860 1154 882; x_wconf 90' lang='lat' dir='ltr'>sunt</span> <span class='ocrx_word' id='word_1_644' title='bbox 1173 854 1238 890; x_wconf 88' lang='lat' dir='ltr'>Dei,</span> <span class='ocrx_word' id='word_1_645' title='bbox 1253 861 1363 890; x_wconf 86' lang='lat' dir='ltr'>tractat,</span> <span class='ocrx_word' id='word_1_646' title='bbox 1374 854 1452 894; x_wconf 88' lang='lat' dir='ltr'>cujus</span> <span class='ocrx_word' id='word_1_647' title='bbox 1470 855 1598 884; x_wconf 87' lang='lat' dir='ltr'>memoria</span> <span class='ocrx_word' id='word_1_648' title='bbox 1616 865 1676 894; x_wconf 79' lang='lat' dir='ltr'>quae</span> <span class='ocrx_word' id='word_1_649' title='bbox 1699 863 1762 885; x_wconf 88' lang='lat' dir='ltr'>sunt</span> 
     </span>
    </p>

    <p class='ocr_par' dir='ltr' id='par_1_12' title="bbox 1019 893 1762 934">
     <span class='ocr_line' id='line_1_84' title="bbox 1019 893 1762 934; baseline 0.003 -12"><span class='ocrx_word' id='word_1_650' title='bbox 1019 893 1089 922; x_wconf 87' lang='lat' dir='ltr'>bona</span> <span class='ocrx_word' id='word_1_651' title='bbox 1104 893 1261 923; x_wconf 76' lang='lat' dir='ltr'>recordatur</span> <span class='ocrx_word' id='word_1_652' title='bbox 1275 907 1281 923; x_wconf 77' lang='grc' dir='ltr'>ι</span> <span class='ocrx_word' id='word_1_653' title='bbox 1297 900 1350 923; x_wconf 85' lang='grc' dir='ltr'>ιοι3</span> <span class='ocrx_word' id='word_1_654' title='bbox 1365 901 1453 924; x_wconf 84' lang='grc' dir='ltr'>ιιιειιιε</span> <span class='ocrx_word' id='word_1_655' title='bbox 1474 894 1565 934; x_wconf 86' lang='lat' dir='ltr'>diligit</span> <span class='ocrx_word' id='word_1_656' title='bbox 1579 895 1678 932; x_wconf 85' lang='lat' dir='ltr'>Deum,</span> <span class='ocrx_word' id='word_1_657' title='bbox 1692 895 1762 925; x_wconf 88' lang='lat' dir='ltr'>sicut</span> 
     </span>
    </p>

    <p class='ocr_par' dir='ltr' id='par_1_13' title="bbox 1017 933 1904 1771">
     <span class='ocr_line' id='line_1_85' title="bbox 1019 933 1904 973; baseline 0.002 -12"><span class='ocrx_word' id='word_1_658' title='bbox 1019 933 1057 962; x_wconf 88' lang='lat' dir='ltr'>ait</span> <span class='ocrx_word' id='word_1_659' title='bbox 1080 933 1217 971; x_wconf 84' lang='lat' dir='ltr'>apostolus</span> <span class='ocrx_word' id='word_1_660' title='bbox 1241 945 1248 962; x_wconf 71' lang='grc' dir='ltr'><strong>ε</strong></span> <span class='ocrx_word' id='word_1_661' title='bbox 1270 933 1406 963; x_wconf 85' lang='lat' dir='ltr'>Psallam</span> <span class='ocrx_word' id='word_1_662' title='bbox 1431 935 1534 973; x_wconf 79' lang='lat' dir='ltr'>spiritu</span> <span class='ocrx_word' id='word_1_663' title='bbox 1544 956 1552 971; x_wconf 93' lang='lat'>,</span> <span class='ocrx_word' id='word_1_664' title='bbox 1578 935 1708 973; x_wconf 82' lang='lat' dir='ltr'>psallam</span> <span class='ocrx_word' id='word_1_665' title='bbox 1734 941 1762 964; x_wconf 87' lang='lat' dir='ltr'>et</span> <span class='ocrx_word' id='word_1_666' title='bbox 1777 947 1795 962; x_wconf 85' lang='lat' dir='ltr'>t.</span> <span class='ocrx_word' id='word_1_667' title='bbox 1808 941 1863 964; x_wconf 81' lang='lat' dir='ltr'>Cor.</span> <span class='ocrx_word' id='word_1_668' title='bbox 1876 939 1904 972; x_wconf 69' lang='lat'>¹4</span> 
     </span>
     <span class='ocr_line' id='line_1_86' title="bbox 1020 972 1812 1013; baseline 0.005 -13"><span class='ocrx_word' id='word_1_669' title='bbox 1020 979 1124 1001; x_wconf 82' lang='lat' dir='ltr'>mente.</span> <span class='ocrx_word' id='word_1_670' title='bbox 1139 973 1226 1013; x_wconf 91' lang='lat' dir='ltr'>Cujus</span> <span class='ocrx_word' id='word_1_671' title='bbox 1235 980 1324 1002; x_wconf 89' lang='lat' dir='ltr'>autem</span> <span class='ocrx_word' id='word_1_672' title='bbox 1338 973 1490 1003; x_wconf 87' lang='lat' dir='ltr'>intellectus</span> <span class='ocrx_word' id='word_1_673' title='bbox 1500 984 1560 1013; x_wconf 67' lang='lat' dir='ltr'>quat</span> <span class='ocrx_word' id='word_1_674' title='bbox 1573 981 1636 1003; x_wconf 87' lang='lat' dir='ltr'>sunt</span> <span class='ocrx_word' id='word_1_675' title='bbox 1650 975 1700 1004; x_wconf 89' lang='lat' dir='ltr'>Dei</span> <span class='ocrx_word' id='word_1_676' title='bbox 1709 985 1762 1004; x_wconf 93' lang='lat' dir='ltr'>non</span> <span class='ocrx_word' id='word_1_677' title='bbox 1777 972 1812 994; x_wconf 86' lang='lat'>¹⁵·</span> 
     </span>
     <span class='ocr_line' id='line_1_87' title="bbox 1021 1009 1764 1060; baseline 0.005 -20"><span class='ocrx_word' id='word_1_678' title='bbox 1021 1011 1163 1051; x_wconf 82' lang='lat' dir='ltr'>intelligit,</span> <span class='ocrx_word' id='word_1_679' title='bbox 1189 1019 1235 1041; x_wconf 86' lang='lat' dir='ltr'>aut</span> <span class='ocrx_word' id='word_1_680' title='bbox 1257 1023 1308 1042; x_wconf 94' lang='lat' dir='ltr'>non</span> <span class='ocrx_word' id='word_1_681' title='bbox 1330 1009 1478 1042; x_wconf 76' lang='lat' dir='ltr'>secundum</span> <span class='ocrx_word' id='word_1_682' title='bbox 1499 1014 1591 1044; x_wconf 87' lang='lat' dir='ltr'>Deum</span> <span class='ocrx_word' id='word_1_683' title='bbox 1609 1014 1695 1060; x_wconf 73' lang='lat' dir='ltr'>sapit,</span> <span class='ocrx_word' id='word_1_684' title='bbox 1716 1021 1764 1044; x_wconf 87' lang='lat' dir='ltr'>aut</span> 
     </span>
     <span class='ocr_line' id='line_1_88' title="bbox 1020 1052 1764 1094; baseline 0.003 -13"><span class='ocrx_word' id='word_1_685' title='bbox 1020 1052 1129 1081; x_wconf 87' lang='lat' dir='ltr'>scientia</span> <span class='ocrx_word' id='word_1_686' title='bbox 1152 1052 1228 1081; x_wconf 90' lang='lat' dir='ltr'>illius</span> <span class='ocrx_word' id='word_1_687' title='bbox 1253 1062 1322 1082; x_wconf 84' lang='lat' dir='ltr'>vana</span> <span class='ocrx_word' id='word_1_688' title='bbox 1341 1059 1380 1082; x_wconf 87' lang='lat' dir='ltr'>est</span> <span class='ocrx_word' id='word_1_689' title='bbox 1402 1059 1428 1082; x_wconf 89' lang='lat' dir='ltr'>et</span> <span class='ocrx_word' id='word_1_690' title='bbox 1451 1053 1603 1090; x_wconf 71' lang='lat' dir='ltr'>saecularis,</span> <span class='ocrx_word' id='word_1_691' title='bbox 1618 1054 1764 1094; x_wconf 79' lang='lat' dir='ltr'>singularis</span> 
     </span>
     <span class='ocr_line' id='line_1_89' title="bbox 1022 1091 1765 1132; baseline 0.004 -12"><span class='ocrx_word' id='word_1_692' title='bbox 1022 1098 1111 1120; x_wconf 90' lang='lat' dir='ltr'>autem</span> <span class='ocrx_word' id='word_1_693' title='bbox 1125 1091 1274 1121; x_wconf 85' lang='lat' dir='ltr'>recordatio</span> <span class='ocrx_word' id='word_1_694' title='bbox 1286 1093 1345 1132; x_wconf 87' lang='lat' dir='ltr'>ejus</span> <span class='ocrx_word' id='word_1_695' title='bbox 1359 1102 1412 1121; x_wconf 90' lang='lat' dir='ltr'>non</span> <span class='ocrx_word' id='word_1_696' title='bbox 1425 1098 1464 1122; x_wconf 83' lang='lat' dir='ltr'>est</span> <span class='ocrx_word' id='word_1_697' title='bbox 1477 1094 1546 1122; x_wconf 89' lang='lat' dir='ltr'>bona</span> <span class='ocrx_word' id='word_1_698' title='bbox 1557 1115 1565 1129; x_wconf 94' lang='lat'><em>‚</em></span> <span class='ocrx_word' id='word_1_699' title='bbox 1580 1100 1627 1122; x_wconf 85' lang='lat' dir='ltr'>aut</span> <span class='ocrx_word' id='word_1_700' title='bbox 1637 1093 1765 1132; x_wconf 82' lang='lat' dir='ltr'>cogitatio</span> 
     </span>
     <span class='ocr_line' id='line_1_90' title="bbox 1021 1131 1760 1173; baseline 0.004 -13"><span class='ocrx_word' id='word_1_701' title='bbox 1021 1131 1168 1171; x_wconf 84' lang='lat' dir='ltr'>displicens</span> <span class='ocrx_word' id='word_1_702' title='bbox 1177 1133 1235 1161; x_wconf 91' lang='lat' dir='ltr'>Deo</span> <span class='ocrx_word' id='word_1_703' title='bbox 1247 1145 1253 1160; x_wconf 90' lang='lat'>:</span> <span class='ocrx_word' id='word_1_704' title='bbox 1268 1131 1316 1161; x_wconf 86' lang='lat' dir='ltr'>ille</span> <span class='ocrx_word' id='word_1_705' title='bbox 1326 1141 1379 1161; x_wconf 90' lang='lat' dir='ltr'>non</span> <span class='ocrx_word' id='word_1_706' title='bbox 1391 1138 1445 1161; x_wconf 82' lang='lat' dir='ltr'>tota</span> <span class='ocrx_word' id='word_1_707' title='bbox 1459 1139 1546 1162; x_wconf 90' lang='lat' dir='ltr'>mente</span> <span class='ocrx_word' id='word_1_708' title='bbox 1558 1131 1655 1173; x_wconf 68' lang='lat' dir='ltr'>diligit</span> <span class='ocrx_word' id='word_1_709' title='bbox 1662 1134 1760 1164; x_wconf 84' lang='lat' dir='ltr'>Deum.</span> 
     </span>
     <span class='ocr_line' id='line_1_91' title="bbox 1021 1172 1762 1211; baseline 0.004 -11"><span class='ocrx_word' id='word_1_710' title='bbox 1021 1172 1070 1201; x_wconf 87' lang='lat'>58.</span> <span class='ocrx_word' id='word_1_711' title='bbox 1086 1172 1152 1200; x_wconf 84' lang='lat' dir='ltr'>Iloc</span> <span class='ocrx_word' id='word_1_712' title='bbox 1165 1178 1206 1200; x_wconf 80' lang='lat' dir='ltr'>est</span> <span class='ocrx_word' id='word_1_713' title='bbox 1217 1177 1342 1211; x_wconf 82' lang='lat' dir='ltr'>primum</span> <span class='ocrx_word' id='word_1_714' title='bbox 1358 1177 1387 1200; x_wconf 82' lang='lat' dir='ltr'>et</span> <span class='ocrx_word' id='word_1_715' title='bbox 1401 1173 1561 1201; x_wconf 69' lang='lat' dir='ltr'>maximum</span> <span class='ocrx_word' id='word_1_716' title='bbox 1579 1175 1762 1203; x_wconf 82' lang='lat' dir='ltr'>mandatum.</span> 
     </span>
     <span class='ocr_line' id='line_1_92' title="bbox 1020 1210 1765 1253; baseline 0.004 -14"><span class='ocrx_word' id='word_1_717' title='bbox 1020 1211 1070 1240; x_wconf 85' lang='lat'>59.</span> <span class='ocrx_word' id='word_1_718' title='bbox 1083 1210 1248 1240; x_wconf 81' lang='lat' dir='ltr'>Secundum</span> <span class='ocrx_word' id='word_1_719' title='bbox 1265 1218 1363 1240; x_wconf 82' lang='lat' dir='ltr'>autem</span> <span class='ocrx_word' id='word_1_720' title='bbox 1379 1212 1475 1241; x_wconf 80' lang='lat' dir='ltr'>simile</span> <span class='ocrx_word' id='word_1_721' title='bbox 1487 1218 1530 1241; x_wconf 78' lang='lat' dir='ltr'>est</span> <span class='ocrx_word' id='word_1_722' title='bbox 1544 1213 1613 1242; x_wconf 78' lang='lat' dir='ltr'>huic</span> <span class='ocrx_word' id='word_1_723' title='bbox 1625 1224 1633 1241; x_wconf 80' lang='lat'>.·</span> <span class='ocrx_word' id='word_1_724' title='bbox 1649 1213 1765 1253; x_wconf 76' lang='lat' dir='ltr'>Diliges</span> 
     </span>
     <span class='ocr_line' id='line_1_93' title="bbox 1017 1252 1764 1291; baseline 0.004 -12"><span class='ocrx_word' id='word_1_725' title='bbox 1017 1252 1183 1290; x_wconf 81' lang='lat' dir='ltr'>proximum</span> <span class='ocrx_word' id='word_1_726' title='bbox 1202 1256 1282 1280; x_wconf 88' lang='lat' dir='ltr'>tuum</span> <span class='ocrx_word' id='word_1_727' title='bbox 1303 1253 1378 1280; x_wconf 83' lang='lat' dir='ltr'>sicut</span> <span class='ocrx_word' id='word_1_728' title='bbox 1401 1253 1534 1291; x_wconf 78' lang='lat' dir='ltr'>teipsum.</span> <span class='ocrx_word' id='word_1_729' title='bbox 1550 1252 1669 1283; x_wconf 86' lang='lat' dir='ltr'>Videtur</span> <span class='ocrx_word' id='word_1_730' title='bbox 1681 1252 1764 1282; x_wconf 78' lang='lat' dir='ltr'>Chri-</span> 
     </span>
     <span class='ocr_line' id='line_1_94' title="bbox 1020 1290 1764 1331; baseline 0.005 -13"><span class='ocrx_word' id='word_1_731' title='bbox 1020 1297 1076 1319; x_wconf 89' lang='lat' dir='ltr'>stus</span> <span class='ocrx_word' id='word_1_732' title='bbox 1090 1300 1142 1319; x_wconf 94' lang='lat' dir='ltr'>non</span> <span class='ocrx_word' id='word_1_733' title='bbox 1156 1290 1191 1319; x_wconf 91' lang='lat' dir='ltr'>ad</span> <span class='ocrx_word' id='word_1_734' title='bbox 1203 1290 1434 1330; x_wconf 88' lang='lat' dir='ltr'>interrogationem</span> <span class='ocrx_word' id='word_1_735' title='bbox 1447 1292 1618 1331; x_wconf 84' lang='lat' dir='ltr'>respondere.</span> <span class='ocrx_word' id='word_1_736' title='bbox 1631 1292 1683 1322; x_wconf 86' lang='lat' dir='ltr'>Ille</span> <span class='ocrx_word' id='word_1_737' title='bbox 1691 1293 1764 1322; x_wconf 88' lang='lat' dir='ltr'>enim</span> 
     </span>
     <span class='ocr_line' id='line_1_95' title="bbox 1021 1329 1763 1371; baseline 0.007 -13"><span class='ocrx_word' id='word_1_738' title='bbox 1021 1329 1119 1358; x_wconf 90' lang='lat' dir='ltr'>interro</span> <span class='ocrx_word' id='word_1_739' title='bbox 1138 1330 1210 1365; x_wconf 84' lang='lat' dir='ltr'>avit,</span> <span class='ocrx_word' id='word_1_740' title='bbox 1237 1330 1324 1367; x_wconf 86' lang='lat' dir='ltr'>Quod</span> <span class='ocrx_word' id='word_1_741' title='bbox 1343 1337 1386 1359; x_wconf 82' lang='lat' dir='ltr'>est</span> <span class='ocrx_word' id='word_1_742' title='bbox 1406 1341 1544 1371; x_wconf 81' lang='lat' dir='ltr'>magnum</span> <span class='ocrx_word' id='word_1_743' title='bbox 1566 1333 1763 1363; x_wconf 77' lang='lat' dir='ltr'>mandatum?</span> 
     </span>
     <span class='ocr_line' id='line_1_96' title="bbox 1022 1340 1765 1408; baseline 0.007 -10"><span class='ocrx_word' id='word_1_744' title='bbox 1022 1370 1103 1405; x_wconf 89' lang='lat' dir='ltr'>Puta,</span> <span class='ocrx_word' id='word_1_745' title='bbox 1115 1340 1197 1404; x_wconf 63' lang='lat' dir='ltr'>(lixit,</span> <span class='ocrx_word' id='word_1_746' title='bbox 1211 1370 1325 1408; x_wconf 85' lang='lat' dir='ltr'>Diliges</span> <span class='ocrx_word' id='word_1_747' title='bbox 1336 1370 1507 1399; x_wconf 84' lang='lat' dir='ltr'>Dominum.</span> <span class='ocrx_word' id='word_1_748' title='bbox 1521 1372 1550 1401; x_wconf 89' lang='lat' dir='ltr'>Si</span> <span class='ocrx_word' id='word_1_749' title='bbox 1563 1372 1652 1401; x_wconf 81' lang='lat' dir='ltr'>voluit</span> <span class='ocrx_word' id='word_1_750' title='bbox 1663 1379 1689 1402; x_wconf 87' lang='lat' dir='ltr'>et</span> <span class='ocrx_word' id='word_1_751' title='bbox 1700 1372 1765 1403; x_wconf 79' lang='lat' dir='ltr'>alte·</span> 
     </span>
     <span class='ocr_line' id='line_1_97' title="bbox 1021 1408 1762 1450; baseline 0.004 -12"><span class='ocrx_word' id='word_1_752' title='bbox 1021 1418 1082 1438; x_wconf 91' lang='lat' dir='ltr'>rum</span> <span class='ocrx_word' id='word_1_753' title='bbox 1091 1408 1247 1437; x_wconf 89' lang='lat' dir='ltr'>mandatum</span> <span class='ocrx_word' id='word_1_754' title='bbox 1256 1408 1394 1445; x_wconf 89' lang='lat' dir='ltr'>inducere,</span> <span class='ocrx_word' id='word_1_755' title='bbox 1405 1409 1500 1439; x_wconf 92' lang='lat' dir='ltr'>debuit</span> <span class='ocrx_word' id='word_1_756' title='bbox 1510 1411 1654 1440; x_wconf 89' lang='lat' dir='ltr'>minimum</span> <span class='ocrx_word' id='word_1_757' title='bbox 1662 1412 1762 1450; x_wconf 77' lang='lat' dir='ltr'>dicere,</span> 
     </span>
     <span class='ocr_line' id='line_1_98' title="bbox 1021 1448 1765 1489; baseline 0.004 -11"><span class='ocrx_word' id='word_1_758' title='bbox 1021 1457 1075 1478; x_wconf 94' lang='lat' dir='ltr'>non</span> <span class='ocrx_word' id='word_1_759' title='bbox 1097 1448 1252 1478; x_wconf 88' lang='lat' dir='ltr'>secundum.</span> <span class='ocrx_word' id='word_1_760' title='bbox 1275 1449 1346 1478; x_wconf 89' lang='lat' dir='ltr'>Nam</span> <span class='ocrx_word' id='word_1_761' title='bbox 1365 1456 1456 1478; x_wconf 85' lang='lat' dir='ltr'>contra</span> <span class='ocrx_word' id='word_1_762' title='bbox 1476 1459 1603 1489; x_wconf 84' lang='lat' dir='ltr'>magnum</span> <span class='ocrx_word' id='word_1_763' title='bbox 1621 1451 1765 1481; x_wconf 88' lang='lat' dir='ltr'>minimum</span> 
     </span>
     <span class='ocr_line' id='line_1_99' title="bbox 1022 1487 1765 1531; baseline 0.005 -14"><span class='ocrx_word' id='word_1_764' title='bbox 1022 1495 1071 1522; x_wconf 86' lang='lat' dir='ltr'>est,</span> <span class='ocrx_word' id='word_1_765' title='bbox 1088 1498 1142 1516; x_wconf 89' lang='lat' dir='ltr'>non</span> <span class='ocrx_word' id='word_1_766' title='bbox 1160 1487 1324 1526; x_wconf 87' lang='lat' dir='ltr'>secundum;</span> <span class='ocrx_word' id='word_1_767' title='bbox 1339 1488 1487 1518; x_wconf 89' lang='lat' dir='ltr'>secundum</span> <span class='ocrx_word' id='word_1_768' title='bbox 1500 1497 1590 1519; x_wconf 85' lang='lat' dir='ltr'>autem</span> <span class='ocrx_word' id='word_1_769' title='bbox 1600 1489 1636 1519; x_wconf 89' lang='lat' dir='ltr'>ad</span> <span class='ocrx_word' id='word_1_770' title='bbox 1646 1492 1765 1531; x_wconf 85' lang='lat' dir='ltr'>primum</span> 
     </span>
     <span class='ocr_line' id='line_1_100' title="bbox 1022 1527 1766 1570; baseline 0.004 -13"><span class='ocrx_word' id='word_1_771' title='bbox 1022 1527 1142 1566; x_wconf 87' lang='lat' dir='ltr'>respicit.</span> <span class='ocrx_word' id='word_1_772' title='bbox 1158 1527 1211 1557; x_wconf 77' lang='lat' dir='ltr'>sed</span> <span class='ocrx_word' id='word_1_773' title='bbox 1225 1527 1289 1557; x_wconf 88' lang='lat' dir='ltr'>vide</span> <span class='ocrx_word' id='word_1_774' title='bbox 1301 1527 1370 1566; x_wconf 85' lang='lat' dir='ltr'>quid</span> <span class='ocrx_word' id='word_1_775' title='bbox 1383 1528 1470 1558; x_wconf 85' lang='lat' dir='ltr'>voluit</span> <span class='ocrx_word' id='word_1_776' title='bbox 1483 1529 1630 1559; x_wconf 88' lang='lat' dir='ltr'>ostendere.</span> <span class='ocrx_word' id='word_1_777' title='bbox 1652 1531 1766 1570; x_wconf 80' lang='lat' dir='ltr'>Diliges</span> 
     </span>
     <span class='ocr_line' id='line_1_101' title="bbox 1023 1568 1766 1609; baseline 0.007 -14"><span class='ocrx_word' id='word_1_778' title='bbox 1023 1568 1184 1596; x_wconf 88' lang='lat' dir='ltr'>Dominum</span> <span class='ocrx_word' id='word_1_779' title='bbox 1194 1590 1203 1602; x_wconf 92' lang='lat'>,</span> <span class='ocrx_word' id='word_1_780' title='bbox 1224 1573 1250 1596; x_wconf 91' lang='lat' dir='ltr'>et</span> <span class='ocrx_word' id='word_1_781' title='bbox 1273 1577 1400 1606; x_wconf 86' lang='lat' dir='ltr'>magnum</span> <span class='ocrx_word' id='word_1_782' title='bbox 1424 1575 1481 1597; x_wconf 80' lang='lat' dir='ltr'>est:</span> <span class='ocrx_word' id='word_1_783' title='bbox 1495 1569 1609 1609; x_wconf 82' lang='lat' dir='ltr'>Diliges</span> <span class='ocrx_word' id='word_1_784' title='bbox 1631 1577 1720 1599; x_wconf 87' lang='lat' dir='ltr'>autem</span> <span class='ocrx_word' id='word_1_785' title='bbox 1739 1577 1766 1600; x_wconf 81' lang='lat' dir='ltr'>et</span> 
     </span>
     <span class='ocr_line' id='line_1_102' title="bbox 1020 1606 1764 1648; baseline 0.005 -13"><span class='ocrx_word' id='word_1_786' title='bbox 1020 1608 1197 1646; x_wconf 83' lang='lat' dir='ltr'>proximum,</span> <span class='ocrx_word' id='word_1_787' title='bbox 1213 1617 1340 1646; x_wconf 86' lang='lat' dir='ltr'>magnum</span> <span class='ocrx_word' id='word_1_788' title='bbox 1354 1606 1464 1646; x_wconf 89' lang='lat' dir='ltr'>quidem</span> <span class='ocrx_word' id='word_1_789' title='bbox 1475 1614 1531 1645; x_wconf 80' lang='lat' dir='ltr'>est,</span> <span class='ocrx_word' id='word_1_790' title='bbox 1546 1608 1665 1648; x_wconf 88' lang='lat' dir='ltr'>primum</span> <span class='ocrx_word' id='word_1_791' title='bbox 1675 1617 1764 1639; x_wconf 85' lang='lat' dir='ltr'>autem</span> 
     </span>
     <span class='ocr_line' id='line_1_103' title="bbox 1021 1645 1904 1690; baseline 0.006 -15"><span class='ocrx_word' id='word_1_792' title='bbox 1021 1657 1074 1675; x_wconf 90' lang='lat' dir='ltr'>non</span> <span class='ocrx_word' id='word_1_793' title='bbox 1089 1653 1127 1675; x_wconf 88' lang='lat' dir='ltr'>est</span> <span class='ocrx_word' id='word_1_794' title='bbox 1141 1658 1147 1674; x_wconf 92' lang='lat'>:</span> <span class='ocrx_word' id='word_1_795' title='bbox 1160 1653 1186 1675; x_wconf 91' lang='lat' dir='ltr'>et</span> <span class='ocrx_word' id='word_1_796' title='bbox 1199 1645 1260 1675; x_wconf 89' lang='lat' dir='ltr'>ideo</span> <span class='ocrx_word' id='word_1_797' title='bbox 1273 1646 1356 1684; x_wconf 84' lang='lat' dir='ltr'>dixit,</span> <span class='ocrx_word' id='word_1_798' title='bbox 1371 1647 1472 1676; x_wconf 85' lang='lat' dir='ltr'>Simile</span> <span class='ocrx_word' id='word_1_799' title='bbox 1481 1653 1534 1677; x_wconf 84' lang='lat' dir='ltr'>est.</span> <span class='ocrx_word' id='word_1_800' title='bbox 1543 1648 1689 1678; x_wconf 83' lang='lat' dir='ltr'>Considera</span> <span class='ocrx_word' id='word_1_801' title='bbox 1700 1660 1764 1690; x_wconf 81' lang='lat' dir='ltr'>ergo</span> <span class='ocrx_word' id='word_1_802' title='bbox 1836 1658 1904 1680; x_wconf 79' lang='lat' dir='ltr'>mei</span> 
     </span>
     <span class='ocr_line' id='line_1_104' title="bbox 1022 1685 1904 1729; baseline 0.005 -13"><span class='ocrx_word' id='word_1_803' title='bbox 1022 1685 1262 1726; x_wconf 87' lang='lat' dir='ltr'>mysterium.Quis</span> <span class='ocrx_word' id='word_1_804' title='bbox 1269 1693 1307 1716; x_wconf 91' lang='lat' dir='ltr'>est</span> <span class='ocrx_word' id='word_1_805' title='bbox 1314 1687 1455 1726; x_wconf 83' lang='lat' dir='ltr'>proximus</span> <span class='ocrx_word' id='word_1_806' title='bbox 1462 1687 1566 1717; x_wconf 75' lang='lat' dir='ltr'>noster?</span> <span class='ocrx_word' id='word_1_807' title='bbox 1573 1688 1708 1726; x_wconf 82' lang='lat' dir='ltr'>Christus,</span> <span class='ocrx_word' id='word_1_808' title='bbox 1716 1690 1763 1729; x_wconf 89' lang='lat' dir='ltr'>qui</span> <span class='ocrx_word' id='word_1_809' title='bbox 1774 1696 1822 1725; x_wconf 65' lang='lat'>&#39;²¹¹3‘</span> <span class='ocrx_word' id='word_1_810' title='bbox 1830 1694 1904 1712; x_wconf 77' lang='lat'>¹¹⁰⁸¹¹¹¹</span> 
     </span>
     <span class='ocr_line' id='line_1_105' title="bbox 1022 1725 1831 1771; baseline 0.007 -17"><span class='ocrx_word' id='word_1_811' title='bbox 1022 1725 1169 1771; x_wconf 81' lang='lat' dir='ltr'>suscipiens</span> <span class='ocrx_word' id='word_1_812' title='bbox 1178 1736 1285 1755; x_wconf 89' lang='lat' dir='ltr'>carnem</span> <span class='ocrx_word' id='word_1_813' title='bbox 1291 1733 1420 1760; x_wconf 78' lang='lat' dir='ltr'>nostram,</span> <span class='ocrx_word' id='word_1_814' title='bbox 1427 1727 1513 1756; x_wconf 81' lang='lat' dir='ltr'>factus</span> <span class='ocrx_word' id='word_1_815' title='bbox 1519 1734 1559 1757; x_wconf 85' lang='lat' dir='ltr'>est</span> <span class='ocrx_word' id='word_1_816' title='bbox 1564 1728 1705 1768; x_wconf 86' lang='lat' dir='ltr'>proximus</span> <span class='ocrx_word' id='word_1_817' title='bbox 1715 1739 1763 1759; x_wconf 88' lang='lat' dir='ltr'>no—</span> <span class='ocrx_word' id='word_1_818' title='bbox 1772 1727 1831 1749; x_wconf 73' lang='lat'>‘¹⁰¹¹&#39;</span> 
     </span>
    </p>

    <p class='ocr_par' dir='ltr' id='par_1_14' title="bbox 1021 1765 1764 1806">
     <span class='ocr_line' id='line_1_106' title="bbox 1021 1765 1764 1806; baseline 0.007 -12"><span class='ocrx_word' id='word_1_819' title='bbox 1021 1766 1075 1801; x_wconf 91' lang='lat' dir='ltr'>bis,</span> <span class='ocrx_word' id='word_1_820' title='bbox 1083 1772 1152 1795; x_wconf 81' lang='lat' dir='ltr'>sicut</span> <span class='ocrx_word' id='word_1_821' title='bbox 1160 1765 1186 1794; x_wconf 92' lang='lat' dir='ltr'>in</span> <span class='ocrx_word' id='word_1_822' title='bbox 1197 1766 1324 1806; x_wconf 85' lang='lat' dir='ltr'>parabola</span> <span class='ocrx_word' id='word_1_823' title='bbox 1332 1766 1378 1796; x_wconf 92' lang='lat' dir='ltr'>illa</span> <span class='ocrx_word' id='word_1_824' title='bbox 1387 1766 1512 1796; x_wconf 83' lang='lat' dir='ltr'>Christus</span> <span class='ocrx_word' id='word_1_825' title='bbox 1521 1768 1649 1804; x_wconf 88' lang='lat' dir='ltr'>ostendit,</span> <span class='ocrx_word' id='word_1_826' title='bbox 1654 1779 1716 1799; x_wconf 88' lang='lat' dir='ltr'>cum</span> <span class='ocrx_word' id='word_1_827' title='bbox 1726 1769 1764 1798; x_wconf 93' lang='lat' dir='ltr'>in-</span> 
     </span>
    </p>

    <p class='ocr_par' dir='ltr' id='par_1_15' title="bbox 1019 1805 1904 1967">
     <span class='ocr_line' id='line_1_107' title="bbox 1021 1805 1904 1846; baseline 0.006 -12"><span class='ocrx_word' id='word_1_828' title='bbox 1021 1812 1138 1844; x_wconf 84' lang='lat' dir='ltr'>terrogat</span> <span class='ocrx_word' id='word_1_829' title='bbox 1147 1805 1313 1835; x_wconf 81' lang='lat' dir='ltr'>Pharisaeus:</span> <span class='ocrx_word' id='word_1_830' title='bbox 1324 1806 1366 1835; x_wconf 79' lang='grc' dir='ltr'>Ει</span> <span class='ocrx_word' id='word_1_831' title='bbox 1377 1808 1443 1846; x_wconf 80' lang='lat' dir='ltr'>quis</span> <span class='ocrx_word' id='word_1_832' title='bbox 1450 1813 1494 1836; x_wconf 82' lang='lat' dir='ltr'>est</span> <span class='ocrx_word' id='word_1_833' title='bbox 1507 1815 1587 1837; x_wconf 81' lang='lat' dir='ltr'>meus</span> <span class='ocrx_word' id='word_1_834' title='bbox 1591 1810 1762 1846; x_wconf 72' lang='lat' dir='ltr'>proximus?</span> <span class='ocrx_word' id='word_1_835' title='bbox 1773 1815 1904 1844; x_wconf 66' lang='grc' dir='ltr'>ιτα-πως</span> 
     </span>
     <span class='ocr_line' id='line_1_108' title="bbox 1019 1844 1761 1886; baseline 0.008 -13"><span class='ocrx_word' id='word_1_836' title='bbox 1019 1844 1111 1874; x_wconf 89' lang='lat' dir='ltr'>Introd</span> <span class='ocrx_word' id='word_1_837' title='bbox 1116 1845 1169 1874; x_wconf 91' lang='lat' dir='ltr'>ucit</span> <span class='ocrx_word' id='word_1_838' title='bbox 1181 1845 1317 1875; x_wconf 87' lang='lat' dir='ltr'>hominem</span> <span class='ocrx_word' id='word_1_839' title='bbox 1327 1846 1497 1876; x_wconf 84' lang='lat' dir='ltr'>vulneratum</span> <span class='ocrx_word' id='word_1_840' title='bbox 1507 1858 1522 1876; x_wconf 87' lang='lat' dir='ltr'>a</span> <span class='ocrx_word' id='word_1_841' title='bbox 1534 1847 1693 1886; x_wconf 83' lang='lat' dir='ltr'>latronibus,</span> <span class='ocrx_word' id='word_1_842' title='bbox 1708 1856 1733 1879; x_wconf 88' lang='lat' dir='ltr'>et</span> <span class='ocrx_word' id='word_1_843' title='bbox 1745 1861 1761 1879; x_wconf 86' lang='lat' dir='ltr'>a</span> 
     </span>
     <span class='ocr_line' id='line_1_109' title="bbox 1020 1884 1870 1925; baseline 0.005 -12"><span class='ocrx_word' id='word_1_844' title='bbox 1020 1884 1203 1914; x_wconf 82' lang='lat' dir='ltr'>sacerdotibus</span> <span class='ocrx_word' id='word_1_845' title='bbox 1216 1885 1371 1925; x_wconf 88' lang='lat' dir='ltr'>despectum</span> <span class='ocrx_word' id='word_1_846' title='bbox 1379 1907 1387 1921; x_wconf 95' lang='lat'><strong><em>‚</em></strong></span> <span class='ocrx_word' id='word_1_847' title='bbox 1402 1897 1418 1915; x_wconf 92' lang='lat' dir='ltr'>a</span> <span class='ocrx_word' id='word_1_848' title='bbox 1430 1887 1603 1917; x_wconf 83' lang='lat' dir='ltr'>Samaritanis</span> <span class='ocrx_word' id='word_1_849' title='bbox 1613 1894 1701 1918; x_wconf 88' lang='lat' dir='ltr'>autem</span> <span class='ocrx_word' id='word_1_850' title='bbox 1715 1900 1758 1919; x_wconf 87' lang='lat' dir='ltr'>re·</span> <span class='ocrx_word' id='word_1_851' title='bbox 1769 1899 1870 1917; x_wconf 67' lang='lat' dir='ltr'>anm</span> 
     </span>
     <span class='ocr_line' id='line_1_110' title="bbox 1019 1925 1761 1967; baseline 0.007 -14"><span class='ocrx_word' id='word_1_852' title='bbox 1019 1931 1138 1965; x_wconf 81' lang='lat' dir='ltr'>ceptum,</span> <span class='ocrx_word' id='word_1_853' title='bbox 1153 1925 1199 1963; x_wconf 86' lang='lat' dir='ltr'>qui</span> <span class='ocrx_word' id='word_1_854' title='bbox 1212 1932 1251 1954; x_wconf 58' lang='lat' dir='ltr'>est</span> <span class='ocrx_word' id='word_1_855' title='bbox 1260 1926 1318 1965; x_wconf 85' lang='lat' dir='ltr'>ipse</span> <span class='ocrx_word' id='word_1_856' title='bbox 1329 1925 1463 1955; x_wconf 88' lang='lat' dir='ltr'>Christus.</span> <span class='ocrx_word' id='word_1_857' title='bbox 1477 1927 1551 1967; x_wconf 89' lang='lat' dir='ltr'>Ergo</span> <span class='ocrx_word' id='word_1_858' title='bbox 1560 1927 1678 1967; x_wconf 84' lang='lat' dir='ltr'>primum</span> <span class='ocrx_word' id='word_1_859' title='bbox 1686 1939 1761 1958; x_wconf 72' lang='lat' dir='ltr'>man-</span> 
     </span>
    </p>

    <p class='ocr_par' dir='ltr' id='par_1_16' title="bbox 1018 1964 1760 2047">
     <span class='ocr_line' id='line_1_111' title="bbox 1019 1964 1760 2006; baseline 0.008 -14"><span class='ocrx_word' id='word_1_860' title='bbox 1019 1964 1113 1993; x_wconf 84' lang='lat' dir='ltr'>datum</span> <span class='ocrx_word' id='word_1_861' title='bbox 1134 1971 1173 1993; x_wconf 89' lang='lat' dir='ltr'>est</span> <span class='ocrx_word' id='word_1_862' title='bbox 1187 1975 1326 2004; x_wconf 82' lang='lat' dir='ltr'>maguum,</span> <span class='ocrx_word' id='word_1_863' title='bbox 1341 1967 1428 1995; x_wconf 85' lang='lat' dir='ltr'>Deum</span> <span class='ocrx_word' id='word_1_864' title='bbox 1441 1967 1546 1996; x_wconf 87' lang='lat' dir='ltr'>Patrem</span> <span class='ocrx_word' id='word_1_865' title='bbox 1568 1966 1681 2006; x_wconf 81' lang='lat' dir='ltr'>diligere</span> <span class='ocrx_word' id='word_1_866' title='bbox 1694 1980 1701 1997; x_wconf 75' lang='grc' dir='ltr'><em>τ</em></span> <span class='ocrx_word' id='word_1_867' title='bbox 1716 1979 1760 1998; x_wconf 85' lang='lat' dir='ltr'>se-</span> 
     </span>
     <span class='ocr_line' id='line_1_112' title="bbox 1018 2003 1758 2047; baseline 0.008 -15"><span class='ocrx_word' id='word_1_868' title='bbox 1018 2003 1138 2033; x_wconf 86' lang='lat' dir='ltr'>cundum</span> <span class='ocrx_word' id='word_1_869' title='bbox 1151 2010 1240 2033; x_wconf 82' lang='lat' dir='ltr'>autem</span> <span class='ocrx_word' id='word_1_870' title='bbox 1253 2011 1279 2034; x_wconf 92' lang='lat' dir='ltr'>et</span> <span class='ocrx_word' id='word_1_871' title='bbox 1290 2005 1378 2034; x_wconf 81' lang='lat' dir='ltr'>simile</span> <span class='ocrx_word' id='word_1_872' title='bbox 1386 2011 1435 2040; x_wconf 85' lang='lat' dir='ltr'>est,</span> <span class='ocrx_word' id='word_1_873' title='bbox 1449 2005 1498 2035; x_wconf 88' lang='lat' dir='ltr'>Dei</span> <span class='ocrx_word' id='word_1_874' title='bbox 1510 2007 1615 2036; x_wconf 68' lang='lat' dir='ltr'>Filium⁴</span> <span class='ocrx_word' id='word_1_875' title='bbox 1627 2007 1758 2047; x_wconf 79' lang='lat' dir='ltr'>diligere,</span> 
     </span>
    </p>

    <p class='ocr_par' dir='ltr' id='par_1_17' title="bbox 1018 2043 1757 2086">
     <span class='ocr_line' id='line_1_113' title="bbox 1018 2043 1757 2086; baseline 0.007 -14"><span class='ocrx_word' id='word_1_876' title='bbox 1018 2043 1047 2072; x_wconf 90' lang='lat' dir='ltr'>id</span> <span class='ocrx_word' id='word_1_877' title='bbox 1059 2050 1098 2072; x_wconf 88' lang='lat' dir='ltr'>est</span> <span class='ocrx_word' id='word_1_878' title='bbox 1109 2066 1116 2078; x_wconf 96' lang='lat'>,</span> <span class='ocrx_word' id='word_1_879' title='bbox 1130 2053 1288 2082; x_wconf 86' lang='lat' dir='ltr'>cognoscere</span> <span class='ocrx_word' id='word_1_880' title='bbox 1299 2057 1306 2072; x_wconf 86' lang='grc'>.-</span> <span class='ocrx_word' id='word_1_881' title='bbox 1318 2055 1381 2084; x_wconf 86' lang='lat' dir='ltr'>ergo</span> <span class='ocrx_word' id='word_1_882' title='bbox 1400 2045 1487 2074; x_wconf 83' lang='lat' dir='ltr'>Filius</span> <span class='ocrx_word' id='word_1_883' title='bbox 1504 2046 1555 2075; x_wconf 88' lang='lat' dir='ltr'>Dei</span> <span class='ocrx_word' id='word_1_884' title='bbox 1575 2056 1688 2086; x_wconf 86' lang='lat' dir='ltr'>maguus</span> <span class='ocrx_word' id='word_1_885' title='bbox 1701 2055 1757 2084; x_wconf 89' lang='lat' dir='ltr'>est,</span> 
     </span>
    </p>

    <p class='ocr_par' dir='ltr' id='par_1_18' title="bbox 1012 2083 1904 2639">
     <span class='ocr_line' id='line_1_114' title="bbox 1017 2083 1760 2124; baseline 0.007 -13"><span class='ocrx_word' id='word_1_886' title='bbox 1017 2083 1087 2112; x_wconf 89' lang='lat' dir='ltr'>sicut</span> <span class='ocrx_word' id='word_1_887' title='bbox 1100 2084 1184 2112; x_wconf 88' lang='lat' dir='ltr'>Pater.</span> <span class='ocrx_word' id='word_1_888' title='bbox 1198 2083 1337 2122; x_wconf 82' lang='lat' dir='ltr'>Quicquid</span> <span class='ocrx_word' id='word_1_889' title='bbox 1346 2083 1417 2112; x_wconf 89' lang='lat' dir='ltr'>enim</span> <span class='ocrx_word' id='word_1_890' title='bbox 1430 2085 1508 2113; x_wconf 87' lang='lat' dir='ltr'>Pater</span> <span class='ocrx_word' id='word_1_891' title='bbox 1522 2091 1624 2124; x_wconf 87' lang='lat' dir='ltr'>potest,</span> <span class='ocrx_word' id='word_1_892' title='bbox 1635 2092 1661 2115; x_wconf 82' lang='lat' dir='ltr'>et</span> <span class='ocrx_word' id='word_1_893' title='bbox 1672 2086 1760 2116; x_wconf 88' lang='lat' dir='ltr'>Filius</span> 
     </span>
     <span class='ocr_line' id='line_1_115' title="bbox 1017 2118 1904 2163; baseline 0.006 -12"><span class='ocrx_word' id='word_1_894' title='bbox 1017 2129 1114 2162; x_wconf 84' lang='lat' dir='ltr'>potest.</span> <span class='ocrx_word' id='word_1_895' title='bbox 1138 2124 1230 2151; x_wconf 74' lang='lat' dir='ltr'>Pater</span> <span class='ocrx_word' id='word_1_896' title='bbox 1250 2123 1323 2152; x_wconf 88' lang='lat' dir='ltr'>enim</span> <span class='ocrx_word' id='word_1_897' title='bbox 1346 2123 1444 2163; x_wconf 78' lang='lat' dir='ltr'>diligit</span> <span class='ocrx_word' id='word_1_898' title='bbox 1469 2124 1578 2154; x_wconf 80' lang='lat' dir='ltr'>Filium</span> <span class='ocrx_word' id='word_1_899' title='bbox 1588 2147 1596 2160; x_wconf 83' lang='lat'>,</span> <span class='ocrx_word' id='word_1_900' title='bbox 1610 2131 1638 2154; x_wconf 83' lang='lat' dir='ltr'>et</span> <span class='ocrx_word' id='word_1_901' title='bbox 1661 2129 1760 2156; x_wconf 83' lang='lat' dir='ltr'>omnia</span> <span class='ocrx_word' id='word_1_902' title='bbox 1769 2118 1904 2160; x_wconf 56' lang='lat' dir='ltr'>loun-3³2*</span> 
     </span>
     <span class='ocr_line' id='line_1_116' title="bbox 1018 2161 1901 2202; baseline 0.008 -12"><span class='ocrx_word' id='word_1_903' title='bbox 1018 2162 1099 2190; x_wconf 79' lang='lat' dir='ltr'>dedit</span> <span class='ocrx_word' id='word_1_904' title='bbox 1108 2163 1139 2190; x_wconf 84' lang='lat' dir='ltr'>in</span> <span class='ocrx_word' id='word_1_905' title='bbox 1149 2172 1238 2192; x_wconf 84' lang='lat' dir='ltr'>manu</span> <span class='ocrx_word' id='word_1_906' title='bbox 1250 2164 1321 2202; x_wconf 81' lang='lat' dir='ltr'>ejus.</span> <span class='ocrx_word' id='word_1_907' title='bbox 1334 2161 1387 2192; x_wconf 84' lang='lat' dir='ltr'>Sed</span> <span class='ocrx_word' id='word_1_908' title='bbox 1396 2162 1459 2201; x_wconf 84' lang='lat' dir='ltr'>quia</span> <span class='ocrx_word' id='word_1_909' title='bbox 1470 2164 1558 2193; x_wconf 88' lang='lat' dir='ltr'>omnia</span> <span class='ocrx_word' id='word_1_910' title='bbox 1573 2164 1669 2201; x_wconf 86' lang='lat' dir='ltr'>Filius,</span> <span class='ocrx_word' id='word_1_911' title='bbox 1680 2165 1760 2196; x_wconf 87' lang='lat' dir='ltr'>dante</span> <span class='ocrx_word' id='word_1_912' title='bbox 1899 2161 1901 2165; x_wconf 43' lang='lat'>⁵</span> 
     </span>
     <span class='ocr_line' id='line_1_117' title="bbox 1017 2202 1759 2245; baseline 0.007 -15"><span class='ocrx_word' id='word_1_913' title='bbox 1017 2202 1111 2238; x_wconf 85' lang='lat' dir='ltr'>Patre,</span> <span class='ocrx_word' id='word_1_914' title='bbox 1133 2208 1237 2241; x_wconf 90' lang='lat' dir='ltr'>potest,</span> <span class='ocrx_word' id='word_1_915' title='bbox 1261 2202 1330 2231; x_wconf 88' lang='lat' dir='ltr'>sicut</span> <span class='ocrx_word' id='word_1_916' title='bbox 1353 2203 1446 2239; x_wconf 82' lang='lat' dir='ltr'>Pater,</span> <span class='ocrx_word' id='word_1_917' title='bbox 1473 2202 1533 2232; x_wconf 87' lang='lat' dir='ltr'>ideo</span> <span class='ocrx_word' id='word_1_918' title='bbox 1547 2205 1625 2233; x_wconf 87' lang='lat' dir='ltr'>Pater</span> <span class='ocrx_word' id='word_1_919' title='bbox 1645 2215 1759 2245; x_wconf 84' lang='lat' dir='ltr'>magnus</span> 
     </span>
     <span class='ocr_line' id='line_1_118' title="bbox 1016 2241 1760 2284; baseline 0.008 -15"><span class='ocrx_word' id='word_1_920' title='bbox 1016 2242 1089 2270; x_wconf 90' lang='lat' dir='ltr'>Deus</span> <span class='ocrx_word' id='word_1_921' title='bbox 1102 2247 1128 2269; x_wconf 85' lang='lat' dir='ltr'>et</span> <span class='ocrx_word' id='word_1_922' title='bbox 1142 2241 1258 2280; x_wconf 79' lang='lat' dir='ltr'>primus.</span> <span class='ocrx_word' id='word_1_923' title='bbox 1272 2241 1360 2270; x_wconf 90' lang='lat' dir='ltr'>Filius</span> <span class='ocrx_word' id='word_1_924' title='bbox 1373 2249 1462 2271; x_wconf 89' lang='lat' dir='ltr'>autem</span> <span class='ocrx_word' id='word_1_925' title='bbox 1483 2253 1596 2282; x_wconf 84' lang='lat' dir='ltr'>magnus</span> <span class='ocrx_word' id='word_1_926' title='bbox 1609 2245 1681 2274; x_wconf 87' lang='lat' dir='ltr'>Deus</span> <span class='ocrx_word' id='word_1_927' title='bbox 1693 2245 1760 2284; x_wconf 87' lang='lat' dir='ltr'>qui-</span> 
     </span>
     <span class='ocr_line' id='line_1_119' title="bbox 1015 2279 1756 2323; baseline 0.007 -14"><span class='ocrx_word' id='word_1_928' title='bbox 1015 2279 1075 2309; x_wconf 90' lang='lat' dir='ltr'>dem</span> <span class='ocrx_word' id='word_1_929' title='bbox 1087 2302 1095 2317; x_wconf 89' lang='lat'>,</span> <span class='ocrx_word' id='word_1_930' title='bbox 1118 2290 1170 2309; x_wconf 87' lang='lat' dir='ltr'>non</span> <span class='ocrx_word' id='word_1_931' title='bbox 1195 2287 1282 2310; x_wconf 86' lang='lat' dir='ltr'>tamen</span> <span class='ocrx_word' id='word_1_932' title='bbox 1306 2281 1427 2320; x_wconf 85' lang='lat' dir='ltr'>primus,</span> <span class='ocrx_word' id='word_1_933' title='bbox 1445 2282 1515 2312; x_wconf 89' lang='lat' dir='ltr'>sicut</span> <span class='ocrx_word' id='word_1_934' title='bbox 1536 2283 1573 2312; x_wconf 89' lang='lat' dir='ltr'>ait</span> <span class='ocrx_word' id='word_1_935' title='bbox 1594 2284 1732 2323; x_wconf 89' lang='lat' dir='ltr'>apostolus</span> <span class='ocrx_word' id='word_1_936' title='bbox 1747 2297 1756 2314; x_wconf 72' lang='lat' dir='ltr'><em>z</em></span> 
     </span>
     <span class='ocr_line' id='line_1_120' title="bbox 1015 2321 1904 2362; baseline 0.008 -14"><span class='ocrx_word' id='word_1_937' title='bbox 1015 2321 1225 2359; x_wconf 80' lang='lat' dir='ltr'>Exspectantes</span> <span class='ocrx_word' id='word_1_938' title='bbox 1236 2322 1396 2350; x_wconf 78' lang='lat' dir='ltr'>adventum</span> <span class='ocrx_word' id='word_1_939' title='bbox 1411 2324 1511 2362; x_wconf 76' lang='lat' dir='ltr'>magni</span> <span class='ocrx_word' id='word_1_940' title='bbox 1525 2323 1592 2359; x_wconf 71' lang='lat' dir='ltr'>Dei,</span> <span class='ocrx_word' id='word_1_941' title='bbox 1605 2330 1634 2352; x_wconf 81' lang='lat' dir='ltr'>et</span> <span class='ocrx_word' id='word_1_942' title='bbox 1649 2323 1757 2353; x_wconf 82' lang='lat' dir='ltr'>Salva·</span> <span class='ocrx_word' id='word_1_943' title='bbox 1770 2329 1818 2350; x_wconf 76' lang='lat' dir='ltr'>Tic.</span> <span class='ocrx_word' id='word_1_944' title='bbox 1831 2336 1854 2351; x_wconf 82' lang='lat'>²·</span> <span class='ocrx_word' id='word_1_945' title='bbox 1871 2327 1904 2355; x_wconf 57' lang='lat'>13&amp;</span> 
     </span>
     <span class='ocr_line' id='line_1_121' title="bbox 1016 2361 1758 2402; baseline 0.005 -14"><span class='ocrx_word' id='word_1_946' title='bbox 1016 2362 1087 2388; x_wconf 81' lang='lat' dir='ltr'>toris</span> <span class='ocrx_word' id='word_1_947' title='bbox 1106 2362 1197 2389; x_wconf 79' lang='lat' dir='ltr'>nostri</span> <span class='ocrx_word' id='word_1_948' title='bbox 1210 2361 1281 2390; x_wconf 80' lang='lat' dir='ltr'>Jesu</span> <span class='ocrx_word' id='word_1_949' title='bbox 1302 2361 1422 2391; x_wconf 79' lang='lat' dir='ltr'>Christi.</span> <span class='ocrx_word' id='word_1_950' title='bbox 1437 2363 1476 2391; x_wconf 93' lang='lat' dir='ltr'>Ut</span> <span class='ocrx_word' id='word_1_951' title='bbox 1492 2369 1581 2391; x_wconf 85' lang='lat' dir='ltr'>autem</span> <span class='ocrx_word' id='word_1_952' title='bbox 1599 2362 1758 2402; x_wconf 78' lang='lat' dir='ltr'>simpliciter</span> 
     </span>
     <span class='ocr_line' id='line_1_122' title="bbox 1015 2399 1758 2440; baseline 0.004 -12"><span class='ocrx_word' id='word_1_953' title='bbox 1015 2399 1207 2438; x_wconf 83' lang='lat' dir='ltr'>intelligamus,</span> <span class='ocrx_word' id='word_1_954' title='bbox 1216 2400 1369 2440; x_wconf 83' lang='lat' dir='ltr'>proximum</span> <span class='ocrx_word' id='word_1_955' title='bbox 1378 2408 1500 2431; x_wconf 85' lang='lat' dir='ltr'>nostrum</span> <span class='ocrx_word' id='word_1_956' title='bbox 1508 2412 1613 2431; x_wconf 88' lang='lat' dir='ltr'>omnem</span> <span class='ocrx_word' id='word_1_957' title='bbox 1622 2402 1758 2432; x_wconf 87' lang='lat' dir='ltr'>hominem</span> 
     </span>
     <span class='ocr_line' id='line_1_123' title="bbox 1014 2439 1758 2479; baseline 0.005 -12"><span class='ocrx_word' id='word_1_958' title='bbox 1014 2449 1070 2467; x_wconf 88' lang='lat' dir='ltr'>esse</span> <span class='ocrx_word' id='word_1_959' title='bbox 1088 2439 1194 2469; x_wconf 80' lang='lat' dir='ltr'>fidelem</span> <span class='ocrx_word' id='word_1_960' title='bbox 1205 2462 1212 2476; x_wconf 88' lang='lat'>‚</span> <span class='ocrx_word' id='word_1_961' title='bbox 1229 2441 1276 2479; x_wconf 91' lang='lat' dir='ltr'>qui</span> <span class='ocrx_word' id='word_1_962' title='bbox 1292 2440 1426 2470; x_wconf 85' lang='lat' dir='ltr'>hominem</span> <span class='ocrx_word' id='word_1_963' title='bbox 1447 2448 1517 2471; x_wconf 91' lang='lat' dir='ltr'>amat</span> <span class='ocrx_word' id='word_1_964' title='bbox 1533 2441 1657 2477; x_wconf 83' lang='lat' dir='ltr'>fidelem,</span> <span class='ocrx_word' id='word_1_965' title='bbox 1669 2442 1758 2472; x_wconf 88' lang='lat' dir='ltr'>simile</span> 
     </span>
     <span class='ocr_line' id='line_1_124' title="bbox 1013 2478 1757 2521; baseline 0.005 -14"><span class='ocrx_word' id='word_1_966' title='bbox 1013 2486 1052 2507; x_wconf 88' lang='lat' dir='ltr'>est</span> <span class='ocrx_word' id='word_1_967' title='bbox 1075 2478 1144 2508; x_wconf 89' lang='lat' dir='ltr'>sicut</span> <span class='ocrx_word' id='word_1_968' title='bbox 1163 2480 1211 2518; x_wconf 91' lang='lat' dir='ltr'>qui</span> <span class='ocrx_word' id='word_1_969' title='bbox 1233 2487 1304 2509; x_wconf 80' lang='lat' dir='ltr'>amat</span> <span class='ocrx_word' id='word_1_970' title='bbox 1326 2481 1413 2510; x_wconf 85' lang='lat' dir='ltr'>Deum</span> <span class='ocrx_word' id='word_1_971' title='bbox 1423 2503 1430 2517; x_wconf 95' lang='lat'>,</span> <span class='ocrx_word' id='word_1_972' title='bbox 1455 2481 1519 2520; x_wconf 87' lang='lat' dir='ltr'>quia</span> <span class='ocrx_word' id='word_1_973' title='bbox 1541 2482 1628 2521; x_wconf 86' lang='lat' dir='ltr'>imago</span> <span class='ocrx_word' id='word_1_974' title='bbox 1653 2482 1703 2511; x_wconf 91' lang='lat' dir='ltr'>Dei</span> <span class='ocrx_word' id='word_1_975' title='bbox 1718 2489 1757 2511; x_wconf 91' lang='lat' dir='ltr'>est</span> 
     </span>
     <span class='ocr_line' id='line_1_125' title="bbox 1013 2518 1756 2558; baseline 0.007 -12"><span class='ocrx_word' id='word_1_976' title='bbox 1013 2518 1105 2547; x_wconf 87' lang='lat' dir='ltr'>homo.</span> <span class='ocrx_word' id='word_1_977' title='bbox 1121 2518 1197 2549; x_wconf 90' lang='lat' dir='ltr'>Sicut</span> <span class='ocrx_word' id='word_1_978' title='bbox 1219 2519 1246 2548; x_wconf 93' lang='lat' dir='ltr'>in</span> <span class='ocrx_word' id='word_1_979' title='bbox 1269 2519 1386 2557; x_wconf 80' lang='lat' dir='ltr'>imagine</span> <span class='ocrx_word' id='word_1_980' title='bbox 1399 2531 1446 2549; x_wconf 92' lang='lat' dir='ltr'>sua</span> <span class='ocrx_word' id='word_1_981' title='bbox 1467 2531 1516 2550; x_wconf 84' lang='lat' dir='ltr'>rex</span> <span class='ocrx_word' id='word_1_982' title='bbox 1532 2520 1696 2558; x_wconf 89' lang='lat' dir='ltr'>honoratur,</span> <span class='ocrx_word' id='word_1_983' title='bbox 1712 2522 1756 2551; x_wconf 83' lang='lat' dir='ltr'>vel</span> 
     </span>
     <span class='ocr_line' id='line_1_126' title="bbox 1012 2558 1754 2600; baseline 0.005 -14"><span class='ocrx_word' id='word_1_984' title='bbox 1012 2560 1191 2587; x_wconf 89' lang='lat' dir='ltr'>contemnitur</span> <span class='ocrx_word' id='word_1_985' title='bbox 1200 2582 1208 2595; x_wconf 93' lang='lat'>‚</span> <span class='ocrx_word' id='word_1_986' title='bbox 1223 2558 1261 2588; x_wconf 90' lang='lat' dir='ltr'>sic</span> <span class='ocrx_word' id='word_1_987' title='bbox 1274 2566 1301 2588; x_wconf 89' lang='lat' dir='ltr'>et</span> <span class='ocrx_word' id='word_1_988' title='bbox 1315 2561 1387 2589; x_wconf 86' lang='lat' dir='ltr'>Deus</span> <span class='ocrx_word' id='word_1_989' title='bbox 1400 2560 1427 2589; x_wconf 91' lang='lat' dir='ltr'>in</span> <span class='ocrx_word' id='word_1_990' title='bbox 1446 2560 1553 2589; x_wconf 86' lang='lat' dir='ltr'>homine</span> <span class='ocrx_word' id='word_1_991' title='bbox 1564 2560 1607 2589; x_wconf 86' lang='lat' dir='ltr'>vel</span> <span class='ocrx_word' id='word_1_992' title='bbox 1621 2560 1754 2600; x_wconf 85' lang='lat' dir='ltr'>diligitur,</span> 
     </span>
     <span class='ocr_line' id='line_1_127' title="bbox 1012 2597 1755 2639; baseline 0.004 -12"><span class='ocrx_word' id='word_1_993' title='bbox 1012 2598 1054 2627; x_wconf 84' lang='lat' dir='ltr'>vel</span> <span class='ocrx_word' id='word_1_994' title='bbox 1069 2597 1169 2628; x_wconf 86' lang='lat' dir='ltr'>oditur.</span> <span class='ocrx_word' id='word_1_995' title='bbox 1184 2600 1244 2629; x_wconf 90' lang='lat' dir='ltr'>Non</span> <span class='ocrx_word' id='word_1_996' title='bbox 1257 2606 1343 2638; x_wconf 82' lang='lat' dir='ltr'>potest</span> <span class='ocrx_word' id='word_1_997' title='bbox 1355 2598 1490 2630; x_wconf 84' lang='lat' dir='ltr'>hominem</span> <span class='ocrx_word' id='word_1_998' title='bbox 1503 2599 1590 2638; x_wconf 84' lang='lat' dir='ltr'>odire,</span> <span class='ocrx_word' id='word_1_999' title='bbox 1605 2600 1653 2639; x_wconf 89' lang='lat' dir='ltr'>qui</span> <span class='ocrx_word' id='word_1_1000' title='bbox 1668 2601 1755 2630; x_wconf 80' lang='lat' dir='ltr'>Deum</span> 
     </span>
    </p>
   </div>
   <div class='ocr_carea' id='block_1_11' title="bbox 1898 2072 1904 2094">
    <p class='ocr_par' dir='ltr' id='par_1_19' title="bbox 1898 2072 1904 2094">
     <span class='ocr_line' id='line_1_128' title="bbox 1898 2072 1904 2094; baseline 0 0"><span class='ocrx_word' id='word_1_1001' title='bbox 1898 2072 1904 2094; x_wconf 69' lang='grc' dir='ltr'><em>ἑ</em></span> 
     </span>
    </p>
   </div>
   <div class='ocr_carea' id='block_1_12' title="bbox 1894 2185 1904 2218">
    <p class='ocr_par' dir='ltr' id='par_1_20' title="bbox 1894 2185 1904 2218">
     <span class='ocr_line' id='line_1_129' title="bbox 1894 2185 1904 2218; baseline 0 -4"><span class='ocrx_word' id='word_1_1002' title='bbox 1894 2185 1904 2218; x_wconf 70' lang='grc' dir='ltr'>,ι</span> 
     </span>
    </p>
   </div>
   <div class='ocr_carea' id='block_1_13' title="bbox 1890 2407 1904 2523">
    <p class='ocr_par' dir='ltr' id='par_1_21' title="bbox 1890 2407 1904 2523">
     <span class='ocr_line' id='line_1_130' title="bbox 1890 2407 1904 2523; baseline 0 0"><span class='ocrx_word' id='word_1_1003' title='bbox 1890 2407 1904 2523; x_wconf 73' lang='grc' dir='ltr'><strong>ἓ</strong></span> 
     </span>
    </p>
   </div>
  </div>
 </body>
</html>
