1890 2826
85 1199 155 1220 Ia'nli.

242 206 308 229 220

186 289 194 296 .
235 265 298 302 edit,
310 273 340 296 ut
350 265 396 306 qui
406 258 490 305 etiam⁴
500 265 527 294 in
541 267 599 296 luto
610 266 694 307 possit
704 272 804 297 tantam
816 260 970 307 pulchritu-

236 312 326 342 dinem
339 313 566 343 exhibere.·Dum
591 313 674 353 igitur
700 313 875 343 substantiam
898 313 976 354 parvi

237 359 315 398 facio,
325 366 383 389 tum
397 359 511 399 Opificis
529 366 615 389 artem
627 359 732 399 detego.
745 361 815 390 Nam
834 366 864 389 ut
877 366 978 389 statua-

236 405 309 434 rium
322 412 380 434 tum
393 405 479 445 magis
491 405 667 443 admiramur,
684 416 736 435 non
748 417 809 435 cum
822 406 979 446 praeclaram

235 461 269 480 ex
280 461 347 480 auro
361 457 474 480 statuam
487 451 651 488 exhibuerit,
667 451 714 481 sed
727 462 790 481 cum
805 463 839 481 ex
860 451 979 492 subjecta

236 497 287 526 luti
302 496 410 526 materia
425 498 567 536 perfectam
580 504 605 526 et
624 498 750 527 eximiam
764 497 907 538 imaginem
920 498 979 527 sue—

236 544 273 574 rit
301 544 446 574 fabricatus
471 556 477 572 e
505 543 541 573 ita
562 554 668 582 quoque
687 554 825 574 summum
848 544 980 574 artificem

236 587 325 621 Deu'm
347 591 560 631 obstupescimus
580 598 606 620 et
632 591 824 630 glorificamus,
851 590 926 629 quod
951 590 978 619 in

237 637 347 676 pulvere
358 648 389 667 ac
400 638 458 666 luto
470 636 700 676 pulchritudinem
711 636 856 676 quamdam
869 636 978 666 immen-

237 695 293 713 sam
311 690 338 713 et
361 683 506 714 ineffabilis
526 683 667 723 cujusdam
689 683 824 724 sapienti-'e
845 682 977 723 specimen

236 730 263 758 in
275 730 372 760 nostris
385 729 543 770 corporibus
555 729 702 759 collocarit.
720 731 807 768 Atque
820 729 871 758 hoc
883 725 936 758 non
950 729 978 758 in

235 786 349 816 corpore
367 776 456 806 solum
474 782 575 812 nostro,
591 775 639 805 sed
660 775 739 814 etin
761 775 834 804 omni
856 775 980 816 praestitit

998 549 1017 572 B

209 855 211 857 v
234 828 368 851 creatura.
396 822 467 852 Nam
498 833 560 852 cum
585 822 653 851 viles
687 822 786 862 passim
809 822 980 862 produxisset

189 1205 224 1227 ¹7-

235 862 407 904 substautias,
422 873 449 896 et
459 867 523 897 artis
534 878 589 897 suae
601 867 736 907 specimen
751 868 778 896 in
800 867 856 897 illis
877 867 980 906 insigne

235 913 336 952 posuit,
364 920 391 943 et
417 913 630 943 substantiarum
654 914 818 943 infirmitatis
850 914 981 944 indicium

234 959 372 998 quoddam
391 959 538 989 immiscuit
555 971 561 987 :
577 966 607 988 ut
628 969 691 989 cum
711 966 821 999 propter
843 966 927 989 artem
951 970 981 989 ac

234 1005 466 1044 pulchritudinem
480 1004 574 1034 laudes
585 1003 734 1040 Artificem,
747 1011 805 1034 tum
817 1011 927 1045 propter
938 1005 980 1035 in—

234 1050 389 1080 firmitatem
419 1050 604 1089 vilitatemque
631 1056 733 1079 naturae
758 1061 789 1079 ac
813 1049 980 1086 substantiae,

233 1107 293 1136 qum
314 1104 406 1127 creata*
421 1103 484 1127 sunt
501 1107 553 1126 non
568 1096 673 1126 adores.
687 1096 853 1136 Splendidus
872 1104 911 1126 est
928 1097 980 1134 sol,

233 1143 300 1173 dum
319 1144 442 1183 affulget,
454 1150 593 1182 totumque
606 1150 739 1172 terrarum
758 1143 852 1172 orbem
875 1143 980 1174 illumiz

234 1197 278 1219 nat
295 1202 302 1219 :
317 1189 364 1219 sed
376 1200 438 1218 cum
452 1200 506 1219 nox
520 1189 668 1226 advenerit,
681 1188 780 1219 deficit.
798 1190 878 1227 Quid
890 1191 979 1227 enim,

234 1235 335 1274 iuquit,
348 1235 475 1265 lucidius
489 1236 571 1264 sole?
583 1235 647 1264 Sed
659 1240 688 1263 et
702 1236 758 1263 hoc
767 1235 980 1274 deficitsneque

234 1293 298 1312 vero
311 1288 392 1312 noctu
408 1281 507 1316 solum,
523 1280 570 1310 sed
588 1287 613 1310 et
632 1279 760 1310 interdiu.
778 1282 866 1319 Atque
880 1280 981 1310 idcirco

234 1339 304 1368 saepe
324 1326 443 1357 interdiu
461 1326 526 1356 solis
545 1326 664 1355 deiectus
676 1326 830 1363 intervenit,
847 1333 877 1356 ut
889 1326 980 1367 Opifi-

234 1385 292 1404 cem
315 1373 425 1413 quidem
438 1379 549 1413 propter
569 1372 714 1402 artificium
734 1372 838 1411 laudes,
852 1373 899 1403 scd
919 1384 981 1414 pro-

233 1426 293 1460 pter
315 1418 528 1448 imbecillitatem
549 1417 624 1458 quod
648 1425 766 1448 creatum
789 1426 829 1448 est
847 1429 900 1449 non
914 1419 980 1450 ado-

232 1478 285 1496 res.
302 1465 388 1496 Vides
405 1465 457 1494 hoc
476 1465 584 1502 caelum,
609 1465 688 1504 quale
709 1465 743 1494 sit
770 1466 888 1506 corpus?
900 1477 981 1506 quam

233 1512 381 1552 pulchrum
390 1511 404 1540 Ξ)
416 1521 496 1550 quam
512 1511 662 1551 refulgens?
674 1510 758 1550 quod,
770 1512 793 1541 si
806 1506 922 1552 speciem
935 1523 982 1542 ex-

233 1566 338 1587 ternam
361 1563 472 1598 spectes,
485 1557 529 1587 vel
555 1557 621 1597 ipsis
644 1557 803 1597 corporibus
822 1558 919 1588 nostris
943 1565 982 1588 est

234 1603 413 1644 praestantius.
437 1605 472 1632 At
491 1614 587 1644 expers
601 1611 640 1633 est
653 1604 757 1633 animae.
773 1604 867 1634 Vidcs'
880 1612 906 1635 et
918 1606 983 1635 artis

234 1650 380 1689 specimen,
394 1655 421 1678 et
441 1648 572 1678 indicium
594 1649 782 1679 infirmitatis?
797 1650 875 1680 vides
896 1652 982 1682 utrin-

236 1707 289 1735 que
304 1695 354 1725 tibi
369 1701 461 1735 parata
472 1695 618 1735 praesidia?
628 1697 698 1725 Nam
712 1702 741 1725 ut
756 1696 890 1736 Opifieem
910 1705 983 1728 tam—

238 1753 320 1781 quam
337 1741 505 1771 imbecillum
519 1752 572 1771 non
587 1741 707 1779 damnes,
721 1742 850 1782 pulchras
863 1743 985 1774 condidit

235 1795 391 1818 creaturas:
407 1794 437 1816 ut
458 1794 547 1817 autem
564 1798 624 1826 quae
646 1788 755 1818 condita
775 1796 983 1829 sunttamquam

236 1834 301 1864 deos
314 1843 366 1863 non
383 1833 490 1870 adores,
502 1843 537 1863 ex
555 1840 630 1873 parte
654 1834 761 1864 infirma
779 1834 827 1864 illa
840 1835 984 1866 fabricatus

999 1058 1019 1082 C

142 1887 287 1915 Mommest.
302 1882 366 1910 Haec
377 1886 509 1919 perpetuo
525 1879 654 1908 memoria
667 1887 763 1910 tenete.
778 1880 843 1910 Ideo
857 1882 983 1922 Scriptu-

88 1926 195 1946 “Wsfflffi
205 1926 229 1946 fl·
237 1938 280 1956 ras
294 1927 511 1966 interpretamur,
527 1935 579 1955 non
599 1933 629 1955 ut
648 1925 802 1966 Scripturas
822 1934 925 1973 tantum
939 1930 982 1959 in-

88 1964 121 1976 uis
129 1957 229 1986 Scriptu-

236 1973 375 2012 tclligatis,
390 1970 437 2000 sed
452 1978 483 2000 ut
496 1981 584 2000 mores
603 1972 759 2003 emendetis.
773 1973 833 2003 Nisi
846 1974 918 2004 enim
931 1975 983 2004 hoc

236 2019 294 2056 fiat,
319 2018 419 2047 fmstra
446 2016 573 2056 legimus,
599 2017 697 2047 frustra
724 2019 895 2059 exponimus.
913 2021 983 2050 Nam

234 2065 304 2094 sicut
324 2073 388 2092 cum
410 2062 438 2091 in
462 2062 613 2103 palaestram
634 2063 770 2103 ingressus
788 2066 870 2095 fuerit
881 2066 982 2096 athleta
1001 2064 1019 2086 E

235 2117 343 2148 unctus,
358 2115 385 2139 et
406 2108 561 2150 paedotribae
580 2119 661 2139 manu
682 2121 799 2150 curaque.
823 2112 980 2150 instructus,

233 2157 332 2186 sicum
352 2154 505 2185 certaminis
523 2161 630 2194 tempus
648 2155 796 2194 advenerit,
809 2165 892 2187 artem
904 2159 980 2189 illam

233 2203 358 2233 inutilem
371 2212 429 2231 esse
447 2201 603 2239 ostenderit,
618 2202 719 2232 frustra
730 2203 756 2232 in
770 2204 922 2244 palaestram
938 2206 980 2235 in-

233 2249 374 2280 troductus
394 2254 435 2277 est
447 2247 508 2276 :ita
527 2258 590 2277 cum
612 2247 667 2277 huc
686 2250 874 2287 conveneritis,
887 2258 913 2280 et
935 2252 978 2281 lu-

232 2302 287 2325 ctas
298 2304 400 2331 omnes,
413 2300 439 2322 et
453 2293 481 2322 in
493 2293 566 2323 lucta
586 2303 674 2324 nexus
694 2294 798 2325 diaboli
817 2296 977 2335 didiceritis,

231 2341 328 2371 sicum
346 2339 522 2370 certaminum
542 2346 648 2379 tempus
666 2340 807 2378 incideret,
822 2343 979 2382 supplante-

230 2387 308 2424 mini,
328 2386 396 2416 dum
417 2385 462 2415 vel
480 2386 629 2415 formosum
646 2386 755 2416 vultum
777 2387 911 2424 videritis,
934 2390 977 2419 vel

229 2433 256 2461 in
279 2431 434 2472 superbiam
451 2430 514 2460 elati
534 2430 650 2468 fueritis,
665 2432 710 2461 vel
731 2432 784 2462 alia
807 2444 892 2473 prava
909 2445 973 2473 qua·
985 2454 1020 2474 ‚9³

229 2479 301 2518 piam
322 2477 482 2517 cogitatione
501 2477 616 2514 subacti,
629 2478 727 2507 frustra
748 2478 775 2507 in
792 2479 864 2508 hunc
883 2480 974 2510 locum
992 2483 1010 2505 Α

227 2525 339 2564 ingressi
353 2523 424 2554 estis.
441 2525 603 2554 Mementote
619 2523 703 2563 igitur
725 2535 889 2564 sermonum,
904 2537 972 2566 quos

574 205 602 227 S.
632 205 771 228 JOANNIS
797 187 984 229 CHRYSOSTs
1010 206 1164 229 AncmEt‘.
1193 204 1465 231 CONSTANTINOP-

1031 267 1092 301 κνὺς
1105 267 1154 304 τὴν
1176 270 1294 305 ἑαυτοῢ,’
1308 270 1344 302 ὡς
1365 269 1410 299 καὶ
1424 271 1452 299 ἐν
1464 271 1543 309 πηλῷ
1562 273 1683 301 τοσοῦτον
1707 272 1804 312 ἰσχύων

1032 313 1176 349 ἐξασκῆσαι
1189 314 1295 348 κάλλος.
1305 315 1390 345 ‘'sse-ce
1401 316 1464 346 ὅταν
1479 315 1634 350 ἕξευτελίσω
1644 317 1693 354 τὴν
1702 318 1804 349 οὐσίαν,

1035 360 1094 390 τότε
1109 361 1267 390 ἐκκαλύπτω
1278 361 1327 397 τὴν
1341 361 1437 402 τέχνην
1454 365 1500 391 τοῦ
1513 363 1682 404 δημιουργοῦ.
1696 363 1805 404 Ὥσπερ

1036 405 1086 446 γὰρ
1107 407 1320 447 ἀνδριαντοποιὸν
1342 407 1402 436 τότε
1424 409 1524 447 μᾶλλον
1548 408 1729 448 θαυμάζομεν,
1756 412 1806 450 οὐχ

1036 453 1098 482 ὅταν
1117 453 1148 482 ἐκ
1169 453 1279 493 χρυσίου
1301 453 1381 483 καλὸν
1402 456 1468 493 ἡμῖν
1491 453 1562 494 δείξῃ
1577 454 1620 484 τὸν
1646 455 1805 496 ἀνδριάντα,

1037 498 1095 526 ἀλλ’
1106 498 1168 528 ὅταν
1178 500 1208 528 ἐκ
1221 500 1307 535 πηλοῦ
1317 502 1365 536 τ’ἤς
1377 499 1442 536 ὕλης
1454 500 1629 539 ὑποκειμένης
1639 501 1806 541 ἀπηρτισμέ-

1034 554 1081 578 νην
1095 543 1140 573 καὶ
1153 545 1252 584 ἀκριὸἥ
1265 545 1314 581 τὴν
1329 545 1416 575 εἰκόνα
1430 546 1588 586 ἐργάζηται·
1608 545 1678 576 οὕτω
1698 546 1744 576 καὶ
1761 545 1806 575 τὸν

1034 589 1223 630 ἀριστοτέχνην
1238 590 1308 621 Θεὸν
1320 591 1522 631 ἐκπληττόμεθα
1536 591 1582 622 καὶ
1596 592 1751 631 δοξάζομεν,
1765 592 1806 622 ὅτι

1033 635 1059 664 ἐν
1074 635 1163 675 σποδῷ
1177 636 1222 665 καὶ
1234 638 1312 676 πηλῷ
1324 636 1420 671 κάλλος
1434 637 1573 678 ἀμήχανον
1588 638 1633 667 καὶ
1647 638 1740 679 σοφίας
1753 639 1804 678 db-

1034 681 1113 720 ρήτου
1125 681 1195 715 τινὸς
1211 682 1335 717 ἐπίδειξιν
1347 687 1402 716 τοῖς
1422 683 1544 722 σώμασιν
1557 686 1635 723 ἡμῶν
1652 684 1804 715 ἐναπέθετο.

1033 727 1085 757 Καὶ
1099 729 1177 757 τοῦτο
1199 729 1246 757 οὐκ
1268 729 1295 757 ἐν
1316 729 1355 768 τῷ
1379 729 1484 768 σώματι
1506 730 1584 768 μόνον
1606 732 1645 769 τῷ
1666 724 1805 770 ἡμετέρῳ,

1033 773 1101 803 ἀλλὰ
1115 773 1160 803 καὶ
1173 774 1200 803 ἐν
1217 773 1291 814 πάσῃ
1311 777 1344 814 τῇ
1358 774 1443 804 κτίσει
1465 775 1600 811 ἐποίησεν.
1616 776 1742 808 Εὖτελεῖς
1753 775 1806 815 γὰρ

1033 821 1169 860 πολλαχοῦ
1192 821 1355 861 παραγαγὼν
1377 821 1425 855 τὰς
1447 821 1551 858 οὐσίας,
1572 821 1617 851 καὶ
1639 824 1688 858 τῆς
1708 822 1807 856 οἰκείας

1033 866 1128 907 τέχνης
1140 866 1235 906 δεῖγμα
1247 866 1328 907 σαφὲς
1341 867 1512 906 ἐγκατέθηκε,
1531 867 1576 897 καὶ
1589 870 1637 904 τῆς
1646 869 1701 897 τῶν
1711 869 1807 898 οὐσιῶν

1035 911 1169 946 ἀσθενείας
1182 912 1290 952 ἔλεγχόν
1303 925 1363 942 τινα
1380 913 1564 953 ἐγκατέμιξεν·
1578 913 1621 944 ἵνα
1635 914 1679 944 διὰ
1695 914 1744 953 μὲν
1756 914 1805 950 τὴν

1035 958 1131 998 τέχνην
1143 958 1188 987 καὶ
1202 958 1234 987 τὸ
1252 958 1348 992 κάλλος
1360 959 1496 999 θαυμάζῃς
1512 959 1557 989 τὸν
1571 960 1747 1000 δημιουργὸν,
1761 959 1804 990 διὰ

1036 1003 1063 1032 δὲ
1083 1003 1131 1039 τὴν
1146 1004 1280 1033 ἀσθένειαν
1301 1005 1346 1033 καὶ
1367 1004 1416 1040 τὴν
1437 1005 1568 1035 εὐτέλειαν
1583 1007 1632 1040 τῆς
1646 1005 1748 1046 φύσεως
1759 1005 1806 1035 καὶ

1035 1051 1082 1084 τῆς
1103 1049 1192 1083 οὐσίας
1213 1049 1250 1088 μὴ
1269 1050 1454 1090 προσκυνήσῃς
1465 1051 1500 1080 τὰ
1510 1051 1646 1091 γενόμενα.
1659 1052 1777 1093 Φαιδρὸς
1791 1055 1806 1082 ὁ

1035 1094 1108 1130 ἥλιος
1121 1095 1234 1134 λάμπων
1243 1117 1251 1130 ,
1266 1095 1311 1124 καὶ
1325 1100 1414 1125 πᾶσαν
1433 1096 1592 1135 καταυγάζει
1612 1097 1660 1133 τὴν
1681 1097 1805 1136 οἰκουμέ-

1035 1151 1098 1176 νην·
1112 1140 1172 1170 ἀλλ’
1195 1141 1321 1177 ἐλθούσης
1344 1142 1392 1176 τῆς
1415 1141 1523 1178 νυκτὸς,
1544 1142 1670 1172 ἐκλείπει.
1688 1142 1725 1172 Τί
1738 1143 1805 1183 γὰρ,

1035 1186 1113 1226 φησὶ,
1125 1187 1310 1227 φωτεινότερον
1331 1187 1423 1223 ἡλίους
1435 1188 1514 1217 Ἀλλὰ
1527 1187 1572 1218 καὶ
1583 1191 1661 1218 τοῦτο
1674 1188 1806 1219 ἐκλείπει·

1034 1233 1081 1262 οὐκ
1096 1234 1123 1262 ἓν
1138 1233 1211 1262 νυκτὶ
1225 1233 1254 1263 δὲ
1268 1233 1362 1273 μόνον,
1383 1233 1452 1263 ἀλλὰ
1470 1234 1516 1263 καὶ
1529 1235 1557 1264 ἐν
1569 1234 1666 1275 ἡμέρα.
1685 1235 1739 1265 Καὶ
1763 1234 1807 1264 διὰ

1033 1280 1110 1308 τοῦτο
1120 1279 1248 1312 πολλάκις
1259 1279 1304 1308 καὶ
1314 1280 1342 1308 ἐν
1358 1279 1446 1319 ἡμέρα
1461 1279 1534 1315 ἥλιος
1545 1280 1672 1318 ἐξέλιπεν,
1685 1280 1728 1311 ἵνα
1741 1284 1806 1311 θαυ-

1034 1324 1120 1364 μάζῃς
1135 1324 1183 1363 μὲν
1200 1325 1243 1353 διὰ
1260 1324 1309 1360 τὴν
1320 1325 1418 1365 τέχνην
1431 1326 1476 1355 τὸν
1488 1326 1656 1367 δημιουργὸν,
1668 1327 1706 1366 μὴ
1719 1339 1806 1367 προσ-

1034 1370 1149 1410 κυνήσῃς
1163 1370 1190 1400 δὲ
1204 1370 1246 1400 διὰ
1260 1370 1308 1407 τὴν
1321 1370 1457 1401 ἀσθένειαν
1467 1371 1498 1401 τὸ
1509 1372 1658 1412 γενόμενον.
1669 1372 1752 1414 Ὁρᾷς
1761 1373 1806 1403 τὸν

1034 1417 1142 1456 οὐρανὸν
1156 1419 1259 1453 τοῦτον,
1274 1416 1365 1452 ἡλίκον
1380 1417 1437 1446 ἐστὶ
1455 1419 1547 1457 σῶμα;
1561 1419 1618 1452 ταῖς
1638 1418 1718 1449 καλόν
1725 1431 1735 1456 3
1749 1421 1807 1452 πῶς

1035 1462 1262 1498 ἀποστίλὸον,,κα“ι
1270 1464 1322 1492 τῶν
1334 1463 1470 1503 ἡμετέρων
1483 1460 1586 1504 βέλτιον
1596 1464 1727 1503 σωμάτων
1736 1465 1806 1495 κατὰ

1035 1508 1083 1544 τὴν
1098 1508 1267 1549 ἐπιφάνειαν;
1281 1508 1351 1539 Ἀλλ’
1374 1509 1476 1549 ἄψυχόν
1496 1511 1576 1539 ἐστιν.
1598 1505 1676 1544 Εἶδες
1694 1510 1740 1540 καὶ
1758 1513 1806 1547 τῆς

1035 1555 1131 1595 τέχνης
1144 1555 1193 1591 τὴν
1204 1554 1337 1591 ἐπίδειξιν,
1351 1554 1397 1584 καὶ
1409 1557 1458 1591 τῆς
1473 1555 1607 1589 ἀσθενείας
1622 1556 1668 1586 τὸν
1682 1555 1806 1597 ἔλεγχον;

1037 1603 1103 1641 ὁρᾷς
1109 1601 1269 1641 ἑκατέρωθέν
1280 1613 1322 1631 σοι
1332 1601 1366 1631 τὰ
1376 1601 1539 1641 ὀχυρώματα
1550 1605 1672 1641 κείμενας
1682 1601 1742 1632 Ἵνα
1753 1603 1806 1643 γὰρ

1037 1648 1075 1687 μὴ
1090 1648 1291 1688 καταγινώσκῃς
1303 1651 1348 1678 τοῦ
1364 1649 1523 1688 δημιουργοῦ
1537 1649 1574 1683 ὡς
1585 1650 1716 1684 ἀσθενοῦς,
1735 1650 1806 1680 καλὰ

1037 1694 1160 1730 ἐποίησεν
1171 1707 1176 1713 ·
1190 1694 1234 1724 ἵνα
1248 1694 1323 1733 δὲμὴ
1337 1697 1486 1734 προσκυνῇς
1494 1694 1529 1723 τὰ
1541 1694 1669 1734 γενόμενα
1678 1696 1715 1729 ὣς
1724 1695 1806 1731 θεοὺς,

1038 1741 1133 1776 ἀσθενῆ
1149 1742 1232 1770 ταῦτα
1245 1741 1275 1770 ἐκ
1290 1739 1385 1781 μέρους
1398 1741 1550 1780 εἰργάσατο.
1563 1741 1658 1770 Ταῦτα
1671 1740 1806 1780 μέμνησθε

1038 1786 1173 1822 διηνεκῶς.
1195 1786 1247 1816 Διὰ
1261 1789 1339 1816 τοῦτο
1354 1786 1462 1827 Γραφὰς
1481 1786 1677 1826 ἑρμηνεύομεν,
1697 1789 1747 1827 οὐχ
1764 1787 1807 1817 ἵνα

1038 1832 1060 1860 Γ
1063 1831 1145 1871 ραφὰς
1160 1832 1262 1870 μάθητε
1282 1832 1376 1870 μόνον,
1391 1833 1450 1862 ἀλλ’
1464 1831 1512 1862 ἵνα.
1525 1832 1618 1863 καὶτὰ
1631 1833 1684 1869 ἤθη
1699 1833 1808 1873 διορθώ-

1038 1889 1113 1912 σητε.
1128 1877 1175 1907 Ἂν
1189 1877 1241 1917 γὰρ
1254 1880 1332 1908 τοῦτο
1350 1877 1388 1917 μὴ
1401 1877 1519 1916 γένηται,
1532 1880 1663 1917 περιττῶς
1676 1879 1818 1918 ἀναγινώ··

1037 1934 1149 1961 σκομεν,
1169 1925 1299 1963 περιττῶς
1313 1923 1484 1962 ἐξηγούμεθα.
1500 1923 1607 1963 Ὥσπερ
1623 1924 1675 1964 γὰρ
1693 1925 1809 1961 ἀθλητὴς

1037 1970 1074 2002 εἰς
1086 1969 1251 2008 παλαίστραν
1265 1968 1352 1998 εἰσιὼν
1365 1968 1535 2009 ἀλειφόμενος
1547 1969 1594 1999 καὶ
1604 1969 1744 1999 ἀπολαύων
1756 1972 1808 1999 τῶν

1036 2017 1133 2055 χειρῶν
1146 2017 1192 2044 τοῦ
1211 2015 1393 2054 παιδοτρίὸου,
1408 2014 1442 2043 ἂν
1453 2017 1499 2044 τοῦ
1514 2016 1612 2054 ἀγῶνος
1623 2016 1807 2056 παραγενομέ-

1036 2073 1080 2091 νου
1094 2061 1187 2101 ἕλέγξῃ
1201 2061 1304 2097 ἐκείνην
1317 2061 1366 2097 τὴν
1377 2061 1489 2101 τέχνην,
1503 2064 1632 2101 περνττῶς
1645 2061 1756 2102 εἰσήχθη
1769 2065 1807 2096 εἷς

1035 2107 1084 2144 τὴν
1102 2107 1285 2147 παλαίστραν·
1307 2106 1389 2141 οὕτως
1410 2107 1440 2136 ἂν
1455 2108 1568 2138 ἐνταῦθα
1588 2108 1804 2147 παραγινόμενοι,

1035 2153 1079 2185 καὶ
1092 2153 1266 2192 μανθάνοντες
1279 2153 1313 2183 τὰ
1322 2153 1497 2191 παλαίσματα
1505 2152 1593 2182 πάντα
1604 2153 1650 2182 καὶ
1661 2152 1709 2186 τὰς
1720 2153 1804 2187 λαὸὰς

1035 2202 1080 2230 τοῦ
1094 2199 1230 2236 διαὸόλου,
1243 2201 1290 2229 τοῦ
1303 2201 1395 2237 καιροῦ
1417 2200 1471 2228 τῶν
1484 2197 1592 2237 ἀγώνων
1607 2199 1725 2232 ἐλθόντος
1737 2201 1803 2229 ὑπο-

1035 2246 1205 2280 σκελισθῆτε,
1227 2244 1245 2281 ἢ
1265 2245 1395 2285 εὔμορφον
1418 2245 1478 2284 ὄψιν
1494 2244 1604 2278 ἰδόντες,
1624 2245 1642 2280 ἢ
1655 2245 1724 2285 πρὸς
1733 2246 1803 2277 ἀπό-

1034 2303 1105 2320 νοιαν
1118 2290 1288 2331 ἐπαρθέντες,
1308 2290 1326 2326 ἢ
1347 2291 1428 2330 ἑτέρῳ
1446 2291 1498 2319 τινὶ
1515 2293 1623 2331 πονηρῷ
1636 2291 1804 2331 χειρωθέντες

1032 2338 1161 2377 λογισμῷ,
1176 2336 1263 2375 μάτην
1277 2338 1388 2366 ἐνταῦθα
1402 2337 1547 2372 εἷο-ἤλθετε.
1563 2337 1706 2375 Μέμνησθε
1718 2337 1803 2367 τοίνυν

1031 2385 1084 2415 τῶν
1095 2383 1191 2422 λόγων,
1204 2385 1234 2412 οὐ
1248 2384 1301 2411 τῶν
1320 2382 1389 2411 κατὰ
1409 2384 1457 2418 τῆς
1470 2382 1571 2423 φύσεως
1589 2385 1637 2418 τῆς
1653 2383 1784 2423 ἡμετέρας
1793 2407 1801 2420 ,

1031 2429 1099 2458 ἀλλὰ
1105 2430 1157 2458 τῶν
1166 2428 1234 2458 κατὰ
1239 2431 1286 2464 τ’ῆς
1294 2429 1433 2467 ἐπιθυμίας
1439 2432 1486 2465 τ’ῆς
1494 2429 1693 2459 ἀκολάστου.οὐ
1701 2429 1802 2469 φύσεως

1029 2477 1150 2516 ἔγκλημα
1174 2477 1208 2507 τὰ
1230 2477 1372 2518 εἰρημένα,
1396 2478 1464 2507 ἀλλὰ
1486 2481 1497 2494 ⁸
1507 2477 1646 2516 ἐπιθυμίας
1668 2477 1702 2506 τὰ
1723 2479 1799 2516 λεγό-

1029 2540 1103 2566 μενα.
1124 2529 1217 2568 Ταύτῃ
1239 2529 1431 2558 καταστέλλει-ε
1455 2529 1555 2567 θυμὸν,
1574 2527 1643 2557 οὕτω
1664 2526 1798 2567 πραΰνατε

252 2626 263 2640 a
282 2617 328 2641 llic
338 2617 432 2652 aliquid
444 2616 498 2642 vitii
509 2615 648 2650 suspicatur
660 2616 768 2643 Joannes
783 2605 886 2651 Boisius,
901 2624 925 2644 et
937 2618 1008 2644 addit
1022 2624 1146 2654 ικτηγορὲαι
1158 2626 1214 2653 post
1229 2624 1352 2653 ἑπΛυμῐαις.
