1890 2826
520 214 565 237 DE
590 213 699 236 MUNDI
725 211 930 243 CREATIONE,
957 212 1059 234 ORAT.
1091 212 1125 234 V.

55 283 100 310 τοῦ
114 282 184 310 Θεοῦ
201 277 491 319 βουλήμασιν.Ἀμέλει
512 273 657 315 βουλομένη
680 275 697 308 ἡ
724 271 819 312 Γραφὴ

54 325 149 361 δεῖξαι,
164 325 204 355 ὅτι
217 326 317 361 ταῦτα,
328 323 346 353 ἃ
357 323 434 358 ἔθηκε
442 346 450 360 ,
463 324 478 352 6
491 321 560 354 Θεὸς
580 319 712 360 προώρισε
720 340 728 355 ,
739 317 819 358 φησί·

1541 200 1610 243 573

872 278 896 301 et
910 271 1046 301 ostendere
1058 272 1216 312 vereipsum
1231 273 1372 312 imaginem
1385 264 1519 314 sapientiae
1531 274 1610 303 serre.

873 319 912 347 Ac
925 328 982 347 rem
995 317 1091 347 miram
1101 317 1175 347 vide.
1193 319 1265 348 Deus
1279 319 1331 348 sibi
1344 319 1451 348 nomina
1465 325 1526 347 ante
1543 318 1611 348 defi-

53 371 106 401 Καὶ
116 376 169 400 πᾶν
182 370 197 400 8
210 370 331 400 ἐκάλεσεν
348 369 415 399 αὐτὰ
427 370 441 398 6
449 367 541 406 Ἀδὰμ,
552 369 629 396 τοῦτο
642 365 725 404 ὄνομα
738 365 819 403 αὐτῷ·
836 366 855 389 D
873 363 967 400 nierat,
982 363 1143 403 volebatque
1155 375 1203 405 per
1215 365 1359 404 imaginem
1373 375 1449 394 suam
1462 365 1611 400 ostendere,

53 416 112 447 ἀντὶ
122 418 169 446 τοῦ
178 439 187 453 ,
200 415 350 457 προώριστο
361 418 455 452 τοῦτο,
472 416 486 443 6
506 413 574 446 Θεὸς
601 410 732 445 ἐδόξασεν.
750 408 819 440 Ἀλλ’

53 465 90 496 εἷς
108 462 138 492 τὸ
149 462 319 503 προκείμενον
343 461 537 500 ἐπανέλθωμεν.
560 458 679 494 ”Eminet
693 459 707 487 6
720 456 820 496 Ἀδὰμ,

53 508 98 537 καὶ
108 509 123 538 6
135 507 203 542 Θεὸς
209 508 358 548 προήγαγεν
373 509 444 548 αὐτῷ
451 507 485 536 τὰ
492 507 560 542 ζῶα,
573 505 618 535 καὶ
627 506 678 546 οὐχ
688 503 821 544 ὓὸρίζεται

53 554 194 594 προσάγων
206 556 244 595 τῷ
259 553 342 594 δούλῳ
351 555 365 583 6
379 552 524 589 Δεσπότης.
539 551 592 582 Καὶ
614 551 659 581 ἐὰν
674 549 821 580 ἀκούσωσιν

54 600 179 640 αἱρετικοὶ
187 622 195 636 ,
213 599 254 630 ὅτι
276 599 391 640 Χριστὸς
412 601 484 638 ἡμᾶς
501 598 632 638 προσάγει
653 598 691 637 τῷ
715 594 822 636 Πατρὶ,

53 645 147 679 εὐθέως
157 645 276 685 λέγουσιν
285 658 292 664 ·
304 647 367 685 ὁρᾷς
378 646 420 674 ὅτι
431 644 519 678 δοῦλός
529 645 600 674 ἔστιν
611 642 745 682 ;’Ήγαγεν
756 640 823 670 αὐτὰ

55 691 119 732 πρὸς
132 691 177 720 τὸν
191 691 283 730 Ἀδάμ.
294 691 423 727 Εἱστήκει
436 692 451 720 6
465 691 555 723 δοῦλος
566 688 671 730 κρίνων,
684 688 730 717 καὶ
739 683 757 717 ⁴6
770 689 823 716 Δε-

55 737 153 773 σπότης
165 737 316 778 προσάγων.
332 737 386 767 Καὶ
397 739 411 766 6
424 737 492 770 Θεὸς
505 735 553 775 μὲν
566 737 604 776 τῷ
615 734 700 773 Ἀδὰμ
718 733 822 774 προσά-

54 795 106 822 γων
125 783 176 823 οὐχ
188 783 321 823 ὓὸρίζετο·
336 782 451 824 Χριστὸν
465 782 493 812 δὲ
516 781 560 811 ἐὰν
585 781 717 811 ἀκούσωσι
738 791 823 820 προσ-

55 829 152 868 άγοντα
163 829 202 869 τῷ
213 829 318 869 Πατρὶ,
330 830 366 862 εἷς
379 828 511 868 ὑπηρέτου
525 826 597 861 τάξιν
613 826 744 856 ἕλκουσιν.
756 824 823 855 Ἐὰν

53 875 117 915 εἴπῃ
131 877 146 904 6
159 874 256 915 Σωτήρ
266 886 273 893 ·
285 875 380 909 Οὐδεὶς
399 874 506 915 ἔρχεται
517 873 582 913 πρὸς
595 873 640 903 τὸν
661 872 789 912 Πατέρα,
801 872 824 900 εἷ
840 875 859 898 E

55 921 94 959 μὴ
109 921 142 950 δι’
151 922 217 960 ἐμοῦ
225 932 232 940 ·
245 921 338 954 εὐθέως
347 922 372 951 οἱ
383 919 509 960 αἱρετικοὶ
521 918 586 960 ὀρθὰ
599 919 633 948 τὰ
647 913 718 955 ὦτα,
730 921 741 934 '³
754 919 824 957 μᾶλ-

53 968 99 996 λον
110 966 138 996 δὲ
153 965 278 1007 στρεὸλά.
294 967 343 1007 Τῷ
356 965 440 1004 Ἀδὰμ
446 966 586 1006 προσάγων
600 967 614 994 6
628 965 696 997 Θεὸς
707 963 742 993 τὰ
753 965 824 999 ζῶα,

54 1014 102 1043 οὐκ
111 1012 182 1042 ἔστιν
201 1014 280 1042 αὐτοῦ
295 1012 442 1052 ὑπηρέτης·
456 1012 592 1052 ἄνθρωπον
613 1011 682 1044 Θεὸς
695 1011 759 1049 Θεῷ
779 1009 824 1039 ἐὰν

55 1058 225 1098 προσαγάγῃ,
240 1057 371 1098 ὗπηρέτου
390 1057 463 1092 τάξιν
477 1057 546 1098 ἔχει,
560 1057 620 1086 Ἵνα
641 1055 669 1086 δὲ
690 1055 727 1095 μὴ
742 1055 825 1095 θρέψῃ

56 1115 102 1134 σου
115 1103 164 1140 τὴν
179 1103 253 1134 νόσον
267 1106 284 1140 ἡ
305 1103 397 1143 ἄγνοια
418 1105 471 1133 τῶν
495 1103 596 1142 λόγων·
621 1102 673 1142 ἐγὼ
696 1097 754 1132 οἶδα
780 1101 826 1130 καὶ

56 1150 119 1179 Υἱὸν
128 1149 294 1190 προσάγοντα
302 1151 340 1189 τῷ
353 1149 456 1189 llam-p),
468 1148 514 1178 καὶ
530 1148 574 1177 τὸν
588 1147 698 1188 Πατέρα
709 1149 747 1187 τῷ
758 1147 825 1187 Υἱῷ.

57 1195 110 1225 Καὶ
123 1195 174 1235 γὰρ
193 1195 290 1225 εἰπών·
305 1195 400 1228 Οὐδεὶς
421 1194 527 1235 ἔρχεται
549 1193 613 1234 πρὸς
636 1193 680 1222 τὸν
701 1192 831 1232 Πατέρα,

57 1243 80 1270 εἰ
93 1241 130 1280 μὴ
155 1242 189 1270 δι’
210 1242 274 1280 ἐμοῦ
285 1253 291 1260 ·
306 1243 320 1271 6
331 1240 408 1274 αὐτὸς
419 1240 498 1270 πάλιν
507 1252 513 1259 ·
528 1239 622 1272 Obesi<
644 1239 751 1279 ἔρχεται
762 1237 836 1278 πρός)

58 1299 108 1325 με,
122 1286 197 1326 εἰμὴ
218 1287 339 1327 allaz-159
360 1298 410 1326 μου
434 1288 448 1316 6
470 1281 587 1325 οὐράνιος
614 1285 711 1325 ἑλκύσῃ
738 1284 826 1314 αὐτόν.

58 1332 139 1367 Ἀλλ’,
161 1332 226 1372 ὅπερ
253 1333 334 1372 ἔφθην
358 1331 449 1368 εἰπὼν,
475 1326 534 1361 οἶδα
555 1330 734 1371 προειρηκὼς,
758 1329 826 1359 ἀλλὰ

873 409 969 438 Adami
980 408 1084 440 decreta
1094 421 1157 440 cum
1166 410 1216 440 Dei
1224 411 1359 440 voluntate
1370 411 1528 441 consentire.
1536 412 1614 442 Certe

872 466 934 484 cum
946 455 1028 485 vellet
1041 456 1179 486 ostendere
1190 457 1339 497 Scriptura,
1356 457 1412 486 haec
1422 467 1480 496 quae
1493 455 1614 486 Adamus

871 500 1000 541 imposuit
1009 501 1127 539 nomina,
1141 502 1229 532 Deum
1242 501 1399 542 praefinisse,
1410 502 1463 532 aitt
1476 504 1517 532 Et
1531 513 1616 532 omne

872 547 951 586 quod
965 550 1087 577 vocavit
1100 548 1209 584 Adam,
1223 549 1278 577 hoc
1288 554 1331 577 est
1343 558 1448 577 nomen
1459 549 1534 587 ejus;
1548 559 1579 578 ac
1592 549 1615 578 si

872 593 955 631 dicat,
968 594 1135 624 Praefinitum
1148 601 1215 632 erat,
1230 595 1281 624 hoc
1296 595 1368 623 Deus
1382 594 1547 625 decreverat.
1563 594 1618 625 Ve-

873 652 935 670 rum
955 640 990 670 ad
1010 641 1177 681 propositum
1196 647 1372 670 revertamur.
1388 640 1446 670 Stat
1468 640 1566 678 Adam,
1592 648 1618 671 et

874 689 947 717 Deus
959 686 1071 717 adducit
1087 687 1130 716 illi
1147 687 1286 724 animalia,
1301 697 1350 716 nee
1363 685 1488 715 dedecori
1507 694 1547 716 est
1559 688 1617 717 Do-

874 733 961 771 mino,
978 733 1052 774 quod
1077 732 1194 770 adducat
1214 732 1250 762 ad
1269 743 1388 763 servum.
1405 732 1441 762 Et
1463 732 1487 762 si
1507 732 1619 763 audiant

874 779 1003 817 haerefici,
1019 780 1158 810 Christum
1170 790 1219 810 uos
1232 779 1365 809 adducere
1384 779 1418 809 ad
1433 780 1546 815 Patrem,
1560 787 1617 809 sta-

874 826 923 857 tim
937 826 1031 855 dicunt
1046 839 1053 856 ε
1067 826 1166 857 Viden’
1178 826 1258 855 illum
1269 836 1326 855 esse
1340 825 1469 856 servum?
1479 825 1619 856 Adduxit

875 872 931 901 illa
943 873 984 902 ad
995 873 1109 902 Adam.
1124 872 1217 903 Stabat
1228 882 1322 902 servus
1330 871 1466 912 judicans,
1480 879 1507 901 et
1525 873 1619 902 Domi-

877 929 927 948 nus
940 918 1086 948 adducens.
1102 920 1141 948 Ac
1153 920 1226 948 Deus
1238 917 1348 957 quidem
1362 917 1466 947 Adamo
1483 918 1619 948 adducens
1689 929 1768 950 conisa

876 974 928 994 non
943 964 1042 1004 injuria
1053 964 1222 994 afficiebatur
1232 976 1239 998 ;
1251 964 1390 994 Christum
1402 974 1464 994 vero
1477 964 1499 994 si
1509 964 1619 994 audiant
1629 960 1729 982 Arianos.

876 1009 993 1039 haeretici
1008 1009 1042 1039 ad
1064 1011 1169 1039 Patrem
1189 1009 1333 1046 adducere,
1349 1009 1439 1038 statim
1461 1010 1489 1039 in
1503 1009 1620 1040 ministri

877 1063 903 1085 et
928 1056 1022 1085 famuli
1043 1055 1166 1086 ordinem
1187 1056 1310 1085 trahunt.
1338 1055 1368 1086 Si
1392 1054 1463 1086 dicat
1481 1057 1619 1094 Servator,

878 1105 972 1136 Nemo
985 1106 1068 1134 venit
1089 1105 1130 1133 ad
1149 1105 1282 1139 Patrem,
1305 1105 1365 1134 nisi
1383 1114 1436 1145 per
1446 1114 1492 1134 me
1506 1117 1517 1133 .-
1532 1104 1621 1135 statim
1629 1114 1767 1142 ,taumatia

877 1150 994 1181 haeretici
1026 1150 1145 1186 arrectis,
1173 1150 1227 1179 imo
1253 1150 1387 1191 perversis
1407 1157 1477 1180 stant
1496 1149 1619 1180 auribus.

876 1196 1020 1227 Adduoens
1038 1197 1072 1226 ad
1097 1195 1232 1226 Adamum
1252 1195 1378 1226 animalia
1404 1197 1487 1233 Deus,
1508 1206 1562 1226 non
1582 1203 1621 1226 est

876 1245 935 1284 ejus
946 1243 1085 1282 minister3
1101 1243 1237 1272 hominem
1251 1242 1274 1272 si
1295 1244 1369 1272 Dens
1382 1243 1440 1273 Deo
1451 1243 1555 1280 offerat,
1570 1243 1622 1272 mi-

877 1289 954 1319 nistri
973 1290 1054 1319 habet
1071 1289 1214 1319 ordinem?
1241 1290 1283 1319 Ne
1295 1296 1384 1319 autem
1404 1290 1530 1319 morbum
1542 1296 1622 1319 tuum

877 1339 932 1368 alat
943 1335 1088 1367 verborum
1100 1335 1265 1376 ignorantia3
1285 1346 1335 1376 ego
1349 1336 1405 1366 scio
1419 1343 1446 1366 et
1458 1336 1562 1366 Filium
1581 1336 1621 1366 of-

58 1378 178 1418 σνῪὙένὲς
198 1380 232 1419 ’ῑῆ
252 1377 374 1408 ὑποθέσει
391 1378 422 1407 τὸ
446 1379 532 1418 ῥῆμ’
551 1376 690 1416 σνμὸαίνε*
716 1376 743 1406 δὲ
767 1375 826 1405 τότε
833 1396 869 1417 49¹
879 1384 947 1414 ferre
959 1383 1044 1418 Patri,
1055 1389 1081 1412 et
1090 1383 1196 1412 Patrem
1207 1381 1289 1411 Filio.
1303 1383 1374 1412 Cum
1389 1381 1501 1412 dixisset
1513 1383 1622 1412 :Nemo
1632 1390 1769 1419 lamnam..

58 1424 96 1463 μὴ
110 1424 251 1461 ἄκηκθέναῑ
260 1437 267 1443 ”
282 1424 327 1454 καὶ
339 1427 383 1454 νῦν
397 1424 475 1464 λέῖω·
485 1423 626 1460 Ἐννόησον
640 1423 711 1453 πόσα
724 1422 781 1452 ἐστὶ
794 1422 828 1452 τὰ
844 1424 862 1446 A
878 1432 962 1461 venit
973 1429 1013 1459 ad
1026 1430 1162 1465 Patrem,
1171 1429 1228 1458 nisi
1235 1439 1288 1468 per·
1301 1439 1359 1464 me;
1373 1427 1445 1458 idem
1456 1439 1551 1458 rursus
1561 1428 1599 1458 ait
1611 1441 1619 1458 :

58 1470 220 1511 τετράποδα·
233 1471 292 1500 ἀλλ’
307 1471 427 1506 ἐννόησον
438 1469 472 1499 τὰ
484 1469 573 1509 ἥμερα
581 1493 589 1507 ,
603 1469 636 1499 τὰ
647 1469 726 1508 ἄγρια
734 1492 744 1505 ,
756 1468 790 1497 τὰ
802 1469 829 1498 ἐν

58 1516 188 1557 ὄρεσι,τὰ
209 1517 237 1546 ἰν
250 1516 366 1554 πεδίοις,
378 1515 412 1546 τὰ
433 1517 460 1545 ἐν
480 1517 503 1545 Γ
504 1514 622 1550 αλλίαις,
636 1513 670 1543 τὰ
683 1515 709 1543 ἐν
734 1513 830 1553 Ἰνδία,

59 1562 92 1591 τὰ
105 1563 132 1592 ἕν
157 1562 228 1596 ὅλοις
240 1566 294 1596 τοῖς
317 1562 435 1601 κλίμασι·
450 1563 497 1597 τῆς
509 1560 675 1600 οἰκουμένης·
690 1559 770 1590 πάλιν
789 1561 832 1599 ἑρ-

59 1608 138 1644 πετὰ,
153 1608 187 1638 τὰ
199 1607 272 1647 γένη,
286 1607 320 1638 τὰ
331 1607 398 1645 εἴδη,
409 1606 444 1636 τὰ
450 1606 557 1636 πετεινὰ
567 1606 626 1641 ὅλα,
638 1605 672 1636 τὰ
681 1605 775 1642 νηκτά·
783 1605 832 1634 ὅλα

60 1654 94 1683 τὰ
115 1655 142 1684 ἐν
162 1654 296 1693 θαλάσσῃ,
310 1653 345 1683 τὰ
358 1654 385 1682 ἐν
398 1652 519 1691 λίμναις,
533 1652 567 1681 τὰ
580 1653 607 1681 ἐν
622 1655 751 1690 ποταμοῖς
761 1663 768 1670 ·
783 1651 832 1680 ὅλα

61 1703 146 1730 ταῦτα
155 1699 326 1740 παρηγάγετο
334 1721 342 1734 ,
355 1698 400 1728 καὶ
411 1698 515 1738 ἑκάστῳ
529 1697 612 1736 ὄνομα
622 1697 702 1727 ἐτίθει
715 1699 730 1726 6
740 1695 830 1735 Ἀδάμ·

61 1746 106 1776 καὶ
117 1748 131 1775 6
141 1745 208 1779 Θεὸς
216 1746 263 1776 οὔκ
268 1747 400 1781 ἀντεῖπεν,
413 1745 470 1774 ἀλλ’
481 1743 618 1782 ἐνέμεινεν.
628 1741 762 1783 Μυριάδες
770 1744 830 1772 ὀνο-

63 1792 163 1831 μάτων,
182 1791 228 1821 καὶ
240 1795 252 1807 ”
262 1794 362 1831 στοιχεῖ
375 1792 389 1820 6
402 1789 484 1823 Θεός·
498 1789 524 1819 ἓν
539 1789 621 1828 ὄνομα
640 1788 713 1828 λέγει
733 1791 747 1818 6
761 1787 830 1822 Θεὸς

63 1839 202 1879 μαρτυρῶν
214 1839 244 1867 ἐκ
259 1840 305 1867 τοῦ
320 1839 443 1876 οὐρανοῦ·
456 1831 542 1869 Οὗτός
559 1837 630 1865 ἐστιν
650 1837 664 1864 6
686 1834 749 1868 Υἱός
764 1846 829 1874 μου,

63 1884 108 1914 καὶ
118 1884 336 1924 παραγράφονται
344 1884 369 1912 οἱ
381 1882 507 1923 αἱρετικοὶ
517 1881 566 1918 τὴν
574 1881 662 1922 φωνὴν
672 1880 710 1910 ἐνὶ
720 1880 831 1920 ὀνόματι
846 1884 864 1907 B

64 1931 256 1970 μαρτυροῦσαν·
271 1928 373 1964 ἐκείνην
393 1928 442 1964 τὴν
460 1927 537 1967 ἁγίαν
563 1926 662 1967 φωνὴν,
677 1926 726 1962 τὴν
749 1926 831 1966 μυρία

63 1976 179 2015 ὀνόματα
196 1974 339 2014 δεξαμένην
355 1974 400 2003 καὶ
424 1973 461 2013 μὴ
486 1972 721 2014 παραχαράξασαν.
741 1973 832 2012 Προσ-

63 2022 162 2062 ηνέχθη
183 2021 217 2051 τὰ
230 2023 284 2056 ζῶα
300 2021 345 2051 καὶ
372 2019 524 2059 ὠνομάσθη.
539 2019 638 2049 Λοιπὸν
661 2018 778 2055 εἱστήκει
796 2020 832 2051 ὡς

66 2068 198 2108 βασιλεύς.

105 2401 211 2440 ’Ὠσπερ
225 2401 270 2430 ἐὰν
285 2401 479 2440 στρατευθῶσι,
499 2398 623 2438 σφραγῖδι
637 2397 761 2436 βασιλικῇ
782 2407 833 2431 οη-

69 2449 200 2485 μιιοῦνται
210 2458 217 2465 ·
229 2445 310 2479 οὕτως
318 2445 408 2481 ἐπειδὴ
420 2444 528 2483 ἔμελλεν
540 2444 611 2482 αὐτῷ
622 2441 670 2478 τὴν
681 2440 834 2470 δεσποτείαν

68 2492 253 2531 παραδιδόναι,
265 2495 335 2521 ποιεῖ
346 2490 461 2529 ὀνόματα
476 2492 558 2518 θεῖναι.
571 2489 606 2522 ὡς
620 2486 750 2523 δεσπότην
758 2498 764 2505 ·
776 2486 834 2516 ὀνό-

103 2571 115 2589 b
133 2568 223 2601 [Savil.
233 2569 348 2600 ιὶστήιιιι]

100 2616 109 2627 f
127 2606 221 2639 [Savll.
235 2610 262 2632 Te·
278 2609 346 2632 λείπει
357 2603 450 2638 tynum-l

878 1478 972 1507 Nemo
985 1478 1068 1506 venit
1090 1475 1131 1504 ad
1145 1485 1201 1511 me,
1217 1477 1274 1504 nisi
1288 1476 1379 1504 Pater·
1401 1485 1481 1505 meus
1500 1475 1623 1508 caelestis

879 1524 1004 1553 traxerit
1016 1531 1091 1551 eum.
1103 1520 1158 1551 Sed
1166 1520 1239 1558 quod
1245 1521 1302 1560 jam
1315 1527 1376 1549 ante
1387 1530 1430 1549 me
1439 1518 1542 1550 dixisse
1554 1521 1621 1559 scio;

879 1579 974 1598 verum
986 1568 1038 1596 hoc
1052 1566 1087 1596 ad
1099 1577 1156 1597 rem
1171 1568 1226 1607 jam
1240 1565 1354 1604 quadrat
1367 1578 1375 1595 ι
1392 1565 1623 1607 contingitbautem

880 1625 949 1655 saepe
964 1621 994 1643 ut
1007 1623 1061 1643 non
1075 1612 1211 1648 audiatur,
1227 1618 1253 1641 et
1265 1621 1336 1640 nunc
1349 1611 1427 1640 etiam
1443 1611 1514 1642 dico.
1529 1610 1624 1651 Cogita

880 1668 946 1700 quot
964 1667 1027 1690 sunt
1045 1657 1248 1699 quadrupedes3
1268 1657 1315 1687 sed
1336 1664 1424 1687 tecum
1448 1665 1542 1698 reputa
1564 1669 1624 1697 quae

880 1707 934 1736 sint
943 1712 1090 1741 mansueta,
1102 1714 1162 1743 quae
1177 1704 1244 1739 sera,
1255 1713 1314 1742 quae
1324 1702 1351 1732 iu
1364 1702 1511 1739 montibus,
1525 1714 1584 1742 quae
1595 1704 1624 1733 in

881 1752 1003 1793 planitie,
1028 1761 1088 1790 quae
1108 1751 1137 1780 in
1157 1750 1269 1787 Galliis,
1290 1760 1350 1788 qum
1374 1749 1400 1779 in
1420 1749 1511 1785 India,
1525 1760 1584 1788 quae
1595 1749 1623 1778 in

879 1798 1005 1828 omnibus
1013 1797 1087 1827 orbis
1096 1796 1250 1826 climatibus
1261 1808 1267 1825 :
1278 1806 1387 1825 rursum
1399 1796 1504 1837 reptilia
1512 1807 1521 1832 ;
1531 1806 1625 1826 eorum

881 1855 976 1885 genera
990 1851 1015 1873 et
1025 1842 1138 1884 speeies,
1153 1841 1276 1872 volatilia
1285 1841 1386 1885 omnia,
1396 1841 1516 1871 natatilia
1526 1853 1535 1879 ;
1549 1852 1626 1880 quae-

882 1900 998 1929 cumque
1010 1895 1072 1919 sunt
1085 1888 1113 1918 in
1127 1887 1207 1924 mari,
1219 1898 1278 1927 quae
1293 1887 1320 1916 in
1332 1886 1443 1927 stagnis,
1455 1898 1514 1927 quae
1528 1886 1556 1916 in
1571 1887 1626 1916 ssu—

879 1937 932 1967 viis
945 1949 952 1966 :
967 1935 1024 1965 haec
1032 1935 1121 1964 omnia
1130 1933 1343 1971 adducebantur,
1351 1939 1378 1963 et
1390 1933 1504 1973 singulis
1518 1933 1626 1962 nomina

880 1981 1033 2022 imponebat
1043 1980 1141 2016 Adam,
1151 1981 1277 2019 Deusque
1289 1990 1342 2009 non
1355 1979 1563 2017 contradicebat,
1578 1979 1626 2009 sed

885 2027 1079 2067 acquiescebat.
1094 2027 1237 2055 Innumera
1255 2025 1362 2055 nomina
1377 2032 1449 2062 sunt,
1462 2025 1559 2064 hisque
1582 2036 1626 2055 ac-

882 2073 995 2113 quiescit
1016 2073 1106 2102 Deus:
1123 2081 1207 2101 uuum
1229 2081 1324 2100 nomen
1342 2071 1408 2101 dicit
1422 2072 1495 2101 Deus
1513 2081 1547 2100 ex
1559 2070 1626 2100 caelo

883 2118 1043 2151 testificans;
1060 2118 1119 2147 Hic
1138 2123 1180 2146 est
1195 2117 1292 2146 Filius
1303 2127 1402 2149 meus.-
1416 2122 1441 2146 et
1450 2116 1518 2146 hanc
1531 2127 1625 2147 vocem
1636 2125 1749 2147 Manlia.

881 2174 967 2204 prave
977 2163 1135 2202 detorquent
1146 2161 1277 2199 haeretici,
1290 2172 1349 2202 qnae
1361 2162 1408 2191 uni
1424 2168 1527 2191 tantum
1538 2161 1624 2191 nomi·
1640 2162 1684 2185 ¹7·-

883 2210 912 2239 ni
934 2209 1116 2239 testimonium
1135 2209 1236 2249 praebet
1260 2220 1267 2238 ε
1285 2208 1362 2238 illam
1381 2215 1496 2238 sanctam
1519 2218 1624 2243 vocem,

883 2265 943 2294 quae
954 2255 1094 2285 innumera
1102 2254 1219 2294 suscepit
1228 2254 1336 2284 nomina
1347 2254 1507 2292 nullumque
1513 2253 1624 2282 delevit.

884 2299 1008 2331 Adducta
1017 2307 1080 2331 sunt
1089 2300 1227 2337 animalia,
1237 2307 1263 2330 et
1272 2300 1381 2330 nomina
1391 2306 1556 2340 acceperunt.
1563 2300 1624 2329 Jam

884 2346 932 2376 ille
944 2345 1030 2376 stabat
1042 2353 1072 2376 ut
1082 2357 1140 2376 rex.

924 2392 955 2422 8.
971 2391 1206 2430 Quemadmodum
1220 2402 1280 2420 cum
1292 2390 1390 2419 milites
1403 2388 1609 2418 conscribuntur
1619 2409 1626 2421 ,

886 2438 959 2479 regio
983 2438 1122 2479 signaculo
1144 2444 1290 2466 notantur:
1307 2436 1345 2464 sic
1365 2435 1428 2473 quia
1449 2433 1563 2462 debebat
1583 2433 1626 2463 illi

887 2484 1036 2515 dominium
1051 2483 1172 2520 tradere,
1187 2481 1216 2511 id
1236 2481 1318 2511 efficit
1336 2487 1365 2509 ut
1382 2480 1488 2508 nomina
1508 2478 1627 2520 imponat

904 2570 914 2581 ³
932 2561 1026 2593 [savit.
1038 2562 1063 2586 iu
1074 2566 1141 2586 textu
1156 2565 1261 2592 στοιχεῖα,
1278 2559 1303 2584 in
1314 2565 1392 2589 marg·
1407 2562 1503 2589 στοιχιᾴ.
1516 2554 1626 2581 Combe-

870 2599 908 2628 fis.
925 2599 1028 2633 στοιχεῖ.]
