1890 2826
203 174 273 209 622

53 256 136 277 Μαιιῐι.
156 261 191 277 ιο.
202 253 251 276 est.
266 247 368 275 Estote
383 254 450 281 ergo
459 242 616 282 prudentes
634 246 665 270 ut
675 249 791 279 serpens
796 253 808 275 ‚·
824 248 876 267 non
888 238 945 267 ira-

58 287 91 309 ¹6<
202 284 295 321 cundi,
311 294 364 313 non
385 292 517 314 venenum
535 281 708 320 ejaculantes‚
723 278 772 309 sed
789 277 944 319 prudentes,

74 326 232 353 1¹··u=¹⁰·¹1³³et
251 324 396 364 simplices
417 324 492 352 sicut
512 321 664 350 columboe.
679 321 768 349 Potest
788 325 878 348 autem
895 328 943 348 co-

51 357 162 392 quamodo
202 364 295 393 lumba
308 371 336 394 et
348 363 384 392 ad
402 362 501 392 vitium
513 367 539 390 et
550 360 586 390 ad
597 360 726 390 virtutem
743 357 944 398 significandam

52 387 190 409 ³¹¹¹¹¹¹³⁶⁰d³⁴
202 403 287 443 accipi
301 415 309 432 ι
321 414 374 442 qua
385 412 448 432 vero
461 400 574 436 ratione,
582 399 658 429 audi.
671 399 701 429 Si
711 398 749 428 sis
759 396 944 427 inconsidera-

202 449 245 472 tus
257 443 417 481 minimeque
430 440 608 477 discretus‚et
615 438 699 469 solius
709 437 818 468 malitiae
829 437 940 477 peritus,

56 489 190 517 Osce.7.1l.
201 490 308 512 accusat
326 489 350 511 te
371 480 510 520 Scriptura
529 486 560 509 ut
578 478 785 519 imprudentem.
802 477 944 516 Ephraim

201 522 282 555 enim,
297 521 394 560 inquit,
404 521 489 560 quasi
501 518 638 550 columba
651 519 801 557 insipiens,
815 527 882 557 quoe
894 527 945 546 cor

922 175 1051 199 SPURtA.

1003 236 1122 277 ἀκέραιοι
1141 239 1177 271 ὡς
1195 240 1222 267 αἱ
1236 250 1269 267 πε
1288 238 1395 277 ιστεραί.
1412 237 1491 268 Ἔστι
1506 237 1532 266 δὲ
1548 236 1596 272 τὴν
1617 236 1773 276 περιστερὰν

1001 277 1047 306 καὶ
1067 279 1104 311 εἷς
1122 277 1217 307 κακίαν
1237 250 1285 307 καί
1303 279 1340 311 εἷς
1359 277 1456 318 ἀρετ-ὴν
1476 277 1613 307 ἐκλαὸεῖν·
1627 277 1672 306 καὶ
1692 276 1772 311 ὅπως,

1001 316 1088 347 ἄκουε.
1102 317 1166 347 Ἐὰν
1181 314 1213 357 ἧς
1228 317 1364 358 ἀλόγιστος
1383 318 1429 347 καὶ
1443 317 1602 357 ἀδιάκριτος,
1617 316 1662 345 καὶ
1677 317 1770 350 κακίας

1000 355 1125 397 ἔμπειρος
1145 357 1233 396 μόνον,
1248 357 1384 387 διαθάλλει
1397 369 1427 387 σε
1445 359 1463 392 ἡ
1479 356 1572 397 Γραφὴ
1587 358 1624 390 ὡς
1637 356 1771 386 ἀσύνετον.

1000 395 1119 465 Ἐφραίμ
1131 397 1167 447 J&
1185 419 1194 433 ,
1207 397 1296 450 φπῃσὶγ,
1309 398 1346 431 ὡς
1357 396 1501 448 περιστερὰ
1515 396 1600 433 ἄνους,
1614 397 1662 426 οὐκ
1674 396 1772 436 ἔχουσα

999 446 1051 475 καρ
1069 435 1119 466 ίαν.
1140 438 1164 466 h
1183 449 1198 466 ν
1208 447 1292 466 ουντο
1301 436 1378 466 ἄνουν
1387 448 1487 476 φυγων,
1497 435 1529 466 τὸ
1542 436 1665 476 ἀκέραιον
1678 447 1770 475 κατορ-

999 474 1102 515 θώσῃς,
1124 476 1192 516 ἔχεις
1219 476 1268 513 τὴν
1291 476 1396 506 σύνεσιν
1417 474 1521 505 τελείαν
1530 497 1539 513 ,
1567 477 1597 505 οὗ
1622 475 1770 515 συμμιγνὺς

998 516 1013 530 *
1021 516 1088 555 αὐτῇ
1097 518 1130 552 τη’“
1140 516 1220 546 κακία
1227 528 1234 535 ·
1243 516 1288 546 καὶ
1296 515 1399 549 ἀκούεις
1406 514 1480 555 παρὰ
1487 517 1533 545 τοῦ
1544 514 1652 555 Κυρίου,
1663 515 1769 545 Γίνεσθε
1779 519 1791 533 ’⁵
1804 522 1883 550 αὐτὴν.

202 572 261 590 non
280 562 377 590 habet.
391 561 421 590 Si
433 570 498 599 ergo
510 558 691 600 insipientiam
708 557 824 596 fugiens,
837 556 944 597 simpli·
960 560 980 585 C
1001 549 1122 595 φρόνιμοί
1135 558 1172 590 ὡς
1190 550 1288 605 δ’ἔφις,
1306 555 1352 586 καὶ
1371 555 1491 629 &aigum
1507 557 1543 588 ὡς
1557 556 1585 584 αἱ
1604 555 1767 595 περιστεραί.

200 601 304 630 citatem
317 611 380 630 cum
399 599 480 629 laude
494 610 549 639 prae
560 606 586 629 te
598 597 704 634 tuleris,
719 596 802 627 habes
822 596 942 637 pruden-

200 640 264 669 tiam
275 641 425 680 perfectam,
437 639 460 669 si
479 649 538 669 eam
557 649 620 668 cum
632 636 734 667 malitia
751 647 804 667 non
830 637 942 666 commi-

201 690 271 709 sceas
279 692 288 718 5
315 687 341 710 et
369 679 447 710 audis
468 690 484 708 a
504 678 631 714 Domino,
655 677 757 707 Estote
784 676 941 717 prudentes

201 722 275 749 sicut
280 729 408 759 serpens,
419 725 447 749 et
454 719 599 758 simplices
604 719 680 746 sicut
688 717 835 747 columboe.
845 717 886 746 Ne
894 717 943 756 igi-

200 766 244 788 tur
265 760 341 788 nullo
354 759 460 789 delectu
481 766 625 826 utcumaue
638 756 807 797 Scripturam
819 757 888 796 lege,
903 756 941 786 mi

199 799 289 834 frater,
301 806 346 829 aut
357 797 549 830 similitudines
558 808 572 826 a
601 796 667 827 vitia
679 796 867 835 malamquein
916 807 940 825 ι·-

199 846 251 868 tem
269 838 385 878 accipias
397 839 432 868 ab
445 848 475 867 ea
496 837 623 878 prolatas,
637 835 705 865 dum
726 835 865 865 distribuit
877 806 941 864 iiiuc

199 879 307 917 quidem
321 877 402 913 illud,
422 877 465 907 illi
483 887 548 907 vero
564 875 650 905 aliud.
666 875 754 905 Visne
766 876 818 905 hoc
842 874 942 904 intelli-

199 928 259 956 gere
271 918 399 958 planius?
413 916 526 946 Attende
536 915 678 955 diligenter
691 914 725 944 iis
732 925 792 954 quae
803 914 941 945 dicuntur.

52 954 106 974 ⁶⁶⁸·
118 953 186 984 499·
201 959 286 988 Vocat
306 958 410 987 leonem
423 957 582 996 Scriptura:
601 954 724 985 Catulus
745 955 817 984 enim
836 955 940 991 leonis,

199 998 297 1036 inquit,
312 998 394 1027 Juda
406 1008 416 1025 .·
429 1006 466 1025 ex
485 996 624 1035 germine,
635 994 683 1033 fili
697 996 747 1027 mi,
760 996 917 1024 ascendisti
931 1009 938 1024 :

200 1039 367 1067 recumbens
375 1036 538 1066 dormivisti
546 1041 578 1064 ut
586 1034 642 1063 leo.
652 1034 715 1070 Hic,
725 1036 764 1064 Ue
771 1034 828 1070 teo,
837 1035 940 1065 fortitu-

200 1076 291 1106 dinem
301 1077 448 1115 significat;
463 1085 525 1104 nam
539 1073 609 1104 etde
618 1075 694 1114 justo
706 1074 826 1103 eamdem
840 1085 941 1115 propo-

101 1124 113 1136 ν
158 1132 162 1136 -
184 1116 239 1145 ·nit
263 1115 467 1146 similitudinem
490 1127 496 1144 ε
518 1116 622 1146 Iustus
643 1113 725 1150 enim,
741 1114 840 1153 inquit,
855 1117 943 1153 quasi

1000 595 1046 631 Μὴ
1061 596 1147 626 τοίνυν
1161 596 1262 633 ἂπλως,
1278 595 1385 636 ἀδελφὲ,
1468 594 1576 635 Γραφὰς
1595 594 1768 633 ἀναγίνωσκε,

998 635 1043 665 καὶ
1056 635 1102 670 τὰς
1123 635 1223 669 εἰκόνας
1245 637 1282 669 εἷς
1301 635 1395 669 κακίας
1418 634 1569 673 ἐκλάμὸανι
1587 635 1651 673 παρ’
1670 635 1768 671 αὐτῆς,

997 678 1011 692 *
1019 676 1160 715 μερίζουσα
1169 674 1253 716 τούτῳ
1267 675 1315 715 μὲν
1328 678 1416 710 τοῦτο,
1428 674 1514 714 τούτῳ
1525 673 1552 703 δὲ
1562 673 1660 713 ἕτερον.
1674 674 1768 707 Θέλεις
1789 680 1801 694 ¹⁸
1809 685 1890 715 μεριξ,

997 713 1041 746 οὖν
1054 718 1161 753 μαθεῖν;
1175 715 1297 756 Πρόσεχι
1311 714 1427 754 ἀκριὸῶς
1440 718 1494 748 τοῖς
1510 713 1668 753 λεγομένοις.
1683 714 1768 743 Καλεί
1778 727 1824 744 ‹ms-

997 756 1090 786 λέοντα
1101 757 1117 791 ἡ
1129 755 1224 795 Γραφή
1233 767 1239 773 ·
1255 755 1376 794 Σκύμνος
1390 754 1453 794 γὰρ,
1465 753 1541 794 φησὶ,
1556 752 1659 786 λέοντος
1668 752 1768 782 Ἰούδα·

996 796 1027 825 ἐκ
1037 796 1162 834 βλαστοῦ,
1176 794 1216 824 υἱέ
1230 807 1291 834 μου,
1304 793 1400 830 ἀνέὸης
1408 805 1414 812 ·
1427 793 1565 823 ἀναπεσὼν
1577 792 1719 831 ἐκοιμήθης
1731 794 1768 826 ὣς

997 835 1073 864 λέων.
1086 831 1152 864 Ὧδε
1165 834 1205 870 τὸ,
1219 835 1266 867 Ὡς
1285 834 1363 871 λέων,
1377 834 1408 864 τὸ
1430 834 1546 873 ἀνδρεῖον
1563 832 1688 871 σημαίνει
1698 844 1705 851 ·
1721 833 1767 862 καὶ

996 874 1048 914 γὰρ
1061 874 1107 903 καὶ
1124 874 1243 913 περὶτοῦ
1258 874 1359 903 δικαίου
1377 873 1427 910 τὴν
1446 872 1527 908 αὐτὴν
1540 872 1643 908 τίθησιν
1660 872 1749 901 εἰκόνα
1759 884 1766 891 ·

997 914 1104 947 Δίκαιος
1117 913 1178 953 γὰρ,
1195 914 1284 954 φησὶν,
1294 915 1331 948 ὡς
1341 914 1409 943 λέων
1422 913 1555 942 πέποιθεν.
1573 912 1699 952 Ἀνδρεῖος
1712 912 1766 941 τοί-

998 965 1042 982 νυν
1062 955 1076 983 ὁ
1094 953 1201 987 δίκαιος,
1221 954 1268 983 οὐκ
1292 954 1319 982 ἓν
1339 955 1379 994 τῷ
1398 954 1460 993 δρᾷν
1482 954 1581 986 κακῶς,
1602 953 1661 981 ἀλλ’
1682 953 1709 980 ἐν
1727 954 1766 991 τῷ

997 992 1133 1022 διαπτύειν
1150 992 1184 1022 τὰ
1202 993 1276 1033 παρὰ
1296 995 1350 1022 τῶν
1367 994 1489 1032 πονηρῶν
1509 991 1669 1031 ἐπαγόμενα.
1682 992 1766 1020 Καλεὶ

997 1032 1041 1061 καὶ
1056 1032 1100 1061 τὸν
1115 1033 1230 1072 Σωτῆρα
1249 1033 1359 1069 λέοντα,
1377 1033 1420 1062 διὰ
1439 1032 1470 1062 τὸ
1489 1033 1520 1061 ἐκ
1540 1033 1678 1071 βασιλικῆς
1698 1025 1766 1060 εἶναι

996 1072 1200 1112 φυλῆς.Ὤσπερ
1207 1071 1259 1122 γαρ
1272 1074 1325 1102 τῶν
1334 1083 1380 1101 τετ
1397 1068 1501 1101 απόδωῆ
1515 1071 1631 1111 ὑπάρχει
1643 1069 1766 1110 βασιλεὺς

996 1114 1010 1141 ὁ
1023 1112 1099 1146 λέων,
1110 1111 1180 1141 οὕτω
1198 1124 1244 1141 και
1257 1114 1310 1141 τῶν
1325 1112 1376 1142 Ἴου
1394 1111 1458 1141 αίων
1470 1111 1638 1141 ἐὸασίλευσεν
1649 1113 1666 1147 ἡ
1679 1110 1765 1140 Ἰούδα

202 1156 247 1185 leo
261 1157 390 1198 confidit.
404 1155 493 1185 Fortis
504 1155 592 1192 itaque
603 1160 642 1182 est
649 1154 750 1194 justus,
765 1163 819 1182 non
832 1153 859 1183 in
871 1154 941 1184 male
957 1159 977 1183 n
996 1152 1076 1190 φυλὴ,
1090 1151 1118 1185 ἐξ
1128 1147 1160 1187 ἧς
1173 1154 1187 1181 ὁ
1201 1151 1297 1192 Σωτὴρ
1311 1151 1438 1181 ἀνέτειλε.
1451 1150 1505 1181 Καὶ
1518 1151 1555 1189 μὴ
1568 1150 1686 1190 νομίσῃς,
1698 1151 1766 1189 ἀγα-

166 1224 171 1228 ,
201 1195 315 1235 agendo,
327 1195 375 1225 sed
389 1195 416 1224 in
431 1195 465 1224 iis
479 1193 640 1230 refellendis,
653 1203 712 1231 quae
726 1204 740 1222 a
754 1193 889 1223 sceleratis
901 1194 941 1223 in-

200 1235 331 1264 serentur.
346 1236 367 1264 A
389 1234 471 1274 pellat
483 1240 509 1263 ct
519 1233 684 1264 salvatorem
698 1233 814 1270 leonem,
825 1244 857 1262 eo
867 1234 942 1273 quod

201 1281 268 1304 esset
280 1285 314 1304 ex
330 1246 387 1303 πίε

200 1321 240 1343 est
247 1314 299 1351 leo,
305 1314 343 1343 sic
348 1314 436 1343 interJ
439 1312 528 1343 udaeos
534 1312 642 1342 tribusJ
646 1312 696 1341 uda
705 1322 784 1352 regna
804 1320 842 1349 at,
847 1323 882 1343 ex
889 1324 942 1352 qua

201 1354 325 1383 Salvator
349 1353 504 1393 progenitus
522 1359 571 1381 est.
596 1352 690 1390 Neque
713 1362 776 1381 vero
793 1352 941 1389 existimes,

202 1393 350 1429 carissime,
362 1392 470 1422 Christo
488 1391 630 1430 indignum
645 1391 729 1420 lconis
741 1391 853 1431 imagini
868 1403 942 1422 com·

202 1434 315 1472 parari:
341 1442 402 1461 nam
425 1438 451 1460 et
470 1431 590 1460 eamdem
613 1431 664 1470 ipsi
684 1431 780 1460 tribuit
801 1431 943 1462 Divinitati

54 1471 131 1492 ΛΜΝ·
143 1469 191 1493 3.8.
203 1472 351 1512 Scriptura.
369 1470 441 1501 Audi
462 1481 526 1510 ergo
543 1469 612 1508 quid
624 1470 696 1500 dicat
714 1470 844 1511 propheta
860 1483 868 1500 ι
883 1472 943 1501 Leo

203 1514 309 1551 rugiet,
331 1513 396 1551 quis
409 1520 469 1539 non
489 1512 618 1540 timebit?
639 1511 785 1540 Dominus
799 1511 880 1540 Deus
899 1511 943 1540 lo-

203 1558 311 1590 quutus
324 1557 378 1587 est,
392 1551 457 1590 quis
470 1561 529 1579 non
538 1551 721 1595 prophetabit
731 1553 744 1578 Ρ
757 1551 831 1590 Ergo
842 1550 944 1580 ratione

202 1592 336 1630 potentiae,
351 1597 376 1619 et
387 1596 517 1629 quatenus
535 1589 664 1619 tembilis
676 1596 726 1625 est,
742 1600 773 1619 ac
792 1590 865 1630 regia
886 1600 943 1620 ma-

200 1631 293 1669 jestate
314 1630 429 1671 pollens,
446 1636 619 1669 comparatur
638 1629 709 1658 leoni
729 1629 865 1659 Christus.
883 1630 941 1670 Ap-

203 1670 318 1709 pellatur
334 1677 360 1699 et
380 1670 423 1699 leo
440 1668 578 1705 diabolus,
597 1678 650 1698 non
669 1676 699 1698 ut
721 1676 825 1709 potens,
848 1669 895 1699 vel
914 1676 944 1698 ut

202 1709 367 1745 tremendus,
378 1709 425 1738 sed
441 1716 470 1738 ut
487 1718 638 1748 percussor,
654 1715 684 1736 ut
695 1715 838 1748 tyrannus,
854 1715 884 1738 ut
896 1719 943 1738 cx-

387 1285 404 1303 u
423 1274 506 1312 regia.
526 1275 566 1303 Ut
585 1273 656 1302 enim
669 1272 774 1311 quadru
795 1272 878 1303 edum
893 1284 947 1305 rex.

996 1191 1074 1228 πητὲ,
1095 1191 1199 1225 ἀνάξιον
1218 1187 1284 1221 εἶναι
1304 1195 1349 1221 τοῦ
1368 1192 1485 1231 Χριστοῦ
1506 1191 1537 1220 τὸ
1561 1191 1643 1222 εἰκόνι
1663 1192 1766 1226 λέοντος

997 1230 1198 1265 ἀπεικάζεσθαι·
1220 1232 1380 1282 σᾉηματίζει
1402 1231 1454 1271 γὰρ
1466 1234 1483 1268 ἡ
1498 1231 1592 1280 Γραφὴ
1612 1231 1660 1268 τὴν
1679 1232 1767 1262 εἰκόνα

997 1270 1094 1306 ταύτην
1108 1270 1153 1300 καὶ
1164 1272 1206 1300 ἐπ’
1218 1274 1299 1307 αυτῆς
1309 1273 1357 1307 τῆς
1369 1272 1511 1308 Θεότητος.
1527 1273 1614 1301 Ακουε
1621 1273 1683 1311 γοῦν
1697 1268 1739 1301 οἶα
1752 1274 1768 1301 ὁ

997 1311 1134 1350 προφήτης
1147 1310 1227 1350 φησί·
1248 1311 1324 1341 Λέων
1338 1310 1486 1350 ἐρεύξεται,
1509 1311 1554 1340 καὶ
1567 1310 1608 1344 τίς
1628 1313 1658 1341 οὗ
1681 1312 1766 1351 φοὸη-

997 1351 1119 1386 θήσεται;
1134 1350 1230 1390 Κύριος
1244 1353 1258 1379 ὁ
1268 1350 1337 1383 Θεὸς
1349 1350 1472 1387 ἔλᾶλησε,
1491 1351 1537 1380 καὶ
1557 1349 1598 1383 τίς
1614 1352 1643 1380 οὔ
1663 1362 1766 1391 προφη-

996 1390 1098 1426 τεύσει;
1107 1389 1183 1419 Κατὰ
1192 1390 1223 1419 τὸ
1235 1389 1342 1419 δυνατὸν
1351 1389 1447 1426 τοίνυν,
1457 1389 1540 1420 καὶτὸ
1571 1390 1671 1430 οὸερὸν,
1681 1391 1726 1420 καὶ
1737 1391 1767 1420 τὸ

999 1429 1144 1469 βασιλικὸν,
1157 1429 1243 1459 λέοντι
1255 1429 1426 1463 ἀπεικάζεται
1438 1432 1453 1459 ὑ
1466 1430 1552 1468 Χριστ
1567 1442 1588 1463 ς.
1598 1431 1726 1459 Καλεῑται
1738 1431 1766 1460 δὲ

998 1469 1042 1499 καὶ
1054 1472 1068 1499 ὁ
1083 1469 1203 1502 διάὸολος
1213 1469 1290 1504 λέων,
1302 1470 1353 1520 οὐχ
1362 1470 1398 1502 ὥς
1408 1469 1524 1505 δυνατὸς,
1534 1469 1589 1498 οὔδ’
1600 1471 1636 1502 ὡς
1649 1469 1766 1510 φοὸερὸς,

998 1510 1056 1538 ἀλλ’
1067 1510 1103 1542 ὣς
1113 1509 1246 1545 πλήκτης,
1259 1510 1295 1542 ὡς
1307 1520 1440 1548 τυραννος,
1449 1510 1485 1542 ὡς
1497 1509 1674 1548 ἀφανιοτικός.
1686 1509 1766 1549 Λέγει

998 1548 1025 1577 δὲ
1037 1548 1099 1588 περὶ
1113 1548 1205 1578 τούτου
1216 1550 1230 1577 ὃ
1244 1548 1372 1588 μακάριος
1383 1547 1484 1588 Πέτρος
1495 1549 1509 1577 ὃ
1521 1548 1666 1582 ἀπόστολος
1676 1561 1683 1568 ·
1697 1549 1766 1578 Ἰδοὺ

998 1590 1012 1617 ὃ
1024 1588 1115 1628 ἐχθρὸς
1126 1590 1200 1627 ὑμῖν
1214 1588 1334 1621 διάὸολος
1343 1587 1419 1628 περιέ
1435 1599 1523 1628 χεται,
1538 1589 1574 1621 ὥς
1585 1587 1667 1625 λέων,
1681 1589 1766 1624 ζητῶν

998 1632 1136 1657 καταπιεῖν
1153 1627 1251 1668 ψυχήν.
1266 1627 1366 1667 Μέριζε
1383 1639 1414 1657 το
1425 1639 1469 1656 νυν
1483 1629 1535 1657 τῶν
1555 1628 1767 1667 ἀναγνωσμάτων

997 1667 1044 1701 τὰς
1059 1667 1167 1707 θεωρίας
1176 1688 1184 1702 ,
1199 1668 1302 1707 μήποτε
1316 1667 1421 1696 ἐναντία
1434 1667 1561 1697 δοκοῦντα
1573 1669 1606 1707 τῇ
1620 1667 1690 1702 λέξει
1705 1680 1767 1707 συγ-

997 1707 1048 1747 χέῃ
1064 1719 1109 1737 σου
1126 1707 1174 1743 τὴν
1195 1708 1322 1737 διάνοιαν.
1346 1703 1429 1737 Εἶπεν
1451 1709 1468 1742 ἡ
1489 1708 1546 1747 Γρα
1606 1706 1700 1737 λέοντα
1722 1708 1767 1737 καὶ

202 1750 365 1778 terminator.
379 1749 420 1778 De
430 1748 481 1777 hac
501 1758 530 1777 re
540 1747 608 1776 dicit
618 1754 644 1776 et
660 1747 754 1778 beatus
767 1749 861 1777 Petrus
875 1758 940 1788 apo-
961 1749 979 1772 E
998 1746 1103 1776 λέοντα·
1118 1747 1187 1777 ἀλλὰ
1200 1747 1244 1777 τὸν
1259 1746 1307 1786 μὲν
1319 1746 1388 1776 κατὰ
1398 1746 1429 1776 τὸ
1443 1748 1550 1786 βασιλικ
1566 1758 1579 1776 ν
1593 1746 1638 1776 καὶ
1650 1747 1768 1782 δυνατὸν,

56 1795 74 1808 ¹*
92 1789 155 1811 Ῥεῖν·
168 1787 189 1810 ⁵·
202 1788 286 1818 stolus
311 1801 318 1817 ε
337 1789 415 1817 Ecce
435 1788 568 1816 inimicus
581 1794 679 1816 vester
690 1787 826 1817 diabolus
841 1789 944 1817 circuit

52 1820 75 1841 8⁴
203 1833 351 1868 tamquam
374 1828 432 1863 leo,
457 1836 589 1866 quoerens
612 1833 644 1855 ut
663 1828 794 1856 animam
815 1827 942 1857 devoret.

202 1867 301 1896 Divide
323 1867 412 1905 itaque
433 1876 527 1895 eorum
550 1876 610 1903 quae
629 1866 757 1905 leguntur
777 1866 898 1902 notiones
917 1874 944 1896 et

202 1906 401 1946 intelligentias,
431 1915 464 1934 nc
483 1905 551 1933 forte
571 1915 630 1943 quae
652 1905 680 1933 in
702 1906 792 1935 verbis
812 1914 943 1946 apparent

201 1946 332 1975 contraria
345 1951 418 1974 tuam
431 1951 545 1973 mentem
564 1944 729 1983 perturbent.
745 1947 942 1975 Commemora-

200 1986 240 2014 vit
252 1985 391 2023 Scriptura
402 1984 504 2013 leouem
517 1989 543 2011 et
555 1983 674 2019 leonem;
691 1984 737 2013 sed
752 1985 824 2014 hune
833 1985 942 2023 quidem

200 2024 348 2054 secundum
365 2023 465 2062 regiam
478 2022 635 2061 dignitatem
648 2033 679 2051 ac
700 2024 848 2059 mtentiam,
864 2024 942 2054 illum

201 2070 289 2093 autem
299 2063 335 2092 ob
348 2062 404 2092 vim
418 2060 547 2101 perdendi
562 2068 641 2099 atque
651 2034 772 2092 delendi.
785 2064 878 2102 ltaque
891 2066 942 2104 ju·-

200 2110 270 2133 stum
281 2102 362 2131 simul
376 2108 403 2130 et
413 2100 528 2140 impium
545 2110 596 2128 una
611 2100 788 2132 similitudine
803 2103 942 2143 Scriptura

50 2148 118 2170 Psal.
135 2153 173 2177 9¹·
201 2142 330 2182 exprimit
356 2153 362 2170 :
388 2141 503 2176 Justus,
524 2139 623 2178 inquit,
639 2147 671 2168 ut
691 2142 793 2180 palma
800 2143 941 2184 florebit;

52 2179 88 2202 ¹3·
200 2184 274 2212 sicut
294 2181 396 2210 cedrus
421 2189 487 2219 quae
499 2180 548 2207 *in
576 2180 689 2208 Libano
716 2188 770 2216 est,
797 2182 942 2222 multipli-

201 2223 325 2251 cabitur.
354 2219 444 2250 Priori
460 2219 682 2263 loco-proposuit
701 2219 843 2263 imaginem
862 2223 940 2262 justi,

50 2265 116 2286 Psal.
127 2263 165 2287 36.

49 2296 89 2318 35.
199 2303 280 2341 pium
292 2298 539 2339 superexaltatum
552 2304 581 2326 et
593 2297 749 2332 elevatum,
759 2300 834 2327 sicut
843 2301 942 2330 cedms

200 2341 317 2371 Libani.
331 2337 405 2370 Vide
415 2347 478 2377 ergo
491 2349 500 2365 ι
511 2347 545 2366 uo
558 2343 635 2377 pacto
648 2337 768 2367 eamdem
781 2338 942 2369 similitudi-
950 2359 984 2377 5³5
995 2340 1060 2379 πρὸς
1079 2341 1242 2379 φιλοπονίαν.
1257 2342 1406 2381 Πορεύθητι
1419 2342 1484 2391 πρὸς

200 2260 298 2291 deinde
325 2259 426 2300 pariter
458 2257 548 2298 impii.
576 2258 644 2286 Vidi
666 2268 748 2294 enim,
772 2259 871 2298 inquit,
897 2265 950 2290 im-

998 1787 1042 1816 τὸν
1057 1786 1084 1816 δὲ
1093 1787 1162 1816 κατὰ
1173 1786 1203 1816 τὸ
1212 1786 1381 1827 ἀφανιστικὸν
1394 1786 1440 1816 καὶ
1454 1786 1621 1826 δηλητήριον.
1633 1786 1713 1816 Οὕτω
1722 1787 1767 1816 καὶ

997 1826 1042 1855 τὸν
1053 1826 1151 1856 δίκαιον
1161 1826 1259 1856 καὶτὸν
1272 1826 1355 1861 ἀσεὸἥ
1369 1826 1412 1856 διὰ
1424 1830 1486 1864 μιᾶς
1497 1826 1596 1859 εἰκόνος
1644 1827 1766 1865 ηματίζει

997 1868 1014 1901 ἡ
1028 1865 1121 1906 Γραφή
1133 1878 1139 1884 ·
1159 1867 1278 1902 Δίκαιος,
1299 1865 1389 1906 φησὶν,
1408 1867 1445 1899 ὡς
1465 1865 1548 1906 φοίνιξ
1562 1837 1679 1902 iwan,
1696 1868 1731 1899 ὥς
1747 1869 1765 1901 ἡ

998 1905 1087 1945 κέδρος
1100 1907 1117 1940 ἡ
1127 1906 1153 1934 ἐν
1164 1908 1202 1946 τῷ
1211 1906 1320 1945 Λιὸάνῳ
1332 1905 1553 1941 πληθυνθήσεται.
1567 1904 1695 1941 Ἐποίησε
1703 1905 1766 1945 πρό-

998 1956 1073 1984 τερον
1079 1944 1133 2014 ἓν
1147 1946 1235 1975 εἰκόνα
1248 1948 1293 1975 τοῦ
1308 1945 1419 1980 δικαίου,
1433 1940 1480 1975 εἷθ’
1494 1944 1577 1978 οὕτως
1586 1944 1632 1994 καὶ
1644 1947 1691 1974 τοῦ
1705 1946 1766 1975 ἀσε-

998 1984 1067 2035 ξοῦς.
1084 2024 1091 2034 Ι
1115 1986 1158 2014 δον
1169 1986 1230 2037 γὰρ,
1250 1984 1325 2025 φησὶ,
1340 1984 1385 2035 τ’ὸν
1401 1984 1485 2021 ἀσεὸἥ
1494 1985 1766 2054 ἕπεριὲἤῗοιεενοὲοκαὶ

997 2024 1723 2103 ἶῗᾶἵοᾝζνῆΪςμιῖὰὲιῖξῗρῖῗᾶόνὶωπαρέγῖγε,’ταῖς
1733 2036 1765 2094 ‘ii

996 2102 1082 2137 λέξεσι
1091 2103 1138 2136 τὰς
1148 2104 1245 2137 ἐννοίας
1254 2104 1384 2144 ἐμέρισεν.
1397 2103 1462 2137 Ἐπὶ
1471 2103 1519 2142 μὲν
1531 2102 1583 2143 γὰρ
1594 2107 1641 2133 τοῦ
1655 2103 1766 2137 ἀσεὸοῧς

996 2142 1077 2182 λέγει,
1091 2139 1168 2172 Εἶδον
1181 2144 1225 2172 τὸν
1239 2144 1322 2179 ἀσεὸἧ
1333 2142 1547 2184 ὓπερυψούμενον
1560 2142 1605 2172 καὶ
1619 2143 1764 2183 ἐπαιρόμε-

996 2194 1058 2250 2⁰⁹2
1068 2183 1173 2251 ⁶553}
1189 2183 1318 2258 sszzwe
1331 2182 1669 2252 uiximui*
1682 2178 1765 2252 {st

995 2234 1223 2311 <ΙὺΙῑλεηθἰἐινθησέται.
1238 2252 1331 2295 oth-dm
1348 2258 1393 2292 οὖν
1409 2252 1455 2291 καὶ
1471 2262 1521 2298 τὴν
1539 2235 1664 2301 μγέιλιτταν,
1678 2246 1764 2301 utun:

996 2312 1051 2333 σαι,
1064 2313 1087 2329 ω
1103 2301 1231 2341 ἄνθρωπε,
1243 2302 1276 2338 ἣν
1295 2302 1340 2331 καὶ
1353 2305 1370 2338 ἡ
1384 2301 1478 2342 Γραφὴ
1497 2301 1613 2331 διδάσκει
1627 2305 1764 2340 μιμεῖσθαι

1499 2341 1547 2376 τὴν
1565 2341 1701 2380 μέλιτταν,
1719 2342 1764 2371 καὶ

200 2380 299 2410 nemin
311 2377 431 2408 medium
442 2347 571 2413 attulerit,
585 2375 633 2405 sed
645 2376 809 2406 dictionibus
822 2379 941 2410 notiones
957 2387 975 2409 Λ
996 2380 1062 2417 μάθε
1077 2382 1112 2414 ὡς
1130 2381 1234 2420 ἐργάτις
1255 2381 1321 2411 ἐστί.
1341 2381 1388 2417 Μὴ
1410 2383 1497 2449 §.voto-m
1517 2380 1558 2409 ὅτι
1577 2380 1683 2419 κέντρον
1697 2381 1763 2421 ἔχει,

199 2419 333 2450 diviserit.
346 2418 416 2447 Nam
432 2415 467 2446 de
487 2415 571 2456 impio
583 2415 658 2453 dicit,
673 2417 743 2445 Vidi
761 2419 881 2456 impium
892 2429 939 2448 su-

198 2459 414 2497 perexaltatum
435 2462 464 2485 et
490 2456 648 2490 elevatum,
669 2457 743 2485 sicut
764 2457 885 2493 πάτος,-
905 2459 940 2488 de

195 2499 268 2537 justo
281 2505 369 2527 autem
387 2505 440 2525 non
458 2495 539 2528 dixit,
552 2496 592 2525 Ut
604 2494 710 2529 cedrus,
726 2506 786 2534 quae
800 2497 827 2525 in
836 2497 939 2527 Libano

198 2545 247 2574 est,
270 2538 426 2571 cl'ssorescet,
447 2534 505 2571 sed,
520 2534 776 2573 Multiplicabitur.
793 2536 838 2565 Sic
858 2537 939 2575 igitur

198 2588 274 2616 apem
294 2577 407 2611 imitare,
424 2575 462 2604 mi
481 2574 572 2611 homo,
588 2584 668 2612 quam
689 2581 713 2603 et
734 2575 884 2614 Scriptura,
909 2585 937 2606 nt

995 2420 1054 2448 ἀλλ’
1074 2420 1114 2448 ὅτι
1129 2420 1189 2458 μέλι
1206 2421 1355 2460 ἐργάζεται.
1375 2421 1408 2450 'E
1455 2420 1507 2460 γὰρ
1528 2419 1633 2458 μιμήσῃ
1646 2421 1694 2454 τῆς
1713 2432 1762 2459 με-

993 2458 1083 2495 λίττης
1109 2459 1139 2488 τὸ
1166 2460 1282 2499 κέντρον,
1309 2463 1450 2499 κατηγορεῖ
1475 2470 1521 2489 σου
1546 2459 1639 2496 Δαυὶδ,
1662 2459 1761 2499 λέγων·

994 2499 1086 2527 Πάντα
1098 2499 1131 2527 τὰ
1145 2499 1204 2535 ἔθνη
1220 2499 1372 2529 ἐκύκλωσοίν
1387 2511 1429 2537 με,
1444 2499 1508 2528 ὡσεὶ
1522 2498 1647 2537 μέλισσαι
1660 2499 1761 2539 κηρίον,

993 2538 1036 2566 καὶ
1051 2540 1088 2576 τῷ
1103 2538 1212 2575 ὀνόματι
1226 2539 1323 2578 Κυρίου
1334 2538 1478 2577 ἠμυνάμην
1495 2537 1596 2571 αὐτούς.
1611 2538 1693 2578 Ὁρᾷς
1705 2541 1762 2571 πῶς

993 2577 1051 2609 τοὺς
1065 2577 1226 2612 πλήττοντας
1241 2578 1375 2612 ἀπεικάζει
1394 2578 1503 2616 μελίττῃ
1522 2577 1685 2617 πληττοόσῃ,
1703 2578 1760 2610 τοὺς
