1890 2826
52 884 145 914 Iiom.9.
154 889 191 913 29.

59 2036 198 2068 Pati-494-

59 2276 118 2298 lbid.
129 2285 150 2298 v.
161 2275 185 2299 8.

59 2457 119 2479 llud.
132 2464 184 2487 ‘'¹9-

204 218 244 239 10

199 280 224 307 si
240 277 402 307 Gomorrha
421 275 530 305 similes
550 285 683 305 essemus.
702 276 763 305 Mos
782 281 821 304 est
839 284 944 314 semper

198 322 337 364 prophetis
358 332 412 352 non
433 322 481 352 illa
503 322 591 352 solum
614 321 761 362 praedieere
781 320 867 357 mala,
883 330 943 358 quae

198 370 305 411 passuri
323 376 386 399 sunt
398 369 625 410 praevaricatores,
637 367 685 397 sed
696 367 777 397 etiam
790 377 820 396 ea
833 376 892 405 quae
901 365 943 395 di-

207 417 251 456 gni
271 422 335 445 sunt
360 415 479 456 perpeti,
501 422 531 444 ut
551 415 579 443 in
602 414 661 454 ipso
679 411 807 453 supplicii
828 411 947 451 tempore

199 461 297 491 multas
309 460 424 491 babeant
437 462 494 490 Deo
505 460 615 500 gratias,
631 458 705 498 quod
718 468 771 487 non
785 468 834 498 pro
847 457 943 486 merito

200 508 348 544 scelerum,
366 507 412 537 sed
433 507 519 536 multo
536 506 652 537 leviores
670 506 747 534 luant
766 514 869 545 poenas.
885 504 943 533 Hoc

199 554 280 585 eiiam
292 554 359 584 dicit
368 554 419 583 hoc
433 553 503 590 loco,
514 559 621 593 peccata
632 562 726 591 nempe
739 560 833 580 eorum
847 559 900 579 non
913 559 943 578 ea

200 601 289 631 solum
307 611 367 640 quae
391 600 462 630 dicta
482 606 553 635 sunt,
576 598 623 628 sed
641 598 722 628 etiam
737 596 943 626 internecionem

200 646 353 687 expetiisse,
362 646 547 683 universaeque
557 644 641 684 gentis
650 643 778 673 exitium:
793 653 852 681 quae
863 642 944 672 etiam

200 693 229 722 in
249 693 396 724 Sodomitis
413 692 591 732 contigerunt.
617 691 668 720 Dei
689 697 779 720 autem
793 689 945 729 benignitas

200 740 257 769 haec
270 739 330 769 fieri
342 749 394 769 non
407 739 482 775 sivit,
504 737 551 768 sed
564 748 670 778 poenam
684 743 792 777 peccato
806 736 884 774 longe
903 736 944 765 le-

201 788 304 816 viorem
319 786 430 816 inflixit.
445 786 516 823 Quia
530 795 594 815 vero
610 785 695 814 multa
709 791 748 813 est
760 782 875 812 affinitas
888 783 946 813 Ve-

201 840 246 863 tus
256 833 325 863 inter
339 840 366 863 et
378 834 488 863 Novum
507 832 722 867 Testamentum,
735 830 797 869 jure
810 829 859 858 illo
875 830 946 859 Pau-

203 879 246 909 lus
255 886 295 909 est
300 890 365 909 usus
374 892 380 908 ε
390 885 416 908 et
424 877 627 908 convenientius
634 887 715 916 quam
724 875 854 916 propheta
861 875 943 904 dixit.

203 924 440 963 Quemadmodum
460 924 533 953 enim
555 923 604 953 illo
623 930 759 962 tempore⁷
777 921 828 950 nisi
850 931 946 960 magna

202 971 295 1000 suisset
308 970 359 1001 Dei
375 968 570 1004 misericordia,
583 979 675 998 omnes
691 967 796 1007 abrepti
808 967 921 996 fuissent
937 979 944 996 z

202 1018 241 1048 sic
259 1018 287 1047 in
305 1024 425 1057 tempore
434 1015 536 1046 Christi
547 1014 690 1050 adventus,
699 1013 752 1043 nisi
772 1013 856 1053 gratia
867 1023 948 1053 appa-

202 1064 311 1100 ruisset,
327 1062 453 1102 graviora
463 1061 508 1090 his
526 1070 616 1090 omnes
634 1059 706 1100 passi
726 1066 823 1088 essent.
839 1058 946 1087 Dereli-

203 1110 262 1148 quit
280 1116 370 1138 autem
385 1107 464 1137 nobis
483 1116 573 1136 semen
587 1119 593 1135 ε
610 1105 644 1135 de
658 1105 691 1135 iis
705 1104 752 1143 qui
765 1115 780 1133 a
794 1103 948 1144 captivitate

203 1154 302 1186 servati
315 1161 377 1184 sunt
391 1152 520 1192 loquitur.
548 1152 597 1181 10.
613 1151 728 1180 Audite
741 1150 864 1180 verbum
888 1149 950 1178 Do·-

204 1202 287 1237 mini‚
301 1202 447 1240 principes
466 1198 669 1232 Sodomorum,
693 1197 836 1226 attendite
857 1196 949 1235 legem

203 1247 262 1276 Dei
277 1248 368 1276 nostri
385 1268 393 1279 ‚
407 1245 532 1285 populus
550 1243 731 1273 Gomorrhoe.
747 1241 864 1279 Quando
877 1241 950 1270 dixit

204 1293 267 1322 illos
281 1303 338 1322 esse
350 1292 447 1332 dignos
467 1290 514 1330 qui
527 1289 621 1319 eadem
641 1295 806 1329 paterentur,
820 1297 880 1327 quae
896 1288 949 1317 So·
967 1293 987 1316 E

203 1339 323 1375 domitae,
335 1337 454 1368 ostendit
466 1335 616 1367 eos-eadem
629 1345 708 1365 ausos
720 1345 777 1364 esse
788 1344 848 1373 quae
862 1333 951 1364 Sodo-

203 1386 294 1416 mitas.
308 1385 374 1415 Ideo
394 1384 457 1414 illos
475 1394 490 1413 a
512 1382 649 1412 communi
666 1381 844 1421 appellatione
863 1380 951 1410 nomi-

204 1439 260 1461 nat.
275 1431 336 1462 Nisi
349 1430 422 1460 enim
436 1430 487 1459 hoc
507 1435 586 1466 esset,
608 1437 662 1456 non
684 1433 838 1467 opportuna
858 1426 952 1456 fuisset

205 1478 345 1517 loquutus.
355 1476 439 1515 Quod
450 1476 524 1506 enim
538 1485 611 1505 nunc
621 1484 675 1503 non
691 1474 719 1503 in
741 1472 893 1504 sodomitas
905 1472 951 1502 in-

203 1525 329 1562 vehatur,
343 1523 391 1554 sed
404 1523 431 1553 in
445 1523 462 1553 J
465 1522 565 1558 udaeos‚
576 1521 639 1551 illos
652 1520 691 1550 sic
704 1519 843 1560 appellans
855 1519 891 1549 ob
904 1529 951 1549 no-

204 1572 286 1602 minis
292 1569 576 1608 convenientiam‚qnae
587 1575 738 1607 sequuntur
749 1567 950 1597 indicant.Nam

205 1617 336 1647 sacrificia
348 1621 548 1652 commemorat,
560 1613 710 1643 oblationes
726 1612 864 1652 aliumque
875 1612 949 1652 lega-

204 1664 259 1695 lem
272 1664 387 1700 cultum,
397 1662 475 1702 cujus
485 1672 517 1691 ne
528 1661 671 1700 vestigium
685 1659 796 1699 quidem
809 1666 865 1689 erat
877 1658 951 1699 apud

205 1710 368 1740 Sodomitas.
392 1710 497 1748 Legem
519 1707 580 1736 Dei
601 1708 693 1736 nostri
712 1706 740 1735 in
763 1712 952 1745 argumentum

206 1758 318 1796 profert.
335 1758 384 1785 11.
398 1755 476 1794 Quid
487 1754 562 1783 mihi
574 1752 731 1782 multitudo
744 1752 952 1792 sacrificiorum

207 1811 372 1835 vestrorum
384 1805 398 1830 P
412 1803 483 1831 dicit
503 1800 660 1829 Dominus.
683 1799 796 1828 Plenus
816 1808 880 1828 sum
902 1799 954 1827 ho-

209 1851 348 1880 locaustis
358 1850 493 1884 arietum,
500 1853 528 1875 et
535 1846 651 1885 adipem
665 1855 820 1885 agnorum,
834 1847 955 1885 sangui-

209 1906 333 1937 nemque
352 1901 503 1924 taurorum
520 1899 548 1921 et
566 1893 713 1921 hircorum
733 1891 813 1920 nolo.
829 1891 953 1920 Psalmus

208 1942 430 1983 quadragesimus
448 1949 535 1969 nonus
548 1945 620 1967 totus
632 1937 698 1967 huic
718 1937 777 1966 loeo
792 1937 890 1966 similis
901 1944 951 1973 est,

208 1989 271 2019 aliis
289 1987 400 2028 quidem
417 1985 519 2022 verbis,
538 1983 632 2013 eadem
646 1993 712 2012 vero
729 1989 870 2013 contextus
891 1993 952 2013 sen-

208 2034 301 2064 tentia.
315 2033 375 2064 Illis
392 2031 476 2068 enim,
492 2030 664 2059 Advocabit
678 2028 781 2058 caelum
801 2029 952 2058 desursum

209 2087 238 2110 et
252 2086 360 2110 terram
373 2078 536 2107 discernere
548 2074 689 2115 populum
703 2084 798 2111 suum,
815 2074 902 2104 simile
914 2083 953 2105 est

209 2128 261 2157 hoc
272 2126 375 2156 dictum
388 2137 395 2153 :
412 2123 508 2158 Audi,
523 2122 638 2158 melum,
650 2127 679 2151 et
692 2122 812 2150 auribus
823 2123 950 2161 percipe,

210 2180 298 2210 terra,
318 2173 389 2212 quia
409 2170 552 2199 Dominus
573 2168 712 2207 loquutus
729 2174 773 2197 est
779 2178 792 2204 ,·
814 2174 840 2197 et
859 2174 953 2197 caetcra

210 2231 272 2250 eum
282 2219 326 2248 his
337 2216 514 2247 consentiunt.
531 2213 767 2252 Quemadmodum
776 2214 849 2244 enim
862 2214 953 2244 David

210 2266 277 2296 dicit
289 2277 296 2295 τ
309 2265 377 2295 Non
389 2265 422 2292 in
439 2262 590 2302 saon-'ficiis
603 2262 661 2290 tuis
674 2271 798 2301 arguam
813 2267 851 2297 te,
867 2261 951 2290 holo-

211 2319 313 2343 causta
323 2317 421 2340 autem
433 2316 484 2339 tua
501 2310 530 2337 in
548 2313 703 2347 conspectu
718 2318 780 2336 meo
791 2312 860 2336 sunt
877 2317 954 2337 sem-

208 2370 260 2398 per
279 2371 287 2387 .·
308 2358 347 2388 sic
369 2364 395 2386 et
413 2355 496 2387 Isaias
517 2355 554 2384 ait
572 2367 578 2383 t
605 2355 683 2393 Quid
704 2355 776 2383 mihi
796 2354 954 2384 multitudo

211 2405 419 2445 sacrificiorum
437 2403 624 2431 vestrorum?
641 2401 712 2429 dicit
734 2401 888 2430 Dominus.
915 2402 954 2430 Ac

211 2462 305 2482 rursus
315 2449 408 2481 David
420 2448 488 2478 dicit
502 2460 508 2476 ε
524 2448 591 2477 Non
604 2448 745 2485 accipiam
758 2448 794 2475 de
805 2448 892 2476 domo
905 2454 957 2476 tua

964 736 983 758 l)

970 1627 988 1677 >0

249 2544 263 2562 b
280 2542 322 2567 Sic
334 2539 467 2575 legendum
476 2544 539 2572 puto
551 2542 576 2565 οὐ
588 2542 648 2564 κατὰ
659 2542 701 2567 τὴν
712 2542 784 2569 ἀξίαν.

245 2590 256 2601 e
273 2582 315 2606 Sic
325 2586 398 2606 notat
405 2579 504 2605 Allenus
521 2579 546 2603 in
559 2578 625 2603 notis
642 2577 719 2602 savit,
731 2587 755 2610 p.
771 2579 831 2603 ⁴39:
853 2588 865 2601 «ι
879 2579 970 2604 Sensus

215 2622 263 2647 loci
275 2620 336 2645 mihi
349 2620 448 2652 videtur
459 2618 573 2651 flagitare
586 2623 613 2641 ut
622 2616 717 2649 legatur
725 2620 900 2653 ἐπιτηδειότερον
913 2621 970 2645 εἶπεν

540 214 570 237 S.
598 214 738 237 JOANMS
764 213 947 236 CHRYSOST.
977 213 1130 236 AncmEP.
1159 214 1428 238 CONSTANTINOP.

1003 273 1040 312 μὴ
1062 273 1138 313 μόνον
1163 276 1250 304 ἐκεῖνα
1271 275 1419 315 προλέγειν,
1439 276 1455 305 ἃ
1470 276 1595 315 μέλλουσι
1615 275 1728 316 πάσχειν
1745 276 1769 305 οἰ

1002 320 1220 359 πλημμελοῦντες
1234 322 1314 358 δεινὰ,
1329 322 1397 351 ἀλλὰ
1409 321 1454 351 καὶ
1473 321 1490 351 ἃ
1503 324 1595 351 παθεῖν
1608 317 1676 358 ἦσαν
1689 321 1768 357 ἄξιοι,

1001 364 1044 395 ἵνα
1058 366 1103 395 καὶ
1113 367 1140 395 ἐν
1150 368 1222 407 αὐτῷ
1233 369 1271 407 τῷ
1285 369 1370 407 καιρῷ
1382 369 1431 403 τῆς
1444 367 1572 408 τιμωρίας
1583 367 1684 401 πολλὰς
1694 367 1770 396 ἴδωσι

1000 413 1038 451 τῷ
1052 413 1116 453 Θεῷ
1129 413 1257 453 χάριτας,
1269 416 1299 443 οὗ
1312 412 1378 450 '’r-hv
1395 414 1469 448 ἀξίαν
1492 415 1544 443 τῶν
1566 413 1771 453 πλημμελημά·

1000 469 1062 495 των,
1075 458 1143 488 ἀλλὰ
1154 459 1281 489 ἐλάττονα
1292 461 1383 500 πολλῷ
1394 459 1444 497 τὴν
1454 460 1529 496 δίκην
1542 459 1666 493 τίνοντες.
1682 460 1770 489 Τοῦτο

999 505 1061 543 γοῦν
1075 504 1120 534 καὶ
1133 504 1244 535 ἐνταῦθά
1257 516 1346 545 φησιν,
1366 505 1408 535 ὅτι
1427 506 1460 536 τὰ
1474 505 1522 545 μὲν
1532 505 1713 546 ἁμαρτήματα
1724 506 1770 535 αὔ-

1000 552 1053 579 τῶν
1066 551 1095 579 οὗ
1109 553 1193 580 ταῦτα
1206 550 1239 581 τὰ
1259 550 1400 592 εἰρημένα,
1415 551 1483 582 ἀλλὰ
1495 550 1676 591 πανωλεθρίαν
1697 551 1771 591 ἀπῄ-

1000 608 1057 632 τει,
1071 597 1116 626 καὶ
1129 597 1274 637 ὁλοκλήρου
1294 601 1341 627 τοῦ
1354 598 1444 638 γένους
1468 598 1615 639 ἀφανισμὸν
1638 598 1770 633 παντελῆ·

1002 642 1019 671 ἃ
1031 642 1064 679 δὴ
1088 643 1134 672 καὶ
1155 643 1199 672 ἐπὶ
1213 643 1340 683 Σοδόμων
1353 644 1459 680 συνέὸη.
1473 643 1509 674 Ἣ
1524 643 1551 674 δὲ
1570 647 1616 673 τοῦ
1634 644 1705 673 Θεοῦ
1723 655 1769 684 φι-

1001 689 1155 729 λανθρωπία
1177 690 1224 719 οὔκ
1247 691 1334 730 ἀφῆκε
1356 693 1434 720 τοῦτο
1457 690 1593 730 γενέσθαι,
1611 690 1703 730 πολλῷ
1723 691 1772 725 τῆς

1003 735 1134 776 ἁμαρτίας
1152 735 1279 765 ἐλάττονα
1291 735 1341 772 τὴν
1354 735 1484 776 τιμωρίαν
1499 736 1643 776 ἐπάγουσα.
1658 735 1771 772 Ἐπειδὴ

1004 781 1031 811 δὲ
1045 782 1130 819 πολλὴ
1145 784 1194 818 τῆς
1203 783 1327 816 Παλαιᾶς
1344 782 1410 823 πρὸς
1426 783 1475 819 τὴν
1489 782 1591 819 Καινήν
1610 783 1667 811 ἔστι
1678 781 1773 822 συγγέ-

1004 840 1076 865 νεια,
1091 829 1197 863 εἰκότως
1210 828 1295 869 τούτῳ
1310 829 1355 858 καὶ
1368 832 1382 858 δ
1395 830 1502 863 Παῦλος
1522 825 1695 869 ἅπεχρήσατο
1706 840 1712 847 ·
1727 827 1773 858 καὶ

1004 875 1230 916 οέπιτηδειότερον
1244 870 1316 904 εἶπεν
1334 875 1351 911 ἢ
1370 878 1384 905 ὁ
1397 875 1543 916 προφήτης.
1557 874 1663 915 Ὥσπερ
1680 874 1732 915 γὰρ
1745 875 1772 904 ἔν

1004 921 1094 962 ἐκείνῳ
1107 923 1146 962 τῷ
1168 923 1269 961 καιρῷ,
1283 923 1306 950 εἰ
1325 921 1363 961 μὴ
1387 921 1469 956 πολὺς
1481 925 1496 952 ὁ
1509 924 1556 951 τοῦ
1576 923 1647 951 Θεοῦ
1667 920 1773 961 γέγονεν

1003 967 1086 1004 ἔλεος,
1108 967 1204 1000 πάντες
1227 967 1258 996 ἂν
1285 966 1507 1007 ἀνηρπάσθησαν,
1522 967 1591 997 οὕτω
1616 966 1662 997 καὶ
1683 968 1710 996 ἐν
1732 968 1773 1007 τῷ

1002 1015 1087 1053 καιρῷ
1098 1015 1145 1049 τῆς
1158 1015 1203 1042 τοῦ
1221 1014 1338 1053 Χριστοῦ
1355 1013 1514 1053 παρουσίας,
1526 1015 1550 1043 εἰ
1565 1013 1602 1051 μὴ
1614 1013 1648 1043 τὰ
1659 1014 1707 1049 τ’ἧς
1718 1013 1772 1053 χά-

1005 1071 1074 1098 ριτος
1094 1059 1177 1098 ἐφάνη
1189 1081 1196 1095 ,
1211 1059 1387 1099 χαλεπώτερα
1400 1060 1499 1089 τούτων
1513 1059 1609 1093 πάντες
1621 1059 1652 1089 ἂν
1667 1059 1772 1089 ἔπαθον.

1005 1104 1183 1144 Ἐγκατέλιπε
1196 1106 1223 1135 δὲ
1237 1108 1301 1144 ἡμῖν
1315 1106 1435 1146 σπέρμα·
1446 1106 1505 1140 τοὺς
1519 1106 1650 1140 σωθέντας
1662 1106 1716 1136 ἀπὸ
1726 1107 1774 1142 τῆς

1000 1151 1190 1192 ,αἴχμαλωσίας
1210 1151 1442 1191 λέγει.Ἀκούσατε
1454 1153 1530 1192 λόγον
1546 1152 1660 1193 Κυρίου,
1677 1153 1776 1193 ἄρχον-

1005 1210 1048 1231 τες
1068 1197 1194 1237 Σοδόμων
1203 1221 1211 1235 ,
1238 1199 1383 1240 προσέχετε
1406 1198 1481 1239 νόμῳ
1500 1200 1571 1229 Θεοῦ
1597 1201 1673 1239 ἡμῶν
1682 1221 1691 1236 ,
1713 1199 1776 1233 λαὸς

1006 1243 1152 1284 Γομόρῤας.
1167 1245 1280 1282 Ἐπειδὴ
1296 1241 1377 1282 εἶπεν,
1391 1245 1432 1275 ὅτι
1445 1245 1479 1275 τὰ
1492 1245 1618 1285 Σοδόμων
1629 1242 1696 1283 ἦσαν
1709 1245 1776 1280 ἄξιοι

1007 1293 1111 1326 παθεῖν,
1121 1290 1250 1320 δείκνυσιν
1261 1291 1302 1320 ὅτι
1314 1291 1360 1320 καὶ
1381 1291 1415 1320 τὰ
1434 1291 1560 1330 Σοδόμων
1579 1291 1706 1330 ἐτόλμων.
1727 1291 1777 1320 Διὸ

1008 1336 1052 1365 καὶ
1068 1336 1120 1366 ἀπὸ
1137 1338 1185 1372 τῆς
1211 1340 1299 1373 κοινῆς
1324 1336 1418 1370 αὐτοὺς
1439 1337 1562 1376 ὀνομάζει
1584 1336 1774 1377 προσηγορίας.

1008 1382 1087 1411 Ἐπεὶ
1100 1384 1123 1412 εἷ
1135 1382 1171 1422 μὴ
1183 1386 1261 1412 τοῦτο
1274 1379 1316 1419 ἦν,
1335 1383 1394 1413 οὐδὲ
1407 1382 1498 1423 καιρὸν
1510 1378 1579 1423 εἶχεν
1591 1386 1605 1413 ὁ
1614 1383 1700 1423 λόγος.
1711 1383 1775 1413 Ὅτι

1007 1428 1058 1468 γὰρ
1072 1430 1101 1458 οὗ
1115 1429 1180 1468 πρὸς
1192 1429 1360 1468 Σοδομηνοὺς
1379 1429 1544 1458 ἀποτείνεται
1557 1431 1612 1465 νῦν,
1627 1430 1696 1459 ἀλλὰ
1709 1429 1774 1470 πρὸς

1007 1474 1164 1512 Ἰουδαίους,
1179 1476 1267 1505 καλῶν
1281 1475 1374 1509 αὐτοὺς
1384 1477 1417 1515 τῇ
1432 1477 1479 1511 τῆς
1493 1475 1671 1516 προσηγορίας
1681 1487 1776 1505 κοινω-

1007 1521 1064 1561 νίᾳ,
1081 1521 1196 1551 δείκνυσι
1214 1520 1248 1550 τὰ
1273 1520 1340 1560 μετὰ
1354 1525 1438 1551 ταῦτα
1451 1521 1589 1560 λεγόμενα.
1603 1523 1712 1552 Θυσιῶν
1723 1521 1775 1562 γὰρ

1009 1567 1142 1606 μέμνηται
1155 1567 1200 1597 καὶ
1214 1569 1370 1608 προσφορῶν
1389 1567 1435 1597 καὶ
1446 1569 1494 1603 τῆς
1508 1567 1590 1603 ἄλλης
1603 1569 1651 1603 τῆς
1663 1569 1775 1607 νομικῆς

1008 1613 1145 1653 λατρείας,
1160 1609 1191 1649 ἧς
1208 1613 1267 1643 οὐδὲ
1281 1613 1353 1653 ἴχνος
1371 1609 1403 1650 ἦν
1424 1613 1497 1653 παρὰ
1511 1613 1676 1653 Σοδομίταις.
1692 1614 1777 1654 Νόμῳ

1008 1661 1079 1689 Θεοῦ
1093 1661 1179 1699 ἡμῶν,
1192 1661 1231 1700 τῷ
1246 1659 1348 1700 ἐλέγχῳ
1360 1660 1436 1699 φησί.
1452 1659 1489 1689 Τί
1504 1671 1548 1698 μοι
1567 1661 1681 1696 πλῆθος,
1696 1660 1776 1700 φησὶ,

1007 1708 1060 1735 τῶν
1071 1708 1166 1736 θυσιῶν
1180 1707 1268 1745 ὗμὶἷινς
1281 1705 1353 1745 λέγει
1365 1705 1469 1745 Κύριος.
1481 1705 1592 1746 Πλήρης
1605 1706 1659 1745 εἰμὶ
1669 1707 1779 1736 ὁλοκαυ-

1008 1752 1137 1791 τωμάτων
1149 1754 1239 1792 κριῶν,
1250 1752 1296 1781 καὶ
1316 1751 1396 1791 στέαρ
1416 1753 1511 1791 ἀρνῶν,
1524 1751 1569 1781 καὶ
1582 1747 1650 1791 αἷμα
1673 1752 1777 1793 ταύρων

1009 1798 1054 1827 καὶ
1065 1798 1169 1838 τράγων
1190 1800 1220 1828 οὗ
1234 1797 1371 1838 βούλομαι.
1382 1797 1416 1827 Ὁ
1426 1797 1530 1838 ψαλμὸς
1543 1800 1557 1827 ὁ
1566 1799 1777 1839 τεσσαρακοστὸς

1009 1844 1112 1878 ἔννατος
1129 1844 1198 1878 ἅπας
1214 1846 1253 1884 τῷ
1277 1844 1368 1884 χωρίῳ
1386 1843 1471 1884 τούτῳ
1491 1844 1648 1884 προσέοικε,
1662 1846 1696 1874 δι’
1718 1845 1778 1875 ἑτέ-

1011 1903 1062 1932 ρων
1075 1891 1123 1931 μὲν
1137 1890 1275 1931 ῥημάτων,
1284 1890 1328 1920 διὰ
1336 1891 1388 1919 τῶν
1399 1891 1485 1920 αὐτῶν
1500 1889 1527 1919 δὲ
1537 1891 1707 1931 ὀφαινόμενος
1717 1903 1778 1927 νοη-

1010 1938 1111 1976 μάτων.
1125 1938 1173 1978 Τῷ
1187 1937 1237 1977 γὰρ
1250 1938 1276 1966 ἐν
1297 1937 1336 1976 τῷ
1356 1938 1469 1977 ψαλμῷ,
1491 1937 1707 1976 Προσκαλέσεται
1734 1937 1778 1967 τὸν

1010 1984 1119 2025 οὐρανὸν
1141 1983 1195 2013 ἅνω
1204 1984 1249 2013 καὶ
1262 1983 1312 2020 τὴν
1323 1984 1382 2023 γῆν,
1395 1985 1440 2013 τοῦ
1453 1984 1584 2025 διακρῖναι
1597 1984 1643 2014 τὸν
1653 1984 1715 2014 λαὸν
1729 1986 1779 2014 αὒ-

1009 2033 1055 2060 τοῖῖ
1064 2053 1072 2067 ,
1087 2030 1143 2060 ἴσον
1155 2030 1211 2060 ἐστὶ
1224 2030 1266 2061 τὸ.
1281 2029 1389 2067 Ἄκουε,
1400 2030 1507 2070 οὗρανὲ,
1521 2030 1566 2060 καὶ
1580 2031 1713 2067 ἐνωτίζου,
1727 2034 1778 2071 γῆ,

1009 2078 1050 2107 ὅτι
1063 2076 1160 2117 Κύριος
1173 2075 1287 2112 ἐλάλησε
1298 2088 1304 2095 ·
1319 2076 1365 2105 καὶ
1378 2076 1412 2106 τὰ
1423 2076 1482 2112 ἑξῆς
1497 2076 1525 2106 δὲ
1539 2080 1656 2107 τοιαῦτα.
1672 2077 1778 2118 Ὥσπερ

1009 2123 1060 2164 γὰρ
1070 2125 1085 2152 ὁ
1094 2123 1177 2153 Δαυίδ
1191 2134 1280 2163 φησιν,
1294 2123 1353 2152 Οὐκ
1367 2122 1411 2151 ἐπὶ
1428 2127 1486 2156 ταῖς
1500 2123 1602 2157 θυσίαις
1614 2135 1660 2153 σου
1682 2123 1779 2161 ἐλέγξω

1010 2181 1057 2207 σε,
1072 2169 1106 2199 τὰ
1116 2170 1144 2199 δὲ
1164 2168 1373 2207 ὁλοκαυτώματα
1396 2180 1442 2198 σου
1456 2169 1567 2199 ἐνώπιόν
1582 2169 1632 2208 μού
1649 2171 1705 2199 ἐστι
1719 2170 1763 2199 δια
1775 2187 1779 2190 -

1009 2216 1120 2250 παντός·
1132 2215 1200 2245 οὕτω
1225 2215 1270 2245 καὶ
1288 2217 1302 2244 ὁ
1315 2214 1428 2248 (Ησαΐας
1452 2215 1530 2255 φησὶ,
1551 2216 1588 2245 Τί
1615 2228 1661 2255 μοι
1681 2217 1781 2252 πλῆθος

1010 2264 1063 2292 τῶν
1082 2263 1178 2292 θυσιῶν
1192 2260 1366 2301 ὑμῶν,λέγει
1389 2261 1494 2302 Κύριος.
1508 2263 1562 2292 Καὶ
1588 2262 1669 2292 πάλιν
1693 2264 1707 2292 ὁ
1733 2261 1781 2301 μὲν

1011 2308 1095 2338 Δαυίδ
1108 2320 1197 2349 φησιν,
1211 2309 1251 2338 Οὔ
1267 2306 1374 2346 δέξομαι
1387 2309 1418 2338 ἐκ
1437 2311 1483 2338 τοῦ
1498 2308 1569 2338 οἴκου
1586 2320 1632 2338 σου
1648 2308 1780 2349 μόσχους,

1011 2354 1070 2384 οὐδὲ
1084 2356 1115 2384 ἐκ
1132 2356 1183 2384 τῶν
1203 2353 1332 2393 ποιμνίων
1358 2366 1404 2384 σου
1419 2354 1543 2395 τράγους·
1571 2357 1585 2384 ὁ
1607 2354 1634 2385 δὲ
1648 2354 1779 2392 Ἡσαΐας,

1009 2400 1239 2440 Ὁλοκαυτώματα
1261 2402 1352 2440 κριῶν,
1367 2400 1412 2430 καὶ
1426 2401 1505 2441 στέαρ
1528 2403 1623 2442 ἀρνῶν,
1645 2401 1691 2431 καὶ
1713 2396 1781 2440 αἷμα

1009 2447 1112 2487 ταύρων
1126 2447 1171 2476 καὶ
1183 2446 1287 2487 τράγων
1309 2448 1338 2476 οὗ
1355 2446 1492 2486 βούλομαι.
1505 2446 1617 2483 Ἐπειδὴ
1633 2447 1684 2487 γὰρ
1701 2448 1780 2486 ἐγκα-

1019 2543 1033 2568 ἧ
1045 2542 1057 2566 ὁ
1071 2545 1196 2575 προφήτης.
1218 2537 1261 2564 Sic
1278 2538 1306 2563 in
1320 2537 1495 2571 sequentibus,
1507 2542 1519 2565 ὸ
1528 2542 1617 2569 Παῦλος
1632 2542 1779 2574 εὐτονώτερον

1020 2586 1052 2613 τῷ
1066 2582 1124 2612 λόγῳ
1136 2582 1281 2613 κεχρημένος.
1291 2588 1304 2601 »ι
1317 2578 1394 2602 Recte
1415 2584 1532 2603 notatum
1546 2588 1551 2602 t
1565 2588 1624 2604 nam
1642 2580 1778 2604 Bavaricus

1020 2621 1195 2653 ἐπιτηδειότερον
1206 2622 1220 2648 ἡ
1230 2621 1242 2645 ὸ
1253 2623 1374 2652 προφήτης.
1388 2617 1534 2649 [Edebatnr
1545 2621 1604 2646 εἶπεν
1619 2622 1630 2646 h
1643 2619 1724 2655 npop]
