1904 2840
227 172 299 218 924

799 175 882 198 OPUS
907 172 1144 197 lMPERFECTUM

226 243 344 283 quodam
363 240 495 271 venabulo
519 237 678 268 acutissimae
703 236 883 278 responsionis
899 246 968 277 pro-
987 237 1007 261 Α
1021 244 1071 265 nos
1083 234 1231 265 sacerdotes
1250 234 1331 265 etiam
1346 235 1433 266 malos
1454 235 1592 272 honorate,
1610 245 1644 265 ne
1655 243 1766 281 propter

228 283 332 319 stravit,
340 288 366 310 et
373 279 468 309 incorri
489 278 582 308 ibilem
595 276 775 307 conditionem
783 282 970 307 eorumosten-

228 323 283 351 dit:
293 332 352 350 nam
365 319 426 349 la'i‘ci
440 289 625 357 deiinquentes
637 317 714 347 facile
724 314 970 352 emendantur,cle-

229 362 278 391 rici
292 367 392 396 autem,
408 359 431 388 si
444 358 510 387 mali
531 357 643 392 suerint,
657 355 868 386 inemendabiles
882 362 945 385 sunt
961 366 967 382 :

228 408 291 430 tunc
305 398 436 429 convertit
447 407 597 427 sermonem
604 407 684 426 suum
693 395 729 426 ad
741 395 885 437 apostolos,
900 393 971 424 etad

227 440 359 480 populum
370 438 460 468 dicens
476 450 482 466 :
498 437 590 477 Super
609 437 779 466 cathedram
793 437 871 465 Mosa·
890 435 971 464 sede-

229 486 297 510 runt
310 479 413 508 scribae
426 484 454 507 et
478 478 623 507 Pharisoei
636 486 648 506 :
666 483 696 505 ut
717 475 832 505 illorum'
849 473 971 505 confusio

230 520 342 549 istorum
363 518 439 547 fieret
460 516 615 557 disciplina.
630 516 834 546 Infriictuosum
857 524 972 552 namque

229 566 269 589 est
289 558 415 595 verbum,
430 557 458 586 in
470 568 524 596 quo
539 557 577 586 sic
585 557 654 586 alter
665 554 850 590 confunditur,
863 561 894 584 ut
905 553 973 583 alter

231 608 283 628 non
292 597 443 627 erudiatur.
453 598 523 627 Nam
531 603 556 626 et
565 598 640 627 Deus
649 605 702 625 non
715 601 825 640 propter
835 594 920 624 malos
931 604 974 623 ca-

129 649 224 676 castigat
232 638 398 677 stigationem
412 647 493 678 super
504 644 603 666 terram
615 642 782 671 transmittit,
794 634 842 664 sed
864 640 974 678 propter

84 683 143 703 neus
199 681 222 701 in

83 718 139 734 terra
147 713 221 736 malos,

83 749 107 765 ut
127 745 223 765 exciten-

84 781 120 797 tur
129 776 191 796 honi.

96 2276 109 2301 Τ

125 2282 174 2296 nos·

95 2356 108 2381 †
118 2358 205 2375 nostru.

96 2399 109 2424 †
127 2402 236 2419 nostrum,

232 679 318 707 bonos
330 689 338 707 ε
362 676 413 707 scit
434 677 517 714 enim,
529 677 591 715 quia
604 675 690 706 malos
701 674 807 714 flagella
821 684 874 703 non
888 684 972 704 corri-

233 724 299 756 gunt
314 729 320 746 :
336 716 383 747 sed
393 717 479 746 malos
495 716 616 756 castigat,
632 722 660 745 ut
673 715 788 754 corrigat
797 713 899 743 bonos:
910 712 977 752 quia

232 758 321 787 bonus
340 756 392 786 nisi
414 756 568 786 admonitus
594 755 690 792 fuerit,
715 765 764 795 per
786 753 976 797 negligentiam

233 796 375 827 evanescit.
391 796 438 826 Sic
455 802 481 826 et
503 795 639 832 Christus,
659 793 793 832 numquid
812 803 865 823 non
887 798 977 833 potuit

1022 274 1108 303 malos
1128 274 1207 304 etiam
1219 274 1305 304 bonos
1326 276 1510 305 contemnatis.
1526 275 1628 306 Melius
1640 283 1679 305 est
1692 286 1766 306 emm

1022 313 1101 343 malis
1110 314 1181 353 justa
1194 321 1413 354 praestare‚quam
1423 315 1502 345 bonis
1511 315 1586 355 justa
1597 315 1763 345 subtrahere.

1024 353 1190 392 Frequenter
1198 354 1268 383 enim
1279 353 1347 384 etde
1357 354 1466 385 homine
1479 355 1551 385 malo
1559 355 1630 384 bona
1641 355 1766 385 doctrina

1022 392 1155 432 procedit.
1177 393 1247 422 Ecce
1266 396 1339 423 enim
1352 401 1378 424 et
1389 393 1455 424 vilis
1466 401 1537 424 terra
1558 395 1703 434 pretiosum
1716 406 1766 424 au-

1024 443 1084 461 rum
1106 431 1244 472 producit.
1263 434 1406 473 Numquid
1429 441 1539 475 propter
1559 441 1659 464 terram
1682 435 1767 464 vilem

1023 472 1171 512 pretiosum
1194 483 1292 502 aurum
1312 473 1513 505 contemnitur?
1526 475 1587 504 Non
1603 486 1610 503 ι
1633 473 1681 504 sed
1697 474 1768 504 sicut

1025 522 1122 541 aurum
1135 511 1254 551 eligitur,
1266 519 1291 542 et
1304 519 1375 544 terra
1389 513 1560 559 relinquitur,
1569 514 1608 543 sic
1616 520 1643 544 et
1656 524 1705 544 vos
1717 513 1767 543 do-

1025 551 1139 581 ctrinam
1153 552 1310 592 accipite‚et
1323 564 1412 584 mores
1425 554 1577 593 relinquite.
1587 555 1656 584 Nam
1671 560 1700 583 ut
1707 554 1767 594 api-

1024 591 1076 620 bus
1089 591 1178 621 herbae
1204 594 1359 623 necessariae
1378 604 1431 624 non
1448 601 1521 631 sunt,
1533 593 1581 623 sed
1600 593 1680 623 flores
1701 593 1767 623 herb

1025 630 1124 660 harum
1139 643 1146 660 z
1162 632 1240 661 flores
1263 633 1334 662 enim
1358 634 1414 664 illae
1435 633 1576 673 colligunt,
1588 633 1685 663 herbas
1703 644 1768 664 vero

1026 670 1183 710 relinquunt
1198 682 1207 700 ι
1219 672 1258 702 sic
1270 679 1296 702 et
1309 683 1357 703 vos
1373 674 1454 704 flores
1463 673 1590 703 doctrinm
1602 673 1770 713 colligite,et

1026 711 1254 741 conversationem
1268 713 1422 752 relinquite,
1438 721 1469 744 ut
1479 713 1556 754 quasi
1568 712 1675 743 inutilis
1686 713 1770 743 herba

1027 757 1139 780 arescat.
1166 751 1262 781 Fidem
1286 753 1444 792 praedicant,
1457 761 1484 784 et
1503 753 1648 783 infideliter
1673 760 1768 793 agunt.

1028 791 1122 819 Pacem
1141 791 1202 820 aliis
1215 791 1291 828 dant,
1311 799 1337 822 et
1354 793 1406 823 sibi
1423 804 1475 823 non
1489 793 1599 824 habent.
1622 793 1770 824 Veritatem

233 848 326 867 eorum
336 835 556 876 interrogationes
569 833 757 865 contemnere?
767 833 821 864 Sed
833 833 922 864 voluit
935 832 976 862 in·
994 838 1012 861 B
1027 829 1324 867 laudant,etmendacia
1330 832 1379 862 dili
1401 841 1459 863 unt.
1469 833 1618 865 Avaritiam
1628 832 1769 872 castigant,

233 877 329 916 dignos
346 875 456 915 indigne
468 875 574 912 docere,
589 881 616 904 et
630 874 726 914 dignos
737 872 819 913 digne
831 873 974 902 aedificare.

233 917 310 947 Sicut
328 916 355 945 in
377 915 551 945 saecularibus
571 914 600 944 in
621 924 664 951 eo,
675 913 749 952 quod
772 913 840 942 alter
860 922 977 953 pauper-

234 956 310 992 escit,
327 956 395 985 alter
407 954 510 984 ditatur
525 966 531 984 :
547 961 573 984 et
590 954 643 984 nisi
663 953 731 982 alter
741 952 922 989 descenderet,
936 952 977 981 al-

234 1003 275 1026 ter
289 1006 342 1025 non
365 993 519 1024 ascenderet
541 1004 547 1021 τ
563 994 603 1023 sic
615 1000 641 1023 et
655 993 682 1022 in
700 992 879 1032 spirtualibus
891 992 920 1021 in
934 1002 977 1028 eo,

235 1035 308 1075 qnod
330 1035 397 1064 alter
416 1033 608 1070 confunditur,
629 1033 697 1062 alter
716 1031 884 1062 emendatur.
903 1031 980 1068 Quid

235 1086 299 1115 ergo
324 1074 391 1104 dicit
412 1073 447 1103 de
470 1071 673 1103 sacerdotibus?
695 1071 786 1111 Super
808 1071 981 1102 cathedram

235 1116 339 1153 Moysi
359 1115 497 1144 sederunt
516 1114 617 1143 scriboe
636 1117 667 1142 et
689 1112 851 1147 Plaarisoei,
873 1110 902 1140 id
923 1118 978 1149 est,

235 1155 315 1184 multi
336 1153 501 1190 sacerdotes,
517 1160 542 1182 et
555 1152 635 1192 pauci
657 1150 816 1181 sacerdotes.
831 1150 914 1182 Multi
929 1161 980 1180 no-

236 1196 309 1224 mine
317 1217 325 1231 ‚
337 1193 416 1234 pauci
430 1203 521 1233 opere.
533 1191 633 1223 Videte
644 1202 722 1231 ergo,
733 1190 869 1230 quomodo
889 1190 980 1221 sedea-

236 1235 270 1264 tis
285 1245 365 1274 super
379 1244 437 1262 eam
453 1243 460 1260 :
484 1232 549 1272 quia
560 1231 687 1261 cathedra
707 1241 761 1260 non
772 1231 836 1261 facit
855 1230 980 1261 sacerdo-

237 1281 301 1310 tem,
312 1274 360 1303 sed
369 1272 494 1303 sacerdos
499 1271 653 1302 cathedram
661 1283 669 1307 3
683 1281 737 1301 non
747 1270 826 1300 <locus
835 1270 982 1301 sanctificat

237 1314 385 1350 hominem,
400 1311 448 1342 sed
467 1312 549 1342 homo
562 1311 663 1341 locum.
685 1311 747 1340 Non
758 1310 845 1340 omnis
858 1310 982 1340 sacerdos

238 1361 343 1383 sanctus
353 1359 403 1389 est,
418 1350 466 1382 scd
480 1351 567 1381 omnis
580 1357 687 1380 sanctus
699 1349 832 1390 sacerdos⁸
846 1350 901 1387 Qui
914 1350 982 1380 bene

238 1393 335 1422 sederit
343 1403 424 1433 super
432 1391 598 1427 cathedram,
608 1390 738 1420 honorem
749 1389 862 1429 accipiet
874 1390 909 1419 ab
920 1389 980 1428 illa;

239 1433 286 1471 qui
300 1432 369 1461 male
391 1431 502 1468 sederit,
517 1430 645 1471 injuriam
665 1429 728 1459 facit
744 1429 888 1458 cathedrae.
901 1429 981 1459 Ideo-

240 1483 291 1511 que
318 1472 404 1502 malus
428 1470 550 1501 sacerdos
577 1469 611 1499 de
636 1468 784 1499 sacerdotio
809 1479 859 1498 suo
882 1469 984 1499 crimen

240 1511 369 1550 acquirit,
391 1522 444 1540 non
469 1510 638 1549 dignitatem.
662 1510 694 1538 In
713 1508 818 1548 judicio
845 1508 917 1538 enim
938 1519 982 1538 se-

241 1551 305 1580 dens
315 1574 322 1585 ,
335 1551 468 1589 siquidem
487 1550 555 1579 bene
576 1548 677 1579 vixeris
688 1571 696 1584 ,
707 1555 732 1577 et
750 1548 818 1577 bene
841 1548 966 1578 docueris
976 1572 983 1585 ,

241 1593 362 1619 omnium
370 1590 455 1630 judex
466 1600 493 1618 es
506 1599 514 1616 τ
526 1589 551 1618 si
560 1595 648 1618 autem
661 1588 728 1617 bene
737 1587 902 1624 docueris‚et
916 1588 985 1617 male

243 1629 343 1659 vixeris
358 1652 365 1666 ,
386 1629 425 1658 tui
449 1629 533 1658 solius
557 1627 748 1658 condemnator
766 1637 804 1656 es.
824 1628 894 1657 Nam
918 1628 985 1657 bene

242 1668 360 1699 vivendo
375 1691 382 1704 ,
405 1675 431 1697 et
442 1668 511 1697 bene
536 1667 678 1703 docendo,
703 1667 835 1706 populum
849 1667 960 1696 instruis
976 1691 984 1704 ,

244 1707 379 1748 quomodo
401 1707 496 1736 debeat
513 1707 605 1737 vivere
621 1719 629 1736 ε
654 1707 722 1735 bene
742 1713 830 1735 autem
852 1705 984 1744 docendo,

243 1754 270 1777 et
290 1747 361 1776 male
384 1746 516 1782 vivendo,
539 1747 627 1775 Deum
650 1746 778 1781 instruis,
803 1745 940 1784 quomodo
960 1753 986 1776 te

243 1787 339 1816 debeat
360 1785 547 1816 condemnare.
563 1785 607 1814 Ad
630 1785 762 1824 populum
785 1792 873 1814 autem
894 1785 985 1824 quid?

246 1828 354 1856 Omnia
366 1835 556 1866 quoecnmque
569 1825 697 1853 dixerint
711 1826 806 1861 vobis,
820 1832 943 1861 servate,
958 1832 987 1855 et

237 1866 337 1907 facite
351 1865 528 1895 :secundum
541 1864 712 1904 vero-facta
724 1874 822 1893 eorum
836 1865 926 1894 nolite
936 1865 986 1904 fa-

246 1916 318 1935 cere.
334 1905 369 1935 Id
388 1911 437 1941 est,
453 1905 512 1935 Vos
533 1903 580 1942 qui
599 1903 695 1933 sedetis
715 1904 743 1932 in
765 1903 886 1942 ecclesia,
910 1905 988 1943 quasi

242 1945 348 1986 judiees
358 1943 536 1979 sacerdotum,
545 1950 572 1972 et
584 1953 637 1972 non
648 1943 792 1979 auditores,
800 1943 886 1973 aliena
897 1944 988 1974 discu-

245 1985 351 2022 tientes,
366 1991 392 2013 et
414 1983 523 2024 propria
544 1993 596 2011 non
618 1982 825 2020 considerantes,
843 1994 877 2013 ex
894 1984 987 2014 vobis-

246 2024 312 2065 ipsis
333 2024 451 2064 judicate
471 2022 507 2052 de
527 2022 718 2052 sacerdotibus.
741 2023 818 2052 Sicut
836 2033 885 2052 vos
897 2033 988 2053 omnes

246 2063 358 2100 auditis,
371 2070 396 2093 et
408 2073 462 2092 non
475 2072 566 2091 omnes
576 2062 673 2098 facitis,
686 2061 761 2100 quod
773 2062 873 2092 auditis
889 2075 895 2091 :
912 2063 951 2092 sic
963 2070 989 2093 et

247 2103 395 2133 sacerdotes
419 2112 510 2132 omnes
528 2101 633 2138 docent,
649 2101 696 2130 sed
710 2112 762 2131 non
782 2112 872 2131 omnes
885 2102 987 2132 faciunt

247 2143 321 2212 quod
333 2142 440 2172 docent.
456 2142 526 2171 Nam
541 2141 569 2170 in
582 2141 738 2171 hominibus
748 2141 865 2181 dignitas
878 2142 989 2181 quidem

268 2183 356 2213 iversa
367 2189 416 2219 est,
431 2181 552 2211 omnium
561 2187 650 2210 autem
660 2187 754 2210 natura
765 2191 817 2210 una
831 2189 878 2211 est.
892 2182 988 2211 Homi-

248 2233 295 2252 nes
307 2222 380 2252 enim
402 2221 437 2251 ab
455 2220 533 2250 initio
550 2220 630 2250 creati
649 2227 712 2250 sunt
723 2227 834 2260 propter
845 2232 882 2257 se,
897 2229 987 2261 postea

248 2269 337 2292 autem
348 2261 465 2291 ordinati
474 2267 537 2290 sunt
549 2267 657 2300 propter
671 2260 693 2298 ἦ·
705 2271 764 2290 vos.
774 2261 915 2300 Propterea
923 2272 989 2301 ergo

248 2308 343 2331 natura
362 2311 468 2337 eorum,
480 2300 600 2340 ipsorum
614 2307 653 2329 est
669 2311 676 2327 ι
692 2299 825 2329 ordinatio
838 2308 927 2330 autem
941 2312 988 2330 eo-

249 2352 322 2378 rum,
334 2340 357 2380 †
370 2347 469 2371 vestra.
497 2339 527 2370 Si
551 2340 618 2368 bene
636 2339 764 2376 vixerint,
779 2350 870 2368 eorum
884 2347 923 2370 est
941 2341 988 2370 lu-

249 2392 324 2411 crum
333 2382 370 2410 :si
383 2380 451 2410 bene
461 2379 613 2414 docuerint,
621 2379 643 2417 †
651 2386 781 2409 vestrum.
795 2379 914 2419 Accipite
925 2390 988 2420 ergo

248 2420 323 2460 quod
337 2427 457 2451 vestrum
469 2426 519 2456 est,
532 2425 558 2448 et
582 2419 665 2448 nolite
687 2419 819 2448 discutere
830 2419 902 2457 quod
919 2419 988 2448 alie-

246 2471 314 2490 num
338 2467 388 2490 est.
410 2459 488 2490 Sicut
510 2458 582 2487 enim
599 2458 748 2488 sacerdotes
767 2458 848 2487 etiam
866 2459 988 2489 infideles

246 2500 342 2530 docent
354 2506 464 2540 propter
476 2498 581 2533 fideles,
593 2498 690 2527 melius
706 2497 856 2538 judicantes
879 2506 988 2538 propter

245 2541 330 2570 bonos
353 2540 433 2569 etiam
446 2539 532 2568 malos
551 2538 652 2574 fovere,
668 2549 749 2577 quam
770 2544 879 2578 propter
902 2539 986 2568 malos

246 2580 325 2609 etiam
337 2580 422 2610 bonos
430 2578 581 2619 negligere:
597 2578 636 2608 sic
648 2588 710 2618 ergo
723 2585 749 2607 et
762 2588 809 2609 vos
820 2585 930 2618 propter
940 2579 986 2608 bo-

1000 1431 1019 1454 C

1008 2026 1024 2048 l)

1027 876 1054 898 et
1066 870 1207 900 avaritiam
1219 880 1352 902 exercent.
1403 874 1448 903 uia
1459 884 1523 915 ergo
1542 873 1612 903 scire
1633 872 1735 903 bonum
1744 879 1772 902 et

1028 909 1142 947 malum,
1153 910 1182 939 in
1200 917 1296 955 natura
1318 912 1435 952 positum
1448 922 1499 951 est,
1513 915 1600 944 facere
1623 919 1722 949 autem,
1743 912 1772 941 in

1029 949 1168 979 voluntate
1183 962 1190 979 :
1206 949 1268 980 ideo
1287 951 1462 990 benedicere,
1475 954 1599 983 omnium
1623 959 1677 987 est;
1703 953 1774 982 hene

1028 996 1119 1019 autem
1142 989 1239 1026 facere,
1251 1001 1408 1030 paucorum.
1425 994 1492 1032 Legi
1502 994 1621 1032 aliquem
1633 991 1674 1022 sic
1686 992 1774 1022 inter-

1030 1036 1178 1069 pretantem
1201 1029 1274 1060 hunc
1290 1030 1380 1061 locum
1397 1043 1404 1060 ε
1420 1033 1567 1070 Quoniam,
1579 1032 1677 1071 iuquit,
1692 1042 1775 1072 super

1030 1068 1184 1099 cathedram
1198 1070 1281 1107 Mosi,
1290 1070 1318 1100 id
1328 1078 1378 1107 cst,
1386 1071 1415 1101 in
1425 1073 1527 1104 honore
1535 1081 1560 1103 et
1573 1071 1670 1111 gradu,
1683 1072 1711 1101 in
1719 1082 1776 1111 quo

1031 1109 1117 1138 fuerat
1129 1111 1229 1146 Moses,
1242 1111 1373 1150 paulatim
1386 1111 1422 1142 ad
1427 1113 1506 1153 pejus
1517 1112 1628 1147 redacti,
1638 1111 1775 1141 constituti

1031 1155 1094 1178 sunt
1106 1156 1197 1179 contra
1213 1151 1339 1180 meritum
1353 1162 1434 1181 suum
1446 1153 1540 1182 scribae
1553 1158 1580 1183 et
1591 1151 1721 1181 Pharisaei
1732 1151 1775 1180 in-

1031 1188 1120 1228 digni,
1127 1190 1175 1228 qui
1189 1190 1274 1229 legem
1302 1191 1486 1231 rophetantem
1494 1192 1530 1222 de
1540 1190 1649 1223 Christo
1660 1197 1777 1222 venturo

1031 1228 1213 1297 Eraedicahant
1220 1230 1268 1269 qui
1289 1241 1332 1260 em
1342 1231 1415 1269 aliis,
1429 1232 1482 1272 ipsi
1494 1239 1583 1262 autem
1597 1241 1650 1260 non
1660 1231 1713 1262 reci
1735 1231 1776 1260 ie-

1051 1276 1096 1298 ant
1108 1277 1281 1309 praesentem:
1290 1278 1400 1311 propter
1412 1271 1464 1301 hoc
1474 1273 1632 1302 hortabatur
1642 1241 1778 1312 pqmlhm

1032 1308 1127 1338 audii-e
1140 1309 1237 1348 legem,
1245 1321 1326 1349 quam
1339 1310 1531 1351 praedicabant,
1541 1319 1567 1342 et
1578 1313 1675 1349 facere,
1690 1310 1777 1349 idest,

1033 1347 1141 1378 credere
1159 1348 1186 1377 in
1211 1349 1352 1379 Christum
1369 1351 1544 1396 praedicatum
1560 1363 1577 1382 a
1600 1351 1668 1390 lege,
1684 1357 1710 1380 et
1724 1361 1778 1380 non

1033 1387 1131 1417 imitari
1143 1388 1243 1418 scribas
1257 1396 1283 1418 et
1296 1389 1445 1420 Pharisaeos
1455 1391 1619 1427 inmdulos,
1630 1390 1779 1430 praedican-

1034 1434 1072 1456 tes
1084 1427 1112 1456 in
1126 1428 1184 1467 lege
1195 1427 1229 1458 de
1239 1429 1359 1466 Christo,
1370 1436 1396 1459 et
1406 1440 1460 1460 non
1471 1431 1607 1461 credentes
1616 1430 1644 1459 in
1657 1441 1730 1465 eum.
1743 1431 1780 1460 Et

1035 1467 1124 1497 reddit
1147 1478 1255 1498 causam
1266 1491 1274 1505 ,
1296 1475 1327 1498 ut
1339 1469 1408 1508 quid
1422 1470 1604 1509 praedicabant
1625 1470 1736 1509 quidem
1749 1470 1778 1500 in

1035 1507 1093 1547 lege
1099 1507 1240 1537 Christum
1250 1515 1437 1544 venturum‚et
1446 1520 1501 1539 non
1507 1510 1651 1540 eredebant
1659 1510 1687 1539 in
1695 1520 1757 1539 eum
1768 1522 1777 1540 ι

1036 1547 1098 1586 quia
1112 1547 1202 1576 omnia
1216 1558 1298 1587 opera
1310 1559 1359 1578 sua
1371 1549 1513 1586 faciebant,
1530 1557 1560 1580 ut
1577 1550 1612 1580 ah
1623 1549 1782 1579 hominibus

1035 1587 1202 1617 viderentur.
1222 1586 1256 1617 Id
1282 1594 1337 1625 est,
1363 1588 1427 1627 quia
1440 1599 1493 1619 non
1511 1600 1576 1620 vere
1600 1589 1781 1630 praedicabant

1036 1627 1175 1657 Christum
1197 1634 1360 1664 venturum,
1380 1627 1560 1660 desiderantes
1573 1630 1657 1670 ipsius
1677 1630 1781 1660 Christi

1037 1666 1194 1702 adventum,
1207 1677 1287 1706 quem
1309 1667 1492 1707 praedicabant
1511 1681 1518 1697 :
1535 1670 1582 1699 sed
1596 1676 1708 1710 propter
1727 1669 1781 1699 hoc

1037 1707 1138 1742 solum,
1152 1714 1183 1736 ut
1200 1707 1388 1746 praedicatores
1400 1715 1427 1738 et
1440 1708 1583 1739 traditores
1595 1720 1651 1739 esse
1665 1710 1732 1748 legis
1745 1710 1782 1739 ab

1037 1746 1194 1776 hominibus
1211 1746 1379 1776 viderentur.
1393 1748 1488 1778 Simile
1501 1750 1669 1789 propositum
1681 1749 1782 1779 liabent

1038 1796 1141 1822 omnes,
1155 1786 1203 1824 qui
1219 1786 1351 1827 justitiam
1365 1788 1415 1817 Dei
1428 1787 1535 1825 docent,
1548 1796 1574 1818 et
1588 1799 1640 1818 non
1654 1789 1756 1819 iaciunt
1771 1800 1779 1816 t

1038 1826 1101 1864 quia
1121 1836 1173 1855 non
1197 1826 1292 1856 docent
1312 1837 1375 1856 vere
1394 1827 1481 1867 ipsam
1496 1829 1629 1869 justitiam
1650 1829 1711 1865 Dei,
1727 1839 1781 1858 non

1038 1872 1156 1895 amantes
1173 1877 1255 1905 quam
1272 1865 1378 1903 docent,
1391 1867 1439 1897 sed
1452 1875 1562 1909 propter
1574 1869 1626 1898 hoc
1638 1869 1738 1905 solum,
1752 1875 1783 1898 ut

1039 1905 1159 1934 doctores
1172 1916 1228 1935 esse
1233 1906 1345 1946 justiti-’e
1352 1906 1402 1935 Dei
1413 1907 1448 1936 ab
1460 1908 1615 1938 hominibus
1626 1908 1780 1939 videantur.

1039 1946 1193 1983 Numquam
1218 1945 1331 1975 audistis
1355 1946 1475 1985 aliquem
1500 1948 1535 1978 de
1556 1950 1784 1978 consummatione

1041 1984 1147 2021 mundi,
1162 1992 1188 2014 et
1201 1984 1234 2014 de
1248 1985 1339 2015 futuro
1351 1986 1453 2016 Christi
1463 1987 1568 2026 judicio
1581 1988 1716 2027 eleganter
1725 1995 1782 2018 tra-

1040 2024 1145 2053 dentem
1159 2025 1330 2064 Scripturas?
1344 2027 1377 2056 Et
1393 2026 1417 2054 si
1436 2027 1586 2056 consideres
1608 2029 1692 2056 vitam
1711 2029 1782 2068 ejus,

1039 2063 1183 2103 intelliges,
1198 2064 1262 2102 quia
1276 2064 1345 2098 sicut
1358 2065 1427 2094 latro
1446 2075 1499 2095 non
1511 2066 1646 2096 desiderat
1663 2067 1784 2106 aspicere

1040 2103 1135 2132 faciem
1154 2103 1257 2143 judicis
1280 2105 1390 2141 terreni,
1402 2105 1442 2134 sic
1463 2115 1512 2135 nec
1535 2105 1583 2135 ille
1602 2105 1736 2136 desiderat
1748 2105 1784 2136 ad

1039 2142 1139 2172 Christi
1154 2143 1244 2172 venire
1254 2143 1402 2182 judiciuin.
1418 2143 1559 2185 Alligant
1581 2152 1680 2175 autem
1694 2156 1786 2175 onera

1039 2183 1142 2222 gravia
1153 2189 1181 2211 et
1203 2184 1413 2222 importabilia,
1424 2191 1453 2213 et
1465 2186 1618 2224 imponunt
1629 2195 1716 2225 super
1727 2187 1785 2216 Itu—

1041 2232 1133 2251 meros
1145 2223 1293 2251 hominum
1295 2234 1310 2260 ,·
1323 2225 1378 2263 ipsi
1393 2230 1491 2253 autem
1511 2226 1601 2265 digito
1614 2235 1667 2255 suo
1679 2226 1786 2255 nolunt

1040 2272 1075 2291 ea
1097 2272 1219 2292 movere.
1245 2263 1385 2299 Quantum
1406 2263 1442 2293 ad
1465 2264 1612 2295 Pharisaeos
1635 2264 1744 2304 quidem
1758 2272 1785 2294 et

1039 2301 1150 2337 scribas,
1164 2301 1199 2331 de
1217 2303 1319 2341 quihus
1342 2303 1473 2342 loquitur,
1489 2315 1568 2334 onera
1582 2305 1674 2345 gravia
1687 2311 1713 2335 et
1730 2305 1782 2334 im-

1039 2341 1184 2381 portabilia
1197 2341 1264 2371 dicit
1277 2342 1343 2382 legis
1357 2342 1492 2380 mandata,
1503 2345 1620 2374 maxime
1633 2355 1694 2383 quae
1705 2344 1784 2374 dedc-

1040 2381 1134 2425 rat'eis
1147 2383 1221 2411 Deus
1234 2389 1344 2427 propter
1355 2390 1493 2423 peccatum
1507 2383 1586 2414 vituli
1597 2384 1710 2419 adorati,
1723 2394 1784 2423 quat

1041 2421 1135 2450 scrihae
1158 2428 1183 2451 et
1209 2422 1338 2451 Pharisaei
1357 2423 1500 2460 docebant,
1515 2423 1657 2453 suadentes
1681 2424 1784 2464 populo

1040 2460 1187 2490 secundum
1202 2462 1327 2491 mandata
1346 2462 1438 2492 vivere
1450 2463 1528 2502 legis,
1537 2470 1564 2492 et
1575 2473 1629 2493 non
1643 2464 1735 2493 venire
1747 2464 1783 2494 ad

1040 2500 1144 2529 facilem
1156 2507 1181 2530 et
1192 2500 1379 2531 delectabilem
1402 2502 1515 2542 gratiam
1528 2502 1639 2533 Christi.
1655 2504 1697 2533 De
1719 2504 1782 2542 qui-

1039 2539 1091 2569 bus
1105 2540 1225 2570 onerosis
1243 2541 1375 2571 mandatis
1386 2549 1412 2571 et
1424 2543 1557 2572 Dominus
1568 2553 1650 2583 supra
1663 2543 1780 2581 dicebat,

1040 2579 1184 2610 exhortans
1206 2581 1339 2621 populum
1360 2581 1537 2613 Judaeoruin:
1564 2583 1666 2613 Venite
1684 2584 1725 2613 ad
1738 2592 1783 2613 me

1794 2574 1877 2596 ,veruli¹
1898 2579 1904 2594 i

1794 2603 1831 2626 28.
