1890 2826
689 173 733 195 DE
759 172 929 195 SERPENTE
958 169 1121 197 nomm&

117 242 156 261 νει
168 231 214 262 καὶ
225 231 296 271 λέγει
305 231 444 267 Ἰουδαῖος,
456 233 470 260 ὁ
481 231 573 272 ἐχθρὸς
582 231 627 261 τοῦ
640 235 752 272 σταυροῦ
764 235 810 262 τοῦ
822 233 885 272 Χρι-

110 279 189 308 στοῦ.
202 279 306 308 Οὐκοῦν
319 277 364 307 ἐὰν
376 277 437 316 εἴπῃ
448 277 517 317 ,πρὸς
533 277 580 314 σὲ,
594 280 676 312 πῶς.ὁ
693 278 885 318 ἐπικατάρατος

111 323 236 363 ἐὐλογίαν
249 322 372 359 δίδωσιν;
394 322 452 352 εἰπὲ
472 324 560 363 αὐτῷ,
583 325 641 357 πῶς
654 325 681 353 ἐν
698 326 732 363 τῇ
753 323 847 364 ἐρήμῳ
860 325 885 353 οἱ

113 369 187 409 ὄφεις
209 368 317 399 ἔδακνόν
339 380 385 398 σου
398 367 458 402 τοὺς
478 368 637 408 προγόνους,
651 369 739 399 εἰκόνα
754 368 782 398 δὲ
802 369 885 408 ὄφεως

113 415 220 454 χαλκῆν
237 413 352 450 ποιήσας
374 415 494 450 Μωῦσῆς
515 414 719 455 ἀνεσταύρωσε,
742 414 788 444 καὶ
808 409 867 443 eim
876 437 884 451 ,

72 461 78 465 ’
110 461 176 494 ’Πᾶς
188 462 203 489 6
227 459 334 499 δηχθεὶς
350 459 402 489 ὑπὸ
419 462 466 490 τοῦ
486 460 569 501 ὄφεως
582 461 737 500 προσεχέτω
754 462 792 500 τῷ
805 460 865 500 ὄφει
875 482 884 497 ,

114 505 161 535 καὶ
174 504 323 540 σωθήσεται
330 517 339 542 ;
355 505 410 535 Καὶ
418 505 459 542 τί,
472 505 555 546 φησὶ,
566 509 644 536 τοῦτο
657 506 722 546 πρὸς
735 506 766 536 τὸ
778 503 885 546 προκεί-

110 562 211 590 meu
225 550 305 581 Ἀλλὰ
323 550 369 581 καὶ
386 551 487 593 σφόδρα
500 551 668 582 οἰκειότατον.
681 552 721 582 Ἢ
739 553 786 582 οὒκ
802 552 883 587 ἤκου-

110 608 164 630 σας
174 599 219 626 τοῦ
228 597 300 627 Θεοῦ
309 596 440 634 λέγοντος,
452 597 664 637 Ἐπικατάρατος
673 597 705 627 σὺ
717 597 770 627 ἀπὸ
778 597 884 627 πάντων

114 640 170 672 τῶν
182 635 279 682 θηρίων
292 644 340 678 τῆς
357 643 406 682 γ’ἧς
417 655 427 679 ;
440 643 504 677 Πῶς
516 639 561 672 οῧν
573 645 591 679 ἡ
607 643 684 673 εἰκὼν
696 646 741 672 τοῦ
755 644 883 673 ἐπικατα-

110 687 196 727 ράτου
216 687 286 724 ζωὴν
297 687 392 727 ἤνεγκε
414 691 468 722 τοῖς
486 688 621 729 ὑμετέροις
642 689 793 729 προγόνοις;
808 688 886 718 Ἀνα-

112 732 246 772 ιλαμὸάνω
257 733 290 763 τὸ
310 734 399 774 firm,
411 733 455 764 ἵνα
469 734 559 771 στήσω
572 734 603 763 τὸ
620 734 716 773 νόημα.
736 735 771 764 Εἰ
787 734 885 774 ἄπορόν

113 790 159 809 σοι
172 779 309 818 νομίζεται,
319 778 384 809 '³103
404 779 599 820 ἔπικαταράτου
621 780 741 819 ὢλογίαν
765 781 886 819 πηγάσαι

115 826 126 864 (
137 825 348 865 Ἐπικατάρατος
363 824 415 865 γὰρ
434 830 486 859 πᾶς
498 827 513 854 ὁ
525 826 689 866 κρεμάμενος
710 825 755 855 ἐπὶ
769 825 844 860 ξύλου
856 826 865 865 )
876 847 884 861 ,

112 872 172 904 ταῖς
180 872 198 907 ἡ
206 869 287 902 εἰκὼν
295 872 340 900 τοῦ
350 870 432 910 ὄφεως
444 873 491 900 τοῦ
504 871 709 911 ἐπικαταράτου,
722 871 749 905 ὃς
760 871 883 909 ἤκουσεν,

935 234 1061 270 Judaeus,
1083 236 1208 266 inimicus
1227 238 1314 267 crucis
1338 238 1451 269 Clu-isti.
1473 238 1502 269 Si
1527 239 1615 277 itaque
1629 239 1682 268 Ju-

938 279 1012 308 daeus
1025 280 1075 310 tibi
1088 281 1198 319 dixerit,
1218 283 1360 320 Quomodo
1375 283 1532 313 maledictus
1544 284 1591 313 dat
1600 284 1682 313 bene-

931 324 1103 355 dictionem?
1117 326 1162 356 dic
1173 327 1226 365 illi,
1236 328 1379 366 Quomodo
1392 329 1419 358 in
1434 329 1537 358 deserto
1549 336 1682 369 serpentes

938 370 1095 400 mordebant
1108 373 1290 412 progenitores
1301 382 1377 413 tuos;
1393 376 1501 415 Moyses
1512 381 1600 404 autem
1615 375 1682 404 ima-

937 415 1000 455 gine
1017 418 1146 457 serpeutis
1161 419 1240 456 sacta,
1255 427 1280 449 et
1294 421 1322 450 in
1341 431 1420 450 cruce
1444 431 1583 461 suspensa⁷
1604 421 1681 457 dicit,

941 462 1124 501 Quicumque
1134 473 1154 492 a
1176 471 1307 503 serpente
1327 476 1439 495 morsus
1444 466 1552 506 ficet-it,
1567 476 1681 506 serpen-
1692 471 1823 495 Num.2¹.8

937 512 996 536 tem
1010 510 1155 547 respiciat,
1168 515 1196 538 et
1209 511 1310 541 salvus
1324 513 1378 540 erit
1387 511 1467 541 ?.Sed
1485 512 1534 548 ait,
1550 511 1617 550 quid
1630 512 1681 541 hoe

936 552 971 582 ad
984 554 1066 582 rem?
1089 554 1159 584 Sane
1180 555 1296 595 multum
1319 556 1354 585 ad
1374 567 1430 585 rem
1444 557 1568 597 pertinet.
1584 558 1679 586 Annon

936 597 1037 628 audisti
1046 600 1135 628 Deum
1141 599 1282 638 dicentem,
1294 602 1472 631 Maledictus
1485 610 1513 632 tu
1521 613 1582 642 proe
1590 605 1681 631 omni--
1692 612 1748 634 Gen.
1759 612 1781 634 3.
1793 612 1830 640 14.

914 663 920 672 .
938 645 992 674 bus
1015 646 1112 675 bestiis
1140 652 1223 676 ουτω
1238 649 1252 674 P
1279 645 1421 684 Quomodo
1440 648 1523 687 igitur
1546 648 1681 678 maledicti

935 689 1026 730 imago
1039 690 1123 721 vitam
1146 691 1236 721 attulit
1256 693 1472 732 progenitoribus
1495 693 1613 723 vestris?
1627 694 1680 723 Di-

936 742 1010 765 ctum
1031 743 1133 777 repeto,
1156 745 1186 768 ut
1213 738 1368 768 sententiam
1393 739 1498 769 firmius
1511 746 1635 769 statuam.
1651 740 1680 770 Si

936 781 1046 821 quidem
1056 782 1169 813 difficile
1187 785 1238 814 tibi
1251 784 1376 815 videatur
1385 796 1420 814 ex
1439 785 1587 815 maledictor
1596 786 1678 815 bene-

933 827 1080 858 dictionem
1103 839 1224 859 emanare
1247 831 1451 867 (Maledc'clus
1486 830 1560 860 enim
1586 834 1680 860 omnis

937 875 991 913 qui
1002 876 1106 913 pendet
1117 876 1149 904 ἰή
1170 876 1280 914 ligno),
1293 876 1428 915 quomodo
1442 876 1531 916 imago
1544 877 1680 916 serpentis

116 916 327 956 Ἐπικατάρατος
344 915 377 945 σὺ
393 916 446 946 ἀπὸ
462 916 571 946 πάντων
592 919 645 946 τῶν
659 918 767 958 Θηρίων,
790 918 884 957 ἤνεγκε
936 919 1082 957 maledicti,
1097 921 1144 960 qui
1151 920 1266 958 audivit,
1279 922 1456 951 Maledictus
1467 929 1497 951 ιιι
1506 933 1567 962 prae
1583 926 1680 952 omni-

115 963 154 1002 τῷ
162 963 220 1002 λαῷ
234 962 262 991 ἐν
275 966 397 1002 συμφορᾷ
406 962 520 1002 κειμένῳ
533 962 581 998 τὴν
593 963 725 1003 σωτηρίαν
737 975 745 998 ;
758 958 825 1003 ’Ἆρα
839 964 886 992 οὐκ
938 967 989 995 bus
1001 967 1110 1003 bestiis,
1123 967 1224 1007 populo
1235 967 1263 996 in
1279 967 1428 997 calamitate
1449 968 1592 997 constituto
1600 969 1680 998 bene-

113 1003 149 1044 ἦν
162 1007 373 1047 ἀξιοπιστότερον
381 1009 480 1044 εἰπεῖν,
496 1008 541 1037 ἐάν
559 1020 600 1042 τις
614 1010 688 1047 ὑμῶν
702 1009 807 1048 δηχθῇ,
823 1010 886 1037 ἄνα·
936 1010 1080 1043 dictionem
1101 1012 1209 1042 attulit?
1225 1014 1320 1043 Annon
1334 1013 1388 1043 fide
1409 1012 1519 1053 dignius
1530 1014 1625 1043 fuisset
1634 1014 1692 1043 di«

115 1052 203 1094 ὅλέψῃ
217 1054 254 1087 εἰς
263 1053 308 1083 τὸν
321 1053 430 1093 οὐρανὸν
442 1053 497 1082 ἄνω
511 1053 555 1083 ἐπὶ
576 1053 620 1082 τὸν
635 1054 713 1090 Θεὸν,
726 1054 771 1083 καὶ
794 1053 884 1089 σωθή-
892 1080 928 1100 m
938 1067 1007 1093 cere,
1020 1057 1050 1087 Si
1062 1057 1123 1096 quis
1140 1069 1174 1087 ex
1195 1058 1273 1088 vohis
1286 1069 1391 1088 morsus
1406 1059 1498 1096 fuerit,
1514 1059 1639 1099 respiciat
1650 1059 1678 1089 in

115 1110 206 1135 σεται;
220 1099 264 1129 ἵνα
285 1099 313 1128 δὲ
327 1099 374 1129 καὶ
391 1099 423 1129 τὸ
439 1099 580 1139 προσέχειν
594 1101 696 1140 οὐρανῷ
712 1100 865 1140 παραλείπῃ
876 1123 883 1134 ,
901 1109 921 1130 A
937 1104 1032 1133 caelum
1049 1103 1084 1133 ad
1096 1105 1196 1142 Deum,
1212 1111 1238 1134 et
1250 1105 1409 1135 sanabitur?
1426 1105 1472 1135 *vel
1486 1105 1598 1135 dimisso
1621 1105 1680 1134 caeli

113 1147 166 1175 ,οὐκ
177 1145 292 1181 ἠδύνατο
305 1146 397 1181 εἰπεῖν,
410 1145 456 1174 ἐάν
469 1157 509 1179 τις
522 1146 619 1185 δηχθῇ,
636 1145 774 1186 ἀποὸλέψῃ
786 1147 823 1179 εἷς
837 1146 885 1182 τὴν

117 1190 228 1230 λυχνίαν
240 1192 285 1220 τοῦ
305 1190 389 1231 φωτὸς
398 1212 408 1226 ,
421 1191 466 1220 καὶ
484 1190 647 1227 σωθήσεται;
662 1190 680 1227 ἢ
693 1191 830 1231 ἀποὸλέψῃ
850 1193 886 1225 εἷς

118 1235 168 1271 τὴν
180 1235 311 1276 τράπεζαν
323 1237 371 1271 τῆς
389 1235 535 1275 προθέσεως
554 1237 607 1265 τῶν
627 1236 709 1275 ἁγίων
725 1236 820 1276 ἄρτων,
840 1237 885 1265 καὶ

112 1281 266 1317 ῦωθήσεται
277 1293 286 1317 3
297 1280 316 1316 ἢ
330 1282 367 1314 εἷς
379 1280 409 1309 τὸ
423 1280 617 1320 θυσιαστήριον,
637 1280 654 1316 ἢ
669 1283 705 1314 εἷς
723 1282 753 1311 τὸ
764 1282 884 1312 καταπέ-

117 1338 222 1366 τασμα,
234 1325 254 1361 ἢ
270 1327 307 1359 εἷς
325 1325 374 1362 τὴν
386 1326 508 1364 κιὸωτὸν,
518 1326 538 1362 ἢ
550 1328 588 1360 εἷς
600 1326 648 1363 τὴν
661 1326 750 1356 εἰκόνα
763 1329 815 1357 τῶν
830 1328 884 1357 Χε-

116 1370 214 1410 ρωὸὶμ
223 1391 232 1406 ,
254 1370 272 1406 ἢ
297 1372 333 1404 εἰς
355 1371 387 1400 τὸ
408 1371 560 1411 ἱλαστήριον
572 1383 580 1407 ;
597 1371 665 1401 Ἀλλ’
688 1372 762 1402 οὐδὲν
784 1372 884 1402 τούτων

116 1416 256 1457 εἰσήγαγεν
267 1419 282 1447 6
296 1416 437 1456 νομοθέτης
458 1419 472 1446 6
491 1417 573 1457 μέγας
584 1429 591 1436 ·
616 1417 685 1447 ἀλλὰ
708 1418 790 1456 μόνην
804 1419 884 1456 ἔπηξε

116 1464 162 1492 τοῦ
183 1466 296 1503 σταυροῦ
309 1463 364 1499 τὴν.
373 1462 462 1492 εἰκόνα
473 1484 482 1498 ,
495 1463 541 1492 καὶ
554 1463 653 1499 ταύτην
668 1463 711 1493 διὰ
723 1467 769 1493 τοῦ
791 1466 886 1494 ἐπικα-

115 1508 230 1548 -ταράτου
248 1509 339 1548 ὄφεως.
353 1508 405 1538 Διὰ
417 1508 443 1537 τί
462 1504 517 1544 οὖν,
534 1503 556 1537 ὦ
570 1508 680 1538 Ἰουδαῖε
690 1529 699 1544 ,
715 1512 798 1539 ταῦτα
815 1514 885 1539 ποιεῖ

117 1555 235 1589 Modicia
243 1566 252 1590 ;
266 1554 310 1583 διὰ
321 1554 348 1583 τί
361 1554 471 1594 χωνεύει
480 1554 538 1594 ὄφιν
551 1556 565 1583 ὁ
578 1554 662 1593 λέγων
676 1554 719 1583 διὰ
733 1557 778 1584 τοῦ
793 1555 884 1594 νόμου,

937 1157 1056 1191 aspectu,
1070 1161 1156 1180 annon
1169 1159 1271 1192 poterat
1284 1152 1383 1189 dicere,
1395 1152 1426 1182 Si
1437 1152 1498 1190 quis
1509 1162 1614 1182 morsus
1623 1153 1680 1182 sue-

937 1197 984 1232 rit,
995 1197 1118 1236 respiciat
1138 1198 1168 1226 in
1181 1197 1372 1227 candelabrum
1395 1198 1517 1235 luminis,
1540 1205 1565 1228 et
1588 1199 1680 1229 salvus

937 1242 1010 1271 erit?
1024 1248 1070 1271 aut
1090 1242 1214 1283 respiciat
1227 1243 1256 1272 in
1275 1253 1392 1273 mensam
1406 1243 1598 1284 propositionis
1614 1255 1679 1274 san-

932 1294 1042 1318 etomm
1053 1298 1165 1328 panum,
1180 1295 1206 1318 et
1221 1289 1312 1320 salvus
1325 1289 1395 1319 erit?
1408 1296 1455 1318 aut
1477 1289 1505 1319 in
1525 1290 1619 1327 altare,
1634 1298 1680 1320 aut

933 1333 967 1363 -in
979 1334 1082 1372 velum,
1097 1335 1182 1364 autin
1197 1346 1296 1372 arcam,
1306 1337 1363 1366 sive
1380 1335 1408 1365 in
1423 1335 1564 1375 imaginem
1576 1336 1679 1366 Cheru-

936 1379 1075 1418 binorum,
1096 1382 1140 1411 vel
1154 1381 1180 1410 in
1194 1381 1438 1421 propitiatorium?
1456 1385 1490 1412 At
1503 1383 1572 1412 nihil
1585 1394 1679 1413 eorum

936 1425 1051 1456 adduxit
1076 1427 1212 1467 legislator
1236 1438 1363 1467 magn1153
1378 1439 1473 1458 verum
1492 1439 1573 1458 unam
1592 1431 1679 1460 crucis

936 1471 1078 1511 imaginem
1089 1474 1184 1509 erexit,
1198 1481 1224 1503 et
1244 1474 1313 1503 hanc
1326 1485 1372 1513 per
1384 1474 1556 1504 maledictum
1571 1486 1678 1515 serpen-

936 1523 1000 1546 tem.
1023 1519 1080 1548 Cur
1101 1529 1176 1557 ergo,
1199 1519 1303 1557 Judaee,
1319 1522 1427 1559 Moyses
1456 1520 1512 1549 haec
1530 1520 1615 1550 facit?
1630 1532 1679 1551 cur

933 1570 1084 1602 serpentem
1092 1564 1200 1600 constat,
1211 1565 1257 1602 qui
1268 1575 1316 1604 per
1326 1565 1411 1604 legem
1420 1565 1536 1602 dixerat,
1550 1567 1619 1595 Non
1621 1568 1678 1607 sa-
1689 1580 1826 1604 lemna„

115 1601 159 1629 Οὔ
171 1599 289 1635 mulam·
299 1599 424 1639 γλυπτὸν,
438 1599 496 1629 οῦδὲ
509 1599 656 1639 χωνευτόνὶ
671 1599 749 1629 Ἀλλὰ
762 1600 789 1629 τί
801 1603 885 1630 ταῦτα
899 1608 916 1631 Β
936 1610 994 1637 cies
1006 1609 1150 1648 sculptile,
1162 1620 1255 1649 neque
1261 1610 1358 1649 fusile
1367 1613 1380 1638 P
1391 1611 1566 1641 Sed-curhaec
1574 1612 1678 1652 ingrato

117 1644 183 1684 πρὸς
193 1645 237 1674 τὸν
250 1645 390 1684 ἀγνώμονα
401 1644 547 1700 φθέγγομαι
558 1657 566 1682 3
582 1645 667 1674 Αὐτὸν
681 1646 771 1684 ἐρωτῶ
780 1645 825 1675 τὸν
842 1657 885 1675 νο-

116 1690 229 1728 μοθέτην
241 1701 248 1708 ·
262 1689 320 1721 εἰπέ
343 1698 402 1728 μοι,
415 1701 438 1718 ω
451 1689 592 1719 πιστότατε
608 1691 654 1719 τοῦ
670 1692 740 1720 Θεοῦ
754 1691 884 1730 θεράπων,

117 1735 132 1764 ὃ
146 1735 329 1775 ἀπαγορεύεις,
341 1739 442 1770 ποιεῖς;
455 1736 469 1764 ὃ
482 1734 650 1774 ἀνατρέπεις,
661 1736 885 1775 παρασκευάζεις;

936 1654 1049 1692 loquor?
1062 1655 1155 1694 Ipsum
1171 1655 1348 1695 legislatorem
1363 1657 1515 1698 interrogo:
1531 1659 1582 1688 Dic
1596 1659 1675 1694 mihi,

935 1698 1090 1728 fidelissime
1102 1699 1152 1729 Dei
1161 1700 1313 1738 famule,.an
1326 1701 1355 1731 id
1363 1702 1430 1732 facis
1438 1703 1514 1741 quod
1527 1705 1652 1743 prohibes
1663 1706 1676 1734 Ρ

936 1754 969 1773 an
992 1744 1066 1783 quod
1088 1745 1225 1785 reprobas,
1252 1746 1281 1775 id
1302 1747 1442 1786 operaris?
1456 1749 1502 1787 qui
1515 1749 1593 1787 dicis,
1606 1752 1676 1780 Non

117 1783 132 1809 ὅ
147 1781 242 1820 λέγων,
264 1781 305 1810 Οὖ
319 1780 438 1816 πθῑῆσέῑς
459 1780 586 1820 ‘stum-ov,
609 1781 668 1810 θῦδὲ
692 1781 831 1821 χωνευτὸν,
852 1781 884 1817 σὺ
926 1791 1027 1831 facies
1039 1792 1183 1830 sculptile,
1199 1793 1403 1833 nequefitsile,
1423 1794 1514 1824 fundis
1526 1802 1551 1825 et
1574 1797 1676 1837 sculpis

91 1856 96 1860 ‚
114 1826 239 1866 ,χωνεύεις
263 1826 308 1857 καὶ
328 1826 434 1866 γλύφεις
447 1826 526 1866 ὄφιν;
541 1826 610 1856 Ἀλλ’
624 1828 710 1856 ἐκεῖνα
728 1827 776 1865 μὲν
790 1829 884 1866 ἐνομο-

119 1872 233 1910 θέτησα,
245 1872 340 1912 φησὶν,
354 1871 398 1902 ἵνα
409 1872 456 1906 τὰς
474 1872 549 1905 ὕλας·
559 1872 663 1912 ἐκκόψω
676 1874 724 1908 τῆς
743 1873 864 1907 ἀσεὸείας
875 1896 883 1909 ,

117 1918 165 1948 καὶ
178 1918 222 1948 τὸν
235 1918 298 1948 λαὸν
309 1920 399 1948 τοῦτον
414 1917 543 1957 ἀπαγάγω
551 1917 639 1953 πάσης
650 1919 864 1959 εἷδωλολατρείας
877 1931 884 1938 ·

119 1963 174 1994 νυνὶ
187 1963 216 1994 δὲ
228 1963 336 2004 χωνεύω
353 1963 397 1993 τὸν
413 1963 481 2003 ὄφιν,
500 1962 543 1992 ἵνα
556 1963 722 2003 προτυπώσω
735 1965 783 2001 τὴν
797 1965 885 1994 εἰκόνα

118 2010 166 2044 τῆς
176 2011 222 2039 τοῦ
236 2012 348 2050 σταυροῦ
370 2009 519 2049 οἰκονομίας
529 2020 535 2027 ·
548 2009 716 2048 προομαλίζω
729 2009 774 2038 τὸν
788 2010 883 2050 δρόμον

118 2060 173 2089 τοῖς
180 2055 334 2089 ἀποστόλοις
341 2068 348 2074 ·
359 2055 535 2095 προγυμνάζω
543 2055 574 2084 τὸ
586 2055 655 2094 μέγα
664 2056 709 2085 καὶ
722 2055 790 2089 ξένον
802 2057 885 2086 ἐκεῖνο
910 2069 912 2071 ’

119 2100 150 2129 τὸ
162 2104 208 2130 τοῦ
230 2102 342 2140 σταυροῦ
365 2101 506 2140 σύμὸολον.
519 2100 584 2130 “Oti
609 2101 637 2131 δὲ
659 2102 688 2130 οὐ
713 2101 884 2140 βεὸιασμένος
909 2113 917 2120 ”

119 2147 134 2174 6
153 2145 242 2184 λόγος,
257 2147 334 2175 ἄκουε
354 2148 400 2175 τοῦ
420 2146 518 2185 Κυρίου
542 2146 590 2181 τὴν
607 2146 694 2175 εἰκόνα
708 2147 755 2183 τὴν
772 2148 884 2187 ἀρχαίαν

119 2190 220 2227 ἐκείνην
234 2190 417 2229 βεὸαιοῦντος,
431 2191 475 2220 καὶ
495 2193 531 2223 εἰς
545 2192 634 2221 ἑαυτὸν
649 2193 885 2231 ἀναλαμίῖάνοντος.

120 2236 264 2276 Νικοδήμῳ
282 2236 333 2275 γάρ
346 2247 397 2264 τινι
414 2235 546 2267 Ἰουδαίων
561 2236 669 2276 ἄρχοντι
686 2238 884 2276 διαλεγόμενος,

117 2283 155 2315 ὡς
175 2281 325 2320 διδασκάλῳ
346 2284 392 2310 τοῦ
415 2282 479 2310 λαοῦ
500 2281 543 2310 καὶ
563 2282 677 2312 συνιέναι
691 2283 826 2323 δυναμένῳ
838 2287 886 2319 τῆς

119 2327 267 2366 οἰκονομίας
279 2326 328 2362 τὴν
347 2326 466 2365 θεωρίαν,
487 2325 551 2366 φησί
563 2338 569 2344 ·
594 2327 646 2356 Καὶ
663 2328 748 2362 καθὼς
770 2330 885 2364 Μωῦσῆς

120 2372 209 2411 ὕψωσε
222 2372 265 2401 τὸν
281 2372 338 2412 ὄφιν
351 2373 377 2401 ἐν
390 2373 424 2411 τῇ
438 2371 540 2411 ἐρήμῳ,
559 2371 628 2400 οὕτω
641 2372 680 2401 δεῖ
692 2374 828 2412 ὑψωθῆναι
840 2374 884 2404 τὸν

121 2417 183 2447 Υἱὸν
197 2419 242 2446 τοῦ
256 2417 402 2457 ἀνθρώπου,
414 2417 455 2446 ’ἵνα
470 2422 521 2449 πᾶς
536 2418 550 2446 ὁ
561 2417 691 2446 πιστεύων
704 2419 741 2451 εἷς
755 2419 831 2449 αὐτὸν
847 2419 883 2458 μὴ

935 1837 1106 1876 serpentem?
1125 1839 1228 1868 Verum
1252 1838 1346 1868 dicct:
1372 1840 1437 1870 Illas
1459 1841 1510 1870 tuli
1537 1842 1619 1882 leges,
1647 1847 1677 1872 ut

936 1892 1042 1912 omnem
1056 1883 1199 1922 impietatis
1210 1885 1349 1914 materiam
1363 1886 1555 1925 exscinderem,
1565 1894 1591 1917 et
1604 1889 1676 1918 hunc

936 1929 1067 1968 populum
1089 1939 1104 1957 a
1129 1929 1225 1968 quovis
1249 1930 1384 1960 idolorum
1405 1932 1480 1961 cultu
1505 1940 1674 1970 πεπτω-ειυς

935 1983 1007 2003 nunc
1025 1980 1112 2003 autem
1135 1982 1282 2014 serpentem
1295 1977 1394 2013 conflo,
1407 1985 1437 2006 ut
1451 1978 1595 2018 imaginem
1616 1979 1676 2009 dis-

936 2019 1098 2058 pensationis
1119 2020 1207 2049 crucis
1226 2021 1408 2061 praeligurem,
1428 2023 1501 2053 viam
1522 2035 1570 2064 per
1594 2036 1675 2064 quam

936 2064 1051 2104 apostoli
1074 2064 1218 2095 decurrant
1245 2067 1416 2106 complanans
1431 2090 1439 2105 ,
1455 2067 1575 2108 ‘signum
1600 2070 1676 2100 illius

937 2110 1024 2139 crucis
1034 2120 1159 2149 magnum
1169 2110 1372 2151 inauditumque
1381 2113 1460 2153 longe
1466 2121 1541 2143 antea
1548 2114 1673 2145 adhibeo.

938 2155 1018 2192 Quod
1031 2162 1119 2185 autem
1132 2155 1189 2186 haee
1199 2157 1343 2196 explicatio
1360 2168 1414 2187 non
1432 2158 1532 2189 detorta
1550 2161 1595 2197 sit,
1612 2161 1677 2190 audi

937 2201 1092 2238 Dominum,
1106 2203 1291 2240 quivveterem
1317 2204 1392 2233 illam
1418 2205 1559 2245 imaginem
1579 2207 1675 2236 confir-

938 2253 992 2276 mat
1005 2257 1035 2277 ac
1047 2246 1081 2276 de
1098 2247 1185 2287 seipso
1205 2248 1404 2288 interpretatur.
1419 2250 1595 2280 Nicodemum
1606 2253 1676 2281 enim

938 2290 1076 2329 alloquens
1089 2298 1119 2320 ut
1143 2292 1238 2332 populi
1252 2292 1399 2330 doctorem,
1420 2293 1516 2322 virum'
1530 2294 1602 2333 apud
1625 2296 1676 2324 Ju-

940 2333 1010 2364 daeos
1025 2335 1205 2375 praecipuum,
1216 2336 1264 2374 qui
1278 2343 1366 2375 posset
1384 2337 1556 2365 oeconomiam
1576 2337 1676 2366 intelli-

937 2387 1008 2416 gere,
1023 2377 1060 2407 ait
1074 2389 1082 2407 ε
1110 2379 1151 2407 Ει
1171 2380 1245 2407 sicut
1267 2379 1410 2408 exaltavit
1422 2380 1542 2415 Moyses
1565 2389 1677 2419 serpen-
1686 2394 1825 2426 J0„„'3,14‚

939 2427 995 2450 tem
1007 2423 1038 2450 in
1054 2422 1175 2458 deserto,
1188 2423 1230 2451 ita
1240 2422 1366 2451 exaltari
1377 2428 1486 2461 oportet
1500 2423 1611 2453 Filium
1623 2425 1678 2454 lw-
1690 2426 1725 2450 ¹5⁴

153 2508 166 2527 1¹
184 2507 330 2541 Legendum
346 2515 419 2541 putat
433 2511 528 2536 Fronto
542 2518 598 2535 cum
614 2509 709 2537 savilio
720 2515 764 2539 ἀπὸ
776 2515 815 2539 τοῦ
829 2516 915 2540 immr-
927 2513 976 2540 sed
988 2512 1072 2545 lectio,
1085 2519 1112 2538 ut
1125 2519 1169 2546 est,
1180 2513 1237 2539 ferri
1250 2521 1321 2546 posse
1333 2512 1439 2540 videtur⁴

1470 2553 1519 2591 39.
