1904 2840
615 180 647 202 ΙΝ
674 179 885 202 ΜΑΤΤΗΕΠΜ.

124 240 159 270 de
171 241 243 270 bono
260 239 295 270 ad
308 241 421 270 malum.
442 240 542 272 Virilis
561 246 651 269 autem
668 250 750 269 sexus
763 240 867 270 cautior
882 244 900 266 Α

124 286 164 309 est
175 287 202 309 et
212 279 317 309 durior.
332 280 445 309 Cautior
457 279 566 318 quidem
575 303 585 316 ,
603 279 668 318 quia
681 279 772 308 omnia
783 301 791 316 ‚
806 290 865 318 quae

124 319 209 354 videt,
221 319 332 348 discutit
343 319 462 348 ratione:
474 318 569 348 durior
578 326 678 355 autem,
712 319 757 348 uia
770 329 819 348 nec
831 318 866 348 de

123 358 195 387 malo
205 358 284 388 facile
297 358 442 388 inclinatur
454 358 490 387 ad
502 359 604 388 bonum
611 377 621 394 ,-
631 369 680 388 ncc
692 330 727 388 de
739 359 810 388 bono
823 359 865 387 fa-

123 397 324 428 cilerevocatnr
333 398 370 427 ad
378 399 482 427 malum
494 411 502 427 e
513 409 575 428 nam
588 398 710 437 sequitur
723 398 863 428 rationem.

123 437 189 467 Ideo
200 445 290 467 autem
301 437 408 474 durior,
419 438 483 477 quia
493 438 690 468 rationabilior.
703 439 766 467 Haec
776 444 865 467 autem

124 477 304 517 praemisimus
313 499 322 512 ,
336 484 366 506 ut
379 477 549 507 ostendamus
567 477 693 506 mulieres
707 478 826 507 incautas
839 483 866 506 et

74 520 79 525 '
105 532 115 537 -
123 517 225 546 faciles.
241 518 383 557 Propterea
394 517 552 557 impostores
566 517 712 546 sanctitatis
723 517 793 546 circa
805 527 865 546 mu-

125 555 204 586 lieres
216 556 294 586 facilc
305 567 334 586 se
350 556 550 593 constringunt,
573 557 637 595 quia
655 567 704 586 nec
717 556 865 596 intelligere

96 598 102 604 '
123 595 285 636 imposturas
299 606 392 626 eorum
412 596 490 625 facile
503 603 615 641 possunt
635 595 780 633 mulieres,
801 606 865 625 cum

123 635 177 664 sint
195 636 308 665 incautae
319 647 327 664 t
339 643 365 665 et
378 635 412 665 ad
425 635 596 665 dilectionem
616 646 710 665 eorum
727 635 865 675 religionis

122 675 207 712 gratia
221 675 299 705 facile
315 675 479 705 inclinantur
488 698 496 712 ,
517 687 579 705 cum
592 675 646 705 sint
662 675 757 704 molles
771 675 860 705 corde.

122 715 243 745 Maxime
254 722 341 744 tamen
354 722 510 755 permanent
517 725 578 749 cum
589 714 680 744 viduis
691 714 863 752 mulieribus,

122 761 234 794 propter
245 754 314 784 duas
327 765 431 784 causas.
445 755 566 784 Primum
574 777 581 791 ,
596 755 661 793 quia
673 754 757 784 virita
767 755 866 784 mulier

122 804 171 823 nec
182 795 261 824 facile
274 794 418 834 decipitur,
432 795 533 824 habens
547 794 743 824 consiliatorem
755 794 863 823 virumz

122 832 220 863 deinde
233 844 281 864 nec
295 835 371 864 facile
390 834 423 864 de
437 834 609 863 facultatibus
627 834 684 863 suis
707 833 813 872 aliquid
826 835 864 863 eis
879 840 896 863 B

122 873 180 907 dat,
193 885 255 903 cum
267 874 341 903 sitin
356 880 484 914 potestate
493 873 547 903 viri
560 886 566 902 :
580 873 670 903 viduae
688 880 777 902 autem
787 874 865 904 facile

122 912 294 953 decipiimtur
303 936 311 950 ,
326 924 380 943 non
402 913 529 942 babentes
543 913 738 942 consiliatorem
753 914 844 942 virum
854 937 862 950 ‚

35 968 111 986 xxxvi
121 959 147 982 et
165 953 242 982 facile
255 952 289 982 de
300 953 380 983 rebus
392 953 449 982 suis
462 953 563 982 talibus
577 959 717 992 praestant,
735 963 798 982 cum
812 953 865 983 sint

121 992 224 1022 nullius
243 993 365 1032 potestati
387 993 520 1032 subjectae.
547 994 690 1031 Propterea
713 1002 776 1032 ergo
797 992 864 1022 dum

119 1032 248 1063 Juda‘ieos
257 1032 405 1062 sacerdotes
418 1031 568 1068 confundit,
580 1032 749 1061 Christianos
762 1039 862 1070 monet,

122 1079 151 1101 ut
173 1082 228 1101 non
249 1083 312 1101 cum
332 1071 424 1101 viduis
446 1071 606 1101 mulieribus
626 1072 743 1111 amplius
756 1082 864 1111 perma-

119 1119 208 1149 neant,
221 1122 302 1150 quam
323 1122 386 1141 cum
399 1111 499 1140 caeteris
511 1111 590 1151 :quia
601 1111 650 1140 etsi
661 1111 786 1140 voluntas
804 1122 865 1151 per-

119 1151 245 1180 manendi
255 1151 324 1181 mala
336 1161 388 1180 non
398 1151 490 1187 fuerit,
502 1157 590 1179 tamen
601 1151 719 1190 suspicio
729 1158 768 1180 est
780 1151 860 1182 mala.

121 1192 150 1220 V
146 1202 171 1220 τε
185 1193 272 1220 vobis
283 1213 291 1227 ‚
318 1193 369 1231 qui
392 1191 537 1220 devoratis
560 1191 662 1219 domos
685 1192 843 1220 viduarum
854 1215 861 1228 ,

120 1233 252 1260 oratione
265 1231 354 1271 longa
368 1237 495 1260 orantes.
516 1229 571 1268 Qui
586 1230 726 1260 avaritiam
746 1238 863 1260 vestram

119 1271 259 1310 religionis
269 1271 358 1300 colore
370 1269 525 1310 depingitis,
539 1277 564 1299 et
574 1270 650 1308 quasi
662 1269 771 1300 diabolo
785 1271 863 1300 Chri-

119 1310 154 1339 sti
167 1321 240 1339 arma
251 1311 393 1350 praestatis,
408 1317 438 1339 ut
450 1317 554 1339 ametur
567 1309 711 1348 iniquitas,
725 1310 791 1339 dum
803 1311 862 1350 pie-

119 1356 160 1379 tas
169 1350 326 1387 aestimatur,
337 1350 385 1388 qui
396 1349 483 1388 longis
493 1349 659 1378 orationibus
671 1350 747 1388 quasi
758 1350 862 1389 magnis

120 1389 222 1419 retibus
239 1389 386 1420 viduarum
407 1389 546 1418 facultates
567 1388 685 1428 piscatis.
702 1389 746 1419 Ob
766 1389 795 1418 id
809 1389 861 1418 du-

119 1428 227 1469 pliciter
236 1429 286 1459 rei.
301 1429 423 1459 Primum
442 1428 551 1467 quidem
561 1447 569 1463 ,
605 1439 634 1457 ro
647 1438 696 1465 eo,
712 1428 786 1468 quod
798 1429 862 1458 estis
877 1442 896 1466 C

120 1468 207 1507 iniqui
220 1481 228 1498 ι
239 1469 364 1504 alterum,
378 1479 428 1508 pro
442 1478 484 1503 eo,
497 1467 571 1506 quod
619 1475 739 1497 mentum
749 1469 861 1497 assumi-

119 1508 154 1537 tis
166 1509 318 1538 sanctitatis.
329 1510 377 1537 15.
392 1508 422 1536 V
418 1516 442 1536 (ε
455 1509 549 1543 vobis,
561 1508 663 1536 scriboe
676 1515 704 1536 et
717 1508 863 1536 Pharisaei

119 1549 291 1587 hypocrssoe,
304 1548 356 1587 qui
366 1547 505 1575 clauditis
514 1557 635 1586 regnum
643 1547 780 1575 caelorum
794 1553 863 1576 ante

120 1588 261 1616 homines.
282 1586 352 1617 Vult
366 1586 437 1616 enim
458 1586 589 1615 Dominus
603 1585 757 1622 ostendere,
773 1596 861 1615 sacer-

119 1626 195 1656 dotes
208 1626 367 1657 Judoeorum
377 1626 467 1656 omnia
480 1625 599 1654 avaritiae
613 1635 691 1654 causa
705 1626 802 1661 facere,
814 1622 861 1664 qui

120 1677 168 1706 per
183 1666 338 1706 Scripturas
356 1665 467 1704 quidem
486 1665 586 1694 Christi
607 1665 800 1704 cognoscebant
813 1665 862 1694 ad-

120 1713 238 1742 ventum,
252 1705 454 1735 considerabant
466 1711 565 1740 autem,
580 1704 707 1743 quoniam
724 1704 773 1733 etsi
784 1704 863 1734 Chri-

118 1752 176 1775 stus
198 1746 314 1775 creditus
341 1745 434 1774 suisset
445 1767 452 1781 ‚
481 1743 646 1773 consuetudo
669 1743 861 1779 sacrificiorum

119 1785 316 1815 offerendorum
335 1785 422 1813 fuerat
435 1783 645 1823 exstinguenda,
661 1790 686 1812 et
700 1783 861 1813 sacrificium

115 1825 227 1864 justitia:
244 1825 390 1855 valiturum
415 1836 421 1853 ι
438 1823 508 1853 sicut
528 1822 562 1852 de
586 1822 709 1863 utrisque*
730 1823 860 1864 propheta

29 1874 107 1898 ,28,2,
120 1870 230 1894 testatur
240 1887 248 1901 ,
270 1863 361 1893 dicens
375 1875 382 1892 ι
398 1864 429 1892 A
430 1863 520 1902 fserte
541 1863 667 1891 Domino
691 1862 816 1902 gloriam
832 1869 861 1892 et

119 1904 258 1933 honorem
276 1915 282 1932 :
297 1903 392 1932 tollite
414 1897 538 1937 hostias,
553 1908 581 1931 et
598 1903 717 1930 introite
737 1904 768 1930 in
782 1905 860 1931 atria

118 1945 192 1983 ejus.
210 1943 274 1972 Ideo
293 1953 419 1988 perversa
441 1941 657 1981 interpretatione
672 1948 731 1970 ante
749 1951 860 1981 conspe-

117 1989 191 2012 ctum
204 1982 300 2023 populi
314 1982 475 2012 claudebant
492 1982 603 2021 januam
617 1980 684 2019 legis
700 1987 726 2010 et
740 1981 856 2020 prophe-

117 2029 218 2058 tarum,
228 2022 275 2061 qui
286 2021 321 2051 de
331 2021 448 2051 adventu
456 2021 558 2050 Christi
571 2019 785 2050 manifestissime
793 2031 859 2060 prae-

116 2061 260 2098 dixerunt,
281 2068 339 2091 uta
359 2060 414 2090 fide
430 2060 530 2090 Christi
547 2060 668 2089 homines
687 2067 856 2099 separarent,

116 2101 238 2131 timentes
249 2111 283 2130 ne
294 2101 362 2130 forte
371 2123 379 2137 ‚
396 2099 498 2130 credito
511 2099 618 2129 Christo
627 2120 634 2134 ,
650 2099 701 2139 ipsi
713 2099 857 2129 sacrificio-

116 2151 179 2169 rum
187 2141 368 2169 oblationibus
376 2140 574 2169 fraudarentur.
587 2139 676 2178 Magis
687 2139 758 2168 enim
767 2139 858 2178 cupie-

115 2179 196 2215 bant,
209 2187 254 2215 ut,
268 2180 326 2219 lege
340 2186 461 2208 manente
472 2201 479 2215 ,
494 2179 521 2207 in
542 2189 591 2207 usu
609 2185 694 2207 essent
708 2178 836 2207 sacrificia
847 2201 856 2214 ,

116 2219 215 2257 quibus
234 2219 286 2259 ipsi
310 2218 483 2254 ditabantur,
505 2228 559 2246 non
578 2219 670 2247 Deus:
685 2228 783 2256 quam,
798 2217 856 2256 lege

115 2265 246 2294 cessante,
269 2258 431 2287 sacrificium
451 2257 562 2297 justitiae
585 2256 687 2286 veniret
712 2257 739 2286 in
764 2267 856 2292 usum,

115 2308 169 2337 quo
185 2299 256 2327 Deus
270 2297 434 2333 delectatur,
450 2303 476 2325 et
489 2295 611 2325 homines
627 2295 855 2335 justificabantur.

39 2355 105 2376 gnum
116 2338 239 2382 Regnum
253 2337 325 2366 enim
339 2337 465 2366 caelorum
477 2335 606 2365 dicuntur
618 2336 777 2374 Scripturas,
793 2335 856 2372 quia

46 2380 106 2400 mdi-
116 2377 143 2405 in
162 2377 218 2406 illis
234 2377 363 2406 insertum
376 2383 415 2406 est
429 2385 540 2414 regnum
552 2374 689 2404 caelorum.
711 2375 797 2404 Janua
811 2385 855 2403 eo-

17 2417 44 2432 ⁸‘
50 2411 106 2432 ⁸⁰¹5·
115 2426 188 2452 rum,
204 2416 355 2446 intellectus
365 2426 467 2445 earum.
481 2414 533 2445 Vel
545 2424 655 2452 regnum
666 2419 705 2442 est
717 2413 855 2443 beatitudo

35 2456 40 2463 '
114 2455 235 2493 caelestis,
245 2456 327 2495 janua
339 2462 426 2484 autem
436 2455 495 2494 ejus
505 2460 544 2482 est
553 2453 763 2492 Scriptura‚·per
773 2463 854 2490 quam

114 2495 240 2524 introitur
253 2495 288 2524 ad
301 2505 371 2524 eam.
386 2493 559 2524 Clavicularii
580 2500 668 2521 autem
688 2499 750 2521 sunt
768 2502 855 2521 sacer-

112 2534 198 2570 dotes,
212 2535 312 2572 quibus
324 2534 455 2563 creditum
470 2540 509 2562 est
521 2532 634 2561 verbum
648 2530 761 2560 docendi
773 2538 799 2560 et
811 2532 852 2560 in-

114 2573 276 2611 terpretandi
297 2573 461 2612 Scripturas.
481 2572 574 2602 Clavis
587 2578 674 2600 autem
686 2578 726 2600 est
741 2571 850 2602 verbum

917 179 1034 203 uomit..
1057 180 1150 203 xuv.
1590 183 1660 219 927

916 240 1032 269 scientiae
1046 241 1251 280 scripturarum,
1261 253 1309 283 per
1322 253 1403 282 quam
1414 243 1535 283 aperitur
1547 244 1663 275 bomini-

915 278 968 308 bus
979 279 1062 318 janua
1071 280 1202 310 veritatis.
1220 282 1366 322 Adapertio
1379 290 1468 312 autem
1480 291 1520 313 est
1533 284 1663 324 interpre-

915 318 980 347 tatio
991 329 1066 348 vera.
1083 318 1180 349 Videte
1200 321 1263 358 quia
1274 331 1326 351 non
1339 321 1422 359 dixit,
1437 323 1488 353 Vae
1501 323 1580 353 vobis
1589 346 1598 361 ,
1612 325 1661 362 qui

916 368 969 386 non
984 358 1092 397 aperitis
1106 369 1217 398 regnum
1233 360 1358 390 caelorum
1369 373 1376 391 :
1387 362 1445 399 sed,
1464 363 1522 401 Qui
1542 363 1660 393 claudi-

917 398 964 426 tis.
977 398 1052 437 Ergo
1065 408 1118 427 non
1128 405 1191 428 sunt
1202 399 1349 439 Scripturas
1361 401 1469 438 clausae‚
1484 402 1531 431 sed
1540 402 1661 433 obscurae

916 437 1025 474 quidem
1035 458 1044 474 ‚
1059 443 1090 466 ut
1102 448 1165 466 cum
1185 438 1277 468 labore
1299 440 1469 470 inveniantur
1483 454 1489 470 τ
1504 452 1556 470 non
1571 449 1660 473 autem

916 475 1023 512 clausas,
1039 483 1069 505 ut
1082 477 1159 506 nullo
1171 478 1251 507 modo
1265 479 1446 510 inveniantur.
1457 482 1600 520 Propterea
1616 482 1660 512 di-

915 515 952 544 cit
965 517 1059 545 Petrus
1071 515 1098 544 in
1113 516 1235 556 Epistola
1255 529 1304 547 sua
1314 539 1322 554 ‚
1338 518 1372 547 de
1386 519 1587 559 Scripturarum
1608 522 1660 551 ob-

915 555 1040 584 scuritate
1053 568 1059 584 :
1073 555 1136 594 qnia
1150 557 1220 585 Non
1232 559 1308 586 sicut
1322 557 1420 587 voluit
1442 560 1540 594 homo,
1556 560 1659 601 loquu-
1670 578 1695 593 2.
1713 573 1765 595 Pet.
1782 579 1801 595 ι,

915 599 962 622 tus
981 601 1024 623 est
1043 594 1166 633 Spiritus
1182 607 1190 623 .·
1206 597 1258 625 sed
1270 599 1345 625 sicut
1358 598 1452 627 voluit
1463 599 1601 638 Spiritus,
1617 602 1660 630 ita
1670 609 1711 626 2¹·

917 633 1055 673 loquutus
1080 640 1123 663 est
1148 635 1242 664 homo.
1268 635 1350 665 Ratio
1375 643 1464 666 autem
1490 638 1660 670 obscuritatis

915 673 1059 713 multiplex
1072 681 1121 711 est,
1137 681 1224 703 tamen
1239 674 1424 705 satisfactionis
1439 687 1532 706 causas
1544 677 1660 709 dicimus

917 711 996 742 duas.
1013 713 1144 749 Primum,
1159 714 1222 752 quia
1233 715 1308 743 Deus
1321 714 1389 744 alios
1399 716 1487 752 voluit
1500 727 1555 746 esse
1568 717 1660 747 docto·
1694 732 1812 759 seriptum

915 762 968 788 res,
983 752 1050 782 alios
1062 752 1221 793 discipulos.
1236 755 1266 783 Si
1280 760 1370 783 autem
1384 765 1475 785 omnes
1498 757 1587 786 omnia
1605 758 1658 787 sci-
1670 769 1734 783 mrae
1745 770 1813 790 ‘1¹¹²‘ss

915 798 974 820 rent
986 815 994 828 ‚
1015 791 1110 821 doctor
1128 793 1293 823 necessarius
1306 804 1359 822 non
1380 802 1435 824 erat
1448 807 1455 824 z
1469 802 1494 825 et
1519 795 1580 825 ideo
1594 804 1661 827 esset
1672 793 1778 815 ⁰¹⁵⁵⁰¹¹‘²·

915 841 1006 861 rerum
1019 831 1086 861 ordo
1106 833 1243 862 confusus.
1260 834 1330 863 Nam
1351 833 1386 863 ad
1399 845 1443 863 eos
1455 834 1564 873 quidem
1573 859 1580 872 ,
1593 847 1661 875 quos

915 871 1002 900 voluit
1015 882 1072 901 esse
1094 871 1215 901 doctores
1224 896 1231 908 ‚
1253 873 1292 902 sic
1304 874 1378 902 Deus
1399 874 1466 903 dicit
1484 885 1532 915 per
1553 876 1661 905 Esaiam

916 911 1072 950 prophetam
1084 924 1090 940 :
1105 913 1283 951 Loquimini,
1298 914 1473 950 sacerdotes,
1487 917 1518 943 in
1528 916 1662 945 cordibus
1672 926 1737 948 Esar.
1746 927 1813 956 40³.

914 951 1026 989 populi.
1043 950 1086 980 Ad
1107 962 1153 981 eos
1165 958 1269 987 autem,
1285 963 1352 990 quos
1365 953 1454 983 voluit
1475 953 1602 983 discendo
1616 966 1661 985 co-

915 999 1040 1027 gnoscere
1054 991 1180 1030 mysteria
1203 991 1339 1028 veritatis,
1355 992 1393 1022 sic
1406 992 1472 1022 dicit
1492 993 1519 1022 in
1532 995 1634 1024 cantico
1652 1008 1658 1024 ι

915 1030 1069 1069 Interroga
1081 1037 1193 1069 patrem
1207 1037 1288 1060 tuum
1298 1054 1306 1068 ‚
1320 1038 1348 1060 et
1370 1033 1445 1062 dicet
1460 1034 1512 1061 tibi
1523 1045 1529 1061 :
1540 1036 1661 1072 presby·
1675 1043 1811 1074 oem.32.7.

917 1075 992 1098 teros
1007 1076 1081 1102 tuos,
1094 1077 1122 1099 et
1135 1072 1353 1100 annuntiabunt
1366 1073 1427 1101 tibi.
1441 1073 1478 1102 Et
1489 1073 1558 1102 sicut
1571 1084 1659 1103 sacer-

915 1107 991 1138 dotes
1001 1131 1008 1144 ,
1024 1109 1075 1138 nisi
1100 1111 1204 1139 omnem
1220 1110 1367 1142 ‚veritatem
1391 1112 1618 1143 manifestaverint
1631 1114 1659 1144 in

914 1148 1028 1187 populo,
1044 1148 1147 1178 dabunt
1160 1150 1289 1178 rationem
1303 1150 1331 1179 in
1351 1149 1395 1179 die
1405 1151 1515 1191 judicii,
1530 1152 1599 1182 sicut
1612 1152 1658 1182 di-

914 1187 952 1216 cit
966 1189 1097 1217 Dominus
1110 1188 1145 1217 ad
1157 1189 1323 1218 Ezechielem
1336 1202 1343 1218 ;
1356 1191 1435 1219 Ecce
1448 1192 1658 1230 speculatorem
1670 1203 1753 1225 Ezech.
1770 1203 1794 1226 3.

916 1233 943 1255 te
953 1229 1038 1265 posui
1049 1229 1149 1257 domui
1162 1229 1266 1265 Israel,
1282 1230 1307 1258 si
1321 1240 1380 1258 non
1393 1231 1500 1260 dixeris
1516 1232 1614 1270 1'mpi0,
1628 1240 1658 1262 ut
1673 1242 1709 1265 ¹7·
1724 1234 1761 1258 18-

914 1276 933 1294 a
943 1268 1001 1296 viis
1015 1269 1075 1296 suis
1086 1270 1186 1307 pravis
1196 1269 1337 1304 discedat,
1349 1271 1408 1309 ipse
1425 1271 1542 1310 quidem
1554 1272 1585 1299 in
1598 1276 1659 1302 suis

911 1309 1038 1344 peccatis
1053 1309 1202 1344 morietur,
1216 1309 1346 1337 animam
1361 1315 1458 1338 autem
1472 1311 1535 1349 ejus
1546 1312 1582 1339 de
1596 1322 1658 1341 ma-

914 1355 955 1374 nu
966 1353 1018 1375 tua
1031 1348 1176 1386 requiram
1190 1359 1198 1375 .·
1212 1347 1252 1377 sic
1265 1354 1291 1377 et
1304 1349 1431 1388 populus,
1447 1359 1463 1378 a
1476 1350 1659 1381 saccniotibus

913 1384 964 1414 nisi
978 1385 1103 1416 didicerit
1117 1393 1143 1416 et
1155 1388 1309 1426 cognoverit
1322 1388 1460 1418 veritatem
1469 1411 1476 1423 ‚
1490 1388 1565 1419 dabit
1578 1391 1658 1419 ratio-

914 1435 974 1453 nem
986 1425 1013 1455 in
1025 1425 1185 1464 diejudicii.
1199 1427 1243 1456 Sic
1254 1427 1324 1456 enim
1334 1427 1400 1457 dicit
1411 1428 1547 1468 Sapientia
1559 1429 1593 1458 ad
1605 1441 1656 1470 po-

912 1464 1010 1503 pulum
1023 1477 1029 1493 :
1044 1466 1085 1494 Ec
1098 1467 1291 1495 extendebam
1302 1476 1447 1497 sermones
1456 1478 1546 1503 meos,
1558 1475 1587 1497 et
1596 1480 1656 1498 non
1667 1475 1737 1497 Prov.
1759 1483 1779 1498 t.

913 1504 1076 1533 audiebatis
1088 1516 1099 1533 .-
1113 1505 1179 1533 ideo
1200 1511 1229 1533 et
1246 1515 1298 1545 ego
1322 1507 1354 1535 in
1376 1513 1477 1536 vestra
1515 1509 1656 1538 erditione
1668 1506 1705 1529 ²5·
1717 1508 1755 1530 25·

912 1543 1022 1571 ridebo.
1045 1543 1122 1573 Sicut
1144 1544 1216 1573 enim
1237 1545 1427 1584 paterfamilias
1448 1546 1488 1576 cel
1501 1547 1588 1576 arium
1610 1556 1657 1578 aut

912 1582 1070 1612 vestiarium
1077 1594 1156 1612 suum
1166 1594 1218 1612 non
1229 1584 1310 1613 habet
1321 1585 1473 1625 expositum
1489 1587 1656 1624 cunctis‚sed

912 1621 980 1651 alios
989 1622 1100 1660 quidem
1114 1623 1193 1652 habet
1205 1623 1231 1651 in
1246 1623 1327 1653 domo
1340 1625 1387 1663 qui
1402 1624 1475 1661 dant,
1489 1625 1556 1655 alios
1567 1633 1656 1656 autem

912 1661 958 1729 gui
977 1661 1110 1701 accipiunt
1126 1675 1132 1691 :
1149 1663 1187 1692 sic
1206 1669 1232 1691 et
1253 1663 1280 1692 in
1294 1663 1378 1701 ‘domo
1395 1664 1444 1693 Dei
1466 1664 1513 1694 alii
1534 1673 1596 1694 sunt
1608 1667 1656 1705 qui

932 1708 1018 1737 ocent,
1032 1701 1079 1730 alii
1093 1702 1140 1740 qui
1152 1702 1270 1731 discunt.
1285 1703 1389 1732 Deinde
1402 1704 1542 1733 obscurata
1555 1712 1594 1734 est
1605 1716 1654 1735 no—

913 1739 971 1769 titia
982 1740 1112 1778 veritatis,
1125 1751 1157 1770 ne
1172 1751 1224 1770 non
1239 1748 1292 1770 tam
1307 1742 1380 1772 utilis
1392 1743 1560 1781 inveniatur,
1574 1755 1655 1783 quam

912 1780 1113 1809 contemtibilis.
1130 1781 1328 1811 Contcmtibilis
1341 1782 1412 1811 enim
1432 1790 1488 1819 est,
1507 1783 1530 1812 si
1549 1784 1584 1813 ab
1598 1784 1655 1814 illis

913 1818 1089 1859 intelligatur,
1104 1831 1119 1849 a
1131 1820 1231 1860 quibus
1245 1831 1292 1850 nec
1303 1828 1417 1858 amatur,
1431 1833 1479 1851 nec
1492 1823 1651 1853 custoditur.

913 1859 973 1887 Non
988 1869 1051 1898 ergo
1065 1860 1220 1889 abscondita
1231 1867 1270 1890 est
1284 1861 1311 1890 in
1325 1861 1473 1901 Scripturis
1485 1862 1593 1900 veritas,
1606 1863 1655 1892 sed

913 1898 1025 1927 obscura
1040 1911 1046 1927 ι
1061 1909 1112 1928 non
1128 1906 1157 1928 ut
1169 1910 1220 1928 non
1234 1900 1371 1929 inveniant
1385 1911 1457 1936 eam,
1470 1901 1517 1940 qui
1532 1910 1655 1940 quaerunt

912 1947 981 1974 eam,
994 1938 1041 1967 sed
1053 1946 1082 1967 ut
1092 1939 1295 1977 nonlinveniant
1308 1950 1381 1976 eam,
1403 1941 1450 1979 qui
1464 1952 1582 1980 quaerere
1595 1953 1654 1971 eam

912 1977 1007 2006 nolunt
1022 1990 1028 2006 :
1046 1985 1075 2007 ut
1088 1978 1123 2007 ad
1135 1978 1246 2008 illorum
1261 1979 1369 2018 quidem
1385 1980 1497 2018 gloriam
1509 1982 1653 2020 pertineat,

912 2018 959 2054 qui
974 2017 1115 2047 inveniunt
1129 2029 1186 2048 eam
1199 2040 1206 2055 ‚
1228 2020 1292 2057 quia
1306 2018 1528 2049 desideraverunt
1538 2031 1595 2050 eam
1605 2044 1613 2058 ‚
1628 2028 1655 2050 et

912 2056 1081 2094 quaesierunt‚
1093 2064 1120 2087 et
1131 2058 1290 2088 invenerunt
1301 2070 1308 2087 =
1322 2058 1357 2087 ad
1370 2058 1479 2088 illorum
1493 2066 1581 2089 autem
1591 2071 1653 2089 con-

911 2095 1106 2126 demnationem
1124 2098 1171 2136 qui
1193 2107 1246 2126 non
1269 2098 1409 2127 inveniunt
1432 2109 1508 2136 eam,
1527 2100 1590 2138 quia
1606 2110 1653 2128 nec

911 2134 1131 2166 desideraverunt
1144 2147 1212 2173 eam,
1226 2147 1273 2166 nec
1285 2137 1518 2176 quaesicrunt,>nec
1541 2139 1652 2168 invene-

912 2182 984 2204 runt.
996 2177 1020 2205 N
1023 2186 1051 2205 ec
1063 2183 1148 2215 potest
1157 2177 1195 2206 eis
1208 2187 1266 2207 csse
1278 2177 1416 2206 excusatio
1427 2177 1651 2207 condemnationis

910 2215 1058 2253 ignorantia
1073 2216 1208 2252 veritatis,
1223 2217 1322 2254 quibus
1334 2217 1386 2245 fuit
1397 2216 1549 2245 inveniendi
1564 2216 1651 2245 facul-

910 2261 961 2291 tas,
976 2254 999 2283 si
1014 2255 1107 2284 fuisset
1119 2255 1256 2294 qumrendi
1268 2255 1402 2286 voluntas.
1420 2256 1488 2284 Nam
1503 2255 1525 2283 si
1539 2255 1647 2290 veritas,

910 2293 994 2330 salus,
1006 2301 1031 2323 ct
1045 2294 1099 2323 vita
1113 2302 1152 2324 est
1170 2294 1386 2334 cognoscentium
1404 2305 1431 2323 se
1443 2316 1451 2330 ,
1474 2293 1558 2332 magis
1571 2293 1649 2322 debet

909 2334 993 2371 quaeri
1005 2344 1085 2372 quam
1103 2345 1230 2372 quoerere.
1248 2332 1389 2370 Quomodo
1403 2332 1561 2361 claudebant
1575 2332 1647 2362 Scri-

910 2380 1001 2412 pturas
1014 2373 1182 2402 sacerdotes?
1197 2373 1281 2402 Aliud
1296 2382 1344 2411 pro
1362 2372 1415 2400 alio
1431 2371 1629 2410 interpictantes
1639 2394 1646 2408 ‚

911 2419 1006 2452 utputa
1031 2413 1097 2441 dicit
1117 2413 1227 2442 Esaias:
1243 2414 1307 2449 Ipse
1329 2412 1425 2438 veniet
1450 2410 1607 2446 Dominus,
1623 2418 1773 2446 elEsai.35.

908 2452 1035 2482 salvabit
1048 2462 1110 2480 nos.
1132 2453 1212 2480 Tunc
1226 2452 1390 2489 aperientur
1403 2449 1482 2477 oculi
1494 2459 1646 2487 caecorum,
1659 2451 1738 2483 4--6-

908 2497 937 2520 et
956 2502 1040 2520 aures
1054 2491 1205 2520 surdorum
1217 2491 1375 2528 patebunt,
1389 2494 1417 2517 et
1431 2488 1531 2527 lingua
1556 2496 1648 2518 muto-

908 2541 972 2560 rum
996 2531 1105 2559 diserca
1129 2531 1193 2557 erit.
1221 2529 1283 2557 Haec
1315 2528 1390 2566 signa
1414 2534 1492 2556 erunt
1518 2527 1648 2558 adventus

908 2569 1021 2600 Christi.
1038 2568 1152 2605 Quando
1166 2577 1228 2606 ergo
1243 2566 1373 2595 Dominus
1388 2573 1493 2595 mutum
1507 2566 1610 2598 sanavit
1621 2576 1646 2597 ct
