1890 2826
552 146 596 170 DE
621 146 731 170 MUNDI
757 145 963 179 CREATloNE,
991 146 1095 171 oRA’r.
1123 147 1172 171 VI.

73 204 227 250 νιμώτατοξ
238 204 270 246 ἦν
282 209 348 249 ὑπὲρ
361 209 449 239 πάντα
468 209 504 238 τὰ
516 208 594 248 θηρία
615 210 662 244 τῆς
675 210 739 248 γῆς,
754 208 841 241 καθὼς

73 252 145 285 εἶπεν
158 258 175 291 ἡ
190 254 284 295 Γραφή
295 266 302 273 ·
318 254 353 285 ‘O
366 254 393 283 δὲ
407 254 464 294 ὄφις
478 250 509 291 ἦν
525 253 722 294 φρονιμώτατος
736 253 840 283 πάντων

72 303 124 330 τῶν
136 300 242 341 θηρίων,
256 295 292 330 ὧν
305 299 413 336 ἐποίησε
427 300 523 340 Κύριος
535 302 549 329 ὁ
562 299 640 332 Θεός.

110 342 164 376 Ἦν
176 342 220 376 οὖν
237 346 282 375 καὶ
295 348 348 375 τῶν
362 347 485 385 μιμηλῶν
508 345 684 386 μιμηλότερος
692 366 701 380 ,
720 345 766 375 καὶ
790 346 843 374 τῶν

71 392 263 422 ὓποσαινόντων
278 391 426 432 ἐγγύτερος.
441 391 488 428 Μὴ
512 392 632 432 πρόσχῃς
645 394 685 431 τῇ
698 394 742 420 νῦν
763 390 822 431 ὄψει
834 413 842 428 ,

70 438 110 467 ὅτι
123 437 169 467 καὶ
183 437 311 479 φεύγομεν
320 459 328 473 ,
350 437 395 467 καὶ
413 437 607 477 βδελυττόμεθα
617 449 623 456 ·
650 438 699 466 οὐκ
712 432 744 472 ἦν
758 435 840 470 οὕτως

70 484 117 513 ἀπ’
130 484 225 524 ἀρχῆς.
241 483 325 517 Φίλος
338 479 370 520 ἦν
389 485 403 513 δ
423 483 495 524 ὄφις,
522 483 566 513 καὶ
580 485 633 512 τῶν
646 481 840 513 ὓποσαινόντων

69 529 114 559 τὸν
128 529 262 570 ἄνθρωπον
274 529 419 570 ἐγγύτερος.
434 530 484 564 Τίς
496 525 540 560 οὗν
551 530 628 559 αὐτὸν
640 528 734 569 ἐχθρὸν
747 527 839 564 ἐποίη-

70 587 129 612 σεν;
144 575 179 605 Ἡ
191 578 236 605 τοῦ
248 577 318 606 Θεοῦ
340 576 473 616 ἀπόφασις
483 587 489 594 ·
512 569 725 615 Ἐπικατάρατος
736 573 788 613 γὰρ
806 572 838 603 σὺ

70 620 124 650 ἀπὸ
143 621 250 650 πάντων
264 623 316 650 τῶν
335 621 442 662 θηρίων.
455 621 576 661 Ἔχθραν
597 620 670 656 θήσω
692 619 740 649 ἀνὰ
759 618 838 658 μέσον

70 679 116 696 σου
126 666 171 696 καὶ
183 666 234 696 ἀνὰ
247 666 326 706 μέσον
339 670 387 703 τῆς
399 667 530 707 γυναικός.
545 666 654 702 Ἐκείνη
666 668 683 702 ἡ
696 665 778 706 ἔχθρα
790 664 838 700 τὴν

1569 135 1638 184 579

894 209 1016 248 Serpens
1036 216 1135 239 autem
1153 217 1215 240 erat
1237 211 1376 241 callidior
1397 212 1508 241 cunctis
1527 212 1638 248 bestiis,
1651 222 1708 243 Gen.
1729 221 1752 244 3.
1768 227 1788 243 ι.

895 266 968 295 quas
972 256 1092 296 fecerat
1100 257 1246 286 Dominus
1260 258 1348 287 Deus.

935 348 965 376 2.
974 348 1038 378 Erat
1046 348 1129 387 igitur
1141 354 1167 378 et
1178 348 1301 378 imitandi
1314 355 1340 378 et
1352 348 1510 378 blandiendi
1523 355 1578 378 arte
1588 359 1639 378 cae-

895 393 958 422 teris
984 395 1117 434 superior.
1149 396 1190 424 Ne
1211 394 1332 424 attendas
1360 395 1484 434 praesenti
1506 395 1637 434 aspectui,

895 438 969 477 quod
990 449 1086 479 nempe
1108 440 1197 480 ipsum
1218 441 1355 480 fugiamus
1368 447 1393 469 et
1407 440 1563 470 horreamus
1580 452 1587 468 :
1604 441 1639 469 ab

894 484 971 514 initio
981 485 1019 514 sic
1033 495 1085 514 non
1100 493 1164 515 erat.
1179 486 1289 515 Amicus
1302 492 1357 515 erat
1370 497 1477 525 serpens
1490 493 1515 515 et
1527 485 1638 515 blandi-

894 531 941 561 tiis
954 533 1135 572 propinquus.
1151 533 1220 569 Quis
1231 542 1303 571 ergo*
1312 532 1392 561 illum
1406 532 1546 562 inimicum
1558 532 1639 562 fecit?

894 578 945 607 Dei
967 577 1097 607 sententia
1112 589 1119 606 ε
1135 577 1315 606 Maledictus
1328 577 1401 606 enim
1416 584 1447 606 tu
1464 588 1525 617 proe
1540 580 1635 607 omni·
1652 584 1709 606 Gen.
1722 583 1736 607 3
1754 582 1789 613 ¹4-

895 624 948 652 bus
961 623 1066 652 bestiis.
1081 624 1273 652 Inimicitiam
1285 633 1392 662 ponam
1404 625 1482 652 inter
1492 630 1519 652 te
1529 630 1557 653 et
1573 634 1638 653 mu·
1651 614 1687 637 ¹⁵·

895 668 1166 699 lierem.1nimicitia
1185 668 1232 698 illa
1254 668 1400 698 amicitiam
1419 669 1512 699 solvit.
1534 669 1640 699 Amici-

69 712 157 752 φιλίαν
169 712 254 743 ἔλυσε.
278 712 376 743 Φιλίαν
397 712 484 753 λέγω,
507 714 536 742 οὔ
559 712 608 749 τὴν
626 711 748 751 λογικὴν,
770 710 840 740 ἀλλὰ
849 714 958 757 mtiam
984 714 1058 752 dico,
1082 725 1135 744 non
1157 726 1217 754 quae
1238 715 1341 744 ratione
1358 714 1485 752 ducatur,
1510 714 1557 744 sed
1580 726 1639 754 quae

68 758 117 794 τὴν
129 758 223 795 ἄλογον
232 760 328 798 γνῶσιν
338 771 345 777 ·
357 758 449 799 ὥσπερ
470 759 586 799 σήμερον
598 757 758 787 ἐνδείκνυται
769 756 840 785 κύων
858 765 878 787 Λ
893 759 979 789 hrutae
996 759 1140 789 animantis
1163 759 1330 799 cognitione3
1347 766 1377 788 ut
1390 758 1525 798 hodieque
1547 766 1639 788 osten-

69 804 156 844 φιλίας
171 806 277 844 σχῆμα,
298 805 328 834 οὔ
345 803 429 844 λόγῳ,
443 804 512 834 ἀλλὰ
524 805 621 844 φυσικῇ
633 802 736 839 κινήσει
748 813 756 820 ·
770 801 840 832 οὕτω

68 850 113 879 καὶ
130 852 145 879 ὁ
161 850 218 890 ὄφις
229 849 352 880 ὖπέσαινε
364 850 408 880 τὸν
421 851 566 890 ἄνθρωπον.
578 849 625 883 Ὡς
635 845 680 879 οὖν
691 849 760 888 ἔχων
772 849 840 878 πολ-

67 896 116 932 λὴν
129 896 292 932 οἰκειότητα,
303 896 378 936 ὤφθη
398 898 436 936 τῷ
449 896 564 936 διαὸόλῳ
576 898 612 929 ὡς
623 895 770 931 ἐπιτήδειον
790 894 839 934 ὄρ-

66 954 154 981 γανον,
176 941 251 972 Ἰδὼν
273 937 317 971 οὖν
341 942 425 980 Ἀδὰμ-
437 941 566 982 χαίροντα
577 941 621 971 ἐπὶ
631 943 670 981 τῷ
688 934 766 980 ὄφει,
791 941 840 968 κά-

69 992 153 1017 κεῖνον
166 987 340 1017 ὑποσαίνοντα
351 1009 360 1023 ,
381 988 429 1017 καὶ
446 987 533 1017 πολλὰ
543 989 595 1016 τῶν
608 986 778 1026 ἀνθρωπίνων
792 997 839 1024 μι-

71 1033 214 1072 μούμενον,
225 1033 359 1069 ἐνενόησεν
379 1036 393 1063 ὁ
410 1035 458 1069 τῆς
478 1033 571 1066 κακίας
589 1033 711 1072 τεχνίτης
726 1031 791 1071 ὅπερ
815 1032 840 1060 οἱ

17 1079 21 1085 ’
70 1079 160 1113 δόλους
173 1078 327 1115 πλέκοντες,
341 1079 384 1108 διὰ
397 1081 449 1108 τῶν
465 1079 536 1108 ἰδίων
549 1078 695 1111 νοθεύοντες
705 1079 822 1107 ποιοῦσιν
832 1088 839 1095 ·

69 1125 152 1159 οὖδεὶς
162 1125 214 1165 γὰρ
233 1125 395 1165 περιγίνεται
418 1124 462 1154 διὰ
483 1126 535 1154 τῶν
553 1123 712 1164 ἀλλοτρίων,
732 1123 777 1152 ἐὰν
800 1122 838 1161 μὴ

70 1171 113 1200 διὰ
134 1174 186 1201 τῶν
199 1171 315 1201 οἰκείων·
328 1170 414 1204 καθὼς
425 1166 495 1199 εἶπεν
508 1172 522 1199 ὁ
540 1169 638 1209 Σωτήρ
647 1181 654 1188 ·
678 1168 787 1209 Ἐχθροὶ
800 1171 838 1208 τῷ

70 1217 200 1258 ἀνθρώπῳ
223 1218 248 1246 οἱ
269 1217 383 1247 οἰκιακοὶ
405 1218 494 1246 αὐτοῦ.
515 1217 599 1245 Λαλεῖ
618 1215 704 1245 τοίνυν
727 1214 771 1244 διὰ
791 1217 837 1244 τοῦ
856 1222 874 1245 B

69 1265 150 1304 ὄφεως
162 1264 274 1304 ἔμφασιν
297 1262 444 1303 παρασχὼν
455 1265 494 1302 τῷ
505 1262 597 1301 Ἀδάμ.
619 1262 774 1301 Παρακαλῶ
789 1260 838 1296 τὴν

69 1310 197 1350 ὑμετέραν
223 1309 328 1349 ἀγάπην
341 1331 350 1345 ,
380 1308 419 1348 μὴ
441 1307 600 1348 ’παρέργως
622 1307 762 1347 προσέχειν
784 1311 839 1340 τοῖς

68 1355 227 1394 λεγομένοις.
243 1357 302 1385 Οὔκ
323 1355 379 1385 ἔστι
390 1354 421 1384 τὸ
441 1354 521 1394 τυχὸν
538 1353 659 1392 ζήτημα·
681 1352 774 1383 πολλοὶ
786 1352 838 1392 γὰρ

69 1403 190 1437 ζητοῦσι,
200 1402 258 1434 πῶς
267 1400 395 1436 ἐλάλησεν
406 1402 420 1429 ὁ
430 1400 501 1440 ὄφις·
519 1395 571 1439 ἆρα
581 1398 731 1439 ἀνθρωπίνῃ
743 1400 816 1438 φωνῇ
828 1420 837 1436 ,

69 1446 88 1482 ἢ
108 1449 227 1487 συρισμῷ
245 1447 344 1487 ὄφεως,
367 1445 412 1475 καὶ
436 1445 569 1481 ἐνενόησεν
585 1447 603 1480 ἡ
623 1444 689 1474 Εὕα.
704 1443 739 1475 Ὁ
756 1443 839 1481 Ἀδὰμ

69 1492 122 1533 πρὸ
141 1494 190 1526 τῆς
210 1492 386 1532 παραὸάσεως
400 1491 573 1531 ἐπεπλήρωτο
585 1489 677 1530 σοφίας
696 1489 742 1519 καὶ
763 1490 840 1519 συνέ-

71 1551 135 1572 σεως
156 1538 201 1568 καὶ
222 1538 392 1579 προφητείας.
413 1537 554 1574 Ἐννόησον
574 1537 638 1572 ὅσην
653 1531 709 1575 εἶχε
728 1535 838 1576 σοφίαν,

70 1585 111 1613 ὅτι
122 1584 266 1624 ἐπήρκεσεν
277 1578 411 1623 ἄνθρωπος
422 1578 458 1616 εἷς
467 1605 475 1619 ,
500 1582 656 1611 διδάσκαλον
676 1580 714 1620 μὴ
732 1581 821 1610 λαθὼν
831 1604 840 1618 ,

70 1625 144 1669 παρὰ
166 1630 276 1669 μηδενὸς
295 1628 431 1668 ἀνθρώπου
450 1627 596 1667 διδαχθεὶς,
622 1629 704 1656 θεῖναι
724 1625 840 1664 ὀνόματα

67 1677 137 1709 ὅλοις
159 1680 212 1709 τοῖς
229 1678 374 1710 πετεινοῖς,
395 1674 441 1703 καὶ
465 1677 518 1706 τοῖς
540 1673 615 1707 ζώοις
627 1695 634 1709 ,
658 1671 703 1701 καὶ
725 1676 780 1705 τοῖς
799 1673 839 1711 ἑρ-

67 1726 173 1758 πετοῖς,
213 1720 333 1760 θηρίοις,
363 1719 409 1749 καὶ
439 1723 520 1748 πᾶσιν
548 1719 649 1751 ἁπλῶς.
675 1716 838 1757 Ἀναζωγρά-
855 1732 874 1756 C

69 1779 153 1808 φησον
174 1768 201 1796 ἐν
225 1769 259 1806 τῇ
283 1765 384 1806 διανοίᾳ
398 1777 444 1796 σου
460 1764 494 1794 τὰ
509 1764 564 1801 εἴδη
576 1787 585 1802 ,
607 1763 640 1793 τὰ
651 1763 715 1803 γένη
725 1775 731 1781 ·
749 1762 792 1792 ἵνα
810 1761 837 1792 δὲ

70 1813 205 1852 συντόμως
238 1812 322 1848 εἴπω,
345 1813 460 1842 τοσαῦτα
500 1811 592 1847 ἔθηκεν
621 1809 737 1848 ὀνόματα
748 1830 756 1846 ,
789 1808 838 1838 ὅσα

68 1860 182 1902 σήμερον
202 1861 278 1898 ἡμεῖς
301 1857 368 1897 μετὰ
380 1857 428 1893 τὴν
451 1861 544 1897 πεῖραν
568 1857 726 1896 δευτερῶσαι
746 1857 776 1884 οὐ
791 1855 838 1883 δυ-

66 1907 177 1945 νάμεθα.
199 1905 267 1936 Ὅτε
295 1900 340 1934 οὖν
365 1903 541 1944 προσήνεγκεν
557 1905 571 1932 ὁ
590 1902 657 1935 Θεὸς
673 1901 707 1930 τὰ
725 1902 779 1935 ζῶα
799 1903 838 1940 τῷ

67 1952 217 1992 ἀνθρώπῳ,
243 1954 279 1984 ὡς
299 1951 376 1991 σοφὸς
401 1949 446 1979 καὶ
468 1949 535 1989 ἔχων
559 1949 629 1978 Θεοῦ
650 1950 768 1986 πνεῦμα,
789 1946 838 1983 τὴν

66 1998 179 2028 ἑκάστου
199 1997 317 2033 ἰδιότητα
337 1997 444 2026 ἔὸλιπε.
465 1997 610 2035 Προσεῖχεν
622 1990 666 2023 οὖν
679 1996 717 2033 τῷ
730 1994 788 2033 ὄφει
802 1995 838 2027 ὡς

68 2044 272 2084 φρονιμωτέρῳ,
293 2044 329 2076 ὥς
349 2041 470 2077 αἴσθησιν
482 2041 585 2081 ἔχοντι,
610 2042 646 2074 ὡς
665 2043 766 2069 νοοῦντι
785 2040 838 2069 ἀπὸ

68 2091 203 2129 νευμάτων
226 2090 260 2118 τὰ
281 2088 425 2127 κινήματα.
440 2087 534 2121 Οὕτως
551 2087 654 2127 ἔχοντος
675 2088 720 2115 τοῦ
734 2086 818 2125 Ἀδὰμ
829 2107 837 2121 ,

68 2136 201 2172 ἐνενόησεν
212 2138 226 2164 ὁ
238 2135 359 2173 διάὸολος
373 2134 419 2163 καὶ
431 2136 476 2162 τοῦ
489 2133 571 2173 ὄφεως
583 2132 614 2162 τὸ
627 2131 751 2174 φρόνιμον
763 2154 771 2169 ,
794 2131 838 2161 καὶ

68 2185 114 2211 τοῦ
126 2182 209 2220 Ἀδὰμ.
222 2180 270 2216 τὴν
282 2180 413 2220 πρόληψιν
425 2193 432 2199 ·
453 2175 510 2220 εἶχε
521 2179 572 2219 γὰρ
583 2181 644 2219 περὶ
655 2181 699 2207 τοῦ
710 2179 792 2219 ὄφεως
803 2180 839 2212 ὡς

68 2231 183 2258 συνετοῦ.
198 2227 281 2256 Λαλεῐ
294 2221 338 2255 οὖν
350 2227 382 2254 δι’
397 2227 475 2255 αὐτοῦ
485 2247 493 2261 ,
515 2224 558 2254 ἵνα
571 2225 704 2264 ὑπονοήσῃ
718 2228 732 2254 ὅ
743 2224 837 2263 Ἀδὰμ,
859 2225 876 2247 ἶ)

67 2274 108 2303 ὅτι
119 2273 241 2314 φρόνιμος
254 2271 290 2301 ὢν
302 2274 316 2301 ὁ
327 2271 382 2311 ὄφις
396 2270 554 2311 κατώρθωσε
569 2271 614 2300 καὶ
627 2271 658 2301 τὸ
672 2270 838 2310 μιμήσασθαι

68 2318 117 2354 τὴν
142 2321 188 2348 τοῦ
212 2317 349 2357 ἀνθρώπου
381 2316 477 2356 φωνήν.
507 2316 688 2357 Προσὲρχεται
712 2316 797 2346 τοίνυν
825 2318 839 2346 ὁ

68 2365 133 2404 ὄφις.
154 2365 279 2403 Οὐδαμοῦ
299 2363 326 2392 δὲ
340 2365 357 2398 ἡ
373 2362 466 2403 Γραφὴ
486 2358 544 2391 εἶπε
556 2365 648 2400 τοῦτο,
672 2362 713 2391 ὅτι
726 2365 740 2391 ὁ
753 2362 839 2391 διάὸο·

68 2416 112 2449 λος
125 2416 151 2444 ἐν
173 2416 211 2455 τῷ
225 2414 281 2454 ὄφει
295 2413 422 2449 ἐλάλησεν
434 2435 442 2450 ,
465 2412 533 2442 ἀλλὰ
552 2412 596 2442 καὶ
610 2414 727 2448 Μωῦσῆς
746 2413 837 2446 ἁπλῶς

893 805 936 834 dit
946 805 1020 835 canis
1032 805 1155 835 amicitiae
1165 805 1291 846 speciem,
1306 815 1359 834 non
1370 806 1481 841 ratione,
1496 804 1543 834 sed
1557 811 1639 834 natu-

894 851 945 880 rali
967 858 1042 881 motu
1057 851 1118 881 :sic
1139 858 1165 881 et
1186 861 1295 891 serpens
1312 848 1503 880 blandiebatur
1523 850 1638 880 homini.

893 896 933 927 Ut
943 908 1007 937 ergo
1017 898 1063 936 qui
1076 897 1190 927 multam
1200 896 1409 926 familiaritatem
1428 896 1549 934 haberet,
1563 896 1639 927 visus

894 950 933 972 est
954 942 1064 972 diabolo
1078 954 1134 972 esse
1153 942 1281 972 idoneum
1301 942 1518 972 instrumentum.
1534 942 1639 973 Videns

894 988 978 1028 igitur
991 988 1126 1018 Adamum
1138 995 1260 1028 serpente
1271 988 1411 1026 delectari,
1426 995 1577 1028 serpentem
1596 988 1639 1017 illi

894 1036 1060 1072 abblandiri,
1072 1036 1211 1074 multaque
1230 1046 1265 1064 ex
1284 1035 1411 1064 humanis
1429 1034 1540 1072 imitari,
1555 1046 1638 1065 exco-

895 1083 991 1123 gitavit
1012 1082 1077 1112 mali
1099 1082 1207 1119 artifex,
1231 1089 1262 1112 ut
1282 1082 1325 1111 illi
1349 1082 1397 1121 qui
1420 1081 1498 1113 dolos
1520 1089 1637 1120 nectunt,

895 1129 996 1168 quique
1019 1139 1068 1169 per
1086 1129 1199 1169 propria
1217 1128 1347 1167 cujusque
1367 1128 1502 1168 adrepunt
1527 1140 1535 1156 ε
1560 1138 1638 1158 nemo

895 1173 967 1202 enim
982 1183 1029 1213 per
1040 1179 1176 1209 extranea,
1188 1171 1236 1201 sed
1252 1183 1301 1212 per
1315 1172 1480 1212 propria'res
1493 1173 1559 1202 tales
1573 1183 1637 1203 con-

895 1219 953 1248 ficit
957 1230 967 1257 ;
983 1225 1013 1248 ut
1023 1219 1061 1248 ait
1070 1219 1210 1249 Servator:
1221 1220 1340 1254 Inimici
1350 1219 1476 1248 hominis
1487 1220 1638 1249 domestici
1648 1227 1734 1249 nauh.
1756 1234 1790 1249 ιο.

894 1267 967 1305 ejus.
982 1264 1117 1303 Loquitur
1134 1275 1198 1304 ergo
1212 1275 1260 1304 per
1270 1264 1524 1304 serpentemfncum
1539 1266 1638 1296 faciens
1647 1256 1686 1280 36.

894 1310 1010 1340 Adamo.
1026 1312 1103 1349 Rogo
1116 1317 1234 1341 vestram
1246 1310 1394 1348 caritatem,
1410 1321 1443 1340 ne
1461 1311 1640 1351 perfunctorie

893 1356 1043 1387 attendatis.
1058 1357 1120 1387 Non
1138 1356 1207 1387 levis
1229 1363 1269 1386 est
1284 1357 1406 1396 quaesfid,
1423 1357 1559 1396 quomodo
1578 1368 1633 1387 ser-

892 1413 959 1444 pens
973 1403 1102 1442 loquutus
1119 1402 1154 1432 sit
1160 1413 1169 1440 ;
1184 1412 1218 1431 an
1231 1402 1350 1431 humana
1362 1413 1439 1438 voce,
1454 1413 1487 1432 an
1508 1402 1639 1443 serpentis
1694 1397 1791 1443 ἐι-,μω

895 1449 987 1486 sibilo,
999 1448 1184 1487 intellexitque
1197 1448 1268 1478 Eva.
1284 1447 1371 1478 Adam
1378 1456 1438 1478 ante
1451 1449 1638 1488 transgressio·
1649 1446 1793 1497 &modain-

895 1505 956 1523 nem
975 1494 1072 1534 plenus
1089 1501 1146 1523 erat
1158 1493 1300 1533 sapientia,
1318 1493 1508 1533 intelligentia,
1523 1505 1554 1524 ac
1575 1506 1641 1534 pro-
1649 1512 1731 1535 quum,
1743 1508 1780 1528 su.

895 1540 997 1580 phetia.
1006 1540 1100 1579 Cogita
1112 1546 1210 1578 quanta
1222 1539 1349 1579 praeditus
1362 1547 1431 1569 esset
1445 1540 1585 1580 sapientia,
1594 1541 1640 1579 qui

894 1593 983 1625 posset
994 1596 1064 1614 unus
1077 1585 1154 1614 nullo
1165 1585 1274 1614 homine
1287 1585 1404 1622 doctore,
1418 1586 1527 1614 nomina
1547 1585 1640 1625 impo—

894 1642 956 1660 nere
971 1631 1136 1667 vola-ilibus,
1147 1630 1301 1670 reptilibus,
1313 1631 1387 1667 feris,
1398 1641 1450 1660 uno
1464 1631 1545 1660 verbo
1555 1632 1642 1661 omni·

893 1677 956 1707 bus.
971 1679 1003 1707 In
1017 1683 1104 1706 mente
1117 1684 1168 1706 tua
1176 1676 1292 1716 depinge
1303 1676 1414 1716 species,
1427 1687 1521 1716 genera
1533 1689 1540 1712 ς
1556 1684 1640 1716 utque

894 1723 1052 1764 compendio
1072 1723 1172 1759 dicam,
1192 1729 1232 1752 tot
1251 1722 1391 1763 imposuit,
1406 1730 1472 1762 quot
1491 1723 1573 1753 hodie
1591 1734 1640 1754 nos

893 1778 953 1811 post
962 1769 1152 1810 experientiam
1165 1779 1217 1798 non
1228 1779 1372 1809 possumus
1382 1770 1509 1800 recolere.
1523 1770 1639 1808 Quando

892 1817 975 1857 igitur
987 1818 1058 1846 Deus
1067 1816 1165 1845 obtulit
1175 1815 1302 1844 animalia
1315 1816 1430 1853 homini,
1440 1816 1487 1846 ille
1496 1824 1525 1846 ut
1534 1818 1640 1857 sapiens

893 1874 924 1892 ac
934 1862 985 1892 Dei
995 1862 1120 1903 spiritum
1133 1862 1245 1898 habens,
1260 1861 1433 1902 singulorum
1449 1864 1639 1903 proprietatem

892 1908 1011 1939 videbat.
1027 1906 1222 1937 Animadvertit
1234 1918 1298 1937 vero
1312 1915 1459 1948 serpentem
1474 1909 1639 1938 solertiorem

894 1965 960 1991 esse,
974 1965 1051 1984 sensu
1070 1953 1183 1994 pollere,
1203 1964 1238 1983 ex
1251 1954 1363 1983 nutibus
1376 1961 1464 1983 motus
1477 1954 1560 1984 animi
1573 1966 1639 1995 per-

893 2001 991 2040 cipere.
1007 2002 1076 2031 eum
1090 1999 1129 2029 sic
1148 1999 1235 2029 Adam
1248 2011 1277 2030 se
1291 2001 1410 2036 haberet,
1425 2001 1567 2041 perpendit
1579 2002 1639 2032 dia-

892 2047 972 2076 bolus
985 2054 1011 2076 et
1023 2046 1153 2087 serpentis
1165 2046 1298 2083 astutiam,
1311 2053 1336 2076 et
1349 2047 1447 2076 Adami
1454 2048 1610 2088 opinionem
1626 2061 1634 2078 ε

893 2094 1004 2133 putabat
1019 2094 1090 2122 enim
1109 2099 1255 2132 serpentem
1269 2093 1392 2123 solertem
1406 2104 1472 2123 esse.
1487 2095 1539 2123 Per
1554 2094 1634 2123 illum

894 2149 957 2178 ergo
979 2138 1110 2179 loquitur,
1126 2145 1155 2167 ut
1176 2138 1356 2178 suspicaretur
1376 2139 1463 2168 Adam
1488 2147 1637 2179 serpentem

895 2195 957 2214 cum
970 2195 1052 2224 sagax
1070 2191 1148 2221 esset,
1162 2183 1214 2213 hoc
1234 2185 1389 2224 praestitisse
1403 2192 1432 2214 ut
1445 2192 1471 2214 et
1492 2185 1636 2214 humanam

892 2241 984 2260 vocem
995 2230 1155 2260 imitaretur.
1170 2230 1282 2259 Accedit
1290 2241 1353 2270 ergo
1365 2225 1484 2270 serpensss
1496 2232 1637 2269 Nusquam

891 2287 955 2307 vero
969 2276 1020 2306 hoc
1029 2275 1168 2316 Scriptura
1182 2275 1263 2311 dixit,
1276 2275 1418 2305 diabolum
1431 2286 1526 2315 nempe
1538 2276 1564 2304 in
1580 2286 1636 2304 ser-

890 2329 968 2362 pente
987 2321 1129 2361 loquutum
1149 2332 1216 2358 esse,
1236 2321 1283 2351 sed
1304 2328 1330 2351 et
1350 2323 1458 2361 Moyses
1478 2320 1636 2360 simpliciter

890 2378 946 2397 rem
960 2375 1060 2407 gestam
1073 2366 1215 2397 enarravit.
1230 2367 1390 2406 Diligenter,
1402 2376 1502 2404 quae30‚
1516 2363 1635 2393 animad-

890 2420 975 2444 verte.
988 2413 1087 2443 Paulus
1106 2412 1155 2452 qui
1174 2412 1306 2442 sccundus
1324 2412 1350 2440 in
1366 2410 1489 2451 paradiso
1503 2409 1564 2445 suit,
1586 2419 1634 2438 nec

101 2534 112 2545 ²
129 2525 207 2552 Savil.
215 2524 240 2551 fn
250 2533 328 2558 marg.
337 2536 372 2560 γρ.
383 2528 591 2560 ἁπλῶςπροσέχιιν.
604 2523 681 2550 Paulo
691 2530 748 2558 post
757 2525 823 2551 idem
843 2537 879 2560 γρ,
894 2534 1003 2561 συριγμῷ.
