1890 2826
67 1267 152 1288 marth.
172 1273 207 1288 ιο.

67 1297 89 1319 3.

105 1505 208 1526 Peccato-

95 1544 115 1556 ιη
148 1543 184 1556 „co

65 1568 126 1588 datio
143 1574 196 1588 eme

65 1599 127 1619 dium

224 173 293 216 224

220 246 322 274 clarius
333 238 460 275 refulsuri
487 246 572 275 sunt?
586 255 668 284 quam
681 245 760 275 multi
773 255 808 275 ex
820 245 924 284 magnis
935 251 963 274 et

555 183 583 206 S.
613 182 754 206 JOANNIS
781 181 964 206 CHRYSOST.
994 181 1150 206 Anctilm‘.
1179 183 1450 207 CONSTANTINOP-

1018 246 1132 284 ριφανῶν
1147 245 1242 280 σποδὸς
1256 246 1328 280 ὄντες
1341 245 1387 276 καὶ
1397 246 1478 287 τάφος
1490 247 1673 286 κεκονιαμένος
1681 248 1788 288 εὑρεθή-

222 291 373 321 illustribus
386 291 457 320 nihil
468 291 544 320 aliud
557 301 638 330 quam
651 290 744 331 pulvis
756 301 813 320 esse
826 301 858 320 ac
869 290 963 331 sepul-
982 298 1002 322 1)
1018 302 1118 327 σοντας
1127 290 1263 326 Ἤκουσας
1271 293 1328 326 πῶς
1342 294 1356 322 ὁ
1369 293 1476 326 Παῦλος
1495 292 1586 323 ἑαυτὸν
1599 295 1687 327 κακῶς
1699 293 1770 333 λέγει
1780 315 1788 329 ,
1800 293 1801 297 ’

222 347 300 366 crum
307 336 460 367 dealbatum
468 337 658 378 reperientur?
670 336 790 373 Audisti,
799 347 853 376 qua
862 337 965 366 ratione

223 383 366 414 maledicta
379 383 408 413 in
423 394 451 413 se
465 383 607 424 conjiceret
622 380 742 421 Paulus,
756 383 804 423 qui
818 390 871 413 tam
885 384 967 414 vehe-

222 436 324 459 menter
336 436 362 459 et
375 430 482 470 copiose
504 436 690 470 peccatorum,
705 441 820 470 quorum
835 430 965 460 rationem

222 476 325 505 nullam
338 476 495 506 redditurus
508 483 574 513 erat,
585 476 692 506 assidue
701 476 883 512 meminisset?
895 477 966 507 Nam

221 529 282 552 ante
308 523 473 562 baptismum
498 522 684 563 blasphemus,
706 530 732 553 et
756 523 968 554 contumeliosus

220 567 283 605 fuit,
296 568 344 598 issa
355 579 420 599 vero
433 574 539 609 peccata
550 568 651 607 delevit
662 569 811 610 baptismus
826 581 833 599 =
847 576 963 599 attamen

220 625 314 644 corum
324 615 457 653 meminit,
467 626 519 645 non
530 616 605 657 quod
614 626 708 646 eorum
720 616 849 647 rationem
858 616 894 646 sit
905 615 965 646 red-

219 660 340 699 diturus,
351 661 399 691 sed
412 669 440 692 ut
453 663 503 692 Dei
513 662 705 703 benignitatem
716 663 848 701 ostendat,
858 670 884 693 et
897 674 964 704 qua-

220 707 254 737 lis
266 714 345 746 esset,
360 715 421 738 cu'm
436 709 471 738 ab
484 720 514 739 ea
530 709 579 739 ruit
592 709 620 739 in
634 710 718 739 alium
731 716 923 740 transmutatus
936 717 963 739 et

218 764 253 782 cx
262 761 453 793 persequutore
462 755 546 785 faetus
559 755 796 796 apostolus.·Quod
806 756 829 785 si
841 763 964 797 pcccato-

1020 336 1087 375 μετὰ
1100 338 1276 377 σφοδρότητος
1289 339 1334 368 καὶ
1348 339 1497 379 ὓπερὸολῆς
1510 339 1710 380 ἁμαρτημάτων
1719 362 1728 376 ,
1750 335 1788 369 ὧν

1018 385 1066 413 οὐκ
1076 383 1185 422 ἔμελλεν
1207 384 1315 418 εὐθύνας
1332 384 1440 425 ὑπέχειν
1446 406 1455 422 ,
1476 387 1592 426 συνεχῶς
1603 385 1787 424 μεμνημένον;

1020 430 1184 470 Βλάσφημος
1194 430 1246 471 γὰρ
1257 431 1303 461 καὶ
1317 431 1432 468 διώκτης
1448 431 1494 461 καὶ
1517 430 1645 471 &pio-rh<
1666 431 1719 472 πρὸ
1741 434 1788 461 τοῦ

1020 476 1203 516 βαπτίσματος
1212 473 1244 513 ἦν
1253 499 1261 513 ,
1275 478 1363 506 ἐκεῖνα
1374 477 1402 507 δὲ
1415 476 1449 507 τὰ
1462 476 1645 518 ἁμαρτήματα
1658 476 1735 517 nne:
1756 477 1801 507 τὸ,

1020 522 1160 562 βάπτισμα
1170 535 1176 541 ·
1192 524 1251 553 ἀλλ’
1275 523 1346 563 ὅμως
1360 525 1445 553 αὐτῶν
1460 522 1614 563 μέμνηται,
1635 523 1683 553 οὐκ
1694 522 1786 558 ἐπειδὴ
1832 539 1835 542 ,

1018 567 1095 608 λόγον
1106 568 1216 608 ἔμελλεν
1239 569 1305 609 ὑπὲρ
1325 570 1410 599 αὐτῶν
1424 569 1531 610 ὑπέχειν
1544 592 1552 606 ,
1572 569 1631 598 ἀλλ’
1655 568 1697 598 ἵνα
1716 567 1787 608 δείξῃ

1017 616 1063 643 τοῦ
1081 614 1152 644 θεοῦ
1166 613 1216 650 τὴν
1234 614 1448 655 φιλανθρωπίαν,
1475 614 1520 644 καὶ
1542 613 1620 644 ’τίνα
1631 613 1709 649 ὄντα,
1734 609 1799 643 οἷον·

1017 659 1222 698 κατεσκεύασεν,
1235 660 1288 689 ἀπὸ
1299 660 1410 690 διώκτου
1419 660 1532 697 ποιήσας
1542 660 1698 691 ἀπόστολον.
1711 661 1747 690 Εἰ
1759 659 1786 689 δὲ

1017 707 1114 739 ἐκεῖνος
1130 709 1182 736 τῶν
1201 706 1396 747 ἀφανισθέντων
1415 706 1616 746 ἁμαρτημάτων
1636 706 1786 745 μέμνηται,

1016 753 1108 792 πολλῷ
1128 754 1228 791 μᾶλλον
1241 755 1314 792 ἡμᾶς
1333 755 1386 782 τῶν
1406 752 1473 792 μετὰ
1486 752 1517 782 τὸ
1531 752 1671 792 βάπτισμα
1684 754 1786 792 μεμνῆ-

220 809 279 828 rum
296 799 342 829 ille
355 810 415 838 quse
428 800 516 831 deleta
527 801 645 840 fuerant,
656 801 789 838 meminit,
803 802 890 831 multo
902 813 962 832 ma·
981 803 1001 828 Ε
1018 801 1078 828 σθαι
1103 799 1168 839 χρή·
1191 798 1240 833 Τίς
1263 799 1314 839 γὰρ
1338 802 1401 838 ἦμῖν
1426 798 1556 838 ἀπολογία
1577 798 1668 834 ἔσται,
1687 797 1704 834 ἢ
1724 797 1789 828 ποία

218 845 260 884 gis
281 852 342 885 post
354 846 520 886 baptismum
534 857 582 877 nos
603 854 708 888 oportet
724 848 885 878 meminisse.
901 849 964 886 Qua

218 891 290 920 enim
304 892 451 931 poterimus
464 893 637 923 excusatione
651 894 701 930 uti,
713 904 766 933 qua
780 893 857 933 digni
866 893 964 931 videri,

218 947 281 966 cum
296 937 344 967 illc
357 937 465 967 assidue
479 938 633 973 meminerit
655 948 760 976 eorum,
775 949 835 978 quae
858 939 964 978 judicio

218 992 271 1011 non
283 990 347 1013 sunt
358 983 486 1020 obnoxia,
499 994 548 1013 nos
559 994 623 1013 vero
634 993 750 1023 quorum
761 984 890 1014 rationem
903 984 964 1014 red-

217 1028 304 1059 dituri
318 1040 411 1059 sumus
420 1052 427 1066 ‚
445 1040 476 1059 ea
490 1024 538 1059 nec
553 1030 580 1060 in
595 1030 751 1060 memoriam
764 1030 843 1059 nobis
856 1040 964 1060 revoce-

1017 844 1178 884 συγγνώμη,
1201 844 1263 874 ὅταν
1286 846 1384 878 ἐκεῖνος
1411 844 1460 884 μὲν
1481 846 1535 874 τῶν
1555 844 1700 874 ἀνευθύνων
1725 855 1789 882 μνη-

1019 889 1115 930 μονεύῃ
1136 891 1268 930 συνεχῶς,
1281 893 1359 930 ἡμεῖς
1376 890 1403 920 δὲ
1424 889 1491 929 μηδὲ
1505 885 1542 919 ὧν
1566 889 1698 929 μέλλομεν
1710 889 1788 928 λόγον

1018 936 1136 976 ὓπέχειν,
1151 937 1218 975 μηδὲ
1231 936 1331 966 τούτων
1343 936 1450 970 ἑαυτοὺς
1459 935 1714 975 ὑπομιμνήσκωμεν,
1728 937 1788 965 ἀλλ’

1018 981 1125 1022 ἀφέντες
1151 982 1184 1012 τὰ
1214 984 1299 1013 οἰκεῖα
1313 1006 1321 1020 ,
1346 983 1380 1013 τὰ
1405 982 1532 1022 ἀλλότρια
1554 981 1788 1022 περιεργαζώμεθα

1017 1028 1088 1057 κακά
1095 1039 1104 1064 ;
1118 1028 1130 1067 [
1142 1027 1287 1058 ιιἌκουσον
1299 1028 1344 1058 τὸν
1359 1028 1460 1069 Πέτρον
1474 1028 1584 1068 λέγοντα
1597 1040 1604 1047 ·
1619 1028 1728 1062 Ἔξελθε
1741 1029 1788 1057 ἀπ’

218 1076 472 1116 mus,sedpropriis
482 1076 608 1115 neglectis
619 1077 646 1105 in
656 1077 743 1106 aliena
752 1076 821 1106 mala
831 1077 964 1107 curiosius
971 1097 1010 1117 ,με
1017 1074 1082 1112 ἕμοῧ
1098 1096 1106 1110 ,
1131 1073 1172 1103 ὅτι
1194 1074 1262 1114 ἅνῆρ
1288 1074 1445 1115 ἁμαρτωλός
1466 1075 1550 1114 εἶμι]
1574 1074 1700 1104 Ἄκουσον
1730 1075 1788 1107 mii<

133 1131 146 1154 ξ»
185 1148 190 1153 .
218 1122 384 1160 inquiramus
394 1122 408 1151 Ρ
422 1122 494 1152 Audi
510 1123 619 1152 Petrum
629 1122 760 1152 dicentem
775 1134 782 1151 ι
797 1124 860 1153 Exi
873 1133 893 1152 a
907 1133 963 1161 me,
982 1126 1001 1149 Δ
1017 1119 1063 1150 καὶ
1076 1121 1213 1154 Ματθαῑος
1227 1122 1275 1156 τῆς
1296 1120 1425 1161 προτέρας
1440 1122 1533 1150 ἑαυτοῦ
1547 1124 1689 1161 κατηγορεῖ
1702 1122 1788 1156 ζωῖἥς,

218 1169 289 1209 quia
299 1171 349 1198 vir
354 1175 492 1209 peccator
501 1179 575 1199 sum.
587 1169 660 1198 Audi
670 1180 724 1209 quo
732 1176 809 1209 pacto
819 1170 965 1200 Matthaeus

219 1225 326 1254 quoque
339 1215 457 1255 priorem
470 1226 546 1245 suam
558 1215 642 1246 vitam
655 1222 770 1252 accuset,
786 1222 812 1245 ct
827 1226 855 1246 se
869 1217 963 1257 publi-

218 1271 315 1290 canum
328 1260 456 1300 appellet,
471 1270 557 1300 neque
577 1261 721 1301 divulgare
742 1261 862 1302 priorem
886 1272 963 1292 suam

218 1307 302 1336 vitam
310 1307 532 1337 crubescat.Nam
543 1318 605 1337 cum
616 1314 676 1347 post
684 1307 848 1347 baptismum
858 1308 962 1339 nullius

217 1364 247 1383 se
267 1353 387 1383 criminis
408 1364 534 1383 accusare
554 1360 680 1394 possent,
701 1364 796 1384 eorum
821 1365 881 1393 quae
903 1362 964 1385 ante

220 1407 358 1440 patrarant
374 1400 565 1437 meminerunt,
575 1406 606 1429 ut
616 1410 665 1429 nos
676 1398 802 1430 docerent
812 1400 964 1431 alienorum

218 1447 351 1476 malorum
371 1447 474 1476 nullam
498 1446 597 1475 habere
622 1446 761 1483 rationem,
784 1446 832 1476 sed
854 1448 963 1487 propria

219 1503 322 1530 curare,
337 1504 370 1524 ac
395 1503 500 1533 semper
518 1493 546 1523 in
573 1493 663 1522 animo
689 1492 822 1523 voiutnre.
847 1494 963 1524 Nullum

65 1543 91 1557 ‘¹¹
135 1543 158 1556 ¹*
186 1543 208 1556 ““·
219 1539 290 1569 enim
303 1547 360 1576 est,
387 1539 496 1568 nullum
509 1539 587 1568 aliud
601 1539 654 1568 tale
667 1538 703 1568 ad
723 1546 830 1579 peccata
845 1540 964 1570 tollenda

137 1574 142 1587 ¹
199 1579 384 1621 Remedium,
399 1592 478 1624 atque
501 1585 611 1614 illorum
624 1584 732 1614 assidua
757 1585 919 1623 recordatio,
933 1597 964 1616 ac

219 1638 347 1672 perpetua
374 1631 530 1661 eorumdem
557 1631 702 1660 accusatio.
733 1631 773 1660 Ita
800 1632 964 1672 publicanus

219 1677 357 1707 innumera
372 1677 461 1718 potuit
474 1677 589 1717 abjicere
604 1676 690 1711 mala,
705 1683 734 1706 ut
747 1676 859 1715 diceret,
871 1679 962 1716 Deus,

216 1726 359 1764 propitius
384 1730 445 1754 esto
469 1725 542 1753 mila·
562 1725 708 1763 peccatori
722 1735 730 1752 .·
750 1723 786 1753 ita
812 1724 965 1756 Pharisaeus

217 1770 291 1800 omni
300 1770 408 1811 justitia
421 1770 533 1807 excidit,
546 1769 619 1809 quod
634 1770 757 1799 omittens
770 1781 861 1801 seeum
872 1772 965 1802 animo

216 1823 341 1856 reputare
364 1827 424 1855 quae
439 1822 590 1856 peccasset,
611 1822 698 1846 totum
713 1817 806 1846 orbem
831 1824 963 1848 terrarum

216 1862 416 1898 condemnaret,
424 1861 517 1891 dicens
531 1873 538 1890 τ
553 1862 623 1891 Non
635 1872 700 1892 sum
713 1864 788 1893 sicut
801 1865 898 1893 coeteri
909 1865 963 1893 ho-

217 1909 340 1944 minum,
348 1914 490 1946 raptores,
497 1909 609 1947 injusti,
615 1908 753 1946 adulteri,
763 1919 856 1948 neque
869 1916 901 1939 ut
914 1910 963 1939 hic

215 1954 401 1993 publicanus.
417 1953 523 1983 Idcirco
542 1953 644 1994 Paulus
665 1953 825 1984 admonebat
847 1954 960 1986 dicens:

219 2000 297 2039 Opus
306 2006 405 2029 autem
415 2009 499 2029 suum
508 2003 709 2040 unusquisque
716 2002 829 2040 probet,
837 2009 866 2031 et
875 2004 918 2032 sic
931 2005 963 2032 in

216 2049 369 2085 semetipso
384 2052 498 2075 tantum
520 2046 646 2085 glorIam
660 2047 796 2084 habebit,
811 2054 841 2077 et
851 2059 913 2078 non
931 2052 962 2079 in

217 2092 322 2122 altem.
338 2091 390 2122 Vis
403 2091 505 2120 discere
514 2114 525 2128 ‚
538 2101 593 2130 quo
606 2099 684 2132 pacto
698 2092 726 2121 in
742 2094 835 2123 Veteri
853 2105 962 2134 quoque

217 2138 386 2167 Testamento
403 2137 471 2177 justi
494 2136 594 2177 seipsos
617 2138 777 2176 accusarint,
791 2139 856 2169 andi
880 2140 962 2171 etiam

216 2183 282 2213 istos
294 2177 350 2213 illis
363 2190 536 2213 consentanea
550 2183 696 2223 loquentes.
711 2186 781 2214 Nam
796 2186 885 2216 David
898 2187 960 2226 qui-

217 2229 279 2260 dem
286 2230 410 2260 dicebat:
424 2231 599 2270 Iniquitates
613 2241 682 2259 meoe
693 2241 883 2272 supergressae
891 2241 961 2263 sunt

218 2283 305 2316 caput
319 2286 413 2307 meum
421 2289 434 2311 ,·
448 2277 534 2315 quasi
555 2286 629 2305 onus
643 2286 733 2316 grave
746 2285 877 2317 gravatoe
891 2287 961 2310 sunt

217 2333 303 2362 super
321 2333 377 2352 me.
394 2321 477 2351 Isaias
499 2331 564 2351 vero
582 2322 680 2351 clamat
695 2335 701 2352 ε
719 2324 779 2352 Hei
792 2325 873 2362 mihi,
888 2327 960 2364 quia

218 2370 304 2398 homo
319 2379 384 2398 cum
396 2369 469 2402 sim,
483 2372 512 2396 et
525 2369 675 2397 immunda
693 2368 774 2398 labia
789 2369 909 2400 habens.
926 2371 961 2400 Et

217 2423 272 2445 tres
286 2415 364 2456 pueri
379 2425 442 2444 cum
455 2414 482 2443 iu
497 2414 604 2444 fornace
616 2422 798 2452 versarentur,
813 2423 838 2446 et
851 2424 961 2457 propter

219 2463 307 2491 Deum
329 2461 540 2501 mortimrpora
561 2460 744 2498 tradidissent,
760 2461 829 2491 inter
852 2463 961 2493 ultimos

254 2555 264 2566 ³·
280 2545 353 2571 Colb.
367 2550 416 2571 τίνα
428 2548 482 2572 ὄντα
492 2549 540 2571 τίνα
551 2546 717 2571 κατεσκεύασεν.
767 2575 772 2580 ,

255 2587 268 2605 1»
285 2585 326 2610 Sic
340 2583 452 2610 Colbert.
466 2593 471 2608 z
486 2585 538 2609 haec
550 2592 609 2610 vero
621 2582 724 2608 deerant
737 2585 761 2609 iu
775 2583 868 2616 Euius,
882 2593 931 2618 qua
943 2584 975 2609 de

1017 1165 1064 1195 καὶ
1075 1165 1193 1202 τελώνην
1204 1165 1296 1196 ἑαυτὸν
1307 1167 1399 1203 καλεῖ,
1419 1165 1466 1196 καὶ
1491 1165 1551 1196 οὐδὲ
1569 1165 1724 1206 αἰσχύνεται
1743 1165 1788 1195 τὸν

1016 1210 1143 1252 πρότερον
1157 1212 1332 1251 ἐκπομπεύων
1348 1212 1416 1252 βίον.
1437 1212 1548 1249 Ἐπειδὴ
1562 1212 1614 1253 γὰρ
1628 1212 1701 1243 οὖδὲν
1716 1207 1788 1252 εἶχον

1015 1261 1172 1297 κατηγορεῖν
1186 1259 1286 1287 ἑαυτῶν
1296 1257 1364 1297 μετὰ
1375 1258 1406 1287 τὸ
1420 1258 1574 1298 βάπτισμα,
1589 1260 1640 1288 τῶν
1652 1258 1788 1298 προτέρων

1015 1301 1164 1341 ἐμέμνηντο
1175 1326 1184 1340 ,
1209 1303 1377 1337 παιδεύοντες
1400 1306 1472 1343 ἡμᾶς
1496 1306 1549 1334 τῶν
1570 1303 1618 1343 μὲν
1642 1304 1788 1344 ἀλλοτρίων

1015 1349 1104 1377 κακῶν
1120 1348 1222 1388 μηδένα
1234 1352 1368 1379 ποιεῖσθαι
1375 1349 1466 1389 λόγον,
1480 1349 1515 1380 τὰ
1526 1349 1553 1380 δὲ
1563 1352 1647 1380 οἰκεῖα
1657 1354 1787 1390 μεριμνᾷν

1016 1393 1062 1423 καὶ
1075 1396 1192 1434 συνεχῶς
1206 1394 1387 1435 ἀναστρέφειν.
1412 1396 1454 1426 Οὐ
1475 1395 1526 1436 γάρ
1548 1397 1620 1426 ἐστιν
1632 1419 1640 1434 ,
1655 1397 1703 1426 οὐκ
1716 1396 1787 1426 ἔστιν

1016 1439 1090 1469 οὐδὲν
1102 1440 1190 1480 ἕτερον
1200 1441 1340 1481 φάρμακον
1353 1443 1470 1471 τοιοῦτον
1483 1441 1549 1482 πρὸς
1567 1441 1616 1478 τὴν
1628 1443 1680 1471 τῶν
1697 1443 1787 1482 ἁμαρ-

1016 1486 1143 1525 τημάτων
1156 1486 1289 1527 ἀναίρεσιν
1300 1510 1308 1524 ,
1321 1488 1357 1521 ὡς
1369 1489 1386 1524 ἡ
1399 1487 1511 1528 συνεχὴς
1525 1489 1611 1518 αἰντῶν
1623 1488 1769 1528 ἀνάμνησις
1779 1510 1787 1524 ,

1017 1531 1061 1561 καὶ
1074 1534 1090 1568 ἡ
1106 1531 1238 1568 &mex-he·
1251 1534 1338 1563 αὐτῶν
1352 1533 1510 1575 κατηγορία,
1531 1534 1625 1568 Οὕτως
1638 1537 1652 1565 ὁ
1671 1535 1787 1572 τελώνης

1016 1577 1050 1607 τὰ
1072 1578 1154 1618 μυρία
1173 1578 1292 1615 ἠδυνήθη
1311 1578 1382 1609 κακὰ
1396 1579 1559 1616 ἀποθέσθαι,
1585 1580 1628 1610 ἵνα
1649 1581 1726 1620 εἴπῃ,
1751 1582 1787 1612 ‘O

983 1632 1001 1655 B
1017 1624 1094 1662 Θεὸς,
1106 1624 1228 1661 ἱλάσθητί
1243 1637 1289 1664 μοι
1297 1627 1336 1666 τῷ
1350 1625 1511 1666 ἁμαρτωλῷ·
1523 1625 1626 1660 ὥτωςὸ
1639 1628 1787 1667 Φαρισαῖος

1016 1673 1065 1707 τῆς
1079 1671 1245 1707 δικαιοσύνης
1263 1671 1370 1708 ἁπάσης
1383 1671 1518 1710 ἐξέπεσεν,
1541 1672 1582 1702 ὅτι
1601 1674 1675 1714 ἀφεὶς
1687 1675 1787 1715 λογίζε-

1017 1719 1077 1747 σθαι
1090 1717 1124 1746 τὰ
1138 1718 1209 1757 αὐτῷ
1222 1717 1473 1756 πεπλημμελημένα
1481 1741 1488 1755 ,
1504 1718 1554 1755 τὴν
1567 1721 1721 1759 οἰκουμένην
1740 1733 1787 1750 κα-

1016 1763 1135 1798 τεδίκαζε
1143 1785 1152 1799 ,
1168 1764 1252 1803 λέγων
1261 1776 1267 1783 ·
1283 1765 1343 1794 Οὐκ
1355 1763 1410 1803 εἰμὶ
1429 1766 1466 1798 ὣς
1479 1765 1503 1794 οἲ.
1516 1765 1604 1796 λοιποὶ
1617 1767 1670 1795 τῶν
1684 1768 1787 1808 ἀνθρώ-

1016 1806 1089 1845 πων,
1104 1809 1221 1849 ἅρπαγες
1233 1810 1279 1839 καὶ
1289 1809 1458 1848 πλεονέκται,
1471 1810 1530 1841 οὐδὲ
1543 1814 1580 1846 ὣς
1592 1809 1666 1847 οὗτος
1679 1814 1786 1843 ὁτελώ-

1017 1868 1071 1892 νης.
1085 1855 1137 1885 Διὰ
1149 1856 1277 1886 τοῦτοκαὶ
1285 1858 1299 1886 ὁ
1307 1856 1413 1889 Παῦλος
1420 1857 1533 1897 παρῄνει
1543 1858 1628 1897 λέγων
1636 1871 1643 1877 ·
1655 1859 1788 1893 Ἕκαστος

1017 1902 1044 1932 δὲ
1059 1902 1223 1941 δοκιμαζέτω
1237 1902 1267 1932 τὸ
1287 1904 1380 1931 ἑαυτοῦ
1394 1901 1469 1942 ἔργον
1477 1924 1489 1944 ‚¹
1511 1904 1556 1933 καὶ
1572 1904 1631 1934 τότε
1645 1906 1682 1938 εἰς
1695 1905 1786 1935 ἑαυτὸν

1016 1948 1094 1987 μόνον
1107 1947 1138 1977 τὸ
1150 1947 1278 1988 καύχημα
1290 1947 1341 1982 ἕξει
1351 1969 1359 1983 ,
1379 1947 1423 1977 καὶ
1437 1948 1486 1977 οὔκ
1498 1949 1536 1982 εἰς
1547 1949 1591 1979 τὸν
1609 1950 1707 1990 ἕτερον.
1721 1950 1787 1980 Βού-

1015 1995 1058 2023 λει
1075 1996 1167 2033 μαθεῖν
1180 1994 1226 2023 καὶ
1238 1995 1267 2023 ἐν
1279 1995 1313 2034 τῇ
1326 1992 1438 2033 Παλαιᾷ
1449 1995 1506 2028 πῶς
1520 1996 1545 2024 οἱ
1559 1995 1655 2026 δίκαιοι
1669 1997 1785 2037 κατηγό-

1017 2052 1099 2080 ρησαν
1118 2041 1235 2076 ἑαυτῶν;
1258 2038 1351 2070 Ἄκουε
1367 2039 1412 2069 καὶ
1432 2039 1532 2070 τούτων
1554 2041 1662 2076 ἐκείνοις
1683 2043 1787 2083 συνῳδὰ

1016 2085 1208 2127 φθεγγομένων.
1231 2085 1266 2116 Ὁ
1278 2085 1327 2125 μὲν
1340 2085 1392 2126 γὰρ
1405 2085 1489 2116 Δαυὶδ
1502 2086 1604 2126 ἔλεγεν·
1630 2089 1666 2118 Αἱ
1680 2089 1788 2128 ἀνομίαι

1017 2144 1066 2171 μου
1080 2134 1213 2172 ὖπερῆραν
1236 2131 1286 2168 τὴν
1307 2131 1426 2172 κεφαλήν
1441 2143 1491 2170 μου
1501 2144 1508 2150 ·
1521 2128 1584 2162 ὡσεὶ
1598 2134 1703 2174 φορτίον
1719 2136 1786 2175 βαρὺ

1015 2178 1196 2219 ἐὸαρύνθησαν
1209 2179 1251 2207 ἐπ’
1274 2177 1331 2218 ἐμέ.
1353 2177 1389 2208 ‘O
1409 2177 1437 2207 δὲ
1450 2176 1563 2212 Ἡσαΐας
1576 2178 1640 2208 ἐθόα
1649 2191 1656 2198 ·
1677 2181 1760 2220 Οἴμοι
1771 2184 1787 2211 ὃ

1015 2224 1097 2258 τάλας
1119 2223 1190 2264 ἐγὼ,
1212 2223 1253 2253 ὅτι
1272 2223 1407 2263 ἄνθρωπος
1426 2223 1464 2252 ὢν
1486 2224 1531 2254 καὶ
1553 2225 1691 2266 ἀκάθαρτα
1707 2227 1787 2267 χείλη

1015 2270 1093 2311 ἔχων.
1107 2270 1160 2301 Καὶ
1174 2271 1199 2299 οἱ
1212 2274 1281 2310 τρεῖς
1299 2270 1391 2303 παῖδες
1413 2271 1441 2299 ἐν
1462 2270 1567 2311 καμίνῳ
1589 2273 1766 2312 διατρίὸσντες
1779 2297 1787 2310 ,

1015 2316 1061 2345 καὶ
1075 2316 1108 2346 τὰ
1120 2315 1233 2355 σώματα
1244 2315 1349 2355 θανάτῳ
1364 2315 1407 2346 διὰ
1421 2316 1465 2346 τὸν
1480 2316 1548 2347 Θεὸν
1563 2318 1724 2357 παραδόντες
1735 2341 1743 2356 ,
1759 2321 1787 2349 ἐν

1014 2369 1068 2398 τοῖς
1090 2364 1212 2405 ἐσχάτοις
1233 2366 1286 2393 τῶν
1314 2365 1480 2404 ἁμαρτωλῶν
1508 2365 1616 2399 ἑαυτοὺς
1636 2366 1764 2407 ἧρίθμουν
1777 2390 1786 2404 ,

1013 2413 1200 2454 ‘liudp-rofam,
1215 2413 1387 2452 ἧνομήσαμεν
1395 2437 1404 2451 ,
1422 2414 1555 2453 λέγοντες·
1577 2414 1664 2444 καίτοι
1675 2415 1703 2445 τί
1715 2417 1786 2455 λαμ-

1014 2463 1140 2503 πρότερον
1162 2464 1268 2493 ἐκείνων
1277 2485 1285 2499 ,
1309 2463 1336 2493 τί
1360 2464 1542 2505 καθαρώτερον
1556 2461 1607 2502 ἧη
1631 2466 1684 2496 Καὶ
1697 2466 1747 2506 γὰρ
1762 2469 1786 2497 εἰ

1028 2556 1053 2571 re
1064 2547 1120 2573 vide
1131 2549 1156 2573 iu
1169 2548 1265 2572 Monito
1276 2556 1359 2580 supra.
