1890 2826
516 182 551 205 lN
576 181 690 212 ILLUD,
718 180 788 204 Vtut
817 180 986 213 nomNUM,
1017 181 1138 205 nomi„
1168 183 1217 205 Vl.

94 251 156 280 νοίς.
169 249 182 262 ¹
192 245 298 285 ”Ωσπερ
318 244 369 284 γὰρ
384 244 439 273 ἐκεῖ
463 243 550 282 μεῖζόν
567 244 625 272 ἐστι
645 244 694 278 τῆς
718 243 859 282 ἄγγελικῆς

93 292 167 327 ἀξίας
177 291 208 321 τὸ
220 290 326 330 βλέπειν
340 290 370 319 τὸ
381 288 522 329 πρόσωπον
535 291 581 318 τοῦ
594 288 701 328 Πατρός
711 300 717 307 ·
730 288 799 317 οὕτω
812 289 860 323 τῆς

83 335 145 367 ’τῶν
153 334 290 377 Σεραφεὶμ
300 335 372 370 ἀξίας
386 336 472 374 μεῖζον
482 334 513 363 τὸ
525 334 632 364 ἑστάναι
643 333 732 374 κύκλῳ
741 345 786 363 του
798 332 854 372 θρό-

93 393 146 418 νου,
160 381 206 411 καὶ
225 381 305 420 μέσον
322 381 392 421 ἔχειν
406 379 494 410 αὐτόν.
506 379 586 410 Ἀλλὰ
598 390 676 409 τουτο
689 379 718 408 τὸ
732 378 802 418 μέγα
814 390 860 407 και

1589 171 1647 207 161

910 242 997 282 umjus
1009 249 1048 272 cst
1063 244 1089 272 in
1108 245 1223 274 circuitu
1241 251 1310 275 stare
1329 244 1402 281 solii,
1426 251 1504 283 atque
1521 245 1547 274 in
1563 255 1658 275 eorum

911 287 1000 317 medio
1021 288 1110 328 ipsum
1131 290 1260 320 esse.Sed
1275 297 1301 319 et
1313 289 1365 320 hoc
1376 300 1502 330 magnum
1523 291 1581 320 fieri
1605 300 1655 330 po-

911 339 962 362 test
975 340 1004 362 ut
1012 333 1169 373 adipiscaris
1183 334 1300 366 sivelis:
1314 344 1367 365 nou
1386 335 1458 365 enirn
1475 343 1513 365 est
1527 335 1556 364 in
1568 336 1657 366 medio

911 379 1053 419 Seraphim
1065 386 1179 418 tantum,
1188 381 1234 411 sed
1246 389 1271 412 et
1284 383 1311 411 in
1324 381 1413 411 medio
1426 382 1509 417 nostri
1524 381 1656 422 ipsorum,

93 426 134 457 σοὶ
148 426 256 457 δυνατόν
269 428 350 463 ἐστιν,
362 426 393 455 ἂν
408 425 512 465 ἐθέλῃς,
525 425 624 455 λαὸεῖν.
642 426 682 455 Οὐ
698 424 749 465 γὰρ
763 424 796 460 δὴ
807 435 859 453 των
878 427 895 451 F·
912 424 935 453 si
944 425 1068 454 velimus.
1087 427 1143 455 Ubi
1157 428 1235 456 enim
1248 434 1316 457 sunt
1333 428 1393 457 duo
1405 427 1459 456 vel
1468 434 1525 457 cres
1538 437 1656 468 congre·
1670 442 1754 463 num!
1772 443 1807 465 ,3-

93 474 230 514 Σεραφεὶμ
243 473 320 513 μόνον
335 472 412 512 μέσος
427 472 510 510 ἐστὶν,
521 471 591 501 ἀλλὰ
607 471 652 501 καὶ
671 472 748 510 ἡμων
764 472 860 506 αὐτῶν,

95 532 126 549 αν
145 519 286 558 ἐθέλωμεν.
303 514 344 550 Οὗ
363 517 415 558 γάρ
435 517 487 547 εἶσι
509 517 554 547 δύο
572 516 590 552 ἢ
608 520 693 556 τρεῖς,
706 516 786 556 φησὶ,
801 527 862 545 συν·

95 564 204 605 ηγμένοι
218 566 254 599 εἷς
266 564 297 594 τὸ
306 564 369 603 ἐμὸν
379 564 462 602 ὄνομα
471 586 479 600 ,
491 564 545 592 ἐκεῖ
560 564 615 601 εἰμι
628 563 655 592 ἐν
669 561 742 603 μέσῳ
756 563 841 591 αὐτῶν
855 573 861 580 ·

95 611 158 647 καὶ,
181 610 277 650 Κύριος
291 609 368 650 ἔγγὺς
384 614 439 643 τοῖς
458 608 688 665 συντετριμμένοις
701 611 735 648 τῇ
751 607 863 648 καρδία,

95 657 140 686 καὶ
151 656 211 690 τοὺς
221 655 358 690 ταπεινοὺς
371 657 409 696 τῷ
421 655 553 694 πνεύματι
564 654 652 684 σώσει.
667 654 720 684 Διὰ
730 657 808 684 τοῦτο
819 654 864 683 καὶ

95 705 115 731 6
119 703 225 736 Παῦλος
239 705 304 742 W·
318 701 392 732 Ta*
376 713 430 730 ανω
443 705 579 742 φρονεῖτε,
591 696 621 730 οὗ
637 702 652 730 6
647 699 778 755 ωΧριστός
793 701 881 742 ἐστιν

911 471 985 509 gali,
996 470 1092 509 inquit,
1108 474 1140 500 in
1159 475 1275 503 nomine
1295 483 1368 510 meo,
1386 474 1429 503 ibt
1439 484 1503 503 sum
1518 476 1549 502 in
1564 474 1658 503 medio
1669 478 1706 494 ²⁰·

912 525 1026 552 εον-κως
1038 523 1075 554 et,
1094 518 1235 548 Dominus
1245 521 1334 559 juxta
1348 525 1392 550 est
1403 521 1452 557 iis,
1470 522 1523 560 qui
1533 522 1658 550 contrito
1670 530 1737 551 Psal.
1754 529 1792 552 33.

912 568 981 591 sunt
992 563 1090 600 corde,
1098 569 1127 592 et
1141 565 1266 594 humiles
1276 566 1379 605 spir-itu
1387 566 1525 596 salvabit.
1536 567 1660 606 Propter·
1674 567 1708 591 ¹9-

913 617 944 636 ea
953 607 1049 637 clamat
1054 609 1134 638 etiam
1142 610 1241 640 Paulus
1253 623 1261 640 ε
1275 612 1346 650 Quoe
1357 621 1472 641 sursum
1478 618 1547 642 sunt
1555 614 1659 652 sapite,
1674 624 1761 646 calm.
1778 625 1800 646 3,

915 654 966 682 ubi
977 653 1109 684 Christus
1128 662 1171 684 est
1184 657 1216 684 in
1233 657 1355 686 dextera
1373 658 1431 687 Dei
1450 658 1561 687 sedens.
1575 657 1661 689 vides
1671 661 1694 677 ²·

884 704 945 743 mut
954 708 1002 728 nos
1021 709 1083 728 cum
1099 700 1241 740 Seraphim
1265 702 1397 740 statuerit,
1411 709 1437 732 et
1456 703 1536 742 juxta
1557 703 1661 743 regium

96 747 142 778 ’ἐν
151 747 222 788 δεξιᾷ
231 759 277 777 του
289 749 359 778 Θεοῦ
369 747 526 787 καθήμενος
536 742 611 780 Εἶδες
624 747 680 780 πῶς
688 749 760 785 ἡμᾶς
770 745 864 781 ἔστησε
881 752 900 774 Α
884 724 1014 774 M’solium
1025 744 1169 776 deduxerit
1177 747 1301 777 i'Deinde
1312 749 1438 789 subjicit:
1450 749 1508 778 Sex
1526 750 1584 779 aloe
1597 752 1660 788 uni,
1674 765 1766 787 1³:116
1780 772 1801 786 2,

99 793 166 833 μετὰ
179 796 231 823 τῶν
254 795 290 823 Σ..
281 793 391 834 ραφεὶμ
401 815 409 829 ,
423 792 500 832 ἐγγυς
520 792 626 832 ἀγαγὼν
642 794 689 821 τοῦ
712 791 801 829 θρόνου
819 795 865 821 τοῦ

99 840 254 879 βασιλικῶς
270 835 338 869 lxi-roi.
354 850 433 880 φησιν
442 851 449 857 ·
460 838 512 872 Ἓξ
524 838 652 878 πτέρυγες
665 839 703 878 τῷ
717 837 770 874 ἑνὶ,
782 837 827 867 καὶ
839 837 868 871 ἓξ

98 886 224 925 πτέρυγες
239 887 277 925 τῷ
292 884 369 914 {viss
371 884 380 913 ί
395 887 460 924 ἡμῖν
478 885 505 913 αἱ
519 883 546 918 ἓξ
556 883 681 924 πτέρυγες
693 883 868 913 ἐνδείκνυνται

99 927 185 967 αὗταις
194 930 234 960 Τὸ
242 930 341 970 ὑψηλὸν
350 930 395 960 καὶ
405 929 545 970 μετάρσιον
551 929 597 959 καὶ
603 931 699 969 κοῦφον
707 929 753 958 καὶ
761 929 791 959 τὸ
799 929 867 970 ταχὺ

98 976 204 1007 ἐκείνων
211 977 263 1005 τῶν
273 976 385 1016 φύσεων.
395 975 447 1006 Διὰ
457 977 535 1005 τοῦτο
545 975 590 1004 καὶ
598 977 612 1005 6
622 974 743 1014 Γαὸριὴλ
751 975 869 1005 ὑπόπτε-

100 1033 142 1062 ρος
155 1022 282 1059 κάτεισιν,
293 1023 343 1062 οὔχ
360 1021 401 1051 ὅτι
413 1021 498 1061 πτερὰ.
509 1021 570 1061 περὶ
584 1020 632 1056 τὴν
647 1020 788 1059 ἀσώματον
798 1020 869 1050 ἐκεί-

98 1080 146 1104 νην
166 1068 287 1107 δύναμιν,
300 1071 311 1084 “
321 1069 379 1097 ἀλλ’
399 1067 439 1096 ὅτι
459 1069 489 1096 ἐκ
503 1068 555 1096 τῶν
569 1066 742 1106 ὑψηλοτάτων
756 1068 869 1101 κατῆλθε

99 1113 214 1153 χωρίων,
227 1113 273 1143 καὶ
285 1113 332 1146 τὰς
343 1113 397 1142 ἄνω
411 1112 546 1152 διατριὸὰς
561 1111 635 1151 ἀφεὶς
649 1112 769 1151 ἀφῖκται.
785 1111 822 1141 Τί
841 1112 869 1141 δὲ

101 1162 146 1189 καὶ
165 1162 179 1188 6
194 1159 304 1199 ἀριθμὸς
321 1158 444 1198 βούλεται
456 1159 508 1186 τῶν
527 1157 678 1197 πτερύγωνς
695 1157 826 1187 Ἐνταῦθα
839 1158 868 1187 οὗ

101 1207 140 1235 δεῖ
147 1207 195 1241 τῆς
204 1206 267 1245 παρ’
275 1206 350 1244 ἡμῶν
360 1203 499 1245 ἑρμηνείας
507 1216 513 1223 ·
524 1204 600 1236 αὐτὸς
610 1203 661 1243 γὰρ
671 1203 762 1233 ἑαυτὸν
771 1206 785 1233 6
794 1203 870 1243 λόγος

101 1252 222 1286 ἐπέλυσε,
233 1251 281 1287 τὴν
293 1251 386 1291 χρείαν
401 1253 465 1289 ἡμῖν
486 1251 572 1280 αὐτῶν
583 1249 791 1289 ἐξηγησάμενος·
803 1251 870 1283 Ταῖς

101 1298 152 1338 γὰρ
176 1297 251 1335 δυσὶ,
267 1297 356 1336 φησὶν,
372 1296 518 1326 ἐκάλυπτον
539 1294 727 1335 τὰ*πρόσωπα
750 1297 849 1325 ἑαυτῶν
863 1307 869 1313 ·

99 1344 223 1379 εἰκότως,
242 1342 333 1382 ὥσπερ
350 1342 401 1372 τινὶ
424 1342 509 1382 διπλῷ
533 1340 712 1381 διαφράγματι
732 1340 779 1374 τὰς
799 1341 871 1381 ὄψεις

100 1390 276 1430 τιιχίζουσαι,
289 1387 333 1417 διὰ
345 1388 375 1418 τὸ
390 1387 427 1427 μὴ
442 1387 528 1428 φέρειν
539 1387 588 1423 τὴν
609 1388 639 1416 ἐκ
652 1388 699 1423 τῆς
712 1386 787 1423 δόξης
800 1387 871 1416 ἐκεί-

101 1447 147 1472 νης
160 1435 318 1471 ἐπιπηδῶσαν
331 1432 344 1449 “’
353 1433 500 1474 ἀστραπήν.
512 1433 565 1462 Καὶ
577 1437 634 1466 ταῖς
649 1432 707 1462 δυσὶ
717 1433 777 1466 τοὺς
790 1432 872 1466 πόδας

101 1481 258 1516 ἐκάλυπτον,
274 1483 345 1520 τάχα
366 1478 409 1509 διὰ
421 1478 470 1514 τὴν
484 1477 566 1514 αὐτὴν
581 1477 716 1515 ἔκπληξιν.
732 1478 871 1518 Εἷώθαμεν

101 1527 152 1568 γὰρ
166 1527 211 1557 καὶ
224 1530 317 1566 ἡμεῖς,
339 1526 401 1555 ὅταν
415 1525 466 1554 ὑπό
484 1536 552 1558 τινος
567 1525 683 1563 θάμὸους
697 1527 871 1564 κατασχεθῶ-

101 1586 161 1613 μεν,
172 1573 300 1602 πάντοθεν
313 1570 493 1611 περιστέλλειν
507 1570 537 1599 τὸ
551 1573 637 1609 σῶμα.
654 1570 707 1600 Καὶ
720 1570 746 1599 τί
758 1570 829 1609 λέγω
842 1570 872 1599 τὸ

104 1621 198 1658 σῶμα,
219 1618 284 1647 ὅπου
295 1629 325 1657 γε
337 1617 382 1656 καὶ
393 1616 464 1652 αὐτὴ
479 1618 496 1652 ἡ
512 1615 584 1656 ψυχὴ
599 1618 676 1645 τοῦτο
692 1618 832 1645 οπαθοῦσα
845 1617 872 1644 ἐν

103 1669 162 1698 ταῖς
180 1663 405 1704 ὓπερὸαλλούσαις
427 1661 601 1702 ἐπιφανείαις,
622 1661 727 1695 καὶτὰς
742 1661 872 1701 ἐνεργείας

103 1712 198 1746 ἑαυτῆς
212 1709 389 1743 συνέλκουσα,
407 1707 471 1747 πρὸς
485 1707 515 1736 τὸ
534 1707 611 1745 βάθος
631 1706 791 1747 καταφεύγει
800 1729 808 1743 ,
822 1719 871 1736 κα-

104 1757 188 1796 θάπερ
206 1755 257 1785 τινὶ
273 1753 434 1794 περιὸολαίῳ
455 1755 493 1793 τῷ
514 1753 619 1791 σώματι
638 1753 732 1789 ἑαυτὴν
746 1752 872 1781 πάντοθεν

103 1801 326 1842 περιστέλλουσας
341 1799 420 1829 Ἀλλὰ
442 1799 479 1838 μή
501 1810 540 1831 τις
559 1798 684 1834 ἔκπληξιν
705 1797 750 1827 καὶ
773 1797 873 1836 θάμὸος

103 1847 215 1882 ἀκούων,
234 1847 302 1882 ἀηδῆ
319 1856 378 1874 τινα
396 1844 510 1883 ἀγωνίαν
524 1846 615 1878 αὐταῖς
635 1843 782 1883 ἐγγίνεσθαι
796 1854 871 1882 νομι-

103 1893 169 1930 ζέτω
180 1906 186 1911 ·
198 1893 243 1923 καὶ
255 1891 306 1932 γὰρ
320 1891 388 1930 μετὰ
400 1893 448 1927 τῆς
461 1889 612 1926 ἐκπλήξεως
625 1890 722 1926 ταύτης
735 1890 780 1919 καὶΙ
791 1889 871 1925 ἡδονή

103 1952 143 1974 τις
154 1939 283 1980 ἀφόρητος
301 1936 450 1977 κεκραμένη
469 1936 536 1965 ἔστί.
552 1937 620 1969 Ταῖς
639 1935 666 1965 δὲ
688 1935 761 1965 δυσὶν
783 1935 796 1952 ‘¹
809 1935 873 1965 ἐπέ-

103 1996 188 2014 τοντο.
211 1983 263 2014 Καὶ
276 1986 353 2013 τοῦτο
367 1986 475 2021 σημεῖον
498 1984 543 2011 τοῦ
558 1983 610 2010 τῶν
631 1982 738 2021 ὑψηλῶν
755 1981 872 2022 ἐφίεσθαι

104 2032 232 2071 συνεγῶς,
252 2030 297 2059 καὶ
312 2029 444 2068 μηδέποτε
459 2028 532 2057 κάτω
549 2026 662 2067 βλέπειν.
686 2027 738 2056 Καὶ
762 2027 870 2067 ἐκέκρα-

103 2089 148 2116 γεν
161 2065 248 2116 ἔτερος
258 2075 322 2116 πρὸς
335 2075 378 2104 τὸν
392 2073 480 2114 ἕτερον
491 2085 497 2091 ·
510 2073 582 2112 ἅγιος
591 2095 600 2109 ,
615 2073 703 2112 ἅγιος,
719 2073 798 2113 ἅγιος.
818 2074 871 2103 Καὶ

103 2125 121 2158 ἡ
132 2122 234 2162 κραυγὴ
248 2121 328 2151 πάλιν
337 2123 383 2150 τοῦ
398 2120 529 2158 θαύματος
544 2122 608 2158 ἡμῖν
619 2120 715 2159 δεῖγμα
730 2119 852 2159 μέγιστον
864 2132 870 2138 ·

106 2168 167 2197 οὐδὲ
175 2168 227 2207 γὰρ
241 2169 332 2201 ἁπλῶς
344 2169 479 2206 ὑμνοῦσιν,
495 2165 563 2195 ἀλλὰ
582 2165 649 2211 μετὰ
664 2168 781 2206 κραυγῆς
796 2167 870 2205 ἰσχυ-

102 2218 152 2253 ’ρᾶς
162 2225 169 2231 ·
183 2213 228 2242 καὶ
240 2213 299 2242 οὐδὲ
314 2213 381 2252 μετὰ
395 2214 511 2252 κραυγῆς
524 2212 628 2249 ἅπλῶς,
645 2211 713 2240 ἀλλὰ
729 2212 773 2240 καὶ
788 2212 871 2256 διηνε-

105 2261 158 2292 κῶς
177 2261 254 2287 τοῦτο
270 2261 381 2288 ποιοῦσι.
396 2258 440 2287 Τὰ
454 2258 502 2296 μὲν
517 2258 567 2298 γὰρ
587 2258 699 2298 λαμπρὰ
714 2259 765 2287 τῶν
782 2258 866 2297 σωμά-

105 2320 167 2346 των,
180 2308 229 2337 κᾶν
244 2309 300 2346 μεθ’
312 2308 458 2347 ὓπερὸολῆς
469 2304 486 2348 ᾗ
499 2307 626 2348 λαμπρὰ,
640 2308 699 2337 τότε
713 2311 783 2346 ἡμᾶς
796 2309 873 2347 μόνον

106 2357 262 2393 ἐκπλήττειν
283 2357 385 2393 εἴωθεν,
399 2357 460 2387 ὅταν
472 2359 576 2397 πρῶτον
596 2360 682 2387 αὐτῶν
704 2363 761 2391 ταῖς
782 2359 871 2398 ὄψεσιν

137 2468 148 2481 ‘
165 2461 242 2487 Savil.
253 2464 327 2495 ὥσπερ
339 2465 383 2495 γάρ
395 2464 490 2487 ἐνταῦθα
500 2466 586 2493 μεῖζον.

139 2501 150 2520 5
167 2501 238 2526 Unus
247 2499 324 2525 habet
335 2503 358 2525 lv
369 2503 429 2532 διξιᾷ
441 2503 479 2526 τοῦ
490 2504 577 2535 πατρὸς
587 2503 640 2526 καθ.

139 2547 150 2559 ⁸
167 2540 214 2564 Aut
223 2541 275 2565 ἀλλ’
288 2542 323 2565 ἶνα
335 2541 393 2572 δείξῃ
406 2544 438 2572 τῷ
450 2544 555 2573 προφήτῃ
565 2542 600 2565 ὅτι
609 2542 634 2564 ἐκ
646 2544 699 2565 τῶν.

142 2579 155 2598 b
174 2578 300 2613 Ᾰπρκπνζν,
313 2580 349 2604 διὰ
358 2582 424 2605 τοῦτο
437 2582 473 2603 καὶ
484 2580 533 2607 τοῦ,-
542 2580 611 2607 nabas
623 2581 754 2613 ἐκάλυπτον,
764 2579 799 2604 sic
812 2579 866 2612 qui-

916 796 944 819 et
962 800 1014 819 sex
1032 791 1089 821 aloe
1107 792 1203 822 alteri.
1219 793 1294 830 Quid
1313 795 1391 824 nobis
1408 795 1468 824 hae
1462 806 1509 825 ex
1528 796 1577 825 alae
1589 796 1663 825 desi-

917 837 1016 876 gnant?
1032 833 1221 877 Alffludinem,
1235 840 1440 878 sublimitatem,
1453 842 1602 878 levitatem,
1616 853 1661 872 cc-

916 883 1047 913 leritatem
1068 891 1225 915 naturarum
1246 886 1368 916 illarum.
1392 889 1534 927 Propterea
1551 889 1664 919 Gabriel

916 939 1024 968 quoque
1044 929 1182 960 descendit
1200 932 1299 970 alatus,
1316 943 1368 962 non
1382 933 1456 972 quod
1470 934 1520 963 alis
1537 935 1665 965 instructa

916 973 951 1002 sit
963 972 1119 1013 incorporea
1142 974 1188 1004 illa
1209 982 1315 1013 natura,
1330 976 1378 1006 sed
1391 976 1465 1015 quod
1479 977 1513 1006 ab
1527 978 1666 1008 altissimis

918 1016 984 1046 locis
997 1017 1053 1046 illis
1063 1017 1242 1056 descenderit,
1252 1030 1282 1049 ac
1292 1021 1416 1060 supernis
1427 1021 1483 1051 illis
1490 1023 1666 1052 conventibus

918 1062 1018 1091 relictis
1036 1063 1186 1093 advenerit.
1206 1065 1281 1102 Quid
1302 1073 1391 1096 autem
1409 1067 1462 1096 sibi
1482 1068 1542 1098 vult
1562 1069 1667 1098 alarum

919 1117 1046 1137 numerus
1054 1108 1068 1137 Ξ)
1080 1109 1207 1139 Hoc-1000
1221 1118 1310 1140 nostra
1320 1111 1537 1152 interpretatione
1549 1114 1619 1143 nihil
1627 1121 1667 1144 est

919 1164 987 1193 opus
1002 1166 1009 1183 :
1026 1154 1140 1194 seipsam
1161 1156 1234 1185 enim
1253 1156 1339 1187 oratio
1361 1158 1424 1188 satis
1443 1160 1586 1199 exposuit,
1605 1171 1668 1190 cum

919 1200 1030 1229 illarum
1044 1201 1215 1231 nohisusum
1227 1202 1356 1232 indicavit
1370 1216 1377 1232 ι
1395 1203 1518 1235 Duabus
1532 1207 1615 1244 enim,
1626 1207 1667 1236 in-

920 1246 990 1284 quit,
1001 1248 1168 1286 operiebant
1171 1248 1288 1288 faciem
1299 1259 1397 1286 suam,·
1407 1251 1514 1289 merito,
1530 1259 1665 1291 tamquam

920 1291 1013 1321 oculos
1023 1291 1126 1332 duplici
1135 1293 1255 1332 quodam
1269 1302 1343 1335 septo
1357 1296 1515 1334 munientes,
1530 1299 1603 1338 quod
1616 1309 1667 1328 ex-

921 1338 1053 1368 silientem
1066 1339 1101 1368 ab
1114 1340 1162 1369 illa
1176 1341 1263 1381 gloria
1278 1342 1411 1382 fulgorem
1430 1343 1540 1374 minime
1556 1346 1665 1375 ferrent.

920 1385 962 1415 Et
975 1385 1089 1414 duabus
1106 1386 1194 1425 pedes
1217 1389 1402 1426 obtegebant,
1417 1390 1453 1419 ob
1466 1390 1585 1420 eamdem
1599 1391 1667 1422 sorte

921 1431 1169 1461 consternationem.
1184 1433 1306 1463 Solemus
1327 1434 1428 1475 quippe
1450 1446 1497 1466 nos
1512 1436 1593 1466 etiam
1605 1448 1666 1467 cum

921 1485 1016 1519 stupor
1029 1478 1127 1518 aliquis
1141 1489 1189 1509 nos
1203 1479 1341 1519 invaserit,
1351 1492 1449 1522 corpus
1460 1482 1533 1512 omni
1544 1494 1578 1513 ex
1591 1491 1667 1524 parte

921 1524 1081 1564 contingere.
1097 1525 1171 1562 Quid
1183 1536 1281 1566 corpus
1294 1526 1355 1556 dico
1365 1550 1374 1565 ‚
1388 1538 1450 1557 cum
1463 1535 1489 1558 et
1507 1529 1558 1568 ipsi
1573 1530 1667 1559 animae

922 1569 973 1599 hoc
984 1570 1120 1611 contingat
1130 1571 1157 1600 in
1166 1572 1379 1612 apparitionibus
1388 1585 1447 1613 quae
1460 1575 1570 1604 modum
1592 1586 1668 1606 exce-

921 1615 1006 1654 dunt,
1026 1623 1053 1646 et
1073 1618 1200 1657 repressis
1227 1618 1376 1649 actionibus
1399 1621 1456 1650 suis
1479 1621 1514 1651 ad
1541 1622 1667 1652 inferiora

922 1663 1068 1703 confugiat,
1079 1674 1158 1702 seque
1175 1675 1286 1705 corpore
1306 1672 1441 1705 tamquam
1454 1667 1537 1708 pallio
1550 1668 1667 1708 quodam

922 1708 1076 1738 obvolvat?
1098 1710 1292 1739 Verumtamen
1314 1721 1391 1740 nemo
1409 1723 1471 1742 cum
1485 1720 1623 1754 stuporem
1642 1721 1668 1743 et

923 1753 1161 1783 consternationem
1172 1754 1259 1792 audit,
1274 1755 1376 1785 tristem
1390 1757 1508 1796 aliquem
1524 1759 1599 1788 illis
1590 1770 1666 1800 mge-

921 1799 1010 1828 nerari
1030 1798 1153 1828 timorem
1174 1799 1339 1830 arbitretur:
1352 1801 1486 1841 siquidem
1512 1803 1577 1833 huic
1604 1815 1667 1834 con-

920 1846 1074 1875 sternationi
1083 1846 1210 1876 immensa
1220 1847 1342 1886 quaedam
1357 1849 1481 1890 voluptas
1489 1857 1528 1879 est
1535 1851 1666 1881 admixta.

922 1893 1046 1922 Duabus
1066 1899 1163 1922 autem
1185 1894 1340 1923 volabant.
1356 1895 1392 1924 Et
1412 1895 1464 1925 hoc
1482 1896 1613 1927 indicium
1629 1905 1668 1927 est

921 1950 966 1969 eos
978 1939 1106 1969 sublimia
1118 1950 1223 1980 semper
1236 1948 1369 1980 appetere,
1385 1951 1433 1971 nec
1448 1953 1574 1982 umquam
1587 1943 1665 1974 deor·
1767 1949 1780 1961 ¹

922 1997 982 2015 sum
999 1985 1139 2026 respicere.
1148 1987 1190 2016 Ec
1203 1986 1351 2016 clamabat
1374 1989 1451 2017 alter
1469 1990 1510 2018 ad
1529 1990 1664 2027 alterum,
1678 2011 1736 2032 [bid.
1750 2019 1768 2032 v*
1782 2012 1804 2033 3.

921 2033 1056 2068 Sanctus,
1070 2039 1200 2067 sanctus,
1216 2040 1346 2063 sanctus.
1364 2034 1400 2064 Et
1413 2035 1470 2075 ipse
1488 2035 1588 2066 clamor
1606 2048 1666 2066 rur-

923 2090 968 2109 sus
982 2079 1167 2109 admirationis
1186 2080 1318 2110 indicium
1339 2081 1417 2111 nobis
1437 2089 1476 2111 est
1494 2083 1664 2113 maximum:

922 2136 975 2155 non
990 2126 1062 2156 enim
1081 2126 1178 2165 quovis
1199 2126 1280 2156 modo
1307 2127 1449 2157 concinunt
1465 2128 1607 2168 hymnum,
1621 2129 1667 2158 sed

923 2183 984 2202 cum
998 2172 1113 2202 clamore
1126 2172 1232 2211 valido;
1249 2183 1334 2212 neque
1352 2184 1414 2203 cum
1426 2174 1541 2204 clamore
1559 2175 1666 2215 simpli-

922 2219 999 2256 citer,
1014 2218 1061 2248 sed
1073 2225 1100 2248 et
1110 2229 1214 2259 semper
1227 2219 1278 2248 hoc
1290 2220 1420 2250 factitant.
1436 2220 1509 2251 Nam
1526 2221 1667 2261 splendida

890 2263 909 2285 D
923 2264 1032 2305 quidem
1046 2275 1168 2304 corpora,
1179 2265 1302 2304 quamvis
1313 2277 1394 2306 supra
1402 2266 1512 2296 modum
1520 2268 1667 2307 sintsplen-

924 2312 1000 2350 dida,
1014 2319 1073 2341 tum
1087 2309 1176 2340 s'olum
1190 2322 1238 2340 nos
1251 2311 1287 2341 ad
1300 2312 1501 2342 admirationem
1516 2313 1600 2342 solent
1613 2320 1668 2342 tra-

925 2359 1022 2389 ducere
1033 2382 1041 2397 ,
1064 2369 1126 2388 cum
1140 2369 1169 2387 ea
1182 2358 1302 2398 primum
1319 2359 1406 2388 oculis
1430 2361 1646 2399 usurp-'iverimus
1661 2372 1667 2388 :

886 1252 902 1275 B

915 2463 975 2488 dam
986 2463 1044 2488 Mss.

948 2510 959 2522 θ
976 2505 1082 2528 Πειθοῖ-’σα
1102 2505 1146 2527 ἀπὸ
1158 2507 1198 2530 τῆς
1209 2504 1280 2535 ἄκρας
1288 2503 1412 2535 ἐπιφανείας
1423 2503 1463 2529 τὰς
1472 2503 1581 2534 ἐνεργείας
1592 2504 1668 2533 αὐτῆς,

915 2542 950 2566 sic
962 2540 1064 2574 quidam
1076 2541 1133 2564 Mss.
1145 2540 1204 2564 Haec
1215 2538 1289 2564 lectio
1301 2544 1368 2563 certe
1381 2546 1431 2562 non
1443 2538 1590 2571 spernenda.

949 2581 960 2599 d
981 2579 1026 2605 Alii
1037 2583 1152 2607 ἐπέ-παντο,
1160 2579 1229 2604 Unus
1239 2577 1302 2602 infra
1315 2576 1389 2602 habet
1400 2581 1475 2613 ἔτερον
1483 2582 1539 2612 πρὸς
1548 2583 1573 2606 τὸ
1584 2583 1668 2615 ἕτερον.
