1890 2826
694 185 728 207 ιΝ
757 183 886 216 usnam,
916 183 991 206 car.
1022 184 1055 207 v.

106 246 226 283 πλησίον,
250 245 369 285 καθάπερ
382 248 436 286 πῦρ
457 247 509 286 ὁδῷ
533 246 645 285 βαδίζον,
667 246 735 275 οὕτω
758 245 816 278 τοὺς
840 246 870 273 ἐκ

105 293 227 331 γειτόνων
245 291 346 325 πάντας
369 291 560 331 ἐπινεμόμενοι.
584 292 631 328 Μὴ
655 291 775 327 οἰκήσετε
796 290 871 329 μόνοι

105 338 149 368 ἐπὶ
164 339 210 373 τῆς
222 339 291 377 γῆς;
308 337 441 374 Ἠκούσθη
455 337 507 378 γὰρ
526 341 570 367 νῦν
590 339 627 371 εἰς
639 337 674 366 τὰ
693 331 753 366 ὦτα
772 335 870 376 Κυρίου

105 384 220 414 Σαὸαὼθ
243 387 338 414 ταῦτα.
358 384 494 414 Δείκνυσιν
519 384 633 419 ἀνόνητα
653 383 801 422 κάμνοντας
826 381 871 411 καὶ
890 387 906 409 Ε

105 431 163 469 εἰκῇ
177 430 222 459 καὶ
244 430 340 469 μάτην.
355 430 466 466 Ἐπειδὴ
486 430 537 470 γὰρ
550 431 600 470 οὐχ
618 429 700 462 οὕτως
714 430 741 458 αἱ
753 427 873 460 κολάσεις

105 475 150 505 καὶ
163 477 190 505 αἱ
210 476 334 516 τιμωρίαι
346 475 406 510 τοὺς
427 476 558 511 τοιούτους
571 479 679 516 ἀγαγεῖν
693 475 824 511 εἰώθασιν,
837 476 873 508 ὡς

106 522 136 551 τὸ
150 524 241 561 μαθεῖν
251 522 380 562 ἀκριὸῶς,
394 522 435 552 ὅτι
454 523 502 552 οὔκ
517 522 711 552 ἀπολαύσονται
724 523 771 557 τῆς
782 521 872 560 ἁρπα-

105 570 170 604 γῆς,
193 567 292 602 ταύτην
310 569 398 601 αὔτοῖς
416 568 508 608 ἐπάγει
528 568 576 604 τὴν
591 567 712 604 ἀπειλὴν,
725 567 819 606 λέγων,
831 566 872 595 ὅτι

105 617 250 653 καμοῦνται
269 614 316 653 μὲν
337 614 382 644 καὶ
395 615 645 655 ταλαιπωρήσουσι,
665 614 710 644 καὶ
722 613 770 650 τὴν
786 614 872 653 ἁμαρ·
885 627 908 646 5⁶

102 659 161 688 τίαν
175 659 362 700 καρπώσονται
373 681 381 695 ,
394 662 442 696 τῆς
455 660 483 690 δὲ
497 660 667 694 ἀπολαύσεως
688 662 869 690 ἐκπεσοῦνται.
887 655 905 678 A

104 707 163 735 Οὔκ
179 706 337 746 ἐφησυχάζει
350 707 411 747 γὰρ,
423 706 498 746 φησὶ,
511 711 565 740 τοῖς
575 706 720 746 γινομένοις
731 708 745 735 ὁ
757 705 871 744 ἀκοίμη-

104 763 149 785 τος
158 751 299 792 ὀφθαλμός.
309 751 349 782 Τὸ
363 752 407 788 δὲ,
422 752 556 788 Ἠκούσθη
571 756 626 788 νῦν,
642 754 692 793 οὔχ
702 754 738 785 ὥς
749 752 808 781 τότε
820 752 872 780 τῶν

107 798 271 838 πραγμάτων
289 798 427 838 γνωρίμων
438 798 587 838 γενομένων
602 801 673 839 αὐτῷ
687 798 770 828 ταῦτά
784 809 872 839 φησιν,

105 845 165 874 ἀλλ’
177 847 214 878 ὡς
225 846 273 880 τῆς
291 844 365 880 δίκης
382 845 450 874 κατὰ
464 845 546 879 πόδας
558 844 647 882 ἰούσης
659 845 760 880 λοιπὸν,
769 845 874 880 καὶτῆς

107 891 303 924 ἀνταποδόσεως
322 891 469 930 γινομένης.
490 891 556 922 Ἐὰν
575 891 626 932 γὰρ
647 892 773 932 γένωνται
793 891 873 922 οἰκίαι

106 937 212 973 πολλαὶ,
223 938 260 970 εἷς
269 937 366 977 ἔρημον
377 937 480 967 ἔσονται
491 938 604 976 μεγάλαι
613 938 658 967 καὶ
672 938 761 973 καλαὶ,
772 938 817 967 καὶ
827 940 875 967 οὔκ

107 983 211 1013 ἔσονται
231 984 255 1012 οἱ
270 987 452 1018 κατοικοῦντες
474 985 501 1013 ἔν
525 985 624 1017 αὐταῖς.
644 986 771 1014 Τοιοῦτον
785 984 837 1024 γὰρ
857 987 874 1020 ἡ

105 1029 242 1064 πλεονεξία
252 1042 258 1048 ·
273 1029 336 1059 ὅταν
348 1030 456 1059 πλείονα
474 1030 622 1070 περιὸάλλῃ
642 1035 695 1064 τοῖς
709 1030 800 1070 ἔχουσι
809 1053 816 1067 ,
831 1030 876 1059 καὶ

106 1077 159 1105 τῶν
171 1075 305 1116 προτέρων
315 1075 408 1109 αὖτοὺς
422 1075 555 1115 ἐξήγαγεν.
565 1075 602 1106 “O
615 1075 646 1111 δὴ
661 1075 706 1105 καὶ
716 1077 828 1105 ἐνταῦθα
838 1077 876 1105 αἷ-

108 1122 223 1151 νίττεται
234 1121 328 1161 λέγων,
340 1121 380 1150 ὅτι
392 1121 453 1150 ὅταν
465 1122 656 1160 οἷκοδομήσητε
672 1123 802 1161 λαμπρῶς
811 1143 818 1157 ,
832 1120 877 1150 καὶ

109 1167 144 1197 τὰ
154 1167 259 1196 πάντων
270 1168 343 1206 ὑμῶν
353 1169 439 1197 αὐτῶν
451 1167 596 1203 ποιήσησθε
604 1190 612 1203 ,
624 1168 684 1197 τότε
696 1168 741 1197 καὶ
752 1171 804 1197 τῶν
813 1180 877 1208 προ-

105 1212 190 1253 τέρων
204 1213 394 1249 ἀποστήσεσθε.
411 1213 464 1242 Καὶ
479 1213 621 1249 στήσονται
635 1215 661 1243 αἱ
676 1213 756 1243 οἰκίαι
772 1214 877 1250 οἰκήτο-

111 1271 157 1298 ρας
168 1258 216 1297 μὲν
228 1259 276 1288 οὐκ
287 1259 394 1299 ἔχουσαι
403 1280 412 1294 ,
423 1258 567 1298 σάλπιγγος
579 1259 606 1289 δὲ
619 1259 708 1295 πάσης
727 1258 877 1300 λαμπροτέ-
893 1263 910 1286 Β

106 1317 157 1345 ραν
169 1306 287 1345 ἀφιεῖσαι
300 1304 388 1344 φωνὴν
401 1305 470 1334 κατὰ
482 1305 535 1333 τῶν
545 1305 618 1345 παρὰ
631 1305 680 1341 τὴν
693 1305 778 1346 ἀρχὴν
792 1308 877 1346 ἡρπα-

109 1351 193 1380 κότων
207 1350 300 1387 αὐτὰς,
319 1353 366 1386 τῆς
380 1350 538 1390 ἐρημώσεως
552 1353 600 1386 τ’ἥς
615 1352 806 1391 ἐπιτεταμένης
819 1352 877 1382 ἀντὶ

109 1395 236 1437 τροπαίου
259 1396 328 1430 τινὸς
351 1396 516 1436 φαινομένης.
539 1392 580 1426 Οῧ
604 1396 655 1437 γὰρ
669 1399 797 1437 ἐργῶνται
813 1397 876 1427 δέκα

108 1443 190 1483 ζεύγη
206 1444 283 1483 βοῶν,
296 1442 403 1478 ποιήσει
416 1443 541 1483 κεράμιον
560 1443 586 1472 ἕν
599 1455 605 1462 ·
620 1444 665 1473 καὶ
677 1446 692 1473 ὁ
703 1444 817 1484 σπείρων
830 1446 877 1483 ἀρ·

109 1490 191 1523 τάὸας
210 1489 252 1525 ἓξ,
267 1489 373 1525 ποιήσει
387 1489 471 1529 μέτρα
484 1489 553 1529 τρία.
569 1490 633 1520 Ἀπὸ
646 1492 694 1526 τ’ῆς
711 1490 812 1524 πόλεως
831 1491 876 1520 ἐπὶ

109 1537 156 1573 τὴν
171 1538 218 1571 τῆς
235 1535 324 1575 χώρας
338 1534 450 1575 ἐρημίαν
464 1536 549 1575 ἐξάγει
568 1536 612 1565 τὸν
625 1535 712 1576 λόγον,
725 1536 794 1566 ὥστε
807 1537 875 1566 ποίν-

109 1582 182 1609 τοθεν
197 1581 362 1616 καταπλῆξαι
373 1581 416 1610 τὸν
431 1581 574 1621 ἀκροατήν.
588 1581 660 1611 Οὔτε
673 1582 724 1623 γὰρ
739 1583 766 1611 αἱ
779 1583 876 1619 οἰκίαι,

111 1627 191 1666 φησὶ,
204 1626 340 1660 καθέξουσι
353 1626 411 1659 τοὶις
426 1628 589 1660 ἐνοικοῦντας
597 1651 604 1664 ,
618 1627 678 1657 οὔτε
689 1631 706 1664 ἡ
719 1630 754 1668 γῆ
765 1628 813 1665 τὴν
827 1631 877 1658 αὐ-

112 1674 159 1707 τῆς
179 1672 333 1706 ἐπιδείξεται
353 1672 474 1711 δύναμινε
485 1673 539 1702 Καὶ
560 1673 611 1713 γὰρ
632 1673 659 1707 ἐξ
674 1676 758 1714 ἀρχῆς
771 1674 815 1704 διὰ
829 1675 877 1711 τὴν

112 1719 157 1746 τοῦ
173 1716 256 1756 Ἀδὰμ
269 1717 400 1757 ἁμαρτίαν
413 1718 526 1751 ἀκάνθας
537 1718 582 1747 καὶ
595 1718 730 1758 τριὸόλους
743 1720 878 1759 ἐξήνεγκε·

112 1763 157 1792 καὶ
172 1765 229 1801 μετ’
245 1764 351 1798 ἐκεῖνον,
362 1763 405 1792 διὰ
414 1762 461 1799 τὴν
476 1766 521 1793 τοῦ
534 1763 600 1792 Κάῖν
615 1765 791 1804 παρανομίαν,
805 1764 880 1794 ἐλάτ-

111 1821 175 1838 τονα
196 1810 287 1849 πολλῷ
300 1810 311 1824 '
322 1809 366 1838 τὸν
389 1808 468 1838 πόνον
489 1809 534 1838 τὸν
547 1809 646 1839 ἐκείνου
660 1810 705 1839 καὶ
719 1813 767 1846 τῆς
783 1811 880 1845 οἰκείας

114 1855 203 1896 ἰσχύος
215 1855 264 1892 τὴν
280 1854 360 1895 φορὰν
383 1855 558 1884 ἐπεδείκνυτο.
573 1855 626 1884 Καὶ
639 1857 779 1897 ’πολλαχοῦ
794 1857 822 1886 δὲ
836 1859 880 1887 ἀλ-

113 1902 196 1942 λαχοῦ
216 1901 266 1930 ἴδοι
284 1913 323 1934 τις
344 1901 375 1930 ἂν
397 1901 439 1930 διὰ
458 1901 505 1934 τὰς
523 1903 576 1930 τῶν
591 1902 735 1942 ἀνθρώπων
749 1902 880 1943 ἁμαρτίας

114 1947 195 1983 αὐτὴν
218 1946 407 1986 κολαζομένην.
426 1947 478 1976 Καὶ
491 1946 518 1975 τί
531 1947 686 1986 θαυμάζεις,
701 1949 724 1977 εἰ
738 1953 819 1988 πηροῖ
833 1948 880 1982 τὰς

113 1993 190 2033 γονὰς
204 1994 284 2028 αὐτῆς
304 1992 349 2022 καὶ
362 1992 409 2026 τὰς
422 1993 516 2026 ὠδῖνας
538 1995 590 2022 τῶν
604 1993 748 2033 ἀνθρώπων
761 1997 777 2030 ἡ
791 2007 880 2035 παρα-

114 2039 208 2078 νομία,
230 2039 294 2068 ὅπου
317 2050 346 2077 γε
369 2038 414 2068 καὶ
434 2038 536 2079 φθαρτὴ
552 2039 585 2068 δι’
601 2041 674 2078 ἡμᾶς
697 2039 799 2079 ἐγένετο
813 2063 820 2077 ,
836 2041 880 2070 καὶ

114 2084 244 2124 ἄφθαρτος
261 2084 342 2113 πάλιν
356 2085 389 2113 δι’
403 2087 474 2123 ἡμᾶς
487 2084 604 2123 γίνεται;
619 2084 730 2121 Ἐπειδὴ
744 2085 795 2126 γὰρ
816 2087 881 2120 ὅλως

115 2130 145 2159 τὸ
159 2126 224 2159 εἶναι
238 2130 271 2159 δι’
283 2133 354 2169 ἡμᾶς
373 2129 452 2159 ἔλαὸε
465 2130 510 2159 καὶ
523 2130 570 2166 τὴν
591 2130 722 2171 ἡμετέραν
740 2132 882 2169 διακονίαν,

115 2176 160 2205 καὶ
171 2176 202 2204 τὸ
211 2175 293 2209 οὕτως
304 2176 321 2211 ἢ
333 2175 437 2209 ἐκείνως
450 2172 516 2205 εἶναι
528 2177 608 2206 πάλιν
623 2178 738 2207 ἐντεῦθεν
752 2178 883 2216 λαμέάνει

117 2221 165 2256 τὴν
188 2220 273 2260 ἀρχὴν
298 2222 343 2250 καὶ
365 2221 414 2258 τὴν
439 2221 519 2261 ῥίζαν.
533 2222 613 2252 Οὕτω
633 2225 695 2262 γοῦν
714 2223 758 2253 καὶ
777 2223 821 2253 ἐπὶ
836 2227 881 2253 τοῦ

118 2267 187 2296 Νῶε.
199 2266 310 2303 Ἐπειδὴ
322 2268 386 2307 πρὸς
401 2268 496 2297 κακίαν
509 2269 624 2309 Ξοχάτην
638 2269 759 2303 ἐξώκειλε
773 2272 825 2299 τῶν
838 2272 881 2300 ἀν-

119 2311 229 2352 θρώπων
242 2315 260 2348 ἡ
279 2311 370 2352 φύσις,
388 2313 475 2343 πάντα
489 2314 598 2354 ἑφύρετο
612 2314 645 2344 τὰ
658 2315 804 2355 πράγματα
815 2337 824 2351 ,
837 2317 882 2346 καὶ

118 2358 274 2398 σπέρματα,
295 2358 339 2388 καὶ
355 2358 438 2399 φυτὰ,
457 2361 502 2389 καὶ
521 2360 622 2400 ἀλόγων
637 2360 717 2400 γένη,
731 2362 776 2391 καὶ
791 2365 807 2399 ἡ
828 2365 862 2403 γῆ
872 2386 880 2400 ,

1620 172 1667 208 65

922 243 982 273 dias
991 244 1124 284 proximis
1135 246 1289 281 moliantur,
1305 246 1351 284 qui
1365 252 1393 275 ut
1405 246 1476 286 ignis
1488 255 1622 285 grassans.
1634 245 1668 274 ita

922 289 1026 319 vicinos
1035 299 1125 319 omnes
1134 291 1259 331 spoliant.
1270 291 1424 331 Numquid
1431 292 1602 320 habitabitis
1612 292 1669 320 soli

923 346 1009 375 super·
1030 340 1156 366 terram?
1171 339 1200 367 9.
1217 337 1334 367 Audita
1358 344 1426 367 sunt
1444 339 1522 366 enim
1547 347 1624 366 nunc
1638 339 1669 366 in

926 384 1046 412 aur-ibus
1070 384 1192 412 Domini
1209 384 1340 414 Sabaoth
1364 384 1437 412 hoec.
1460 382 1584 413 Ostendit
1607 383 1669 413 illos

923 428 1021 458 frustra
1040 428 1163 458 laborare
1176 436 1201 459 et
1213 429 1291 459 nullo
1314 429 1415 459 fructu.
1429 429 1500 466 Quia
1521 429 1593 458 enim
1615 440 1668 458 non

923 474 959 503 ita
969 474 1102 514 supplicia
1115 482 1141 504 et
1154 475 1289 504 cruciatus
1306 474 1464 515 hujusmodi
1484 474 1606 504 homines
1620 475 1669 503 ab-

924 519 1021 549 ducere
1035 520 1130 557 solent,
1147 528 1176 550 ut
1189 532 1250 550 cum
1264 521 1349 561 probe
1361 520 1517 557 didicerint,
1530 531 1558 550 se
1569 520 1669 560 rapinae

924 566 1041 595 fructum
1056 577 1108 596 non
1119 575 1302 608 percepturos,
1318 567 1387 596 hanc
1398 566 1425 595 in
1435 577 1480 596 eos
1493 567 1545 596 fert
1557 566 1670 596 commi-

925 613 1060 642 nationem
1083 613 1174 643 dicens
1184 637 1191 651 ‚
1215 614 1288 654 ipsos
1315 613 1482 643 laboraturos
1492 636 1499 650 ‚
1515 620 1542 642 et
1554 612 1671 642 miseriis

924 659 1030 688 affectos
1048 667 1186 699 peccatum
1204 659 1369 689 admissuros
1379 682 1387 696 ‚
1401 659 1447 689 sed
1460 660 1495 689 ab
1508 659 1566 699 ejus
1580 671 1630 689 usu
1645 666 1671 689 ct

922 705 1012 734 fructu
1025 705 1147 745 lapsuros
1157 716 1223 735 esse.
1236 707 1296 735 Nou
1312 706 1385 735 enim
1406 706 1536 735 insomnis
1549 706 1596 735 ille
1607 710 1671 735 ocu-

923 751 967 780 lus
981 751 1081 781 talibus
1094 748 1160 781 visis
1183 752 1349 782 facinoribus
1362 749 1490 791 quiescet.
1507 751 1583 781 Illud
1595 763 1671 788 vero,

924 797 1041 826 Audita
1053 804 1120 827 sunt
1133 808 1221 834 nunc,
1234 808 1286 827 non
1296 797 1363 827 dicit
1375 798 1452 836 quasi
1466 805 1530 828 tune
1542 809 1583 827 res
1594 805 1672 838 gestae

924 850 993 872 notae
1006 843 1058 872 sibi
1069 850 1168 885 essent2
1189 843 1237 873 sed
1250 844 1328 883 quasi
1345 844 1413 873 ultio
1428 855 1442 873 e
1455 844 1567 884 vestigio
1581 855 1673 883 seque-

924 896 1010 926 retur,
1022 890 1219 929 retributioque
1233 890 1351 920 instaret.
1363 890 1394 919 Si
1405 891 1604 932 enimsuerint
1617 891 1671 920 do-

926 946 988 966 mus
995 937 1107 973 mulne,
1119 941 1150 965 in
1159 938 1347 966 solitudinem
1356 944 1441 966 erunt
1448 948 1562 977 magnoe
1572 938 1672 978 etpal-

926 983 1014 1019 σὴν-α’,
1032 993 1084 1011 nec
1093 991 1179 1012 erunt
1191 985 1242 1023 qui
1257 983 1389 1012 habitent
1399 985 1431 1012 in
1442 986 1492 1013 eis.
1510 983 1673 1024 Hujusmodi

926 1033 966 1056 est
975 1027 1085 1056 avaritia
1099 1039 1179 1057 :cum
1193 1028 1273 1067 plura
1287 1028 1485 1068 possessoribus
1499 1028 1586 1066 addit,
1601 1030 1673 1070 ipsos

927 1072 1007 1102 etiam
1019 1083 1052 1102 ex
1062 1073 1138 1113 prius
1162 1074 1293 1114 possessis
1317 1073 1419 1114 dejicitv
1446 1074 1527 1111 Quod
1538 1075 1616 1104 etiam
1629 1075 1674 1105 hic

928 1118 1080 1148 subindicat
1094 1120 1184 1149 dicens
1201 1131 1208 1148 t
1222 1121 1292 1150 Cum
1305 1120 1446 1160 splendide
1457 1120 1655 1151 aedificaveritis
1664 1145 1672 1159 ,

929 1171 955 1194 et
964 1165 1084 1194 omnium
1100 1166 1171 1195 bona
1182 1166 1264 1195 vobis
1277 1166 1453 1204 corraserifis,
1467 1174 1533 1197 tunc
1546 1168 1626 1198 etiam
1641 1169 1674 1198 ab

929 1210 974 1246 iis,
1001 1220 1060 1248 quae
1086 1210 1163 1250 prius
1185 1210 1336 1249 habebatis,
1362 1212 1500 1242 excidetis.
1516 1215 1551 1243 Et
1568 1215 1676 1244 stabunt

929 1256 999 1286 aedes
1012 1257 1102 1286 nullos
1113 1257 1274 1286 habitatores
1287 1257 1426 1295 habentes,
1438 1259 1486 1289 sed
1499 1260 1562 1289 tuba
1577 1260 1675 1290 clario-

930 1313 986 1332 rem
1001 1303 1148 1332 emittentes
1174 1313 1268 1332 vocem
1288 1310 1379 1332 contra
1400 1314 1444 1333 eos
1467 1305 1515 1344 qui
1530 1306 1590 1335 illas
1600 1307 1676 1347 prius

928 1355 1083 1388 rapuerant,
1102 1349 1226 1378 vastitate
1248 1348 1296 1378 illa
1309 1355 1381 1378 tanta
1395 1350 1487 1390 tropaei
1501 1351 1586 1381 instar
1595 1353 1674 1381 exhi-

928 1394 995 1423 bita.
1005 1395 1051 1423 10.
1066 1395 1121 1424 Ubi
1130 1396 1208 1423 enim
1218 1401 1379 1434 operantur
1390 1395 1488 1426 decem
1495 1399 1569 1438 juga
1578 1400 1674 1437 boum,

925 1440 1020 1480 faciet
1034 1441 1223 1480 lagunculam
1242 1452 1331 1470 unam
1345 1452 1352 1470 =
1365 1445 1454 1483 etqui
1463 1446 1588 1474 seminat
1598 1453 1677 1476 arta-

929 1488 981 1516 bas
994 1496 1056 1524 sex,
1071 1487 1170 1528 faciet
1191 1497 1340 1517 mensuras
1362 1494 1429 1518 tres.
1444 1489 1485 1519 Ab
1497 1490 1564 1520 urbe
1578 1491 1605 1520 in
1617 1493 1676 1532 agri

928 1532 1078 1562 vastitatem
1094 1542 1242 1562 sermonem
1261 1532 1362 1571 educit,
1373 1534 1410 1563 ita
1422 1541 1451 1564 ut
1461 1536 1582 1575 undique
1595 1538 1677 1567 audi-

927 1585 1012 1607 torem
1023 1578 1161 1618 percellat.
1177 1579 1270 1617 Neque
1285 1578 1355 1608 enim
1369 1579 1476 1618 domus,
1491 1581 1589 1621 inquit,
1603 1584 1677 1613 habi-

928 1632 1028 1655 tatores
1037 1625 1209 1662 detinebunt,
1216 1635 1302 1664 neque
1313 1631 1382 1655 terra
1393 1638 1468 1657 suam
1480 1629 1600 1659 ostendet
1611 1631 1676 1659 nati-

930 1683 992 1702 vam
1003 1672 1140 1701 virtutem.
1153 1671 1261 1700 Etenim
1273 1672 1307 1701 ab
1321 1672 1397 1702 initio
1410 1674 1445 1702 oh
1457 1674 1522 1703 Adae
1536 1683 1675 1715 peccatum

929 1717 1020 1757 spinas
1033 1723 1059 1746 et
1073 1716 1188 1745 tribulos
1200 1717 1331 1756 protulit;
1344 1728 1375 1746 ac
1390 1727 1450 1758 post
1460 1719 1551 1757 illum,
1564 1729 1676 1761 propter

929 1762 1005 1791 Ca'l'ni
1026 1761 1195 1799 iniquitatem
1205 1783 1213 1796 ‚
1227 1761 1313 1790 multo
1331 1762 1462 1793 minorem
1475 1776 1555 1804 quam
1570 1767 1675 1797 labores

904 1816 914 1838 2
930 1810 989 1847 ejus
998 1807 1140 1847 exigebant
1150 1830 1157 1844 ,
1173 1814 1198 1836 et
1212 1818 1292 1846 quam
1303 1808 1345 1837 vis
1359 1809 1447 1840 nativa
1462 1817 1538 1840 terrae
1551 1814 1675 1852 postula-

930 1854 976 1883 bat
986 1876 994 1891 ‚
1009 1859 1170 1894 proventum
1189 1853 1265 1883 tulit.
1290 1855 1418 1894 Saepeque
1440 1856 1506 1886 alibi
1530 1858 1623 1889 videre
1637 1867 1676 1890 est

930 1906 1027 1929 terram
1035 1899 1070 1928 ob
1079 1905 1186 1939 peccata
1192 1899 1332 1928 hominum
1342 1900 1475 1940 plecti.Et
1482 1903 1550 1941 quid
1557 1906 1674 1942 miraris,

931 1945 953 1974 si
964 1945 1091 1984 iniquitas
1110 1951 1185 1974 terrae
1199 1945 1362 1975 fertilitatem
1376 1947 1508 1978 obtundat
1521 1949 1676 1981 hominum-

931 2001 984 2030 que
996 1990 1195 2027 fecunditatem,
1208 1990 1316 2029 quando
1327 1991 1406 2021 etiam
1415 2001 1526 2034 propter
1532 2006 1580 2025 nos
1588 2007 1677 2027 corru-

931 2036 1036 2076 ptibilis
1050 2036 1119 2065 facta
1131 2043 1182 2073 est,
1196 2043 1222 2066 et
1236 2043 1346 2077 propter
1359 2048 1408 2067 nos
1424 2050 1533 2070 rursum
1555 2042 1677 2073 incorru-

933 2082 1037 2123 ptibilis
1049 2082 1166 2112 efficitur
1174 2082 1188 2111 3³
1198 2082 1271 2120 Quia
1289 2083 1361 2113 enim
1379 2092 1487 2125 propter
1500 2097 1548 2117 nos
1558 2090 1677 2126 omnino,

934 2135 960 2158 et
976 2128 1276 2170 propterministerium
1295 2137 1426 2168 nostrum,
1442 2133 1623 2165 exsistentiam
1635 2147 1678 2166 ac-

934 2175 1014 2215 eepit,
1027 2174 1092 2203 hinc
1105 2175 1185 2203 etiam
1202 2175 1299 2215 accipit
1310 2183 1339 2204 ut
1348 2176 1397 2205 hac
1407 2177 1451 2206 vel
1467 2177 1515 2207 illa
1525 2180 1677 2210 conditione

933 2221 1049 2261 sintejus
1057 2221 1222 2261 principium
1228 2228 1254 2250 et
1261 2221 1348 2251 radix.
1360 2223 1405 2252 Sic
1411 2224 1489 2253 etiam
1496 2231 1614 2266 tempore
1620 2228 1645 2257 N
1647 2230 1678 2258 οὲ

933 2268 1043 2297 sactum.
1054 2267 1124 2305 Quia
1136 2268 1163 2296 in
1175 2275 1321 2298 extremam
1330 2270 1477 2308 nequitiam
1488 2279 1582 2302 natura
1593 2275 1678 2304 homi-

933 2323 999 2342 num
1013 2313 1161 2342 deflexerat
1170 2336 1178 2350 ‚
1190 2324 1232 2342 res
1245 2323 1337 2343 omnes
1350 2315 1530 2346 miscebantur
1541 2340 1549 2355 ,
1564 2320 1676 2358 semina,

935 2359 1042 2399 plantae,
1051 2359 1194 2388 brutorum
1203 2369 1310 2399 genera,
1320 2367 1399 2397 terra,
1407 2372 1489 2395 mare,
1500 2374 1554 2399 aer,
1562 2372 1676 2403 montes,

117 2404 163 2433 καὶ
174 2403 306 2440 θάλαττα,
320 2404 365 2433 καὶ
377 2404 444 2444 ἀὴρ,
459 2405 504 2435 καὶ
522 2406 579 2446 ὅρη,
594 2406 639 2435 καὶ
651 2407 747 2443 νάπαι,
761 2408 806 2438 καὶ
826 2411 884 2449 βου-
899 2414 918 2437 D
936 2405 1129 2443 saltuS‚colles‚
1139 2406 1233 2443 urbes,
1245 2407 1328 2443 muri,
1338 2406 1445 2445 domus,
1458 2415 1543 2438 turres
1556 2423 1562 2439 :
1573 2412 1676 2442 omnia-

117 2450 156 2479 νοὶ
165 2471 173 2486 ,
189 2450 234 2479 καὶ
247 2451 352 2484 πόλεις,
366 2450 412 2479 καὶ
424 2451 514 2491 τείχη,
536 2452 581 2481 καὶ
601 2452 697 2487 οἰκίαι,
711 2453 756 2482 καὶ
768 2454 863 2494 πύργοι
875 2467 882 2474 ·

118 2495 163 2525 καὶ
172 2495 260 2524 παντὰ
278 2496 369 2528 ἁπλῶς
381 2495 473 2536 ἐκείνῳ
485 2499 523 2536 τῷ
542 2497 645 2538 φοὸερῷ
664 2498 723 2528 τότε
738 2500 881 2540 ἐκρύπτετο

936 2462 989 2490 que
998 2462 1107 2492 prorsus
1115 2451 1231 2481 terribili
1242 2452 1290 2481 illo
1297 2452 1393 2492 pelago
1403 2454 1594 2486 obruebantur.
1606 2459 1677 2495 Quia

939 2513 1002 2533 vero
1012 2513 1119 2532 rursum
1127 2512 1233 2532 necesse
1242 2509 1297 2532 erat
1306 2509 1335 2531 ut
1345 2503 1492 2534 humanum
1501 2516 1584 2545 genus
1592 2518 1678 2539 accre-

152 2581 163 2592 ¹⁸
180 2574 227 2598 Hic
239 2574 342 2598 Omnino
354 2572 486 2606 legendum
498 2573 596 2600 videtur
610 2582 654 2602 τῶν
664 2582 735 2604 πόνων
744 2584 788 2604 τῶν
797 2582 885 2606 ἐκείνου.
900 2580 935 2605 Ut
946 2581 1023 2605 etiam
1035 2579 1213 2605 animadvertit
1224 2580 1338 2605 Savilius.

1753 992 1826 1012 vortit

1684 1031 1727 1044 ῘΠΟΙ
1742 1031 1773 1043 ΙΙΙ*
