1890 2826
64 486 151 507 March.
165 485 203 507 23.

67 517 102 539 16.
122 524 156 546 ¹7·

60 1321 165 1350 luch-⁴.
176 1328 199 1344 2.

64 1829 125 1852 Mitt.
134 1837 154 1851 v.
162 1829 188 1851 5.,

62 1986 116 2008 Acte
130 1984 153 2008 8.
167 1983 205 2007 30.

68 2405 130 2444 chle
143 2405 207 2436 4¹¹3*

216 154 298 209 668χ

215 244 350 285 quomodo
360 244 463 284 juravit
474 254 524 284 per
536 244 635 280 femur,
647 253 678 274 ae
689 243 713 273 si
723 244 780 284 jam
793 242 842 274 ssos
855 241 955 272 saluta-

214 286 252 314 ris
262 284 415 324 prodiisset·
424 284 528 313 Verum
539 283 601 322 quia
613 282 765 312 membrum
775 281 846 311 illud
858 281 957 311 instru-

215 331 334 354 mentum
347 330 413 360 erat,
428 323 521 361 ibique
531 322 676 361 aliquando
687 321 820 351 habitavit
830 321 955 351 divinum

215 374 316 400 semen,
331 363 407 402 quasi
427 373 477 401 per
498 362 632 402 templum
651 363 735 402 jurat.
754 360 810 398 Qui
823 371 887 390 vero
907 371 955 400 per

215 403 348 442 templum
366 402 451 441 jurat,
460 412 508 441 per
517 401 708 431 inhabitantem
719 400 748 429 in
761 400 860 440 tempb
868 400 954 439 jurat.

215 443 284 479 Quis
298 442 349 471 hoc
362 441 517 471 testificatur
526 441 546 470 F
553 442 613 481 Ipse
624 441 750 471 Servator
759 446 849 469 noster
860 439 955 469 Phari-

215 483 273 511 saeis
287 482 370 511 dicit:
387 481 438 510 Voe
458 482 554 517 vobis,
568 481 714 510 Pharisoei
728 479 812 509 stulti
832 485 860 508 et
874 481 954 517 coeci,

215 523 287 561 quia
307 522 412 557 dicitis,
428 520 466 549 St
490 522 554 560 quis
570 521 715 566 juraverit
734 529 787 558 per
806 519 953 558 templum,

215 561 291 589 nihil
299 567 342 589 est
349 573 360 595 ,·
372 562 397 589 si
408 561 473 600 quis
483 570 554 589 vero
557 561 706 604 juraverit
711 568 767 598 per
772 568 876 587 aurum
885 565 955 588 tem-

211 601 265 639 pli,
276 601 389 629 debitor
407 606 460 628 est.
472 600 509 628 Et
517 598 585 638 quid
594 598 704 628 statim?
714 598 804 628 Stulti
813 608 850 626 ac
863 598 952 633 caeci,-

213 640 286 679 qza'd
311 640 391 668 enim
414 640 508 679 majus
531 645 590 674 est,
605 648 709 668 aurum
717 660 725 674 ‚
749 647 789 665 an
815 637 955 677 templum

213 679 294 718 quod
301 678 466 717 sanctificat
476 681 601 707 aarum?
612 678 773 718 Propterea
783 677 848 705 dico
858 678 954 713 vobis,

935 180 1070 204 Sl’URlA·

1009 240 1139 280 σωι-ηρίου
1151 240 1242 273 ἄνθους
1254 239 1434 280 προελθόντος.
1447 240 1517 271 Ἀλλ’
1529 240 1620 277 ἱπιιδὴ
1633 240 1703 275 ἅπαξ
1715 238 1786 271 αὖα-ἔ)Δ
1825 272 1828 274 v

1008 280 1038 310 τὸ
1052 280 1131 319 μέλος
1150 279 1260 319 ὄργανον
1278 279 1397 319 ἐγένετο,
1421 279 1467 310 καὶ
1479 280 1574 321 ᾧκησί
1590 291 1655 310 ποτε
1673 281 1728 309 ἐκεῖ
1749 279 1780 308 τὸ

1009 323 1076 349 θεῖον
1090 319 1211 359 σπέρμα,
1226 321 1262 352 ὡς
1275 320 1302 348 ἐν
1315 322 1370 349 ναῶ
1383 319 1482 358 ὀμνύει.
1494 319 1528 349 Ὁ
1538 319 1566 349 δὲ
1578 320 1648 349 κατὰ
1658 322 1704 348 τοῦ
1716 321 1779 348 ναοῦ

1010 358 1112 398 ὀμνύων
1115 381 1141 408 ..’.‘
1153 360 1221 407 met&
1233 362 1279 408 Ιἶεοίἶ
1293 349 1656 434 ἐνοξκῇσαντῖοιςῠόἅνύειέΐίς
1666 362 1681 389 ὁ
1693 358 1780 398 τούτῳ

1007 399 1513 479 (1,ἰὶἰῖζίῗὲςῖῳὸἕέίρῦῖιιὲνῖτῗοῗρισαῖα
1522 398 1780 480 &xx-itii&

1007 478 1048 507 ὅτι
1061 477 1151 517 λέγετε
1162 499 1170 512 ,
1193 477 1237 506 ἐάν
1255 489 1294 510 τις
1307 477 1393 518 ὀμόσῃ
1408 479 1436 507 ἐν
1450 479 1488 517 τῷ
1507 480 1562 518 ναῷ
1571 501 1579 514 ,
1605 476 1681 508 οὐδέν
1692 478 1762 506 ἐστιν
1771 488 1780 495 ·

1008 517 1054 546 ἐὰν
1068 517 1096 546 δέ
1109 530 1148 551 τις
1161 517 1245 555 ὀμόσῃ
1256 519 1293 550 εἰς
1303 517 1348 547 τὸν
1357 517 1454 557 χρυσὸν
1464 519 1510 547 τοῦ
1520 521 1596 554 ναοῦ,
1608 516 1717 557 ὀφείλει.
1725 515 1781 546 Καὶ

1008 557 1034 586 τί
1047 557 1154 594 εὖθέως;
1170 556 1263 596 Μωροὶ
1276 556 1322 586 καὶ
1332 556 1438 597 τυφλοί·
1450 556 1491 590 τίς
1501 556 1553 597 γὰρ
1563 556 1659 596 μείζων
1668 578 1677 592 ,
1691 558 1705 586 ὁ
1716 567 1781 596 χρυ·

1009 597 1052 630 σὸς
1065 618 1072 631 ,
1087 596 1104 632 ἢ
1119 599 1133 626 ὁ
1144 597 1204 630 ναὸς
1217 599 1231 625 ὁ
1244 595 1357 635 ἁγιάζων
1376 597 1420 626 τὸν
1432 596 1544 636 χρυσόν;
1559 597 1608 626 Διὸ
1619 595 1689 635 λέγω
1700 597 1762 634 ὑμῖν
1771 606 1782 613 ’

1008 638 1022 664 ὁ
1035 635 1133 674 ὀμόσας
1146 637 1173 665 ἐν
1186 638 1225 665 τῶ
1237 637 1306 675 ναῷ,
1320 635 1413 674 ὀμνύει
1422 637 1448 665 ἓν
1460 638 1499 676 τῷ
1512 636 1650 672 οἰκήσαντι
1657 637 1683 664 ἔν
1692 635 1776 675 αύτῷ.

1009 675 1116 715 Ὥσπερ
1135 675 1187 716 γὰρ
1202 666 1272 709 οῗκος
1291 676 1439 714 βασιλικὸς,
1460 675 1566 705 ἐπειδὰν
1585 674 1655 709 ἅπαξ
1673 673 1781 709 δέξηται

213 721 388 758 quicumque
401 718 546 758 jur-averit
565 727 621 757 per·
639 717 789 756 templum,
798 717 881 755 jurat
898 726 958 753 per
974 720 993 743 Ι)
1009 715 1138 753 βασιλέα,
1157 715 1205 744 κᾶν
1224 715 1362 755 δεύτερον,
1382 714 1432 744 κᾶν
1449 714 1553 754 τρίτον,
1577 714 1627 745 κᾶν
1647 714 1779 754 dmm-'ajo

212 769 276 787 eum
288 760 339 797 qui
350 758 465 787 habitat
476 759 508 786 in
519 767 563 786 eo.
577 755 812 794 Quemadmodum
822 755 895 784 enim
904 755 954 785 do·

211 808 273 826 mus
294 797 367 837 regia
393 803 534 837 postquam
558 807 646 836 regem
667 795 773 835 excepit
794 795 893 831 semel,
907 805 954 825 se-

211 836 300 866 cundo
320 844 345 866 et
358 836 480 873 tertio‚si
497 846 546 866 rex
559 835 679 866 discedat
696 835 731 864 ab
751 833 954 870 aedibus,locus

211 883 300 905 tamen
312 876 493 906 sanctificatur
505 886 536 904 eo
548 875 622 914 quod
641 885 731 915 regem
743 873 878 913 exceperit
893 885 900 903 ε
915 875 953 903 sic

211 923 235 945 et
258 916 414 955 patriarch-‘e
437 915 567 951 membra,
583 914 657 954 quod
677 913 759 943 semel
777 913 952 942 instrumenta

209 955 322 984 fuissent
333 956 430 984 futurae
443 954 643 990 incarnationis,
657 953 788 993 templum
801 959 877 982 erant
887 963 951 992 pro-

210 994 284 1023 missi
304 994 438 1024 beneficii.
452 995 546 1033 Neque
558 994 682 1032 iniquum
695 993 746 1022 fuit
756 993 951 1032 juramentum,

210 1034 259 1063 sed
272 1034 451 1063 testimonium
464 1044 559 1063 verum
576 1040 642 1062 erat.
659 1034 738 1063 Jurat
751 1031 835 1071 igitur
847 1042 896 1071 per
907 1041 953 1060 se-

209 1083 280 1109 men,
293 1080 319 1102 et
332 1074 521 1112 interpretatur
533 1072 600 1112 quid
611 1072 646 1101 sit
661 1082 750 1101 semen
764 1084 771 1100 ι
788 1071 871 1100 Pone
887 1081 953 1099 ma-

211 1123 279 1141 num
294 1119 373 1141 tuam
384 1114 437 1141 sub
452 1113 549 1148 femur
558 1122 663 1148 meum,
674 1118 703 1140 et
709 1113 781 1151 jura
789 1120 843 1149 per
853 1111 954 1139 Domi-

211 1161 281 1180 num.
295 1153 390 1180 Deum
405 1149 468 1180 coe‘lt'
483 1157 512 1180 et
526 1158 618 1180 terroe.
635 1152 707 1190 Ergo
719 1151 845 1180 servator
864 1156 953 1179 noster

209 1197 247 1219 est
266 1192 339 1219 Deus
358 1190 416 1219 caeli
431 1197 455 1219 et
477 1197 562 1219 terrae.
576 1190 640 1219 Ideo
653 1197 679 1219 et
692 1189 719 1218 in
734 1189 865 1219 Zacharia
886 1199 953 1228 pro-

209 1229 305 1268 pheta,
320 1240 382 1258 cum
407 1229 519 1259 diversae
541 1236 632 1258 sancto
657 1228 717 1258 viro
742 1227 868 1257 immissae
891 1235 954 1257 sunt

209 1268 338 1304 visiones,
351 1268 402 1297 fuit
415 1268 504 1297 ‘etiam
524 1268 580 1297 baec
599 1279 661 1307 pars
675 1267 797 1305 quaedam
815 1266 927 1295 visionis
941 1279 949 1296 z

211 1308 239 1337 E
241 1314 251 1336 ι
263 1309 385 1346 respexi,
400 1307 501 1346 inquit,
513 1308 604 1336 oculis
616 1309 698 1342 meis,
710 1313 737 1335 et
750 1307 816 1335 vidi
825 1320 833 1336 .·
848 1312 877 1334 et
887 1316 953 1334 ecce

212 1347 430 1382 candelabrum,
436 1357 557 1375 aureum
566 1352 667 1381 totum,
674 1352 702 1374 et
710 1351 816 1385 septem
826 1345 954 1374 lucernoe

211 1396 298 1424 supra
310 1386 528 1420 candelabrum,
541 1392 570 1414 et
582 1391 689 1424 septem
702 1386 848 1426 infusoria
860 1384 953 1413 lucer-

211 1435 327 1459 narum,
341 1432 370 1454 et
381 1431 488 1464 septem
503 1425 663 1464 lampades,
677 1430 706 1452 et
719 1434 738 1452 a
760 1423 869 1453 dextris
881 1433 952 1452 can-

209 1465 324 1493 delabri
336 1471 364 1494 et
377 1465 502 1493 sinistris
513 1465 571 1493 duo
585 1465 660 1492 rami
672 1463 826 1492 olivarum.
837 1463 879 1491 Et
890 1463 954 1491 diti

210 1503 315 1543 angelo
339 1505 390 1543 qui
414 1503 588 1543 loquebatur·
611 1503 702 1531 mihi:
716 1503 861 1536 Domine,
879 1502 954 1540 quid

210 1544 273 1572 haec
295 1545 382 1572 sunt?
396 1543 468 1579 Quia
487 1542 554 1571 visio
576 1548 647 1577 erat,
662 1551 721 1580 quae
735 1541 787 1570 alia
801 1540 951 1577 exhiberet,

209 1582 264 1611 alia
288 1582 322 1611 ad
342 1581 570 1621 interpretandum
594 1587 764 1621 proponeret,
778 1591 827 1610 nec
849 1590 879 1608 ea
892 1591 952 1619 quae

210 1622 384 1661 apparebant,
400 1621 486 1660 seipsa
500 1620 696 1660 significabant,
707 1619 754 1648 sed
765 1620 817 1648 alia
828 1619 952 1649 subindi-

210 1661 317 1698 cabant,
333 1661 478 1700 interrogat
490 1670 539 1700 pro
560 1660 618 1689 heta
634 1671 642 1687 t
655 1660 792 1695 Domine,
805 1659 878 1699 quid
891 1660 954 1688 hoec

210 1703 301 1728 sunt?
321 1700 351 1730 Si
372 1699 407 1728 de
428 1709 463 1744 eo·
480 1670 685 1738 quagapparet
703 1698 861 1738 interrogat,
883 1699 953 1728 male

1009 755 1132 793 βασιλεὺς
1155 757 1208 784 τῶν
1236 754 1410 793 οἰκουμένων,
1433 757 1447 784 ὁ
1459 754 1539 788 τόπος
1552 754 1622 789 ἅπαξ
1634 753 1780 795 ᾶφιέρωται

1007 796 1045 834 τῷ
1057 794 1178 828 δέξασθαί
1190 806 1255 824 ποτε
1269 793 1394 833 βασιλέα·
1408 793 1477 824 οὕτω
1490 794 1536 823 καὶ
1547 794 1581 824 τὰ
1595 793 1663 834 μέλη
1672 795 1718 822 τοῦ
1730 804 1782 822 παν

1006 833 1150 874 τριάρχου,
1171 836 1210 875 τῷ
1233 833 1302 867 ἅπαξ
1323 833 1422 872 ὄργανα
1434 833 1555 873 γενέσθαι
1568 836 1616 870 τῆς
1631 831 1783 872 μελλούσης

1007 873 1171 912 οἰκονομίας,
1193 874 1253 907 ναὸς
1277 869 1310 909 ἧν
1331 875 1379 909 τῆς
1397 873 1597 912 ἐπηγγελμένης
1617 871 1778 913 εὖεργεσίας.

1007 912 1059 941 Καὶ
1077 914 1125 942 οὐκ
1139 913 1227 947 ἄδικος
1246 915 1261 943 ὁ
1279 911 1370 952 ὅρκος,
1393 912 1463 942 ἀλλὰ
1475 913 1588 949 ἀληθινὴ
1601 915 1619 948 ἡ
1633 910 1775 952 μαρτυρία.

1005 951 1122 990 Ὀμνυσι
1136 952 1221 982 τοίνυν
1234 951 1303 982 κατὰ
1315 954 1361 981 τοῦ
1372 951 1536 1003 σπέρματος,
1549 952 1595 982 καὶ
1606 950 1782 992 ἑρμηνεύειτί

1005 990 1036 1020 τὸ
1044 991 1151 1031 σπέρμα
1158 1004 1165 1010 ·
1173 992 1227 1026 Θὲς
1238 991 1289 1032 γὰρ
1296 990 1343 1027 τὴν
1373 995 1431 1031 εἶρα
1440 1003 1486 1021 σου
1493 992 1545 1022 {neb
1557 992 1601 1021 τὸν
1616 990 1700 1031 μηρόν
1710 1001 1760 1029 μου
1768 1012 1778 1026 ,

1005 1031 1050 1060 καὶ
1064 1030 1180 1070 ὅρκωσαι
1190 1031 1231 1061 Κύ
1251 1043 1287 1061 ιον
1297 1031 1341 1060 τὸν
1381 1031 1422 1060 εὸν
1431 1032 1595 1071 τοῢοῦρανοῢ
1607 1030 1706 1066 καὶτῆς
1714 1031 1776 1069 γῆς.

1005 1072 1109 1100 Οὐκοῦν
1133 1073 1147 1100 ὁ
1251 1083 1264 1110 ρ
1286 1071 1362 1109 ἡμῶν
1380 1070 1448 1103 Θεὸς
1464 1072 1573 1110 οὗρανοῦ
1591 1070 1637 1100 καὶ
1648 1073 1708 1109 γῆς.
1723 1069 1777 1100 Διὸ

1004 1113 1084 1139 τοῦτο
1100 1110 1145 1140 καὶ
1159 1112 1186 1140 ἐν
1205 1113 1242 1150 τῷ
1257 1109 1380 1160 Ζαχαρία
1390 1111 1429 1160 τῇ)
1440 1109 1579 1150 προφήτῃ,
1600 1110 1645 1139 ὅτε
1657 1109 1699 1139 δι’
1735 1119 1776 1149 ροι

1006 1149 1192 1186 ἀπεστάλησαν
1204 1151 1330 1180 ὀπτασιαι
1343 1148 1386 1179 κα)
1397 1152 1522 1189 ωφθησαν
1533 1151 1571 1189 τῷ
1583 1149 1661 1189 ἁγίῳ,
1672 1150 1702 1188 ἐγ
1716 1159 1779 1178 νιτοἸ

1005 1188 1033 1217 ἕν
1044 1201 1070 1217 τι
1085 1193 1161 1219 τοῦτο
1173 1191 1209 1223 εἷς
1220 1189 1347 1222 ὀπτασίας
1359 1187 1393 1227 μέ
1410 1200 1437 1223 ος
1448 1201 1454 1207 ·
1466 1189 1520 1219 Καὶ
1531 1188 1678 1229 ἀνέὸλεψα,
1692 1188 1774 1229 φησὶ,

1005 1232 1059 1260 τοῖς
1070 1230 1214 1268 ὀφθαλμοῖς
1228 1241 1277 1267 μου
1290 1251 1297 1263 ,
1311 1229 1357 1258 καὶ
1374 1200 1445 1258 ε’ίδον
1456 1240 1463 1246 ·
1475 1228 1520 1258 καὶ
1531 1228 1586 1258 ἰδοὺ
1599 1228 1696 1268 λυχνία
1707 1239 1776 1268 χρυ·

1005 1269 1039 1301 σῆ
1061 1266 1108 1303 δ’λη
1120 1290 1127 1301 ,
1150 1268 1196 1297 καὶ
1218 1267 1286 1296 ἑπτὰ
1309 1268 1400 1308 λύχνοι
1415 1268 1505 1297 ἐπάνω
1515 1270 1563 1303 τῆς
1582 1267 1706 1308 λυχνίας,
1731 1267 1778 1297 καὶ

1006 1306 1073 1335 ἑπτὰ
1084 1307 1272 1346 ἐπαρυστρίδες
1284 1309 1337 1335 τῶν
1348 1307 1451 1347 λύχνων
1461 1330 1468 1342 ,
1491 1307 1537 1336 καὶ
1547 1307 1615 1336 ἑπτὰ
1625 1307 1762 1346 λαμπάδες
1769 1327 1779 1342 ,

1005 1345 1050 1374 καὶ
1061 1346 1091 1375 ἐκ
1104 1346 1192 1380 δεξιῶν
1204 1348 1252 1381 τῆς
1261 1346 1369 1385 λυχνίας
1378 1367 1385 1381 ,
1399 1346 1444 1375 καὶ
1455 1346 1482 1380 ἐξ
1496 1346 1637 1385 εὐωνύμων
1651 1346 1697 1376 δύο
1709 1346 1778 1376 κλέα

971 1389 990 1412 Ε
1006 1385 1046 1413 δοι
1060 1386 1164 1414 ἐλαιῶν.
1184 1385 1237 1414 Καὶ
1250 1380 1323 1415 εἷπον
1343 1387 1382 1425 τῷ
1395 1385 1500 1425 ἀγγέλῳ
1513 1388 1552 1414 τῶ
1570 1386 1694 1415 λαλοῦντί
1715 1397 1778 1424 μοι·

1006 1423 1080 1463 κύριε
1091 1447 1099 1461 ,
1120 1424 1147 1454 τί
1167 1426 1226 1454 ἐστι
1245 1427 1347 1461 mutem
1361 1425 1473 1460 Ἐπειδὴ
1494 1414 1553 1465 ὄψίς
1566 1420 1599 1460 ἦν
1610 1447 1618 1461 ,
1641 1425 1711 1455 ἄλλα
1724 1426 1778 1454 δει-

1007 1462 1121 1493 κνύουσα
1130 1486 1138 1501 ,
1153 1463 1198 1493 καὶ
1212 1464 1280 1493 ἄλλα
1292 1466 1329 1497 εἷς
1343 1464 1483 1504 ἑρμηνείαν
1497 1464 1571 1504 παρά
1619 1476 1664 1500 σα,
1675 1465 1720 1494 καὶ
1731 1465 1779 1494 οὐκ

1008 1503 1075 1532 αὐτὰ
1089 1499 1121 1539 ἦν
1132 1503 1165 1533 τὰ
1174 1503 1317 1543 φαινόμενα
1326 1505 1426 1533 ἑαυτῶν
1440 1515 1574 1542 σημαντικ
1593 1525 1600 1539 ,
1613 1505 1678 1534 οἰλλ7
1683 1503 1780 1544 ἕτέρων

1007 1543 1191 1577 ὗποδεικτικὰ,
1201 1544 1308 1583 ἐροντᾷὸ
1315 1543 1462 1583 προφήτης,
1469 1543 1561 1584 Κύριε,
1571 1543 1598 1573 τί
1609 1545 1670 1573 ἔστι
1680 1547 1779 1579 ruffi-23

1007 1581 1042 1610 Εἷ
1054 1582 1085 1611 τὸ
1099 1582 1253 1622 φαινόμενον
1265 1582 1369 1632 ἠρώτα,
1383 1585 1470 1617 κακῶς
1483 1583 1584 1623 ἠρώτα.
1603 1584 1663 1613 Οὔκ
1672 1580 1744 1618 οἶδας
1753 1583 1781 1613 τί

1006 1621 1117 1661 λυχνία,
1132 1621 1176 1651 καὶ
1190 1621 1217 1651 τί
1231 1623 1307 1651 ἔλαια
1315 1633 1324 1657 ;
1343 1621 1424 1652 Ἀλλὰ
1438 1623 1511 1658 ζητεῖ
1524 1625 1538 1652 ὁ
1551 1622 1690 1664 προφήτης
1703 1625 1732 1654 οὗ
1746 1623 1782 1654 τὰ

1007 1660 1161 1701 φαινόμενα,
1172 1660 1240 1690 ἀλλὰ
1247 1661 1281 1690 τὰ
1292 1661 1466 1701 θεωρούμενα.
1478 1662 1514 1692 Τί
1525 1663 1689 1699 ἐστιταῦτας
1700 1663 1752 1694 Καὶ
1765 1666 1781 1693 ὁ

1008 1701 1132 1739 ἄγγελος,
1146 1702 1206 1730 Οὐκ
1219 1701 1400 1740 ἐπιγινώσκεις
1413 1701 1439 1730 τί
1453 1703 1510 1731 ἐστι
1520 1705 1619 1739 ταῦτα;
1633 1704 1673 1733 Οὐ
1693 1703 1721 1738 i,
1734 1703 1782 1734 κύ-

210 1739 365 1779 interrogat.
387 1740 429 1767 An
456 1749 562 1778 ignoras
589 1738 656 1776 quid
681 1737 715 1767 sit
742 1738 950 1776 candelabrum,
966 1756 1003 1776 570
1027 1751 1057 1768 ιε.
1079 1739 1260 1780 Εὐγνωμόνως
1279 1742 1402 1780 ὁμολογεῖ
1421 1740 1470 1775 τὴν
1493 1742 1637 1780 ἆμάθειαν,
1657 1754 1691 1772 κα
1716 1755 1775 1772 παι-

210 1778 278 1816 quid
288 1778 382 1808 oliva?
390 1777 444 1808 Sed
453 1778 548 1816 quaen't
559 1777 690 1844 propbeta
702 1787 753 1805 non
765 1788 795 1806 ea
806 1788 889 1816 quaea
910 1788 954 1817 pa-
975 1785 994 1807 Α
1025 1779 1113 1809 εύεται
1126 1779 1200 1820 παρὰ
1216 1781 1264 1815 τῆς
1286 1780 1421 1815 ἀληθείας.
1437 1781 1558 1821 Ἀδελφὸς
1579 1782 1624 1811 καὶ
1642 1778 1716 1816 οὗτος
1733 1785 1781 1812 τοῦ

211 1825 280 1855 rent,
294 1817 342 1847 sed
353 1828 382 1846 ea
416 1827 457 1846 uae
478 1827 558 1856 specu
571 1817 658 1845 atione
677 1816 855 1855 attinguntur.
902 1818 954 1846 uid

213 1858 275 1886 haec
293 1863 360 1886 sunt
371 1859 384 1884 P
421 1856 450 1885 ui
473 1856 584 1894 angelus
593 1878 600 1891 ,
616 1855 684 1884 Non
707 1858 785 1884 nosti
807 1866 872 1895 quoe
894 1858 954 1886 sint

214 1896 275 1924 haec
285 1899 297 1924 Ρ
309 1896 378 1925 Non
386 1919 394 1931 ‚
409 1896 534 1924 domine.
549 1895 635 1924 Probe
647 1895 745 1923 fatetur
758 1894 953 1933 ignorantiam,

214 1941 240 1963 et
251 1945 266 1962 a
278 1935 388 1964 veritate
398 1934 533 1963 eruditur.
550 1934 645 1962 Frater
663 1933 708 1962 hic
718 1940 757 1962 est
766 1935 895 1970 eunuchi,
906 1935 955 1973 qui

216 1984 231 2002 a
254 1974 381 2013 Philippo
400 1972 506 2002 audivit
520 1985 526 2001 :
542 1973 627 2002 Num
652 1973 793 2013 intelligis
817 1984 882 2013 quoe
911 1974 955 2002 le-

216 2014 259 2052 gis
269 2015 282 2040 P
295 2013 346 2042 Ille
362 2019 437 2051 grato
450 2011 552 2047 animo,
570 2012 735 2050 Quomodo,
752 2013 810 2042 nisi
829 2014 893 2053 quis
910 2024 956 2042 me

216 2052 325 2080 ducat?
337 2053 406 2080 Non
418 2052 496 2080 nosti
504 2052 576 2090 quid
585 2052 648 2080 hoec
659 2053 717 2080 sint
726 2054 739 2079 P
749 2052 955 2091 Nequaquam,

216 2091 344 2120 domine.
360 2090 479 2127 Quinam
502 2097 565 2119 sunt
585 2089 640 2119 duo
665 2090 733 2119 rami
747 2091 894 2127 olivarum,
907 2092 956 2130 qui

217 2137 279 2159 sunt
289 2141 307 2158 a¹
318 2129 420 2159 dextris
443 2135 470 2158 et
491 2139 506 2158 a
525 2129 641 2158 sinistris
663 2129 799 2158 lucernae?
821 2132 858 2160 Hi
875 2137 953 2168 sunt,

216 2169 322 2207 inquit,
338 2169 424 2198 olivas
438 2168 613 2207 interpretans
628 2181 639 2197 .-
651 2169 786 2207 simulque
799 2180 862 2198 cum
875 2170 957 2199 olivis

216 2208 354 2238 lucernam
367 2218 473 2246 quoque
487 2207 687 2247 interpretatur.
704 2208 817 2237 Attende
838 2209 956 2249 diligen-

218 2254 264 2276 ter.
286 2249 406 2277 Luoerna
420 2247 515 2283 stabat,
529 2247 596 2275 rami
610 2247 724 2276 lucernae
735 2247 874 2277 adstabant
888 2260 896 2277 t
910 2259 958 2277 an-

218 2287 294 2326 gelus
306 2297 370 2317 vero
385 2287 560 2326 interpretans
573 2296 629 2315 nou
645 2285 760 2315 ostendit
781 2286 895 2316 lucernae
907 2288 956 2317 ad-

216 2332 315 2356 stantes
327 2326 425 2360 olivas,
439 2325 486 2354 sed
499 2326 571 2360 Deo,
587 2325 623 2354 ita
637 2332 669 2354 ut
681 2325 789 2354 lucerna
806 2325 894 2365 figura
907 2327 957 2355 Dei

218 2373 296 2403 esset,
308 2366 362 2395 imo
376 2364 467 2405 potius
486 2365 645 2400 Servatoris‚
659 2371 685 2393 et
697 2364 757 2403 ejus
768 2364 795 2393 in
810 2375 889 2394 carne
901 2365 958 2394 dis-

218 2405 389 2444 pensationis.
412 2405 474 2433 Non
499 2403 569 2432 nosti
592 2403 660 2442 quid
684 2404 742 2433 haec
765 2403 841 2432 sint?
866 2405 936 2433 Non
947 2427 954 2441 ,

218 2445 346 2473 domine.
359 2444 415 2473 Ait
428 2455 435 2471 ε
453 2444 496 2472 Hi
508 2443 566 2471 duo
588 2445 664 2472 rami
675 2449 743 2472 sunt
757 2443 881 2482 duofilii
891 2445 956 2482 pin-

217 2485 360 2522 guedinis,
373 2485 423 2522 qui
435 2483 555 2511 adstant
565 2482 692 2511 Domino
704 2484 845 2511 universae
856 2489 953 2511 terroe:

217 2533 269 2551 non
278 2530 366 2552 autem
375 2521 545 2558 candelabro,
555 2529 585 2551 ut
595 2522 755 2561 apparebat5
768 2521 815 2550 sed
827 2522 954 2551 Domino

217 2569 356 2596 univer-sce
379 2572 471 2595 terroe.
485 2566 592 2606 Septem
616 2565 750 2595 luminum
763 2565 955 2595 candelabrum

1009 1818 1134 1859 εὖνούχου
1153 1822 1200 1848 τοῦ
1212 1819 1349 1853 ἀκούοντος
1364 1820 1436 1860 παρὰ
1449 1820 1588 1851 Φιλίππου
1598 1833 1605 1839 ·
1622 1816 1654 1851 Ἃ
1702 1822 1782 1862 γινώ-

1010 1869 1080 1891 σκεις
1094 1859 1111 1887 ἃ
1125 1859 1326 1898 ἀναγινώσκεις,
1347 1859 1382 1889 Ὁ
1395 1859 1423 1889 δὲ
1442 1861 1471 1889 εὖ
1503 1860 1625 1899 ωμόνως,
1664 1863 1700 1894 ῶς
1712 1861 1782 1901 γὰρ,

1010 1898 1055 1927 ἐὰν
1068 1897 1105 1936 μή
1117 1910 1156 1931 τις
1167 1898 1288 1937 ὃδηγήσῃ
1301 1910 1334 1937 με
1345 1909 1353 1934 ;
1367 1900 1408 1928 Οὔ
1421 1910 1559 1938 γινωσκεις
1572 1899 1599 1929 τί
1610 1900 1667 1930 ἔστι
1680 1903 1783 1937 ταῦτ-ας

1010 1936 1045 1966 Ὁ
1060 1936 1088 1965 δέ
1101 1948 1180 1976 φησιν
1189 1958 1198 1972 ,
1218 1938 1289 1977 Οὐχὶ
1299 1959 1306 1972 ,
1317 1937 1400 1977 κύριε.
1420 1938 1498 1971 Τίνες
1510 1939 1575 1968 εἰσὶν
1588 1939 1613 1968 οἱ
1627 1938 1672 1969 δύο
1689 1940 1783 1969 κλάδοι

1010 1979 1063 2005 τῶν
1077 1977 1171 2005 ἐλαιῶν
1184 1998 1192 2012 ,
1207 1978 1230 2005 οἱ
1248 1978 1278 2006 ἐκ
1292 1976 1383 2011 δεξιῶν
1397 1977 1442 2007 καὶ
1455 1977 1486 2011 ἐξ
1496 1977 1637 2016 εὐωνύμων
1650 1982 1695 2008 τοῦ
1710 1981 1782 2018 λαμ.-

1010 2015 1118 2052 metm
1133 2011 1216 2044 Οὗτοί
1241 2017 1310 2051 εἰσι,
1332 2015 1419 2056 λέγει,
1438 2016 1485 2050 τὰς
1505 2017 1594 2051 ἐλαίας
1612 2018 1762 2058 ἑρμηνεύων
1774 2030 1781 2037 ·

1011 2054 1149 2094 ἑρμηνεύει
1162 2054 1209 2084 σὺν
1222 2059 1279 2088 ταῖς
1293 2055 1392 2089 ἐλαίαις
1410 2056 1455 2085 καὶ
1475 2056 1523 2092 τὴν
1541 2057 1650 2097 λυχνίαν
1663 2057 1691 2086 τί
1715 2059 1781 2088 ἐστι.

1011 2093 1133 2134 Πρόσεχε
1145 2094 1268 2133 ἅκριὸῶς.
1282 2094 1317 2124 Ἤ
1326 2095 1421 2134 λυχνία
1432 2095 1537 2131 ἑστήκει
1545 2118 1553 2132 ,
1568 2091 1594 2125 οῖ’
1604 2096 1695 2126 κλάδοι
1703 2109 1784 2137 παρε-

1011 2133 1154 2168 στήκεισαν
1168 2136 1200 2173 τῇ
1213 2134 1246 2162 λυ
1268 2133 1310 2174 νίᾳ
1320 2146 1326 2152 ·
1347 2137 1362 2164 ὁ
1375 2135 1403 2164 δὲ
1412 2135 1520 2174 ἄγγελος
1533 2136 1720 2176 ἑρμηνεύωνοῦ
1734 2137 1783 2166 δεί-

1011 2184 1089 2202 κνυσι
1097 2172 1143 2205 τὰς
1152 2172 1241 2206 ἐλαίας
1247 2145 1343 2213 {inpie}
1354 2174 1537 2214 παρεστώσας,
1552 2175 1621 2205 ἀλλὰ
1628 2177 1700 2216 Θεῷ,
1708 2177 1743 2210 ὡς
1751 2171 1784 2205 εἶ-

1012 2223 1054 2240 ναι
1069 2211 1117 2248 τὴν
1129 2212 1237 2252 λυχνίαν
1251 2212 1333 2242 τύπον
1342 2214 1413 2243 Θεοῦ
1423 2236 1431 2249 ,
1444 2215 1544 2253 μᾶλλον
1558 2214 1585 2244 δὲ
1598 2218 1644 2245 τοῦ
1658 2216 1783 2255 Σωτῆρος

1012 2253 1089 2289 ἡμῶν
1100 2272 1108 2286 ,
1122 2251 1167 2280 καὶ
1181 2253 1229 2287 τῆς
1246 2252 1372 2293 ἐνσάρκου
1384 2255 1463 2283 αὐτοῦ
1476 2254 1632 2293 οἰκονομίας.
1652 2256 1693 2285 Οὐ
1705 2254 1783 2294 γινώ-

1014 2302 1084 2324 σκεις
1107 2290 1134 2319 τί
1152 2292 1210 2320 ἐστι
1221 2294 1322 2328 ταῦτα;
1339 2293 1427 2333 Οὐχὶ,
1444 2293 1527 2333 κύριε.
1542 2293 1621 2332 Λέγει
1633 2305 1640 2311 ·
1662 2290 1733 2324 οὗτοι
1757 2295 1782 2323 οἱ

1013 2330 1106 2359 κλάδοι
1118 2331 1144 2360 οῖ
1156 2330 1202 2359 δύο
1216 2330 1280 2360 εἰσὶν
1296 2333 1320 2360 οἱ
1333 2331 1379 2361 δύο
1391 2333 1442 2362 υἱοὶ
1464 2335 1512 2368 τῆς
1526 2333 1650 2369 πιότητος
1662 2355 1670 2368 ,
1687 2333 1714 2362 οἳ
1726 2345 1782 2363 πα-

1015 2369 1158 2408 ρεστήκασι
1177 2371 1215 2419 tif)
1241 2370 1331 2411 Κυρίῳ
1345 2371 1432 2408 πάσης
1443 2375 1490 2407 τῆς
1500 2374 1564 2412 γῆς·
1577 2373 1607 2402 οὗ
1618 2374 1651 2411 τῆ
1665 2372 1761 2412 λυχνίᾳ
1772 2395 1780 2408 ,

1014 2409 1082 2438 κατὰ
1091 2410 1120 2438 τὸ
1130 2421 1300 2449 φαινομενον,
1315 2410 1383 2440 ἀλλὰ
1397 2412 1445 2451 Τῷ
1459 2411 1549 2451 Κυρίῳ
1562 2411 1650 2447 πάσης
1663 2413 1711 2446 τ’ἧς
1722 2414 1780 2451 Υῆς-

976 2456 994 2478 B
1014 2447 1188 2488 Ἑπτάφωτον
1202 2449 1303 2488 εἰσάγει
1323 2450 1432 2490 λυχνίαν
1451 2450 1494 2479 διὰ
1507 2450 1555 2486 τὴν
1568 2454 1614 2480 τοῦ
1628 2450 1726 2490 Κυρίου
1741 2451 1782 2480 ἔν-

1013 2499 1109 2526 σαρκον
1129 2488 1287 2527 οἰκονομίαν.
1303 2489 1406 2529 Λυχνία
1419 2489 1470 2539 γὰρ
1483 2485 1516 2525 ἦν
1536 2490 1634 2526 ἀληθὴς
1646 2493 1662 2526 ἠ
1678 2490 1744 2530 σὰρξ
1763 2493 1780 2525 ἡ

1013 2527 1174 2563 δεσποτικὴ,
1196 2530 1213 2563 ἡ
1234 2531 1279 2556 τοῦ
1300 2528 1375 2567 ἁγίου
1395 2530 1549 2567 Πνευματος
1572 2529 1619 2562 τὰς
1639 2530 1782 2570 ἐλλάμψεις

1012 2566 1202 2595 ἑπταπλασίονι
1222 2567 1316 2607 χάριτι
1335 2567 1450 2602 δείξασα.
1475 2567 1657 2602 Ἐξελεύσεται
1670 2569 1721 2609 γὰρ
1735 2569 1780 2609 ῥά-
