1904 2840
85 2462 154 2482 Ιοηη.
168 2460 203 2483 15.

88 2498 123 2514 ΙΙ.

223 216 294 262 q68

222 291 268 329 qui
281 290 343 319 facit
351 299 431 328 opera
441 287 509 317 bona
519 287 607 316 solum
618 293 726 327 propter
738 287 837 323 Deum,
844 297 907 316 cum
917 297 959 316 ve·
977 289 997 312 Α

223 330 292 359 nerit
307 329 333 358 in
348 326 553 357 recordationem
566 332 674 355 actuum
686 336 799 355 suorum
815 326 960 361 bonorum,

223 379 327 398 necesse
339 367 419 396 habet
434 366 526 395 venire
537 366 699 404 frequenter,
712 373 757 395 aut
772 367 828 395 Deo
839 371 962 395 movente

223 408 393 448 cogitationes
406 405 494 435 cordis
508 405 566 445 ejus
575 405 604 434 in
617 415 657 442 eo,
670 411 716 434 aut
725 404 963 450 diabolo,·praeter-

223 448 304 477 misso
316 448 387 475 Deo:
398 445 486 474 nescio
497 451 666 477 tamen.cum
678 445 782 474 venerit
792 443 962 473 constderans

208 519 210 522 r
224 487 292 516 intra
299 496 326 514 sc
337 492 362 514 et
373 492 447 514 actus
457 495 520 513 suos
533 484 628 519 bonos,
641 490 668 514 et
678 491 801 513 naturam
814 483 901 513 carnis
909 493 964 512 suae

224 525 393 560 malevolam,
400 524 439 553 sic
447 523 520 562 loqui
524 530 567 553 tur
575 523 603 552 in
610 523 817 562 cogitationibus
822 523 879 552 suis
889 523 963 552 :Non

224 576 272 604 ego
286 565 342 593 haec
360 563 422 593 feei.
437 564 493 593 Nec
509 563 580 592 enim
593 563 722 592 credibile
739 563 797 592 sine
810 564 868 592 Deo
886 569 964 591 natu-

225 615 281 634 ram
295 604 382 633 carnis
397 603 524 643 injustam
539 603 626 632 facere
643 613 712 648 opus
717 602 833 642 justum,
846 601 894 631 sed
906 601 962 631 vir—

224 652 267 673 tus
278 643 369 683 gratiae
382 642 494 675 Christi,
509 652 591 681 quam
603 641 679 672 dedit
693 642 850 671 hominibus
869 652 916 681 pcr
929 641 965 670 fi-

224 684 285 713 dem
296 682 410 711 nominis
420 682 472 711 sui.
480 682 515 711 Et
523 681 584 711 talis
593 682 718 721 cogitatio
728 682 786 722 ejus
797 681 826 710 fit
835 680 964 710 confessio

224 730 284 752 ante
297 722 446 755 Christum,
458 720 610 751 audientem
624 721 715 751 tacitas
727 720 919 760 cogitationum
931 720 966 749 lo-

225 762 363 801 quentium
381 771 470 791 voces.
488 761 555 790 Item
577 761 664 790 omnis
684 767 823 801 peccator,
836 759 882 799 qui
906 761 966 789 fecit

225 812 304 841 opera
315 801 396 836 mala,
407 811 470 829 cum
481 801 584 830 venerit
595 800 623 829 in
636 800 844 830 recordationem
857 807 965 829 actuum

224 851 335 870 suorum
349 840 481 869 malorum
494 851 501 868 ε
514 850 620 870 necesse
631 840 702 869 enim
715 839 795 869 hahet
807 839 900 868 venire
913 839 965 869 sre-

224 887 346 919 queuter,
361 880 418 909 sive
442 879 501 919 ipso
520 879 628 909 Christo
650 886 774 909 movente
793 878 965 918 cogitationes
983 884 1001 906 Β

224 919 313 949 cordis
327 920 385 959 ejus
395 919 423 949 in
438 929 480 955 eo,
497 919 554 949 sive
566 918 686 955 diabolo,
700 919 749 948 Dei
769 918 943 959 permissione
955 930 963 946 ε

224 959 278 988 scio
298 966 396 995 tamen,
407 958 515 988 veniens
533 969 680 997 numquam
693 958 810 999 seipsum
822 958 966 997 reprehen-

224 999 264 1028 dit
275 999 302 1027 in
320 997 526 1038 cogitationibus
542 998 610 1034 suis,
624 1008 770 1037 numquam
787 997 904 1037 seipsum
918 1008 963 1027 ac-

223 1045 310 1075 cusat,
320 1048 466 1076 numquam
481 1048 509 1067 se
518 1038 623 1083 judicat
635 1048 723 1073 reum,
739 1038 808 1067 sicut
819 1037 906 1066 solent
918 1037 966 1066 sa·

224 1087 282 1107 cere
299 1079 322 1106 si
341 1077 504 1116 deliquerint
513 1077 579 1116 justi
596 1090 602 1106 x
618 1077 738 1116 alioquin
751 1083 777 1106 et
790 1084 966 1116 compunctus

224 1116 423 1155 emendaretur;
438 1115 486 1146 sed
502 1123 611 1147 excusat
626 1127 655 1147 se
667 1127 773 1157 semper
787 1116 815 1145 in
826 1116 966 1155 cogitatio-

223 1156 304 1186 nibus
315 1156 382 1192 suis,
391 1162 417 1186 et
427 1155 567 1186 absolvere
575 1167 604 1186 se
616 1155 723 1186 festinat
732 1167 747 1185 a
758 1162 834 1185 reatu
845 1163 966 1196 peccato·

224 1207 285 1225 rum
297 1207 418 1226 suorum.
435 1197 489 1225 Aut
504 1196 575 1225 enim
586 1195 754 1225 naturalibus
767 1195 966 1225 necessitatibus

225 1236 340 1275 imputat
370 1235 423 1264 uod
432 1235 563 1275 peccavit,
572 1243 618 1265 aut
627 1235 654 1275 pl
659 1246 690 1264 us
698 1235 733 1264 ab
742 1235 868 1264 omnibus
878 1236 966 1264 Deum

224 1275 330 1314 exigere
347 1246 426 1311 dicit,
441 1285 522 1313 quam
538 1275 595 1315 ipsa
609 1274 712 1314 patitur
731 1274 871 1304 hominum
885 1274 966 1303 habi-

224 1314 300 1344 tudo.
317 1315 377 1344 Non
400 1320 484 1354 potest
503 1314 575 1343 enim
594 1314 664 1343 bona
685 1314 810 1353 cogitare,
824 1313 872 1352 qui
895 1314 966 1343 mala

224 1364 305 1399 opera
317 1354 381 1382 facit
395 1365 401 1381 ε
414 1353 484 1382 sicut
497 1363 544 1382 nec
556 1353 625 1382 mala
638 1353 754 1393 cogitare
761 1360 858 1393 potest,
873 1353 920 1392 qui
930 1353 967 1382 fa-

224 1400 261 1422 cit
274 1393 343 1422 bona
357 1399 468 1432 propter
480 1393 574 1422 Deum.
587 1393 622 1422 Et
634 1393 721 1422 bonus
733 1392 842 1431 quidem
858 1392 966 1422 forsitan

225 1431 362 1461 interdum
373 1432 443 1461 mala
454 1432 555 1471 cogitat
571 1443 578 1460 τ
593 1432 721 1470 quoniam
732 1432 818 1461 omnis
827 1432 907 1461 homo
917 1431 967 1461 etsi

225 1471 374 1501 secundum
384 1472 550 1501 voluntatem
561 1471 656 1500 animae
667 1471 754 1500 bonus
766 1479 817 1507 est,
833 1478 920 1500 tamen
929 1482 967 1500 sc-
984 1480 1003 1504 c

225 1510 343 1540 cundum
368 1518 490 1540 naturam
511 1510 599 1540 carnis
611 1510 698 1539 malus
711 1517 760 1539 est.
776 1510 867 1539 Malus
877 1517 966 1539 autem

225 1550 392 1590 impossibile
405 1557 444 1579 est
458 1557 486 1579 ut
500 1550 597 1589 cogitet
607 1549 823 1588 bona,quoniam
835 1556 861 1578 et
870 1559 966 1578 secun-

225 1589 291 1619 dum
303 1596 425 1619 naturam
432 1589 519 1618 carnis
529 1589 616 1618 malus
626 1596 707 1624 est‚et
718 1588 868 1625 secundum
873 1589 967 1618 anima:

225 1630 389 1658 voluntatem
411 1639 563 1669 perversus,
575 1635 600 1658 et
618 1629 680 1658 talis
701 1628 828 1668 cogitatio
851 1629 968 1667 maligna

226 1669 266 1699 fit.
280 1668 396 1706 Quando
409 1669 481 1698 enim
494 1675 616 1708 peccator
628 1667 698 1697 nihil
714 1668 779 1698 boni
792 1678 870 1707 posse
882 1668 968 1697 facere

226 1709 383 1745 arbitratur,
399 1707 559 1748 impediente
571 1715 675 1743 natura,
689 1708 740 1737 nisi
752 1714 855 1736 tantum
867 1717 967 1747 cogno-

227 1758 299 1777 scere
313 1750 400 1777 Deum
415 1755 441 1776 et
454 1747 593 1777 Christum
609 1747 710 1777 Filium
723 1748 782 1787 ejus
798 1759 805 1776 ε
821 1757 908 1776 nonne
921 1758 968 1776 co-

228 1787 401 1826 gitationibus
413 1787 469 1816 suis
482 1787 532 1816 hoc
541 1786 630 1816 dicere
641 1786 750 1816 videtur
762 1786 796 1816 ad
810 1786 970 1816 Christum?

228 1827 298 1864 Quia
318 1827 388 1855 nihil
407 1827 471 1855 honi
489 1837 566 1866 posse
583 1827 671 1856 facere
683 1826 777 1856 creasti
793 1837 846 1862 me,
861 1827 911 1855 nisi
924 1836 970 1855 so-

228 1866 286 1895 lnm
297 1876 454 1905 cognoscere
471 1878 477 1894 :
493 1877 552 1895 eccc
565 1866 647 1895 habes
660 1866 819 1895 beneficium
833 1872 921 1894 tuum.
935 1866 970 1895 Et

229 1906 281 1934 hoc
294 1905 383 1945 ipsum
395 1906 473 1945 quasi
488 1905 557 1935 nihil
570 1905 702 1935 aestimans
716 1905 791 1940 dicit,
805 1905 878 1944 quod
889 1905 969 1935 Chri-

230 1952 300 1974 stum
314 1945 459 1984 cognoscit.
473 1945 604 1976 Similiter
615 1951 641 1974 et
650 1944 754 1984 judicia
766 1945 877 1981 Christi,
890 1951 915 1974 et
928 1955 971 1974 oc-

231 1984 302 2013 culta
324 1984 358 2014 de
378 1985 533 2014 hominibus
552 1991 599 2014 aut
620 1984 709 2021 bonis,
724 1991 771 2013 aut
789 1984 879 2018 malis,
894 1984 971 2023 quasi

231 2034 360 2063 responsa
370 2031 520 2064 ponuntur:
530 2023 559 2053 id
568 2031 617 2059 est,
631 2034 684 2053 non
694 2024 758 2062 quia
770 2024 920 2064 specialiter
931 2024 970 2052 sic

230 2063 353 2092 Christus
371 2063 524 2103 respondit,
546 2062 594 2093 sed
615 2063 678 2102 quia
694 2064 758 2093 talia
780 2070 842 2093 sunt
866 2063 968 2103 judicia
989 2068 1008 2090 D

230 2102 331 2131 Christi
342 2103 515 2132 invisibiliter
522 2102 679 2143 judicantis.
695 2103 903 2142 Congratulatur
916 2114 971 2132 au-

231 2148 284 2170 tem
303 2142 391 2181 justus
412 2143 484 2181 apud
505 2143 622 2182 seipsum
640 2142 798 2182 :pi-imum,
819 2142 882 2181 quia
906 2142 971 2172 talia

231 2191 313 2221 opera
324 2181 386 2210 fecit
399 2194 404 2209 :
416 2181 524 2216 deinde,
539 2183 602 2221 qnia
617 2181 686 2210 nihil
698 2192 791 2210 eorum
811 2182 862 2211 sibi
877 2182 970 2221 impu-

231 2221 308 2256 tavit,
322 2220 368 2250 sed
384 2222 472 2250 omnia
487 2222 611 2258 Christo;
626 2228 735 2261 propter
749 2221 824 2259 quod
840 2221 970 2267 superad-

232 2259 306 2289 ditur
319 2261 343 2289 ei
360 2261 442 2300 gratia
456 2261 574 2301 Spiritus
593 2260 687 2298 sancti,
699 2267 725 2290 et
742 2260 888 2290 introducit
908 2271 971 2290 eum

233 2299 260 2327 in
281 2310 359 2329 suum
381 2300 523 2339 gaudium,
533 2306 563 2329 ut
582 2299 620 2329 sic
642 2299 755 2338 gaudeat
773 2299 800 2329 in
814 2301 911 2330 futurae
925 2311 972 2340 spe

234 2338 324 2377 gloriae
338 2350 403 2375 suae,
417 2339 486 2369 sicut
499 2339 596 2379 gaudet
608 2346 633 2369 et
648 2339 781 2369 Christus.
794 2341 863 2369 Nam
883 2350 971 2379 quan-

235 2384 291 2406 tum
312 2378 412 2417 largior
431 2379 510 2408 fuerit
531 2389 590 2418 spes
613 2378 742 2413 hominis,
755 2385 859 2408 tantum
882 2379 971 2408 condis

234 2416 290 2455 ejus
311 2418 441 2456 gaudium
462 2418 572 2458 plenum
583 2425 631 2447 est.
647 2417 723 2447 Sicut
736 2418 762 2447 in
777 2418 830 2447 alio
844 2419 902 2448 loco
916 2421 971 2448 Do-

235 2456 323 2485 minus
339 2456 404 2486 dicit
419 2457 561 2497 discipulis
572 2457 628 2487 suis
643 2469 649 2485 :
663 2458 735 2486 Hoec
753 2458 890 2498 loquutus
907 2469 971 2487 sum

235 2497 329 2529 vobis,
345 2502 375 2524 ut
389 2498 527 2535 gaudium
545 2507 640 2526 meum
655 2498 688 2525 in
705 2499 790 2526 vobis
802 2499 850 2534 sit,
864 2504 892 2526 et
903 2508 972 2537 gau-

235 2534 314 2562 dium
336 2542 464 2564 vestrum
482 2537 653 2575 impleatur,
672 2535 702 2565 id
721 2543 770 2574 est,
789 2547 850 2576 spes
873 2544 970 2566 vestra.

235 2573 300 2611 Spes
321 2574 391 2602 enim
412 2575 487 2613 plena
507 2575 635 2611 hominis,
654 2576 764 2616 plenum
785 2583 824 2605 est
843 2576 972 2622 gaudium

235 2612 323 2641 cordis
342 2612 435 2651 ipsius.
452 2615 574 2643 Peccator
591 2622 677 2644 autem
692 2615 782 2654 qualia
796 2615 916 2645 diximus
930 2627 973 2644 co-

816 224 872 247 01‘1
877 224 903 247 ts
928 223 964 247 ΙΜ
969 223 1028 247 ruit
1033 224 1165 248 morunt

1012 286 1109 354 giemus,
1126 286 1244 327 graviter
1263 285 1335 318 fert:
1351 288 1482 328 primum,
1497 286 1562 326 quia
1581 287 1653 317 mala
1671 287 1736 317 fecit
1750 298 1757 315 τ

1033 325 1128 363 eindc,
1149 327 1214 365 quia
1235 327 1356 367 ingratus
1374 333 1425 363 est,
1450 327 1556 356 nullam
1579 326 1707 356 virtutem
1731 337 1759 356 se
1785 357 1795 361 ,

1014 365 1147 395 :estimans
1157 366 1290 406 accepisse
1303 366 1339 396 ad
1349 366 1503 396 faciendum
1516 377 1532 396 o
1553 377 1597 396 era
1610 367 1694 403 bona,
1707 366 1760 396 nisi

1015 404 1116 434 nudam
1129 405 1251 434 notitiam
1259 406 1327 446 ejus.
1341 407 1453 445 Propter
1465 416 1504 444 qu
1555 406 1633 446 jubet
1650 406 1710 436 tolli
1725 406 1760 436 ab

1015 454 1047 473 eo
1061 444 1141 473 etiam
1152 444 1205 473 boc
1218 445 1309 484 ipsum
1323 445 1398 484 quod
1417 452 1558 484 cognoscat
1569 445 1722 483 Christum,
1735 452 1761 475 et

1015 483 1084 512 mitti
1094 494 1156 513 eum
1170 484 1198 513 in
1209 484 1330 514 tenebras
1341 485 1494 514 exteriores.
1504 486 1520 515 J
1524 485 1704 521 abstantem,
1714 485 1762 515 sic-

1019 529 1050 552 ut
1061 523 1188 559 arbitror,
1199 524 1332 563 malignos
1345 524 1458 565 spiritus
1471 525 1650 554 ministrantes
1661 524 1714 554 sibi
1726 524 1762 554 ad.
1775 524 1777 535 ³

1017 562 1154 602 mala,qui
1175 563 1347 593 obscurantes
1368 569 1482 594 mentem
1502 565 1560 604 ejus
1575 570 1601 593 et
1613 563 1762 604 obligantes

1016 611 1097 641 opera
1116 603 1185 642 ejus,
1200 609 1226 632 et
1247 603 1358 633 consilia
1380 603 1472 639 simul,
1483 602 1558 642 quod
1575 610 1615 633 est
1631 613 1726 633 manus
1736 610 1763 632 et

1017 640 1108 680 pedes,
1123 648 1152 671 ut
1167 642 1237 671 nihil
1253 643 1367 672 ulterius
1383 643 1448 672 boni
1459 649 1506 672 aut
1516 643 1652 672 consiliari
1665 643 1760 682 possit,

1017 687 1064 709 aut
1084 691 1173 721 agere,
1188 682 1298 711 mittunt
1316 693 1378 712 eum
1398 683 1480 712 foras.
1496 682 1554 712 Ubi
1573 682 1663 711 foras?
1677 683 1762 712 Extra

1019 720 1166 750 Ecclesiam
1188 721 1307 758 Christi,
1329 729 1406 752 extra
1427 721 1508 752 fidem
1530 721 1659 758 veritatis,
1685 728 1762 751 extra

1018 767 1180 790 conventum
1193 767 1356 798 sanctorum,
1372 761 1400 790 in
1415 760 1527 791 haereses
1538 761 1703 797 tenebrosas,
1714 760 1762 790 ubi

1019 809 1071 828 non
1091 810 1106 828 a
1126 807 1202 839 paret
1215 800 1263 830 lux
1279 801 1410 838 veritatis,
1425 801 1465 830 sol
1481 800 1593 841 justitiae
1616 810 1763 839 numquam

1018 838 1094 878 splen
1130 845 1150 867 t.
1162 841 1223 869 Non
1240 840 1313 869 enim
1334 840 1416 877 dixit,
1429 841 1460 870 In
1474 840 1596 870 tenebras
1610 839 1761 876 inferiores,

1021 885 1050 906 ut
1069 878 1212 908 infernales
1227 879 1407 919 intelligamus
1419 890 1426 907 :
1438 880 1497 915 sed,
1512 881 1550 909 In
1561 881 1697 914 tenebras
1709 889 1763 908 ex·

1019 920 1150 954 terior-es,
1162 925 1191 947 ut
1202 919 1315 950 haereses
1326 919 1508 958 intelligamus
1519 930 1573 959 prae
1585 919 1688 948 caeteris
1701 918 1766 959 plus

1018 957 1181 986 tenebrosas.
1199 959 1253 987 Aut
1272 965 1344 988 certe
1361 959 1491 997 quamdiu
1512 958 1622 997 quidem
1642 965 1765 999 peccator

1013 996 1088 1025 =mala
1100 1004 1237 1042 operatur,
1252 1004 1299 1027 aut
1311 998 1420 1038 cogitat,
1433 998 1460 1027 iu
1479 998 1594 1028 tenebris
1608 1005 1658 1035 cst,
1673 997 1722 1027 sed
1736 997 1764 1027 in

1018 1036 1134 1081 tenebris
1148 1037 1387 1105 propinquioribus
1403 1050 1412 1067 ε
1426 1037 1535 1076 quando
1554 1044 1644 1067 autem
1663 1038 1692 1071 in
1706 1037 1765 1067 hae-

1019 1085 1100 1104 resim
1116 1086 1197 1115 quam
1207 1087 1261 1121 'am
1281 1077 1434 1118 projicitur,
1449 1083 1513 1106 tunc
1526 1076 1669 1117 projicitur
1683 1076 1712 1106 in
1725 1083 1765 1106 te·

1019 1115 1115 1145 nebras
1128 1122 1286 1145 exteriores.

1181 1223 1314 1252 Humilia
1328 1222 1381 1252 liv.
1396 1233 1433 1253 ex
1451 1233 1517 1262 cap.
1532 1233 1605 1253 :cz-v.

1060 1314 1110 1342 5¹.
1133 1313 1206 1342 Cum
1224 1319 1323 1343 autem
1335 1316 1450 1343 venerit
1469 1314 1566 1344 Filius
1589 1316 1718 1346 hominis
1732 1317 1766 1346 in

1022 1354 1175 1391 majestate
1186 1362 1251 1389 sua,
1268 1359 1297 1382 et
1317 1363 1417 1383 omnes
1430 1354 1530 1394 angeli
1551 1365 1616 1385 cum
1636 1366 1680 1392 eo,
1694 1362 1767 1386 tunc

1020 1392 1131 1421 sedebit
1151 1402 1237 1431 super
1257 1393 1352 1422 sedem
1372 1395 1533 1432 majestatis
1551 1404 1623 1431 suoe,
1637 1402 1688 1427 etc.
1702 1396 1765 1426 Cri·

1021 1431 1138 1460 minosas
1157 1441 1283 1470 personas
1304 1431 1392 1471 judex
1414 1432 1558 1462 auditurus
1585 1434 1613 1462 in
1640 1435 1763 1474 publico,

1022 1471 1141 1499 tribunal
1156 1481 1236 1499 suum
1252 1471 1367 1500 collocat
1380 1471 1407 1500 in
1421 1472 1537 1508 excelso,
1546 1473 1616 1502 circa
1627 1484 1655 1503 se
1667 1476 1766 1504 consti-

1021 1510 1074 1538 tuit
1084 1509 1187 1539 vexilla
1207 1510 1318 1548 regalia,
1332 1517 1393 1539 ante
1411 1518 1583 1551 conspectum
1595 1523 1676 1542 suum
1689 1515 1766 1558 ponit

1022 1559 1103 1588 super
1127 1558 1246 1578 mensam
1266 1549 1435 1586 calliculam,
1463 1551 1538 1580 unde
1563 1551 1651 1581 tribus
1672 1552 1767 1597 digitis

1022 1594 1134 1617 mortem
1149 1588 1289 1617 hominnm
1312 1589 1411 1618 scribat
1431 1596 1477 1619 aut
1498 1590 1582 1620 vitam
1599 1603 1606 1619 :
1622 1591 1686 1621 binc
1705 1592 1768 1621 inde

1022 1627 1150 1657 officiales
1164 1627 1286 1658 ordinate
1298 1629 1454 1665 consistunt,
1467 1630 1495 1658 in
1514 1630 1603 1659 medio
1627 1632 1767 1661 secretario

1022 1674 1160 1735 ponuntur
1171 1677 1266 1706 genera
1278 1667 1410 1698 horrenda
1422 1679 1572 1709 poenarum,
1588 1681 1648 1709 quae
1657 1681 1711 1700 non
1721 1682 1767 1701 so-

1036 1717 1081 1735 um
1094 1707 1159 1752 pati,
1173 1706 1218 1736 sed
1226 1714 1252 1736 et
1262 1707 1355 1737 videre
1364 1715 1526 1738 tormentum
1537 1716 1586 1739 est.
1602 1711 1678 1740 Stant
1689 1712 1767 1751 juxta

1058 1753 1107 1775 rati
1128 1753 1251 1782 tortores,
1263 1746 1427 1777 crudeliores
1445 1758 1474 1778 as
1524 1755 1552 1777 tu
1577 1759 1658 1788 quam
1682 1751 1768 1780 mani-

1042 1796 1083 1814 us.
1099 1787 1168 1815 Tota
1178 1785 1277 1825 judicii
1297 1787 1377 1816 facies
1389 1787 1466 1826 cujus
1544 1789 1686 1818 schematis
1707 1796 1767 1819 ter-

1022 1835 1082 1854 rore
1094 1826 1214 1855 vestitur.
1229 1825 1335 1856 Etcum
1344 1826 1380 1856 ad
1393 1827 1512 1856 medium
1523 1827 1662 1867 productae
1670 1829 1769 1859 suerint

1023 1865 1173 1894 criminosae
1186 1875 1316 1905 personae,
1330 1874 1393 1896 ante
1415 1867 1647 1907 interrogationem
1666 1868 1769 1908 judicis

1025 1904 1223 1944 ipsius,judicii
1234 1905 1348 1934 terribili
1363 1906 1545 1936 discutiuntur
1556 1914 1674 1947 aspectu.
1686 1908 1768 1938 Simi-

1024 1943 1086 1973 liter
1104 1951 1130 1973 et
1144 1944 1275 1974 Dominus
1295 1955 1323 1974 se
1341 1945 1522 1985 adjudicium
1542 1954 1687 1976 venturum
1706 1958 1768 1987 pro-

1025 1983 1107 2012 mittit
1120 1984 1245 2013 similiter
1261 1995 1323 2013 cum
1343 1991 1468 2018 tremore.
1478 1996 1531 2015 non
1545 1996 1606 2015 cum
1617 1987 1702 2016 simili
1712 1994 1768 2017 ter-

1025 2033 1095 2052 rore.
1112 2024 1181 2052 Nam
1193 2030 1220 2052 et
1231 2023 1301 2052 bona
1315 2031 1341 2053 et
1354 2025 1423 2054 mala
1437 2025 1560 2055 similiter
1571 2025 1693 2056 ordinata
1706 2034 1769 2056 sunt

1026 2062 1052 2090 in
1063 2069 1132 2092 terra
1143 2063 1213 2092 sicut
1226 2063 1253 2092 in
1267 2063 1342 2100 caelo,
1351 2074 1404 2093 non
1419 2071 1505 2094 tamen
1514 2065 1626 2094 similia.
1635 2066 1708 2105 Ergo
1721 2067 1767 2096 vi-

1024 2101 1116 2131 dentes
1127 2102 1154 2130 in
1164 2109 1234 2131 terra
1248 2111 1351 2147 poenas,
1361 2110 1387 2132 et
1403 2104 1512 2143 glorias,
1525 2114 1577 2132 non
1598 2105 1699 2134 similes
1713 2116 1764 2145 pu-

1026 2148 1081 2170 tare
1095 2140 1224 2170 debemus
1246 2151 1273 2170 m
1288 2142 1353 2171 caelo
1371 2153 1376 2168 :
1391 2142 1438 2171 sed
1456 2153 1519 2172 cum
1530 2143 1584 2172 sint
1598 2143 1667 2174 ,talia
1685 2155 1717 2174 su
1737 2156 1767 2174 er

1026 2187 1133 2217 terram,
1146 2180 1231 2210 multo
1245 2181 1348 2220 majora
1360 2182 1489 2221 suspicari
1503 2182 1632 2212 debemus
1649 2183 1677 2212 in
1687 2156 1764 2213 caello.

1025 2222 1163 2257 Quantum
1188 2220 1260 2249 enim
1272 2222 1343 2250 Deus
1366 2221 1447 2251 distat
1472 2222 1506 2251 ab
1527 2222 1644 2257 homine,
1663 2230 1766 2254 tantum

1025 2260 1128 2289 caeleste
1141 2260 1278 2299 judicium
1299 2271 1314 2289 a
1334 2267 1448 2290 terreno.
1471 2261 1553 2291 Istius
1575 2262 1647 2291 enim
1668 2263 1767 2303 judicii

1025 2299 1152 2339 splendor
1168 2299 1194 2329 in
1211 2299 1354 2337 schemate,
1368 2300 1443 2330 illius
1461 2308 1550 2331 autem
1567 2301 1666 2341 judicii
1684 2304 1768 2343 maje-

1026 2346 1078 2368 stas
1097 2339 1123 2367 in
1142 2340 1253 2368 veritate
1264 2361 1272 2376 ,
1289 2346 1399 2369 testante
1425 2341 1575 2380 propheta:
1602 2342 1682 2372 Deus
1703 2353 1767 2372 ma·
1778 2351 1845 2373 Psal.

1027 2380 1131 2417 niseste
1155 2382 1270 2413 veniet,
1296 2380 1375 2409 Deus
1401 2387 1499 2409 noster
1523 2387 1552 2409 et
1573 2391 1633 2410 non
1659 2382 1764 2411 silebit.
1777 2383 1799 2406 3.

1025 2420 1107 2458 Ignis
1121 2422 1152 2447 in
1162 2425 1315 2457 conspectu
1330 2421 1392 2458 ejus
1405 2421 1531 2454 ardebit,
1542 2426 1571 2448 et
1590 2422 1623 2449 in
1645 2423 1767 2450 circuitu

1026 2459 1088 2497 ejus
1104 2464 1255 2497 tempestas
1275 2459 1389 2488 valida·
1408 2460 1577 2500 Manifeste,
1593 2460 1691 2498 inquit,
1714 2471 1767 2490 uon

1023 2499 1080 2537 jam
1093 2498 1193 2527 celatus
1208 2498 1234 2527 in
1257 2508 1378 2538 corpore,
1394 2499 1464 2528 sicut
1479 2505 1566 2534 antea,
1582 2506 1612 2528 ut
1632 2500 1681 2529 vix
1705 2510 1767 2530 eum

1026 2537 1105 2566 etiam
1120 2537 1184 2566 boni
1197 2545 1385 2577 cognoscerent
1401 2537 1467 2567 :sed
1493 2538 1649 2568 manifestus
1667 2541 1694 2568 in
1709 2540 1767 2578 glo-

1027 2577 1076 2611 rIa,
1095 2584 1124 2606 ut
1136 2577 1216 2606 etiam
1222 2577 1287 2606 mali
1300 2588 1362 2606 eum
1373 2577 1547 2607 confiteantur
1562 2578 1639 2607 inviti
1654 2590 1663 2607 ε
1677 2586 1706 2608 nt
1718 2579 1767 2617 qui

1026 2623 1223 2646 contemserunt
1233 2627 1306 2653 eum,
1316 2617 1343 2645 in
1356 2617 1518 2655 humilitate,
1532 2625 1691 2657 cognoscant
1704 2629 1766 2647 eum

1775 1239 1855 1258 (mv

1897 1523 1904 1685 ..-.—.—...-
1902 1499 1904 1502 .
1901 1472 1904 1479 .
1902 1430 1904 1437 .
