1890 2826
69 1095 91 1140 ἑ.
104 1089 162 1115 neg.
174 1093 208 1108 12.

214 208 284 252 [⁸04

211 278 312 309 indicat
341 279 413 308 Deus
441 275 560 307 samueli
589 275 682 305 dicens
710 286 717 303 ε
744 276 823 305 Hunc
850 274 951 312 inunge
1004 274 1076 313 αὐτῷ
1087 273 1340 312 συμὸουλεύσαντος,
1351 272 1498 314 εῑσίρχεται
1507 273 1573 313 πρὸς
1581 273 1625 302 τὸν
1635 272 1774 311 Σαμουὴλ,

211 335 311 364 regem.
328 323 445 353 Accessit
459 322 525 352 Saiil
542 322 693 351 Samuelem
713 322 887 360 interrogans,
905 319 952 349 ubi
1005 319 1146 359 ἐρωτήσων
1159 318 1220 359 περὶ
1232 321 1320 349 αὐτοῦ.
1333 319 1457 360 Γνωρίζει
1471 319 1549 350 αὖτὸν
1563 322 1578 349 6
1590 319 1658 353 Θεὸς
1671 322 1708 359 τῷ
1721 321 1777 349 Σα·

211 378 280 400 esset
302 370 412 407 videns;
431 369 470 398 sic
489 369 560 398 enim
582 368 725 409 prophetas
741 368 880 398 vocabant.
902 366 952 395 Ille
968 363 987 387 Ε
1007 364 1093 404 μουὴλ
1105 365 1201 404 λέγων,
1217 365 1258 395 ὅτι
1269 368 1361 395 τοῦτον
1374 370 1467 406 χρῖσον
1486 365 1607 406 βασιλέα.
1621 367 1777 405 Προσῆλθεν

213 426 277 446 vero
289 415 438 455 respondit,
453 426 481 443 se
495 414 584 455 ipsum
595 425 661 451 esse,
677 421 702 443 et
714 413 861 443 adductum
875 412 954 441 illum
1006 414 1020 440 6
1041 409 1131 440 Σαοὺλ
1153 411 1256 450 ἐρωτῶν
1278 411 1323 441 τὸν
1343 411 1487 450 Σαμουὴλ,
1501 414 1552 441 ποῦ
1567 411 1609 447 εἴη
1626 413 1640 440 ὁ
1655 411 1759 450 βλέπων
1769 423 1777 430 ·

213 462 242 491 in
257 461 405 498 Bama,ubi
415 460 578 490 sacrificium
589 459 664 500 apud
675 459 808 500 populum
816 465 883 494 erat,
892 468 955 487 con·
1006 455 1075 486 οὕτω
1088 456 1140 496 γὰρ
1155 456 1264 486 ἐκάλουν
1282 457 1343 490 τοὺς
1358 457 1504 498 προφήτας.
1527 457 1562 487 Ὁ
1576 457 1604 486 δὲ
1618 456 1667 497 ἔφη
1676 478 1685 492 ,
1699 456 1778 486 αὐτὸν

213 509 289 539 vivio
300 508 416 548 excepit,
434 514 461 537 et
474 508 645 537 illucescente
653 511 762 544 aui-ora,
773 506 882 546 quando
893 516 955 535 cum
1007 498 1083 539 εἶναι,
1092 502 1138 531 καὶ
1147 503 1287 543 ἀναγαγὼν
1302 503 1380 534 αὐτὸν
1393 506 1430 537 εἷς
1442 505 1523 543 Ray-8
1532 503 1625 544 (θυσία
1633 503 1684 543 γὰρ
1695 498 1728 539 ἦν
1738 505 1778 543 τῷ

214 555 263 584 illo
289 554 481 591 descendebat,
505 547 603 584 effudit
635 553 664 583 in
696 553 776 583 illum
801 552 957 582 lenticulam
1007 548 1142 589 λαῷ)»καῖ
1158 549 1292 586 ἑστιάσας,
1304 550 1355 580 ὕπὸ
1366 550 1414 586 τὴν
1429 549 1465 579 ἕω
1478 550 1611 579 κατελθὼν
1626 551 1685 589 μετ’
1698 550 1779 578 αὖτᾶὗ

214 600 278 637 olei,
294 600 437 639 ipsumque
457 600 580 630 osculans
597 599 636 629 sic
650 599 746 629 affatus
763 605 818 628 est:
836 594 956 637 impera·
1007 594 1133 635 κατέχεεν
1142 596 1220 624 αὐτοῦ
1229 595 1273 625 τὸν
1285 596 1367 636 φακὸν
1377 599 1424 625 τοῦ
1434 595 1532 632 ἐλαίου,ι
1542 596 1587 626 καὶ
1598 595 1780 636 καταφιλήσας

213 647 256 676 bis
274 646 388 686 populo,
411 653 437 676 et
458 646 543 687 signis
556 646 718 686 quibusdam
729 646 810 683 datis,
818 645 906 675 emisit
919 645 957 673 il-
1009 641 1086 670 αὐτὸν
1096 637 1168 670 εἶπεν
1179 641 1308 682 αὖτῷ,ὅτῑ
1319 641 1405 682 ἄρξεις
1411 645 1457 671 τοῦ
1466 643 1541 679 λαοῦ,
1550 641 1596 671 καὶ
1609 640 1709 680 σημεῖά
1720 652 1780 670 τινα

214 693 283 728 lum,
296 699 321 721 et
332 692 504 732 prophetavit
523 691 884 732 Saiil.1nterr0gatSaiilem
898 692 958 731 ejus
964 713 1001 733 ω
1010 686 1068 720 δοὺς
1085 686 1230 727 ἐξέπεμψεν
1247 687 1341 724 αὐτὸν,
1354 687 1406 717 καὶ
1427 687 1620 728 προεφήτευσεν
1643 689 1658 716 ὁ
1679 686 1780 717 Σαούλ.

214 739 394 778 propinquus,
421 749 539 777 quonam
551 739 675 775 abiisset3
690 738 737 778 qui
753 737 900 778 respondit,
916 736 959 766 Ad
972 743 989 765 A
1011 732 1118 773 Ἐρῡπᾷ
1140 733 1184 762 τὸν
1206 733 1296 763 Σαοὺλ
1308 733 1322 750 ‘¹
1331 736 1345 763 ὁ
1357 735 1452 767 οἰκεῖος
1465 735 1561 769 αὗτθῦ,
1581 735 1632 762 ’1ῑῶ
1647 733 1764 767 ἇπῆλθῑν
1774 742 1783 750 ·

215 785 435 824 perquisitionem
445 785 591 814 asinarum.
600 786 790 824 ¹Congregatui·
803 783 921 824 populus
931 783 959 812 in
1011 782 1025 809 6
1046 779 1074 809 δὲ
1095 775 1182 817 εἶπεν,
1205 782 1242 814 εἷς
1261 780 1416 817 ἔπιζῆῆισῑν
1437 782 1490 810 τῶν
1508 780 1584 810 ὄνων·
1608 778 1757 819 Συνᾶγῑταῑ
1770 780 1785 808 ⁶

214 831 358 871 Massepha
372 843 380 860 ι
397 841 446 860 rex
465 831 638 861 constituitur
657 831 733 861 saul.
750 831 857 860 Bellum
870 836 961 860 movet
1010 825 1074 860 λαὸς
1088 827 1125 859 εἷς
1137 827 1291 867 Μασσηφᾶ·
1305 831 1495 867 χειροτονεῖται
1506 826 1605 856 Σαούλ.
1618 825 1785 856 Ἐπανίστα-

553 216 582 238 5.
609 214 744 238 JoANMS
769 212 951 237 CHRYSOST.
979 211 1133 236 ARCHIEP.
1163 211 1426 236 CONSTANTmoP.

215 887 264 906 rex
281 877 494 906 Ammanitarum
507 884 597 906 contra
612 876 768 906 Galaaditas
782 889 788 905 :
805 876 847 905 illi
861 875 962 915 legatos

216 923 326 951 mittunt
338 922 373 951 ad
386 922 450 952 Sati!
466 934 473 951 :
487 922 533 961 qui
548 922 628 951 motis
645 922 740 951 castris
753 921 880 962 praelium
899 931 962 951 cum

217 968 272 997 illis
286 968 431 1005 commisit,
445 975 471 997 et
484 968 574 997 hostes
584 967 693 997 omnino
707 967 873 1007 profligavit.
885 968 962 997 Con-

217 1014 323 1043 vivium
337 1014 472 1043 celebrant
484 1014 511 1042 in
524 1013 657 1052 Galgalis.
671 1013 851 1043 Concionatur
861 1012 964 1052 populo

219 1061 339 1090 Samuel.
348 1061 426 1090 Tunc
439 1060 527 1089 dixit:
538 1061 591 1089 An
600 1060 729 1088 vitulum
740 1061 912 1099 cujuspiam,
924 1070 965 1088 an

221 1109 336 1136 asinum
347 1109 507 1147 cujuspiam
521 1108 642 1146 accepi?
656 1107 785 1136 Hortatus
795 1106 857 1135 illos
868 1112 898 1134 ut
908 1106 965 1135 Deo

221 1153 442 1191 obsequerentur,
454 1159 589 1192 precatur,
604 1158 630 1181 et
645 1151 738 1190 pluvia
759 1151 788 1180 in
808 1151 854 1180 die
873 1151 966 1180 messis

221 1198 366 1226 delabitur.
387 1198 492 1226 Timuit
516 1198 645 1237 populus,
665 1197 855 1235 confessusque
877 1203 917 1225 est
939 1206 967 1225 se

1012 884 1057 901 ται
1071 874 1085 901 6
1100 872 1267 911 Ἀμμανιτῶν
1290 872 1412 913 βασιλεὺς
1429 876 1484 906 τοῖς
1505 871 1698 905 Γαλααδίτας
1718 881 1787 911 πρι-

1014 917 1153 947 σὸεύονται
1163 918 1228 958 πρὸς
1237 918 1283 948 τὸν
1290 919 1394 948 Σαούλ·
1405 918 1487 948 ἐλθὼν
1497 917 1680 957 συνεμάχησεν
1691 917 1788 952 αὐτοῖς,

1014 963 1060 993 καὶ
1073 959 1128 993 εἷλε
1144 963 1206 997 τοὺς
1218 964 1361 1003 πολεμίως
1369 964 1439 993 κατὰ
1452 963 1558 1003 κράτος.
1575 964 1747 1003 Εὒωχοῦνται
1760 962 1788 990 ἐν

1017 1010 1173 1049 Γαλγάλοις.
1186 1010 1239 1039 Καὶ
1253 1011 1398 1050 δημηγορεῖ
1411 1011 1476 1050 πρὸς
1486 1010 1531 1039 τὸν
1543 1010 1607 1039 λαὸν
1620 1011 1634 1038 6
1648 1007 1789 1048 Σαμουήλ.

1016 1055 1086 1085 Τότε
1099 1055 1184 1095 λέγει·
1197 1056 1307 1097 Μόσχον
1319 1056 1392 1090 τινὸς
1410 1056 1521 1096 εἴληφα,
1535 1054 1552 1091 ἢ
1564 1056 1622 1086 ὄνον
1634 1055 1704 1088 τινὸς
1717 1053 1790 1090 εἵλη-

1017 1113 1054 1142 φα
1061 1114 1069 1138 ;
1083 1101 1272 1142 Παραγγείλας
1283 1101 1310 1131 δὲ
1326 1104 1412 1136 αὐτοῖς
1422 1102 1564 1131 ὑπακούειν
1575 1103 1614 1142 τῷ
1627 1102 1700 1141 Θεῷ,
1711 1100 1791 1140 εὔχε-

1017 1160 1078 1185 ται,
1091 1147 1138 1177 καὶ
1150 1148 1224 1182 ὑετὸς
1238 1150 1265 1177 ἐν
1278 1148 1367 1189 ἡμέρᾳ
1385 1151 1508 1188 θερισμοῦ
1527 1148 1638 1188 γίνεται.
1652 1146 1790 1187 Ἐφοὸήθη

1018 1196 1032 1223 6
1053 1193 1131 1228 λαὸς,
1155 1194 1201 1223 καὶ
1223 1195 1400 1234 ὡμολόγησαν
1423 1194 1609 1235 ἡμαρτηκέναι
1635 1193 1792 1229 αἰτήσαντες

223 1254 344 1282 peccasse
363 1242 478 1283 petendo
502 1253 600 1282 regem.
626 1242 737 1272 Samuel
760 1249 850 1271 autem
873 1252 968 1271 rursus
982 1247 1001 1270 B
1021 1240 1143 1279 βασιλέα.
1159 1240 1193 1270 ‘0
1209 1240 1237 1270 δὲ
1255 1241 1385 1279 Σαμουὴλ
1399 1242 1478 1271 πάλιν
1489 1245 1627 1281 παραινεῖ,
1642 1240 1711 1270 ὥστε
1725 1236 1791 1269 &xo-¹

223 1290 358 1326 hortatur,
371 1296 399 1317 ut
418 1289 467 1318 Dei
479 1295 610 1329 praecepta
625 1295 779 1326 sequantur.
798 1287 968 1327 Alienigenas

224 1336 303 1366 caedit
324 1336 401 1366 Saiil.
416 1336 462 1365 llli
474 1343 563 1365 autem
579 1335 721 1375 indignati,
734 1335 837 1364 bellum
851 1334 969 1363 redinte-

227 1390 304 1422 grant
322 1393 384 1411 cum
405 1382 553 1422 majoribus
578 1381 673 1420 copiis.
688 1381 810 1420 Fugiunt
828 1380 968 1416 Israelitae,

226 1429 300 1458 solus
322 1429 486 1467 relinquitur
505 1428 581 1458 Saiil.
603 1428 690 1457 Offert
707 1427 894 1456 holocaustum
913 1427 970 1455 Deo

226 1486 279 1504 non
288 1481 440 1514 exspectato
449 1474 585 1511 Samuele,
596 1473 642 1512 qui
655 1480 683 1502 ut
692 1483 720 1502 se
729 1479 893 1512 exspectaret
901 1482 971 1512 prae-

226 1529 341 1561 ceperat.
358 1522 442 1552 Venit
457 1521 578 1558 Samuel,
593 1520 702 1559 indigne
720 1520 770 1549 fert
790 1519 819 1548 id
836 1519 911 1558 quod
924 1529 971 1558 ge-

227 1577 298 1599 stum
319 1576 385 1606 erat,
398 1571 517 1598 minatur
534 1569 586 1608 ipsi
609 1568 683 1607 regni
707 1567 928 1602 dissolutionem3
944 1567 972 1595 in

228 1617 342 1645 alterum
353 1616 454 1656 quippe
472 1614 684 1644 transferendum
702 1625 772 1645 essm
785 1613 917 1643 Davidem
929 1613 973 1643 di-

227 1663 311 1691 cebat.
326 1665 395 1691 Cum
405 1662 507 1691 sederet
519 1662 585 1691 Saiil
598 1661 624 1689 in
635 1661 705 1690 colle
715 1671 777 1690 cum
791 1660 922 1690 sexcentis
932 1661 974 1690 vi-

227 1709 275 1745 ris,
290 1709 360 1738 clam
373 1708 512 1738 Jonatharr
522 1707 596 1736 filius
609 1708 667 1747 ejus
682 1717 744 1736 cum
757 1707 859 1735 famulo
872 1717 921 1736 suo
935 1706 973 1736 ir-

228 1766 308 1784 ruens
321 1755 348 1784 in
363 1755 462 1790 hostes,
476 1753 607 1792 quosdam
626 1752 733 1782 occidit.
748 1753 781 1782 Id
795 1763 857 1782 cum
871 1752 974 1782 videret

228 1802 306 1838 Saiil,
317 1801 374 1841 jam
390 1802 511 1830 turbatos
530 1800 640 1830 adortus
662 1800 755 1836 vincit,
766 1806 792 1829 et
812 1810 875 1829 cum
893 1800 973 1839 jura-

209 1851 217 1857 ‘
229 1854 317 1876 mento
330 1847 417 1876 edixit
429 1857 461 1876 ne
474 1846 610 1885 quispiam
623 1856 707 1884 usque
726 1845 760 1874 ad
771 1856 911 1885 vesperam
923 1845 961 1874 ali

81 2389 101 2404 ι,
110 2379 168 2407 Reg.
182 2379 217 2401 ¹5.

76 2422 118 2438 22.

229 1892 297 1930 quid
317 1899 443 1932 gustaret.
458 1891 591 1921 Jonathan
606 1902 667 1920 cum
681 1890 710 1919 id
724 1901 776 1919 non
797 1891 926 1928 audisset,
941 1890 975 1920 de

231 1939 310 1968 melle
321 1937 567 1977 gustavit.Accedit
581 1936 647 1966 Saiil
661 1937 872 1976 interrogaturus
887 1939 975 1967 Deum

231 1995 296 2013 num
310 1991 443 2024 oporteret
461 1984 549 2012 hostes
563 1983 676 2021 insequi.
694 1984 754 2012 Non
768 1983 910 2023 respondet
922 1984 976 2024 ipsi

231 2031 314 2059 Deus.
326 2029 514 2067 Intellexitque
524 2028 570 2056 ille
579 2035 715 2067 peccatum
727 2029 754 2057 in
766 2029 867 2068 populo
876 2030 976 2059 factum

231 2086 297 2104 csse.
307 2077 346 2105 Ut
361 2082 449 2103 autem
460 2074 642 2113 deprehensus
658 2081 696 2102 est
709 2075 855 2111 Jonathan‚
865 2083 976 2114 paratus

231 2128 288 2150 crat
305 2121 340 2150 ad
359 2119 535 2150 occidendum
557 2119 646 2148 illum.
669 2120 723 2148 Sed
739 2121 859 2160 populus
877 2122 976 2151 exemit

231 2179 293 2197 eum
310 2168 345 2197 de
363 2167 488 2196 manibus
501 2167 569 2206 ejus.
586 2166 709 2206 Praecipit
722 2168 830 2196 Samuel
844 2168 931 2204 Sauli,
946 2175 976 2197 ut

231 2213 351 2243 debellet
363 2213 533 2248 Amalecitas‚
549 2212 637 2241 omnia
650 2212 755 2251 perdat,
769 2220 794 2241 et
803 2214 902 2242 nemini
916 2225 976 2254 par-

230 2267 282 2289 cat.
297 2260 348 2289 Ille
360 2269 423 2289 vero
435 2268 487 2287 non
500 2257 601 2298 paruit,
614 2257 783 2296 servavitque
798 2261 872 2299 Agag
883 2271 975 2299 regem

230 2315 335 2341 eorum,
349 2312 375 2334 et
386 2314 490 2344 g1·egeS‚
505 2310 531 2332 ct
542 2309 672 2332 armenta.
686 2303 805 2332 Veniens
818 2305 926 2334 Samuel
939 2305 977 2335 vi-

228 2351 281 2386 dit,
292 2351 377 2380 iratus
388 2357 438 2386 est,
449 2357 474 2379 et
487 2349 524 2378 ait
538 2362 543 2377 :
557 2349 627 2378 Non
638 2355 697 2377 tam
707 2349 775 2377 vult
793 2351 875 2379 Deus
891 2352 975 2379 holo-

228 2404 331 2427 causta
338 2403 366 2426 et
374 2396 529 2436 sacrificia,
539 2405 626 2435 quam
637 2400 669 2423 ut
676 2395 816 2424 audiatur
824 2406 884 2424 vox
895 2398 973 2436 ejus.-

228 2454 293 2473 ecce
302 2444 379 2473 enim
390 2442 555 2472 obedientia
566 2441 668 2469 melior
678 2447 729 2477 est,
741 2451 830 2480 quam
841 2443 974 2472 victima.

261 2536 273 2554 ‘¹
292 2533 310 2561 ὸ
322 2539 406 2563 οἰκεῖος.
429 2533 471 2558 Sic
491 2534 516 2557 in
539 2538 610 2558 textu
630 2538 674 2558 τῶν
692 2532 744 2562 ο’.,
763 2533 833 2565 cujus
850 2531 990 2564 prudenter

228 2575 422 2607 chrycostomus
435 2571 510 2597 verba
517 2577 654 2602 mutuatur,
665 2570 798 2604 qnandoin
810 2571 991 2604 significatione

228 2613 357 2647 quidpiam
380 2611 450 2637 adest
468 2610 636 2636 difficultatis.
658 2610 714 2635 Vox
739 2611 863 2636 Heln-nica
879 2617 916 2636 cst
934 2616 991 2642 ἾΊΊ

1018 1287 1120 1315 λουθεῖν
1134 1290 1188 1319 τοῖς
1210 1289 1256 1315 τοῦ
1279 1288 1350 1316 Θεοῦ
1374 1287 1586 1327 προστάγμασιν.
1610 1286 1711 1316 Κόπτει
1732 1285 1794 1319 τοὺς

1021 1331 1182 1371 ἀλλοφύλους
1195 1335 1208 1362 6
1222 1333 1323 1367 Σαούλ.
1345 1334 1380 1363 Οἱ
1401 1333 1428 1362 δὲ
1447 1332 1649 1373 παροξυνθέντες
1663 1333 1792 1372 ἐπιστρα-

1020 1377 1125 1407 τεύουσι
1136 1377 1202 1416 μετὰ
1213 1378 1332 1413 πλείονος
1342 1379 1485 1418 δυνάμεως.
1495 1378 1644 1418 Φεύγουσιν
1654 1379 1679 1407 οἱ
1687 1378 1794 1417 Ἰσραη-

1021 1425 1107 1460 λῖται,
1134 1424 1364 1463 καταλιμπάνεται
1391 1425 1468 1464 μόνος
1493 1427 1507 1454 6
1528 1424 1628 1454 Σαούλ.
1659 1423 1795 1464 Ἀναφέρει

1021 1470 1200 1499 ὁλοκαύτωσιν
1217 1472 1255 1510 τῷ
1269 1472 1347 1511 Θεῷ,
1362 1471 1400 1510 μὴ
1416 1471 1568 1511 περιμείνας
1590 1470 1635 1500 τὸν
1649 1469 1794 1508 Σαμουὴλ,

1023 1520 1174 1556 περιμεῖναι
1184 1515 1211 1545 δὲ
1221 1518 1293 1556 αὐτῷ
1301 1516 1490 1556 παρηγγέλκει.
1497 1515 1627 1557 Ἔρχεται
1635 1519 1649 1546 6
1656 1515 1794 1554 Σαμουὴλ,

1025 1562 1191 1602 δυσχεραίνει
1203 1562 1269 1602 πρὸς
1279 1562 1310 1591 τὸ
1321 1562 1435 1602 γεγονὸς,
1447 1564 1550 1592 ἀπειλεῖ
1566 1563 1637 1601 αὐτῷ
1651 1561 1796 1591 κατάλυσιν

1024 1609 1072 1642 τῆς
1087 1607 1222 1646 βασιλείας
1245 1609 1325 1636 αὐτοῦ
1335 1620 1341 1626 ·
1356 1610 1393 1642 εἷς
1412 1608 1464 1648 γὰρ
1485 1608 1573 1648 ἕτερον
1588 1607 1670 1643 αὐτὴν
1686 1606 1796 1646 μετατί-

1025 1655 1115 1682 θεσθαι
1124 1665 1130 1671 ·
1145 1653 1188 1683 τὸν
1201 1653 1285 1682 Δαυὶδ
1301 1653 1362 1694 ἔφη.
1386 1654 1542 1693 Καθημένου
1555 1657 1601 1683 τοῦ
1616 1653 1706 1683 Σαοὺλ
1717 1655 1745 1682 ἐν
1758 1655 1797 1690 τῷ

1028 1700 1111 1738 βουνῷ
1120 1721 1128 1735 ,
1142 1698 1188 1728 καὶ
1209 1699 1349 1733 ἑξακοσίων
1362 1702 1420 1738 μετ’
1434 1702 1513 1729 αὐτοῦ
1522 1722 1531 1736 ,
1545 1700 1632 1740 λάθρα
1645 1695 1769 1729 Ἰωνάθαν
1783 1701 1798 1729 6

1027 1745 1081 1778 υἱὸς
1091 1745 1170 1774 αὐτοῦ
1183 1744 1251 1784 μετὰ
1260 1748 1306 1775 τοῦ
1317 1745 1382 1775 ἰδίου
1393 1746 1485 1780 παιδὸς
1495 1745 1611 1775 ἐπελθὼν
1621 1749 1675 1779 τοῖς
1686 1747 1797 1786 ἐχθροῖς,

999 1792 1008 1815 ὶ
1028 1793 1130 1831 ἀναιρεῖ
1139 1803 1221 1824 τινας.
1233 1791 1307 1820 Ἰδὼν
1322 1791 1350 1821 δὲ
1365 1791 1471 1832 ἀντικρὺ
1486 1794 1500 1821 6
1513 1791 1610 1829 Σαοὺλ,
1624 1791 1673 1822 καὶ
1682 1803 1797 1832 τεταρα-

1027 1837 1133 1876 γμένοις
1147 1837 1291 1874 ἐπιπεσὼν,
1303 1843 1364 1878 νικᾷ
1377 1838 1446 1867 κατὰ
1455 1838 1563 1879 κράτος,
1575 1838 1620 1868 καὶ
1630 1838 1727 1879 ὥρκισε
1743 1850 1799 1877 μη·-

1029 1882 1090 1911 δένα
1106 1883 1175 1916 τινὸς
1189 1882 1333 1922 γεύσασθαι
1351 1882 1400 1916 ἕως
1419 1883 1542 1924 ἑσπέρας.
1558 1884 1592 1913 ‘0
1612 1884 1737 1913 Ἰωνάθαν
1751 1885 1799 1913 οὔκ

1030 1928 1178 1962 ἐπακούσας
1202 1928 1328 1968 ἐγεύσατο
1351 1929 1464 1968 μέλιτος.
1485 1929 1669 1970 Προσέρχεται
1682 1932 1696 1958 6
1709 1928 1800 1959 Σαοὺλ

1029 1974 1162 2014 ἐρωτῆσαι
1183 1974 1228 2003 τὸν
1249 1974 1334 2012 Θεὸν,
1358 1977 1380 2004 εἷ
1403 1975 1456 2005 δέοι
1480 1975 1615 2010 ἐπιδιῶξαι
1638 1975 1723 2005 ὀπίσω
1747 1978 1799 2004 τῶν

1029 2021 1140 2060 ἐχθρῶν.
1163 2021 1222 2049 Οὐκ
1249 2020 1417 2060 ἀποκρίνεται
1443 2022 1514 2062 αὐτῷ
1541 2023 1555 2050 6
1579 2021 1655 2054 Θεός.
1681 2022 1800 2056 Συνῆκεν

1030 2066 1178 2106 ἁμάρτημα
1197 2069 1353 2106 γεγενῆσθαι
1372 2069 1400 2096 ἐν
1419 2070 1457 2107 τῷ
1475 2069 1542 2107 λαῷ.
1559 2067 1606 2101 Ὡς
1620 2067 1647 2096 δὲ
1662 2067 1800 2107 ἀνεδείχθη

1030 2112 1154 2141 Ἰωνάθαν
1164 2133 1171 2147 ,
1185 2112 1289 2151 ἕτοιμος
1308 2109 1340 2149 ἦν
1355 2113 1432 2142 αὐτὸν
1446 2114 1555 2143 ἀνελεῖν.
1571 2113 1606 2143 ‘O
1620 2113 1648 2143 δὲ
1660 2113 1723 2147 λαὸς
1734 2112 1802 2147 ἐξεί-

1030 2160 1091 2188 λετο
1111 2158 1188 2187 αὗτὸν
1210 2160 1263 2187 τῶν
1284 2160 1380 2198 χειρῶν
1402 2161 1490 2189 αὐτοῦ.
1514 2159 1700 2200 Παραγγέλλει
1713 2162 1726 2189 6
1743 2160 1802 2189 Σα-

1032 2203 1118 2243 μουὴλ
1129 2206 1167 2244 τῷ
1182 2204 1280 2240 Σαοὺλ,
1295 2204 1364 2234 ὥστε
1378 2207 1599 2244 καταπολεμῆσαι
1610 2205 1654 2234 τὸν
1669 2205 1800 2244 Ἀμαλὴκ,

1031 2250 1076 2279 καὶ
1088 2250 1279 2289 ἀναθεματίσαι
1299 2251 1386 2280 πάντα
1395 2274 1402 2288 ,
1417 2252 1461 2281 καὶ
1481 2251 1591 2291 μηδενὸς
1605 2252 1753 2292 φείσασθαι.
1768 2251 1803 2280 ‘O

1032 2295 1058 2324 δὲ
1071 2296 1223 2336 παρήκουσε
1233 2318 1241 2332 ,
1254 2297 1299 2326 καὶ
1313 2298 1519 2337 περιεποιήσατο
1536 2297 1579 2327 τὸν
1600 2297 1680 2337 Ἀγὰγ
1693 2297 1737 2326 τὸν
1752 2299 1802 2336 βα-

1031 2345 1107 2374 σιλεά
1122 2347 1217 2382 αὐτῶν,
1230 2346 1275 2375 καὶ
1289 2346 1409 2385 ποίμνια,
1423 2347 1468 2376 καὶ
1481 2346 1615 2386 βουκόλια.
1626 2346 1728 2376 Ἐλθὼν
1736 2341 1803 2375 εἶδεν

1031 2396 1045 2423 6
1064 2394 1210 2434 Σαμουὴλ,
1226 2395 1360 2435 ὠργίσθη,
1381 2395 1427 2425 καί
1448 2407 1542 2436 φησιν·
1563 2396 1603 2424 Οὖ
1623 2394 1692 2424 θέλει
1706 2394 1804 2434 Κύριος

1032 2444 1222 2479 ὁλοκαυτώσεις
1241 2445 1287 2475 καὶ
1305 2445 1411 2482 θυσίας,
1430 2447 1466 2479 ὣς
1487 2445 1518 2474 τὸ
1532 2446 1642 2474 ἀκοῦσαι
1656 2446 1703 2480 τῆς
1717 2447 1804 2484 φωνῆς

1040 2544 1116 2567 quam
1137 2535 1225 2569 Aquila
1236 2539 1396 2573 πατρὰδελῗος
1415 2537 1505 2567 vertit,
1523 2535 1550 2560 id
1561 2541 1612 2568 est,
1634 2541 1756 2568 patruus,
1777 2542 1806 2560 ut

1041 2574 1117 2599 habet
1137 2576 1212 2600 etiam
1240 2576 1356 2610 Vulgata.
1377 2575 1504 2609 Joscphus
1520 2574 1597 2600 habet
1617 2579 1680 2604 θεῖος,
1699 2580 1805 2608 patruus

1042 2624 1055 2638 {l
1059 2624 1071 2638 ΙΙ
1075 2620 1085 2639 t
1096 2615 1243 2640 avunculus.
