1904 2840
259 164 329 199 888

853 169 937 195 OPUS
962 168 1199 194 IMPERFECTUM

257 238 326 266 forte
337 234 443 271 fideles,
466 233 588 263 videntes
604 243 665 263 eum
684 233 761 272 quasi
778 231 915 262 hominem
929 231 995 277 pati,
1014 234 1033 257 Α
1050 230 1160 260 tradunt
1178 241 1251 265 eum,
1267 230 1336 260 sicut
1355 230 1487 268 diximus,
1521 231 1611 272 opulis
1628 238 1654 260 et
1667 229 1791 276 gentibus

258 286 312 305 non
325 274 457 309 recedant,
471 283 558 312 neque
575 272 788 302 scandalizentur
800 283 815 302 a
829 272 882 302 fide
895 271 997 301 divim·

258 315 319 344 tatis
341 314 445 353 ipsius;
460 312 496 341 ad
514 311 733 342 manifestandam
751 319 840 341 autem
878 311 999 340 erfidiam

258 352 454 392 iniquorum,si
465 351 642 391 intelligentes
651 362 713 381 eum
721 362 778 381 esse
784 352 835 381 Dei
874 351 951 380 ilium
962 360 1000 379 se-

260 392 379 422 cundum
401 390 550 420 testimonia
568 391 785 430 Scripturarnm,
802 400 855 420 non
873 391 999 425 timeant,

261 432 310 462 sed
317 431 375 460 ausi
386 431 440 460 sint
449 442 511 460 eum
523 430 670 460 interficere
680 431 757 470 quasi
767 431 902 460 hominem
911 442 918 458 ι
928 429 966 458 sic
975 436 1001 458 et

261 471 342 501 modo
361 470 445 500 tradit
463 471 535 500 Deus
551 470 665 500 verbum
685 470 804 500 veritatis
820 468 1002 499 sacerdotibus

262 518 288 540 et
306 510 412 547 scribis,
437 509 466 539 id
484 517 533 545 est,
551 510 716 550 sapientibus
736 509 947 549 Scripturarum‚
967 508 1004 537 ad

263 549 482 580 manifestandam
495 549 575 579 fidem
584 556 746 586 sanctorum,
761 556 786 578 et
801 547 940 588 perfidiam
952 547 1003 577 ini-

264 600 379 629 quorum
395 601 402 617 τ
417 589 499 618 fidem
514 588 624 627 quidem
647 596 811 624 sauctorum,
830 588 854 616 si
872 588 940 616 forte
958 587 1003 617 vi—

264 630 355 658 dentes
365 629 480 659 verbum
487 629 605 658 veritatis
612 639 626 657 a
638 627 776 658 mendacio
786 627 914 667 opprimi,
928 627 1005 665 quasi

264 668 445 703 mendacium,
461 678 514 696 uon
531 667 626 698 cadant
647 678 733 706 neque
757 666 968 697 scandalizentur
989 677 1004 695 a

265 708 319 737 fide
341 707 464 738 veritatis
489 707 596 747 ipsius:
617 707 652 736 ad
673 706 892 737 manifestandam
915 713 1004 735 autem

265 747 406 787 perfidiam
417 746 584 785 iniquorum,
594 747 616 776 si
625 747 692 776 forte
702 746 879 785 intelligentes
889 745 1005 775 verbum

265 787 394 822 veritatis,
402 786 466 824 quia
479 797 542 816 vere
552 787 664 816 verbum
676 793 715 816 est
726 786 844 816 veritatis
857 784 1005 814 secundum

265 826 414 856 testimonia
428 825 707 866 Scripturarum‚ausi
721 826 774 855 sint
785 825 933 854 interficere
944 835 1005 853 eum
1021 832 1039 855 B

266 876 346 895 cruce
355 889 363 901 ,
384 865 474 895 verbis
498 865 682 895 mendacibus.
705 865 821 902 Quando
838 865 910 894 enim
932 863 1007 893 vides

267 905 418 945 Scripturas
431 905 633 945 prophetarum,
644 912 670 934 et
681 905 825 944 evangelii,
837 911 863 933 et
873 904 1006 943 apostolo-

268 955 330 974 rum
351 944 463 974 traditas
472 955 536 974 esse
549 945 576 974 in
591 955 684 974 manus
697 945 825 973 falsorum
839 942 1007 972 sacerdotum

268 991 294 1013 et
303 984 464 1021 scribarum,
475 994 542 1018 num,
552 984 680 1024 intelligis
693 985 757 1023 quia
765 984 879 1014 verbum
889 983 1008 1012 veritatis

268 1023 398 1052 traditum
416 1029 455 1052 est
475 1024 644 1064 principibus
664 1023 764 1063 iniquis
786 1030 812 1052 et
837 1022 954 1052 sci-Ibis?
974 1023 1009 1052 Et

269 1063 338 1092 sicut
351 1070 414 1092 tunc
428 1063 586 1099 sacerdotes,
601 1063 645 1094 vel
657 1070 766 1103 propter
774 1073 870 1092 vanam
884 1062 1010 1100 gloriam,

269 1102 314 1132 vel
328 1109 437 1142 propter
447 1103 598 1140 avaritiam,
614 1103 858 1132 condemnaverunt
872 1102 1010 1131 Christum

270 1142 519 1180 morte,cogitantes
535 1142 663 1181 quoniam
676 1142 697 1172 si
713 1142 844 1171 tenuerint
861 1142 1008 1177 Christum,

271 1181 324 1221 ipsi
336 1181 484 1211 sacerdotes
493 1192 548 1211 esse
558 1192 611 1211 non
622 1188 747 1221 poterunt
754 1181 902 1212 secundum
912 1181 1008 1221 legem,

270 1231 319 1250 nec
332 1220 460 1250 solemnia
473 1221 520 1250 illa
534 1221 608 1250 lucra
620 1222 756 1261 percipere
770 1234 776 1250 :
793 1222 828 1250 ita
840 1231 912 1250 nunc
932 1221 1010 1261 impii

271 1260 418 1289 sacerdotes
436 1266 462 1288 et
473 1260 566 1289 scribae
580 1260 694 1289 verbum
707 1260 827 1290 veritatis
838 1261 950 1299 dignum
960 1262 1009 1300 ju-

270 1299 361 1329 dicant
373 1298 491 1334 interire,
502 1299 645 1338 cogitantes
658 1299 720 1338 quia
732 1299 754 1328 si
767 1300 880 1329 verbum
890 1299 1010 1329 veritatis

271 1338 415 1374 tenuerint,
432 1337 483 1377 ipsi
505 1337 654 1367 sacerdotes
673 1349 730 1367 esse
749 1349 802 1368 non
826 1345 947 1378 possunt,
963 1349 1010 1368 nec

272 1376 446 1407 sacerdotalia
470 1377 544 1406 lucra
565 1378 711 1417 percipere.
734 1379 875 1417 Propterea
902 1378 1012 1406 tradunt

272 1427 334 1446 eum
347 1416 481 1456 gentibus,
496 1416 525 1445 id
543 1423 592 1452 est,
607 1417 717 1462 populis
730 1417 883 1454 ineruditis,
897 1423 924 1446 et
940 1416 1010 1446 indi·
1026 1425 1044 1449 c

273 1456 431 1496 sciplinafls,
447 1462 473 1485 et
484 1456 617 1492 barbaris,
631 1467 678 1495 qni
690 1466 737 1485 nec
752 1463 885 1495 quaerunt,
901 1467 948 1486 nec
961 1467 1011 1485 au-

273 1495 352 1524 diunt
368 1505 429 1524 eum
442 1506 504 1525 cum
514 1494 628 1535 judicio,
645 1495 692 1534 qui
705 1506 800 1524 nomen
814 1496 913 1525 habent
928 1496 1012 1525 Chri—

264 1535 419 1563 -stianorum
434 1557 442 1571 ,
473 1545 560 1563 mores
591 1542 679 1564 autem
712 1535 863 1574 gentilium.
889 1535 1013 1565 Tradunt

273 1580 360 1603 autem
375 1574 494 1603 veritatis
511 1574 625 1604 verbum
647 1575 779 1614 perversis
799 1575 1014 1614 expositionibus

273 1613 329 1643 suis
350 1613 387 1642 ad
405 1613 589 1643 deludendum
602 1620 628 1642 et
641 1613 861 1653 crucifigendum.
876 1614 1014 1644 Deluduut

273 1653 345 1681 enim
357 1653 472 1683 verbum
489 1653 619 1687 veritatis,
636 1653 744 1692 quando
757 1654 885 1683 simulant
898 1664 925 1683 se
939 1655 1014 1693 sequi

274 1692 422 1729 Christum,
435 1699 461 1721 et
473 1692 610 1732 disputant
623 1692 657 1722 de
666 1703 698 1724 eo
709 1691 766 1722 s‘ine
776 1693 826 1722 Dei
837 1693 932 1723 timore
945 1706 950 1722 :
961 1704 1014 1723 non

275 1741 325 1771 pro
345 1732 413 1761 osito
426 1730 592 1761 inveniendae
602 1732 732 1766 veritatis,
742 1733 788 1762 sed
800 1733 889 1762 studio
902 1734 1015 1763 subver-

276 1777 321 1799 ten
367 1793 372 1799 .
386 1772 444 1801 Hoc
457 1779 545 1800 autem
557 1771 638 1801 modo
648 1771 781 1801 deludunt
791 1773 906 1802 verbum
917 1773 1015 1803 verita-

276 1810 321 1846 tis,
337 1821 389 1839 non
403 1811 504 1840 colunt.
519 1811 688 1851 Crucifigunt
702 1819 790 1841 autem
804 1823 875 1846 eum,
889 1820 915 1842 et
933 1814 1015 1843 inter-

274 1849 495 1889 ficiunt,quando
503 1850 567 1879 salsa
578 1851 740 1880 confessione
747 1851 889 1889 mendacii,
900 1854 1014 1883 verbum

273 1889 393 1919 veritatis
416 1890 561 1926 suffocant,
584 1897 611 1919 et
632 1890 758 1920 occidunt
780 1892 807 1920 in
831 1902 867 1920 se.
887 1893 922 1922 Et
945 1893 1014 1923 sicut

273 1934 337 1958 tunc
350 1928 499 1958 sacerdotes
513 1929 554 1957 illi
567 1929 669 1958 nullam
685 1930 791 1970 culpam
806 1931 928 1961 idoneam
942 1932 1013 1963 inve-

273 1967 374 1997 nientes
383 1968 411 1997 in
419 1968 537 2004 Christo,
549 1968 642 1998 falsam
654 1970 845 2000 accusationem
859 1971 1012 2003 detulerunt

272 2006 402 2043 adversus
412 2018 474 2037 eum
484 2020 491 2036 z
500 2008 538 2037 sic
547 2008 626 2038 modo
637 2009 739 2038 nullam
750 2010 879 2040 rationem
888 2011 1010 2042 idoneam

272 2045 398 2076 habentes
419 2046 507 2076 dicere
529 2054 619 2077 contra
646 2049 759 2078 verbum
781 2051 916 2087 veritatis,
943 2052 1010 2082 falsa

273 2085 478 2124 interpretantur
495 2085 529 2115 de
542 2086 590 2116 illo
599 2110 606 2122 ‚
621 2094 646 2116 et
659 2088 724 2117 falsa
739 2091 878 2128 proferunt
890 2091 1008 2121 testimo—

271 2124 316 2153 nia
348 2125 541 2169 prophetarum
570 2126 712 2156 adversum
737 2129 850 2158 verbum
876 2131 1007 2160 veritatis.

272 2163 348 2193 Sicut
366 2175 438 2193 enim
459 2171 521 2194 tunc
537 2165 617 2195 salsos
633 2173 709 2196 testes
727 2168 940 2199 subornaverunt
957 2170 1008 2200 ad—

270 2213 365 2232 versus
382 2204 530 2241 Christum,
544 2212 569 2234 et
583 2206 651 2234 sicut
664 2213 726 2236 tunc
739 2207 887 2238 sacerdotes
898 2209 1008 2248 quidem

270 2249 296 2271 et
314 2243 407 2272 scribae
428 2251 612 2282 cognoscentes
629 2256 702 2284 eum,
723 2247 786 2285 quia
805 2259 868 2277 vere
886 2249 1008 2279 Christus

270 2288 308 2310 est
318 2303 326 2316 ,
349 2283 424 2320 quasi
447 2283 581 2313 hominem
605 2284 682 2314 illum
705 2287 855 2316 maleficum
883 2289 1006 2327 gentihus

268 2320 446 2358 tradiderunt,
462 2330 550 2361 gentes
566 2330 654 2353 autem
675 2336 727 2354 non
746 2334 930 2365 cognoscentes
943 2338 1005 2358 eum

269 2370 324 2389 esse
336 2361 485 2398 Christum,
500 2362 667 2401 deluserunt,
685 2372 711 2394 et
724 2366 917 2396 crucifixerunt
929 2363 1002 2404 eum,

268 2400 343 2437 quasi
353 2400 488 2430 hominem
499 2402 648 2433 maleficum
662 2417 669 2433 :
683 2405 722 2434 sic
731 2412 756 2434 et
767 2405 846 2434 modo
858 2406 1006 2436 sacerdotes

268 2445 293 2466 et
305 2440 397 2468 scribae
409 2440 604 2478 haereticorum,
620 2445 804 2483 cognoscentes
815 2445 879 2483 quia
889 2447 1003 2476 verbum

267 2483 307 2505 est
320 2478 438 2508 veritatis
451 2480 597 2510 secundum
617 2483 779 2522 Scripturas,
800 2495 866 2523 quas
887 2485 977 2524 legunt
992 2499 999 2515 :

1051 270 1085 300 ad
1098 269 1283 299 deludendum
1302 277 1328 300 et
1345 270 1489 312 crucifigen
1511 282 1568 301 um.
1583 270 1681 311 Popuh
1701 277 1792 300 autem

1050 321 1098 350 per
1108 309 1284 349 ignorantiam
1291 310 1404 339 verbum
1414 310 1532 340 veritatis
1538 305 1683 348 deludunt,
1693 317 1720 340 et
1730 320 1792 339 cru-

1051 349 1173 388 cifigunt,
1189 349 1266 387 quasi
1280 349 1456 380 mendacium.
1469 350 1525 381 Sed
1537 350 1687 390 ignorantia
1699 360 1793 380 eorum

1052 398 1105 416 non
1125 399 1170 417 eos
1190 395 1311 433 excusat,
1325 389 1452 428 quoniam
1465 390 1489 420 si
1500 390 1601 419 vellent
1612 400 1674 419 cum
1687 388 1794 431 judicio

1053 438 1180 466 quaerere,
1198 437 1321 457 invenire
1338 435 1459 469 poterant
1477 430 1616 460 veritatem
1631 441 1639 459 ε
1661 430 1731 459 sicut
1745 438 1793 459 nec

1054 467 1115 496 illos
1130 467 1268 497 excusavit
1280 468 1402 507 gentiles,
1417 469 1542 507 quoniam
1554 476 1580 498 et
1591 469 1643 509 ipsi
1656 469 1679 498 si
1690 479 1794 508 quaere-

1054 517 1083 535 re
1099 507 1263 542 voluissent,
1285 514 1407 547 poterant
1422 508 1543 539 invenire
1563 520 1570 537 ε
1591 508 1721 548 quoniam
1741 518 1795 538 non

1053 552 1110 574 erat
1122 546 1202 575 homo
1210 552 1325 583 tantum,
1334 547 1381 577 sed
1393 554 1420 577 et
1427 549 1500 578 Deus
1511 546 1635 578 Christus
1648 560 1656 577 ε
1669 548 1797 586 quoniam

1055 585 1124 614 sicut
1138 592 1200 615 tunc
1220 596 1268 624 per
1281 587 1357 626 signa
1369 587 1502 618 virtutum
1518 598 1628 617 suarum
1642 587 1796 616 manifesta-

1052 623 1135 653 batur
1148 625 1282 662 Christus,
1297 626 1336 656 sic
1357 627 1437 656 modo
1451 638 1500 667 per
1517 627 1593 667 signa
1611 627 1796 666 operationum

1055 674 1166 693 suarum
1178 664 1291 695 verbum
1305 666 1425 696 veritatis
1439 666 1600 696 ostenditur.
1615 666 1741 696 Christus
1754 666 1795 695 le-

1055 713 1148 742 prosos
1159 705 1317 740 mundabat,
1329 716 1411 736 caecos
1422 706 1603 743 illuminabat,
1614 705 1710 735 surdos
1719 705 1797 735 audi-

1054 753 1083 771 re
1097 743 1219 780 faciebat,
1230 752 1350 775 mortuos
1359 746 1503 776 suscitabat
1519 759 1526 775 r
1540 746 1576 775 ita
1587 745 1669 775 modo
1676 745 1724 784 qui
1737 745 1798 775 vult

1055 792 1223 822 cognoscere,
1238 784 1285 812 ubi
1299 785 1334 813 sit
1346 786 1460 815 verbum
1474 786 1604 821 veritatis,
1614 795 1728 826 operum
1739 785 1798 825 ejus

1056 821 1131 860 signa
1150 823 1308 852 consideret.
1330 825 1386 854 Ubi
1404 825 1475 854 enim
1496 826 1610 855 verbum
1626 825 1748 854 veritatis
1759 831 1799 854 est

1057 861 1287 901 vivum,unitum‚
1299 871 1379 903 atque
1385 864 1521 903 divinum,
1530 866 1567 895 ibi
1582 864 1746 894 mundantur
1755 873 1798 901 as—

1059 900 1136 946 sidue
1145 902 1266 931 homines
1279 914 1294 932 a
1307 904 1380 943 lepra
1394 905 1505 944 pcccati,
1521 912 1547 934 et
1559 906 1588 934 fit
1599 901 1695 933 ‘salutis
1705 913 1799 933 eorum

1058 942 1242 970 testimonium
1264 944 1430 972 conversatio
1455 944 1574 983 ipsorum
1589 966 1596 980 ,
1619 951 1699 982 atque
1724 952 1800 972 mem

1059 990 1162 1009 eorum.
1178 980 1234 1017 Qui
1247 981 1362 1012 audiunt
1373 983 1488 1012 verbum
1501 984 1632 1019 veritatis,
1645 983 1802 1012 illuminan-

1059 1025 1104 1064 tur
1116 1019 1151 1048 ad
1163 1019 1336 1060 intelligenda
1349 1022 1442 1052 divina
1455 1024 1582 1062 mysteria
1595 1035 1603 1051 ε
1616 1032 1694 1052 aures
1707 1032 1801 1051 eorum
1808 1033 1838 1050 οι.

1059 1059 1198 1088 interiores
1210 1061 1379 1100 aperiuntur,
1396 1070 1424 1092 ut
1442 1063 1555 1092 libenter
1568 1063 1715 1103 suscipiant
1727 1060 1803 1091 divi-

1061 1108 1095 1127 na
1107 1107 1246 1140 praecepta.
1262 1102 1338 1138 Quos
1348 1102 1430 1131 hodie
1445 1102 1521 1132 vides
1536 1109 1657 1132 mortuos
1667 1102 1695 1131 in
1708 1111 1803 1142 pecca-

1060 1138 1103 1176 tis²
1124 1149 1183 1170 cras
1203 1148 1345 1178 resurgunt
1365 1141 1392 1170 in
1408 1142 1583 1182 poenitentia,
1606 1141 1736 1172 vivificati
1754 1150 1803 1181 per

1060 1179 1174 1208 verbum
1188 1179 1249 1208 Dei.
1264 1181 1320 1210 Ubi
1334 1188 1424 1210 autem
1438 1192 1491 1210 non
1505 1182 1601 1211 vivum
1623 1181 1738 1210 verbum
1749 1190 1804 1210 ve-

1059 1217 1161 1255 ritatis,
1176 1219 1223 1248 sed
1237 1227 1373 1249 mortuum
1384 1221 1554 1250 mendacium
1566 1220 1727 1261 praedicatur
1737 1219 1806 1250 inter

1061 1267 1105 1286 eos
1113 1269 1122 1296 5
1136 1258 1206 1287 nihil
1219 1259 1317 1289 horum
1330 1260 1390 1290 fieri
1405 1261 1492 1296 vides,
1508 1261 1577 1291 sicut
1589 1261 1635 1291 dat
1648 1260 1682 1290 de
1697 1260 1752 1290 illis
1764 1267 1805 1290 te·

1060 1297 1215 1327 stimonium
1236 1300 1290 1329 vita
1310 1300 1442 1339 ipsorum.
1467 1300 1522 1331 Sed
1547 1308 1573 1331 et
1592 1307 1652 1342 post
1672 1307 1724 1330 tres
1746 1300 1806 1330 dies

1060 1344 1181 1375 resurget
1198 1338 1227 1366 in
1245 1339 1387 1368 animabus
1401 1339 1566 1370 credentium
1587 1341 1658 1377 sibi,
1669 1351 1733 1370 cum
1752 1347 1806 1370 tres

1060 1374 1118 1404 dies
1138 1376 1237 1405 fuerint
1251 1379 1427 1407 consummati
1448 1379 1476 1408 in
1488 1380 1538 1409 eis.
1557 1381 1648 1410 Prima
1663 1380 1736 1417 dies,
1751 1382 1806 1409 Pa'-

1060 1421 1111 1452 ter;
1123 1416 1246 1458 *secunda
1260 1416 1317 1445 dies
1338 1418 1437 1454 Filius,
1453 1418 1601 1448 secundum
1613 1419 1687 1458 quod
1702 1419 1806 1449 dictum

1062 1461 1101 1483 est
1121 1464 1148 1483 m
1170 1457 1301 1496 propheta
1318 1470 1324 1486 :
1344 1459 1531 1488 Annuntiate
1550 1460 1587 1488 de
1609 1461 1657 1489 dte
1672 1461 1706 1488 in
1729 1461 1806 1489 diem

1061 1493 1191 1539 sql'utare
1204 1499 1277 1536 ejus.
1294 1498 1363 1534 Quis
1373 1506 1413 1528 est
1430 1506 1520 1528 autem
1533 1498 1591 1529 dies
1612 1500 1683 1530 alius
1695 1499 1730 1529 de
1747 1499 1804 1537 die,

1061 1543 1112 1562 nisi
1134 1535 1239 1573 genitus
1263 1538 1336 1566 Deus
1352 1537 1386 1567 de
1406 1538 1526 1578 ingenito
1544 1539 1622 1568 Deo?
1635 1540 1806 1578 Consequen-

1061 1578 1138 1617 teret
1150 1575 1268 1614 Spiritus
1280 1584 1387 1606 sauctus
1396 1578 1474 1607 tertia
1483 1577 1540 1607 dies
1554 1584 1593 1608 est
1606 1601 1614 1615 ,
1625 1579 1751 1618 quoniam
1762 1577 1806 1608 his

1063 1613 1151 1642 tribus·
1175 1614 1364 1646 illuminantur
1384 1617 1465 1646 corda
1493 1617 1669 1648 credentium.
1691 1620 1722 1648 In
1740 1618 1807 1658 qui-

1063 1652 1115 1681 bus
1132 1664 1195 1694 ergo
1213 1655 1295 1684 trium
1309 1656 1423 1686 istorum
1438 1656 1554 1687 scientiae
1566 1658 1666 1688 fuerint
1680 1668 1806 1688 consum-

1064 1699 1157 1736 matae,
1178 1694 1207 1723 in
1229 1695 1267 1724 eis
1289 1696 1408 1726 veritatis
1427 1697 1542 1726 verbum
1574 1698 1703 1738 resurgit,
1720 1705 1746 1727 et
1762 1698 1806 1727 vi-

1063 1738 1118 1777 y1t‚
1140 1740 1165 1762 et
1186 1743 1323 1774 operatur.
1347 1735 1402 1766 Sed
1428 1747 1477 1766 nec
1499 1745 1653 1777 resurgent,
1680 1738 1732 1767 uisi
1758 1738 1807 1777 qui

1060 1780 1212 1811 jejunantes
1231 1784 1246 1802 a
1267 1775 1338 1804 malo
1359 1782 1386 1805 et
1406 1775 1498 1806 flentes
1514 1784 1576 1806 suut
1597 1784 1707 1818 propter
1727 1788 1805 1815 eum,

1063 1817 1089 1840 et
1106 1812 1259 1844 desiderant
1276 1817 1496 1846 resurrectionem
1509 1817 1568 1856 ejus
1590 1817 1682 1847 videre
1701 1817 1728 1846 in
1747 1814 1806 1847 ani-

1063 1860 1106 1879 ma
1128 1863 1175 1881 sua
1198 1865 1205 1882 ε
1227 1855 1297 1884 sicut
1316 1862 1342 1885 et
1360 1857 1473 1896 apostoli
1494 1857 1645 1896 jejunantes
1667 1865 1693 1887 et
1713 1857 1806 1887 flentes

1062 1890 1172 1922 fuerunt
1187 1894 1301 1924 Domino
1317 1896 1448 1925 crucifixo
1470 1906 1554 1935 usque
1573 1896 1608 1925 ad
1627 1896 1698 1926 diem
1712 1907 1806 1926 resur-

1062 1932 1186 1962 rectionis
1200 1933 1296 1972 ipsius.
1310 1939 1322 1951 ¹
1341 1936 1422 1964 Tunc
1435 1937 1558 1965 accessit
1578 1936 1619 1964 ad
1635 1946 1702 1965 eum
1713 1943 1806 1965 mater

1057 1970 1188 2007 filiorum
1207 1974 1355 2011 Zebedaei,
1370 1985 1435 2004 cum
1447 1976 1521 2015 filiis
1542 1978 1614 2009 suis,
1629 1977 1758 2005 adorans
1775 1981 1805 2004 et

1028 2019 1046 2042 D
1059 2017 1160 2049 petens
1170 2013 1285 2051 aliquid
1295 2015 1332 2042 ab
1343 2024 1386 2043 eo.
1394 2015 1458 2044 Haec
1466 2022 1506 2044 est
1512 2015 1629 2051 salome,
1641 2015 1719 2055 cujus
1730 2014 1805 2060 apud

1060 2050 1176 2080 alterum
1197 2053 1388 2098 evangelistam
1403 2054 1513 2093 ponitur
1526 2063 1632 2090 nomen,
1649 2065 1712 2085 vere
1727 2065 1802 2094 paci-

1815 1460 1882 1482 Psae.

1816 2016 1888 2038 Marc.

1813 2047 1852 2075 40.
1860 2051 1882 2069 et

1060 2089 1109 2119 fica
1119 2113 1126 2127 ,
1133 2091 1280 2121 seeundum
1293 2094 1549 2134 interpretationem:
1559 2103 1618 2132 quae
1631 2093 1702 2123 filios
1714 2094 1805 2134 genuit
1813 2096 1894 2118 Mau-c..

1059 2130 1143 2168 pacis.
1157 2131 1217 2159 Non
1227 2131 1316 2161 solnm
1325 2139 1413 2162 autem
1421 2143 1455 2162 ex
1465 2134 1559 2162 Marco
1569 2133 1743 2178 evangelista,
1756 2133 1804 2173 qui
1812 2125 1842 2149 3⁵

1058 2169 1196 2199 manifeste
1205 2171 1276 2210 ipsos
1284 2172 1379 2201 fratres
1387 2172 1498 2216 exponit
1503 2177 1646 2203 'accessisse
1653 2173 1687 2202 ad
1697 2174 1802 2210 Jesum,

1059 2214 1084 2236 et
1092 2209 1147 2238 haec
1157 2210 1248 2239 eadem
1259 2212 1407 2250 postulasse
1418 2212 1567 2251 intelligere
1613 2223 1730 2250 ssumus‚
1739 2223 1804 2251 quo-

1058 2248 1130 2277 niam
1137 2259 1152 2277 a
1166 2249 1230 2278 filiis
1239 2250 1295 2279 suis
1305 2258 1361 2280 erat
1372 2251 1526 2288 summissa,
1601 2253 1680 2282 etiam
1688 2263 1723 2282 ex
1733 2263 1802 2293 prae-

1057 2287 1177 2318 sentibus
1198 2289 1300 2319 Christi
1319 2291 1503 2327 sermonibus,
1525 2291 1624 2331 quibus
1646 2302 1698 2321 nou
1721 2291 1799 2336 quasi

1058 2326 1093 2356 ad
1113 2328 1253 2358 mulierem
1278 2330 1364 2369 ipsam
1386 2341 1414 2359 se
1435 2338 1583 2370 petentem,
1600 2330 1646 2360 sed
1666 2341 1743 2369 quasi
1766 2330 1802 2360 ad

1056 2366 1128 2396 filios
1148 2368 1340 2399 summittentes
1359 2370 1498 2410 respondit
1513 2382 1520 2398 =
1535 2371 1660 2400 Nescitis
1672 2371 1745 2409 quid
1750 2379 1802 2408 pe·

1057 2408 1135 2436 tatis.
1153 2407 1268 2437 AEstimo
1281 2409 1367 2446 enim,
1387 2409 1458 2448 quod
1474 2410 1567 2440 fratres
1588 2420 1651 2439 cum
1665 2409 1802 2440 audissent

1056 2446 1203 2476 Dominum
1221 2448 1255 2477 de
1276 2449 1399 2488 passione
1414 2455 1439 2478 et
1456 2449 1648 2478 resurrectione
1669 2459 1717 2478 sua
1736 2460 1800 2490 pro-

1056 2485 1221 2524 phetantem,
1242 2495 1380 2528 coeperunt
1396 2487 1484 2517 dicere
1495 2489 1569 2520 Jimra
1583 2499 1621 2527 se,
1637 2499 1699 2519 cum
1713 2496 1798 2520 essent

298 2575 309 2589 n
329 2568 399 2594 Tunc
419 2574 523 2596 accessit
537 2573 573 2598 ad
589 2583 643 2599 eum
661 2577 865 2610 materfiliorum
882 2578 1010 2604 Zebedaei.
1028 2580 1073 2606 Est
1084 2580 1181 2607 initium
1194 2581 1307 2608 Homiliae
1320 2580 1387 2615 apud
1399 2581 1429 2606 V.
1443 2581 1472 2606 D-

1844 2141 1853 2148 ο

1897 2180 1904 2235 ¹.

1898 2246 1904 2287 4

1900 2354 1904 2372 1
