1890 2826
550 146 591 168 DE
618 146 725 168 MUNDI
755 146 958 177 cREATloNE,
989 149 1090 171 onAT.
1122 150 1168 173 Vl.

70 258 137 291 Ἐἰς
159 258 206 293 τὴν
228 257 306 294 ἕκτην
325 257 427 297 ἡμέραν
452 260 499 294 τῆς
521 257 710 297 κοσμοποιίας,
732 258 777 287 καὶ
800 259 837 291 εἰς
846 257 881 308 ⁶2¹⁶

109 303 168 336 τοὺς
178 303 413 343 πρωτοπλάστους,
433 303 478 333 καὶ
499 306 534 337 εἷς
551 305 594 334 τὸν
608 304 676 344 ὅφιν,
691 303 735 333 καὶ
750 305 786 337 εἷς
805 304 836 334 τὸ

109 349 182 383 ξύλον
196 351 244 385 τῆς
257 349 392 389 γνώσεως,
407 350 452 379 καὶ
467 352 502 384 εἷς
519 351 568 387 τὴν
581 352 608 380 ἐν
627 353 666 391 τῷ
683 350 834 391 παραδείσῳ

109 395 245 436 διατριὸἡν
273 397 318 427 καὶ
345 396 518 437 προσομιλίαν
539 401 584 428 τοῦ
605 398 676 427 Θεοῦ
699 395 766 436 μετὰ
788 399 834 443 τοῦ
876 397 880 402 ”

108 442 200 482 Ἀδάμ.
215 443 298 483 Λόγος
308 443 343 478 ς’.

101 534 180 577 ξρέρε
201 534 282 564 πάλιν
303 537 351 571 τῆς
371 537 527 576 ἐπαγγελίας
550 537 693 578 ἁψώμεθα,
716 536 762 566 καὶ
785 535 833 572 τὴν

67 580 135 610 κατὰ
148 581 192 611 τὸν
205 581 364 620 παράδεισον
377 582 499 613 ὑπόθεσιν
518 584 554 616 εἷς
572 583 647 616 τέλος
660 582 832 621 ἐξανῦσωμεν.

66 627 101 656 Εἰ
113 626 164 667 γὰρ
178 626 223 667 καὶ
237 627 367 667 ἀφόρητον
382 628 484 667 ἐγένετο
497 629 577 659 κακὸν
591 629 622 659 τὸ
634 629 678 658 τὸν
692 628 775 668 Ἀδὰμ
787 630 832 658 ἐκ·

66 671 196 707 ὅληθῆναι
208 675 254 702 τοῦ
271 673 446 713 παραδείσω,
466 675 557 715 πολλῷ
573 675 673 714 μᾶλλον
695 674 770 704 ἔσται
783 686 832 704 κα-

66 717 111 746 κὸν
125 718 156 748 τὸ
172 718 218 747 καὶ
231 721 302 757 ἡμᾶς
315 719 491 755 ἔκὸεὸλῆσθαι
507 722 555 756 τῆς
568 720 674 759 μνήμης
687 723 733 750 τοῦ
746 732 833 760 παρα-

66 762 159 793 δείσω.
172 764 311 804 Ἅψώμεθα
322 765 349 794 δὲ
360 767 408 801 τῆς
415 765 560 800 ὑποθέσεως
569 788 578 804 ,
590 765 627 805 μὴ
644 770 738 800 κοινοῖς
746 766 833 806 λόγοις

65 809 113 844 τὴν
125 809 242 844 ἐξέτασιν
253 810 452 852 ἐπιτρέψαντες,
467 812 526 841 ἀλλ’
540 813 586 841 ἀπ’
602 814 682 848 αὐτῆς
694 814 743 849 τῆς
757 813 832 852 ἇγίας

65 857 87 884 Γ
90 857 173 895 ραφῆς
182 858 234 885 τῶν
245 856 430 896 ἀπορουμένων
449 856 498 893 τὴν
510 857 586 888 λύσιν
599 858 786 897 λαμὸάνοντες.
797 858 832 888 ‘O

64 902 115 941 γὰρ
134 904 200 932 νοῶν
213 901 258 931 καὶ
272 905 372 943 φρονῶν
394 904 429 936 ὥς
446 898 587 943 ’βούλει-αι,
611 904 702 934 ἑαυτὸν
727 905 832 945 ἀπατᾷ·

63 950 77 976 ὁ
98 944 132 977 δὲ’
145 947 218 988 παρὰ
230 949 279 984 τῆς
292 949 399 989 Γραφῆς
417 949 554 988 μανθάνων
574 951 626 979 τῶν
646 950 832 991 ἀπορουμένων

63 993 111 1030 τὴν
124 994 208 1030 λύσιν,
225 994 306 1030 αὗτὴν
325 994 381 1035 ἔχει
398 995 446 1031 τὴν
461 995 584 1032 ἀλήθειαν
598 997 692 1032 ἑαυτῆς
705 997 831 1026 διδάσκα-

63 1041 118 1069 λον.
133 1040 212 1070 Ἐπεὶ
231 1041 316 1070 τοίνυν
330 1041 425 1071 πολλοὶ
443 1041 489 1071 καὶ
510 1044 562 1071 τῶν
585 1045 687 1072 πιστῶν
701 1043 831 1082 ἀναγινώ-

15 1082 19 1088 “
63 1097 167 1119 σκοντες
180 1088 324 1126 ἀποροῦσι,
338 1087 383 1116 καὶ
395 1088 447 1116 τῶν
466 1087 584 1117 ἀπίστων
598 1090 750 1128 ἀγνοοῦντες
764 1090 830 1128 βλα·

63 1135 226 1172 σφημοῢσιν,
241 1132 285 1162 ἵνα
305 1133 351 1163 καὶ
365 1137 419 1167 τοῖς
437 1132 519 1172 ἁγίοις
533 1134 618 1173 δῶμεν
631 1134 680 1170 τὴν
693 1136 830 1175 πληροφο-

64 1178 131 1218 ρίαν,
145 1179 190 1208 καὶ
203 1183 257 1212 τοῖς
269 1179 390 1212 ἀπίστοις
409 1180 454 1209 τὸν
476 1179 596 1220 ἔλεγχον,
611 1179 740 1220 ἁψώμεθα
761 1180 830 1210 κατὰ

62 1224 172 1263 δύναμιν
195 1225 244 1261 τὴν
263 1225 412 1265 ἡμετέραν,
436 1225 668 1265 παρακαλέσαντες
688 1226 733 1256 τὸν
760 1227 828 1257 Θεὸν

850 711 868 734 Β

1562 143 1630 190 577

930 312 1036 342 rentes,
1052 308 1084 336 in
1095 317 1265 348 serpentem,
1279 319 1306 341 et
1324 314 1356 341 in
1367 313 1477 353 lignum
1491 316 1629 351 scientia»,

930 352 967 380 de
986 353 1168 385 habitatione
1190 358 1220 386 in
1236 359 1385 397 paradiso,
1401 361 1495 400 deque
1518 361 1632 391 Adami

930 408 997 427 cum
1011 401 1072 429 Deo
1086 402 1243 442 colloquio.
1262 405 1363 434 Oratio
1374 413 1464 435 sexta.

931 532 960 559 1.
983 532 1040 571 Age
1053 543 1146 563 rursus
1159 534 1232 573 quod
1251 535 1365 574 polliciti
1382 547 1475 567 sumus
1487 539 1630 578 aggredia-

888 587 961 614 mur,
975 584 1001 606 et
1013 586 1200 618 argumentum
1217 580 1252 610 de
1266 582 1391 621 paradiso
1404 583 1439 612 ad
1452 584 1533 614 fin'em
1545 588 1630 625 usquc

887 622 1063 654 deducamus.
1077 625 1136 654 Etsi
1160 626 1232 655 enim
1247 626 1415 657 intolerabile
1436 629 1537 659 malum
1560 631 1630 660 illud

887 668 978 707 fuerit,
985 670 1060 709 quod
1072 672 1193 702 Adamus
1206 674 1306 713 ejectus
1317 675 1351 703 sit
1361 674 1396 704 de
1405 675 1542 715 paradiso,
1552 677 1630 717 longe

888 716 975 756 majus
987 716 1038 746 erit
1051 718 1165 756 malum,
1179 719 1202 748 si
1216 729 1264 749 nos
1278 730 1294 749 a
1308 719 1427 761 paradisi
1439 722 1567 752 memoria
1577 724 1628 752 eli-

888 762 1031 795 minemur.
1044 766 1112 794 Rem
1125 762 1215 796 autem
1225 766 1398 806 attingamuS,
1414 777 1466 797 non
1477 770 1628 799 communi-

886 807 943 836 bus'
959 806 1108 838 rationibus
1120 821 1180 840 eam
1196 817 1349 848 tractantes,
1365 811 1412 841 sed
1429 823 1464 842 ex
1482 813 1541 853 ipsa
1555 824 1628 843 sacra

885 852 1026 893 Scriptura
1054 854 1202 886 dubiorum
1229 857 1390 886 solutionem
1416 858 1542 888 mutuati.
1573 860 1629 896 Qui

885 899 957 928 enim
965 910 1016 940 pro
1027 901 1106 931 libito
1119 896 1198 932 sentit
1212 909 1238 932 et
1252 903 1361 942 cogitat,
1371 903 1489 943 seipsum
1503 903 1605 945 decipit
1620 918 1627 934 :

885 945 933 983 qui
954 956 1019 976 vero
1041 957 1076 976 ex
1098 946 1237 988 Scriptura
1264 949 1443 988 quaestionum
1467 950 1629 981 solutionem

885 997 1033 1030 mutuatur,
1043 993 1129 1033 ipsam
1139 994 1219 1024 habet
1225 995 1365 1025 veritatem
1379 995 1544 1035 magistram.
1553 998 1628 1034 Quia

884 1047 948 1066 vero
960 1037 1082 1077 fidelium
1102 1040 1182 1070 multi
1199 1041 1315 1080 legentes
1336 1040 1478 1078 dubitant,
1493 1049 1520 1072 et
1531 1043 1626 1073 inride-

884 1081 952 1112 lium
965 1083 1077 1123 plurimi
1097 1085 1249 1125 ignorantes
1266 1087 1463 1127 blasphemant‚
1478 1095 1509 1118 ut
1524 1096 1550 1118 et
1563 1099 1627 1118 sana

883 1129 934 1158 ctis
942 1129 1063 1160 animum
1075 1132 1214 1162 certiorem
1227 1132 1381 1170 reddamus,
1394 1139 1420 1163 et
1434 1134 1556 1164 infideles
1568 1145 1627 1165 con·

882 1176 1009 1212 summus,
1025 1187 1074 1217 pro
1091 1178 1166 1207 virili
1184 1189 1240 1208 rem
1256 1179 1457 1219 aggrediamur,
1471 1181 1560 1210 Deum
1577 1191 1626 1211 vo-

882 1222 986 1252 biscum
993 1224 1172 1260 obsecrantes,
1187 1232 1218 1254 ut
1227 1225 1347 1255 veritatis
1356 1226 1434 1256 nobis
1445 1227 1551 1267 copiam
1562 1228 1626 1257 sub-

62 1272 119 1308 μεθ’
142 1272 216 1309 ὑμῶν
234 1272 384 1311 χορηγῆσαι
404 1273 452 1307 τῆς
474 1271 596 1308 ἀληθείας
617 1271 667 1308 τὴν
695 1271 827 1312 ἀφθονίαν,
846 1267 865 1292 C
883 1269 1026 1299 ministret.
1042 1270 1104 1306 Qua
1118 1270 1219 1300 ratione
1229 1270 1310 1300 homo
1323 1270 1449 1301 conditus
1469 1272 1560 1307 suerit,
1573 1283 1626 1312 qua

60 1316 156 1350 εὈπως
171 1316 219 1355 μὲν
233 1312 302 1353 03ιό
315 1317 450 1357 ἅνθρωπος
463 1317 658 1354 κατεσκευάσθη
669 1340 678 1354 ,
689 1317 759 1351 ὅπως
773 1317 828 1348 σώ-

61 1374 126 1401 ματι
140 1362 284 1398 διεπλάσθη
296 1385 304 1399 ,
323 1362 395 1396 ὅπως
406 1362 479 1403 ψυχὴ
499 1363 551 1392 ὑπὸ
569 1364 640 1393 Θεοῦ
663 1364 827 1404 δημιουργη-

60 1411 147 1446 θεῖσα,
162 1409 287 1446 ἔνεὸλήθη
307 1410 385 1439 αὐτοῦ
404 1411 442 1449 τῷ
462 1408 581 1448 σώματι,
597 1409 668 1442 ὅπως
679 1409 724 1439 τὸν
731 1409 826 1449 ’παρά-

60 1455 144 1485 δεισον
168 1454 231 1495 ἔσχε
253 1454 466 1495 κατοικητήριον,
490 1457 513 1485 εἷ
535 1454 580 1484 καὶ
599 1454 636 1494 μὴ
657 1457 715 1485 κατ’
740 1454 825 1492 ἀξίαν,

59 1503 118 1531 ἀλλ’
139 1498 184 1533 οιῖν
207 1515 238 1543 γε
258 1500 319 1531 ὅσον
343 1502 412 1532 κατὰ
436 1501 545 1541 δύναμιν
563 1501 706 1541 ἡμετέραν,
731 1503 827 1535 ἱκανῶς

59 1548 223 1589 προείρηται.
238 1549 337 1578 Λοιπὸν
347 1548 375 1583 δὲ
389 1548 433 1578 ἐπὶ
446 1548 477 1577 τὸ
486 1547 656 1587 προκείμενον
671 1546 733 1576 1’τὸν
747 1547 824 1586 λόγον

58 1594 204 1634 τρέψωμεν.
218 1594 315 1630 Ἐδόθη
338 1593 386 1633 μὲν
405 1595 444 1633 τῷ
457 1592 541 1631 Ἀδὰμ
553 1597 627 1622 πᾶσα
648 1595 664 1628 ἡ
683 1594 733 1631 γῆ·
750 1588 781 1628 ἦν
797 1593 824 1622 δὲ

58 1639 187 1679 ἐξαίρετον
207 1640 287 1668 αὐτοῦ
301 1638 452 1678 οἰκητήριον
469 1641 484 1667 ὁ
506 1638 672 1678 παράδεισος.
697 1637 776 1674 Ἐξῆν
797 1638 824 1668 δὲ

5 1699 13 1704 ·
58 1687 130 1726 αὐτῷ
152 1685 198 1715 καὶ
219 1685 267 1719 ἔξω
289 1687 334 1714 τοῦ
358 1683 517 1724 παραδείσου
543 1682 675 1723 βαδίζειν·
697 1684 765 1714 ἀλλὰ
790 1684 824 1714 τὰ

58 1731 107 1765 ἔξω
122 1734 168 1760 τοῦ
179 1730 338 1771 παραδείσου
349 1731 378 1759 οὔ
388 1732 420 1769 τῇ
433 1728 534 1765 οἰκήσει
543 1732 588 1758 τοῦ
601 1729 738 1769 ἀνθρώπου
752 1729 824 1770 ἀφώ-

60 1789 148 1816 ριστο,
171 1776 239 1806 ἀλλὰ
252 1780 306 1809 τοῖς
320 1775 438 1815 ἀλόγοις,
455 1779 508 1809 τοῖς
524 1775 647 1812 κτήνεσι,
661 1779 715 1808 τοῖς
728 1776 808 1816 τετρά
817 1793 824 1797 -

58 1835 132 1860 ποσι,
146 1827 199 1856 τοῖς
213 1822 328 1862 θηρίοις,
344 1826 398 1855 τοῖς
412 1824 538 1862 ἑρπετοῖς.
552 1817 606 1850 Ἦν
620 1822 647 1851 δὲ
662 1822 733 1861 αὐτῷ
748 1824 825 1862 βασι-

5 1879 9 1883 ’
56 1870 130 1900 λικὸν
149 1869 194 1898 καὶ
214 1869 367 1899 δεσποτικὸν
386 1868 543 1907 ἐνδιαίτημα
555 1870 569 1897 ὁ
581 1867 749 1908 παράδεισος.
772 1869 824 1898 Διὰ

57 1918 134 1945 τοῦτο
152 1914 197 1945 καὶ
210 1916 224 1944 ὁ
238 1914 305 1948 Θεὸς
317 1914 401 1954 ἤγαγε
417 1912 482 1953 πρὸς
494 1914 538 1943 τὸν
553 1912 636 1952 Ἀδὰμ
653 1914 687 1943 τὰ
701 1915 755 1948 ζῶα
766 1938 773 1952 ,
788 1917 824 1949 ὡς

57 1960 240 2002 κεχωρισμένα
254 1962 342 1990 αὐτοῦ.
356 1961 397 1990 Οὗ
414 1959 465 1999 γὰρ
479 1959 592 1989 πάντοτε
604 1959 779 2000 παρίστανται
791 1963 824 1992 τὰ

58 2009 138 2038 δοῦλα
152 2010 190 2049 τῷ
204 2007 325 2048 Δεσπότῃ
337 2030 345 2044 ,
363 2009 421 2037 ἀλλ’
434 2006 496 2036 ὅταν
508 2009 593 2036 αὐτῶν
608 2003 626 2047 ἧ
641 2007 727 2048 χρεία.
745 2008 823 2038 Ὠνο-

56 2054 144 2092 μάσθη
167 2055 200 2083 τὰ
225 2055 279 2088 ζῶα
290 2077 297 2090 ,
321 2053 367 2083 καὶ
388 2052 460 2086 εὐθὺς
482 2052 609 2088 ἐξεὸλήθη
620 2065 625 2071 ·
649 2053 736 2091 ἔμεινε
759 2054 785 2083 δὲ
810 2057 824 2083 ὁ

46 2098 140 2139 ’Ἄδὰμ
150 2101 178 2129 ἕν
190 2102 228 2140 τῷ
239 2099 402 2140 παραδείσῳ.
425 2099 523 2128 Λοιπὸν
538 2099 650 2127 ἐνταῦθα
662 2098 710 2134 τὴν
724 2103 735 2114 ⁰
743 2100 820 2139 ἀκρι-

55 2146 91 2181 ὅῆ
113 2147 270 2181 κατανόησιν
289 2144 421 2183 μάθωμεν.
442 2143 620 2184 ’Emi-ptum
643 2148 697 2177 τοῖς
719 2145 822 2184 ἀλόγοις

56 2191 100 2221 καὶ
110 2190 246 2231 προσιέναι
256 2192 295 2230 τῷ
307 2190 390 2228 Ἀδὰμ
400 2212 407 2225 ,
419 2190 463 2219 καὶ
477 2189 676 2227 ὓποκλίνεσθαι,
695 2190 740 2219 καὶ
755 2193 822 2220 ὑπο-

56 2237 154 2267 σαίνειν
166 2238 237 2276 αὐτῷ
247 2249 253 2255 ·
268 2233 321 2266 οἷόν
336 2248 362 2265 τι
374 2235 444 2275 λέγω
455 2248 461 2252 ·
473 2235 563 2275 ὥσπερ
577 2231 645 2271 ἦσαν
656 2240 726 2275 τρεῖς
738 2236 820 2270 ξύλων

55 2278 191 2322 διαφοραί·
205 2278 237 2318 ἦν
250 2281 301 2322 γὰρ
313 2281 376 2315 ξύλα
387 2280 421 2310 τὰ
435 2281 563 2322 τρέφοντα
579 2281 656 2310 αὐτὸν
671 2283 706 2314 εἷς
717 2282 747 2311 τὸ
759 2283 819 2321 ζῇν,

842 1773 861 1795 D

881 1324 993 1354 corpore
1006 1315 1147 1353 formatus,
1160 1327 1214 1355 qua
1239 1317 1303 1346 item
1323 1328 1338 1347 a
1353 1319 1410 1347 Deo
1423 1326 1511 1348 creata
1525 1320 1624 1355 anima,

879 1355 957 1390 illius
975 1360 1059 1391 indita
1078 1362 1186 1402 corpori
1202 1363 1294 1401 fuerit,
1315 1364 1451 1402 quomodo
1469 1365 1625 1405 paradisum

881 1407 1050 1438 domicilium
1068 1409 1203 1447 habuerit,
1218 1410 1267 1440 etsi
1290 1421 1343 1440 non
1361 1422 1411 1451 pro
1428 1412 1466 1441 rei
1483 1412 1623 1452 dignitate,

880 1463 930 1493 pro
943 1454 1068 1485 facultate
1080 1462 1150 1485 certe
1163 1462 1263 1492 nostra,
1277 1457 1341 1486 satis
1358 1467 1440 1497 supra
1457 1457 1561 1487 dictum
1573 1466 1623 1489 est.

881 1501 941 1530 Jam
955 1499 991 1529 ad
1003 1501 1171 1541 propositum
1184 1502 1331 1531 orationem
1342 1510 1539 1533 convertamus.
1555 1506 1624 1534 Data

881 1546 992 1584 quidem
1015 1546 1119 1576 Adamo
1138 1553 1178 1576 est
1206 1548 1332 1577 universa
1358 1555 1440 1586 terra,
1457 1550 1624 1590 praecipuum

880 1601 944 1621 vero
961 1591 1037 1620 illius
1057 1592 1241 1622 habitaculum
1261 1593 1402 1633 paradisus
1428 1602 1495 1624 erat.
1514 1595 1623 1626 Licebat

879 1637 959 1666 etiam
970 1637 996 1666 ei
1008 1643 1083 1666 extra
1105 1638 1261 1677 paradisum
1283 1639 1444 1676 ire5verum
1466 1651 1525 1679 quae
1546 1649 1622 1671 extra

880 1682 1036 1722 paradisum
1048 1689 1122 1712 erant
1132 1683 1250 1712 hominis
1261 1683 1418 1713 habitationi
1429 1684 1555 1725 deputata
1569 1696 1622 1716 non

879 1729 992 1765 fuerant,
1013 1728 1060 1758 sed
1086 1729 1185 1766 brutis,
1203 1729 1358 1769 pecoribus,
1386 1730 1641 1772 quadrupedibus,-

879 1776 951 1812 feris,
971 1776 1126 1816 reptilibus.
1145 1776 1230 1815 Regia
1248 1786 1312 1806 vero
1334 1783 1359 1805 et
1379 1776 1474 1807 herilis
1491 1772 1622 1809 habitatio

879 1821 931 1861 ipsi
949 1828 1003 1851 erat
1023 1821 1173 1861 paradisus·
1187 1821 1251 1851 Ideo
1266 1822 1340 1851 Deus
1362 1822 1478 1852 adduxit
1494 1823 1621 1854 animalia

879 1868 914 1898 ad
932 1868 1028 1905 Adam,
1043 1868 1128 1898 veluti
1142 1868 1176 1897 ab
1190 1879 1221 1898 eo
1240 1876 1370 1909 separata.
1386 1870 1446 1899 Non
1465 1870 1537 1900 enim
1548 1882 1620 1901 sem-

879 1925 927 1955 per
941 1914 1073 1954 manc‘ipia
1085 1914 1150 1943 hero
1163 1913 1279 1952 adstant,
1290 1915 1337 1944 sed
1350 1925 1411 1944 cum
1425 1915 1481 1944 illis
1493 1926 1562 1956 opus
1576 1916 1621 1946 ha-

879 1959 1073 1990 buerit.1ndita
1093 1959 1255 2003 animalibus
1272 1967 1334 1990 sunt
1348 1960 1466 1998 nomina,
1482 1968 1508 1991 et
1531 1962 1621 1991 statim

878 2007 961 2046 ejecta
972 2012 1034 2035 sunt
1048 2017 1054 2034 :
1066 2006 1163 2035 mansit
1175 2012 1264 2035 autem
1280 2005 1367 2035 Adam
1378 2006 1406 2035 in
1419 2006 1555 2046 paradiso.
1569 2008 1621 2037 Hic

878 2063 942 2082 vcro
969 2051 1107 2091 scripturae
1127 2050 1295 2090 diligentiam
1321 2051 1514 2082 animadverte.
1540 2054 1620 2083 Jussa

877 2104 951 2127 erant
970 2097 1096 2126 animalia
1114 2096 1249 2126 Adamum
1265 2096 1354 2135 adire,
1368 2108 1396 2127 se
1418 2098 1461 2126 illi
1479 2098 1619 2135 inclinare,

878 2144 982 2183 ipsique
1003 2142 1174 2182 abblandiri;
1198 2143 1314 2183 exempli
1336 2148 1427 2182 causa,
1443 2145 1617 2183 quemadmo-

876 2189 941 2218 dum
967 2195 1042 2218 erant
1065 2188 1116 2218 tria
1140 2188 1276 2228 lignorum
1297 2200 1403 2229 genera,
1427 2197 1522 2230 nempe
1546 2191 1618 2230 ligna

875 2246 934 2274 quae
946 2235 1024 2265 illum
1050 2235 1161 2272 alerent,
1179 2242 1209 2264 ut
1229 2236 1349 2271 viveret,
1364 2237 1438 2276 ligna
1457 2248 1516 2275 quae
1538 2237 1618 2266 illum

875 2282 1027 2322 probarent,
1039 2288 1069 2311 ut
1080 2282 1148 2311 hene
1159 2281 1271 2319 viveret,
1287 2290 1312 2311 et
1323 2282 1427 2321 lignum
1440 2283 1514 2321 quod
1528 2283 1616 2322 ipsum

892 259 931 288 In
956 261 1032 289 diem
1053 269 1166 291 sextum
1179 266 1345 303 creationis,
1359 273 1389 296 et
1407 269 1439 296 in
1459 270 1566 306 primos
1577 280 1630 308 pa·
1664 272 1666 274 ’

1661 2292 1767 2313 Animan-

53 2325 86 2365 ἦν
99 2328 163 2363 ξύλα
176 2328 210 2357 τὰ
223 2327 396 2366 δοκιμάζοντα
409 2327 487 2356 αὐτὸν
503 2328 538 2361 εἷς
555 2327 585 2356 τὸ
608 2323 636 2356 εῧ
657 2329 713 2366 ζῇν,
728 2328 773 2356 καὶ
787 2324 819 2364 ἦν
838 2328 856 2351 Ε
874 2327 1029 2365 custodiret,
1050 2329 1081 2358 'ut
1101 2339 1206 2369 semper
1224 2329 1343 2367 viveret,
1367 2328 1405 2361 sic
1424 2335 1450 2358 et
1473 2329 1615 2357 brutorum
1624 2324 1711 2381 2³:2²
1726 2325 1767 2344 ¹¹4³*

56 2374 131 2408 ξύλον
142 2375 172 2404 τὸ
185 2373 315 2413 φυλάττον
325 2373 402 2403 αὐτὸν
415 2374 451 2406 εἷς
461 2373 491 2402 τὸ
506 2373 546 2402 ἀεὶ
557 2374 602 2411 ζῇν
610 2385 617 2391 ·
632 2372 700 2402 οὕτω
713 2373 757 2402 καὶ
768 2374 820 2402 τῶν

88 2473 98 2483 ³·
115 2466 175 2489 Haec
193 2470 261 2488 sexta
278 2463 379 2489 homilia
396 2473 446 2489 non
459 2463 564 2488 habetur
584 2465 609 2488 in
622 2464 744 2488 vaticano
755 2464 806 2488 Co-

55 2503 119 2532 dice,
131 2501 174 2528 aed
185 2511 239 2527 eam
253 2503 358 2528 savinus
370 2502 457 2527 edidit.

91 2544 102 2561 Ι,
120 2542 166 2566 llic
177 2547 249 2566 notat
261 2541 367 2567 savinus
377 2543 400 2566 in
414 2549 491 2573 marg.
504 2553 541 2573 γρ.
555 2544 566 2567 ὁ
579 2544 642 2574 λόγος
653 2545 762 2577 χωρείτω.

875 2374 1050 2417 animantium
1061 2374 1112 2404 tria
1124 2374 1175 2414 ipsi
1192 2385 1314 2403 concessa
1329 2381 1390 2403 sunt
1405 2384 1515 2413 genera,
1531 2383 1614 2402 unum

888 2469 896 2480 ⁶
914 2465 962 2489 liic
977 2470 1050 2490 notat
1065 2465 1170 2490 Savilius
1183 2465 1207 2489 in
1221 2473 1300 2497 marg.
1314 2476 1350 2498 γρ.
1365 2468 1405 2492 τὴν
1417 2465 1530 2497 ἀκρίὸειαν
1542 2474 1613 2488 κατα-

857 2509 941 2532 νόησον.
958 2502 1025 2528 Ibid.
1045 2515 1081 2538 γρ.
1100 2507 1263 2538 ἐπετέτραπτο.
1283 2503 1339 2526 Mox
1360 2513 1396 2534 γρ.
1421 2503 1613 2531 ‹multoz-aab&

857 2541 949 2569 ibidfln
970 2553 1006 2575 γρ.
1017 2545 1092 2568 αὐτόν.
