1904 2840
95 322 131 337 12.

244 198 312 245 782

244 312 323 352 quod
331 312 395 350 jam
413 309 559 350 perfectus
579 309 644 342 sim,
659 313 712 336 aut
727 307 792 351 jani
808 306 986 345 justificatus

96 343 234 375 ¹·C⁰'‘·4·4’
243 354 309 388 sim,
319 357 370 379 etc.
383 349 413 379 Si
427 359 491 388 ergo
506 347 606 377 Paulus
615 346 707 376 timuit
719 356 747 375 se
759 345 850 375 dicei-c
859 356 916 376 esse
926 356 987 385 per-

243 392 352 425 fectum,
364 389 426 428 quis
445 387 542 417 audeat
560 397 588 416 se
605 387 757 416 existimare
778 385 947 425 perfectum?
957 385 987 415 Si

244 441 308 470 ergo
328 429 460 469 perfectus
479 427 554 456 filius
567 426 617 456 Dei
633 437 672 463 es,
685 432 711 455 et
729 424 848 464 aliquam
860 424 986 454 laudabi-

244 471 298 500 lem
317 468 503 498 abstinentiam
521 466 672 506 suscepisti,
688 465 764 504 quasi
783 465 876 494 exiens
895 465 923 494 in
937 465 988 494 de-

245 516 361 545 sertum,
384 507 427 537 his
442 507 550 536 duabus
570 505 761 535 tentationibus
777 504 910 534 Dominus
929 511 988 534 ten·

246 556 316 579 tatus
325 555 364 578 est
374 554 485 588 propter
494 553 529 581 te,
538 552 567 574 ut
577 555 628 575 non
638 545 816 584 interrumpas
823 554 891 584 opus
900 551 987 581 tuum,

245 589 293 619 sed
303 588 338 617 ad
352 587 499 628 perfectum
516 584 634 615 deducas
647 597 653 613 :
667 595 728 614 cuin
748 590 838 612 autem
855 583 990 624 perduxe-

246 629 285 658 ris
304 628 338 657 ad
357 627 514 668 perfectum,
529 635 581 654 non
594 624 728 665 glorieris.
741 624 771 653 Si
783 630 873 652 autem
886 622 989 652 medio-

246 668 300 699 cris
321 678 350 697 es
371 667 454 702 filius,
468 672 494 695 et
512 664 619 694 nullum
642 673 724 694 ausus
747 673 775 693 es
797 663 921 692 affectare
940 673 991 703 pro

246 708 347 738 virtute
366 713 514 742 certamen,
539 704 681 738 tentatione
702 702 779 732 tertia
801 709 916 731 tentatus
937 713 965 732 es
981 713 989 729 ε

247 758 297 787 pro
309 754 358 776 iter
375 753 400 775 te
421 745 518 774 ductus
530 751 569 773 est
582 754 663 783 super
677 749 793 772 montem
804 742 951 778 excelsum,
966 748 993 771 et

249 758 356 816 audlivit
365 785 448 815 verba
463 784 623 824 perniciosa,
637 784 710 812 Haec
723 783 823 811 omnia
837 783 889 810 tibi
902 782 991 817 dabo,

249 829 275 856 si*
290 826 444 866 procidens
461 823 629 853 adoraveris
646 833 691 851 me
705 834 716 850 .·
733 828 761 851 ut
774 828 802 850 tu
818 831 871 850 non
883 820 992 851 deside-

249 877 291 895 res
301 875 414 905 magnus
427 871 453 894 et
463 864 533 892 altus
553 862 612 891 fieri
627 863 654 891 in
671 861 722 891 hoc
738 859 852 890 mundo.
868 861 993 890 Ascensio
1007 875 1025 899 B

250 906 321 935 enim
339 904 436 934 montis
453 903 529 932 illius
553 909 592 932 est
609 901 743 942 processio
766 900 801 930 ad
825 899 993 939 magnitudi-

251 955 311 974 nem
325 945 368 974 vel
387 942 557 973 altitudinem
568 941 725 971 divitiarum
748 947 774 969 et
796 939 890 979 gloriae
910 939 993 979 hujus

251 984 362 1013 mundi:
375 983 501 1022 quoniam
522 982 579 1022 ipsa
593 981 726 1021 processio
736 990 828 1009 eorum
849 978 884 1008 de
896 989 995 1019 super-

252 1024 296 1053 bia
318 1023 407 1053 cordis
425 1022 571 1051 descendit.
590 1021 623 1051 Et
642 1019 706 1051 vide
727 1018 863 1058 quomodo
881 1029 931 1058 pei·
951 1029 995 1048 or-

252 1063 344 1093 dinem
364 1063 444 1097 dicii,
466 1062 543 1102 prius
562 1060 661 1090 ductus
682 1066 722 1089 est
748 1069 830 1099 super
857 1065 992 1096 montem;

252 1102 350 1132 deinde
365 1102 479 1141 gloriosa
500 1101 595 1130 mundi
619 1100 644 1129 ei
660 1106 764 1129 ostensa
777 1104 853 1135 sunt;
870 1098 896 1126 in
916 1098 995 1127 tertio

252 1142 312 1171 loco
327 1142 413 1182 posita
430 1148 471 1171 est
492 1141 516 1170 ei
528 1139 656 1175 conditio,
671 1146 700 1168 ut
711 1138 733 1167 si
752 1138 887 1167 adorasset
900 1137 996 1166 diabo-

252 1181 322 1217 lum,
337 1181 424 1210 omnia
446 1181 539 1209 fierent
551 1180 620 1219 ejus.
637 1179 682 1208 Sic
701 1185 726 1207 et
742 1177 792 1206 tibi
811 1176 933 1216 contigit,
948 1175 996 1215 qui

253 1221 324 1249 altus
337 1228 363 1249 et
380 1230 492 1258 magnus
507 1220 565 1248 [ieri
580 1217 688 1247 festinas
702 1217 727 1246 in
743 1216 856 1251 mundo,
871 1223 896 1245 et
907 1226 997 1245 ascen-

254 1259 297 1288 dis
314 1260 342 1288 in
365 1266 493 1295 montem,
508 1269 589 1296 quem
608 1256 734 1286 diabolus
750 1256 802 1284 sihi
816 1256 895 1294 elegit
908 1255 942 1284 ad
951 1266 997 1284 se-

254 1298 419 1327 ducendum.
431 1299 501 1326 cum
523 1297 595 1326 enim
614 1295 732 1326 volueris
744 1295 802 1323 fieri
822 1295 892 1323 altus
904 1301 929 1323 et
943 1305 998 1323 ma-

274 1348 334 1374 nus,
348 1337 421 1376 quod
438 1343 477 1365 est
494 1336 636 1365 ascendere
658 1335 685 1363 in
704 1340 831 1369 montem,
845 1333 954 1362 diabolo
972 1339 998 1362 te

254 1348 379 1414 ducente,
396 1375 493 1415 incipis
514 1375 558 1404 (lie
569 1386 599 1403 ac
622 1381 698 1403 nocte
717 1373 833 1411 cogitare
848 1372 882 1401 de
896 1371 999 1401 divitiis

256 1415 436 1456 acquirendis,
457 1415 492 1444 de
510 1413 688 1454 suscipiendis
707 1411 867 1447 honoribus,
889 1418 915 1440 et
939 1418 999 1440 ante

256 1455 349 1485 oculos
360 1455 455 1484 mentis
464 1461 515 1483 tuae
525 1465 578 1483 sem
583 1464 629 1493 per
638 1453 684 1481 illa
696 1451 820 1480 universa
830 1461 978 1491 proponere
989 1463 995 1479 :
1014 1462 1033 1486 c

257 1495 324 1525 seito
340 1495 403 1533 quia
421 1494 545 1533 princeps
566 1492 659 1522 mundi
675 1491 789 1530 gloriosa
803 1501 876 1529 regni
891 1490 933 1519 sui
948 1490 998 1519 tibi

258 1534 385 1564 ostendit.
398 1533 469 1563 Cum
494 1540 583 1562 autem
602 1531 713 1561 senserit
732 1537 757 1559 te
776 1529 889 1559 diutinis
901 1530 998 1559 hu'us-

258 1574 332 1603 modi
346 1572 553 1613 cogitationibus
565 1573 591 1601 in
604 1569 832 1610 concupiscentias
844 1579 937 1598 eorum
957 1579 1000 1597 em

258 1614 391 1642 bonorum
405 1622 557 1646 accensum,
572 1612 599 1640 in
620 1610 699 1640 tertio
721 1609 779 1638 loco
793 1609 859 1638 tales
873 1608 922 1637 tihi
936 1618 1000 1648 pro-

258 1652 333 1682 videt
353 1663 457 1688 causas,
472 1658 502 1680 ut
520 1661 626 1680 necesse
645 1650 679 1680 sit
691 1648 753 1684 tibi,
769 1648 792 1677 si
812 1648 931 1677 volueris
954 1647 1001 1676 itta

259 1693 396 1731 consequi,
407 1691 545 1721 diabolum
559 1690 665 1726 adores,
680 1688 833 1727 relinquens
848 1686 928 1716 fidem
939 1686 1001 1723 Dei,

260 1739 286 1761 et
308 1732 409 1761 servias
430 1731 466 1768 ei,
486 1730 622 1770 negligens
643 1728 775 1770 justitiam
794 1728 843 1757 Dei
857 1727 899 1756 :si
914 1733 1003 1755 autem

261 1771 373 1810 elegeris
386 1770 497 1800 adorare
508 1771 595 1799 Deum
610 1769 637 1798 in
657 1768 710 1797 fide
723 1766 746 1806 ej
752 1777 793 1802 us,
807 1770 851 1796 'et
864 1766 966 1796 servire
979 1765 1005 1795 ei

262 1810 410 1840 secundum
423 1809 578 1839 mandatum
588 1807 734 1848 ipsius‚illa
748 1806 837 1835 omnia
848 1816 900 1835 non
911 1816 1005 1835 conse-

114 1880 134 1896 ι.
145 1871 241 1902 Thess-4
248 1887 253 1894 ·
262 1849 436 1889 quai·is.ldeo
447 1850 525 1879 docet
533 1848 632 1878 Paulus
643 1846 780 1887 apostolus
795 1857 800 1872 :
817 1847 941 1875 Obsecro
953 1855 1005 1874 au-

263 1897 320 1919 tem
333 1900 395 1924 vos,
401 1891 525 1930 fratres,
531 1889 660 1917 studium
674 1887 780 1915 habere
793 1886 910 1925 quietis,
919 1891 946 1913 et
958 1895 1007 1914 ne-

262 1932 333 1970 gotti
339 1930 489 1968 proprii,et
497 1927 637 1968 operandi
646 1926 781 1955 manibus
790 1926 935 1960 vestris‚et
942 1924 1007 1953 nul-

264 1971 320 1999 lius
329 1969 503 1998 desiderium
510 1971 546 1996 si't
553 1967 638 1995 vobis
647 1966 687 1994 acl
692 1975 727 1993 ea
736 1964 883 2004 quoesoris
893 1964 1008 1994 sunt.Et

118 2027 139 2042 ι.
159 2020 219 2042 Tim,
231 2018 255 2041 6.
266 2011 377 2039 iterum:
388 2009 538 2037 Habentes
548 2006 738 2040 alimenta‚et
747 2005 852 2043 quibus
864 2010 1007 2043 tegamur,

115 2050 200 2074 8—io.

267 2050 312 2078 his
321 2049 451 2076 contenti
460 2048 561 2076 simus.
572 2045 651 2074 Nam
661 2045 712 2084 qui
724 2044 828 2073 volunt
842 2043 946 2072 divites
953 2041 1009 2081 fie-
1023 2048 1043 2071 D

267 2090 308 2123 ri,
330 2087 463 2116 incidunt
484 2088 516 2114 in
533 2087 723 2114 tentationem
738 2089 767 2112 et
788 2084 924 2123 laqueum
941 2083 1009 2111 dia-

268 2128 338 2163 boli,
346 2133 374 2156 et
386 2126 530 2155 desideria
541 2124 635 2153 multa
649 2123 768 2152 inutilia
777 2129 806 2151 et
819 2124 934 2157 nociva,
945 2132 1009 2161 qiiae

267 2172 402 2207 mergunt
416 2166 546 2194 homines
561 2166 592 2192 in
602 2163 750 2192 interitum
765 2168 793 2191 et
805 2163 1007 2200 perditionem.

267 2208 365 2238 Radix
376 2206 453 2234 enim
464 2205 593 2234 omnium
605 2203 746 2231 malorum
759 2208 802 2231 est
816 2202 960 2240 cupiditas
969 2201 1011 2230 di-

269 2250 406 2277 vitiarum
422 2256 429 2273 τ
446 2254 534 2284 quam
552 2243 672 2283 quidam
694 2246 871 2280 appetentes,
886 2240 1011 2280 cir-cafi—

268 2288 334 2316 dem
355 2285 616 2325 naufragaverunt.
633 2282 705 2320 Ergo
721 2281 811 2310 omnia
824 2280 933 2310 Christo
945 2290 1007 2319 pro-

269 2327 350 2356 missa
363 2331 441 2361 sunt,
454 2331 480 2353 et
503 2322 591 2353 omnia
611 2321 736 2350 Christus
760 2320 914 2351 contemsit.
928 2326 959 2348 ut
980 2329 1013 2348 ne

271 2366 384 2406 gloriam
411 2364 461 2393 Dei
484 2361 593 2392 diabolo
613 2360 688 2390 daret
704 2371 710 2387 ε
729 2366 758 2388 ut
777 2366 803 2388 et
824 2359 875 2387 tibi
896 2359 977 2387 etiam
991 2358 1014 2387 si

271 2412 342 2435 totus
364 2403 483 2434 mundus
506 2402 586 2432 fuerit
609 2399 704 2434 datus,
719 2405 825 2427 tantum
846 2404 876 2426 ut
894 2397 1015 2427 dimittas

270 2447 375 2482 Deum,
395 2454 448 2473 non
468 2442 551 2472 facias
572 2439 690 2480 amplius
707 2437 835 2475 divitias,
855 2447 936 2476 quam
957 2437 1016 2476 glo-

837 203 921 227 OPUS
946 202 1192 227 innumerum

93 284 181 314 Philip.
194 282 218 305 3.
243 282 324 311 super
343 269 485 310 templum.
501 267 577 298 Talis
594 267 647 297 fuit
658 273 685 296 et
695 265 743 296 ille
753 265 801 305 qui
813 265 900 296 dicit:
916 266 988 295 Non
1001 268 1022 292 Α
1038 265 1108 295 riam
1127 265 1200 295 Dei:
1222 275 1271 296 »ω
1289 265 1363 296 mim
1379 265 1486 306 justum
1502 272 1560 301 δι’
1572 271 1684 306 Pmpm,
1703 276 1783 296 αω-

1037 304 1128 335 turam
1151 312 1318 336 contemnere
1337 306 1501 344 Creatorem,
1516 305 1562 335 sed
1574 312 1685 346 propter
1696 305 1782 336 Crea-

1037 351 1122 374 torem
1149 352 1296 375 creaturam
1317 357 1324 374 ι
1345 347 1480 384 quoniam*
1497 345 1608 375 divitias
1635 345 1685 375 tibi
1709 346 1782 375 Deus

1038 383 1104 413 darc
1123 391 1220 425 potest,
1238 385 1343 415 divitiae
1361 391 1451 417 autem
1470 386 1518 415 tibi
1540 387 1627 414 Deum
1645 384 1710 415 dare
1727 395 1782 415 non

1038 431 1162 463 possunt.
1178 425 1239 454 Non
1259 425 1333 454 enim
1352 421 1462 470 propter
1478 435 1505 455 se
1527 431 1644 454 tentatus
1666 432 1720 460 est,
1735 424 1784 454 sod

1042 470 1152 503 propter
1174 474 1237 500 nos,
1261 470 1287 493 et
1310 474 1376 495 non,
1389 464 1442 493 sibi
1465 463 1598 501 wadient,
1620 464 1670 494 sed
1693 464 1781 494 nobis.

1043 504 1092 532 11.
1113 504 1193 533 Τιιηι·
1205 505 1326 543 reliquit
1334 514 1399 533 eum
1413 503 1560 539 diabolus,
1574 511 1602 532 et
1614 505 1784 534 accedentes

1043 543 1143 582 angeli
1156 545 1216 572 Dei
1220 545 1435 573 ministrabant
1448 545 1486 573 et.
1501 544 1562 573 Non
1575 543 1648 573 dixit
1660 555 1670 572 t
1685 544 1722 573 Et
1734 543 1784 573 de—

1042 581 1196 627 scendentes
1207 582 1294 622 angeli
1306 583 1355 613 Dei
1366 583 1553 613 ministrabant
1564 582 1600 618 ei,
1609 590 1637 612 ut
1649 583 1784 618 ostendat,

1043 632 1107 660 quia
1121 632 1226 662 semper
1243 622 1279 652 ad
1295 622 1473 655 ministerium
1488 622 1548 662 ejus
1565 622 1653 662 angeli
1663 630 1740 652 erant
1756 621 1786 650 in

1044 661 1122 690 terris
1134 674 1140 689 t
1152 662 1200 692 sed
1213 669 1287 699 tunc,
1302 661 1472 703 praecipiente
1483 661 1610 695 Domino,
1622 668 1787 691 recesserunt

1044 701 1079 730 ab
1091 711 1133 738 eo,
1149 708 1180 731 ut
1200 702 1274 731 loeus
1295 702 1405 732 diabolo
1417 701 1547 731 adversus
1557 701 1696 737 Christu-
1707 701 1787 732 dare-

1044 747 1099 776 tur,
1113 750 1146 770 ne
1163 741 1231 771 forte
1250 742 1359 781 angelos
1375 741 1472 772 videns
1487 741 1558 771 circa
1578 751 1651 775 eum.
1666 751 1719 770 non
1737 751 1788 780 ap-

1043 780 1236 820 propinquaret
1253 781 1288 811 ad
1311 793 1385 811 eum.
1398 781 1445 812 Sic
1471 781 1542 819 enim
1562 780 1736 810 invisibiliter
1755 780 1788 809 fit

1045 819 1118 849 omni
1138 820 1241 850 homini
1263 821 1426 851 Christiano.
1443 822 1505 850 Duo
1525 820 1598 850 enim
1616 827 1680 850 sunt
1699 819 1788 860 angeli

1046 867 1228 899 permanentes
1250 870 1313 890 cum
1336 860 1501 897 hominibus,
1524 859 1626 889 scilicet
1650 861 1738 889 bonus
1762 866 1789 889 et

1046 899 1144 928 malus.
1165 899 1304 937 Quamdiu
1328 901 1398 931 circa
1420 910 1468 930 nos
1488 906 1527 929 est
1551 900 1663 944 angelus
1683 899 1793 936 bonus‚'

1046 948 1194 977 numquam
1207 950 1255 969 nos
1268 940 1472 970 intentationem
1487 946 1571 979 potest
1587 939 1725 979 impellere
1738 949 1789 967 an·-

1047 977 1123 1023 geltis
1146 979 1243 1009 malus.
1265 980 1420 1010 Secundum
1447 978 1671 1019 dispensationem
1701 985 1789 1007 autem

1047 1018 1097 1046 Dei
1120 1018 1219 1048 recedit
1237 1018 1436 1057 aliquantulum
1454 1019 1566 1057 angelus
1582 1018 1684 1054 bonus;
1704 1017 1790 1057 magis

1048 1063 1136 1086 autem
1151 1067 1204 1087 non
1227 1058 1336 1095 recedit,
1351 1058 1398 1089 sed
1419 1058 1559 1088 abscondit
1571 1068 1610 1094 se,
1623 1057 1790 1088 invisibilem

1047 1106 1075 1125 se
1088 1096 1201 1126 reddens
1214 1105 1274 1127 ante
1288 1098 1429 1128 diabolum
1444 1112 1451 1127 z
1467 1097 1595 1136 quoniam
1608 1097 1661 1127 nisi
1674 1096 1792 1127 voluerit

1047 1136 1159 1176 angelus
1177 1137 1276 1172 bonus,
1289 1149 1305 1167 a
1318 1138 1429 1168 diabolo
1445 1148 1497 1168 non
1514 1137 1634 1166 videtur.
1648 1136 1792 1175 Subtrahit

1048 1186 1112 1215 ergo
1137 1186 1175 1212 se,
1196 1184 1226 1206 ut
1252 1178 1299 1207 det
1325 1178 1434 1208 diabolo
1457 1177 1594 1207 licentiam
1617 1176 1752 1213 tentandi,
1767 1181 1793 1205 'et

1049 1221 1121 1260 stans
1134 1224 1268 1255 exspectat
1283 1217 1433 1247 tentationis
1446 1223 1580 1247 eventum.
1597 1217 1713 1254 Quando
1730 1226 1794 1255 ergo

1050 1254 1140 1293 aliqua
1160 1257 1372 1296 concupiscentia
1392 1257 1469 1286 malae
1491 1256 1528 1286 rei
1548 1256 1697 1286 ascenderit
1713 1266 1796 1295 super

1050 1304 1097 1323 cor
1114 1301 1203 1331 tuum,
1219 1303 1245 1325 et
1264 1297 1355 1336 pulsat
1375 1296 1487 1335 aliquod
1523 1306 1589 1325 enus
1605 1296 1722 1336 peccati,
1741 1305 1795 1325 non

1051 1340 1090 1377 est
1110 1334 1180 1363 circa
1200 1341 1225 1363 te
1238 1338 1349 1375 angelus
1364 1337 1463 1372 bonus,
1478 1306 1525 1365 sed
1544 1335 1670 1365 diabotus
1683 1336 1796 1374 loquens

1052 1382 1080 1400 in
1096 1373 1176 1402 corde
1192 1380 1238 1402 tuo
1258 1381 1340 1404 tentat
1360 1382 1385 1404 te
1402 1376 1504 1414 pariter
1514 1383 1540 1405 et
1558 1375 1706 1416 compellit.
1722 1375 1751 1404 Si
1765 1381 1795 1403 tu

1052 1421 1116 1450 ergo
1126 1415 1303 1451 permanseris
1314 1415 1483 1454 confringens
1494 1425 1540 1444 cor
1550 1421 1638 1448 tuum,
1652 1414 1738 1453 magis
1747 1424 1797 1442 au-

1054 1457 1106 1479 tem
1124 1451 1264 1482 diabolum
1277 1454 1304 1483 in
1318 1453 1399 1483 eorde
1412 1460 1459 1482 tuo
1473 1453 1653 1494 confringens,
1667 1463 1729 1482 cum
1742 1463 1797 1483 non

1053 1496 1079 1518 te
1096 1492 1213 1530 potuerit
1233 1503 1368 1538 superare,
1376 1492 1494 1523 discedet
1505 1505 1520 1523 a
1538 1500 1573 1523 te.
1590 1492 1705 1530 Quando
1723 1503 1797 1522 rece-

1054 1529 1133 1575 dente
1155 1533 1368 1576 concupiscentia
1389 1533 1441 1562 inci
1464 1533 1483 1562 it
1495 1544 1541 1563 cor
1559 1540 1638 1562 tuum
1650 1532 1797 1569 exsultare,

1055 1579 1120 1614 quta
1142 1574 1250 1600 evasisti
1274 1572 1406 1612 impetum
1430 1544 1508 1602 ilium
1534 1572 1654 1609 malum,
1673 1578 1701 1600 et
1721 1571 1799 1610 quasi

1056 1609 1168 1654 quidam
1191 1610 1302 1650 spiritus
1325 1613 1353 1640 in
1380 1618 1406 1640 te
1429 1618 1531 1642 tacente
1553 1612 1669 1648 lemur,
1685 1617 1712 1640 et
1738 1621 1800 1650 gra-

1058 1656 1107 1678 tias
1127 1649 1183 1689 agit
1199 1651 1255 1680 Deo
1269 1661 1416 1690 :cognosce
1436 1652 1500 1690 quia
1513 1651 1622 1681 recessit
1634 1662 1650 1680 a
1664 1657 1691 1681 te
1701 1650 1799 1680 diabo-

1058 1689 1151 1734 lus‚·et
1164 1696 1223 1729 post
1233 1691 1384 1720 tentationis
1398 1690 1537 1721 victoriam
1550 1691 1677 1721 accedens
1690 1701 1723 1719 an
1742 1690 1801 1720 elus

1059 1735 1193 1758 ministrat
1210 1730 1272 1767 tibi,
1285 1738 1311 1760 et
1331 1730 1378 1760 ille
1396 1730 1518 1770 loquitur
1534 1731 1562 1761 in
1576 1738 1612 1768 te,
1628 1738 1655 1760 et
1670 1741 1721 1770 gau
1742 1730 1800 1759 ium

1060 1770 1349 1815 operatur-‘Quoniam
1361 1777 1450 1800 autem
1463 1770 1650 1801 ministrabant
1664 1771 1689 1800 ei
1699 1769 1799 1810 angeli,

1060 1818 1159 1838 seimus
1174 1820 1181 1837 ε
1197 1819 1224 1838 ιιι
1238 1810 1337 1848 quibus
1351 1817 1440 1839 autem
1453 1810 1532 1840 rebus
1545 1810 1587 1839 illi
1602 1809 1799 1845 ministrabant,

1060 1849 1129 1877 scire
1143 1858 1196 1877 non
1212 1859 1366 1888 possumus.
1377 1851 1477 1880 Utrum
1494 1850 1528 1880 ad
1549 1849 1673 1880 sanitates
1685 1847 1801 1879 infirmi·

1061 1893 1157 1923 tatum,
1171 1889 1399 1927 quemadmodum
1416 1896 1443 1918 et
1456 1900 1505 1930 per
1515 1889 1640 1935 angelum
1652 1888 1801 1929 Raphelem

1061 1926 1164 1956 sanavit
1178 1928 1291 1957 Tobiam
1305 1940 1313 1956 ε
1328 1939 1362 1958 an
1383 1928 1418 1958 ad
1431 1936 1621 1959 correctionem
1633 1937 1783 1958 animarum
1792 1949 1800 1964 ,
1814 1926 1872 1949 ²⁷⁰⁶·
1881 1925 1904 1949 3·

1061 1975 1094 1994 an
1116 1966 1151 1996 ad
1167 1967 1355 2007 effugationem
1369 1969 1532 2005 daemonum‚
1547 1968 1673 2008 quoniam
1693 1966 1803 2007 quidem

1061 2007 1146 2050 multa
1156 2017 1237 2046 opera
1248 2018 1296 2036 sua
1307 2018 1355 2047 per
1368 2008 1476 2048 angelos
1485 2009 1561 2045 facit,
1574 2018 1672 2038 verum
1685 2015 1734 2037 est.
1750 2008 1806 2042 An-

1064 2045 1130 2084 gelis
1147 2053 1236 2075 autem
1254 2047 1426 2083 facientibus,
1441 2048 1498 2087 ipse
1514 2048 1600 2077 facere
1619 2047 1738 2083 videtur,
1757 2047 1805 2084 qui

1063 2084 1110 2113 dat
1133 2085 1188 2114 illis
1207 2085 1320 2114 faciendi
1341 2093 1504 2126 praeceptum
1517 2093 1543 2116 et
1565 2093 1730 2126 potestatem.
1745 2085 1806 2115 Ta—

1041 2151 1046 2155 .
1065 2134 1124 2153 men
1138 2125 1384 2154 manifestIssimum
1396 2132 1446 2161 est,
1461 2126 1525 2165 quia
1535 2132 1583 2155 etsi
1595 2125 1630 2154 ad
1641 2135 1710 2171 opus
1721 2126 1808 2166 ipsius

1065 2163 1217 2210 ministrant
1227 2165 1260 2202 ei,
1270 2175 1323 2193 non
1335 2171 1444 2205 propter
1454 2166 1634 2199 necessitatem
1645 2167 1808 2205 impotentia!

1067 2210 1291 2248 ejus-ministrant
1302 2204 1338 2241 ei,
1354 2205 1401 2234 sed
1422 2212 1531 2245 propter
1546 2205 1675 2234 honorem
1693 2212 1808 2244 potesta-

1066 2249 1101 2272 tis
1123 2254 1219 2283 ipsms.
1241 2245 1312 2274 Nam
1334 2244 1489 2274 ministrant
1509 2245 1535 2274 ei
1553 2251 1580 2275 et
1602 2255 1655 2274 non
1681 2244 1811 2286 adjuvant

1067 2292 1140 2312 eum.

1188 2356 1342 2386 ⁸Homilia
1352 2363 1436 2386 sexta
1445 2367 1482 2386 ez·
1495 2367 1560 2396 cap.
1573 2363 1690 2397 quarto.

1111 2443 1160 2471 12.
1170 2441 1243 2471 Cum
1249 2447 1347 2470 antem
1356 2441 1586 2478 audissetJesus,
1596 2440 1813 2480 quodJoannes
1828 2443 1904 2468 uomit

305 2546 315 2557 a
333 2535 403 2561 Edit'i
414 2536 449 2561 sic
465 2534 561 2559 habent
574 2542 580 2557 τ
594 2538 618 2558 ct
629 2532 718 2557 servire
734 2532 758 2556 ei*
774 2529 910 2554 seeundum
921 2529 1030 2553 manda·
1061 2532 1091 2557 V.
1102 2534 1132 2558 D.
1144 2533 1223 2558 abest.

274 2585 323 2603 tum
340 2579 418 2611 ipsius
434 2575 568 2599 observare
586 2583 594 2597 :
614 2578 642 2597 at.
659 2570 730 2601 illud,
743 2570 880 2601 observare,
892 2567 962 2601 quasi
982 2576 1027 2592 ex-

275 2617 434 2651 pungendum
444 2619 547 2641 notatur
557 2612 582 2638 in
594 2611 705 2645 margine
716 2609 858 2647 Editor-uni,
872 2613 897 2633 et
908 2617 923 2633 a
931 2606 1025 2633 Codice

1089 2573 1102 2593 ¹>
1119 2573 1166 2599 Est
1177 2572 1288 2598 Romilia
1296 2572 1405 2605 septima
1418 2571 1444 2597 in
1456 2569 1550 2596 Codice
1562 2571 1592 2597 V.
1604 2571 1635 2597 D.
