1904 2840
209 184 278 233 746

800 194 883 231 opus
909 193 1149 220 IMPERFECTUM

209 266 276 295 erat,
292 264 318 287 et
343 258 406 297 quia
429 256 503 287 filius
529 257 672 298 principis,
695 257 765 291 vidit
783 259 860 288 Raab
875 259 951 288 illam
967 262 988 286 Λ
1004 258 1181 289 Moabitidem
1193 258 1299 288 nomine
1309 259 1396 288 Ruth.
1406 258 1550 297 Quomodo
1563 270 1578 289 a

210 298 318 329 fidelem
331 298 369 327 sic
381 306 536 327 conversam
552 297 588 326 ad
603 297 718 334 bonum,
735 304 762 328 et
774 309 790 327 a
802 299 861 328 Deo
881 298 951 328 dile-

211 345 291 375 ctam,
301 344 328 366 et
337 336 480 366 deductam
492 336 527 366 de
541 336 650 367 Jericho
663 337 811 369 secundnm
820 338 871 368 Dei
884 349 953 378 prae-

212 384 330 418 ceptum,
345 383 371 406 et
393 386 451 406 com
473 383 574 405 utatam
591 376 660 406 inter
678 376 750 407 filias
771 378 865 415 1sm31,
879 377 955 417 quasi

212 427 336 456 maguam
356 416 432 445 illam
445 427 460 445 a
475 416 565 455 iquam
576 416 757 454 constitutam,
770 418 867 447 meruit
887 417 956 447 acci-

213 467 275 497 pere
288 456 397 486 Salmon
411 455 438 485 in
450 466 575 485 uxorem.
585 455 690 485 Deinde
701 456 793 493 credo,
804 463 831 485 et
848 463 956 497 propter

214 497 343 527 rationem
357 495 507 535 spiritualis
520 495 640 535 mysterii
652 507 660 523 ε
675 496 804 534 quoniam
816 497 893 526 Raab
908 496 957 526 illa

214 535 344 566 meretrix
356 535 443 574 figura
455 535 509 565 suit
521 534 659 571 Ecclesiae,
670 545 730 603 duae
743 546 806 565 cum
816 536 910 566 fuisset
922 546 957 566 ex

216 575 340 614 gentibus
351 574 479 604 meretrix
491 581 517 604 et
529 574 644 604 culturis
660 574 670 604 i
690 575 796 605 olorum
807 586 958 605 commacu—

217 616 270 644 lata
295 614 444 654 suscipiens
463 613 644 654 speculatores
661 615 727 644 Jesu
747 615 861 652 Christi,
876 615 904 645 id
919 621 959 644 est

219 654 363 695 apostolos,
378 654 406 683 in
419 653 532 683 domum
543 653 657 694 pectoris
670 654 714 683 sui
731 664 780 694 per
793 655 875 685 verba
885 654 959 695 ipso·

218 704 292 731 rum,
308 693 447 723 abscondit
466 703 512 723 eos
533 703 640 722 sursum
666 693 695 722 in
718 694 847 724 memoria
865 694 961 734 capitis

220 733 274 770 sui,
290 739 322 762 utv
342 734 394 762 non
406 733 538 770 inveniret
549 743 594 762 eos
614 733 739 773 princeps
750 734 846 763 mundi
862 734 961 763 diabo-

220 773 275 809 lus,
291 782 339 802 nec
352 772 477 812 perderet
492 783 548 809 eos,
562 773 611 812 qui
624 772 701 812 signo
710 776 723 789 ²
734 773 813 802 rubri
826 773 923 814 sparti,
938 780 964 803 et

222 823 270 852 per
283 813 423 842 fenestram
435 811 556 849 demissi,
575 812 652 851 quasi
651 822 713 880 dper
726 811 858 842 indicium
871 813 964 843 domi—

222 862 288 881 mcae
312 851 444 891 passionis
464 851 576 888 salvata,
590 858 617 881 et
636 862 650 881 e
672 858 731 881 ucta
753 851 788 881 de
809 852 921 889 mundo,
938 859 965 883 et
979 857 997 881 B

223 891 377 928 castificata,
392 891 460 920 facta
481 897 522 921 est
541 901 553 920 s
590 901 638 920 nsa
652 890 765 921 Christi.
781 892 893 922 Salmon
915 893 964 922 iste

224 930 350 960 decimus*
362 937 402 960 est
423 931 457 960 ab
477 931 547 960 Abra
570 941 624 959 am.
643 929 756 971 Semper
775 938 865 960 autem
890 931 966 961 deci-

223 981 283 999 mus
308 980 453 1006 numerus,
473 970 537 1008 quia
558 980 686 999 numerus
712 977 751 1000 est
777 971 965 1010 perfectionis,

224 1009 382 1049 mysterium
404 1010 484 1039 habet
500 1009 601 1039 Christi
647 1010 745 1039 rfecti:
782 1017 872 1050 ropter
894 1011 967 1050 quod

225 1055 250 1077 et
270 1049 357 1088 prima
375 1049 452 1079 litera
470 1048 587 1078 nominis
602 1020 666 1080 ἔξω
685 1049 739 1079 iota
782 1050 852 1087 abet,
875 1050 968 1080 decem

224 1088 370 1117 denotans:
388 1099 452 1128 crgo
472 1095 498 1118 et
519 1089 582 1127 quia
603 1089 712 1119 Salmon
736 1090 764 1119 in
780 1098 898 1120 numero
917 1090 969 1120 fuit

225 1128 338 1167 mystico
354 1127 470 1163 Christi,
495 1134 520 1157 et
540 1128 588 1157 illa
608 1128 636 1157 in
657 1131 786 1174 mysterio
801 1129 852 1158 suit
871 1130 969 1159 Eccle—

226 1167 282 1202 siae,
295 1177 348 1196 non
357 1167 414 1196 sine
427 1167 530 1196 ratione
538 1167 673 1196 credimus
687 1179 774 1208 ipsam
787 1169 869 1198 fuisse
880 1170 967 1207 Raab,

226 1213 251 1235 et
272 1206 404 1245 accepisse
419 1217 477 1235 eam
486 1206 651 1236 Sulmonem.
667 1208 791 1237 Forsitan
805 1215 896 1238 autem
908 1209 969 1239 ideo

227 1252 253 1274 et
278 1245 467 1284 interpretatur
485 1246 605 1283 Salmon‚
627 1246 718 1286 accipe
731 1258 798 1284 vas,
825 1249 901 1286 qnasi
922 1259 971 1288 per

227 1284 318 1324 ipsum
344 1294 440 1313 nomen
461 1284 627 1314 invitabatur
647 1295 663 1314 a
682 1286 852 1325 providentia
866 1287 927 1323 Dei,
941 1295 971 1317 ut

77 1328 131 1350 Act.
143 1334 166 1358 9.
181 1326 217 1351 15.
228 1323 358 1363 acciperet
371 1333 419 1353 vas
431 1323 568 1353 electionis
584 1324 671 1353 Raab.
690 1326 759 1354 Nam
772 1325 842 1354 sicut
859 1326 970 1363 Paulus,

66 2501 139 2524 Ruth.
152 2504 176 2532 4.

228 1374 290 1392 cum
303 1363 397 1392 fuisset
410 1370 597 1403 persequutor,
610 1363 710 1403 dignus
723 1365 853 1403 probatus
865 1365 893 1393 in
905 1376 970 1405 apo-

229 1403 339 1438 stolatu,
354 1412 402 1432 vas
413 1402 548 1431 electionis
560 1402 645 1431 factus
655 1410 694 1433 est
707 1405 765 1433 Deo
782 1415 788 1431 :
804 1404 843 1434 sic
855 1411 881 1433 et
895 1405 972 1434 Raab

1643 259 1665 290 it
1674 268 1745 297 eam,

1006 309 1140 338 exponere
1152 298 1306 328 existimavi
1317 299 1485 338 superfluum
1493 310 1571 337 ,cum
1579 269 1670 329 (dixis
1682 299 1749 329 scri-

1006 344 1085 377 ptura
1099 338 1135 367 sit
1145 338 1271 367 omnibus
1283 338 1431 369 manifesta.
1446 339 1505 368 Hoc
1522 345 1612 369 autem
1630 338 1750 369 dicimus

1006 377 1107 412 solum,
1121 377 1248 415 quoniam
1260 384 1286 407 et
1299 378 1374 407 Ruth
1381 388 1432 418 pro
1445 378 1541 408 merito
1553 378 1618 408 fidei
1629 389 1684 408 suae
1697 389 1750 408 nu-

1007 417 1062 456 psit
1081 417 1170 454 Booz,
1185 416 1249 456 quia
1271 417 1410 457 propriam
1425 424 1530 457 gentem
1545 418 1702 455 contemsit,
1723 424 1750 448 et

1008 463 1118 493 terram,
1133 463 1159 485 et
1177 466 1271 496 gemm,
1286 463 1313 486 et
1323 457 1404 496 elegit
1416 457 1510 495 Israel,
1524 464 1551 487 et
1561 467 1615 487 non
1626 457 1751 498 despexit

1008 506 1115 525 socrum
1124 495 1235 526 viduam
1245 496 1327 526 simul
1332 503 1362 542 *et
1368 497 1547 537 peregrinam,
1557 496 1692 526 desiderio
1701 497 1751 527 du—

1009 541 1050 564 cta
1070 535 1174 575 generis
1187 546 1246 604 opis
1268 546 1353 576 magis
1373 547 1454 575 quam
1476 537 1530 566 sui.
1546 537 1619 566 Deos
1644 543 1753 576 patrum

1009 585 1121 604 suorum
1133 585 1200 620 repu
1214 575 1244 612 it,
1260 582 1287 605 et
1298 577 1387 605 Deum
1399 576 1533 606 viventem
1546 576 1587 606 ele
1607 576 1637 613 it,
1652 576 1754 606 talibus

1010 614 1101 644 verbis
1120 615 1213 644 dicens
1233 614 1269 644 ad
1295 625 1402 645 socrum
1414 626 1514 645 suam:
1537 616 1612 646 Not
1634 617 1754 646 obviare
1762 623 1903 651 Rmh.1.16.

1011 655 1102 691 mihi,
1120 660 1153 683 ut
1172 654 1337 694 relinquam
1355 660 1397 691 te,
1418 657 1558 695 quoniam
1579 656 1754 695 ubicumque
1766 663 1802 688 ¹7·

1012 695 1090 729 ieris,
1104 695 1152 723 ibo
1175 704 1183 720 -·
1205 701 1233 723 et
1256 695 1430 734 ubicumque
1449 696 1602 732 manseris,
1617 697 1752 726 manebo.

1013 733 1146 773 Populus
1155 740 1230 768 ιιιας,
1239 734 1365 773 populus
1374 744 1456 764 meus
1466 741 1510 764 est
1525 746 1533 763 ε
1545 740 1573 764 et
1585 734 1667 764 Dens
1676 741 1754 774 tuus,

1016 775 1094 804 Deus
1111 783 1189 802 meus
1210 780 1255 802 est
1269 784 1278 801 .·
1291 780 1322 803 ut
1334 775 1510 814 ubicumque
1521 774 1756 821 mortuasuevis,

1013 815 1131 849 moriar,
1142 819 1171 842 et
1182 814 1224 842 ibi
1237 813 1373 853 sepelictr.
1386 815 1453 843 Hoc
1465 814 1569 855 faciat
1581 814 1652 843 mila
1664 815 1758 852 Deus,

1016 859 1044 882 et
1055 853 1110 882 hoc
1122 858 1239 892 (uigeat,
1254 855 1349 882 sinon
1360 853 1425 882 sola
1439 863 1515 883 mors
1523 855 1700 893 separaverit
1712 855 1760 883 in⁶

1017 899 1061 921 ter
1083 898 1111 922 te
1132 898 1161 921 et
1174 902 1230 920 me.
1254 892 1328 931 Ergo
1347 893 1419 922 Booz
1437 903 1488 933 pro
1510 893 1605 923 merito
1626 903 1681 923 sua.²
1695 893 1761 924 fidei

1016 932 1093 961 illam
1106 932 1207 971 accepit
1227 942 1350 968 uxorem,
1364 939 1395 962 ut
1406 943 1442 962 ex
1454 933 1580 972 conjugio
1598 933 1646 962 tali
1658 932 1760 963 sancti-

1018 971 1096 1001 ficato
1112 981 1195 1010 genus
1218 978 1369 1001 nasceretur
1389 972 1489 1012 regale.
1501 973 1571 1002 Nam
1588 972 1660 1001 Booz
1671 972 1761 1002 senior

1018 1010 1189 1046 constitutus,
1203 1020 1257 1039 non
1277 1010 1330 1040 sibi
1356 1021 1468 1041 uxorem
1488 1011 1599 1052 accepit,
1612 1011 1661 1041 sed
1678 1013 1737 1042 Deo
1750 1024 1760 1042 ε

1020 1061 1073 1080 non
1093 1057 1202 1090 propter
1223 1050 1374 1089 passionem
1386 1051 1507 1092 corporis
1527 1052 1580 1088 sui,
1593 1050 1642 1080 sed
1652 1058 1763 1092 propter

1016 1090 1151 1130 justitiam
1164 1089 1243 1129 legis,
1256 1096 1286 1119 ut
1297 1090 1436 1120 suscitaret
1450 1100 1539 1120 semen
1549 1090 1674 1130 proximo
1688 1101 1738 1120 suo
1751 1103 1761 1121 ε

1020 1139 1073 1159 non
1087 1129 1172 1169 magis
1182 1139 1272 1159 amore
1284 1140 1366 1168 quam
1373 1130 1502 1170 religione
1512 1130 1675 1160 ferventior:
1687 1137 1764 1161 aetate

1020 1179 1111 1205 senex,
1125 1168 1232 1209 juvenis
1245 1175 1333 1198 autem
1350 1169 1404 1199 fide
1413 1193 1421 1206 ,
1434 1177 1460 1199 et
1470 1169 1531 1200 ideo
1548 1169 1660 1199 forsitan
1674 1169 1763 1200 nomi-

1021 1216 1098 1238 natus
1108 1208 1186 1238 estin
1199 1208 1310 1244 virtute,
1327 1209 1369 1238 vel
1390 1210 1476 1239 virtus
1489 1209 1518 1238 in
1532 1209 1590 1254 ipso
1603 1210 1762 1250 praevalens.

1021 1248 1157 1284 Quoniam
1169 1248 1217 1286 qui
1231 1247 1379 1277 secundum
1388 1255 1491 1278 aetatem
1503 1249 1692 1278 adineundum
1701 1259 1765 1279 con-

1018 1287 1127 1326 jugium
1139 1294 1178 1316 est
1191 1287 1219 1316 in
1236 1287 1348 1324 virtute,
1363 1298 1416 1317 non
1426 1295 1465 1318 est
1475 1287 1649 1318 nominabilis
1660 1295 1687 1318 ct
1699 1289 1763 1318 lau-

1021 1326 1138 1362 dandus,
1148 1326 1210 1364 quia
1224 1333 1263 1355 est
1278 1327 1307 1355 in
1319 1326 1435 1357 virtute:
1451 1328 1498 1357 sed
1510 1328 1558 1367 qui
1572 1335 1647 1357 extra
1659 1335 1764 1360 aetatem

1022 1366 1190 1405 conjugalem
1198 1365 1255 1405 jam
1267 1366 1364 1402 i'actus,
1378 1367 1480 1406 accepit
1492 1378 1527 1397 ex
1536 1367 1665 1407 religione
1679 1368 1763 1398 virtu-

1022 1411 1076 1434 tem
1089 1404 1124 1434 ad
1135 1404 1194 1444 conj
1199 1404 1290 1444 ugium
1305 1405 1461 1442 ineundum,
1471 1406 1540 1436 sicut
1559 1407 1607 1435 iste
1618 1407 1699 1444 Booz,
1712 1407 1762 1437 ille

228 1453 291 1471 cum
315 1442 409 1471 fuisset
428 1442 567 1478 meretrix,
582 1448 609 1471 et
625 1443 742 1481 gentilis,
754 1442 836 1482 digna
852 1444 969 1473 aestima-
987 1456 1006 1480 c
1022 1444 1168 1473 laudabilis
1181 1451 1207 1472 et
1218 1444 1390 1473 nominabilis
1399 1452 1449 1481 est,
1461 1446 1525 1484 quia
1538 1445 1641 1475 exsistit
1659 1446 1687 1475 in
1701 1446 1762 1477 vir-

227 1482 308 1510 batur
319 1492 335 1510 a
349 1481 451 1521 populo
458 1481 553 1517 Israe'l,
569 1487 599 1510 ut
609 1489 677 1511 esset
684 1483 824 1522 conjuncta
838 1483 970 1513 Salmoni.

230 1521 285 1550 Vel
298 1520 485 1561 spiritualiter,
500 1520 625 1560 conjugio
646 1522 761 1558 Christi,
776 1522 841 1560 quia
853 1533 901 1553 vas
916 1523 970 1552 ele-

230 1560 326 1589 ctionIs
334 1560 402 1590 facta
417 1566 457 1589 est
466 1559 574 1589 Christo
590 1571 597 1587 τ
612 1559 677 1589 huic
685 1562 813 1600 mysterio
827 1568 972 1601 utrumque

230 1599 379 1629 meretricis
401 1599 477 1628 illius
490 1598 615 1628 convenit
627 1609 733 1629 nomen.
748 1600 828 1630 Prius
841 1601 911 1630 enim
923 1602 971 1631 ‹li-

230 1639 340 1668 cebatur
349 1638 437 1674 Raab,
443 1638 517 1676 quod
527 1638 717 1678 interpretatur
724 1639 849 1676 latitudo,
857 1641 899 1671 vel
905 1641 972 1670 dila-

230 1685 283 1707 tata
293 1690 300 1706 :
313 1685 359 1707 aut
367 1677 431 1717 quia
439 1687 474 1707 ex
485 1678 611 1707 omnibus
619 1678 719 1708 finibus
731 1685 807 1708 terrae
818 1687 910 1710 vocata
920 1681 971 1711 Ec-

230 1718 322 1753 clesia,
334 1717 452 1757 gentium
462 1717 576 1746 latitudo
584 1718 785 1757 appellabatur:
793 1726 838 1748 aut
847 1719 969 1758 dilatata,

231 1757 294 1795 quia
308 1757 418 1786 credens
435 1767 470 1786 ex
477 1763 534 1786 toto
551 1756 643 1786 orbem
658 1764 792 1787 terrarum
806 1759 916 1789 fundata
932 1768 971 1790 est

180 1813 221 1829 „11
231 1796 341 1826 mundo.
349 1797 413 1826 Haee
420 1802 507 1826 autem
513 1796 741 1835 Raab,postquam
748 1798 840 1837 nupsit
847 1799 955 1829 Salmon
960 1823 968 1837 ,

230 1836 364 1865 nominata
370 1843 410 1865 est
419 1835 539 1872 Rachab,
554 1835 628 1874 quod
638 1835 705 1865 inter
725 1843 827 1866 rctatur
839 1839 967 1869 ascensio.

230 1877 302 1905 Vere
312 1875 384 1904 enim
396 1875 465 1905 sicut
477 1874 637 1914 coporalitcr
649 1876 705 1904 Rae
726 1876 760 1904 ab
782 1876 829 1906 illa
840 1878 967 1915 ascendit,

228 1914 296 1943 facta
311 1925 364 1944 una
387 1925 421 1944 ex
433 1914 543 1943 filiabus
555 1913 648 1949 lsrael,
661 1921 688 1943 ct
705 1914 859 1954 dignificata
872 1918 969 1958 conju-

229 1954 272 1992 gio
280 1954 341 1983 talis
352 1953 416 1989 viri,
425 1953 464 1983 sic
473 1960 498 1982 et
505 1952 680 1992 spiritualiter
690 1954 740 1983 ista
752 1956 871 1986 ascendit
884 1968 890 1985 ι
904 1957 969 1996 quia

229 2003 291 2022 cum
305 1993 398 2022 fuisset
407 1992 532 2022 Ecclesia·
539 1992 639 2021 cultrix
649 2000 725 2022 antea
739 1993 886 2033 idolorum,
900 1997 968 2026 facta

1023 1490 1090 1520 tute,
1105 1490 1132 1512 et
1145 1483 1221 1513 illius
1234 1483 1295 1513 talis
1313 1484 1367 1514 viri
1377 1484 1464 1514 virtus
1476 1485 1503 1514 in
1517 1485 1577 1525 ipso
1588 1492 1638 1514 est.
1649 1486 1762 1516 Juvenis

1021 1523 1094 1552 enim
1106 1523 1193 1554 virtus
1203 1533 1257 1552 uon
1269 1530 1309 1552 est
1329 1523 1357 1552 in
1368 1523 1436 1563 ipso,
1447 1524 1495 1553 sed
1508 1525 1535 1553 in
1547 1524 1689 1564 juventute
1700 1535 1760 1555 cor-

1022 1562 1097 1602 poris
1106 1563 1174 1602 ejus,
1183 1562 1243 1592 ideo
1253 1568 1279 1591 et
1289 1562 1461 1602 postmodum
1471 1563 1602 1594 exhausta
1612 1565 1761 1595 marcescit.

1022 1602 1078 1640 Qui
1087 1608 1176 1631 autem
1187 1601 1215 1630 in
1225 1602 1314 1631 anima
1325 1611 1373 1631 sua
1382 1602 1445 1632 fidei
1453 1603 1533 1638 habet
1544 1604 1684 1640 virtutem,
1692 1604 1765 1635 sicut

1022 1649 1048 1671 et
1062 1641 1176 1671 habebat
1188 1642 1271 1677 Booz,
1285 1641 1362 1671 illius
1373 1642 1461 1671 virtus
1474 1644 1503 1672 in
1520 1642 1580 1683 ipso
1591 1649 1641 1680 est,
1656 1650 1682 1673 et
1702 1643 1764 1675 ideo

1022 1680 1216 1710 insenescibilis
1224 1687 1273 1710 est.
1287 1683 1485 1721 Consequentcr
1497 1689 1524 1711 et
1533 1682 1610 1712 Ruth
1623 1682 1765 1723 inspiratio

1023 1728 1062 1750 est
1084 1720 1227 1760 appellata.
1241 1721 1311 1750 Nam
1325 1721 1378 1750 nisi
1399 1722 1539 1762 inspiratio
1558 1721 1609 1752 Dei
1621 1722 1716 1752 fuisset
1736 1723 1765 1753 in

1022 1771 1064 1798 ea,
1080 1770 1133 1790 non
1147 1759 1260 1790 dixisset
1272 1771 1333 1799 quae
1348 1761 1430 1797 dixit,
1445 1771 1493 1791 nec
1506 1761 1610 1791 fecisset
1620 1772 1680 1800 quae
1690 1762 1764 1792 fecit.

1022 1800 1098 1837 Quid
1119 1800 1239 1839 primum
1261 1800 1388 1830 laudatur
1409 1801 1436 1829 in
1463 1811 1493 1830 ea
1502 1801 1516 1829 Ξ)
1535 1800 1644 1831 dilectio
1660 1802 1766 1841 generis

1021 1840 1113 1875 Israel,
1127 1845 1174 1868 aut
1186 1839 1356 1879 simplicitas,
1368 1847 1413 1869 aut
1427 1840 1589 1878 obedientia,
1604 1848 1651 1870 aut
1672 1841 1740 1870 fides
1750 1842 1765 1871 Ξ)

1021 1879 1137 1909 Dilectio
1161 1878 1271 1917 quidem
1291 1880 1395 1919 generis
1413 1880 1507 1915 Israel,
1520 1880 1584 1919 quia
1602 1880 1642 1910 sic
1656 1879 1764 1910 deside—

1020 1918 1096 1948 rabat
1109 1918 1181 1947 filios
1192 1918 1328 1958 suscipere
1337 1919 1477 1948 exsemine
1490 1919 1582 1956 Israe'l,
1597 1927 1624 1949 et
1639 1929 1691 1948 una
1704 1919 1764 1949 fieri

1020 1968 1054 1987 ex
1065 1957 1167 1998 populo
1177 1958 1239 1987 Dei.
1248 1959 1278 1988 Si
1288 1959 1360 1987 enim
1373 1959 1639 1988 communicationem
1650 1958 1703 1990 vii-i
1713 1958 1762 1989 de-

1021 1997 1161 2026 siderasset
1178 1997 1254 2036 quasi
1268 1997 1361 2037 puella
1381 1997 1491 2035 lasciva,
1506 1998 1625 2038 aliquem
1634 1999 1763 2038 juvenem

228 2038 267 2061 est
274 2032 345 2061 socia
355 2032 523 2071 angelorum,
535 2037 562 2060 et
570 2041 667 2070 sponsa
673 2032 784 2070 Christi,
796 2041 822 2063 et
834 2035 891 2064 filia
901 2035 966 2065 Dei.
984 2046 1004 2070 n
1021 2036 1111 2075 potius
1131 2036 1283 2076 appetisset.
1298 2037 1434 2073 Quoniam
1454 2044 1544 2067 autem
1565 2047 1619 2067 non
1644 2037 1763 2068 lascivi-*e

229 2071 338 2100 Salmon
351 2071 408 2106 ille,
421 2071 469 2110 qui
483 2070 671 2109 interpretatur
691 2073 781 2112 accipe
788 2083 847 2111 vas,
861 2075 967 2113 qualem

229 2110 317 2139 filium
331 2110 423 2149 genuit
435 2120 470 2139 ex
483 2109 614 2139 Rachab?
628 2111 700 2140 Booz
712 2113 759 2150 qui
779 2112 969 2153 interpretatur

229 2149 256 2178 in
273 2150 392 2185 virtute,
413 2149 458 2179 vel
477 2148 565 2178 virtus
585 2149 613 2177 in
635 2150 711 2195 ipso,
728 2151 785 2181 sive
807 2154 965 2192 praevalens,

227 2189 274 2227 qui
287 2188 435 2219 secundum
446 2188 590 2228 imperium
601 2190 651 2218 Dei
659 2190 760 2230 accepit
773 2201 884 2222 uxorem
890 2194 967 2223 Ruth

227 2238 242 2257 a
257 2230 313 2258 Deo
331 2227 467 2268 'provisam
482 2240 488 2256 :
505 2227 533 2256 in
551 2227 650 2257 virtute
671 2237 776 2268 generat
796 2231 879 2267 filios,
894 2239 921 2262 et
938 2233 967 2262 in

226 2267 320 2308 seipsis
328 2268 457 2298 virtutem
469 2267 605 2304 habentes,
613 2274 639 2296 et
651 2269 834 2307 prazvalcutes.
853 2272 908 2308 Qui
918 2283 965 2301 au-

225 2313 279 2336 tem
301 2307 434 2348 rccipiimt
457 2316 555 2336 uxores
568 2317 602 2335 ex
614 2307 770 2347 provisione
793 2309 913 2347 diaboli,
935 2312 965 2341 id

223 2353 274 2383 est,
290 2357 342 2375 non
356 2347 493 2386 religionis
506 2346 618 2382 intuitu,
633 2356 681 2375 nec
694 2347 787 2377 fideles
800 2349 828 2377 in
846 2349 962 2380 infirmi-

223 2393 275 2415 tate
289 2393 416 2426 generant
428 2386 511 2423 filios,
523 2396 572 2415 nec
585 2386 758 2425 praevalentes
779 2399 907 2427 umquam
915 2400 963 2420 ncc

222 2426 301 2455 sortes
316 2426 368 2455 nisi
380 2426 408 2454 in
419 2426 499 2462 malo,
514 2432 539 2454 et
550 2425 585 2454 ad
597 2435 704 2465 poenam
717 2426 881 2467 irrelIgionis
894 2439 960 2467 suat,

220 2474 274 2494 uon
295 2465 329 2495 ad
343 2465 484 2504 gaudium,
496 2475 545 2495 nec
558 2464 594 2494 ad
612 2465 816 2495 consolationem
835 2467 961 2498 videntur

220 2504 290 2534 filios
304 2505 436 2545 genuisse.
451 2505 504 2535 Hic
523 2504 613 2543 itaque
633 2505 704 2534 Booz
724 2506 826 2546 accepit
849 2517 959 2537 uxorem

1020 2086 1086 2111 suae,
1094 2075 1140 2105 sed
1153 2076 1277 2115 religioni
1286 2076 1437 2106 satisfacere
1447 2077 1557 2116 cupiens
1563 2076 1762 2113 fuit,familiam

1020 2116 1111 2154 potius
1129 2122 1246 2144 sanctam
1263 2115 1358 2154 elegit,
1381 2126 1463 2154 quam
1475 2116 1623 2156 juvenilem
1646 2122 1761 2147 aetatem.

1020 2154 1185 2194 Simplicitas
1197 2161 1298 2191 autem,
1306 2154 1370 2193 quia
1383 2154 1502 2184 ultronea
1515 2155 1566 2185 sub
1579 2155 1695 2195 pallium
1704 2156 1763 2196 ejus

1021 2194 1137 2233 ingressa
1157 2201 1207 2231 est,
1222 2204 1271 2223 nec
1284 2194 1410 2233 cogitavit
1423 2204 1457 2223 ne
1469 2195 1538 2224 forte
1558 2201 1694 2235 sperneret
1704 2205 1764 2225 eam

1040 2233 1097 2262 uasi
1121 2233 1164 2264 vir
1182 2234 1272 2274 justus
1286 2234 1415 2267 lascivam
1434 2234 1565 2274 puellam,
1579 2241 1626 2264 aut
1638 2245 1671 2264 ne
1681 2233 1760 2264 delu-

1019 2244 1094 2302 ileret
1103 2283 1162 2302 eam
1175 2284 1182 2300 :
1197 2280 1224 2303 ct
1236 2273 1310 2312 quod
1319 2273 1430 2312 gravius
1442 2281 1509 2310 erat,
1523 2280 1702 2304 contemneret
1713 2273 1761 2303 (le-

1019 2313 1118 2350 lusam,
1133 2313 1203 2342 sicut
1224 2312 1326 2342 faciunt
1339 2313 1418 2342 multi
1433 2325 1440 2341 :
1456 2313 1504 2343 secl
1525 2314 1672 2344 obaudiens
1693 2313 1760 2342 facta

1018 2362 1110 2382 socrus
1119 2363 1174 2391 sua}
1186 2352 1315 2389 consiliis,
1327 2352 1491 2382 confidenter
1502 2352 1688 2391 crediditquia
1697 2362 1760 2392 pro-

1017 2398 1173 2431 speraturus
1190 2393 1276 2422 fuerat
1287 2393 1362 2421 Deus
1374 2399 1462 2422 actum
1476 2393 1572 2432 ipsius,
1591 2392 1677 2421 sciens
1691 2401 1758 2421 con—

1017 2431 1153 2460 scientiam
1177 2443 1253 2461 suam
1262 2453 1271 2468 ,
1298 2432 1361 2470 quia
1383 2442 1436 2460 non
1462 2431 1548 2462 libido
1570 2431 1606 2460 ad
1628 2432 1680 2460 hoc
1698 2441 1758 2460 eam

1017 2471 1193 2510 compulerat,
1208 2471 1254 2500 sed
1273 2471 1369 2510 religio
1383 2478 1439 2500 erat
1451 2471 1565 2500 hortata.
1583 2470 1658 2507 Quid
1669 2477 1758 2499 autem

1016 2516 1041 2538 et
1055 2510 1081 2538 iu
1096 2510 1167 2541 Booz
1184 2510 1365 2550 praedicatur?
1378 2510 1534 2548 Humilitas,
1548 2510 1665 2548 castitas,
1675 2516 1702 2540 et
1715 2519 1757 2539 re-

250 2604 260 2615 «Ί
279 2595 383 2628 [Morel.
397 2597 486 2624 vitiose
505 2597 560 2622 rubi
575 2598 665 2630 sparsi.
678 2598 827 2625 Commenn.
842 2605 867 2624 ct.
882 2599 970 2625 Morus.
998 2601 1065 2625 ιιιόιί·
1075 2603 1165 2634 sparsi.
1178 2602 1328 2636 Scripsimus
1339 2604 1419 2636 sparti
1430 2610 1479 2629 sec.
1492 2603 1545 2628 Jos.
1559 2603 1583 2629 2.
1597 2603 1648 2635 ts]
