1904 2840
625 187 658 209 ΙΝ
684 187 891 211 ΜΑΤΊἭΙΕΙΙΜ.
920 189 1037 213 nomn.
1066 190 1159 214 XLVI.

1621 185 1692 231 955

156 246 248 276 male?
262 247 333 283 Non,
348 246 395 276 sed
408 286 414 292 ⁸
432 246 560 293 ropalasti
575 247 707 277 malitiam
726 248 796 287 ejus.
818 250 863 279 Sic
874 257 902 280 et
916 253 937 276 Α
953 258 1076 288 ruerunt,
1094 259 1223 291 quantum
1233 253 1306 283 venit
1320 253 1484 299 superinos,
1495 261 1524 285 ut
1537 255 1600 286 talia
1616 264 1692 297 pate·-

158 287 233 315 Deus
239 286 413 316 daushomini
436 297 467 316 us
477 297 641 316 occasionem
653 288 793 327 peccandi,
804 289 825 317 si
838 300 899 328 pec-

157 335 218 354 care
231 325 376 362 voluerint,
393 334 445 355 non
463 326 526 356 illos
539 326 601 356 facit
614 337 732 366 peccare,
748 327 796 357 sed
809 329 899 358 mani-

156 364 234 394 festat
246 365 421 404 pertinaciam
434 365 523 396 cordis
533 376 637 395 eorum.
652 368 690 396 Ui
704 369 806 396 veniat
813 378 901 407 super

154 414 212 433 vos
220 406 314 434 omnis
320 407 440 445 sanguis
450 407 558 445 justus,
570 407 621 444 qui
635 406 749 447 effusus
759 413 802 436 est
813 417 901 446 super

154 448 274 479 ten-am,
287 454 307 473 a
320 447 462 485 sanguine
477 446 557 474 Abel
566 446 640 484 justi
659 456 750 486 usque
772 447 813 475 ad
829 457 899 476 san-

153 483 272 522 guinem
286 484 442 514 Zachartae
449 485 510 524 filii
520 486 685 521 Bar-achiae,
693 496 778 525 quem
791 488 899 516 occidi-

154 524 206 552 stis
218 525 296 552 incer
309 524 446 563 templum
460 531 487 553 et
498 524 604 553 altare.
616 524 649 554 Id
662 531 713 562 est,
727 535 780 554 non
793 532 896 555 tantum

153 571 235 602 super
248 562 368 600 Judaeos,
383 564 431 602 qui
442 565 499 603 jam
517 573 570 593 non
593 571 665 600 sunt,
681 564 728 593 sed
746 575 828 604 super
847 576 896 595 vos

153 602 239 631 malos
261 602 420 632 homicidas.
440 604 509 633 Nam
533 603 561 632 in
580 610 699 643 tempore
720 603 788 633 Abel
805 605 824 634 J
826 604 895 634 udaei

151 641 262 679 quidem
285 652 338 671 non
365 643 483 679 suerunt,
499 643 564 672 mali
587 650 675 672 autem
689 643 810 673 fuerunt.
824 645 893 674 Nam

151 688 282 719 quantum
292 681 466 718 adbomines,
479 682 571 711 multae
585 682 764 722 generationes
777 690 840 713 sunt
853 695 894 713 se-

150 720 268 750 cundum
281 719 449 751 diversitates
463 729 594 759 terrarum
603 729 747 760 :quantum
759 730 847 753 autem
858 724 894 753 ad

148 760 248 796 Deum,
261 759 323 790 duae
336 762 516 801 generationes
528 769 601 791 sunt.
616 763 729 800 Utputa‚
742 772 790 801 per
798 762 892 803 singu-

149 799 190 829 las
203 800 383 839 generationes
392 801 491 831 sanctis
501 801 559 830 suis
566 801 636 830 bona
649 801 805 840 promittens
819 804 892 834 Deus

953 297 1053 325 rentur,
1067 291 1157 329 qualia
1173 293 1244 331 passi
1258 300 1320 322 sunt
1332 304 1348 322 a
1361 295 1505 324 Romanis:
1521 301 1547 324 et
1560 296 1598 325 sic
1631 304 1690 326 ost—

952 329 1062 358 modum
1076 340 1166 360 omnes
1178 333 1356 370 generationes
1365 343 1459 362 eorum
1472 345 1557 373 usque
1570 335 1597 364 in
1610 307 1690 366 iinem

951 369 1041 398 saeculi
1056 370 1250 409 projicerentur
1263 382 1277 400 a
1298 373 1365 408 Deo,
1379 379 1405 401 et
1427 373 1578 403 ludibrium
1597 375 1690 406 fierent

951 409 1075 446 gentibus
1089 410 1219 439 universis
1233 421 1239 437 ε
1259 410 1298 440 sic
1309 418 1334 440 et
1344 411 1426 441 modo
1439 412 1505 442 fitin
1519 424 1610 443 omnes
1623 425 1689 460 gen-

949 453 988 476 tes
1003 454 1028 476 et
1044 448 1175 478 civitates.
1193 450 1247 479 Vel
1265 450 1312 479 ita.
1331 451 1427 480 Omnis
1441 462 1504 491 gens
1523 453 1568 482 vel
1581 454 1686 491 civitas,

949 496 1002 515 non
1017 498 1079 516 cum
1094 489 1271 527 peccaverint,
1286 490 1375 518 statim
1393 491 1470 530 punit
1482 502 1525 520 cas
1539 493 1628 527 Deus;
1641 494 1688 523 sed

948 536 995 554 exs
1030 533 1082 555 ctat
1090 538 1136 566 per
1144 528 1240 557 multas
1247 529 1438 567 generationes,
1447 536 1473 559 et
1480 530 1559 560 modo
1566 533 1685 570 mandat,

948 575 991 594 mo
1012 576 1028 594 o
1047 565 1174 602 minatur,
1188 567 1323 596 interdum
1337 578 1371 597 ex
1394 575 1467 607 parte
1490 570 1600 610 castigat
1626 583 1632 599 :
1657 580 1687 602 ut

946 612 1046 642 quanto
1070 606 1155 644 magis
1177 605 1280 635 diutius
1302 617 1346 636 eos
1373 609 1565 647 exspectaverit
1581 632 1588 646 ‚
1613 618 1686 641 tanto

945 644 1063 684 amplius
1077 651 1102 673 et
1116 645 1165 673 Dei
1177 645 1313 684 judicium
1321 646 1421 686 justius
1429 647 1476 682 sit,
1487 654 1512 676 et
1523 648 1632 678 illorum
1644 651 1685 679 di—

945 683 1023 722 gnior
1037 694 1125 723 poena.
1138 684 1253 720 Quando
1261 691 1349 714 autem
1357 686 1488 724 placuerit
1504 688 1560 716 Deo
1575 689 1685 727 perdere

944 722 1081 752 civitatem
1096 723 1183 760 illam,
1199 731 1244 753 aut
1258 731 1372 763 gentem,
1384 725 1492 754 videtur
1504 727 1623 756 omnium
1637 739 1683 767 ge-

943 763 1111 792 nerationum
1132 762 1339 802 praecedentium
1361 771 1467 804 peccata
1481 765 1591 795 reddere
1602 766 1657 796 illis
1673 780 1681 796 z

942 802 1069 839 quoniam
1080 813 1139 840 quae
1150 802 1204 831 illae
1213 812 1303 832 omnes
1311 804 1490 842 generationes
1501 805 1680 843 merebantur,

151 850 198 879 per
211 840 366 880 prophetas,
379 841 415 871 ad
427 841 634 870 consolationem
645 851 738 870 eorum
751 841 891 873 Christum
907 850 926 873 Β
942 841 997 870 haec
1008 842 1065 870 sola
1076 852 1153 881 passa
1165 849 1213 871 est.
1228 842 1302 879 Quid
1322 842 1402 881 ergo?
1418 843 1532 882 injustus
1544 851 1583 874 est
1596 847 1679 881 Deus,

48 881 138 905 a‘.x.26.
149 879 188 926 eis
209 880 379 919 prophetavit
396 887 551 915 venturum,
573 886 668 919 utputa
685 892 692 908 ι
708 881 891 912 Constituam

144 919 260 958 Judices
271 926 335 948 tuos
347 920 420 949 sicut
429 921 521 959 prius,
537 926 606 949 tunc
619 922 773 949 vocaberis
787 923 891 953 civitas

143 960 279 998 justitie,
294 966 346 988 etc.
367 959 441 998 Ergo
454 959 577 999 promisit
595 959 716 998 quidem,
731 970 784 988 non
800 968 890 992 autem

148 997 272 1038 prestitit
284 1009 291 1025 :
302 999 425 1039 praestitit
434 1006 523 1028 autem
531 998 684 1028 novissimis
692 999 798 1029 sanctis.
813 1001 889 1031 Sicut

148 1044 175 1066 et
187 1048 236 1077 per
247 1037 368 1077 singulas
389 1038 554 1068 enerationes
565 1039 735 1078 peccantibus
748 1040 817 1069 mala
824 1050 887 1080 pro-

147 1077 266 1114 mittens,
277 1078 370 1107 Deusa
400 1085 528 1108 terrorem
541 1088 634 1107 eorum
641 1078 715 1108 hunc
725 1078 763 1108 eis
769 1080 886 1120 prophe-

148 1116 199 1146 tice
212 1117 365 1146 minabatur
374 1117 523 1154 interitnm‚
535 1129 614 1157 quem
626 1117 714 1148 Judaei
727 1126 790 1148 sunt
803 1121 886 1159 passi,

131 1176 137 1182 .
148 1163 254 1197 utputa,
273 1157 360 1186 Terra
374 1164 475 1187 vestra
485 1159 609 1194 deserta,
618 1164 670 1187 etc.
685 1158 758 1197 Ergo
771 1159 887 1190 minatus

147 1203 186 1225 est
200 1196 334 1233 omnibus,
341 1207 394 1225 non
407 1203 496 1226 autem
509 1197 638 1233 reddidit,
651 1197 699 1226 sed
712 1197 831 1228 reddidit
841 1209 886 1238 ge-

147 1235 278 1265 nerationi
290 1236 450 1266 novissimae.
466 1237 542 1267 Sicut
552 1248 616 1277 ergo
629 1237 718 1266 omnia
732 1237 813 1274 bona,
827 1249 887 1277 quae

147 1275 175 1304 in
190 1275 305 1314 singulis
329 1276 543 1315 generationibus
557 1288 572 1306 a
586 1277 773 1306 constitutione
791 1278 887 1308 mundi

147 1325 239 1344 omnes
251 1315 334 1344 sancti
349 1316 529 1352 merebantur,
544 1316 600 1346 illis
610 1316 755 1346 novissime
765 1324 828 1346 sunt
838 1317 887 1347 do-

147 1361 218 1391 nata,
232 1355 279 1400 qui
298 1362 454 1395 receperunt
472 1356 609 1385 Christum
626 1368 633 1384 ε
653 1356 692 1385 sic
701 1356 789 1385 omnia
804 1357 885 1394 mala,

146 1404 207 1432 quae
234 1404 262 1439 in
286 1394 400 1439 singulis
425 1395 639 1434 generationibus
662 1406 677 1424 a
700 1396 887 1426 constitutione

940 880 987 919 qui
999 881 1115 910 aliorum
1123 888 1227 921 peccata
1238 882 1387 911 vindicavit
1396 882 1421 911 in
1435 883 1510 912 istis?
1523 884 1611 913 Absit.
1626 885 1679 915 Sed
1688 901 1759 918 σχειν

940 921 1067 958 quoniam
1086 931 1145 959 quae
1156 921 1199 950 -illi
1222 921 1402 958 merebantur,
1419 922 1463 951 isti
1477 930 1540 952 sunt
1561 924 1641 963 passi,
1653 932 1679 954 et

939 959 990 988 soli
1005 960 1075 1000 passi
1085 967 1147 989 sunt
1158 960 1232 996 talia,
1241 971 1302 990 cum
1314 971 1365 990 non
1379 961 1429 990 soli
1439 970 1587 1001 peccassent
1599 976 1604 991 :
1617 974 1679 1003 pro-

938 1005 1027 1037 pterea
1038 1008 1096 1038 quae
1110 1000 1225 1029 ali0rum
1238 1007 1323 1037 erant,
1335 1000 1463 1030 dicuntur
1484 1001 1528 1030 isti
1547 1004 1676 1042 perpessi.

937 1039 991 1067 Res
1003 1040 1075 1068 enim
1092 1039 1142 1068 ista
1161 1040 1270 1069 moralis
1288 1047 1340 1077 est,
1353 1047 1381 1069 et
1401 1040 1439 1068 sic
1452 1050 1543 1070 omnes
1556 1042 1674 1072 homines

937 1078 1058 1116 quotidie
1077 1078 1199 1116 facimus.
1216 1079 1285 1108 Ecce
1298 1080 1445 1108 enimcum
1467 1081 1537 1109 servi
1558 1081 1596 1109 tui
1611 1092 1677 1121 pcc-

937 1124 1008 1154 cant,
1019 1118 1153 1157 exspolias
1163 1128 1257 1155 unum,
1266 1125 1292 1147 et
1304 1118 1399 1147 iterum
1409 1120 1497 1159 parcis
1511 1120 1547 1155 ei,
1558 1119 1649 1150 dicens
1665 1132 1673 1149 :

937 1157 996 1186 Nisi
1010 1158 1204 1193 observaveris,
1211 1157 1262 1186 hoc
1274 1169 1403 1197 passurus
1413 1169 1441 1187 es
1457 1171 1463 1187 :
1479 1159 1676 1191 similiterfacis

937 1200 962 1225 e‘t
975 1197 1063 1226 alteri.
1078 1197 1139 1226 Non
1158 1197 1359 1226 meliorantibus
1379 1208 1442 1227 vero
1453 1198 1502 1234 eis,
1517 1198 1539 1227 si
1553 1199 1676 1228 incurre-

937 1236 972 1265 rit
984 1247 1063 1273 unus,
1078 1237 1223 1276 castigatur
1234 1238 1380 1266 secundum
1397 1247 1477 1266 suum
1491 1244 1638 1277 peccatum,
1650 1246 1676 1268 et

936 1275 1045 1305 videtur
1056 1275 1164 1315 quidem
1172 1286 1220 1315 pro
1234 1276 1359 1305 omnibus
1366 1276 1412 1305 ille
1425 1277 1498 1306 solus
1511 1278 1653 1315 castigatus
1665 1289 1672 1305 :

936 1315 999 1352 quia
1022 1315 1096 1354 quod
1108 1315 1169 1345 aliis
1181 1322 1220 1344 est
1233 1315 1406 1354 promissum,
1419 1316 1461 1344 illi
1474 1323 1513 1345 est
1525 1316 1674 1346 redditum.

936 1355 1041 1384 Revera
1051 1362 1139 1384 autem
1154 1365 1206 1384 non
1217 1365 1267 1394 pro
1278 1354 1339 1384 aliis
1350 1355 1491 1394 castigatus
1500 1362 1549 1391 est,
1564 1356 1611 1385 scd
1625 1367 1674 1396 pro

937 1404 964 1422 se
976 1406 985 1423 ε
1000 1394 1063 1433 quia
1077 1394 1224 1424 secundum
1237 1393 1362 1423 meritum
1371 1395 1457 1434 culpa:
1468 1405 1522 1424 suae
1529 1396 1674 1440 castigatus

147 1433 243 1462 mundi
254 1440 310 1474 pati
321 1439 580 1464 meruerunt'omnes
593 1434 726 1474 iniqui,et
733 1442 887 1465 sanctorum
902 1444 920 1467 c
936 1440 984 1462 est.
998 1434 1049 1463 Ille
1061 1434 1132 1463 enim
1146 1444 1195 1474 pro
1207 1433 1267 1462 aliis
1280 1432 1382 1462 dicitur
1393 1434 1529 1473 castigari,
1539 1445 1599 1473 qui,
1614 1435 1674 1465 aliis

146 1472 338 1510 interfectores,
353 1483 434 1513 super
445 1474 606 1504 novissimos
619 1476 636 1505 J
639 1474 728 1504 udaeos
743 1483 885 1511 venerunt,

145 1512 195 1557 qui
207 1512 347 1542 Christum
362 1513 529 1553 repulerunt.
544 1516 599 1543 Aut
611 1514 656 1543 ita.
680 1515 835 1553 Numquam
851 1516 886 1544 ab

936 1473 1118 1511 peccantibus,
1133 1473 1191 1513 ipse
1203 1472 1346 1511 castigatur
1359 1483 1411 1501 non
1423 1483 1534 1512 peccans
1549 1484 1554 1500 :
1571 1474 1617 1511 qui
1629 1485 1675 1503 au-

934 1518 1113 1556 tem-peccans
1132 1513 1285 1550 castigatur,
1297 1521 1349 1540 non
1369 1522 1420 1554 pro
1441 1512 1514 1552 aliis,
1527 1512 1573 1541 sed
1586 1523 1636 1552 pro
1645 1524 1674 1542 se

146 1552 226 1581 initio
237 1552 333 1582 mundi
352 1559 412 1582 ame
425 1553 486 1583 talis
501 1554 585 1593 grafia
606 1554 657 1582 Dei
675 1553 772 1582 donata
784 1561 822 1583 est
836 1555 887 1583 ho.
928 1558 1089 1590 wastigatur.
1104 1551 1150 1581 Sic
1162 1558 1188 1580 et
1201 1551 1334 1590 generatio
1349 1551 1398 1579 ista
1430 1562 1460 1580 ro
1468 1551 1595 1595 <patribus
1609 1553 1673 1590 qui-

147 1591 276 1627 minibus,
285 1591 374 1631 qualis
384 1593 413 1622 in
426 1592 535 1622 Christo
548 1604 554 1620 :
568 1599 615 1622 aut
629 1592 691 1622 talis
704 1593 826 1622 interitus
836 1604 884 1623 ve-

146 1630 187 1659 nit
199 1641 281 1671 super
287 1631 492 1672 impiosjqualis
500 1632 574 1662 venit
586 1643 668 1672 super
681 1632 887 1669 Judaeos‚Chri-

145 1676 187 1699 ³20
200 1671 320 1711 repulso.
334 1671 466 1711 Exempla
479 1671 627 1712 corporalia
643 1671 719 1709 dico,
735 1682 795 1711 quae
815 1673 886 1712 passi

145 1716 236 1739 sunta
255 1711 393 1740 Romanis.
410 1711 486 1748 Quid
505 1712 577 1740 enim
594 1711 691 1741 melius
709 1722 765 1749 esse
787 1718 883 1751 potest,

143 1759 226 1787 quam
239 1751 327 1780 Deum
341 1751 366 1779 in
381 1761 493 1790 corpore
507 1751 653 1780 venientem
673 1751 825 1790 suscipere?
837 1758 885 1781 aut

143 1788 211 1827 quid
225 1789 302 1830 pejus
322 1790 475 1829 contingere
493 1797 596 1829 potest,
620 1801 701 1829 quam
714 1792 801 1820 Deum
822 1801 884 1819 cum

143 1834 216 1857 tanta
235 1829 387 1859 humilitate
403 1836 429 1859 et
446 1828 630 1858 misericordia
645 1831 794 1859 venientem
807 1829 842 1858 ad
855 1840 884 1859 se

143 1877 196 1897 non
209 1868 298 1898 solum
307 1879 359 1898 non
373 1868 443 1898 susci
480 1879 519 1905 re,
529 1868 577 1897 sed
590 1868 678 1898 adhuc
686 1869 845 1906 interficere,
858 1876 882 1899 et

143 1907 190 1936 tali
201 1907 280 1937 modo
293 1908 453 1938 interficere.
482 1909 554 1937 Pone
565 1919 628 1947 ergo
641 1909 727 1937 Deum
749 1908 838 1938 dicere
848 1908 883 1938 ad

143 1946 216 1981 illos,
225 1948 271 1986 qui
281 1954 437 1987 receperunt
448 1947 587 1976 Christum
598 1959 605 1975 z
619 1948 686 1977 Ecce
698 1958 748 1987 ego
761 1948 836 1977 mitto
847 1948 883 1977 ad

142 1996 191 2015 vos
203 1987 305 2015 Filium
318 1997 408 2016 meum
419 1987 446 2016 in
462 1996 573 2026 corpore
586 1986 714 2024 velatum,
729 1994 755 2016 et
765 1987 884 2027 discipu-

142 2025 184 2055 los
193 2026 252 2065 ejus
263 2026 290 2055 in
303 2026 409 2055 nomine
418 2026 505 2066 ipsius
519 2038 526 2055 ε
540 2032 566 2055 et
579 2026 712 2066 recipietis
724 2037 780 2062 eos,
795 2034 821 2056 et
829 2038 883 2056 cre-

140 2064 212 2094 detis
229 2066 257 2094 in
268 2076 341 2098 eum.
355 2072 384 2094 ut
397 2066 486 2095 veniat
506 2076 587 2106 super
598 2076 646 2095 vos
665 2067 751 2095 omnis
765 2066 880 2106 justitia,

142 2115 202 2143 quae
214 2104 282 2134 sacta
293 2112 332 2134 est
344 2105 378 2134 ab
392 2105 461 2134 Abel
475 2115 559 2144 usque
572 2105 605 2135 ad
612 2105 779 2135 Zachariam.
789 2107 882 2135 Nonne
904 2126 905 2129 η

143 2154 238 2173 verum
248 2144 335 2173 dicit?
350 2145 421 2174 Vere
433 2145 517 2180 enim,
533 2152 662 2183 quantum
672 2145 706 2174 ad
718 2145 881 2184 magnitudi-

144 2193 204 2212 nem
235 2183 318 2221 ratiae,
336 2194 398 2222 quae
410 2178 478 2213 data'
493 2191 532 2214 est
549 2184 705 2214 hominibus
723 2184 750 2213 in
761 2184 880 2220 Christo,

144 2232 197 2251 non
226 2223 291 2251 icam
299 2222 545 2261 omnem-justitiam
560 2223 764 2263 praecedentium
777 2230 882 2252 sancto-

144 2272 217 2296 rum,
233 2271 292 2300 quae
304 2261 340 2290 ab
353 2261 429 2290 initio
443 2262 516 2291 venit
536 2272 618 2301 super
631 2263 692 2291 illos
715 2275 722 2291 t
738 2262 785 2292 sed
804 2269 879 2302 puto,

143 2300 218 2339 quod
230 2301 353 2330 omnium
368 2307 519 2330 sanctorum
529 2300 640 2345 justitiae
664 2308 767 2330 tantum
785 2302 882 2330 mereri

144 2350 197 2369 non
211 2347 367 2380 potuerunt,
377 2347 507 2379 quantum
526 2339 582 2368 illis
597 2339 724 2369 donatum
738 2341 842 2370 est.Sic
856 2348 882 2370 et

143 2390 225 2419 super
237 2379 412 2418 Judae0s‚qui
425 2379 616 2408 crucifixerunt
624 2379 776 2414 Christum,
790 2387 814 2408 et
824 2391 883 2419 per-

143 2419 250 2457 sequuti
259 2418 474 2458 suntdiscipulos
481 2420 540 2458 ejus
551 2418 685 2447 venientes
695 2418 728 2447 ad
742 2429 786 2448 se:
795 2429 881 2457 quan-

145 2464 202 2486 tum
222 2457 257 2487 ad
276 2458 485 2498 magnitudinem
498 2459 556 2493 irae,
568 2467 627 2496 qua:
639 2458 721 2487 effusa
742 2465 781 2488 est
802 2469 883 2498 super

144 2506 200 2531 cos,
214 2507 267 2526 non
281 2496 369 2527 dicam
391 2498 455 2536 quia
477 2498 597 2526 omnium
615 2496 761 2541 impiorum
783 2508 882 2537 praece-

145 2534 265 2564 dentium
279 2543 388 2580 peccata
412 2543 541 2566 venerunt
558 2546 638 2575 super
653 2535 724 2573 illos,
739 2537 786 2566 sed
799 2537 883 2576 magis

146 2575 265 2604 omnium
278 2575 422 2614 impiorum
446 2583 551 2614 peccata
566 2581 666 2604 tantum
682 2576 745 2604 mali
759 2586 811 2606 non
826 2587 883 2605 mc-

936 1589 997 1619 dem
1010 1591 1066 1620 suis
1080 1589 1185 1620 videtur
1196 1589 1300 1630 punita,
1315 1589 1378 1628 quia
1394 1590 1413 1619 il
1427 1590 1435 1618 i
1449 1590 1535 1619 territi
1546 1597 1618 1627 sunt,
1627 1591 1672 1620 isti

956 1630 1024 1660 uniti
1037 1641 1044 1658 :
1060 1641 1122 1659 vere
1133 1636 1220 1659 autem
1233 1638 1285 1658 non
1303 1639 1351 1668 pro
1363 1628 1434 1665 aliis,
1449 1629 1496 1658 sed
1508 1639 1557 1669 pro
1569 1640 1596 1659 se
1608 1640 1672 1659 con-

935 1640 1051 1698 demnati
1066 1676 1127 1698 sunt
1140 1680 1147 1696 :
1172 1669 1234 1707 quia
1248 1668 1286 1697 sic
1306 1675 1454 1708 peccantes,
1468 1669 1540 1708 juste
1552 1668 1672 1698 damnati

935 1715 1007 1738 sunt.
1028 1709 1092 1738 Haec
1115 1708 1207 1738 eadem
1233 1707 1268 1736 ad
1289 1707 1427 1737 haereticos
1448 1707 1570 1737 convenit
1584 1707 1672 1738 dicere

933 1748 1072 1777 Christum
1086 1759 1092 1774 :
1104 1748 1186 1785 Ideo,
1197 1757 1262 1777 ecce
1274 1757 1325 1786 ego
1344 1748 1427 1776 mitto
1440 1748 1480 1775 ad
1496 1757 1550 1776 vos
1560 1750 1672 1787 sapien-

935 1794 987 1824 tes,
998 1794 1026 1817 et
1038 1789 1159 1822 scribas,
1169 1793 1197 1816 et
1209 1797 1245 1816 ex
1258 1787 1318 1816 illis
1332 1786 1479 1822 occidetis,
1488 1793 1515 1815 et
1527 1787 1672 1826 crucifige-

933 1829 980 1863 tis,
993 1834 1021 1856 et
1023 1827 1218 1867 flagellabitis
1229 1828 1261 1854 in
1280 1827 1438 1864 synagogis
1448 1828 1562 1861 vestris,
1573 1832 1601 1855 et
1608 1829 1672 1865 per‘-

932 1868 1094 1907 sequemini
1111 1867 1147 1895 de
1161 1866 1276 1895 civitate
1297 1867 1329 1893 in
1350 1866 1506 1902 civitatem,
1523 1871 1554 1893 ut
1569 1867 1672 1895 veniat

932 1917 1018 1945 super
1028 1917 1082 1935 vos
1094 1908 1187 1935 omnis
1200 1906 1318 1945 sanguis
1323 1906 1432 1944 justus,
1445 1906 1496 1943 qui
1504 1904 1672 1944 effunditur·

932 1956 1018 1985 super·
1035 1953 1152 1975 terram.
1174 1946 1246 1976 Vere
1269 1945 1340 1973 enim
1361 1943 1436 1972 missi
1459 1950 1521 1972 sunt
1540 1944 1670 1982 sapientes

932 1985 1062 2015 adversus
1083 1984 1232 2019 haereticos,
1254 1983 1355 2013 scilieet
1372 1989 1459 2022 patres
1478 1989 1589 2011 vestros.
1616 1983 1670 2013 Sa-

933 2026 1034 2065 pientes
1047 2031 1135 2053 autem
1148 2033 1201 2052 non
1215 2023 1330 2059 literati,
1344 2032 1458 2060 quorum
1470 2022 1597 2061 sapientia
1617 2032 1669 2051 non

933 2072 971 2094 est
994 2065 1019 2093 in
1043 2063 1165 2093 sensibus
1186 2062 1339 2092 carnalibus
1355 2061 1461 2101 posita,
1484 2068 1511 2090 et
1538 2061 1564 2089 in
1578 2061 1670 2100 lingua

932 2104 1061 2143 acquisita
1081 2114 1130 2143 per
1155 2102 1371 2132 exercitationem
1390 2100 1534 2136 carnalem,
1549 2100 1595 2129 sed
1620 2111 1669 2144 ⁵³‘.

932 2145 1033 2184 pientes
1050 2142 1125 2172 circa
1142 2142 1193 2171 Dei
1211 2141 1348 2177 timorem,
1374 2139 1504 2179 sapientes
1530 2139 1601 2168 circa
1620 2140 1669 2168 Dei

932 2183 1053 2212 notitiam
1068 2193 1075 2211 z
1091 2192 1118 2211 sa
1140 2182 1221 2210 ientes
1234 2180 1323 2209 animo
1334 2202 1342 2216 ,
1358 2189 1410 2208 non
1428 2188 1539 2218 corpore
1555 2189 1561 2205 :
1576 2178 1665 2214 corde,

932 2229 985 2252 non
1005 2233 1050 2251 ore
1065 2233 1071 2250 :
1095 2192 1161 2256 fiio,
1175 2230 1227 2249 non
1240 2219 1349 2257 verbis;
1370 2218 1404 2247 de
1416 2218 1515 2256 quihus
1527 2216 1593 2246 dicit
1604 2227 1666 2256 pro-

951 2262 1011 2291 heta
1504 2290 1509 2296 .

932 2273 960 2330 {t
979 2301 1106 2330 eruditos
1128 2300 1214 2329 corde
1234 2300 1266 2326 in
1284 2298 1436 2336 sapientia.
1462 2295 1537 2324 Misit
1557 2294 1667 2329 scribas,
1681 2303 1716 2318 ¹2-

933 2340 962 2369 id
984 2346 1042 2377 est,
1067 2339 1257 2380 presbyteros,
1283 2343 1310 2365 et
1335 2335 1459 2364 diaconos
1470 2345 1481 2369 ,-
1506 2339 1531 2361 et
1550 2332 1669 2377 fecerunt

933 2380 972 2409 eis
994 2380 1083 2418 qualia
1103 2379 1221 2408 fecerunt
1247 2374 1385 2415 prophetis
1398 2395 1406 2409 ,
1423 2379 1450 2401 et
1475 2371 1602 2415 apostolis
1614 2393 1621 2407 ,
1643 2378 1669 2400 et

933 2419 1096 2459 martyribus
1123 2424 1210 2457 patres
1222 2424 1326 2444 corum.
1349 2414 1452 2447 Quanta
1474 2420 1542 2449 passi
1557 2411 1668 2439 suntab

934 2458 1064 2487 haereticis
1095 2463 1181 2496 patres
1206 2453 1314 2487 nostri,
1341 2450 1434 2493 nullus
1453 2450 1574 2488 ignorat,
1594 2459 1669 2493 reee-

933 2497 1012 2527 dente
1025 2497 1059 2526 de
1078 2495 1167 2525 medio
1181 2491 1328 2522 testimonio
1344 2489 1502 2518 scribarum.
1518 2488 1578 2526 Ipse
1599 2498 1670 2516 enim

934 2544 1009 2566 actus
1022 2535 1160 2565 hominum
1179 2542 1226 2572 per
1243 2529 1360 2569 singulas
1375 2526 1553 2571 generationes
1572 2526 1669 2571 decur-

937 2586 996 2605 rens
1019 2574 1118 2604 sufficit
1133 2571 1167 2601 ad
1191 2568 1371 2600 testimonium
1397 2572 1527 2599 veritatis,
1544 2576 1591 2604 qut
1610 2573 1672 2595 sunt

1481 2607 1530 2635 6⁰.

1034 2272 1040 2288 :
1064 2261 1222 2290 Dexteram
1243 2265 1324 2288 tuam
1339 2260 1381 2287 sic
1393 2263 1492 2286 notam
1511 2256 1562 2294 sac
1586 2256 1667 2291 mihi,
1679 2264 1792 2295 Μᾶρες),
