1904 2840
231 186 298 231 732
562 183 565 185 “
709 190 866 230 munina
890 190 937 214 At>
962 190 1046 214 oros
1071 189 1309 215 lMPBRFEcTUM

202 267 217 283 ιι
231 270 244 284 »
268 256 395 291 mutiam,
409 260 497 284 coacte
510 253 709 305 interpretatur.
833 250 952 283 Humilia
965 253 985 282 5
998 251 1068 282 circa
1082 252 1163 282 finem
1183 250 1262 289 dicit,
1284 251 1436 282 incredulos
1457 262 1510 283 non
1530 262 1587 282 esse
1600 263 1648 293 per
1668 259 1791 282 naturam

231 315 244 329 »
268 302 367 352 paleas,
382 299 429 330 sed
442 299 550 340 propria
562 299 711 336 voluntate,
724 299 801 338 quasi
811 298 878 328 fides
888 305 956 328 esset
968 298 996 328 in
1009 305 1098 327 nostra
1112 297 1250 328 voluntate
1263 309 1294 328 ac
1304 309 1357 328 non
1369 299 1460 339 potius
1472 298 1575 328 donum
1583 299 1646 335 Dei,
1661 298 1792 338 autquasi

231 361 245 374 »
269 357 321 375 non
337 346 394 376 sine
407 345 491 385 gratia
503 355 643 375 nascamur
656 355 748 374 omnes
761 344 834 374 filii
826 354 882 374 trae.
898 345 956 374 Hoc
969 351 1056 373 tamen
1070 344 1193 374 excusari
1217 351 1312 385 potest.
1435 345 1554 376 Homilia
1576 347 1596 376 4
1616 346 1690 376 circa
1711 345 1795 374 finem

232 405 246 420 ,ι
270 392 356 428 (δίει
371 393 423 422 sed
435 401 494 421 non
509 392 633 421 habetur
653 392 685 420 in
705 391 762 421 hac
780 391 923 429 homilia)
935 396 1026 431 aperte
1039 397 1118 430 negat
1139 391 1318 430 aequalitatem
1330 383 1398 421 Filii
1417 398 1444 422 et
1457 390 1575 432 Spiritus
1595 392 1698 428 sancti,
1713 402 1795 431 quem

233 452 247 466 ι)
271 438 334 468 Filii
350 438 501 468 ministrum
514 437 642 478 appellat.
653 438 722 474 Hoc,
734 437 840 478 opinor,
857 437 1032 490 Origenicum
1044 445 1092 467 est.
1112 438 1144 468 In
1159 436 1324 477 quibusdam
1336 436 1483 468 Godieibus
1501 437 1576 467 hunc
1594 438 1683 468 locum
1705 437 1796 467 nescio

234 498 248 512 i)
271 484 332 523 quis
348 491 459 513 tentarat
474 483 634 522 emendare,
652 483 698 513 sed
719 484 831 522 frustra,
842 495 904 514 cum
917 484 946 513 in
960 484 1021 514 aliis
1034 484 1101 514 locis
1110 484 1182 514 idem
1193 485 1348 525 pronuntiet
1359 491 1460 524 aperte,
1475 484 1552 514 velut
1568 483 1686 514 Humilia
1699 485 1750 521 90,
1766 491 1797 514 ut

235 545 249 559 n
269 531 367 560 fatetur
378 530 576 559 distinctionem
588 539 774 570 personarum,
790 530 826 560 ita
840 530 930 570 palam
943 537 1022 570 negat
1035 530 1146 560 illarum
1156 530 1335 570 aequalitatem
1351 543 1358 559 ι
1374 530 1456 570 idque
1469 530 1612 571 paulopost
1622 530 1729 570 repetit.
1820 556 1827 558 .

236 592 249 606 »
271 579 339 608 Item
351 577 470 607 Humilia
483 576 523 607 48
536 577 748 606 Homoousianos
761 583 878 607 recenset
889 577 958 607 inter
970 577 1119 607 haereticos.
1242 578 1278 607 Et
1290 577 1410 607 Homilia
1426 578 1462 608 ⁴5
1480 577 1517 606 ita
1532 577 1654 616 loquitur
1666 577 1701 606 de
1714 577 1798 607 haere-

237 638 250 652 »
274 624 354 654 ticis:
374 623 500 663 Quando
513 623 595 652 vides
608 623 769 660 Ιιιενεείοος,
784 630 840 653 tres
849 633 903 663 per
914 625 1013 653 omnia
1027 623 1155 663 aequales
1169 623 1296 652 dicentes
1307 623 1436 663 ejusdem
1450 633 1511 653 esse
1525 624 1706 660 substantioe,
1721 624 1798 663 ejus-

244 673 342 701 ›dem
355 681 414 701 esse
435 672 632 706 auctoritatis,
645 673 708 700 sine
724 673 879 711 principio
881 682 980 701 omnes
1003 673 1066 708 hos,
1082 672 1187 712 aliqua
1197 679 1282 711 parte
1300 672 1443 701 distantes
1456 682 1476 701 a
1489 682 1530 707 se,
1547 682 1584 700 ne
1598 673 1727 707 mireris,·
1745 673 1800 700 im-

237 731 251 746 »
271 718 353 758 plent
361 719 439 746 enim
450 726 615 746 mensuram
625 722 743 756 patrum
754 727 882 754 suorum,
893 724 943 746 etc
956 717 1075 754 Quidam
1089 725 1198 748 conatus
1208 718 1294 747 fuerat
1304 717 1377 747 hunc
1385 716 1475 747 locum
1482 717 1634 754 emendare,
1647 717 1749 757 adjecta
1756 717 1801 747 bis

238 778 251 792 u
274 764 377 804 syllaba
391 774 462 800 non,
478 773 538 792 non
550 763 679 803 ejusdem
693 773 757 792 esse
765 765 945 799 substantioe,
961 774 1021 792 non
1032 765 1160 804 ejusdem
1173 774 1233 793 esse
1247 765 1438 794 auctoritatis.
1456 765 1538 803 Atqui
1552 763 1609 793 haec
1620 763 1698 794 lectio
1711 773 1802 793 secum

240 824 253 838 »
276 812 332 851 ipsa
353 816 464 850 pugnat.
480 810 535 846 Qui
549 815 660 850 possunt
670 809 741 838 enim
753 820 801 850 per
813 809 903 838 omnia
916 820 973 839 esse
986 810 1117 849 aequales,
1133 809 1157 839 si
1171 820 1223 839 non
1242 810 1296 839 sint
1309 809 1429 850 ejusdem
1443 809 1629 839 auctoritatis?
1641 809 1748 846 codex,
1765 809 1802 839 ad

241 871 254 885 η
277 867 357 896 quem
369 855 484 893 contuli,
495 865 547 885 non
565 854 681 885 habebat
700 855 876 895 negationem.
1009 854 1127 885 Homilia
1145 857 1185 885 2⁶2
1203 854 1312 885 videtur
1332 853 1541 885 Filium'facere
1559 855 1691 885 minorem
1709 855 1801 893 Patre,

241 917 254 931 »
277 914 339 933 cum
352 903 460 941 Christo
471 901 592 941 loquitur
602 901 722 931 centurio
736 914 743 931 :
755 901 804 931 Sic
823 908 851 931 et
863 907 894 931 tu
904 904 1039 943 quamvis
1057 904 1107 932 sub
1119 908 1261 943 potestate
1279 902 1379 931 Patris
1393 903 1444 939 sis,
1459 901 1548 931 habes
1563 899 1661 931 t'amen
1674 907 1803 942 potesta·

240 964 253 977 »
277 958 332 979 tem
341 949 466 990 jubendi
478 949 591 989 angelis
605 949 672 977 tuis.
686 948 723 978 Et
735 947 808 979 hunc
821 948 911 979 locum
928 949 1028 989 aliquis
1039 949 1150 979 tentavit
1164 947 1305 979 emendare
1318 947 1346 977 in
1360 947 1433 978 hunc
1445 947 1556 978 modum
1568 960 1575 978 ι
1595 949 1737 988 Quamvis
1749 950 1802 979 sub

240 1010 253 1023 »
274 1002 416 1036 potestate
426 995 525 1025 Patris
537 996 586 1032 sis,
606 995 765 1025 secundum
777 996 858 1036 quod
869 997 955 1038 homo
969 1007 999 1026 es
1007 1008 1021 1034 ,·
1035 1007 1129 1027 verum
1143 996 1201 1026 haec
1223 994 1336 1035 adjectio
1349 1005 1402 1025 non
1416 994 1564 1025 habebatur
1583 996 1611 1025 in
1622 995 1804 1026 vetustissima

240 1056 253 1070 ι»
276 1042 413 1073 Editione.
542 1041 661 1072 Romilia
683 1043 718 1071 11
746 1052 842 1082 negare
855 1041 965 1073 videtur
983 1043 1011 1072 in
1032 1041 1202 1073 Eucharistia
1215 1052 1272 1071 esse
1289 1051 1384 1071 verum
1397 1051 1495 1082 corpus
1509 1041 1622 1079 Christi,
1638 1040 1686 1071 sed
1699 1048 1804 1072 tantum

239 1101 254 1116 n
275 1089 433 1130 mysterium
446 1089 574 1129 corporis.
694 1088 798 1119 Eadem
810 1089 845 1119 de
858 1100 887 1119 re
900 1096 1022 1131 suspecte
1035 1089 1157 1129 loquitur
1168 1088 1271 1120 Homil.
1289 1089 1338 1126 19,
1352 1087 1550 1119 Eucharistiam
1568 1088 1707 1130 appellans
1719 1089 1805 1119 sacri-

239 1148 253 1163 »
276 1136 367 1165 ficium
383 1135 461 1176 panis
472 1142 498 1164 et
512 1135 579 1166 vini.
704 1136 807 1166 Homil.
824 1138 862 1166 12
879 1135 1006 1167 damnare
1020 1136 1129 1167 videtur
1143 1146 1221 1165 omne
1231 1133 1434 1176 jusjurandum,
1453 1133 1579 1164 minitans
1593 1133 1674 1164 etiam
1692 1134 1806 1165 diacono

238 1194 254 1209 ι)
276 1182 324 1221 qui
342 1181 469 1211 Codiccm
480 1181 674 1221 Evangelicum
686 1182 802 1222 porrigit
812 1182 948 1222 juraturo.
1107 1181 1212 1212 Homil.
1234 1181 1273 1211 18
1293 1181 1440 1221 suggillare
1459 1180 1568 1211 videtur
1581 1181 1783 1212 matrimonium
1795 1205 1804 1221 ,

240 1240 254 1254 ι)
278 1228 388 1266 loquens
401 1226 436 1255 de
447 1226 490 1256 via
504 1226 557 1255 lata
569 1237 628 1266 quae
641 1226 717 1257 ducit
730 1228 765 1257 ad
780 1235 904 1265 mortem,
921 1228 948 1257 in
960 1239 1013 1267 qua
1033 1227 1174 1257 ambulant
1185 1227 1240 1257 viri
1259 1238 1322 1257 cum
1337 1227 1480 1265 uxoribus,
1496 1234 1575 1267 atque
1587 1226 1666 1257 etiam
1677 1226 1806 1267 adulteri,

241 1285 254 1299 n
278 1278 303 1301 et
322 1279 410 1301 tamen
431 1272 510 1301 Hom.
528 1273 566 1301 19
588 1272 788 1302 matrimonium
801 1273 920 1314 appellat
939 1273 1087 1303 secundum
1107 1273 1235 1303 castitatis
1259 1273 1384 1313 gradum.
1407 1273 1489 1304 Unde
1509 1274 1591 1304 latam
1604 1273 1677 1304 viam
1695 1274 1808 1305 sensisse

241 1331 255 1345 n
277 1317 385 1347 videtur
398 1317 471 1347 viam
484 1317 668 1356 indulgentiae.
770 1319 838 1348 Item
851 1318 954 1351 Homil.
970 1320 1009 1348 42
1028 1318 1153 1358 ambigue
1166 1319 1287 1357 loquitur
1297 1319 1331 1348 de
1349 1319 1421 1349 coitu
1441 1320 1598 1360 conjugum.
1700 1319 1804 1350 Homil.

242 1377 255 1392 »ι
280 1365 319 1394 19
330 1363 456 1403 ambigue
474 1363 595 1402 loquitur
612 1363 646 1393 de
656 1363 790 1404 baptismo
802 1363 1000 1400 haereticorum,
1022 1364 1098 1403 quasi
1116 1363 1150 1393 ab
1169 1363 1226 1392 illis
1239 1363 1312 1394 docti
1329 1374 1464 1404 perverse,
1481 1364 1569 1393 nihilo
1591 1364 1654 1405 plus
1674 1364 1807 1406 accipiant

242 1423 256 1438 »
279 1421 330 1451 per
350 1410 515 1450 baptismum
534 1409 656 1448 illorum,
679 1421 761 1450 quam
782 1422 815 1440 ex
833 1410 955 1440 doctrina
970 1422 977 1439 ε
992 1410 1045 1440 hoc
1067 1417 1155 1439 tamen
1178 1410 1333 1440 excusabile
1356 1416 1405 1440 est.
1432 1410 1534 1440 Eadem
1546 1411 1684 1440 manifeste
1697 1410 1808 1442 damnat

243 1469 256 1483 n
279 1456 435 1496 digamiam,
451 1466 513 1485 cum
523 1455 694 1486 Tertulliano
705 1457 830 1486 sentiens.
953 1456 1057 1486 Homil.
1077 1457 1109 1486 §ll
1132 1455 1242 1486 damnat
1259 1456 1475 1497 negotiationem,
1486 1463 1512 1486 et
1524 1464 1683 1487 mercatores
1696 1457 1808 1498 ejicien-

243 1515 257 1530 »
280 1503 329 1533 dos
341 1510 429 1533 censet
441 1513 476 1533 ex
490 1502 620 1533 Ecclesia.
635 1504 670 1532 At
683 1503 713 1533 hi
726 1514 797 1533 nunc
814 1503 962 1533 extrudunt
982 1503 1133 1534 canonicos.
1255 1505 1344 1534 Locus
1357 1503 1406 1543 qui
1419 1503 1565 1544 putabatur
1577 1514 1634 1534 esse
1646 1503 1808 1545 depravatus

244 1562 257 1576 n
281 1560 296 1578 a
312 1550 481 1588 Lutheranis,
489 1558 528 1581 est
544 1551 626 1583 Hom.
640 1552 688 1581 19.
703 1551 736 1580 In
751 1550 850 1581 Codice
869 1558 984 1588 vetusto,
999 1560 1053 1590 quo
1066 1561 1127 1581 sum
1141 1560 1206 1580 usus
1219 1550 1247 1580 in
1260 1551 1414 1588 collatione,
1427 1551 1538 1580 aberant
1551 1550 1609 1581 haec
1620 1551 1711 1590 verba,
1727 1553 1809 1582 Licet

245 1609 258 1623 n
282 1597 448 1637 imposibile
458 1599 495 1627 sit
507 1598 634 1629 alterum
647 1600 757 1639 absque
769 1598 862 1628 altero
871 1599 1000 1638 reperiri.
1016 1598 1095 1628 Nam
1106 1599 1180 1627 sicut
1193 1599 1287 1638 ignem
1300 1598 1406 1639 absque
1417 1598 1515 1628 calore
1526 1599 1634 1628 ardere
1643 1600 1808 1629 inauditum

244 1656 257 1670 »
281 1651 333 1681 est,
346 1646 388 1673 sic
402 1650 430 1673 et
436 1645 532 1684 fidem
547 1648 657 1686 absque
669 1647 752 1675 bonis
768 1647 901 1685 operibus
917 1655 987 1675 esse.
1005 1647 1047 1675 An
1062 1646 1089 1674 in
1102 1645 1154 1675 alia
1166 1646 1293 1686 quapiam
1305 1645 1433 1675 Editione
1446 1652 1550 1686 reperta
1566 1645 1620 1675 sint
1632 1646 1731 1676 nescio.
1747 1648 1809 1678 Jam

244 1703 258 1718 ι)
283 1690 340 1719 fieri
361 1696 457 1730 potest,
476 1697 506 1719 ut
519 1690 573 1720 sint
588 1692 641 1721 alia
654 1701 760 1730 quoque
774 1692 903 1721 nonnulla
922 1704 928 1721 ε
945 1702 993 1722 nos
1006 1691 1080 1730 quod
1097 1692 1165 1721 forte
1182 1692 1300 1721 occurrit
1311 1691 1501 1722 indicavimus.
1516 1692 1624 1722 Dixerit
1636 1692 1746 1732 aliquis,
1759 1704 1810 1724 cur

245 1750 258 1765 u
281 1737 354 1776 quod
367 1737 469 1767 sciebas
488 1747 540 1767 non
558 1748 614 1767 esse
628 1738 825 1778 Chrysostomi,
849 1738 924 1768 illius
947 1738 1075 1779 operibus
1089 1739 1243 1768 miscuisti?
1258 1739 1370 1769 Utinam
1384 1740 1435 1769 hoc
1448 1746 1551 1769 tantum
1565 1747 1633 1770 esset
1647 1740 1721 1769 νόθον
1738 1751 1744 1767 :
1760 1740 1809 1770 sed

245 1797 259 1812 »
282 1783 509 1824 quemadmodum
523 1783 550 1812 in
565 1784 729 1824 Hieronymo
747 1791 773 1813 et
795 1785 946 1825 Augustino
959 1785 1030 1815 nihil
1050 1785 1280 1826 praetermisimus,
1303 1796 1356 1815 non
1376 1785 1462 1826 ignari
1483 1794 1582 1825 quanta
1595 1786 1630 1816 sit
1641 1786 1810 1826 judiciorum

245 1844 258 1858 n
282 1831 407 1867 varietas,
422 1830 458 1859 ita
471 1829 516 1859 hic
527 1830 616 1860 visum
627 1836 667 1859 est
678 1830 773 1860 facere.
790 1832 940 1861 Sententias
952 1832 1117 1872 improbatas
1129 1838 1176 1862 aut
1188 1839 1324 1872 suspectas
1342 1833 1540 1869 annotavimus,
1561 1843 1615 1862 non
1630 1840 1660 1862 ut
1671 1832 1810 1872 rejiciatur

245 1890 259 1904 ,ι
282 1877 361 1913 liber,
377 1876 423 1906 sed
438 1883 466 1905 ut
477 1876 560 1905 tutius
573 1876 689 1915 legatur,
704 1876 727 1905 si
742 1877 846 1916 legatur
859 1889 921 1908 cum
933 1879 1055 1919 judicio;
1081 1879 1307 1918 quemadmodum
1327 1880 1443 1919 legimus
1461 1879 1659 1909 Tertullianum
1671 1886 1698 1909 et
1710 1881 1809 1920 Orige-
1833 1887 1835 1889 '

245 1936 260 1951 n
282 1934 354 1953 nem.
369 1922 450 1960 Quod
459 1922 483 1951 si
495 1922 634 1962 rejicimus
647 1933 739 1953 omnes
752 1923 781 1953 in
793 1925 894 1962 quibus
910 1932 950 1955 est
963 1925 1069 1965 aliquid
1083 1925 1158 1965 quod
1167 1925 1297 1956 dissideat
1307 1926 1342 1956 ab
1352 1926 1450 1956 horum
1461 1931 1613 1966 temporum
1625 1925 1809 1965 dogmatibus,

246 1983 260 1997 »
283 1980 332 1999 nec
350 1968 502 2009 Cyprianus
514 1969 628 2008 legetur,
642 1979 690 1999 nec
703 1970 874 2009 Ambrosius,
893 1982 941 2002 nec
961 1972 1181 2014 Chrysostomus,
1197 1983 1245 2003 nee
1263 1974 1442 2012 Augustinus,
1463 1983 1512 2003 nec
1532 1973 1723 2013 Hieronymus.
1738 1975 1811 2005 Bene

247 2028 260 2042 »
285 2016 395 2045 vale.»

283 2061 347 2090 Haec
359 2060 472 2089 liberius
481 2060 553 2090 dicta
566 2068 638 2097 sunt,
652 2061 742 2100 qualia
756 2072 808 2092 non
818 2073 903 2102 paum
917 2063 990 2103 apud
1001 2063 1170 2094 Erasmum:
1184 2064 1233 2103 qui
1245 2070 1372 2104 expertus
1382 2063 1461 2094 docet
1471 2074 1524 2094 non
1535 2074 1635 2104 paucos
1648 2064 1714 2094 huic
1723 2065 1809 2105 Operi

244 2103 376 2135 medicam
393 2116 503 2135 manum
516 2105 658 2136 admovere
670 2107 798 2144 voluisse,
815 2115 844 2137 ut
862 2108 920 2139 loca
934 2108 998 2139 fidei
1014 2109 1159 2145 contraria,
1172 2109 1262 2148 qualia
1279 2108 1364 2138 multa
1377 2109 1422 2138 hic
1439 2119 1498 2139 esse
1508 2109 1759 2150 deprehenduntnr,
1773 2109 1810 2140 ad

244 2161 336 2180 sanam
349 2153 463 2182 mentem
479 2151 646 2183 reducerent.
665 2154 769 2183 Verum
782 2154 880 2185 frustra
891 2155 969 2185 cessit
982 2162 1092 2185 conatus
1107 2162 1133 2185 et
1145 2155 1201 2185 illis
1213 2162 1238 2186 et
1250 2154 1322 2191 aliis,
1338 2154 1386 2193 qui
1407 2161 1465 2194 post
1479 2155 1624 2186 smmum
1637 2156 1810 2192 &eranum

244 2207 360 2235 quorum
377 2208 489 2228 numero
502 2198 604 2228 exstitit
621 2199 702 2229 frater
713 2200 830 2230 Joannes
840 2200 986 2231 Mahusius
999 2200 1219 2231 Aldernardensis
1233 2211 1267 2230 ex
1287 2200 1382 2230 ordine
1399 2201 1512 2231 Fratum
1524 2201 1664 2231 Minorum
1677 2201 1810 2241 regularis

245 2245 431 2282 observantiae,
443 2255 579 2275 sacrarum
590 2245 728 2275 literarum
740 2248 891 2287 Antuerpiae
910 2248 1060 2287 praelector,
1071 2248 1120 2287 qui
1132 2247 1168 2277 ad
1179 2247 1332 2278 Editionem
1349 2246 1378 2276 in
1391 2247 1459 2276 urbe
1472 2247 1521 2278 ista
1534 2246 1727 2287 publicandam
1737 2257 1810 2287 prae—

244 2289 371 2319 sationem
383 2289 472 2319 emisit
491 2300 560 2321 anno
576 2291 664 2328 1557,
683 2291 733 2320 ubi
753 2291 786 2321 de
798 2292 939 2322 emendato
959 2294 994 2322 ah
1008 2304 1035 2323 se
1048 2294 1161 2324 Joannis
1174 2293 1371 2334 chrysostomi,
1385 2293 1424 2323 sic
1445 2293 1494 2322 ille
1506 2293 1629 2333 putabat,
1641 2294 1742 2334 Opere,
1755 2293 1808 2323 sibi

247 2335 374 2376 plaudere
387 2336 495 2367 videtur
509 2349 517 2366 ι
529 2348 562 2368 ex
576 2348 627 2377 qua
640 2338 794 2378 praefatione
815 2350 875 2378 quae
886 2339 921 2369 ad
933 2348 1053 2371 nostrum
1067 2341 1200 2382 pertinent
1214 2341 1367 2372 institutum
1379 2340 1424 2371 hic
1435 2340 1606 2381 proferimus.
