1904 2840
234 131 303 178 870

823 138 906 160 OPUS
933 137 1170 160 IMPERFECTUM

233 203 357 242 quianon
366 202 462 231 vivunt
475 199 621 230 secundum
633 199 734 230 Christi
746 189 886 240 praecepta,
900 199 970 228 tolli·
986 202 1005 225 Α
1024 208 1168 229 sermones
1179 201 1258 234 istos,
1271 199 1406 239 migravit
1421 208 1441 228 a
1452 199 1592 236 Gatiloea,
1600 207 1627 229 et
1641 201 1766 230 venitin
1776 209 1845 241 huju·
1867 218 1892 233 a

232 250 278 273 tur
289 243 324 271 ab
336 241 391 271 illis
403 241 482 270 etiam
496 240 547 269 hoc
560 251 569 268 1
590 238 743 279 sum‚quod
754 239 880 269 videntur
893 249 971 278 agno-

233 292 305 312 scere
316 280 464 317 Christum,
477 286 507 309 ut
519 251 628 308 crodium
642 278 806 308 Antichristo
821 290 828 307 ε
844 285 890 308 aut
903 285 974 307 certe

234 329 264 350 ut
283 319 450 350 condemnati
469 319 496 348 in
515 318 560 348 die
579 318 688 358 judicii,
705 318 820 359 separati
842 317 875 348 de
897 324 972 358 parte

233 360 456 394 Christianorum,
472 357 550 388 ctiam
570 358 621 388 hoc
642 358 731 398 ipsum
772 357 882 394 erdant,
897 357 972 396 quod

233 399 358 429 videntur
367 409 423 428 esse
432 398 593 434 Christiani,
604 408 666 427 cum
675 369 828 427 infidelibus
838 396 969 437 deputati.

232 439 278 469 Sic
290 445 315 468 et
336 438 481 467 haeresibus
495 438 595 467 factum
609 444 657 474 est,
672 436 745 476 quod
766 437 893 466 habentes
908 436 972 465 fidei

232 478 465 515 veritatem‚illam
478 487 531 506 non
551 476 714 514 habuerunt,
729 487 783 506 non
801 476 921 507 viventes
933 486 974 504 se-

233 517 351 547 cundum
365 527 434 555 eam,
449 517 536 547 ablata
548 523 586 546 est
599 516 633 545 ab
652 516 700 551 eis,
714 522 744 545 ut
765 515 902 546 crederent
919 525 972 560 pro

233 558 344 587 veritate
367 556 523 586 mendaciis.
546 557 625 586 Tales
646 563 708 585 sunt
730 562 756 584 et
776 556 824 595 qui
851 554 973 594 quotldie

233 603 369 626 transeunt
382 596 417 626 ad
430 595 581 636 perfidiam,
593 595 720 634 quoniam
733 595 858 625 habentes
878 594 970 632 fidem,

233 637 302 665 male
313 647 342 665 ea
350 642 472 665 utuntur.
480 636 570 665 Tollet
579 646 637 664 eam
646 636 719 664 Deus
730 635 764 664 ab
777 635 824 670 eis,
834 633 903 664 etad
911 645 972 673 per-

38 707 40 710 ,
234 675 327 705 fidiam
340 675 502 712 transibunt,
515 682 541 705 et
549 674 670 715 projiciet
690 685 746 710 eos,
767 681 793 704 et
807 674 934 714 impletur
944 674 971 702 in

84 722 192 743 2.Thess.
201 728 222 743 2.
234 715 271 745 eis
280 715 351 754 quod
366 715 503 755 apostolus
510 714 575 744 dicit
592 726 598 742 :
616 716 661 743 Eo
673 714 752 754 quod
764 715 917 743 caritatem
925 724 972 742 ve-

87 758 122 775 ¹⁰·
139 758 175 774 ¹¹·
234 757 329 784 ritatis
343 765 403 784 non
423 760 602 794 receperunt,
617 754 699 783 dabit
719 755 760 782 eis
782 754 862 783 Deus
887 763 974 793 opem

233 796 348 830 erroris,
371 800 404 823 ut
424 795 544 823 credant
566 794 733 828 mendacio,
762 800 790 822 et
795 794 973 833 judicentur.
989 798 1007 821 B

235 836 282 863 15.
299 835 370 863 Ideo
397 837 428 863 in
440 833 590 872 parabolis
609 833 714 874 loquor·
734 833 807 868 illis,
827 835 898 872 quia
921 834 974 863 vi-

233 874 333 903 dentes
344 883 403 902 non
413 873 529 902 vident.
543 873 572 902 Si
586 872 710 908 dixisset,
724 872 790 901 Ideo
800 873 826 901 in
837 873 973 912 parabolis

232 913 330 952 loquor
350 912 416 948 illis,
436 919 467 942 ut
492 911 613 942 videntes
640 922 692 941 non
717 911 826 941 videant
842 923 849 941 ε
862 912 972 941 forsitan

233 962 284 981 non
295 959 362 982 esset
372 952 451 993 culpa
462 962 516 981 non
527 951 732 991 intelligentium
744 952 762 981 J
764 952 912 988 udaeorum,
925 951 972 981 sed

233 991 344 1028 Christi,
359 992 406 1031 qui
419 992 457 1021 sic
476 991 646 1030 loquebatur,
662 996 692 1020 ut
710 1001 763 1020 non
776 991 971 1031 intelligeretur

232 1031 266 1060 ab
280 1032 328 1060 eis.
341 1033 420 1061 Nunc
434 1038 521 1060 autem
536 1030 603 1060 dicit
615 1043 622 1060 π
639 1031 710 1060 Ideo
719 1033 751 1059 in
762 1031 911 1070 parabolis
925 1031 971 1060 lo-

234 1081 307 1109 quor
327 1071 397 1107 illis,
413 1073 484 1111 quia
497 1071 632 1099 videntes
655 1080 713 1098 non
734 1071 849 1100 vident.
864 1071 970 1100 Intelli-

232 1109 294 1147 gitis
313 1121 386 1149 ergo,
400 1110 463 1148 quia
477 1120 528 1138 non
541 1116 582 1138 est
596 1109 675 1149 culpa
688 1109 789 1139 Christi
804 1110 917 1139 nolentis
926 1110 970 1140 di-

233 1159 291 1177 cere
304 1150 450 1186 manifeste,
466 1149 513 1178 sed
530 1159 623 1178 eorum
636 1149 682 1193 qui
697 1149 834 1179 audientes
845 1150 973 1183 nolebant

233 1187 335 1217 audire.
348 1190 406 1217 Non
419 1188 490 1217 enim
503 1188 566 1226 quia
586 1189 710 1217 Christus
725 1189 751 1217 in
777 1189 912 1228 parabolis
927 1190 969 1219 lo-

233 1222 375 1264 quebatur,
390 1227 450 1256 ideo
475 1227 517 1255 illi
540 1227 660 1256 videntes
685 1238 737 1257 non
757 1228 904 1263 videbant:
924 1229 971 1258 sed

233 1266 296 1303 quia
309 1266 428 1295 videntes
441 1277 493 1295 non
507 1266 644 1301 videbant,
659 1266 719 1295 ideo
738 1267 793 1296 illis
805 1268 929 1297 Christus
943 1269 969 1298 in

233 1305 368 1344 parabolis
393 1305 560 1343 loquebatur.
588 1306 657 1334 Ecce
683 1305 808 1335 viderunt
836 1307 970 1337 mirabilia

233 1343 306 1373 Mosi
319 1356 326 1372 ι
339 1344 471 1382 numquid
487 1355 549 1373 vere
564 1344 689 1374 viderunt
698 1345 711 1373 ἱ)
720 1345 750 1374 Si
764 1345 836 1374 enim
850 1356 913 1375 vere
926 1347 968 1377 vi-

234 1382 345 1419 dissent,
359 1383 450 1422 utique
463 1390 488 1412 et
512 1383 661 1412 timuissent
674 1385 761 1413 Deum
780 1384 970 1415 mIraculorum
987 1387 1004 1410 C

233 1422 371 1451 factorem.
386 1424 455 1453 Ecce
472 1421 614 1451 audierunt
635 1422 769 1452 doctorem
793 1423 860 1463 legis
873 1438 880 1453 :
892 1435 972 1454 num-

234 1461 301 1499 quid
314 1473 375 1491 vere
386 1461 546 1491 audierunt?
559 1462 588 1491 Si
599 1462 671 1491 enim
682 1473 744 1492 vere
752 1462 888 1492 audissent
897 1475 970 1501 eum,

233 1500 327 1538 utique
334 1508 359 1530 et
369 1501 496 1530 vixissent
503 1500 649 1530 secundum
658 1502 753 1541 legem.
763 1509 788 1531 et
798 1502 972 1534 credidissent

234 1539 260 1568 in
275 1550 347 1575 eum,
360 1551 440 1579 quem
459 1540 635 1579 prophetabat
660 1541 715 1570 lex.
735 1540 871 1571 Viderunt
890 1549 915 1571 et
941 1554 971 1573 ea

233 1579 378 1616 mirabilia,
393 1579 440 1609 sed
458 1579 578 1609 videntes
599 1589 651 1609 non
671 1580 808 1610 viderunt.
831 1581 860 1611 Si
882 1589 971 1612 autem

233 1618 363 1648 vidissent
380 1630 418 1654 ea,
433 1626 459 1648 et
474 1619 645 1659 profecissent
664 1620 692 1649 in
713 1620 761 1649 eis.
771 1621 839 1650 Cum
860 1621 895 1650 sit
907 1632 970 1662 ergo

232 1657 338 1687 facilius
357 1659 476 1688 videntes
497 1669 653 1697 cognoscere
674 1660 747 1698 quod
771 1659 873 1697 vident,
890 1671 989 1699 quamv

232 1697 409 1737 intelligentes
423 1698 570 1737 intelligere
584 1699 656 1736 quod
671 1699 970 1738 audieruntzquomodo

232 1743 353 1776 poterant
371 1738 412 1766 illi
435 1737 571 1767 audientes
592 1735 716 1778 mysteria
740 1739 898 1778 intelligere,
922 1742 970 1779 qui

231 1776 351 1806 videntes
370 1777 505 1806 mirabilia
529 1787 582 1806 non
605 1779 803 1816 cognoverunt?
819 1779 888 1816 Quia
905 1790 969 1809 con-

232 1817 299 1846 sueti
313 1823 387 1845 erant
399 1817 418 1846 J
421 1816 487 1846 udaei
499 1816 619 1845 videntes
635 1827 687 1845 non
702 1817 804 1853 videre,
819 1825 844 1847 et
857 1819 970 1849 audien-

232 1861 270 1883 tes
289 1865 342 1884 non
359 1855 471 1885 audire:
486 1855 546 1885 ideo
567 1866 619 1884 non
637 1855 711 1885 dedit
732 1856 769 1885 eis
782 1859 854 1887 Deus
876 1859 967 1889 oculos

232 1894 305 1931 fidei,
322 1902 351 1923 ut
362 1895 471 1925 videant
484 1894 575 1924 divina
589 1895 716 1924 miracula
729 1896 840 1932 Christi,
857 1908 904 1927 nec
916 1910 968 1928 au-

231 1933 306 1963 diant
324 1934 387 1963 viva
406 1935 487 1963 verba
503 1935 572 1974 ejus,
594 1944 641 1963 nec
657 1935 780 1964 similiter
801 1944 968 1968 contemnant

231 1972 379 2008 Christum,
390 1980 574 2013 cognoscentes
585 1984 657 2007 eum,
670 1975 895 2013 quemadmodum
903 1988 966 2007 con-

232 2018 377 2041 temserunt
395 2019 420 2041 et
438 2012 535 2052 legem,
548 2012 673 2042 habentes
694 2025 752 2043 eam
769 2026 775 2042 ε
793 2015 852 2045 ideo
863 2023 888 2046 et
901 2028 968 2057 pro-

82 2061 149 2083 Emi.
160 2061 182 2084 6,
196 2068 218 2091 9,
232 2051 311 2090 pheta
332 2051 387 2080 illis
407 2051 528 2080 dicebat:
541 2051 657 2081 Audita
674 2055 792 2090 auditis,
807 2062 834 2084 et
847 2066 906 2085 non
920 2058 968 2085 in-

232 2090 373 2130 telligitis.
383 2089 531 2120 Videamus
542 2091 619 2130 cujus
631 2092 668 2120 rei
680 2093 842 2124 intellectum
856 2095 967 2135 denegat

229 2128 285 2158 illis
297 2129 426 2170 propheta
453 2131 513 2159 Non
528 2130 607 2159 illum
619 2132 767 2169 generalem
779 2134 826 2172 qui
841 2134 919 2164 datus
928 2142 967 2165 est

230 2168 264 2197 ad
284 2179 364 2198 usum
383 2176 494 2203 naturae,
508 2170 565 2198 sine
586 2180 639 2208 quo
660 2171 751 2200 vivere
771 2183 848 2203 nemo
867 2181 965 2213 potest,

230 2207 277 2237 sed
284 2208 356 2237 hunc
365 2208 532 2248 spiritualem
541 2208 576 2237 ad
588 2212 798 2248 cognoscendum
808 2214 966 2252 mysterium

129 2264 221 2281 axum
230 2247 344 2283 Christi,
357 2247 430 2286 quod
447 2247 527 2277 datur
541 2247 576 2277 ad
595 2250 833 2280 remunerationem
842 2253 963 2292 justitiae.

340 2327 471 2355 Homilt‘a
490 2327 583 2365 xxxij.
600 2337 637 2355 ex
655 2329 748 2367 capite
763 2331 826 2358 ziz.

98 2408 217 2439 Reliquum
268 2399 297 2426 1.
308 2399 348 2427 Et
352 2398 473 2438 sactum
494 2405 536 2427 est
558 2408 624 2428 cum
640 2408 866 2431 consummasset
879 2403 965 2434 Jesus

257 2483 267 2494 τ·
286 2476 333 2500 Hic
346 2477 448 2501 resumit
459 2476 544 2501 Codex
554 2477 777 2504 Carthusianorum
790 2479 867 2506 Vallis
874 2482 918 2506 Dei
932 2492 938 2506 :
952 2489 978 2508 et

223 2515 298 2546 paulo
310 2521 367 2548 post
377 2514 442 2540 idem
454 2515 540 2540 Codex
549 2522 574 2541 et
586 2516 654 2541 Editi
666 2516 699 2542 ad
711 2526 790 2552 marg.
801 2520 909 2545 sollicito
921 2523 977 2546 αηί-

223 2562 275 2582 mo„
284 2554 315 2581 In
328 2559 395 2579 textu
408 2559 491 2579 autem
503 2555 613 2580 sollicito
625 2564 716 2580 amore.

1019 239 1098 278 fines
1118 239 1233 268 Judoeoe
1252 244 1333 268 trans
1355 239 1526 275 Jordanem,
1541 241 1571 268 2.
1591 244 1620 269 et
1637 246 1767 279 sequutoe
1776 242 1837 279 ‘³503‘
1860 251 1865 264 =

1024 284 1092 307 sunt
1106 288 1171 307 eum
1186 279 1277 307 turboe
1292 278 1401 314 multoe,
1415 285 1443 308 et
1457 280 1571 308 curavit
1593 289 1641 309 eos
1664 281 1715 309 ibi.
1731 280 1767 310 Et
1777 273 1860 328 ''¹5¹¹mg
1879 273 1904 304 ¹⁴

1024 317 1136 356 reliqua.
1150 321 1160 333 ⁰
1173 319 1425 363 Quantumcumque
1449 318 1595 358 gratuitum
1608 325 1634 348 et
1648 319 1715 349 utile
1733 319 1768 348 sit
1777 310 1799 356 ,ιι
1810 311 1840 358 {3¹
1853 321 1875 357 ζ,
1889 311 1904 328 ι’

1024 357 1124 386 bonum
1139 356 1322 386 ecclesiasticae
1353 367 1417 393 acis,
1431 368 1511 396 quam
1533 357 1656 398 flagranti
1670 366 1694 388 et
1710 359 1767 388 sol-
1787 366 1904 391 desidera·

1025 396 1099 426 licito
1110 397 1200 427 animo
1214 407 1321 436 quaeren
1342 407 1388 426 um
1402 397 1436 426 sit
1449 407 1594 437 exponam,
1611 405 1641 428 ut
1653 398 1768 437 quilibet
1779 400 1825 418 '¹¹‘-
1902 423 1904 426 .

1026 436 1149 466 inventor
1162 447 1294 476 exponere
1307 437 1400 476 possit.
1414 436 1518 476 Legite,
1531 437 1651 476 inquam,
1665 437 1768 468 fidelis·
1824 437 1904 482 Ερῑωῆ

1025 476 1098 512 simi,
1112 476 1215 512 hortor,
1230 476 1336 512 fratres,
1352 476 1432 515 legite
1451 476 1603 514 vobiscum,
1613 477 1723 507 crescite
1739 477 1766 507 in
1777 490 1818 511 pus
1863 484 1904 514 fui!

1026 515 1090 551 fide,
1100 522 1129 544 ut
1141 516 1281 545 vobiscum
1294 526 1405 555 corpore
1417 516 1522 553 absens,
1531 516 1631 546 efficiar
1642 517 1671 546 in
1685 517 1768 548 Chri-
1777 522 1800 552 '⁸2
1813 517 1904 552 ,'³‘¹·;¹'¹¹.

1025 561 1066 584 sto
1079 555 1219 584 vobiscum
1233 566 1348 595 praesens
1362 555 1388 584 in
1403 555 1467 585 fide.
1482 556 1632 596 Incipimus
1642 567 1705 596 ergo
1716 567 1768 586 ex-
1777 549 1904 603 ᾞζῃᾞέ

1024 604 1123 634 ponere
1136 594 1205 623 bona
1216 595 1250 623 de
1263 595 1345 625 bono.
1361 596 1511 635 Prosequar
1525 595 1600 635 quod
1610 596 1676 639 dicit
1687 607 1767 626 evan·
1778 585 1856 630 fimf,
1902 607 1904 610 ’

1025 633 1118 673 gelista
1126 646 1131 662 :
1139 635 1307 675 Etsactum
1318 641 1362 664 est
1371 645 1438 664 eum
1447 642 1674 666 consummasset
1681 637 1770 667 Jesus
1896 626 1904 656 ³

1024 683 1172 702 sermones
1192 676 1272 703 istos.
1295 676 1371 711 Quos
1389 674 1473 704 istos?
1486 676 1562 712 Quos
1586 675 1710 716 superius
1729 682 1770 706 est
1897 673 1904 684 “

1047 713 1216 751 roloquutus.
1227 713 1240 729 b
1256 713 1399 750 Quomodo
1413 713 1448 744 de
1471 714 1576 744 camino
1591 715 1661 755 ignis
1674 717 1770 746 morti-

1025 723 1075 781 ibri
1089 753 1236 782 carnalium
1270 753 1404 782 assionum
1423 765 1504 794 super
1576 761 1618 784 tus
1632 765 1647 783 a
1684 754 1768 786 stolo-

1026 802 1087 821 rum
1099 792 1150 821 zeli
1160 792 1247 821 scintil
1260 804 1275 822 a
1287 792 1428 829 ceciderat,
1437 799 1463 822 et
1476 805 1519 823 mo
1541 793 1580 823 ica
1593 793 1641 833 qui
1661 805 1704 824 em
1710 794 1768 835 jam

1026 837 1129 860 tantum
1151 831 1319 861 conflabatur
1334 844 1342 861 ι
1358 832 1404 861 sed
1420 833 1561 869 Dominus,
1573 833 1621 872 qui
1641 833 1676 863 de
1689 833 1768 875 longe

1025 870 1104 900 sentit
1118 871 1252 900 malorum
1263 881 1402 912 vaporem,
1415 872 1468 901 cito
1481 883 1530 911 per
1544 873 1704 903 humilitatis
1721 873 1770 904 do-

1025 910 1149 947 ctrinam,
1159 911 1236 949 quasi
1250 921 1312 940 cum
1325 911 1417 950 aliquo
1429 911 1502 941 fonte
1523 922 1598 951 aqnae
1617 911 1770 952 largissimo

1024 949 1157 985 titionem,
1173 950 1331 990 priusquam
1353 950 1552 988 accenderetur,
1577 952 1710 989 restinxit,
1725 953 1770 983 di-

1024 999 1086 1018 cens
1103 999 1111 1015 =
1127 992 1158 1018 A
1162 999 1228 1018 men
1241 990 1306 1018 dico
1318 991 1414 1026 vobis,
1428 991 1484 1019 nisi
1496 993 1627 1020 conversi
1633 992 1767 1032 fueritis,
1781 1002 1867 1024 ΜαιιΙι.
1881 1001 1904 1027 18

1024 1035 1053 1057 et
1062 1028 1236 1069 efficiamini
1246 1031 1322 1058 sicut
1331 1031 1425 1068 pueri,
1440 1040 1500 1059 non
1517 1032 1665 1061 intrabitis
1676 1034 1707 1061 in
1721 1042 1768 1062 re·
1778 1033 1802 1056 3.

1023 1078 1113 1107 gnum
1129 1068 1278 1103 caelorum,
1293 1075 1357 1104 ete,
1369 1075 1396 1097 et
1409 1069 1470 1099 illos
1482 1076 1546 1099 tune
1560 1071 1689 1101 sollicitos
1702 1071 1768 1102 red-

1023 1107 1102 1143 didit,
1117 1114 1142 1136 et
1156 1114 1241 1137 totum
1255 1107 1389 1138 mundum
1402 1108 1436 1138 de
1462 1109 1564 1140 ericulo
1576 1109 1660 1151 hujus
1673 1111 1767 1141 ineen-

1023 1146 1061 1175 dii
1075 1147 1211 1176 liberavit.
1227 1148 1264 1177 Et
1274 1147 1316 1176 illi
1326 1147 1436 1186 quidem
1461 1149 1546 1178 evitet
1554 1150 1615 1179 tacti
1629 1157 1703 1188 sunt,
1718 1161 1768 1181 nos

1023 1193 1112 1215 autem
1126 1187 1229 1217 fortiter
1249 1198 1343 1216 sumus
1356 1187 1466 1217 muniti.
1479 1189 1516 1218 Et
1529 1197 1717 1220 momentaneae
1728 1191 1770 1220 in-

1022 1226 1102 1255 vidiae
1120 1237 1213 1255 eorum
1231 1226 1334 1256 occasio
1352 1234 1481 1257 aeternum
1493 1228 1594 1258 mundo
1606 1229 1769 1261 humilitatis

1023 1266 1194 1304 refrigerium
1206 1266 1369 1296 introduxit.
1390 1268 1446 1296 Hos
1463 1278 1526 1307 ergo
1547 1279 1681 1299 sermones
1705 1280 1769 1300 cum

1023 1312 1231 1334 consummasset
1252 1306 1342 1340 Jesus‚
1355 1307 1492 1336 transtulit
1503 1317 1532 1336 se
1556 1307 1590 1337 de
1611 1309 1725 1338 Galilaea
1738 1309 1767 1339 in

1023 1343 1155 1377 Judaeam,
1169 1344 1244 1381 quasi
1263 1344 1354 1383 justus
1371 1346 1503 1375 Dominus
1523 1348 1654 1384 omnium,
1665 1349 1713 1387 qui
1726 1350 1766 1379 sic

1023 1381 1113 1420 diligit
1126 1382 1193 1411 alios
1213 1393 1313 1417 servos,
1329 1390 1359 1413 ut
1371 1383 1438 1413 alios
1452 1395 1504 1414 non
1519 1393 1678 1416 contemnat.
1695 1389 1765 1418 Nam

1024 1421 1093 1450 sicut
1106 1431 1198 1451 ornnes
1211 1422 1254 1451 illi
1274 1422 1372 1461 debent
1393 1423 1518 1462 gloriam,
1533 1426 1610 1463 quasi
1624 1427 1740 1456 Domino
1757 1438 1764 1454 :

1023 1461 1062 1489 sic
1075 1461 1122 1490 ille
1131 1460 1210 1490 debet
1220 1461 1345 1491 omuibus
1353 1462 1574 1500 misericordiam,
1584 1466 1662 1504 quasi
1669 1467 1764 1496 servis.

1023 1500 1092 1529 Nam
1104 1500 1127 1529 si
1141 1510 1245 1540 semper
1267 1511 1330 1530 eum
1353 1512 1423 1531 unus
1442 1509 1528 1533 teneat
1547 1503 1631 1540 locus,
1644 1506 1765 1545 jamnon

1023 1546 1062 1567 est
1077 1549 1213 1578 possessor
1225 1540 1347 1570 omnium
1367 1541 1520 1579 hominum,
1533 1542 1581 1572 sed
1599 1544 1764 1582 aliquorum.

1023 1579 1152 1615 Reliquit
1169 1579 1337 1617 Galateam,
1350 1587 1378 1610 et
1395 1583 1479 1610 venit
1502 1583 1534 1611 in
1544 1583 1626 1622 fines
1639 1584 1762 1615 Judoeae.

1023 1618 1163 1647 Galilaeam
1189 1619 1304 1658 patriam
1325 1631 1412 1658 suam,
1426 1620 1464 1650 de
1483 1632 1537 1660 qua
1564 1629 1641 1652 natus
1666 1624 1764 1662 fuerat,

1023 1658 1100 1695 quasi
1123 1658 1164 1687 sol
1185 1658 1266 1687 altius
1280 1659 1442 1696 ascendens,
1455 1661 1563 1700 reliquit
1585 1662 1724 1701 orientem,
1740 1671 1767 1694 et

1024 1697 1096 1726 venit
1109 1698 1135 1727 in
1142 1698 1159 1728 J
1162 1697 1276 1736 udaeam,
1284 1699 1360 1738 quasi
1371 1699 1406 1729 ad
1415 1711 1547 1738 occasum,
1555 1701 1604 1731 ubi
1614 1702 1702 1732 filerat
1711 1704 1766 1734 obi-

1022 1742 1110 1773 turus,
1125 1738 1151 1766 in
1166 1748 1229 1777 pace
1244 1739 1374 1778 passionis
1384 1740 1555 1778 occumbens,
1571 1748 1600 1770 ut
1614 1742 1765 1773 iterumne-

1022 1775 1064 1804 his
1073 1776 1182 1806 aliunde
1197 1787 1299 1807 novum
1314 1786 1402 1808 ortum
1416 1790 1464 1808 sua
1476 1781 1668 1812 resurrectione
1679 1789 1762 1812 osten-

1021 1813 1106 1853 deret,
1122 1823 1150 1845 ut
1164 1817 1286 1847 dicamus
1307 1820 1370 1847 cum
1381 1820 1501 1858 apostolo
1514 1832 1522 1849 =
1540 1821 1645 1850 Vetera
1670 1828 1762 1852 trans·
1775 1829 1858 1854 mear.
1868 1828 1892 1852 6.

1021 1856 1130 1891 ier-tum
1143 1858 1305 1898 eceesaeta
1314 1864 1382 1887 sunt
1393 1861 1493 1888 omnia
1506 1870 1593 1889 nova.
1608 1862 1650 1890 Et
1659 1871 1764 1901 sequu-
1777 1866 1814 1890 ¹7·

1021 1901 1058 1923 tae
1081 1902 1149 1924 sunt
1173 1907 1239 1925 eum
1268 1899 1359 1927 turboe
1380 1898 1489 1928 multoe.
1513 1900 1597 1935 Quasi
1616 1901 1765 1932 testimonia

1019 1934 1143 1964 salutaris
1166 1935 1293 1965 doctrinae
1307 1938 1377 1977 ejus,
1399 1938 1477 1976 quasi
1497 1948 1561 1968 oves
1577 1947 1720 1979 pastorem,
1734 1941 1763 1971 in

1021 1984 1100 2004 manu
1113 1974 1197 2014 ipsius
1213 1976 1307 2014 genitae
1321 1983 1347 2006 et
1359 1977 1478 2014 nutritae,
1491 1979 1676 2016 sequebantur·
1688 1991 1761 2017 eum,

1020 2013 1098 2050 quasi
1112 2014 1220 2052 parvuli
1240 2015 1290 2044 filii
1308 2023 1410 2055 patrem
1459 2027 1534 2055 regre
1554 2017 1634 2059 longe
1650 2019 1761 2058 profici-

1020 2059 1135 2081 scentem
1144 2066 1149 2081 ε
1159 2060 1185 2082 et
1197 2054 1273 2092 quasi
1286 2061 1361 2094 pater
1372 2027 1554 2094 prodigisceus,
1569 2057 1639 2086 bona
1650 2058 1762 2097 pignora

1020 2091 1138 2121 caritatis
1159 2092 1215 2122 illis
1229 2093 1392 2132 relinquenS,
1407 2095 1509 2134 peregit
1523 2095 1660 2127 debilibus
1674 2108 1761 2128 reme-

1019 2130 1064 2159 dia
1075 2132 1230 2161 sanitatum.
1245 2134 1286 2162 Ee
1297 2135 1416 2163 sanavit
1429 2144 1488 2163 eos.
1501 2134 1544 2164 Ibi
1562 2144 1683 2176 apparet,
1697 2138 1762 2176 quia

1020 2170 1105 2209 parati
1127 2179 1202 2201 erant
1216 2173 1311 2212 populi
1325 2173 1400 2212 sequi
1413 2184 1475 2202 eum
1489 2174 1569 2204 etiam
1587 2177 1614 2204 iu
1635 2176 1700 2206 fines
1709 2178 1774 2208 ,ΙΙΙ--

1019 2210 1082 2238 ‹1aeae
1098 2221 1105 2237 ε
1130 2210 1178 2239 sed
1201 2221 1234 2241 ne
1255 2212 1316 2250 quis
1341 2212 1474 2242 existimet
1493 2215 1511 2244 J
1513 2214 1650 2245 udaeorum
1661 2239 1669 2252 ‚
1692 2216 1762 2247 sicut

1019 2256 1094 2278 erant
1106 2249 1277 2286 detractores,
1295 2251 1418 2291 quodad
1433 2253 1687 2285 commendationem
1701 2256 1762 2295 opi-

1019 2289 1107 2318 nionis
1126 2300 1192 2326 suae,
1206 2298 1232 2320 et
1244 2290 1278 2319 ad
1292 2292 1473 2321 testimonium
1493 2293 1624 2323 virtutum
1638 2305 1759 2332 suarum,

1015 2329 1147 2367 jactanti-‘e
1160 2340 1250 2366 causa,
1265 2331 1353 2360 trahat
1365 2342 1455 2361 secum
1468 2332 1671 2363 multitudinem
1680 2334 1758 2364 infir-

1018 2377 1135 2405 morum,
1148 2368 1208 2398 ideo
1232 2371 1337 2400 sanavit
1349 2381 1394 2400 eos
1407 2371 1457 2409 ibi,
1471 2378 1497 2401 et
1506 2371 1609 2402 dimisit
1622 2383 1667 2402 eos
1679 2385 1687 2402 .·
1703 2384 1760 2403 ma-

1018 2407 1090 2436 xime
1111 2419 1172 2437 cum
1190 2408 1341 2439 sufficerent
1354 2417 1379 2439 et
1401 2410 1453 2450 ipsi
1475 2410 1511 2440 ad
1528 2411 1650 2451 gloriam,
1664 2420 1690 2442 et
1709 2413 1759 2442 ho-

1035 2486 1048 2504 1,
1066 2486 1096 2510 V.
1110 2487 1141 2513 D.
1157 2493 1182 2513 et
1198 2488 1268 2514 Editi
1287 2490 1313 2514 in
1330 2488 1460 2522 margine:
1477 2489 1609 2526 Quomodo
1626 2491 1711 2517 dicam
1731 2495 1759 2518 in

1002 2523 1144 2557 hujusmodi
1160 2528 1292 2561 morlg‘feris
1311 2529 1451 2554 carnalium
1465 2531 1613 2562 passionum
1625 2540 1706 2564 super,
