1890 2826
217 163 286 205 [⁵70
914 169 1083 192 montrum.

217 231 309 261 Sixtus
323 229 444 260 Senensis
456 229 525 258 libro
541 230 558 258 4
569 228 741 258 Bibliothccae
754 239 832 258 ωσι-ἕο
847 228 916 258 duos
933 230 1067 269 catalogos
1081 230 1177 267 texuit,
1187 240 1303 269 quorum
1315 240 1384 259 unus
1399 240 1480 270 opera
1494 231 1650 271 complexus
1664 237 1713 266 est,
1726 241 1785 270 quae

216 278 271 306 sine
285 277 342 306 ulla
354 276 534 306 controversia
543 275 729 315 Chrysostomi
741 286 798 304 esse
811 275 958 305 creduntur
965 288 974 313 ;
985 277 1063 314 alter,
1075 287 1170 306 eorum
1179 287 1240 316 quae
1253 287 1392 317 perperam
1403 276 1490 306 eidem
1504 284 1633 317 putantur
1645 277 1782 317 inscripta.

217 326 255 353 Ut
264 331 353 353 autem
367 330 511 361 utrumque
525 328 655 358 tueretur,
672 322 699 350 in
712 321 838 361 legitimis
851 322 937 352 solere
951 322 1022 352 dixit
1034 330 1170 352 auctorem
1179 330 1233 352 tres
1247 323 1273 352 in
1289 330 1376 363 partes
1393 323 1546 353 concionem
1561 334 1637 353 suam
1650 323 1785 361 dividere,

216 371 243 399 in
256 380 426 410 parasceven,
441 369 604 408 exegeticon,
619 375 646 397 et
661 368 777 397 ethicen.
794 369 826 397 ln
837 379 979 411 parasceve
993 380 1040 399 seu
1063 369 1253 410 praeparatoria
1272 376 1347 409 parte.
1359 379 1431 398 nunc
1444 376 1631 409 argumentum
1645 369 1718 409 quod
1731 377 1786 399 tra-

216 423 336 445 ctaturus
346 422 395 451 est,
411 413 610 450 commendans,
620 424 693 443 nunc
709 413 864 444 auditorum
874 414 1053 453 frequentiam
1063 422 1089 444 et
1100 415 1265 445 alacritatem
1279 415 1446 451 collaudans,
1463 422 1489 444 et
1503 422 1624 455 repetens
1639 426 1698 454 quae
1709 415 1790 456 prius

217 462 333 499 dixerat,
347 462 502 491 auditorum
513 461 615 490 animos
629 461 663 491 ad
677 461 808 500 reliquam
820 461 964 492 dictionem
972 462 1103 501 jucundis
1116 461 1233 491 exordiis
1244 461 1374 502 disponit.
1389 463 1421 492 In
1433 462 1562 498 secunda,
1575 464 1634 501 qua}
1647 462 1785 502 exposito-

218 509 255 537 ria
270 515 319 545 cst,
336 508 362 537 in
384 508 561 548 explicatione
574 508 721 548 Scripturae
735 515 856 538 versatur
869 509 948 548 juxta
962 508 1114 545 historiam,
1123 509 1181 537 sive
1194 508 1323 537 literalem
1336 508 1550 548 intelligentiam,
1565 519 1646 547 quam
1661 509 1790 548 profun-

217 554 340 584 damcnto
357 554 512 589 substernit,
526 563 637 593 eamque
649 553 779 583 dilucidis
790 553 999 594 paraphrasibus
1020 553 1149 586 illustrat.
1165 564 1212 583 noc
1223 553 1258 583 ad
1270 560 1383 583 remotas
1395 554 1525 593 quasdam
1538 553 1684 593 allegorias
1697 553 1787 583 detor-

218 610 290 640 quet,
303 602 349 631 sed
360 602 387 631 in
397 612 461 630 vera
473 601 555 630 literae
569 601 696 630 sententia
705 601 834 641 persistit,
849 601 972 645 exemplo
984 601 1097 630 Eusebii
1110 600 1230 630 Emiseui
1244 607 1270 629 et
1279 600 1392 629 Diodori
1402 601 1552 630 Tarsensis.
1567 602 1599 631 In
1607 601 1684 630 tertia
1699 608 1785 641 parte,

218 661 275 689 qnae
290 649 399 678 moralis
419 654 469 684 cst,
483 646 636 687 digreditur
649 647 677 676 in
690 647 764 677 locos
775 658 930 677 communes
942 647 976 676 de
994 654 1147 687 contemptu
1159 646 1329 684 divitiarum,
1344 646 1379 676 de
1392 647 1466 676 vitiis
1480 647 1627 687 fugiendis,
1643 655 1723 687 atque
1736 658 1786 677 ex-

217 697 347 736 spatiatur
361 704 565 733 nonnumquam
579 694 605 723 in
619 693 722 724 selectis
735 693 845 723 moralis
855 693 1032 723 institutionis
1042 693 1186 734 paradoxis
1195 692 1246 722 sibi
1262 693 1308 722 uni
1318 692 1445 733 propriis,
1455 700 1495 729 ut,
1503 693 1645 723 Neminem
1653 692 1716 723 laedi
1733 693 1787 723 nisi

217 754 230 770 a
246 742 343 781 seipso,
366 740 467 770 Melius
480 750 536 769 esse
547 739 675 780 injuriam
688 739 755 780 pati,
771 751 853 778 quam
865 739 972 769 inferre.
989 739 1062 770 Solet
1071 739 1152 769 etiam
1173 738 1320 775 similibus,
1332 738 1524 776 dissimilibus,
1540 739 1744 777 collationibus,
1760 746 1787 769 et

217 788 377 828 metaphoris
387 787 534 823 abundare,
548 786 703 816 admirabili
717 786 831 816 artificio
845 786 1020 816 concinnatis.
1031 787 1062 816 In
1072 786 1155 815 altero
1170 796 1233 815 vero
1254 787 1373 825 catalogo
1394 795 1527 814 sermones
1539 793 1722 822 recensentur,
1739 785 1787 825 qui

218 835 277 864 licet
291 833 390 863 eruditi
405 833 458 863 siut
471 833 534 873 ipsi,
549 840 575 862 ct
592 832 667 872 digni
682 832 729 871 qui
745 831 879 871 legantur,
890 843 924 861 ex
941 832 1034 862 multis
1056 839 1145 861 tamen
1158 831 1318 871 conjecturis
1332 838 1452 871 apparet,
1465 841 1509 860 eos
1524 841 1576 859 non
1591 841 1648 860 esse
1665 831 1789 871 Chryso-

216 881 305 918 stomi‚
318 879 365 909 sed
381 886 531 916 anctorum,
547 879 646 918 quibus
668 889 753 917 neque
773 877 885 915 candor,
908 888 994 916 neque
1013 877 1060 907 illa
1074 884 1202 917 perpetua
1225 877 1338 906 facilitas
1357 877 1436 913 inest,
1452 887 1533 915 quam
1548 875 1576 906 in
1592 876 1788 917 Chrysostomo

216 927 356 963 miramur,
371 925 418 955 sed
438 936 524 955 sermo
537 924 721 959 commaticus,
739 931 764 954 et
783 923 917 960 concisus,
933 931 1012 963 atquc
1025 923 1163 953 affectione
1175 923 1360 960 duriusculus,
1376 923 1624 962 comparationibus
1637 923 1786 953 destitutus

217 979 240 1002 ct
255 972 394 1002 abundans
407 972 530 1001 similiter
543 971 725 1001 desinentibus
737 970 882 1005 sententiis,
896 981 926 999 ac
935 981 1033 1001 vocum
1042 970 1155 1010 argutiis
1164 977 1211 999 aut
1223 970 1404 1010 etymologiis,
1415 980 1431 998 a
1446 969 1546 1008 quibus
1559 970 1686 999 abhorret
1696 969 1787 1009 Chry-

217 1025 359 1054 sostomus,
375 1029 405 1047 ac
418 1028 487 1057 saepe
500 1017 593 1047 relicto
606 1028 685 1047 sensu
698 1017 835 1054 historico,
847 1016 881 1046 ad
892 1017 1050 1056 allegoricos
1063 1023 1088 1046 et
1097 1016 1257 1056 anagogicos
1272 1022 1365 1045 auctor
1381 1015 1542 1046 revolvitur.
1555 1016 1706 1046 Assentitur
1721 1015 1786 1045 huic

218 1064 286 1093 sixti
295 1075 411 1093 ceusuroe
423 1064 560 1093 illustriss.
579 1063 735 1093 Cardinalis
748 1062 927 1093 Bellarminus
936 1062 962 1091 in
971 1062 1098 1102 Catalogo
1109 1063 1278 1102 Scriptorum
1285 1061 1440 1098 Ecclesiast.
1457 1063 1568 1102 ejusque
1574 1061 1712 1101 judicium
1722 1072 1787 1101 pro-

217 1113 262 1141 bat
276 1112 309 1141 de
324 1122 376 1140 xiv
392 1111 419 1140 iu
431 1113 555 1140 Marcum
575 1111 758 1145 sermonibus,
774 1120 890 1148 quorum
904 1116 997 1139 auctor
1013 1109 1160 1138 monachus
1172 1109 1223 1138 fuit
1233 1109 1284 1138 sub
1304 1107 1422 1150 episcopi
1437 1114 1566 1148 potestate
1577 1107 1748 1144 constitutus,
1763 1114 1789 1137 et

219 1158 252 1187 nd
265 1159 407 1187 monachos
421 1157 506 1186 edidit
517 1157 719 1197 explanationes
732 1168 795 1186 suas
809 1156 992 1195 frequentibus
1006 1155 1144 1196 allegoriis
1162 1155 1331 1185 intermixtas
1343 1162 1369 1185 et
1382 1154 1518 1185 interdum
1533 1153 1669 1184 violentis.
1683 1155 1789 1184 Horum

220 1206 307 1243 itaque
321 1204 461 1233 doctorum
475 1203 598 1232 virorum
613 1202 733 1242 vestigiis
748 1203 897 1232 insistentes
909 1213 957 1231 nos
971 1212 1089 1241 quoque,
1103 1213 1165 1231 cum
1178 1202 1206 1230 in
1218 1201 1279 1231 aliis
1297 1201 1417 1241 quinque
1429 1201 1524 1231 Tomis
1537 1200 1651 1230 Lutetiae
1671 1199 1789 1240 vulgatis

220 1262 263 1280 eos
279 1250 494 1280 exhibuissemus
511 1249 593 1278 libros
607 1256 685 1288 atque
700 1259 834 1278 sermones
847 1249 894 1287 qui
908 1249 986 1277 nobis
1001 1248 1114 1288 legitimi
1127 1249 1206 1277 foetus
1222 1249 1339 1278 auctoris
1354 1248 1437 1278 nostri
1448 1247 1621 1283 videbantur,
1635 1246 1729 1287 paucis
1742 1257 1789 1276 ex—

220 1298 303 1338 ceptis
313 1297 339 1326 in
354 1296 486 1331 Psalmos,
502 1306 568 1334 quos
582 1295 610 1324 in
625 1296 723 1324 calcem
735 1296 814 1325 Tomi
836 1295 989 1336 rejecimus,
1006 1294 1053 1333 qui
1068 1294 1208 1323 conciones
1223 1294 1250 1323 in
1266 1295 1386 1324 Psalmos
1398 1302 1425 1324 et
1434 1295 1530 1324 Isaiam
1543 1293 1703 1334 prophetam
1717 1304 1789 1324 com-

221 1345 356 1384 plectitur,
373 1344 398 1371 in
410 1343 481 1371 hunc
495 1342 603 1371 demum
614 1349 721 1372 sextum
732 1343 848 1371 Tomum
862 1341 1025 1382 conjecimus
1037 1352 1092 1377 eos,
1103 1341 1151 1380 qui
1171 1351 1224 1370 non
1238 1341 1356 1380 integros
1372 1342 1518 1381 Scripturae
1531 1341 1627 1376 libros,
1641 1339 1690 1369 sed
1699 1341 1789 1381 singu-

221 1390 286 1419 laria
307 1390 429 1429 quaedam
451 1389 508 1417 loca
525 1389 672 1428 explicant,
687 1395 712 1418 et
726 1389 796 1428 stylo
810 1389 954 1429 conscripti
972 1395 1035 1418 sunt
1050 1388 1085 1417 ab
1099 1388 1160 1417 aliis
1180 1387 1365 1427 Chrysostomi
1387 1388 1515 1427 operibus
1528 1388 1647 1426 diverso,
1659 1399 1722 1420 cum
1734 1394 1789 1417 tota

221 1437 364 1466 dramatica
381 1437 414 1465 sit
425 1436 518 1471 oratio,
528 1442 553 1464 et
566 1446 600 1464 cx
612 1435 797 1475 prosopopoeis
811 1435 937 1470 conflata,
945 1445 1014 1474 saepe
1026 1434 1182 1463 commatica
1192 1440 1217 1462 et
1231 1433 1346 1470 concisa,
1355 1440 1435 1472 atque
1446 1433 1480 1463 ad
1495 1434 1637 1474 allegorias
1650 1434 1787 1470 traducta;

220 1483 408 1512 collationibus
416 1492 506 1511 carens
519 1482 632 1520 aliisque
646 1481 794 1520 leporibus,
811 1481 856 1519 qui
869 1481 1060 1520 Chrysostomo
1069 1486 1131 1508 sunt
1142 1479 1287 1508 familiares
1299 1490 1305 1506 :
1318 1485 1459 1507 auctorum
1470 1486 1557 1508 tamen
1572 1487 1635 1508 sunt
1648 1480 1691 1510 vel
1701 1480 1790 1518 Chry-

221 1537 335 1558 sostomo
349 1539 510 1564 coaevorum,
525 1528 568 1557 vel
582 1539 616 1556 cx
630 1527 736 1556 erudita
750 1528 796 1556 illa
807 1527 975 1566 antiquitate,
990 1538 1051 1566 quae
1069 1527 1102 1555 ab
1116 1526 1174 1565 ejus
1185 1532 1260 1554 aetate
1274 1535 1327 1554 non
1342 1525 1459 1554 multum
1470 1525 1567 1555 abfuit.
1772 1524 1776 1525 ⁷

262 1577 352 1613 Neque
365 1585 428 1603 vero
441 1574 540 1602 mirum
558 1572 689 1612 quosdam
704 1584 739 1602 ex
752 1573 807 1602 illis
821 1573 848 1602 in
867 1573 983 1612 antiquis
1005 1573 1086 1602 etiam
1100 1571 1216 1612 Synodis
1239 1571 1290 1600 sub
1306 1571 1412 1600 nomine
1426 1571 1611 1612 Chrysostomi
1624 1572 1712 1609 citari,
1727 1582 1788 1601 cum

219 1624 274 1662 jum
290 1622 316 1650 in
334 1632 385 1649 usu
399 1627 485 1649 essent
500 1620 525 1648 in
541 1619 680 1654 Ecclesiis,
695 1630 781 1658 neque
793 1620 894 1648 soleant
907 1619 1029 1649 Concilia
1052 1618 1117 1647 dum
1131 1618 1282 1647 testimonia
1293 1618 1453 1661 proferunt,
1471 1619 1498 1647 in
1515 1624 1637 1648 auctores
1654 1618 1790 1657 inquirere

221 1674 268 1696 aut
279 1667 345 1695 alias
358 1665 515 1704 quaestiones
527 1671 654 1693 excutere
668 1665 702 1693 ab
715 1675 745 1693 ea
759 1664 879 1694 diversas
889 1675 970 1704 quam
984 1674 1039 1704 pra!
1054 1664 1179 1693 manibus
1190 1663 1300 1701 habent,
1312 1663 1359 1693 sed
1369 1674 1429 1703 quae
1441 1663 1540 1704 passim
1555 1664 1704 1693 offeruntur
1714 1674 1790 1693 usur-

223 1725 296 1753 pare,
312 1720 337 1742 et
357 1721 526 1751 quacumque
546 1710 647 1740 ratione
670 1718 789 1751 receptos
810 1711 952 1752 scriptores
970 1710 1156 1740 haereticorum
1181 1711 1338 1740 commentis
1358 1721 1504 1752 opponere,
1519 1710 1747 1750 quemadmodum
1765 1717 1791 1740 et

222 1759 344 1799 apostoli,
357 1770 386 1788 ac
402 1759 498 1797 reliqui
513 1765 600 1798 patres
614 1758 784 1798 apocryphos
802 1759 897 1795 libros,
914 1765 943 1787 ut
956 1759 1062 1788 Hermae
1080 1758 1209 1793 Pastoris,
1225 1764 1250 1787 et
1268 1758 1448 1798 Evangelium
1463 1757 1638 1787 Hebraeorum
1655 1769 1686 1788 ac
1699 1758 1791 1788 Nm-

224 1817 340 1835 rzeorum
354 1806 470 1835 citarunt
483 1818 490 1834 ι
502 1805 564 1834 lieet
573 1805 629 1844 jam
640 1805 675 1834 ab
689 1805 800 1834 illorum
823 1806 990 1845 temporibus
1008 1816 1066 1834 mos
1080 1803 1127 1834 ine
1147 1804 1312 1841 inolevisset,
1327 1812 1358 1834 ut
1378 1805 1501 1845 patribus
1515 1804 1700 1845 supposititios
1711 1805 1791 1834 soetus

223 1854 408 1887 attribuerent,
425 1846 652 1891 quemadmodum
666 1859 692 1880 et
707 1852 771 1892 ipsis
786 1852 914 1892 apostolis
934 1852 1070 1892 περιόδους
1095 1846 1172 1881 Pauli
1184 1858 1210 1881 et
1230 1851 1350 1889 Theclae,
1365 1858 1391 1881 et
1408 1854 1471 1881 Acta
1493 1850 1563 1881 Petri
1585 1857 1665 1890 atque
1687 1852 1791 1891 Apoca-

224 1900 323 1939 lypsin]
337 1899 547 1939 adscripserunt.

264 1946 327 1974 Hoec
345 1945 429 1984 prima
449 1944 540 1973 classis
555 1955 600 1972 eos
613 1955 745 1973 sermones
764 1945 890 1982 continet,
906 1945 952 1984 qui
966 1945 1033 1979 salso
1049 1945 1244 1985 chrysostomo
1263 1943 1432 1980 tribuuntur,
1446 1955 1460 1973 a
1480 1943 1567 1984 prIma
1589 1943 1687 1983 pagina
1708 1954 1792 1982 usque

224 1990 259 2019 ud
270 1991 328 2020 (508
343 2003 349 2019 :
363 1991 445 2019 altera
458 2000 522 2019 vero
537 1990 598 2018 illos
612 1990 721 2019 exhibet
734 1991 781 2029 qui
803 1991 866 2021 licet
878 1992 962 2032 ipsius
975 1992 1037 2027 sint,
1051 2002 1104 2021 non
1118 1998 1206 2020 tamen
1221 1989 1347 2020 censendi
1359 1997 1421 2019 sunt
1434 1990 1468 2019 ab
1480 1990 1528 2019 illo
1538 1989 1637 2025 hahiti,
1654 1995 1684 2018 ut
1697 1989 1791 2029 scripti

179 2049 214 2069 402
225 2043 378 2072 occurrunt,
389 2035 436 2065 sed
446 2035 634 2074 ἀπανθίσματα
646 2037 767 2076 potiuset
779 2037 856 2067 ssores
870 2049 905 2067 ex
917 2038 1002 2067 hortis
1016 2039 1075 2078 ejus
1087 2037 1192 2067 collecti
1205 2043 1277 2071 sunt,
1291 2037 1319 2065 in
1331 2047 1424 2065 eorum
1439 2047 1518 2065 nsum
1533 2035 1581 2074 qui
1594 2046 1629 2065 ex
1641 2035 1789 2065 moralibus

224 2083 436 2123 digressionibus
449 2093 493 2111 eos
511 2082 698 2122 decerpebant,
713 2084 805 2122 quales
820 2092 882 2114 sunt
897 2085 951 2115 illae
965 2086 1031 2115 LIV
1045 2085 1195 2122 conciones,
1211 2084 1254 2114 vel
1269 2083 1358 2124 potius
1371 2090 1494 2113 centones
1505 2094 1538 2112 ex
1552 2082 1667 2112 diversis
1679 2082 1788 2112 concio-

226 2140 290 2157 num
305 2129 408 2158 laciniis
420 2128 581 2166 concinnati,
595 2136 621 2158 et
636 2130 761 2158 Homiliis
775 2131 843 2160 XXI
854 2132 889 2161 ad
900 2131 1032 2172 populum
1047 2130 1243 2160 Antiocheuum
1264 2129 1416 2169 subjuncti,
1433 2139 1549 2167 quorum
1562 2129 1647 2158 fontes
1658 2127 1790 2158 indicavi-

225 2186 295 2210 mus,
310 2182 336 2204 et
352 2175 408 2205 suis
419 2185 464 2204 eos
474 2174 608 2203 natalibus
621 2175 796 2205 restituimus.
813 2179 873 2206 Non
887 2178 959 2206 enim
971 2177 1048 2217 parvi
1062 2177 1141 2206 refert
1156 2175 1307 2216 intelligere
1319 2175 1457 2212 lectorem,
1472 2184 1640 2213 nequaquam
1653 2173 1689 2203 ita
1703 2173 1792 2213 dispo-

224 2224 288 2252 sitos
301 2223 334 2252 ab
355 2230 462 2252 auctore
476 2221 557 2251 fuisse
573 2232 706 2250 sermones
730 2223 801 2258 illos,
815 2235 847 2253 ne
867 2225 935 2254 sorte
949 2225 1043 2254 falsam
1057 2224 1191 2253 existimet
1205 2223 1278 2253 Sixti
1299 2222 1422 2253 Senensis
1442 2221 1603 2258 doctrinam,
1620 2220 1683 2250 illos
1696 2220 1723 2250 in
1739 2227 1792 2250 tres

225 2277 313 2310 partes
323 2268 481 2305 dividentis,
495 2276 521 2297 et
533 2267 688 2308 allegoricas
701 2270 902 2308 explanationes
914 2272 947 2300 ab
959 2271 1014 2300 illis
1027 2269 1191 2311 sejungentis
1204 2282 1211 2298 τ
1222 2276 1269 2298 aut
1281 2269 1383 2299 idcirco
1397 2269 1477 2298 licere
1492 2274 1567 2308 putet
1580 2266 1671 2296 statim
1685 2266 1720 2295 ab
1731 2266 1791 2306 ipso

225 2315 338 2344 exordio
351 2314 395 2345 vel
408 2314 518 2343 affectus
531 2323 649 2350 movere,
662 2314 706 2343 vel
720 2315 929 2345 cohortationem
940 2317 1066 2346 moralem
1082 2316 1220 2353 adhibere,
1233 2322 1263 2344 ut
1283 2315 1312 2344 in
1332 2314 1389 2344 illis
1401 2315 1432 2344 fit
1448 2313 1616 2348 centonibus,
1629 2322 1697 2351 quos
1709 2322 1792 2340 num*

226 2372 307 2399 quam
317 2360 525 2400 Chrysostomus
537 2358 580 2388 vir
590 2359 798 2388 facundissimus
809 2372 843 2389 ex
857 2362 939 2390 variis
952 2362 987 2391 ita
1002 2362 1155 2402 fragmentis
1167 2368 1384 2401 coagmentasset.
1399 2362 1592 2391 Verumtamen
1603 2358 1655 2387 hoc
1667 2365 1791 2387 nostrum

222 2407 358 2446 judicium
368 2407 407 2447 ita
421 2416 473 2435 non
496 2405 683 2445 proponimus,
701 2412 728 2434 ut
743 2406 792 2434 soli
817 2406 850 2435 de
865 2407 938 2436 illius
965 2408 1092 2447 operibus
1117 2407 1212 2436 arbitri
1225 2406 1317 2436 sedere
1340 2406 1470 2442 velimus,
1482 2404 1529 2435 sed
1542 2403 1637 2444 optimi
1652 2410 1677 2432 et
1691 2403 1791 2434 eruditi

226 2454 330 2483 lectoris
341 2463 459 2482 censurae
469 2451 540 2480 illud
554 2451 725 2490 subjicimus,
742 2458 771 2480 ut
785 2451 875 2481 videat
898 2463 962 2480 num
976 2453 1062 2481 mnlto
1081 2454 1163 2482 satius
1178 2453 1212 2482 sit
1230 2463 1289 2491 quae
1303 2462 1366 2481 vera
1388 2457 1450 2480 sunt
1462 2457 1489 2480 et
1499 2449 1613 2490 genuina
1626 2448 1791 2488 distinguere

224 2512 239 2529 a
252 2499 440 2540 supposititiis,
456 2506 482 2528 et
493 2509 542 2527 suo
563 2505 697 2527 momento
714 2498 811 2538 scripta
831 2510 943 2538 quaeque
965 2499 1124 2539 ponderare,
1139 2511 1220 2538 quam
1234 2498 1327 2540 spuria
1338 2509 1387 2539 pro
1395 2496 1533 2537 ,germanis
1548 2495 1695 2533 venditare,
1709 2502 1791 2535 atque

226 2550 251 2576 in
265 2545 491 2586 disputationibus
514 2554 575 2572 cum
591 2543 752 2573 adversariis
774 2544 910 2582 Ecclesiae,
924 2545 1077 2574 Patroclum
1092 2545 1143 2574 sub
1164 2545 1246 2574 armis
1260 2543 1375 2574 Achillis
1394 2543 1518 2574 latentem
1531 2542 1558 2571 in
1577 2542 1661 2571 aciem
1671 2541 1786 2579 mittere,

217 2593 318 2633 majori
330 2603 390 2621 cum
406 2590 552 2630 ignominia
564 2589 731 2626 caedendum,
742 2601 822 2629 quam
837 2590 858 2619 si
874 2591 929 2619 suis
942 2597 1025 2620 tectus
1040 2591 1121 2619 armis
1134 2590 1308 2629 prodiisset.»
