1904 2840
700 213 734 235 IN
760 211 964 236 MATTHAEUM.
995 211 1109 235 noim„
1139 211 1186 235 Xl.

1635 198 1702 246 795

927 275 948 299 Α
963 272 1096 302 mandatis
1107 273 1151 303 his
1162 273 1262 303 Christi
1274 282 1322 302 nec
1356 274 1449 302 ossum
1461 278 1529 302 stare
1542 270 1609 311 legis
1626 283 1703 302 man-

267 327 402 357 Homilia
412 326 566 357 undecima
575 336 612 356 ex
619 336 681 366 cap.
692 327 806 366 quinto.

206 433 256 461 20.
280 432 346 460 Nisi
364 431 559 460 abundaverit
578 432 694 470 justitia
717 438 818 460 vestra
838 432 908 471 plus

166 482 255 511 quam
267 472 430 500 scribarum
443 477 471 500 et
489 471 717 506 Pharisoeorum,
734 481 794 499 non
808 473 908 500 intra-

167 513 234 541 bitis
247 512 280 540 in
297 521 419 550 regnum
435 510 583 539 coelorum.
597 510 753 540 Scribarum
770 518 796 540 et
810 510 906 540 Phari-

165 561 278 580 saeorum
290 550 400 590 justitiae
410 557 472 579 sunt
485 550 608 579 mandata
618 550 709 590 Moysi
719 562 727 578 .·
739 550 906 590 impletiones

163 597 253 620 autem
267 589 453 619 mandatorum
465 589 575 618 illorum
585 596 646 619 sunt
657 589 779 618 mandata
792 589 905 619 Christi.

164 630 223 659 Hoc
243 636 282 659 est
301 640 365 668 ergo
386 629 460 668 quod
477 628 544 658 dicit
560 639 567 657 ε
586 628 646 659 Nisi
667 629 728 668 quis
739 639 821 669 supra
838 629 905 669 legis

164 669 300 705 mandata,
308 676 334 698 et
345 669 401 698 haec
410 679 468 697 mea
479 675 621 709 praecepta,
630 678 690 707 quae
697 668 769 708 apud
784 668 845 698 illos
855 669 907 698 mi-

165 709 237 738 nima
257 708 489 744 existimabantur,
509 708 673 748 impleverit,
686 718 739 737 non
753 708 863 738 intrabit
876 709 904 738 in

165 759 258 787 regum
270 748 398 777 caelorum
410 760 417 776 :
431 747 558 787 quoniam
568 747 628 782 illa,
642 748 713 777 sicut
724 747 854 783 diximus,
869 749 904 777 de

183 798 241 816 oeua
267 787 356 816 uide·
362 787 485 822 liberant,
492 797 551 826 quae
559 787 903 827 scilicettransgressorihus

175 828 233 866 egis
323 837 366 863 ur,
377 835 430 856 non
443 833 530 855 autem
544 826 718 856 immducunt
731 826 758 855 in
770 837 882 866 regnum
894 840 901 856 ε

164 866 221 895 haec
232 873 321 895 autem
334 873 360 896 et
371 866 406 895 de
419 875 497 906 poena
509 866 635 902 liberant,
650 873 677 895 et
689 866 718 895 in
732 877 844 906 regnum
859 867 902 896 in-

164 905 320 935 traducunt.
335 907 405 935 Cum
418 912 507 935 autem
518 906 555 934 sit
570 905 720 946 ¹'idipsum‚
742 907 846 935 solvere
857 906 904 935 mi-

164 945 236 974 nima
248 945 305 974 haec
318 945 452 982 mandata,
463 952 488 974 et
501 955 553 974 non
566 945 711 980 custodire,
727 956 809 984 quare
822 956 904 986 supra

105 1000 155 1017 un
165 984 274 1024 quidem
291 984 326 1014 de
343 985 462 1014 solvente
481 984 549 1014 dicit
565 997 572 1013 t
596 986 652 1024 Qui
675 985 794 1014 solverit
815 996 905 1014 unum

17 1579 104 1602 Manli.
118 1577 157 1600 25.

164 1025 202 1061 <ge
218 1026 345 1053 minimis
361 1026 434 1059 istis,
454 1026 590 1053 minitans
607 1026 763 1054 vocabitur·
774 1026 804 1053 in
816 1035 905 1065 regno

165 1063 235 1101 Dei,
245 1064 385 1093 ostendens
398 1074 460 1093 eum
473 1064 522 1093 etsi
533 1063 685 1100 minimum,
701 1075 758 1093 esse
777 1071 863 1094 tamen
878 1065 905 1093 in

164 1114 248 1143 regno
264 1115 271 1131 ι
287 1103 332 1132 hic
347 1109 436 1132 autem
450 1102 484 1131 de
504 1113 557 1132 non
570 1110 742 1133 conservante
754 1103 832 1140 dicit,
848 1103 908 1133 Nisi

165 1142 343 1171 abundaverit
348 1142 452 1182 justitia
465 1142 582 1171 hominis
592 1142 737 1172 Christiani
750 1143 812 1183 plus
825 1154 907 1181 quam

165 1182 315 1211 scribarum
323 1189 350 1211 et
360 1182 566 1217 Pharisaeorum,
577 1192 629 1210 non
640 1183 750 1212 intrabit
760 1183 785 1211 in
796 1193 908 1222 regnum

165 1221 314 1250 caelorum?
327 1221 382 1258 Qui
395 1221 467 1251 enim
485 1231 537 1250 non
551 1221 661 1250 intrabit
680 1222 708 1250 in
721 1232 834 1261 regnum
855 1233 908 1251 αε-

165 1260 266 1296 lorum,
281 1266 355 1290 extra
375 1271 487 1300 regnum
501 1261 563 1289 erit.
584 1260 639 1291 Sed
656 1261 720 1290 vide
741 1263 804 1300 quia
820 1262 907 1290 mini-

165 1310 242 1329 mum
254 1310 311 1329 esse
322 1300 350 1328 in
363 1310 446 1339 regno
462 1299 582 1339 idipsum
595 1307 634 1330 est
646 1307 672 1329 et
690 1311 741 1329 non
762 1301 861 1330 intrare
879 1301 907 1330 in

166 1349 288 1378 regnum.
304 1339 371 1369 Esse
383 1341 455 1369 enim
476 1339 593 1378 aliquem
615 1340 643 1369 in
657 1349 738 1380 regno
750 1350 802 1369 non
821 1347 861 1369 est
882 1348 908 1370 et

168 1389 279 1417 regnare
291 1389 352 1407 cum
367 1379 494 1414 Christo,
510 1378 557 1407 sed
573 1389 631 1408 esse
645 1386 750 1408 tantum
765 1379 792 1408 in
805 1380 907 1420 populo

168 1418 281 1447 Christi.
292 1418 440 1457 Tamquam
453 1418 476 1447 si
489 1417 577 1447 dicat:
589 1418 643 1456 Qui
653 1419 764 1448 solverit
771 1426 798 1448 et
806 1418 906 1449 docue-

168 1457 203 1487 rit
211 1457 329 1493 sic‚inter
333 1458 500 1487 Christianos
505 1457 614 1496 quidem
621 1458 671 1487 erit
676 1465 773 1493 ,tamen
780 1459 908 1488 minimus

166 1497 390 1533 Cliristianus‚vel
395 1508 456 1526 cum
462 1497 581 1526 minimis
585 1497 812 1534 Christianis.Qui
820 1505 909 1527 autem

168 1536 250 1565 intrat
265 1536 293 1566 in
369 1547 426 1573 um,
438 1537 470 1566 fit
483 1537 615 1576 particeps
624 1537 699 1575 regni
707 1547 769 1565 cum
782 1537 906 1574 Christo,

168 1575 238 1604 sicut
259 1582 286 1604 et
301 1576 336 1604 al⁴
361 1576 366 1581 ”
380 1576 482 1604 dicitur
495 1576 566 1605 bono
579 1586 658 1605 servo
672 1588 679 1604 ι
694 1578 778 1605 Intra
799 1578 829 1604 in
842 1587 910 1616 gau-

170 1615 251 1643 dium
264 1615 384 1643 Domini
393 1616 436 1643 tui
447 1626 456 1642 ε
469 1615 521 1643 hoc
527 1621 579 1651 est,
590 1621 619 1644 ut
627 1615 712 1643 simul
724 1614 840 1654 gaudeas
849 1626 911 1644 cum

171 1652 288 1682 Domino
300 1660 359 1682 tuo.
375 1655 571 1692 consequenter
590 1661 618 1683 et
636 1653 686 1683 iste
698 1654 745 1692 qui
764 1664 817 1683 non
832 1655 912 1684 intrat

170 1692 198 1720 in
273 1703 318 1721 um
324 1693 461 1727 eaelorum,
470 1693 582 1731 gloriam
589 1692 699 1731 quidem
705 1693 779 1733 regni
786 1693 912 1723 caelorum

170 1702 347 1761 nofflbebit
359 1742 419 1761 cum
431 1733 550 1769 Christo,
559 1733 610 1762 crit
626 1739 712 1762 tamen
726 1733 753 1761 in
765 1743 847 1773 regno
860 1744 911 1762 cae·

170 1770 260 1799 lorum
277 1783 284 1799 :
297 1771 326 1800 id
338 1778 387 1806 est,
399 1771 427 1801 in
440 1781 552 1801 numero
559 1782 651 1801 eorum
661 1782 741 1812 super
747 1783 814 1811 quos
830 1773 912 1803 Chri-

170 1816 228 1839 stus
242 1810 367 1840 caelorum
378 1812 438 1841 Rex
450 1818 551 1850 regnat.
562 1812 641 1841 Nunc
648 1811 704 1851 jam
718 1812 814 1852 incipit
820 1819 910 1841 osten-

170 1849 234 1878 dere
242 1856 268 1878 et
278 1849 374 1880 docere
379 1861 439 1889 quae
447 1857 509 1880 sunt
519 1850 630 1880 minima
641 1851 701 1887 ista,
711 1859 826 1890 quorum
836 1852 910 1881 solu-

170 1889 269 1918 tionem
290 1890 449 1929 praedixerat
466 1901 522 1920 esse
540 1890 727 1930 periculosam.
746 1892 796 1920 21.
812 1891 910 1928 Scitis,
934 1910 937 1912 -

170 1928 270 1966 inquit,
283 1931 354 1969 quia
365 1930 475 1959 dictum
484 1936 527 1959 est
540 1927 760 1970 antiquis‚Non
774 1932 887 1960 occides
903 1942 910 1958 :

169 1969 219 1997 22.
225 1978 277 2008 ego
284 1976 383 1998 autem
391 1970 493 2006 dico,si
499 1971 565 2008 quis
571 1971 664 1999 iratus
663 1970 763 2011 suerit·
766 1971 855 2009 fratri
861 1980 912 1999 suo

168 2009 232 2036 sine
243 2017 344 2044 causa,
360 2019 426 2038 reus
440 2011 493 2038 erit
501 2010 623 2048 judicio.
634 2010 700 2039 Haec
713 2010 833 2049 impletio
846 2010 913 2048 legis

927 1468 946 1492 c
961 1465 1052 1487 autem
1065 1458 1117 1487 nisi
1131 1468 1206 1487 corre

962 311 1034 341 data.
1050 313 1120 342 Nam
1133 313 1157 342 si
1169 313 1330 342 concedatur
1354 312 1448 342 icentia
1462 311 1610 348 irascendi,
1624 312 1704 342 datur

962 358 988 381 et
1005 362 1085 381 causa
1098 352 1236 381 homicidii
1249 351 1374 382 faciendi.
1389 352 1434 382 Ex
1451 351 1491 380 ira
1503 352 1575 380 euim
1588 351 1704 382 homici-

961 390 1038 420 dium
1050 399 1200 431 generatur.
1210 392 1289 422 Tolle
1297 399 1385 421 autem
1395 392 1474 427 iram,
1486 397 1513 420 et
1528 391 1704 421 homicidium

962 440 1014 459 non
1034 431 1073 460 fit.
1097 431 1192 461 Omnis
1209 432 1297 468 enim,
1316 431 1364 470 qui
1387 430 1512 460 irascitur
1531 430 1589 460 sine
1609 442 1703 467 causa,

962 477 1091 508 quantum
1105 471 1139 500 ad
1159 471 1323 500 voluntatem
1334 481 1410 500 suam
1429 470 1606 500 homicidium
1629 471 1712 507 facit,>

961 510 1127 539 etiamsinon
1139 511 1201 540 facit
1214 517 1323 550 propter
1336 517 1447 539 metum.
1465 509 1531 539 Ideo
1545 509 1624 540 dolor
1641 511 1704 549 qui-

961 548 1022 578 dem
1037 559 1089 578 non
1102 557 1142 579 est
1154 550 1227 586 talis,
1242 549 1471 589 quemadmodum
1484 549 1506 578 si
1520 550 1619 579 factum
1635 550 1703 579 fuis-

962 595 1011 625 set,
1024 594 1163 628 peccatum
1175 596 1263 618 autem
1275 589 1328 618 talc
1339 596 1378 618 est
1389 589 1536 619 irascentis.
1547 589 1611 618 ldco
1624 591 1706 619 Joan-

960 637 1007 657 nes
1028 629 1056 656 in
1076 629 1202 658 canonica
1223 639 1271 658 sua
1293 628 1415 668 Epistola
1436 627 1503 657 dicit
1530 641 1536 657 ε

959 667 1082 705 fratrem
1099 678 1183 697 suum
1202 670 1266 698 sine
1282 678 1381 703 causa,
1400 669 1548 696 homicida
1561 676 1613 698 est.
1631 669 1704 699 Vide

959 707 1118 747 sapientiam
1126 707 1238 738 Christi.
1252 708 1354 738 Volens
1363 707 1512 743 ostendere,
1523 708 1586 746 quia
1598 708 1654 747 ipse
1664 715 1704 738 est

959 747 1043 783 Deus,
1058 747 1107 785 qui
1122 747 1268 786 aliquando
1283 748 1309 776 lo
1330 754 1411 776 nutus
1432 754 1471 776 est
1484 746 1511 775 in
1532 747 1601 787 lege,
1617 754 1643 776 et
1656 749 1704 786 qui

958 796 1030 815 nunc
1040 787 1149 816 mandat
1162 788 1188 816 in
1201 787 1295 827 gratia,
1310 758 1380 816 illud
1391 786 1547 816 mandatum
1558 786 1631 825 quod
1644 794 1704 816 ante

958 826 1048 855 omnia
1060 826 1183 856 mandata
1197 827 1288 867 posuit
1303 827 1330 856 in
1345 826 1414 871 lege,
1434 825 1505 855 illud
1525 827 1615 866 ipsum
1629 837 1703 855 man-

923 868 942 892 B
958 864 1051 894 datum
1072 866 1163 905 posuit
1183 873 1207 895 et
1225 877 1297 896 nunc
1316 876 1342 895 in
1363 876 1496 905 principio
1516 866 1703 895 mandatorum

959 915 1079 934 suorum.
1098 906 1129 935 In
1160 905 1236 935 rimis
1250 906 1380 946 scriptum
1392 911 1432 934 est
1445 905 1471 934 in
1487 904 1555 944 lege,
1571 906 1639 934 Non
1660 916 1705 934 oc-

960 945 1049 974 cides.
1062 946 1127 974 Ideo
1141 916 1185 974 iiic
1198 945 1287 974 statim
1301 945 1335 974 ab
1350 944 1499 973 homicidio
1512 945 1604 985 coepit,
1615 951 1645 974 ut
1656 956 1705 985 per

960 984 1129 1013 concordiam
1143 984 1329 1014 mandatorum
1344 984 1402 1023 ipse
1418 984 1569 1014 inveniatur
1591 984 1706 1014 dictator

959 1023 1043 1052 fuisse
1051 1024 1118 1063 legis
1128 1031 1153 1053 ct
1163 1025 1263 1063 gratiae.
1278 1026 1337 1063 Qui
1343 1025 1431 1052 irasci
1434 1024 1577 1064 tur-fratri
1583 1034 1635 1053 suo
1644 1026 1707 1054 sine

962 1073 1062 1100 causa,
1082 1073 1148 1092 reus
1167 1066 1222 1093 erit
1238 1065 1363 1103 judicio.
1386 1063 1459 1102 Ergo
1479 1063 1527 1101 qui
1547 1074 1608 1092 cum
1627 1074 1706 1093 causa

962 1103 1097 1137 irascitur,
1110 1113 1161 1131 non
1175 1103 1226 1132 erit
1240 1114 1311 1133 reus.
1324 1103 1394 1132 Nam
1403 1102 1426 1131 si
1439 1103 1479 1131 ira
1490 1113 1542 1131 non
1554 1103 1646 1139 suerit,
1658 1114 1706 1132 nec

961 1142 1082 1171 doctrina
1103 1142 1217 1182 proficit,
1238 1153 1286 1172 nec
1302 1141 1408 1182 judicia
1427 1148 1508 1178 stant,
1529 1152 1578 1171 nec
1592 1142 1705 1172 crimina

962 1188 1179 1221 compescuntur.
1193 1183 1210 1212 J
1213 1189 1269 1211 usta
1279 1192 1342 1221 ergo
1353 1181 1393 1210 ira
1401 1188 1485 1210 mater
1491 1188 1530 1210 est
1542 1181 1703 1221 disciplinae.

961 1223 1055 1259 Itaque
1074 1231 1127 1250 non
1143 1221 1231 1251 solum
1255 1232 1309 1251 non
1328 1227 1450 1261 peccant,
1472 1221 1520 1260 qui
1542 1231 1603 1250 cum
1627 1232 1707 1250 causa

962 1261 1115 1290 irascuntur
1131 1272 1137 1289 ε
1160 1261 1206 1290 sed
1219 1271 1234 1290 e
1247 1261 1350 1296 contra,
1369 1259 1422 1289 nisi
1435 1260 1497 1289 irati
1510 1260 1621 1296 fuerint,
1642 1271 1704 1300 pec-

961 1306 1022 1329 cant
1038 1312 1044 1328 :
1060 1300 1125 1338 quia
1145 1300 1271 1340 patientia
1286 1299 1479 1329 irrationabilis
1495 1299 1565 1328 vitia
1582 1301 1705 1336 seminat,

961 1339 1152 1378 negligenizam
1166 1340 1260 1376 nutrit,
1269 1347 1295 1370 et
1305 1349 1358 1369 non
1367 1338 1456 1368 solum
1463 1339 1559 1375 malos,
1573 1339 1708 1368 sedetiam

960 1379 1044 1408 bonos
1050 1379 1145 1408 invitat
1151 1379 1185 1408 ad
1191 1379 1308 1408 malum:
1317 1379 1380 1418 quia
1387 1378 1475 1407 malus
1481 1378 1709 1418 quidcm‚“quan1-

960 1418 1004 1449 vis
1031 1419 1198 1458 incorreptus
1218 1419 1314 1455 fuerit,
1340 1428 1393 1447 non
1414 1418 1569 1447 emendatur
1591 1431 1600 1447 ι
1620 1419 1707 1448 honus

1226 1465 1269 1487 tus
1279 1458 1369 1492 suerit,
1382 1457 1453 1497 perit
1464 1457 1528 1496 quia
1540 1459 1552 1474 *
1568 1458 1595 1486 in
1610 1469 1641 1487 co
1675 1469 1705 1487 0—

963 1508 992 1526 re
1018 1497 1102 1536 magis
1121 1469 1249 1537 praevaiet
1278 1498 1380 1526 malum
1408 1507 1489 1535 quam
1514 1497 1626 1525 bonum.
1665 1508 1707 1526 ra-

964 1535 1062 1565 cundia
1084 1547 1143 1574 quae
1165 1547 1227 1565 cum
1247 1546 1326 1565 causa
1345 1542 1401 1571 est,
1416 1546 1470 1564 non
1489 1535 1628 1565 iracundia
1654 1543 1704 1572 est,

965 1575 1011 1604 sed
1021 1575 1167 1615 judicium.
1194 1575 1337 1604 Iracundia
1362 1575 1434 1604 enim
1454 1575 1564 1614 proprie
1578 1575 1707 1615 intelligi·

965 1621 1009 1643 tur
1029 1615 1172 1644 commotio
1193 1614 1335 1653 passionis.
1357 1613 1413 1650 Qui
1435 1620 1525 1643 autem
1547 1625 1610 1643 cum
1627 1625 1707 1644 causa

965 1654 1101 1690 irascitur,
1117 1653 1156 1682 ira
1175 1653 1251 1682 illius
1262 1653 1317 1693 jam
1335 1663 1388 1682 non
1402 1663 1436 1682 ex
1449 1653 1571 1692 passione
1583 1661 1634 1690 est,
1661 1654 1707 1683 sed

965 1703 998 1723 ex
1009 1703 1088 1722 causa
1109 1705 1115 1721 :
1129 1691 1190 1721 ideo
1200 1692 1322 1732 judicare
1334 1692 1445 1729 dicitur,
1460 1702 1513 1721 nou
1535 1693 1622 1722 irasci.
1638 1695 1707 1722 Puto

965 1739 1054 1765 autem
1064 1731 1137 1771 quod
1147 1742 1198 1761 non
1210 1731 1244 1761 de
1253 1731 1390 1761 iracundia
1401 1732 1488 1761 carnis
1497 1732 1618 1770 loquitur
1629 1732 1706 1761 chri-

966 1779 1032 1808 stus,
1046 1771 1093 1801 sed
1105 1771 1139 1800 de
1150 1771 1258 1812 spiritu.
1274 1773 1329 1801 Nec
1349 1771 1384 1800 ad
1397 1781 1502 1801 carnem
1515 1771 1645 1810 loquitur,
1659 1771 1708 1801 sed

965 1811 1001 1840 ad
1014 1811 1141 1847 animam,
1159 1811 1228 1840 sicut
1242 1818 1266 1840 et
1288 1811 1315 1840 in
1336 1810 1507 1849 sequentibus
1525 1810 1703 1841 ostendemus.

965 1851 1023 1881 Scit
1032 1851 1104 1880 enim
1125 1851 1269 1887 Dominus,
1284 1850 1347 1889 quia
1369 1850 1418 1879 etsi
1441 1850 1607 1879 mandaverit
1619 1852 1706 1886 carni,

965 1901 1026 1920 caro
1045 1890 1069 1919 ei
1086 1899 1140 1919 non
1158 1890 1294 1919 obaudiet.
1311 1891 1366 1919 Nec
1380 1889 1451 1918 enim
1469 1896 1508 1919 est
1522 1889 1659 1929 possibile,
1676 1897 1707 1919 ut

964 1940 1026 1959 caro
1049 1939 1102 1959 non
1123 1930 1298 1959 conturbetur
1313 1941 1320 1958 z
1353 1930 1429 1967 Quia
1447 1931 1593 1968 sapientia
1611 1931 1709 1959 carnis

965 1971 1087 1998 inimica
1105 1976 1147 1998 est
1169 1971 1199 1997 in
1222 1970 1320 1998 Deum
1334 1980 1342 1997 ε
1361 1969 1419 2009 legi
1432 1970 1510 1998 enim
1523 1970 1581 1998 Dei
1596 1979 1655 1997 non
1667 1976 1708 1998 est

965 2010 1107 2048 subjecta.
1131 2009 1187 2038 Nec
1200 2009 1270 2038 enim
1292 2015 1389 2048 potest,
1408 2007 1512 2038 dicente
1532 2008 1596 2045 Job,
1613 2010 1708 2037 Homo

169 2046 318 2076 secundum
329 2048 439 2078 modum
455 2048 564 2078 vivendi
578 2049 693 2078 secunda
715 2050 782 2078 facta
795 2056 845 2079 est.
859 2050 918 2079 Fas
931 2055 952 2078 Ι)
967 2055 1054 2077 natus
1067 2049 1104 2077 de
1117 2048 1247 2084 muliere,
1262 2048 1358 2093 plenus
1374 2047 1525 2085 iracundia,
1541 2058 1594 2077 non
1607 2048 1698 2077 irasci.

169 2086 242 2115 ciens
251 2087 322 2116 enim
332 2087 388 2116 haec
399 2088 523 2118 Christus
533 2095 558 2117 et
568 2087 676 2124 docens,
686 2088 809 2128 implevit
818 2089 912 2128 legem,

171 2135 223 2154 non
232 2125 324 2156 solvit.
335 2128 396 2156 Non
410 2129 481 2157 euim
490 2128 636 2158 estChristi
646 2128 801 2157 mandatum
811 2135 911 2158 contra-

66 2169 114 2191 ιιι
123 2177 163 2198 per
174 2163 247 2193 rium
261 2164 324 2204 legi,
336 2165 383 2195 sed
393 2166 473 2196 latius
485 2177 565 2205 quam
582 2167 636 2196 lex.
645 2167 804 2197 Mandatum
812 2167 913 2197 Christi

21 2202 111 2230 ‘mim
118 2207 163 2222 ¹¹⁰¹*
173 2202 258 2247 legem
267 2203 293 2232 in
300 2214 328 2233 se
335 2211 404 2234 tenet
412 2205 599 2243 inclusam‚lex
605 2214 692 2236 autem
702 2218 754 2236 non
761 2214 829 2236 tenet
836 2206 915 2236 Chri-

22 2231 131 2254 aufertur.

173 2249 208 2271 sti
221 2242 387 2272 mandatum.
402 2245 457 2280 Qui
470 2255 534 2284 ergo
547 2245 643 2284 implet
663 2247 764 2276 Christi
778 2245 913 2282 mandata,

175 2281 253 2310 tacite
265 2282 292 2311 in
304 2282 342 2311 eis
351 2282 445 2322 implet
454 2290 480 2313 et
491 2284 567 2322 legis.
582 2286 649 2314 Nam
659 2286 707 2323 qui
718 2296 770 2315 non
781 2285 916 2321 irascitur,

174 2321 260 2350 mutto
274 2322 358 2360 magis
368 2332 417 2351 nee
431 2323 530 2351 occidit
544 2335 551 2351 ι
567 2323 614 2362 qui
628 2331 717 2353 autem
739 2325 832 2364 implet
852 2324 918 2363 legis

175 2360 341 2395 mandatum,
350 2371 402 2390 non
411 2362 519 2390 omnino
530 2362 623 2402 implet
629 2369 655 2391 et
664 2363 776 2392 Christi.
787 2364 808 2392 F
811 2373 920 2402 requen-

175 2405 215 2428 ter
224 2400 295 2428 enim
304 2407 330 2429 et
342 2401 421 2430 homo
428 2411 480 2430 non
490 2401 599 2438 quidem
607 2401 704 2431 occidit
718 2409 827 2442 propter
840 2403 918 2432 timo-

176 2449 233 2467 rem
243 2438 377 2476 vindictae,
387 2447 473 2469 tamen
484 2440 618 2470 irascitur.
626 2441 711 2471 Vides
719 2452 748 2470 er
766 2453 793 2477 o,
802 2442 919 2480 quia'lex

178 2477 287 2517 impleta
297 2486 336 2508 est
345 2490 393 2519 per
404 2480 527 2519 gratiam,
543 2489 595 2508 non
609 2480 735 2510 sublata?
789 2481 849 2511 'nde
862 2481 919 2511 sinc

213 2569 226 2588 b
244 2569 409 2601 [commerui.
422 2577 447 2596 et
457 2570 543 2596 Morel.
559 2572 648 2605 ipsum.
660 2570 740 2598 Iidem
752 2571 817 2599 infru
832 2574 880 2599 etsi
889 2574 934 2598 mi-

180 2608 274 2633 m'mum
286 2617 338 2634 esse
351 2614 434 2634 tamen
447 2610 473 2634 1'n
485 2618 562 2643 regno
573 2610 645 2642 essa]

967 2088 1083 2125 Quando
1099 2098 1163 2126 ergo
1180 2088 1260 2116 homo
1279 2089 1414 2123 irascitur,
1437 2094 1463 2116 et
1484 2097 1537 2116 non
1550 2087 1611 2117 vult
1625 2087 1711 2117 facere

966 2126 1040 2166 quod
1053 2127 1092 2156 ira
1104 2126 1252 2167 compellit,
1264 2137 1326 2157 caro
1337 2127 1396 2167 ejus
1408 2126 1473 2155 irata
1483 2134 1532 2163 est,
1548 2127 1653 2156 animus
1667 2138 1711 2155 au-

967 2173 1020 2196 tem
1032 2167 1091 2211 ejus
1102 2176 1154 2196 non
1164 2173 1203 2195 est
1217 2166 1311 2196 iratus.
1326 2167 1399 2206 Ergo
1412 2166 1492 2195 multi
1508 2173 1580 2201 sunt,
1596 2175 1712 2204 quorum

967 2216 1029 2235 caro
1044 2206 1178 2242 irascitur,
1198 2206 1287 2236 anima
1302 2213 1391 2235 autem
1412 2215 1465 2234 non
1489 2205 1623 2234 irascitur.
1646 2206 1711 2233 Item

968 2245 1047 2274 multi
1060 2252 1133 2282 sunt,
1144 2255 1260 2283 quorum
1271 2255 1332 2275 caro
1346 2255 1398 2274 non
1409 2244 1543 2281 irascitur,
1557 2244 1644 2272 anima
1659 2254 1711 2271 au-

969 2290 1023 2313 tem
1036 2294 1130 2314 eorum
1139 2284 1274 2318 irascitur,
1287 2284 1316 2314 id
1327 2291 1376 2319 est,
1390 2284 1436 2322 qui
1449 2283 1574 2313 videntur
1586 2281 1712 2322 patientes

969 2330 996 2352 et
1018 2324 1103 2360 taciti,
1125 2331 1151 2353 et
1172 2324 1277 2354 occulte
1297 2323 1413 2362 cogitant
1435 2323 1545 2357 malum,
1565 2328 1591 2349 et
1610 2331 1714 2360 semper

970 2370 1093 2402 quaerunt
1105 2363 1332 2403 opportunitatem
1347 2361 1468 2390 nocendi.
1483 2362 1514 2389 Si
1528 2361 1592 2399 quis
1608 2359 1715 2388 dixerit

1564 630 1624 666 Qui
1643 631 1705 659 odit
1713 635 1807 657 Jonas.
1816 635 1854 659 15.

1716 914 1794 935 Exozl.
1813 919 1851 935 20.

1718 945 1754 967 13.

1718 1463 1730 1477 ’⁴'
1743 1464 1766 1486 ίιι
1781 1466 1858 1487 corde.

1720 1940 1787 1962 Rom.
1799 1937 1822 1960 8
1836 1945 1858 1968 7.

1721 2010 1773 2032 lob.
1788 2007 1824 2037 ¹4·
1839 2014 1858 2029 ¹-

962 2404 1058 2445 sram'
1071 2413 1135 2438 suo,
1151 2404 1265 2438 Racha,
1291 2404 1354 2430 sine
1372 2410 1471 2435 causa,
1495 2408 1559 2427 reus
1577 2399 1632 2426 erit
1647 2408 1716 2427 con-
1730 2412 1734 2419 =

971 2442 1050 2471 cilio.
1066 2441 1098 2471 ld
1112 2449 1162 2478 est,
1177 2449 1206 2470 ut
1227 2441 1261 2469 sit
1285 2450 1353 2468 unus
1373 2437 1536 2467 eir-concilio
1548 2447 1652 2473 eorum,
1668 2438 1715 2476 qui

972 2481 1101 2511 adversus
1112 2481 1250 2511 Christum
1261 2480 1378 2514 suerunt,
1390 2477 1459 2506 sicut
1472 2476 1585 2516 apostoli
1596 2476 1622 2505 in
1635 2487 1715 2506 cano-

995 2582 1006 2594 r·
1024 2572 1104 2598 Iidem
1116 2572 1143 2597 in
1155 2578 1233 2603 marg.
1243 2568 1358 2602 quamvis
1369 2572 1490 2600 correptus
1493 2567 1587 2600 suerit.
