1890 2826
55 1091 80 1113 3.
101 1094 197 1119 negat).

57 1128 94 1144 ιο.
127 1132 130 1134 -

56 1185 143 1207 Meum.
160 1185 199 1207 23.

58 1215 97 1245 37.

58 1320 116 1341 lsai.
130 1327 150 1342 1.
162 1319 198 1342 15.

60 1371 148 1392 Matth.
160 1370 198 1393 23.

59 1403 98 1424 31.
110 1401 149 1423 32.

63 1926 148 1947 Iouna
155 1930 204 1954 529.

208 144 274 191 198
570 151 599 174 s.
627 149 762 174 soANNJs
787 148 971 174 cunvsos‘r.

201 215 243 245 Ne
265 213 348 254 igitur
362 212 396 242 ab
411 212 488 242 initio
507 212 526 242 J
528 211 597 241 udaei
618 211 756 241 manifeste
766 211 823 241 haec
834 210 947 241 audien·

203 267 254 296 ωε,
269 269 314 288 eos
330 258 509 288 interficerent
525 258 573 296 qui
587 257 645 287 haec
663 256 796 294 dicebant,
811 256 947 297 interpre-

202 305 312 335 tationis
335 300 495 334 difficultate
515 304 703 345 praedictiones
719 303 898 338 occultarunt,
916 314 948 333 ac

202 352 289 382 multa
311 350 474 381 obscuritate
498 352 578 382 rebus
601 352 698 388 offusa,
713 361 763 391 per
776 360 870 381 eorum
888 361 949 390 quae

203 397 362 427 dicebantur
380 397 571 427 obscuritatem
594 397 787 438 prophetarum
805 396 948 426 incolumi-

204 441 252 471 tati
264 441 468 471 consuluerunt.
480 441 561 471 Unde
570 451 636 481 yero
647 440 677 470 id
687 440 809 470 constat?
821 440 949 470 Rationes

203 487 276 517 enim
289 498 304 516 a
314 487 392 518 nobis
405 487 548 516 reddendae
561 494 635 524 sunt,
649 486 752 516 tametsi
766 486 835 518 inter
846 486 948 516 amicos

203 533 286 565 verba
303 533 415 563 facimus
426 546 432 562 ι
443 533 578 573 siquidem
598 532 677 565 multi
699 532 818 563 fortassis
836 532 947 570 adsunt,

203 589 258 608 non
275 579 366 609 amici.
390 580 500 609 Discant
519 579 601 619 igitur
619 580 677 609 haec
696 578 777 608 etiam
796 578 858 616 illi,
872 585 902 608 ut
923 585 950 608 et

204 625 285 656 amici
298 626 352 665 ipsi
366 626 440 655 fiant.
457 625 535 663 Dixi,
551 625 574 655 si
588 625 677 656 Judaei
691 624 857 655 audivissent
866 625 948 662 mala,

205 683 264 711 quae
282 672 507 712 comprehensura
526 671 588 701 illos
609 678 694 707 erant,
705 682 737 701 ac
753 671 822 709 fore,
837 678 867 701 ut
881 681 950 711 pro-

204 724 266 758 pter
278 718 418 748 Christum
431 717 625 748 exscindantur
638 717 806 758 Jerosolyma
818 717 846 747 in
855 727 950 758 perpe-

204 770 294 801 tuum,
309 774 358 794 nec
373 775 502 803 umquam
516 764 634 804 amplius
649 764 841 801 instaurentur,
857 764 913 794 haec
927 764 950 793 si

205 810 347 849 perspicue
360 821 376 840 a
389 811 528 850 prophetis
547 810 874 845 audivissent‚c0usestim
893 821 949 848 cos,

206 855 254 893 qui
268 855 325 884 haec
338 855 527 894 loquebantur,
542 856 712 886 occidissent.
727 855 809 886 Unde
822 856 907 896 igitur
921 856 951 886 id

206 901 311 939 liquet?
331 901 456 931 Primum
475 902 587 941 quidem
607 913 643 932 ex
662 902 783 942 ipsorum
809 902 948 933 moribus:

206 946 303 976 furiosi
315 947 387 977 enim
401 953 478 976 erant
486 957 517 976 ac
526 947 652 976 belluini.
662 947 783 986 Populus
796 954 835 976 est
846 958 952 987 semper

207 991 300 1021 sitiens
313 992 470 1031 sanguinem
485 991 689 1032 prophetarum,
708 1002 803 1022 manus
817 1003 910 1023 eorum
923 993 952 1022 in

208 1038 328 1069 caedibus
341 1049 369 1068 se
381 1046 535 1068 sanctorum
549 1043 732 1069 exercuerant.
746 1039 810 1069 Haec
823 1039 954 1070 adversus

967 630 988 653 D

1000 149 1156 174 Ancnmt’.
1183 148 1452 174 consummor.
1499 134 1504 139 ’

1001 211 1159 245 ἀκούσαντες
1171 211 1244 251 παρὰ
1262 211 1311 248 τὴν
1325 211 1421 251 ἀρχὴν,
1433 210 1646 252 διαχειρίσωνται
1657 211 1716 246 τοὺς
1728 211 1772 242 λε’-

999 269 1094 297 γοντας
1105 261 1199 294 ταῦτα,
1215 260 1248 297 τῇ
1261 257 1387 297 δυσκολία
1403 259 1451 293 τῆς
1464 256 1604 297 ἑρμηνείας
1615 257 1772 298 ἀπέκρυψαν

1001 303 1049 337 τὰς
1061 302 1228 343 προρρήσεις,
1243 303 1288 332 καὶ
1303 302 1405 339 πολλὴν
1417 302 1546 343 ἀσάφειαν
1555 301 1570 319 ¹’
1578 302 1709 344 κατέχεαν
1719 305 1773 332 τῶν

1001 348 1175 389 πραγμάτων,
1189 351 1222 389 τῇ
1237 349 1352 389 ἀσαφείᾳ
1366 351 1419 378 τῶν
1432 348 1581 388 λεγομένων
1601 353 1656 383 τοῖς
1667 348 1773 388 λέγουσι

1002 394 1245 435 παρασκευάζοντες
1261 395 1415 435 ἀσφάλειαν.
1429 394 1484 424 Καὶ
1501 393 1579 424 πόθεν
1592 395 1671 430 δῆλον
1682 397 1774 431 του’“το;

1002 442 1050 471 Δεῖ
1073 441 1124 481 γὰρ
1145 441 1191 470 καὶ
1212 441 1321 475 εὐθύνας
1345 444 1416 480 ἡμᾶς
1440 443 1624 476 ἀπαιτεῖσθαι,
1637 441 1661 470 εἶ
1681 440 1727 470 καὶ
1747 442 1774 470 ἐν

1002 486 1087 527 φίλοις
1100 487 1227 526 λέγομεν·
1241 487 1287 516 καὶ
1299 487 1350 527 γὰρ
1367 486 1461 516 πολλοὶ
1482 486 1545 520 ἴσως
1563 486 1609 516 καὶ
1621 487 1674 516 τῶν
1687 488 1716 515 οὗ
1730 486 1774 527 φί-

1001 533 1055 562 λων
1075 532 1192 573 πάρεισι.
1210 532 1424 570 Μανθανέτωσαν
1442 532 1528 562 τοίνυν
1542 535 1627 562 ταῦτα
1645 534 1776 567 κάκεῖνοι,

1001 578 1045 608 ἵνα
1057 579 1103 608 καὶ
1116 578 1191 608 αὐτοὶ
1210 578 1282 619 φίλοι
1298 579 1435 619 γένωνται.
1449 574 1533 609 Εἶπον
1543 601 1551 616 ,
1565 578 1606 609 ὅτι
1619 581 1643 609 εἰ
1658 578 1776 615 ἤκουσαν

1003 626 1027 655 οἱ
1042 624 1166 654 Ἰουδαῖοι
1177 624 1212 653 τὰ
1226 624 1358 664 μέλλοντα
1371 623 1465 659 αὐτοὺς
1477 624 1676 665 καταλήψεσθαι
1689 624 1760 654 κακὰ
1768 645 1777 660 ,

1002 670 1048 700 καὶ
1069 671 1110 700 ὅτι
1134 670 1168 700 τὰ
1188 669 1363 710 Ἱεροσόλυμα
1376 669 1510 700 ἁλώσεται
1532 670 1576 700 διὰ
1598 670 1642 700 τὸν
1661 669 1777 711 Χριστὸν

1002 715 1050 752 τὴν
1073 715 1171 745 ἅλωσιν
1192 715 1292 752 ταύτην
1315 715 1363 751 τὴν
1379 715 1524 752 ἀθάνατον,
1545 716 1591 746 καὶ
1603 717 1650 746 οὐκ
1663 715 1778 755 ἔχουσαν

1003 761 1164 801 μεταὸολὴν,
1177 763 1200 791 εἰ
1214 761 1330 797 ἤκουσαν
1347 764 1465 802 φανερῶς
1478 761 1552 803 παρὰ
1564 764 1618 792 τῶν
1634 763 1778 802 προφητῶν

1002 811 1101 843 ταῦτα,
1124 808 1218 842 εὐθέως
1233 808 1265 838 ἂν
1284 808 1344 843 τοὺς
1366 812 1451 839 ταῦτα
1463 808 1588 848 λέγοντας
1606 808 1775 839 ἀπέκτειναν.

1002 853 1087 883 Πόθεν
1101 850 1145 883 οὖν
1159 858 1236 884 τοῦτο
1247 856 1342 893 δῆλον;
1356 857 1468 896 Πρῶτον
1482 856 1530 895 μὲν
1541 855 1595 886 ἀπὸ
1607 857 1661 885 τῶν
1672 855 1777 896 τρόπων

1003 900 1090 929 αὖτῶν
1100 912 1107 918 ·
1123 900 1230 939 μανικοὶ
1241 901 1293 941 γὰρ
1305 901 1350 935 καὶ
1362 902 1501 941 θηριώδεις
1513 897 1590 937 ἦσαν.
1604 901 1696 941 Δῆμός
1706 902 1778 931 ἐστιν

1003 945 1124 984 αἱμάτων
1146 945 1186 974 ἀεὶ
1209 947 1292 986 διψῶν
1321 949 1508 987 προφητικῶν,
1532 948 1560 977 αἱ
1582 951 1670 988 χεῖρες
1692 948 1778 976 αὐτῶν

1003 990 1168 1029 ἐμελέτησαν
1190 992 1218 1020 ἐν
1236 996 1294 1026 ταῖς
1316 997 1430 1033 σφαγαῖς
1460 996 1512 1023 τῶν
1537 993 1627 1033 ἁγίων.
1650 994 1745 1022 Ταῦτα
1764 995 1779 1022 ὁ

1006 1035 1088 1075 μέγας
1109 1035 1203 1070 εΗλίας·
1227 1038 1313 1066 αὐτῶν
1336 1038 1457 1078 καταὸοᾷ
1477 1038 1578 1078 λέγων·
1598 1037 1699 1079 Κύριε,
1718 1037 1779 1072 τοὺς

210 1084 271 1114 illos
284 1095 398 1126 magnus
417 1085 492 1115 Elias
505 1085 671 1115 vociferatur
691 1084 783 1115 dicens
796 1097 802 1114 :
815 1087 952 1124 Domine,
971 1085 991 1110 Ε
1005 1081 1142 1121 προφήτας
1156 1093 1201 1111 σου
1217 1081 1383 1119 ἆπὲκτῑῑναν,
1399 1083 1434 1112 τὰ
1454 1083 1631 1124 θυσιαστῆρῑά
1639 1092 1687 1114 *5⁰⁰
1699 1084 1778 1113 κατέ·

208 1133 364 1172 prophecas
387 1139 451 1161 tuos
473 1133 652 1168 occiderunt,
667 1132 777 1161 altaria
792 1138 843 1162 tua
856 1134 956 1163 dirue-

211 1184 290 1207 runt.
308 1177 432 1208 Christus
454 1178 570 1214 iterum,
584 1178 764 1214 Jerusalem,
776 1179 955 1213 Jerusalem,

211 1234 276 1262 quae
291 1224 403 1252 occidit>
416 1224 582 1262 prophetas,
596 1230 624 1253 et
647 1224 760 1263 lapidat
778 1234 837 1261 eos,
852 1227 904 1264 qui
917 1226 958 1254 ad

210 1271 303 1308 ipsam
319 1270 400 1298 missi
412 1275 491 1298 sunt.
510 1268 547 1298 Et
559 1268 642 1298 lsaias
654 1268 761 1298 eosdem
775 1279 901 1300 accusans
913 1270 957 1299 his

210 1325 353 1344 consonam
366 1324 459 1344 vocem
473 1313 579 1343 mittens
593 1314 631 1344 ait
643 1326 649 1343 :
661 1315 771 1344 Manus
785 1321 892 1344 vestroe
898 1315 957 1355 ple-

211 1371 255 1390 nae
276 1367 345 1393 sunt
356 1361 513 1398 sanguine.
538 1360 574 1390 Et
587 1370 683 1389 rursus
697 1359 823 1390 Christus
834 1362 957 1391 :Patres

210 1409 304 1437 ‘vestri
312 1407 480 1436 occiderunt
487 1407 714 1446 prophetas‚vos
723 1412 821 1436 autem
828 1409 957 1445 ipsorum

210 1453 363 1493 (edificatis
377 1458 585 1481 monumenta:
598 1452 715 1491 implete
730 1462 895 1482 mensuram
904 1465 958 1493 pa-

212 1507 289 1529 trum
310 1505 486 1528 vestrorum.
507 1497 594 1529 Vides
610 1505 639 1527 ut
655 1505 682 1527 ct
701 1498 834 1537 Dominus
847 1506 873 1529 et
887 1500 958 1530 servi

1006 1128 1121 1167 σκαψαν.
1139 1126 1174 1157 Ὁ
1194 1128 1309 1167 Χριστὸς
1327 1129 1425 1166 πάλιν,
1438 1129 1631 1169 Ἰερουσαλὴμ,
1645 1129 1779 1169 Ἰερουσα-

1006 1171 1072 1211 λὴμ,
1086 1174 1103 1208 ἡ
1118 1173 1297 1203 ἀποκτείνασα
1308 1174 1367 1208 τοὺς
1385 1175 1537 1215 προφήτας,
1549 1175 1594 1205 καὶ
1607 1175 1781 1205 λιθοὸολοῦσα

1006 1217 1065 1251 τοὺς
1090 1218 1303 1258 ἀπεσταλμένους
1329 1220 1395 1260 πρὸς
1427 1220 1521 1257 αὐτήν.
1549 1221 1603 1251 Καὶ
1627 1223 1642 1251 ὁ
1667 1221 1792 1258 ‘Boutae'

1007 1263 1111 1304 συνῳδὰ
1128 1264 1229 1298 τούτοις
1247 1266 1334 1295 αὐτῶν
1353 1268 1527 1307 κατηγορῶν,
1543 1267 1623 1296 {66²-
1642 1268 1676 1297 Αἱ
1694 1272 1782 1308 χεῖρες

1007 1310 1081 1348 ὑμῶν
1104 1309 1215 1349 αἵματος
1237 1310 1357 1350 πλήρεις.
1381 1312 1436 1342 Καὶ
1459 1312 1539 1342 πάλιν
1559 1314 1574 1342 ὁ
1593 1312 1722 1353 Χριστός·
1745 1315 1781 1343 Οἱ

1007 1354 1120 1395 πατέρες
1140 1356 1214 1394 ὑμῶν
1239 1356 1396 1386 ἀπέκτειναν
1417 1356 1478 1392 τοὺς
1498 1358 1650 1398 προφήτας,
1666 1360 1741 1398 ὑμεῖς
1754 1359 1782 1388 δὲ

1007 1401 1169 1440 οἰκοδομεῖτε
1189 1401 1222 1431 τὰ
1239 1402 1368 1441 μνήματα
1385 1404 1472 1433 αὐτῶν
1482 1416 1488 1422 ·
1510 1403 1671 1444 πληρώσατε
1684 1404 1716 1434 τὸ
1735 1403 1783 1443 με’-

1007 1457 1068 1486 τρον
1083 1449 1136 1476 τῶν
1149 1446 1272 1487 πατέρων
1287 1450 1374 1487 ὑμῶν,
1391 1448 1474 1489 Ὁρᾷς
1487 1451 1544 1483 πῶς
1555 1449 1600 1479 καὶ
1614 1451 1628 1479 ὁ
1645 1449 1783 1486 Δεσπότης

1008 1492 1053 1522 καὶ
1075 1494 1098 1522 οἳ
1120 1493 1207 1523 δοῦλοι
1229 1494 1380 1534 μιαιφονίαν
1406 1496 1491 1525 αὐτῶν
1512 1499 1688 1536 μαρτυροῦσις
1704 1496 1740 1526 Τί
1753 1495 1782 1525 δέ

210 1544 361 1575 homicidas
382 1544 445 1574 illos
465 1555 521 1574 esse
539 1543 685 1573 testentur?
701 1543 777 1581 Quid
797 1551 838 1574 est
856 1539 1083 1582 autem,‚7330¹‘²'¹·2
1105 1539 1274 1579 Πληρώσατε
1295 1540 1326 1570 τὸ
1349 1539 1444 1580 μέτρον
1468 1543 1521 1570 τῶν
1546 1541 1669 1581 πατέρων
1691 1543 1782 1581 ὓμῶνὸ

213 1593 338 1633 Implete
366 1602 533 1622 mensuram
557 1598 676 1631 patrum
699 1595 884 1622 vestrorum?
911 1595 958 1623 Me
975 1589 995 1612 Α
1010 1581 1208 1618 Ἀποκτείνατε,
1228 1583 1293 1623 φησὶ
1305 1607 1313 1620 ‚
1335 1584 1419 1624 κάμέ·
1438 1585 1568 1626 πρόσθετε
1585 1589 1640 1619 τοῖς
1654 1586 1783 1620 δουλικοῖς

214 1637 550 1679 quoque‚inq11it‚occidite
559 1651 565 1667 z
575 1637 683 1678 adjicite
693 1648 832 1668 servorum
841 1638 959 1668 caedibus

212 1695 304 1715 necem
324 1684 446 1714 Domini.
463 1684 540 1714 Licet
561 1684 634 1714 enim
653 1684 729 1713 mille
749 1683 896 1714 occiderint
909 1685 958 1715 ho-

211 1731 308 1768 mines,
323 1737 350 1759 at
363 1740 508 1760 conservos
520 1740 612 1759 omnes
625 1742 631 1759 :
645 1740 709 1759 cum
721 1740 785 1760 vero
799 1737 890 1759 contra
903 1731 959 1760 Do-

212 1777 317 1806 minum
331 1787 426 1805 manus
439 1775 627 1813 extenderunt,
636 1782 701 1805 tunc
712 1775 821 1815 impleta
835 1786 959 1807 mensura

213 1829 252 1851 est
264 1835 270 1851 :
284 1829 310 1851 ct
322 1821 427 1851 merito.
445 1821 583 1859 Quamdiu
598 1821 669 1850 enim
683 1822 833 1851 Dominum
846 1832 899 1851 nou
910 1833 959 1852 oo-

214 1868 348 1903 ciderunt,
363 1878 438 1907 spem
452 1867 546 1897 salutis
558 1867 723 1904 habuerunt,
733 1874 759 1897 et
772 1874 801 1896 ut
814 1867 960 1899 adveniens

217 1924 303 1954 agnus
319 1914 369 1944 Dei
384 1919 490 1953 peccata
513 1912 608 1942 mundi
622 1913 738 1949 tolleret,
753 1921 957 1953 exspectarunt:

215 1967 357 2000 postquam
367 1965 455 1987 autem
466 1958 602 1988 medicum
612 1959 812 1994 interfecerunt,
822 1967 848 1989 et
857 1961 885 1989 in
896 1972 958 2001 pro-

215 2005 383 2046 pitiatorium
402 2006 492 2045 ipsum
513 2005 699 2035 contumeliosi
712 2006 831 2043 fuerunt,
844 2018 960 2047 eumque

215 2052 263 2091 qui
276 2058 394 2087 venerat,
409 2058 439 2080 ut
453 2057 558 2091 peccata
578 2050 741 2088 dimitteret,
756 2053 870 2082 aversati
884 2061 958 2090 sunt,

1010 1627 1105 1667 αἵμασι
1131 1628 1180 1664 τὴν
1212 1629 1371 1666 δεσποτικὴν
1396 1630 1511 1671 σφαγήν.
1538 1632 1574 1661 Εἰ
1599 1631 1650 1672 γὰρ
1675 1631 1783 1672 μυρίους

1009 1673 1123 1713 ἔσφαξαν
1135 1674 1287 1714 ἀνθρώπους
1295 1697 1303 1711 ,
1314 1675 1384 1705 ἀλλὰ
1400 1676 1556 1710 συνδούλους
1569 1676 1672 1711 πάντας
1680 1689 1687 1696 ·
1698 1677 1742 1707 ὅτε
1755 1677 1783 1708 δὲ

1010 1718 1079 1748 κατὰ
1090 1722 1136 1749 τοῦ
1147 1720 1284 1750 Δεσπότου
1297 1721 1345 1755 τὰς
1364 1726 1456 1762 χεῖρας
1474 1721 1614 1762 ἐξέτειναν,
1628 1722 1688 1752 τότε
1699 1723 1783 1759 ἔπλη-

1012 1764 1082 1805 ρώθη
1097 1765 1127 1794 τὸ
1141 1765 1236 1806 μέτρον
1245 1778 1252 1785 ·
1264 1766 1309 1796 καὶ
1322 1767 1438 1801 εἰκότως.
1453 1767 1525 1802 Ἕως
1537 1768 1584 1808 μὲν
1595 1768 1646 1808 γὰρ
1658 1770 1706 1798 οὔκ
1719 1768 1784 1798 ἀπέ-

1010 1822 1115 1840 κτειναν
1134 1811 1179 1840 τὸν
1200 1812 1339 1848 Δεσπότην
1351 1835 1359 1850 ,
1381 1808 1452 1854 εἶχον
1471 1813 1566 1843 ἐλπίδα
1579 1814 1726 1855 σωτηρίας,
1738 1814 1784 1844 καὶ

1010 1856 1177 1896 προσεδόκων
1200 1857 1241 1887 ὅτι
1261 1860 1275 1887 ὁ
1295 1858 1376 1898 ἀμνὸς
1396 1861 1443 1888 τοῦ
1465 1860 1536 1889 Θεοῦ
1555 1859 1637 1889 ἐλθὼν
1657 1861 1715 1899 ἀρεῖ
1734 1859 1783 1896 τὴν

1011 1902 1144 1942 ἁμαρτίαν
1157 1906 1203 1932 τοῦ
1224 1903 1323 1943 κόσμου
1333 1916 1340 1923 ·
1360 1904 1451 1941 ἐπειδὴ
1472 1904 1504 1935 δὲχ
1520 1905 1564 1935 τὸν
1580 1906 1669 1946 ἰατρὸν
1687 1907 1784 1946 διέχει·

1013 1948 1127 1988 ρίσαντο,
1144 1948 1189 1978 καὶ
1203 1951 1240 1982 εἷς
1254 1950 1317 1979 αὐτὸ
1334 1950 1365 1979 τὸ
1378 1949 1531 1990 ἱλαστήριον
1543 1950 1664 1991 ὕὸρισαν,
1678 1951 1724 1981 καὶ
1738 1951 1782 1981 τὸν

1011 1995 1120 2025 ἐλθόντα
1133 1996 1238 2035 ἀφεῖναι
1252 1995 1286 2024 τὰ
1297 1995 1480 2036 ἁμαρτήματα
1493 1996 1716 2038 ἀπεστράφησαν,
1727 1997 1783 2027 πά-

1012 2053 1061 2077 σης
1072 2039 1164 2070 λοιπὸν
1177 2041 1281 2075 ἐλπίδος
1295 2039 1427 2075 ἐξέπεσον.
1441 2042 1494 2072 Διὰ
1510 2045 1587 2073 τοῦτο
1604 2043 1689 2084 λέγει·
1701 2045 1782 2081 Πλη-

215 2097 289 2127 omni
309 2108 355 2137 spc
376 2096 501 2136 deinceps
521 2096 690 2126 exciderunt.
705 2099 847 2137 Propterea
869 2099 958 2130 dicit:
977 2095 995 2118 B
1013 2086 1114 2127 Ρώσατε
1131 2085 1161 2116 τὸ
1183 2085 1277 2127 μέτρον
1298 2089 1351 2116 τῶν
1369 2087 1491 2128 πατέρων
1505 2089 1590 2127 5⁹⁴³*-
1605 2089 1673 2125 Ναὶ»
1687 2089 1782 2130 φησίν·

216 2144 339 2183 Implete
353 2153 517 2172 mensuram
534 2149 653 2182 patrum
672 2149 847 2174 vestrorum.
865 2146 957 2183 Certe,

216 2190 305 2228 inquit
316 2202 322 2218 ι
334 2196 360 2219 et
367 2189 460 2218 multis
471 2188 579 2228 quidem
591 2195 727 2218 ostensum
739 2197 778 2219 est
786 2191 956 2230 testimoniis,

215 2235 364 2275 homicidas
376 2235 439 2269 illos
454 2246 484 2267 ac
497 2234 612 2264 nefarios
626 2234 707 2265 fuisse
719 2247 726 2264 :
736 2235 807 2265 unde
821 2247 885 2267 vero
897 2248 961 2267 con-

216 2288 267 2311 stat
280 2281 342 2312 illos
359 2280 498 2322 prophetis
511 2280 622 2310 minime
639 2282 800 2321 parcituros,
814 2283 960 2313 si'Jeroso·

216 2327 289 2368 lyma
299 2338 423 2359 eversum
431 2327 466 2357 iri
475 2325 680 2364 audivissent,et
689 2335 849 2358 cessaturam
861 2329 958 2369 legem,

216 2385 246 2403 ac
271 2374 327 2404 sore
349 2381 379 2403 ut
401 2374 488 2404 Vetus
512 2373 711 2403 Testamentum
738 2374 913 2404 immutetur?
927 2375 958 2405 1d

215 2418 326 2458 quidem
339 2418 428 2455 exiis,
444 2429 503 2458 quae
515 2417 587 2448 dicta
601 2425 674 2455 sunt,
689 2419 806 2449 maxime
825 2428 935 2460 apparet
948 2433 955 2451 ι

214 2472 397 2494 verumtamen
421 2474 455 2493 ex
484 2463 549 2503 ipsis
575 2463 724 2504 Scripturis
749 2465 957 2496 manifestiorem

1012 2133 1071 2162 ἀλλ’
1083 2133 1123 2162 ὅτι
1137 2132 1185 2172 μὲν
1206 2132 1339 2173 μιαιφόνοι
1361 2133 1406 2163 καὶ
1425 2134 1539 2173 ἐναγεῖς,
1553 2134 1738 2165 ἀποδέδεικται
1752 2136 1783 2165 ἐκ

1012 2179 1117 2208 πολλῶν
1132 2181 1298 2219 μαρτυριῶν·
1317 2178 1396 2209 πόθεν
1410 2178 1437 2208 δὲ
1457 2180 1552 2216 δῆλον,
1565 2180 1606 2210 ὅτι
1617 2183 1669 2211 τῶν
1683 2193 1784 2222 προφη-

1012 2227 1064 2255 τῶν
1076 2227 1124 2255 οὐκ
1135 2225 1167 2255 ἂν
1178 2225 1329 2265 ἐφείσαντο,
1343 2227 1366 2255 εἰ
1377 2226 1494 2262 ἤκουσαν
1512 2226 1552 2256 ὅτι
1566 2227 1600 2256 τὰ
1610 2226 1783 2268 Ἱεροσόλυμα

1011 2271 1275 2313 καταστραφήσεται,
1298 2271 1339 2301 ὅτι
1361 2275 1375 2302 ὁ
1397 2271 1475 2311 νόμος
1498 2272 1681 2310 παυθήσεται,
1702 2274 1743 2303 ὅτι
1765 2277 1782 2310 ἡ

1010 2317 1119 2346 Παλαιὰ
1138 2314 1330 2358 ἀλλαγήσεται;
1346 2317 1472 2347 Μάλιστα
1492 2318 1541 2357 μὲν
1554 2318 1599 2348 καὶ
1620 2320 1651 2349 ἐκ
1670 2322 1723 2349 τῶν
1743 2321 1783 2349 εἰ·

1012 2367 1131 2406 ρημένων
1140 2368 1218 2404 δῆλον
1225 2379 1231 2386 ·
1241 2367 1311 2404 πλὴν
1317 2368 1376 2396 ἀλλ’
1386 2366 1414 2401 ἐξ
1424 2368 1510 2397 αὖτῶν
1517 2368 1569 2397 τῶν
1579 2368 1692 2408 Γραφῶν
1703 2367 1783 2398 πάλιν

1009 2417 1157 2456 ποιήσομαι
1176 2416 1225 2454 τὴν
1247 2417 1377 2453 ἀπόδειξιν
1399 2417 1572 2461 σαφεστέραν.
1592 2418 1628 2448 Εἰ
1645 2417 1697 2458 γάρ
1718 2429 1783 2448 ποτε

1009 2467 1125 2503 ἤκουσαν
1140 2469 1274 2509 προφήτου
1288 2468 1424 2509 λέγοντος,
1440 2469 1481 2499 ὅτι
1498 2468 1532 2498 τὰ
1545 2468 1717 2509 Ἱεροσόλυμα
1732 2481 1781 2499 κα-

247 2542 261 2561 b
278 2542 335 2566 Mss.
354 2546 468 2575 κατέχεον.
486 2541 549 2566 Eam
566 2549 642 2574 quam
658 2540 699 2567 hic
715 2541 790 2568 affert
803 2552 914 2575 causam,
929 2553 974 2570 cur
983 2545 1122 2579 prophetiae
1133 2545 1245 2573 obscurae
1255 2552 1344 2579 essent,
1355 2547 1407 2580 jam
1419 2555 1494 2580 supra
1506 2545 1599 2572 attulit.
