1904 2840
224 206 293 252 744

818 213 902 236 OBUS
928 212 1028 236 IMPER
1032 211 1165 237 FECTUM

221 277 403 318 experimento
416 275 570 313 exterritus,
590 275 718 305 noluisset
730 274 755 304 ei
768 274 887 314 accipere
901 285 961 304 con·
980 277 1000 301 Δ
1016 274 1072 314 ipse
1096 284 1156 313 quae
1179 273 1258 304 debet
1281 274 1425 315 contigere,
1449 281 1477 305 et
1501 276 1756 320 quae-pertransire.

219 328 312 356 jugem
331 327 366 346 ex
378 316 488 346 filiabus
502 315 726 351 Chananaeorum,
741 313 790 343 sed
807 313 963 344 dedisset-ei

223 357 341 386 Thamar
353 367 388 385 ex
398 356 506 385 filiabus
519 357 610 392 Aram,
625 361 709 384 mater
722 360 810 399 autem
820 354 887 394 ejus,
901 364 963 383 cum

223 403 290 425 esset
304 396 464 432 Chananaea,
479 396 631 424 hortaretur
649 403 707 423 eam
730 403 848 433 accipere
865 404 899 422 ex
916 404 962 438 ge-

224 446 287 464 nere
301 446 349 465 suo
365 447 372 463 ε
388 436 436 464 ille
449 434 562 465 consilio
582 434 674 464 matris
694 444 771 470 usus,
786 443 839 466 non
852 433 964 472 contigit

224 486 294 510 eam,
316 482 426 515 propter
450 474 524 514 quod
547 482 573 504 et
596 473 728 514 percussit
749 483 810 502 eum
832 472 964 502 Dominus

225 515 426 559 malignantem.
455 515 532 544 Alter
555 521 643 544 autem
667 513 751 547 filius,
774 511 866 556 audito
891 511 966 550 quod

226 555 301 583 fratri
308 565 357 583 sno
368 565 457 584 semen
466 555 553 583 fuerat
562 554 732 588 suscitatura,
740 562 793 581 non
801 552 864 587 sibi,
876 561 964 580 sennen

226 605 307 623 suum
319 594 416 623 effudit
425 594 452 623 in
464 601 572 629 terram,
588 600 697 634 propter
710 591 784 631 quod
797 599 823 620 et
835 591 892 631 ipse
905 601 965 635 per-

227 644 321 663 cussus
343 641 390 663 est.
404 634 440 663 Et
459 634 498 663 sic
521 634 619 663 factum
632 639 681 667 est,
698 639 728 661 ut
748 632 866 661 Thamar
888 641 966 670 virgo

226 681 354 703 maneret.
368 675 431 703 Haec
443 680 532 703 autem
546 673 582 702 ita
601 672 636 702 de
659 672 724 701 filiis
745 671 801 700 suis
816 677 887 710 gesta
904 680 967 699 cum

226 713 345 742 nesciens
367 713 453 743 Judas
475 713 522 742 diu
548 713 748 747 lamentaretur,
770 717 795 740 et
816 711 965 750 plangeret,

227 753 357 792 poenitens
377 752 440 792 quia
457 751 603 782 nefandum
620 750 797 792 opprobrium
815 760 877 779 cum
896 760 967 778 nuru

228 803 286 827 sua,
299 799 329 821 ut
343 793 457 832 putavit,
471 792 574 822 fecisset
587 792 615 821 in
628 791 721 827 lsrael,
736 797 762 820 et
779 790 827 819 diu
846 799 967 834 precare·

228 839 273 861 tur
282 834 381 867 Deum,
393 842 440 862 nec
451 832 541 861 luctus
550 832 593 860 sui
604 831 748 861 terminum
762 830 869 866 faceret,
884 828 968 873 adsti-

227 872 261 901 tit
281 872 306 901 ei
320 872 431 911 angelus
447 871 564 907 Domini,
576 878 602 900 et
622 872 679 900 haec
692 870 781 899 omnia
794 869 919 909 exposuit
931 879 966 904 ει,

206 942 213 947 ,
228 912 298 941 sicut
310 912 415 941 fuerant
428 918 509 950 gesta,
524 919 550 940 et
563 911 714 940 consolatus
735 916 774 939 est
795 920 869 938 eum.
884 904 970 938 Judas

229 958 317 980 autem
327 957 405 981 tantae
415 952 466 981 suit
479 950 628 990 religionis,
640 956 707 979 utet
720 956 860 989 postquam
872 958 970 988 cogno-

229 992 269 1021 vit
282 1001 334 1020 non
348 1002 406 1020 eam
419 991 501 1020 fuisse
515 1001 625 1020 uxorem
649 989 768 1019 filiorum
781 999 904 1032 suorum,
917 998 970 1017 non

229 1031 391 1070 acquieverit
402 1031 426 1060 ei
437 1030 653 1070 appropinquare
667 1042 674 1058 :
687 1028 814 1068 quoniam
825 1034 873 1056 etsi
884 1037 971 1068 quan-

230 1077 288 1100 tum
298 1070 332 1100 ad
345 1072 431 1100 Deum
444 1070 501 1110 ipsa
513 1080 565 1099 non
577 1076 634 1099 erat
645 1075 830 1103 nurus‚tamen
842 1074 972 1106 quantum

231 1110 266 1139 ad
279 1110 414 1139 scientiam
421 1110 561 1139 hominum
576 1120 661 1138 nurus
675 1108 829 1138 videbatur.
845 1106 974 1137 Provide-

231 1150 277 1178 bat
298 1149 368 1178 enim
393 1150 505 1185 bonum,
530 1159 582 1178 non
605 1155 709 1178 tantum
732 1157 822 1177 coram
841 1148 909 1184 Deo,
925 1146 972 1176 sed

180 1201 222 1218 xiv
232 1190 312 1218 etiam
325 1199 414 1218 coram
435 1188 601 1217 hominibus.
617 1189 730 1217 Phar-es
753 1193 851 1215 autem
873 1187 972 1226 genuit

80 1903 163 1933 Ephes.
173 1902 195 1926 6.

84 1941 91 1955 ι
96 1934 118 1956 6.

74 2379 141 2402 Esai.
148 2379 185 2410 49.
191 2387 212 2403 2-

232 1230 348 1257 Esrom.
365 1228 499 1264 Quoniam
513 1227 622 1266 quidem
636 1237 715 1256 causa
728 1233 754 1255 et
767 1226 868 1255 ratione
898 1226 971 1255 rovi-

231 1267 374 1305 deutiaque
388 1267 437 1296 Dei
451 1267 536 1306 posita
548 1273 611 1295 sunt
625 1267 681 1295 haec
694 1266 812 1300 nomina,
823 1275 852 1294 cr
889 1265 970 1301 imus,

231 1307 348 1336 maxime
356 1317 418 1335 cum
426 1313 510 1335 essent
517 1306 545 1334 hi
553 1306 687 1345 principes
698 1305 803 1350 generis
813 1304 970 1349 electorum}

232 1357 285 1385 qua
297 1352 385 1375 autem
403 1355 482 1374 causa
503 1352 529 1374 et
541 1345 642 1374 ratione
655 1350 741 1384 posita
753 1350 826 1378 sunt,
844 1353 906 1387 vere
918 1353 972 1382 ipsi

233 1386 361 1421 scierunt,
373 1385 421 1423 qui
434 1391 592 1424 posuerunt,
601 1391 628 1413 et
639 1385 723 1418 Deus,
737 1383 815 1422 cujus
826 1381 972 1422 provrden-

233 1425 268 1454 tia
277 1425 456 1464 ponebantur.
461 1425 484 1453 N
489 1434 518 1453 os
524 1434 587 1453 vero
594 1422 668 1462 quod
675 1422 823 1467 intelligere
829 1431 972 1461 possumus

232 1465 260 1493 in
283 1463 436 1493 nominibus
455 1463 532 1502 ipsis,
547 1463 598 1492 hoc
611 1462 759 1508 loquimur,
781 1461 898 1490 maxime
909 1471 972 1490 cum
989 1474 1007 1498 C

232 1504 335 1532 nullam
355 1503 515 1542 scripturam
535 1512 689 1531 canonicam
714 1500 748 1530 de
771 1500 829 1530 istis
851 1500 972 1540 personis

232 1543 386 1572 habeamus.
402 1543 499 1571 Esrom
512 1542 595 1577 enim,
608 1543 676 1570 sicut
687 1540 862 1570 Hebraeorum
870 1550 970 1569 sermo-

232 1592 297 1612 num
311 1582 450 1612 nominum
463 1581 620 1620 interpretes
640 1580 745 1616 dicunt,
770 1580 969 1624 interpretatur,

228 1623 351 1662 jaculum
364 1621 467 1651 videns.
476 1620 570 1651 Jacula
580 1627 670 1649 autem
680 1626 742 1648 sunt
753 1619 868 1656 inimici,
880 1628 971 1648 omnes

231 1662 367 1701 passiones
393 1660 513 1690 carnales
523 1683 531 1697 ,
558 1670 624 1698 quas
653 1659 812 1703 intrinsecus
844 1658 970 1687 diabolus

228 1702 366 1741 jaculatur
378 1702 406 1730 in
424 1700 552 1736 animam,
567 1706 593 1728 et
606 1709 696 1728 omnes
708 1705 864 1728 tentationes
877 1697 970 1727 adver-

231 1741 351 1779 sitatum,
376 1750 435 1779 quae
481 1739 632 1769 rovenerint
657 1737 784 1769 fidelibus
806 1738 970 1781 extrinsecus

228 1780 364 1820 jaculante
377 1779 457 1809 diabo
469 1790 496 1808 o.
511 1781 612 1809 Omnes
626 1777 723 1807 deinde
737 1778 857 1806 homines
869 1777 968 1815 iniqui,

232 1831 298 1858 quos
311 1820 354 1850 vel
366 1827 456 1849 contra
470 1819 620 1855 veritatem,
638 1817 667 1846 id
680 1824 719 1847 est
731 1817 779 1846 Dei
793 1816 968 1853 voluntatem,

231 1860 275 1888 vel
289 1867 379 1889 contra
393 1869 484 1888 servos
494 1859 553 1898 ejus
563 1857 660 1886 excitat
670 1856 805 1893 inimicus,
812 1856 902 1895 jacula
913 1857 970 1895 ejus

231 1906 303 1936 sunt,
315 1899 350 1928 de
362 1899 462 1937 quibus
483 1897 608 1927 omuibus
629 1896 696 1925 dicit
715 1896 852 1935 apostolus
868 1907 874 1923 :
888 1896 972 1924 Ante

231 1940 330 1968 omnia
341 1940 514 1977 accipientes
526 1942 644 1975 scutum⁴
645 1936 729 1974 fidei,
743 1937 774 1963 in
789 1946 846 1975 qno
855 1937 970 1979 possitis

230 1981 330 2007 omnia
356 1978 451 2007 'acula
470 1977 595 2016 maligni
610 1977 696 2015 ignea
711 1976 900 2014 exstinguere.
913 1976 970 2011 Qui

229 2027 293 2056 ergo
306 1990 400 2046 videns
419 2023 458 2045 est
468 2015 601 2055 jaculum,
617 2014 734 2054 vigilans
749 2021 788 2043 est
801 2021 892 2043 contra
911 2024 970 2043 ver-

229 2057 313 2086 sutias
328 2055 441 2091 inimici,
454 2062 479 2084 et
493 2055 527 2084 de
545 2055 623 2094 longe
641 2054 771 2093 prospicit
790 2054 880 2093 jacula
900 2053 968 2092 ejus,
985 2055 1006 2078 D

229 2103 255 2125 et
277 2102 363 2133 cavet,
384 2102 431 2124 aut
450 2101 525 2123 scuto
547 2094 611 2123 fidei
633 2100 754 2132 suscepto
778 2098 912 2131 retorquet
933 2093 968 2122 ad

227 2136 384 2164 Dominum.
396 2134 465 2165 Vult
477 2144 541 2173 ergo
553 2133 685 2162 Dominus
698 2142 788 2161 omnes
801 2142 892 2162 servos
905 2142 967 2162 suos

226 2175 348 2204 videntes
361 2184 417 2203 esse
427 2173 517 2212 jacula
530 2183 612 2212 super
623 2183 650 2201 se
662 2171 804 2201 venientia.
812 2172 867 2209 Qui
878 2178 967 2201 autem

226 2224 280 2243 non
293 2214 368 2245 videt
384 2224 415 2243 ea
435 2223 517 2251 super
530 2223 558 2241 se
571 2212 716 2247 venientia,
728 2212 863 2250 quomodo
876 2221 906 2240 ea
920 2210 966 2240 de-

226 2254 327 2283 clinet?
336 2255 424 2283 Potest
431 2259 455 2281 et
467 2252 544 2280 aliter
555 2252 636 2280 homo
644 2251 734 2290 justus
742 2251 862 2289 jaculum
871 2250 965 2280 videns

225 2293 352 2332 intelligi,
369 2300 398 2322 ut
411 2292 446 2321 sit
459 2292 516 2330 ipse
525 2291 647 2330 jaculum
662 2290 755 2319 videns
775 2289 887 2325 Christi,
902 2300 964 2319 cum

225 2339 252 2361 et
264 2334 321 2372 ipse
334 2332 459 2362 Christus
470 2330 577 2360 dicatur
584 2329 705 2371 jaculum
717 2329 815 2365 Patris,
828 2329 907 2358 Esaia
920 2329 963 2358 di-

225 2379 299 2401 cente
311 2384 318 2401 :
332 2372 391 2410 Qui
410 2372 506 2410 posuit
528 2381 573 2399 me
591 2371 664 2399 sicut
686 2371 822 2408 sagittam
841 2369 963 2398 electam

224 2413 256 2440 in
265 2413 403 2451 pharetra
415 2421 478 2440 sua.
491 2411 620 2454 lsteergo
631 2410 674 2439 vir
685 2408 786 2444 fidelis,
802 2414 828 2437 et
837 2408 960 2447 jaculum

223 2451 336 2487 Christi,
352 2458 378 2480 et
390 2451 488 2479 missus
500 2460 515 2478 a
529 2449 637 2479 Christo
650 2461 657 2477 z
670 2454 695 2476 et
705 2447 826 2491 jaculum
842 2454 892 2482 est,
908 2457 960 2476 non

223 2490 418 2526 irrationabile,
433 2489 480 2518 sed
495 2487 650 2518 rationabile
665 2498 671 2515 :
686 2494 712 2516 et
730 2485 835 2523 videns,
852 2493 882 2515 ut
896 2487 961 2516 sciat

1016 315 1119 343 Est-om
1134 321 1230 343 autem
1240 316 1341 351 genuit
1352 314 1459 344 Aram.
1475 312 1557 344 Aram
1570 322 1759 355 interpretatur

1016 354 1085 382 visio
1107 363 1211 390 eorum,
1224 354 1269 382 vel
1291 353 1404 383 irritatio
1418 365 1522 391 eorum,
1536 354 1580 384 vel
1594 355 1690 391 elatus,
1713 363 1760 386 aut

1017 392 1067 421 lux
1090 402 1193 421 eorum.
1215 393 1292 422 Sicut
1313 393 1454 423 nominum
1469 394 1583 423 istorum
1599 394 1760 434 significatio

1017 431 1063 460 dat
1085 431 1234 471 intelligere
1248 443 1254 460 :
1268 433 1369 462 aesumo
1390 433 1466 471 quod
1485 433 1513 462 in
1537 439 1657 474 tempore
1681 434 1760 464 istius

1019 473 1101 500 Aram
1112 494 1119 507 ,
1135 471 1184 500 filii
1198 472 1280 501 Israel
1293 471 1320 500 in
1335 472 1388 511 AEg
1409 479 1454 512 pto
1475 471 1556 502 valde
1580 480 1655 502 erant
1668 474 1760 504 multi-

1022 510 1113 550 plicati
1136 518 1162 540 et
1182 511 1256 547 elati,
1276 518 1301 540 et
1326 512 1385 540 refu
1398 519 1498 551 gentes.
1514 512 1550 541 Et
1570 512 1761 552 multiplicatio

1022 561 1115 579 eorum
1129 550 1250 580 zelabilis
1263 551 1329 580 sacta
1346 558 1402 580 erat
1415 552 1442 581 in
1460 551 1545 581 oculis
1558 551 1760 592 AEgypfimvm,

1022 596 1049 618 et
1062 589 1175 619 irritatio
1187 597 1244 619 erat
1261 590 1328 620 facta
1341 590 1475 630 ipsorum,
1487 590 1633 620 secundum
1646 591 1720 631 quod
1733 592 1761 622 in

1024 628 1121 658 Exodo
1135 629 1265 669 scriptum
1274 637 1330 659 est:
1344 631 1423 660 Ecce
1432 641 1520 671 genus
1521 631 1656 670 filiorum
1667 632 1849 662 lsraelrxoa.
1856 643 1876 660 ι.
1887 643 1903 667 9

1023 669 1250 708 multiplicatum
1267 677 1404 708 estsuper
1417 681 1469 700 nos
1476 682 1491 708 ,⁸
1504 672 1601 700 venite
1612 681 1691 711 ergo,
1705 674 1761 701 cir-

1024 710 1241 738 cumveniamus
1254 719 1313 739 eos.
1335 710 1370 739 Et
1391 710 1418 739 in
1437 717 1557 749 tempore
1573 711 1632 750 ejus
1651 711 1763 741 forsitan

1023 755 1155 786 gementes
1167 758 1211 777 eos
1223 749 1273 778 sub
1285 749 1455 790 depressione
1466 749 1656 789 AEgyptiorum
1668 751 1762 780 Domi-

1775 675 1810 691 10.

1023 797 1075 816 nus
1089 787 1167 824 vidit,
1181 787 1250 817 sicut
1262 789 1392 830 scriptum
1406 796 1463 819 est:
1477 790 1507 818 V
1503 790 1586 819 ideas
1601 790 1668 819 vidi
1684 790 1764 831 affli-
1773 798 1850 820 Exuet.
1861 797 1901 828 3.7

1025 829 1151 856 ctionem
1161 829 1264 873 populi
1277 831 1343 866 mei,
1379 831 1410 858 ui
1422 835 1465 858 est
1479 830 1511 857 in
1521 830 1663 869 AEgypto‚
1676 836 1704 858 et
1716 840 1763 870 ge·

1026 867 1128 896 mitum
1138 877 1200 906 eJus
1214 869 1325 898 audivi.
1338 868 1351 898 l
1374 868 1444 897 circo
1458 869 1605 898 secundum
1619 869 1764 909 providen-

1025 905 1091 935 tiam
1103 907 1153 936 Dei
1177 907 1230 936 tale
1249 918 1344 937 nomen
1365 908 1389 937 ei
1410 908 1566 976 impositum
1580 915 1630 945 est,
1644 909 1688 939 vel
1701 909 1769 948 quia·
1813 948 1819 951 ἡ

1457 958 1472 976 e
1497 955 1658 986 crescentes,
1685 955 1765 988 atque

1027 945 1200 975 irritaverunt
1223 947 1365 988 AEgyptios
1391 948 1436 977 val

1027 985 1090 1014 elati
1101 997 1110 1023 ;
1124 985 1168 1015 vel
1182 986 1246 1024 quia
1268 987 1339 1017 vidit
1353 997 1398 1016 eos
1419 987 1552 1017 Dominus
1564 988 1765 1027 ingemiscentes

1026 1032 1053 1054 et
1060 1025 1220 1055 laborantes.
1229 1027 1264 1056 Et
1271 1037 1305 1056 ex
1313 1026 1525 1056 consideratione
1535 1027 1662 1073 temporis
1678 1028 1763 1067 ipsius

1027 1064 1165 1095 credibilis
1179 1076 1222 1095 res
1236 1073 1284 1095 est.
1298 1068 1368 1096 Nam
1376 1066 1468 1097 -n-ibus
1481 1066 1568 1097 modis
1580 1077 1764 1097 circumvene-

1027 1110 1091 1133 runt
1103 1104 1175 1134 filios
1190 1105 1271 1134 lsrael!
1287 1118 1293 1135 ε
1308 1106 1427 1146 primum
1449 1107 1478 1136 in
1497 1117 1577 1147 opere
1590 1107 1652 1143 luti,
1667 1107 1765 1137 deinde

1027 1154 1076 1183 per
1089 1144 1252 1180 obstetrices,
1270 1146 1348 1175 tertia
1367 1146 1427 1175 vice
1438 1154 1478 1176 *ut
1497 1146 1633 1187 expositos
1650 1147 1765 1177 facerent

1028 1183 1141 1213 infantes
1162 1195 1235 1220 suos,
1249 1185 1276 1214 in
1286 1196 1351 1224 quo
1366 1192 1420 1215 tem
1440 1197 1486 1216 ore
1505 1193 1583 1215 natus
1603 1193 1643 1216 est
1663 1189 1764 1216 Moses.

1027 1223 1150 1262 Denique
1160 1224 1217 1264 ipse
1230 1226 1311 1254 Aram
1326 1197 1475 1255 Aminagab
1488 1226 1572 1255 filiam
1586 1226 1688 1266 accepit
1699 1236 1766 1256 uxo—

1028 1272 1094 1298 rem,
1103 1273 1220 1292 sororem
1230 1265 1346 1294 Naason.
1357 1266 1430 1294 Inter
1440 1265 1693 1296 circumventionem
1702 1276 1767 1306 ergo

1028 1311 1120 1338 unam,
1144 1309 1170 1331 et
1191 1303 1261 1332 inter
1281 1304 1534 1335 circumventionem
1557 1305 1668 1334 alteram
1681 1309 1692 1322 ¹
1712 1315 1766 1335 non

1029 1340 1081 1368 nisi
1106 1347 1136 1369 ut
1153 1341 1257 1380 aliquot
1275 1344 1402 1372 transacti
1420 1345 1474 1374 sint
1493 1345 1566 1374 anni.
1580 1345 1617 1374 Et
1629 1345 1665 1374 ita
1679 1345 1721 1382 fit,
1736 1352 1767 1375 ut

1028 1386 1098 1408 recte
1124 1381 1203 1409 multi
1224 1381 1314 1411 licatio
1341 1383 1459 1412 filiorum
1484 1383 1567 1413 Israe'l
1593 1384 1621 1413 in
1647 1391 1766 1424 tempore

1029 1420 1110 1448 Aram
1121 1392 1240 1449 zelabilis
1253 1421 1317 1450 facta
1331 1422 1413 1451 fuisse
1425 1423 1601 1462 intelligatur,
1616 1430 1642 1453 et
1655 1424 1766 1454 afflictio

1028 1458 1052 1486 ei
1066 1461 1262 1498 supervenisse,
1278 1467 1304 1490 et
1317 1461 1367 1490 Dei
1382 1462 1498 1491 visitatio
1511 1473 1574 1491 eum
1587 1464 1764 1503 perspexisse.

1028 1498 1221 1528 Convenienter
1250 1507 1339 1529 autem
1368 1503 1450 1531 Aram
1459 1524 1467 1539 ,
1495 1502 1543 1541 qui
1569 1509 1626 1531 erat
1651 1503 1766 1533 irritatio

1028 1536 1230 1577 AEgyptiorum,
1237 1539 1282 1569 vel
1290 1540 1407 1570 visitatio
1418 1541 1598 1581 ipsorum,vel
1605 1543 1654 1571 lux
1661 1552 1765 1578 eorum,

1028 1578 1119 1615 genuit
1137 1577 1226 1607 filium
1247 1579 1409 1616 Aminadab,
1431 1581 1478 1619 qui
1500 1581 1570 1610 inter
1589 1588 1698 1618 retatur,
1720 1582 1765 1612 vel

1027 1626 1090 1654 gens
1112 1615 1272 1654 desiderata,
1288 1618 1331 1648 vel
1352 1620 1447 1659 populi
1462 1620 1515 1649 mei
1538 1631 1573 1650 vo
1586 1621 1695 1651 untarii.
1710 1622 1766 1651 Nec

1026 1655 1098 1684 enim
1109 1656 1176 1686 sacta
1189 1656 1282 1686 suisset
1293 1668 1374 1698 super
1386 1669 1432 1688 eos
1441 1659 1558 1689 visitatio
1568 1660 1629 1697 Dei,
1640 1661 1692 1690 nisi
1702 1671 1766 1700 gens

1025 1694 1173 1725 desiderata
1185 1696 1288 1732 fuisset,
1303 1704 1326 1727 et
1342 1698 1460 1738 populus
1479 1699 1658 1729 voluntarius.
1673 1701 1767 1740 Neque

1026 1734 1118 1764 fuisset
1131 1735 1244 1765 irritatio
1259 1737 1460 1778 AEgyptiorum,
1474 1739 1527 1768 nisi
1537 1738 1727 1769 desiderabiles
1740 1748 1767 1770 et

1026 1774 1173 1804 voluntarii
1187 1776 1244 1805 Deo
1265 1777 1376 1807 fuissent
1392 1789 1399 1806 ε
1412 1785 1439 1807 et
1454 1789 1538 1817 usque
1547 1785 1623 1808 nunc
1633 1779 1680 1818 qui
1693 1779 1763 1810 desi-

1026 1813 1159 1843 derabiles
1177 1822 1250 1852 sunt,
1261 1823 1286 1845 et
1296 1817 1442 1846 voluntarii
1453 1819 1521 1854 Deo,
1533 1818 1575 1847 illi
1593 1825 1656 1848 sunt
1667 1819 1766 1849 zelabi-

1026 1853 1075 1889 les,
1092 1861 1117 1883 et
1129 1854 1236 1884 irritant
1248 1855 1283 1885 ad
1296 1856 1427 1887 invidiam
1438 1857 1480 1886 sui
1500 1858 1670 1887 tenebrarum
1679 1859 1764 1889 viros.

1025 1892 1150 1932 Idipsum
1163 1901 1252 1923 autem
1263 1903 1302 1925 est
1314 1896 1498 1926 voluntarium
1512 1908 1568 1927 esse
1581 1898 1724 1938 populum,
1740 1905 1766 1928 et

1026 1939 1130 1971 gentem
1142 1943 1199 1962 esse
1212 1934 1428 1965 desiderabilem.
1443 1936 1498 1973 Qui
1511 1938 1582 1966 enim
1596 1938 1766 1967 voluntarius

1026 1978 1065 2000 est
1088 1973 1155 2009 Deo,
1169 1979 1195 2001 et
1214 1973 1291 2010 dicit,
1316 1974 1488 2005 Voluntarie
1509 1978 1680 2017 sacrificabo
1700 1979 1764 2014 tibi,

1024 2011 1081 2079 {pse
1093 2018 1132 2040 est
1143 2019 1168 2041 et
1179 2012 1365 2043 desiderabilis
1377 2015 1450 2054 apud
1463 2016 1551 2045 Deum
1559 2021 1573 2044 ἐ
1594 2024 1620 2046 et
1633 2017 1680 2055 qui
1693 2017 1764 2047 desi-

1046 2051 1155 2080 erabilis
1176 2059 1215 2080 est
1236 2054 1307 2089 Deo,
1332 2054 1389 2083 sine
1410 2054 1495 2083 dubio
1513 2055 1682 2085 voluntarius
1699 2063 1761 2085 est:

1025 2090 1088 2128 quia
1107 2101 1159 2119 non
1177 2093 1286 2121 omnino
1307 2093 1499 2132 subjectionem
1514 2094 1655 2124 homiuum
1673 2095 1765 2135 diligit

1024 2130 1108 2166 Deus,
1123 2136 1169 2159 aut
1182 2131 1353 2168 famulatum,
1368 2132 1415 2161 sed
1427 2132 1607 2163 voluntariam
1620 2135 1766 2175 subjectio-

1024 2178 1095 2206 nem,
1117 2176 1143 2198 et
1165 2170 1351 2200 voluntarium
1372 2172 1540 2202 famulatum.
1568 2175 1669 2203 Natura
1692 2175 1765 2204 euim

1023 2219 1113 2238 omnes
1136 2209 1263 2240 subDeo
1283 2218 1355 2247 sunt,
1374 2212 1501 2250 quoniam
1523 2219 1550 2242 ct
1570 2223 1585 2242 a
1603 2215 1660 2243 Deo
1682 2215 1763 2244 creati

1021 2255 1093 2277 sunt.
1110 2249 1258 2279 Voluntate
1275 2257 1364 2280 autem
1377 2261 1431 2280 non
1444 2261 1535 2281 omnes
1549 2259 1611 2282 sunt
1622 2251 1686 2290 Dei,
1700 2254 1764 2292 quia

1021 2288 1168 2317 secundum
1177 2299 1256 2328 opera
1270 2290 1379 2319 diabolo
1392 2301 1420 2320 se
1432 2291 1616 2321 substernunt.
1630 2293 1763 2322 Amina—

1020 2329 1078 2357 dab
1101 2334 1210 2365 autem,
1229 2330 1276 2368 qui
1298 2336 1356 2359 erat
1375 2331 1543 2360 voluntarius
1601 2331 1694 2371 pulus,
1717 2332 1762 2361 vel

1019 2378 1083 2407 gens
1093 2368 1252 2406 desiderata,
1263 2371 1362 2409 genuit
1371 2370 1503 2405 Naason,
1514 2371 1562 2409 qui
1571 2377 1761 2410 interpretatur

1018 2407 1137 2442 refectio,
1150 2407 1179 2436 id
1192 2415 1231 2436 est
1245 2409 1360 2448 requies.
1378 2410 1450 2439 Vere
1460 2410 1532 2438 enim
1543 2410 1706 2449 quicumque
1720 2417 1761 2439 est

1018 2447 1186 2477 voluntarius
1201 2447 1273 2484 Deo,
1284 2455 1309 2478 et
1322 2448 1422 2488 praebet
1435 2459 1463 2478 se
1471 2448 1675 2479 desiderabilem
1684 2450 1759 2489 apud

1017 2486 1119 2525 Deum,
1134 2494 1240 2527 generat
1252 2488 1304 2517 sibi
1315 2488 1480 2517 resectionem
1494 2494 1519 2517 et
1541 2489 1669 2527 requiem.
1685 2490 1758 2519 Con-

221 2583 304 2607 Locus
319 2580 381 2606 hene
399 2579 476 2605 habet
494 2580 518 2605 in
530 2575 607 2604 Edit'o
618 2584 715 2604 nostro.
728 2577 806 2603 Paulo
825 2583 883 2610 post
900 2577 975 2603 iidem
1000 2579 1143 2604 scitatur-us.
1155 2579 1272 2613 Utraeque
1279 2579 1398 2605 lectiones
1409 2579 1544 2613 quadrant.

221 2620 247 2646 in
262 2629 339 2653 marg.
354 2619 495 2645 hortaretur
513 2627 581 2650 ειιηι,
594 2624 621 2645 et
632 2617 696 2644 infra
715 2616 791 2643 iidem
807 2618 832 2643 in
846 2625 925 2650 marg.
936 2626 977 2642 su-

1029 2625 1040 2638 ·
1046 2618 1127 2644 Iidem
1137 2617 1162 2644 in
1170 2627 1249 2652 marg.
1258 2627 1309 2644 non
1316 2620 1355 2643 vis
1362 2624 1389 2643 ut
1394 2618 1492 2652 aliquot
1500 2621 1621 2645 transacti
1627 2621 1679 2644 sint
1685 2621 1756 2645 anni.

1774 1982 1842 2009 Psnl.
1849 1985 1904 2011 533
