1890 2826
53 1644 135 1666 Amos.
148 1643 170 1666 5.

59 1674 94 1698 18.

198 184 270 230 456

197 257 263 286 xilia
277 257 330 287 sihi
343 258 460 297 praestita
480 257 557 288 sortis
577 258 715 295 evasisset,
739 258 820 287 rebus
846 266 943 286 secun-

197 302 240 332 dis
251 303 317 332 citra
330 303 458 333 decorum
470 315 550 333 usum
560 314 628 333 esse.
642 303 768 334 Ostendit
781 302 856 333 Deus
866 312 944 332 suam

197 350 267 379 eirca
281 350 414 380 Israe'litas
425 350 644 387 sollicitudinem,
664 349 829 388 illorumque
841 359 905 388 erga
917 358 945 377 se

197 396 332 435 ingratum
344 396 467 426 animum
483 408 489 425 :
505 403 532 426 et
546 397 709 426 calamitates
722 395 788 436 ipsis
799 395 930 436 praedicit.

543 505 623 525 1021„

534 195 563 219 S.
592 196 735 220 JOANNIS
763 194 949 219 CHRYSOST.
979 193 1135 217 Asterum).
1164 190 1438 218 CONSTANTINOP-

995 255 1132 295 Ἐφραῒμ,
1155 256 1204 285 οὔκ.
1224 257 1261 290 εἰς
1274 255 1330 285 δέον
1345 254 1479 295 ἐχρήσατο
1497 256 1532 294 τῇ
1551 251 1692 293 εὐπραγίᾳ.
1715 251 1776 282 Διί·

995 313 1085 330 κνυσιν
1097 303 1111 330 ὁ
1124 301 1192 336 Θεὸς
1212 302 1260 338 τήν
1285 313 1314 330 τε
1328 302 1421 330 ἑαυτοῦ
1442 299 1504 340 περὶ
1522 299 1583 333 τοὺς
1605 298 1776 339 Ἰσραηλίτας

996 347 1164 386 κηδεμονίαν,
1173 347 1219 377 καὶ
1227 347 1276 384 τὴν
1287 347 1393 377 ἐκείνων
1404 346 1466 386 περὶ
1476 345 1554 376 αὐτὸν
1568 344 1768 386 ἀγνωμοσύνην·

997 392 1042 421 καὶ
1053 392 1178 433 προλέγει
1192 395 1280 427 αὐτοῖς
1290 392 1439 433 συμφοράς.

1331 503 1429 529 ηοω.

239 593 446 634 Corruptionem
464 593 601 622 fructuum
614 599 691 622 terrae
704 598 808 630 narrat,
821 582 847 621 et
857 592 947 621 horta-
962 609 981 632 E
1028 592 1188 634 ,Διαφθορὰν
1201 593 1274 634 λέγει
1287 595 1340 623 τῶν
1354 595 1402 630 τῆς
1414 594 1463 634 γῆς
1475 591 1600 632 καρπῶν,
1617 590 1664 621 καὶ
1674 601 1776 631 παραι-

200 648 245 670 tur
258 648 287 670 ut
307 642 395 670 Deum
408 640 460 669 sibi
475 639 625 680 propitium
637 639 760 669 reddant.
776 639 948 670 Vaticinatur

200 698 338 717 ascensum
362 686 467 727 Assyrii
497 699 503 715 :
530 693 620 727 postea
642 697 708 716 vero
730 687 801 715 bona
823 685 947 724 quaedam

199 734 372 773 praenuntiat.
394 732 476 770 Quod
496 733 624 773 apostolis
645 732 743 762 accidit
766 732 836 761 circa
859 732 947 761 varias

199 780 307 819 linguas
321 779 453 819 praedicit.
468 779 640 810 Vaticinatur
659 778 740 807 etiam
752 778 873 817 gentium
885 788 948 817 per-

200 827 308 862 niciem,
322 836 381 866 quae
398 832 458 866 post
472 825 588 855 reditum
602 836 637 854 ex
650 824 788 865 Babylone
803 824 854 853 sub
863 824 947 854 Zoro-

199 873 296 902 babele
319 872 440 912 contigit.
458 872 510 902 Hic
523 881 605 912 porro
618 871 694 901 locus
710 869 867 911 allegoriam
881 879 948 899 con-

200 926 277 949 tinet.

531 1000 618 1020 AMOS.

997 643 1034 669 νεῖ
1055 639 1242 673 ἐξιλεώσασθαι
1259 640 1304 669 τὸν
1317 639 1397 670 Θεόν.
1420 639 1479 676 Τὴν
1500 638 1592 667 ἄνοδον
1615 639 1662 667 τοῦ
1682 638 1778 667 Ἀσσυ-

998 686 1053 726 ρίου
1068 685 1210 725 προλέγει·
1222 685 1384 726 προφητεύει
1397 684 1426 714 δὲ
1436 684 1482 714 καὶ
1497 683 1565 723 μετὰ
1575 687 1660 713 ταῦτα
1673 682 1780 723 χρηστά

997 743 1068 760 τινα.
1083 731 1124 760 Τὸ
1139 732 1245 771 συμὸὰν
1257 732 1301 761 ἐπὶ
1314 734 1368 761 τῶν
1379 730 1533 760 ἀποστόλων
1544 728 1574 759 τὸ
1587 731 1639 758 τῶν
1651 731 1778 768 γλωσσῶν

997 777 1131 817 προλέγει.
1145 778 1317 818 Προφητεύει
1329 777 1356 807 δὲ
1369 777 1476 807 καὶτῶν
1490 777 1570 806 ἐθνῶν
1582 775 1716 805 ἀπώλειαν
1731 775 1780 811 τὴν

997 823 1141 863 γενομένην
1161 824 1230 864 μετὰ
1246 824 1294 860 τὴν
1309 823 1434 854 ἐπάνοδον
1451 823 1500 859 τὴν
1519 823 1550 852 ἐκ
1563 821 1721 854 Βαὸυλῶνος
1735 820 1781 850 ἐπὶ

998 870 1159 911 Ζοροὸάὸελ.
1172 870 1252 911 Ἔχει
1267 870 1295 900 δὲ
1307 870 1352 900 καὶ
1364 869 1525 910 ἀλληγορίαν
1538 867 1569 898 τὸ
1581 867 1679 908 χωρίον
1693 870 1780 899 τοῦτο.

1331 1002 1342 1015 ¹
1350 1001 1436 1022 ΑΜΩΣ.

242 1090 367 1121 Praedicit
377 1089 531 1129 iniquitates
542 1087 679 1125 Damasci,
689 1088 780 1125 Gazae,
792 1086 872 1127 Tyri,
884 1082 993 1134 Idu-⁸2⁰
1039 1085 1098 1119 Τὰς
1122 1084 1233 1124 ἀνομίας
1256 1085 1419 1124 Δαμασκοῦ,
1441 1085 1542 1122 Γάζης,
1565 1085 1668 1126 Τύρου,
1695 1085 1780 1116 Ἰδου-

202 1147 343 1174 maeorum,
366 1136 590 1171 Ammanitarum,
611 1134 803 1169 Moabitarum,
823 1133 902 1164 Judae
923 1141 950 1164 et

202 1183 320 1220 Israelis,
333 1190 358 1211 et
371 1193 463 1222 poenas
481 1193 541 1221 quae
555 1181 616 1210 illos
630 1187 780 1220 exceptum
800 1187 873 1210 sunt.
889 1182 949 1211 Nu-

203 1235 342 1257 merantur
355 1228 483 1257 beneficia
495 1238 509 1256 a
524 1228 582 1256 Deo
593 1226 621 1255 in
636 1227 653 1256 J
656 1225 745 1255 udaeos
760 1225 856 1255 collata
865 1249 872 1263 ,
888 1227 950 1256 illo—

203 1285 318 1313 rumque
338 1273 527 1313 negligentiam
544 1279 569 1302 et
589 1278 763 1305 contemtum,
785 1278 864 1310 atque
879 1283 951 1302 aeru-

204 1331 280 1349 mnas
294 1331 353 1359 quae
367 1320 429 1349 illos
442 1325 606 1359 exspectant.
622 1317 749 1347 Praedicit
762 1317 832 1347 circa
854 1318 951 1348 mulie-

204 1377 247 1395 res
261 1365 399 1402 Samariae,
424 1365 485 1394 illas
506 1363 641 1393 ebrietatis
654 1370 680 1392 ct
693 1362 795 1402 rapinae
808 1372 948 1393 accusans.

1001 1132 1099 1171 μαίων,
1115 1131 1284 1171 Ἀμμανιτῶν
1295 1153 1303 1168 ,
1327 1131 1494 1167 Μωαὸιτῶν,
1508 1130 1598 1161 Ἰούδα
1612 1132 1657 1161 καὶ
1671 1132 1781 1173 Ἰσραὴλ

1000 1178 1140 1219 προλέγει,
1152 1177 1254 1211 καὶτὰς
1268 1178 1452 1217 διαδεξομένας
1466 1178 1559 1212 αὐτοὺς
1575 1179 1710 1219 τιμωρίας.
1723 1181 1749 1209 Τ
1750 1179 1781 1212 ὰς

999 1224 1151 1265 εὐεργεσίας
1164 1224 1211 1258 τὰς
1225 1226 1262 1258 εἷς
1276 1224 1336 1258 τοὺς
1355 1224 1498 1259 Ἰουδαίους
1510 1224 1654 1264 γενομένας
1672 1225 1723 1255 ὑπὸ
1733 1228 1780 1255 τοῦ

998 1272 1070 1301 Θεοῦ
1085 1272 1288 1310 ἀπαριθμεῖται,
1302 1270 1348 1300 καὶ
1361 1271 1409 1307 τὴν
1424 1273 1511 1300 αὐτῶν
1523 1270 1663 1311 ὀλιγωρίαν
1678 1271 1723 1301 καὶ
1733 1283 1780 1301 κα-

998 1315 1160 1356 ταφρόνησιν
1167 1337 1175 1352 ,
1186 1316 1231 1345 καὶ
1242 1315 1276 1345 τὰ
1289 1317 1464 1356 περιμένοντα
1474 1316 1568 1350 αὖτοὺς
1581 1317 1696 1356 χαλεπά.
1707 1317 1781 1357 Πρὸς

998 1362 1046 1396 τὰς
1062 1366 1188 1402 γυναῖκας
1201 1364 1248 1398 τῆς
1263 1362 1416 1402 Σαμαρείας
1428 1364 1465 1396 εἷς
1480 1362 1562 1402 μέθην
1574 1384 1582 1399 ,
1604 1364 1641 1396 εἷς
1655 1363 1780 1403 ἁρπαγὴν

204 1412 376 1443 vaticinatur
389 1412 486 1440 famem
500 1417 526 1439 et
539 1409 743 1439 dissolutionem
757 1419 789 1438 eo
802 1409 877 1447 quod
897 1419 950 1438 non
967 1421 986 1444 Β
999 1408 1149 1438 διαὸάλλων
1173 1407 1308 1448 προλέγει.
1328 1407 1460 1448 Προλέγει
1481 1408 1560 1446 λιμὸν
1589 1408 1635 1438 καὶ
1660 1408 1779 1438 διάλυσιν

204 1465 433 1494 converterentur,
455 1463 481 1486 ct
494 1455 567 1495 quod
581 1455 675 1485 multis
689 1455 776 1484 affecti
797 1455 885 1496 plagis
898 1466 951 1485 non

204 1504 329 1534 meliores
347 1504 501 1535 evaderent.
523 1504 633 1533 Incusat
656 1501 794 1539 lsraelem,
815 1501 891 1541 guod
906 1513 951 1532 eos

205 1552 252 1591 qui
267 1563 295 1581 se
308 1550 503 1590 redarguebant
523 1550 634 1579 moleste
650 1549 749 1578 ferrent
766 1561 772 1577 :
789 1555 816 1577 et
828 1548 951 1577 hortatur

205 1606 236 1628 ut
249 1604 437 1628 convertantur
448 1596 484 1625 ad
497 1598 597 1626 Deum.
608 1594 760 1625 Incredulis
772 1595 952 1624 comminatur

205 1645 292 1674 sutura
312 1644 394 1674 mala.
409 1644 450 1672 De
464 1643 520 1671 illis
540 1653 620 1682 porro
632 1642 669 1671 ait
684 1653 690 1669 :
709 1642 759 1670 Vae
773 1645 823 1682 qui
837 1642 951 1671 deside-

205 1697 273 1719 rant
284 1691 361 1719 diem
382 1690 513 1719 Domini.
528 1687 623 1726 Aliqui
635 1697 700 1717 vero
714 1687 743 1716 id
757 1687 906 1717 retulerunt
916 1686 950 1717 ad

202 1737 333 1766 futurum‘
338 1735 473 1775 judicium
484 1740 531 1762 :ut
543 1732 654 1772 quidam
668 1732 871 1762 incredulorum
881 1743 953 1762 nunc

202 1782 297 1812 dicunt
310 1795 316 1811 z
331 1783 391 1812 Non
405 1781 456 1811 erit
471 1779 607 1821 judicium
615 1791 623 1817 ;
635 1779 710 1818 quod
723 1779 747 1808 si
763 1780 887 1808 futurum
901 1787 953 1817 est,

203 1828 302 1858 veniat.
327 1827 491 1868 Reprobatio
511 1827 639 1856 festorum
658 1826 781 1862 illorum,
804 1825 951 1855 sacrificio-

203 1886 275 1911 rum,
291 1882 316 1904 et
327 1874 527 1915 psalteriorum.
539 1873 652 1903 Stellam
665 1872 710 1902 dei
731 1873 844 1913 Raphan
857 1874 951 1903 Satur-

1000 1454 1044 1484 διδι
1057 1455 1088 1484 τὸ
1102 1454 1292 1494 ἄνεπίστροφον
1304 1477 1312 1491 ,
1337 1454 1384 1483 καὶ
1396 1454 1437 1483 ὅτι
1450 1454 1536 1484 πολλὰ
1546 1453 1705 1494 πληγέντες,
1731 1456 1780 1484 οὔκ

999 1500 1118 1540 ἐγένοντο
1137 1499 1265 1540 βελτίους.
1288 1500 1415 1539 Ἐγκαλεῖ
1436 1501 1475 1540 τῷ
1500 1499 1623 1540 Ἰσραὴλ,
1649 1500 1691 1530 ὅτι
1714 1500 1780 1540 πρὸς

999 1545 1059 1579 τοὺς
1074 1545 1232 1585 ἐλέγχοντας
1250 1545 1344 1579 αὐτοὺς
1362 1545 1564 1586 ἐδυσχέραινον,
1588 1545 1634 1575 καὶ
1657 1550 1780 1586 παραινεῖ

1000 1591 1158 1632 ἐπιστρέψαι
1171 1591 1237 1631 πρὸς
1250 1591 1294 1621 τὸν
1313 1591 1392 1621 Θεόν.
1417 1593 1531 1622 Ἀπειλεῑ
1544 1591 1572 1621 δὲ
1585 1591 1630 1621 καὶ
1644 1596 1699 1626 τοῖς
1713 1594 1780 1621 ἀπι-

1000 1640 1092 1667 στοῦσι
1103 1660 1110 1674 ,
1132 1638 1174 1667 ὅτι
1186 1636 1243 1672 ἥξει
1257 1637 1292 1666 τὰ
1310 1637 1391 1667 κακά.
1421 1637 1490 1677 Περὶ
1504 1634 1591 1667 αὐτῶν
1609 1636 1662 1677 γάρ
1682 1648 1780 1678 φησιν·

1000 1683 1071 1713 Οὐαὶ
1088 1685 1113 1713 οἱ
1137 1684 1326 1722 ἐπιθυμοῦντες
1338 1683 1386 1720 τὴν
1409 1683 1513 1724 ἡμέραν
1529 1682 1639 1723 Κυρίου.
1655 1683 1734 1717 Τινὲς
1751 1683 1780 1714 δὲ

1001 1730 1065 1760 αὐτὸ
1079 1729 1202 1764 ἐξέὸαλον
1217 1732 1253 1764 εἷς
1263 1730 1312 1767 τὴν
1326 1729 1474 1769 μέλλουσαν
1487 1730 1588 1770 κρίσιν·
1609 1728 1664 1763 ῧῶς
1675 1730 1721 1759 καὶ
1733 1733 1779 1759 νῦν

1001 1777 1053 1805 τῶν
1066 1776 1184 1806 ἀπίστων
1199 1775 1328 1816 λεγόντων
1338 1799 1345 1813 ,
1368 1776 1410 1806 ὅτι
1427 1777 1475 1806 οὐκ
1489 1776 1565 1806 ἔσται
1577 1775 1663 1816 κρίσις
1672 1788 1679 1795 ·
1707 1777 1731 1806 εἷ
1751 1776 1779 1806 δέ

1001 1823 1072 1851 ἐστιν
1083 1844 1091 1859 ,
1114 1822 1221 1852 ἐλθέτω.
1238 1822 1405 1862 Παραίτησις
1430 1824 1482 1851 τῶν
1497 1823 1595 1862 ἑορτῶν
1615 1823 1715 1858 αὐτῶν,
1734 1822 1780 1852 καὶ

1001 1871 1054 1898 τῶν
1078 1871 1174 1898 θυσιῶν
1198 1868 1243 1898 καὶ
1260 1868 1424 1908 ψαλτηρίων.
1439 1868 1551 1908 Ἄστρον
1572 1871 1631 1899 θεοῦ
1655 1868 1783 1909 ““Ραφὰν’

203 1932 269 1950 num
283 1921 350 1950 dicit
365 1933 372 1949 t
384 1921 512 1959 quoniam
526 1920 638 1960 gentiles
650 1919 693 1948 dei
708 1919 750 1948 sui
764 1919 874 1949 Saturni
888 1919 951 1949 stel-
966 1925 985 1949 C
1001 1914 1045 1944 τὸν
1060 1914 1159 1955 Κρόνον
1171 1915 1256 1955 λέγει·
1276 1914 1367 1952 ἐπειδὴ
1382 1916 1406 1944 Οἵ
1424 1914 1556 1951 Ἕλληνες
1573 1917 1611 1955 τῷ
1623 1917 1674 1955 θεῷ
1693 1917 1780 1945 αὐτῶν

204 1967 259 1995 lam
278 1977 335 1996 esse
353 1966 448 1996 dicunt
465 1967 493 1996 iu
518 1966 595 2003 caelo,
616 1976 698 2004 quam
710 1965 790 1995 etiam
805 1966 952 1995 Saturnum

173 2030 179 2035 ·
206 2019 310 2042 vocant.
322 2013 395 2042 Dicit
410 2019 510 2049 autem,
525 2013 604 2042 Num
618 2014 756 2041 victimas
766 2019 793 2041 et
805 2012 953 2051 sacrificia

206 2059 352 2088 obtulistis
388 2060 460 2087 mihi
484 2060 571 2088 annis
604 2059 803 2098 quadraginta
816 2061 829 2087 Ρ
859 2060 952 2097 Neque

205 2116 277 2134 enlm
291 2104 409 2144 populus
422 2104 531 2140 obtulit,
546 2104 594 2133 sed
601 2104 651 2133 soli
666 2104 814 2145 principes,
831 2115 893 2134 cum
904 2111 953 2134 ste·

205 2151 237 2180 tit
257 2150 469 2179 tabernaculum.
494 2150 546 2179 Hic
568 2149 602 2178 de
616 2156 671 2178 toto
692 2150 795 2189 populo
817 2150 948 2188 loquitur.

205 2199 319 2227 Accusat
339 2197 420 2226 etiam
441 2196 504 2225 illos
517 2195 551 2225 de
566 2195 740 2224 immoderato
751 2196 824 2230 cibo,
839 2203 865 2225 et
878 2195 950 2225 cala-

204 2244 310 2274 mitates
326 2243 394 2283 ipsis
407 2242 541 2282 praedicit.
558 2243 608 2271 Per
622 2242 748 2279 locustas,
768 2249 794 2271 et
806 2249 951 2271 testamen-

205 2297 275 2327 tum,
297 2297 324 2319 et
346 2289 524 2324 adamantem,
546 2299 640 2317 eorum
660 2298 749 2317 necem
764 2288 947 2318 vaticinatur:

205 2346 320 2375 cumque
333 2336 390 2365 haec
404 2334 518 2364 Amesiae
531 2335 588 2374 regi
609 2334 794 2374 significasset,
819 2334 863 2363 hic
887 2344 951 2373 pro-

239 2439 252 2453 *
271 2439 302 2463 In
313 2437 485 2471 Manuscripto
497 2437 562 2462 male
573 2436 647 2471 Ᾰμώς.

240 2490 251 2503 a
271 2479 302 2502 In
314 2477 486 2510 Manuscripto
498 2484 630 2509 perperam
641 2480 749 2508 Μιχαίας.

1001 1960 1094 2000 Κρόνῳ
1107 1960 1152 1990 καὶ
1166 1961 1262 2001 ἄστρον
1276 1956 1341 1990 εἶναι
1367 1972 1447 2001 φασιν
1470 1962 1497 1990 ἐν
1511 1962 1613 2000 οὐρανῷ
1622 1982 1630 1996 ,
1653 1961 1699 1990 καὶ
1715 1961 1780 1990 αὐτὸ

1003 2006 1102 2045 Κρόνον
1111 2007 1230 2036 καλοῦσι.
1239 2006 1320 2046 Λέγει
1331 2005 1371 2042 δὲ,
1380 2006 1427 2042 Μὴ
1434 2005 1533 2046 σφάγια
1546 2005 1592 2035 καὶ
1601 2005 1691 2039 θυσίας
1702 2018 1781 2046 προσ-

999 2051 1130 2091 ηνέγκατέ
1151 2065 1195 2091 μοι
1209 2053 1255 2090 ἔτη
1275 2052 1488 2092 τεσσαράκοντα;
1509 2051 1581 2082 Οὐδὲ
1600 2051 1653 2091 γὰρ
1672 2051 1779 2092 προσή-

999 2110 1090 2137 νεγκεν
1104 2101 1118 2128 ὁ
1132 2099 1229 2137 δῆμος,
1253 2098 1322 2128 ἀλλὰ
1337 2098 1412 2137 μόνοι
1425 2100 1449 2128 οἱ
1462 2098 1604 2138 ἄρχοντες,
1622 2097 1666 2127 ὅτε
1679 2097 1742 2134 ἔστη
1761 2100 1778 2133 ἡ

1001 2143 1095 2180 σκηνή.
1111 2145 1243 2174 Ἐνταῦθα
1253 2144 1287 2173 τὰ
1295 2143 1358 2184 περὶ
1374 2143 1471 2177 παντὸς
1482 2146 1528 2173 τοῦ
1539 2144 1604 2172 λαοῦ
1615 2142 1696 2186 λέγει.
1710 2144 1779 2172 Δια-

1002 2189 1094 2219 6άλλει
1117 2189 1143 2219 δὲ
1159 2190 1252 2224 αὐτοὺς
1265 2190 1311 2219 καὶ
1322 2191 1359 2223 εἷς
1382 2189 1496 2229 ἄμετρον
1509 2188 1626 2229 τροφὴν,
1646 2189 1692 2218 καὶ
1709 2200 1779 2228 προ-

1001 2235 1073 2275 λέγει
1085 2237 1172 2269 αὖτοῖς
1191 2235 1335 2276 συμφοράς.
1362 2235 1414 2265 Διὰ
1437 2238 1490 2265 τῶν
1512 2235 1640 2275 ἀκρίδων,
1663 2234 1711 2264 καὶ
1730 2236 1780 2270 τῆς

1003 2283 1144 2320 διαθήκης,
1166 2284 1211 2313 καὶ
1234 2287 1280 2313 τοῦ
1306 2283 1473 2322 ἀδάμαντος,
1493 2283 1542 2319 τὴν
1563 2282 1669 2323 σφαγὴν
1691 2284 1779 2312 αὐτῶν

1002 2332 1179 2373 προφητεύει,
1199 2332 1244 2362 καὶ
1258 2333 1380 2368 δηλώσας
1398 2332 1508 2373 Ἄμεσίᾳ
1518 2334 1556 2372 τῷ
1567 2332 1671 2371 βασιλεῖ
1683 2334 1779 2366 ταῦτα,

1017 2441 1076 2477 ῐνξ
1094 2438 1250 2471 exprimitur.
1263 2439 1434 2474 Hieronymus
1449 2445 1509 2462 vero
1521 2436 1638 2462 CHION.
1649 2435 1778 2460 Abenezra

1018 2487 1117 2512 quoque
1128 2478 1192 2503 dicit.
1200 2486 1254 2503 ease
1265 2478 1412 2508 Saturnum,
1422 2482 1450 2501 ut
1457 2476 1662 2510 Chrysostomus.
1677 2476 1708 2499 In
1719 2475 1776 2500 Act.

240 2518 253 2536 b
270 2518 316 2542 His
343 2525 444 2549 prorsus
462 2514 554 2541 similia
572 2515 650 2540 habes
677 2523 752 2548 supra
773 2515 917 2541 Comment.
943 2515 968 2541 in
1018 2517 1199 2550 Apostolorum
1218 2516 1321 2550 legitur,
1341 2518 1366 2548 7,
1388 2516 1431 2548 43,
1451 2515 1530 2542 Sidus
1547 2515 1589 2539 dei
1606 2515 1683 2538 vestri
1701 2514 1778 2537 Rem-

205 2557 297 2581 Isaiam
311 2565 368 2589 cap.
383 2557 407 2587 5,
423 2565 447 2580 v.
462 2557 503 2580 29.

238 2604 247 2615 ο
266 2594 350 2630 rapotae.
364 2596 395 2620 In
412 2594 480 2620 Edit.
493 2594 571 2619 Rom·
589 2591 673 2629 ῥαῳάν
684 2592 782 2627 legitur.
797 2594 828 2619 In
837 2591 963 2619 Hebraico

1011 2555 1102 2589 pluam.
