1890 2826
78 516 167 538 Cvlnss.
180 514 202 537 3.

77 555 84 569 ι
94 554 113 569 ι.

121 697 217 718 Justitiae

79 736 168 756 (lv-'lnge-

76 760 139 780 lium.

105 1021 222 1044 Sei-vitulis

81 1055 163 1083 species
187 1053 222 1074 di-

82 1092 158 1107 vcrsae.

88 1583 144 1604 (len.
158 1588 179 1610 9.
185 1580 224 1604 25.

85 1673 224 1705 Ιυιιιι.8.34.

87 2086 154 2107 Psal.
172 2087 211 2115 47.

92 2125 127 2139 Ιυ.
146 2124 179 2138 ΙΙ.

102 2281 145 2302 ldd.

221 159 291 206 476

262 236 291 262 5.
305 232 376 269 Quia
391 243 454 272 ergo
468 232 515 260 uni
537 231 609 270 genti
623 230 747 270 patefecit
759 252 767 267 ,
782 229 826 258 hic
841 239 905 258 vero
918 228 967 257 do-
986 232 1004 254 E

223 280 308 309 ctrina
334 278 454 308 veritatis
480 285 616 316 tamquam
641 276 677 306 ad
699 283 824 306 stateram
838 285 966 316 appensa,

222 325 348 355 omnibus
371 335 431 354 eam
455 335 490 353 ex
510 333 586 362 aequo
607 322 827 352 communicavit.
854 321 971 351 Adverte

934 167 1067 190 INCERTI

1065 229 1142 259 Ἐπεὶ
1169 226 1213 259 οὖν
1234 231 1336 267 ἐκείνην
1353 231 1420 261 ἔθνει
1438 232 1625 272 ἀπεκάλυψεν,
1645 233 1757 262 ἐνταῦθα
1778 230 1808 263 δὲ,

1024 276 1224 314 ζυγοστατήσας
1236 277 1280 307 τὸν
1303 279 1351 314 τῆς
1368 278 1490 314 ἀληθείας
1509 279 1602 318 λόγον,
1627 284 1708 308 πᾶσιν
1725 279 1809 309 αὐτὸν

1025 320 1052 354 ἐξ
1059 321 1117 351 ἴσου
1129 321 1250 362 ἐκέρασε.
1258 323 1391 364 Πρόσεχε,
1399 325 1558 364 παρακαλῶ.
1567 324 1728 361 Δικαιοσύνη
1738 325 1799 355 ἐστὶ

223 381 324 410 quaeso.
340 370 449 401 Justitia
462 377 510 404 est,
532 379 624 399 omnes
636 379 671 398 ex
684 378 760 407 aequo
774 367 863 396 salvos
877 367 948 397 velle
963 366 1017 416 :¹⁰2⁷
1027 367 1057 397 τὸ
1071 369 1172 403 πάντας
1188 369 1284 408 ὁμοίως
1297 372 1398 407 σῶσαι,
1413 370 1459 400 χαὶ
1475 370 1512 410 μὴ
1530 366 1599 400 εἶναι
1609 371 1734 411 διαφορὰν
1746 371 1809 401 δού,

223 429 271 448 nec
278 418 456 447 differentiam
464 417 549 445 facere
558 415 629 446 servi
639 422 685 445 aut
694 414 786 451 liberi,
798 413 907 444 barbari
922 420 969 442 aut

224 466 325 503 Graeci,
347 464 470 494 mulieris
483 463 527 493 vel
543 463 596 493 viri
613 462 677 492 :sed
687 461 761 501 quod
774 461 875 491 Paulus
886 460 951 490 dicit
964 473 970 489 ε

226 515 265 543 In
290 514 404 543 Christo
417 513 490 541 Jesu
513 521 572 540 non
586 512 738 546 barbarus,
762 519 820 538 non
834 508 947 546 Scytha
963 518 971 534 ι

227 571 287 589 non
299 570 374 595 mas,
390 569 450 587 non
459 558 582 599 semina
597 568 605 584 .·
622 567 675 586 nec
696 565 805 591 servus,
820 565 873 584 nec
887 554 972 584 liber.

227 603 345 634 Videsne
358 602 535 641 :equalitatem
544 601 558 629 ῖ)
566 639 572 643 .
583 600 655 638 Quia
668 600 740 630 enim
751 606 844 629 natura
859 598 974 637 aequales

226 660 330 685 sumus,
353 648 416 678 licet
436 647 572 677 sententiis
582 646 771 683 dissideamus,
787 652 910 674 naturam
922 654 973 673 no-

226 702 305 724 stram
326 694 444 735 pristinae
461 693 505 722 illi
525 692 724 733 pulchritudini
746 691 872 721 restituit.
903 692 975 720 Cum

227 741 299 771 enim
310 741 432 770 Adamus
440 751 454 769 e
466 746 535 769 terra
541 738 739 775 formatusfuit,
750 747 803 768 non
815 737 974 777 alienigena,

227 798 279 816 non
291 787 402 827 Scytha,
410 797 459 816 nec
465 785 607 822 barbarus,
615 796 664 815 nec
673 786 795 822 Graecus,
807 794 860 813 non
871 794 974 819 servus,

228 845 280 864 non
296 834 376 872 liber,
387 844 440 863 non
447 844 515 871 mas,
527 843 576 863 nec
585 832 683 863 femina
694 839 769 861 erat:
781 842 815 860 ex
825 841 880 860 uno
892 830 977 870 siqui-

228 881 289 910 dem
308 881 364 909 duo
384 880 431 909 illa
449 879 610 920 procreavit.
632 878 796 909 servitutem
814 887 866 906 non
882 884 976 906 natura

231 927 332 967 genuit,
347 926 395 956 sed
406 926 523 956 liberum
536 925 680 955 arbitrium
687 924 803 964 peperit.
819 923 874 954 Sed
885 930 912 952 et
923 923 975 952 alia

230 974 331 1015 species
354 973 492 1003 servitutis
506 979 554 1008 est,
575 971 610 1001 ad
624 982 706 1010 quam
726 971 878 999 necessitate
899 969 978 1001 famis

231 1028 277 1051 aut
284 1019 445 1061 captivitatis
458 1018 605 1058 adigimur.
621 1019 719 1047 Praeter
728 1017 798 1046 hanc
810 1027 917 1055 quoque
925 1016 979 1045 alia

231 1074 281 1104 est,
300 1077 381 1106 quam
402 1072 495 1106 sponte
514 1064 656 1094 subimus:
674 1069 704 1092 ut
723 1062 829 1092 ancillis
842 1062 868 1091 in
881 1072 979 1092 uxores

232 1112 331 1150 ductis,
345 1112 495 1141 libertatem
504 1110 658 1144 vendimus,
670 1116 696 1138 et
709 1119 757 1138 nos
770 1109 909 1138 servitutis
911 1109 979 1148 jugo

232 1160 402 1199 subjicimus.
421 1160 459 1187 Ac
474 1157 562 1197 prima
574 1155 685 1194 quidem
702 1155 751 1184 illa
765 1155 848 1184 animi
862 1154 980 1194 quadam

232 1207 363 1248 pravitate
382 1205 524 1235 constituta
531 1202 632 1232 est.Tu
638 1212 713 1237 vero,
719 1201 852 1230 undehaec
865 1201 980 1231 servitus

232 1253 363 1293 originem
373 1251 492 1285 duxerit,
506 1248 621 1278 attende.
632 1250 695 1277 Post
703 1247 840 1276 diluvium
851 1247 909 1276 Noe
918 1258 980 1276 cum

233 1301 327 1332 vinum
339 1298 462 1334 bibisset,
472 1307 521 1325 nec
534 1302 564 1324 ut
579 1305 628 1335 par
641 1301 697 1324 erat
709 1293 781 1323 illud
797 1300 979 1333 temperasset,

234 1346 368 1386 imperitia
381 1343 496 1383 quadam
519 1341 667 1371 inebriatus
680 1347 720 1370 est
733 1352 739 1368 :
753 1350 839 1378 neque
852 1339 979 1369 volunta-

234 1392 279 1427 tis,
304 1391 349 1421 sed
372 1389 482 1419 inscitiae
505 1387 629 1417 morbum
653 1385 762 1415 admisit
782 1397 789 1419 ;
820 1391 845 1414 et
868 1384 979 1423 quidem

234 1439 326 1468 ebrius
344 1437 464 1477 seipsum
477 1432 625 1464 denudavit
638 1445 644 1461 z
660 1439 740 1471 atque
753 1441 822 1460 unus
835 1441 848 1460 e
862 1430 927 1460 filiis
938 1430 979 1460 in-

234 1495 351 1524 gressus,
372 1490 475 1523 patrem
494 1480 598 1509 nudum
611 1485 780 1518 conspectum
794 1477 889 1506 irrisit.
905 1476 980 1514 Quid

235 1531 319 1571 igitur
339 1537 413 1570 pater
432 1530 489 1569 jam
507 1526 614 1557 sobrIus
627 1525 662 1554 ad
682 1525 763 1554 illum
775 1524 788 1553 ἱ)
800 1524 979 1554 ᾹῙιιΖεάὶοίιις

237 1578 393 1613 Chamavi,
410 1584 510 1605 servus
521 1574 577 1602 erit
584 1573 728 1611 fratribus
737 1571 808 1600 suis.
825 1569 912 1600 Vides
922 1580 982 1610 pec-

235 1630 325 1654 catum
334 1622 492 1652 servitutem
516 1617 722 1648 introduxisse?
736 1616 806 1646 Hinc
829 1617 955 1646 servator
972 1628 978 1644 :

239 1671 340 1699 Omnis
354 1669 406 1708 qui
415 1673 578 1707 peccatum·
580 1664 667 1702 facit,
682 1673 783 1693 servus
799 1669 843 1691 est
854 1664 980 1702 peccati.

235 1718 379 1755 Postquam
391 1724 454 1753 ergo
466 1712 606 1742 Liber-ator
619 1709 730 1739 humani
742 1709 847 1749 generis
860 1708 980 1745 advenit,

235 1762 341 1791 veniam
351 1760 465 1801 peccatis
473 1757 613 1794 concessit,
623 1756 678 1785 imo
688 1766 752 1785 vero
763 1755 871 1784 sustulit
881 1755 890 1795 (
896 1755 981 1794 siqui-

235 1808 299 1837 dem
321 1807 410 1837 radice
422 1805 522 1840 excisa,
543 1804 646 1832 fructus
667 1801 749 1831 simul
762 1800 890 1838 excidit),
905 1808 982 1831 vocat

235 1851 405 1891 evangelium
412 1849 534 1891 justitiae,
546 1846 619 1887 quod
630 1856 720 1875 omnes
732 1856 766 1874 ex
778 1855 854 1883 aequo
860 1844 982 1875 homines

237 1898 365 1927 illustret.
384 1896 473 1927 Judaei
484 1894 556 1924 enim
569 1892 782 1927 arbitrabantur,
798 1891 980 1931 evangelium,

238 1943 312 1982 quod
322 1954 370 1983 per
383 1942 474 1982 ipsum
485 1938 719 1980 promulgabatur,
733 1937 770 1966 ad
783 1947 810 1965 se
822 1937 893 1966 solos
903 1937 984 1977 perti-

237 2001 310 2019 nere.
324 1991 430 2020 Verum
442 1989 499 2017 haec
507 1987 629 2026 ipsorum
639 1984 800 2023 exspectatio
814 1983 983 2023 inopinatum

236 2043 362 2067 eventum
376 2034 468 2065 sortita
478 2040 528 2062 est.
537 2032 607 2062 Hinc
622 2030 704 2070 igitur
716 2029 880 2059 Davidicum
891 2029 980 2059 illud:

238 2084 431 2122 Suscepimus,
445 2082 538 2116 Deus,
551 2076 779 2107 misericordiam
789 2083 870 2105 tuam
881 2077 913 2104 in
924 2087 982 2105 me-

240 2132 288 2159 dio
300 2129 400 2169 populi
415 2129 458 2156 tui
469 2140 476 2155 .·
488 2125 648 2155 secundum
663 2133 769 2152 nomen
784 2129 876 2159 tuum,
888 2124 982 2159 Deus,

239 2179 283 2206 ιἰα
299 2183 326 2205 et
343 2176 409 2204 laus
421 2180 473 2202 tua
484 2175 514 2201 in
523 2172 600 2211 fines
622 2177 713 2198 terroe.
727 2169 764 2199 Et
775 2176 804 2197 ut
813 2168 982 2198 demonstra—

239 2230 290 2258 ret,
304 2220 378 2261 quod
391 2216 603 2249 misericordiam
617 2226 693 2245 suam
713 2214 849 2244 declarare
867 2214 895 2243 in
915 2215 982 2244 fines

240 2269 314 2299 orbis
337 2275 426 2303 terrae,
450 2265 485 2295 sit
506 2264 554 2293 illa
569 2262 686 2303 justitia,
704 2261 819 2301 subjecit
835 2272 841 2287 :
857 2262 981 2290 Justitia

998 1431 1017 1454 C

1026 415 1073 443 λου
1090 415 1136 444 καὶ
1152 416 1304 456 ἐλευθέρου,
1335 416 1469 457 βαρὸάρου
1482 417 1500 452 ἢ
1513 416 1660 454 ’Έλληνος,
1685 417 1811 456 γυναικὸς,

1026 460 1042 496 ἢ
1054 461 1156 501 ἀνδρός·
1173 463 1231 491 ἀλλ’
1244 462 1259 491 ὃ
1272 462 1344 502 λέγει
1357 464 1473 500 Παῦλος,
1488 464 1536 492 Ἐν
1550 464 1659 503 Χριστῷ
1674 462 1762 499 Ἰησοῦ
1777 465 1811 493 οὖν

1029 507 1161 548 βάρὸαρος
1171 530 1178 544 ,
1193 510 1222 539 οὔ
1234 509 1353 546 Σκύθης,
1364 511 1412 539 οὐκ
1431 509 1526 549 ἄρσεν,
1555 511 1584 538 οὐ
1600 510 1684 545 θῆλυ,
1698 511 1728 538 οὐ
1743 510 1807 539 δοῦ«

1027 554 1087 589 λος,
1113 555 1160 583 οὐκ
1180 555 1327 595 ἐλεύθερος.
1343 555 1426 596 Ὁρᾷς
1441 556 1583 594 ὁμοτιμίαν
1597 567 1605 591 ;
1630 554 1743 591 Ἐπειδὴ
1757 554 1809 594 γὰρ

1027 601 1044 634 ἡ
1057 599 1132 639 φύσις
1145 601 1285 639 ὁμότιμος,
1304 603 1327 630 εἷ
1342 601 1388 630 καὶ
1401 605 1459 634 ταῖς
1480 601 1599 641 γνώμαις
1615 601 1806 641 ἐμερίσθημεν,

1030 645 1136 685 συνάγει
1149 646 1198 683 τὴν
1214 647 1291 688 φύσιν
1306 649 1342 680 εἷς
1354 647 1385 677 τὸ
1403 648 1513 687 ἀρχαῖον
1527 648 1631 682 κάλλος.
1655 647 1743 678 Ὅταν
1756 647 1808 687 γὰρ

1029 692 1148 729 ἐπλάσθη
1169 695 1183 722 ὁ
1194 693 1295 732 Ἀδὰμ,
1310 695 1358 723 οὒκ
1371 688 1403 729 ἦν
1418 705 1457 727 τις
1471 693 1630 733 ἀλλογενὴς,
1645 695 1675 723 οὐ
1693 693 1808 732 Σκύθης,

1029 740 1058 768 οὗ
1079 739 1225 780 βάρέαρος,
1238 741 1289 780 οὐχ
1300 739 1402 775 Ἕλλην
1411 761 1420 776 ,
1434 741 1463 769 οὔ
1481 740 1584 776 δοῦλος,
1605 741 1653 770 οὐκ
1662 739 1807 779 ἐλεύθερος,

1029 786 1077 814 οὐκ
1091 785 1169 825 ἄρσεν
1179 807 1186 820 ,
1202 787 1231 815 οὔ
1245 787 1325 821 θῆλυ·
1338 787 1369 815 ἐκ
1382 785 1433 826 γὰρ
1447 788 1493 815 τοῦ
1507 786 1563 820 ἑνὸς
1578 785 1613 815 τὰ
1623 786 1668 816 δύο
1680 786 1811 825 ἐπήγαγε-

1030 831 1158 861 Δουλείαν
1171 833 1200 861 οὐ
1215 832 1290 872 φύσις
1302 832 1439 872 ἐγέννησεν
1448 854 1456 868 ,
1478 833 1547 862 ἀλλὰ
1559 832 1712 873 προαίρεσις
1724 831 1808 862 ἔτεκε·

1030 877 1135 908 Γίνεται
1149 878 1177 908 δὲ
1187 878 1233 908 καὶ
1243 878 1348 908 δουλεία
1361 878 1550 918 ἠναγκασμένη
1564 878 1582 914 ἢ
1597 880 1624 907 ἐν
1639 883 1763 918 συμφορᾷ
1771 880 1808 908 λι-

1032 927 1081 963 μοῦ
1091 945 1099 959 ,
1111 923 1129 960 ἢ
1143 924 1329 964 αἰχμαλωσίας
1340 924 1453 964 ἀνάγκῃ.
1467 924 1549 954 Ἔστι
1563 924 1590 954 δὲ
1604 924 1649 954 καὶ
1662 924 1739 964 ἑτέρα
1748 924 1810 953 δουν-

1030 970 1089 1000 λεία
1113 970 1278 1010 αὐθαίρετος,
1293 973 1309 1007 ἡ
1331 971 1364 1000 δι’
1385 970 1529 1011 ἐπιγαμίαν
1556 970 1746 1011 θεραπαινίδων
1758 970 1811 1006 τὴν

1032 1019 1128 1053 ἑαυτῆς
1147 1017 1296 1057 ἐλευθερίαν
1321 1018 1522 1057 πιπράσκουσα,
1536 1017 1581 1047 καὶ
1594 1017 1646 1046 ὑπὸ
1660 1017 1736 1056 ζυγὸν
1751 1017 1809 1047 δου-

1031 1063 1103 1097 λείας
1117 1062 1257 1103 ἐρχομένη.
1270 1062 1305 1092 Ἢ
1317 1062 1345 1092 δὲ
1358 1062 1452 1103 πρώτη
1467 1063 1572 1093 δουλεία
1584 1063 1637 1093 ἀπὸ
1649 1065 1734 1099 κακῆς
1746 1074 1810 1093 συν-

1033 1109 1096 1146 έστη
1118 1109 1235 1148 γνώμης.
1249 1109 1303 1138 Καὶ
1313 1107 1393 1139 πόθεν
1406 1108 1555 1149 εὑρίσκεται
1577 1111 1594 1144 ἡ
1610 1108 1669 1149 ῥίζα
1683 1110 1731 1143 τῆς
1744 1109 1808 1138 δου-

1032 1155 1118 1193 λείας,
1142 1155 1231 1185 ἄκουε.
1257 1154 1335 1184 Μετὰ
1357 1154 1402 1184 τὸν
1415 1154 1603 1193 κατακλυσμὸν
1624 1157 1639 1184 ὁ
1664 1155 1725 1184 Νῶε
1739 1154 1811 1184 πιὼν

1033 1195 1115 1237 οἶνον,
1130 1201 1177 1230 καὶ
1190 1200 1227 1240 μὴ
1242 1201 1356 1240 κεράσας
1369 1201 1488 1241 αὖτὸντῇ
1503 1200 1640 1241 πρεπούσῃ
1649 1200 1757 1240 κράσει,
1773 1199 1808 1230 δι’

1033 1247 1155 1287 ἀπειρίαν
1179 1247 1309 1286 ἐμεθύσθη
1320 1269 1328 1283 ,
1353 1248 1382 1276 οὗ
1407 1246 1515 1286 γνώμης
1527 1246 1603 1276 νόσον
1615 1246 1808 1285 ἐνδειξάμενος,

1034 1294 1093 1323 ἀλλ’
1108 1293 1229 1333 ἀγνοίας·
1243 1293 1289 1323 καὶ
1302 1292 1434 1331 ἐμεθύσθη
1443 1314 1451 1328 ,
1479 1292 1524 1322 καὶ
1539 1292 1676 1331 μεθυσθεὶς
1686 1291 1808 1332 ἐγυμνώ-

1033 1342 1074 1375 θη.
1088 1339 1142 1369 Kal
1157 1338 1281 1368 εἰσελθὼν
1295 1335 1332 1372 εἷς
1359 1341 1411 1368 τῶν
1429 1340 1493 1368 υἱῶν
1507 1341 1602 1375 αὐτοῦ,
1631 1334 1684 1368 εἶδε
1701 1338 1750 1375 τὴν
1761 1341 1809 1368 τοῦ

1031 1386 1130 1426 πατρὸς
1141 1385 1274 1425 γύμνωσιν
1285 1407 1292 1421 ,
1308 1385 1353 1414 καὶ
1367 1385 1485 1424 ἐγέλασε.
1504 1386 1529 1414 Τ
1532 1385 1540 1414 ί
1551 1380 1595 1414 οὗν
1608 1387 1622 1414 ὁ
1635 1385 1725 1425 πατὴρ
1735 1385 1810 1421 ἐκνή-

1031 1433 1082 1471 ψας
1107 1431 1194 1471 λέγεις
1216 1431 1430 1470 Ἐπικατάρατος
1453 1433 1465 1446 ·
1474 1431 1583 1460 Χαναὰν
1593 1453 1602 1467 ,
1629 1435 1691 1464 παῖς
1704 1430 1808 1466 οἰκέτης

1031 1478 1106 1507 ἔσται
1119 1482 1173 1511 τοῖς
1185 1478 1305 1517 ἀδελφοῖς
1318 1477 1409 1506 αὐτοῦ.
1433 1476 1516 1517 Ὁρᾷς
1537 1478 1594 1510 πῶς
1613 1476 1660 1513 τὴν
1689 1476 1808 1506 δουλείαν

1033 1523 1169 1563 ἐγέννησεν
1178 1525 1195 1559 ἡ
1207 1523 1341 1563 ἁμαρτίας
1360 1522 1412 1561 Διὰ
1425 1526 1502 1552 τοῦτο
1514 1523 1586 1562 λέγει
1598 1525 1612 1552 ὃ
1626 1523 1735 1563 Σωτήρ·
1748 1524 1808 1556 Πᾶς

1034 1573 1047 1599 ὁ
1066 1572 1149 1599 ποιῶν
1169 1568 1217 1605 τὴν
1239 1569 1387 1609 ἁμαρτίαν,
1414 1569 1504 1602 δοῦλός
1528 1570 1585 1598 ἐστι
1599 1571 1647 1604 τῆς
1668 1569 1807 1609 ἁμαρτίας.

1034 1615 1113 1645 Ἐπεὶ
1132 1610 1176 1644 οὖν
1200 1610 1278 1651 ἦλθεν
1290 1617 1304 1644 ὁ
1318 1615 1493 1654 ἐλευθεροντὴς
1516 1617 1562 1644 τοῦ
1577 1615 1739 1655 ἀνθρωπίνου
1759 1616 1808 1655 γε’-

1033 1673 1092 1695 νους
1100 1683 1108 1697 ,
1123 1661 1169 1691 καὶ
1180 1660 1349 1701 συνεχώρησε
1363 1660 1411 1697 τὴν
1423 1661 1570 1700 ἁμαρτίαν,
1594 1663 1694 1700 μᾶλλον
1706 1662 1733 1692 δὲ
1745 1658 1807 1702 ἦρεν

1033 1707 1171 1747 (ἐκτεμὼν
1185 1707 1237 1748 γὰρ
1247 1708 1297 1743 τὴν
1310 1706 1398 1747 ῥίζαν,
1424 1706 1578 1747 συνεξέτεμε
1591 1707 1636 1737 καὶ
1658 1708 1718 1742 τοὺς
1739 1720 1809 1749 καρ-

1033 1754 1098 1788 ποὺς
1106 1754 1129 1793 ),
1151 1755 1227 1783 καλεῖ
1241 1753 1407 1789 δικαιοσύνης
1419 1753 1570 1793 εὐαγγέλιον
1579 1776 1587 1790 ,
1607 1753 1651 1783 διὰ
1664 1754 1695 1784 τὸ
1707 1755 1809 1788 πάντας

1033 1800 1129 1840 ὁμοίως
1148 1800 1278 1840 φωτίζειν.
1291 1799 1494 1839 Ὑπελάμὸανον
1508 1795 1552 1829 οῧν
1563 1801 1589 1830 οἱ
1599 1801 1723 1830 Ἰουδαῖοι
1735 1823 1743 1837 ,
1767 1801 1809 1831 ὅτι

999 1857 1019 1880 1)
1033 1847 1064 1876 τὸ
1075 1846 1225 1886 εὐαγγέλιον
1237 1845 1267 1875 τὸ
1280 1846 1473 1886 κηρυττόμενον
1489 1846 1523 1875 δι’
1537 1848 1616 1876 αὐτοῦ
1634 1848 1722 1881 αὐτοῖς
1735 1847 1809 1876 δίδο-

1034 1906 1079 1923 ται
1098 1893 1196 1932 μόνοις.
1210 1892 1308 1928 Ἐξέὸη
1327 1892 1355 1922 δὲ
1367 1893 1432 1932 παρ’
1442 1894 1551 1926 ἐλπίδας
1563 1896 1580 1929 ἡ
1590 1893 1745 1933 προσδοκία.
1759 1894 1812 1924 Διό

1035 1952 1114 1981 φησιν
1125 1943 1139 1969 ὃ
1152 1939 1236 1969 Δαυίδ
1244 1951 1251 1957 ·
1265 1938 1464 1977 Ὑπελάὸομεν,
1473 1941 1486 1968 ὁ
1501 1939 1569 1972 Θεὸς
1578 1961 1586 1976 ,
1598 1939 1629 1968 τὸ
1640 1939 1711 1973 ἔλεός
1725 1951 1771 1970 σου
1780 1942 1808 1970 ἐν

1037 1987 1110 2027 μέσῳ
1125 1989 1171 2015 τοῦ
1185 1987 1249 2014 λαοῦ
1264 1996 1324 2014 σου·
1339 1984 1409 2014 κατὰ
1418 1984 1448 2014 τὸ
1461 1984 1544 2023 ὄνομά
1556 1996 1602 2014 σου
1611 2008 1619 2022 ,
1634 1988 1648 2015 ὁ
1662 1985 1746 2021 Θεὸς,
1760 1985 1808 2015 οὕ-

1035 2045 1073 2063 τω
1084 2032 1129 2062 καὶ
1143 2034 1160 2067 ἡ
1176 2030 1272 2064 αἴνεσίς
1285 2042 1331 2060 σου
1353 2030 1397 2060 ἐπὶ
1410 2029 1444 2059 τὰ
1453 2030 1556 2070 πέρατα
1569 2033 1616 2067 τῆς
1623 2033 1680 2071 γῆς.
1695 2031 1749 2061 Καὶ
1766 2032 1809 2062 ἵνα

1014 2091 1023 2096 ·
1035 2078 1122 2118 δείξῃ,
1138 2077 1178 2107 ὅτι
1192 2077 1223 2107 τὸ
1235 2078 1342 2112 ἕλε’ἥσαι
1356 2075 1391 2105 τὰ
1403 2076 1507 2116 πέρατα
1515 2079 1563 2112 τῆς
1573 2078 1638 2116 γῆς,
1656 2078 1810 2114 δικαιοσύνη

1035 2125 1105 2154 ἐστὶν
1120 2146 1128 2159 ,
1160 2123 1287 2162 ἐπήγαγε·
1309 2121 1483 2158 Δικαιοσύνης
1496 2122 1601 2162 πλήρης
1619 2126 1636 2159 ἡ
1655 2123 1727 2158 δεξιά
1753 2136 1810 2155 σου.

1034 2170 1141 2200 ιὶῦὈταν
1163 2169 1228 2209 βαθύ
1253 2181 1280 2198 τι
1301 2167 1346 2198 καὶ
1364 2168 1527 2207 προφητικὸν
1545 2168 1666 2209 ἀνακύψῃ
1688 2170 1811 2210 ζήτημα,

1036 2217 1169 2256 σύνδραμε
1185 2216 1224 2254 τῷ
1248 2214 1335 2254 λόγῳ,
1365 2214 1402 2253 μὴ
1428 2216 1548 2253 κροτῶν,
1574 2214 1644 2244 ἀλλὰ
1666 2218 1748 2252 νοῶν,
1772 2217 1810 2255 μὴ

1036 2263 1126 2295 ἁπλῶς
1149 2260 1288 2300 δεχόμενος
1315 2259 1359 2289 τὸν
1383 2259 1475 2300 κρότον
1496 2262 1548 2289 τῶν
1571 2261 1713 2300 ῥημάτων,
1741 2263 1811 2292 ἀλλὰ,

238 2317 329 2356 plena
349 2321 392 2345 est
405 2314 526 2343 dextera
546 2317 608 2340 tua.
629 2309 856 2346 Quotiescumque
867 2309 981 2347 profun-
1001 2319 1018 2341 Ε
1036 2308 1084 2344 τὴν
1100 2308 1198 2337 ἔννοιαν
1209 2305 1356 2346 βασανίζων
1365 2307 1417 2334 τῶν
1432 2306 1582 2344 νοημάτων.
1606 2307 1671 2337 Ἐὰν
1680 2307 1731 2347 γὰρ
1744 2309 1810 2348 ᾅδῃς

240 2363 300 2393 dior
323 2362 414 2401 aliqua
432 2367 459 2389 et
471 2357 625 2399 prophetica
644 2366 700 2385 sese
713 2354 841 2384 obtulerit
859 2355 981 2393 quaestio,

241 2421 300 2440 eam
314 2407 473 2448 amplectere
485 2417 491 2433 z
503 2414 556 2433 non
569 2401 680 2442 quidem
689 2401 834 2441 applausu,
844 2400 891 2430 sed
903 2401 981 2430 intel-

243 2510 376 2543 oequaliter
391 2506 516 2540 gentibus,
529 2504 614 2528 merito
626 2503 651 2526 in
664 2501 710 2526 illo
717 2500 821 2534 justitia
836 2499 887 2523 Dei
899 2499 995 2523 revela-

1035 2353 1069 2383 τὰ
1086 2356 1131 2382 τοῦ
1142 2354 1212 2382 Θεοῦ
1230 2351 1297 2390 μετὰ
1311 2351 1449 2399 ἀληθείας,
1467 2351 1512 2380 καὶ
1527 2351 1644 2390 μάλιστα
1657 2352 1705 2389 τὴν
1719 2354 1808 2394 φωνὴν

1035 2400 1147 2434 ταύτην,
1167 2398 1200 2434 ἣν
1219 2399 1233 2426 ὁ
1259 2397 1343 2427 Δαυὶδ
1358 2400 1430 2427 εἶπεν
1441 2409 1448 2416 ·
1467 2397 1665 2437 Ὑπελάὸομεν,
1689 2402 1704 2429 ὁ
1722 2400 1808 2436 Θεὸς,

1079 2505 1088 2516 ³
1107 2501 1207 2523 Χαναὰν.
1217 2496 1259 2521 Sic
1269 2503 1363 2525 omnes,
1373 2501 1448 2527 atque
1457 2495 1491 2520 ita
1502 2495 1591 2528 legitur
1598 2497 1624 2521 in
1634 2496 1734 2530 Bibliis,
1744 2507 1808 2524 nunus

243 2557 289 2579 mr,
305 2547 445 2580 eljusmc'oe
466 2542 622 2577 evangelium
643 2545 754 2564 vocatur.
770 2539 804 2563 In
826 2537 907 2563 Veteri
924 2538 998 2570 igitur
1045 2536 1126 2562 codex
1137 2541 1200 2569 χάμ,

241 2589 309 2613 “TCSL
316 2599 327 2611 >)

1081 2578 1094 2595 b
1111 2576 1182 2600 Unus
1193 2579 1247 2602 ὅταν
1259 2578 1300 2607 μὲν
1313 2576 1357 2600 οὖν.
1371 2573 1438 2599 Alius
1450 2577 1503 2600 ὅταν
1519 2576 1564 2600 οὖν.
