1890 2826
59 419 142 441 λΙηιιΙι,
159 420 196 442 26.

55 452 95 473 (51.

57 483 196 513 dorin-219.

56 753 138 775 Arum
148 759 194 774 πο,

95 1401 192 1422 Historia

52 1432 190 1455 ‹lesen-mia.

50 1537 98 1557 der.
107 1536 145 1559 36.
162 1544 180 1558 ι,

51 1573 71 1587 2,

46 2046 136 2068 ll1i.1.v.
147 2046 167 2069 3.

212 178 278 200 200

209 244 308 274 cerent,
329 237 465 276 quomodo
492 238 635 278 prophetas
660 238 716 268 haec
745 238 951 279 praenuntiantes

209 283 351 313 tulissent?
374 283 521 321 Audivisti,
545 283 729 322 dilectissime,
749 291 859 325 propter
873 291 950 314 'tem-

209 330 297 369 plum,
312 337 338 360 et
352 337 460 370 propter
483 330 621 370 religionis
642 332 816 361 mutationem
836 330 872 360 ab
894 331 950 360 illis

208 387 270 405 cum
283 376 365 406 fuisse
385 376 534 416 lapidatum
550 389 558 406 z
574 376 650 414 audi,
671 388 726 416 quo
745 384 823 418 pacto
843 377 951 407 Christo

209 423 288 453 etiam
302 423 375 453 istud
392 424 480 464 ipsum
493 423 594 453 crimen
612 423 752 464 objiciant.
767 425 852 454 Dixit
865 424 949 461 enim,

210 469 345 509 inquiunt,
360 472 415 500 iste
427 483 435 499 .·
451 470 560 500 Solvite
573 471 718 511 templum
729 472 795 508 boe,
811 477 839 500 et
853 472 885 500 in
899 472 950 500 tri-

209 518 262 546 bus
278 517 380 546 diebus
393 518 527 546 excitabo
541 517 627 546 illud.
643 516 731 547 Vides
744 517 846 556 ubique
856 516 951 557 templi

207 562 426 598 destructionem,
436 573 466 592 ac
476 562 613 602 religionis
630 562 804 593 mutationem
817 563 900 592 bilem
915 563 950 592 il-

207 608 240 637 lis
254 607 386 655 movisse?
400 608 464 638 ldeo
481 608 606 638 dicebant
617 609 669 638 hoc
681 608 790 648 quidem
801 608 948 649 prophetae,

207 653 253 683 sod
272 654 410 684 evidenter
425 664 478 683 non
497 654 633 684 dicebant.
647 654 712 684 Ideo
733 655 849 685 Paulum
868 655 949 684 etiam

206 701 355 731 interficere
374 701 530 739 voluerunt,
552 701 626 741 quod
646 702 703 731 illis
727 700 898 741 persuaderet
920 708 950 731 ut

205 747 361 787 religionem
382 747 524 778 mutarent.
544 746 625 778 Unde
647 747 699 778 hoc
720 748 826 787 liquet?
848 749 947 784 Vides,

196 794 310 834 frater,
323 793 423 833 inquit,
436 799 507 833 quot
520 794 616 823 millia
634 799 702 823 sunt
717 795 747 822 in
758 794 883 830 Judaeis‚
898 797 950 834 qui

206 839 402 876 credidemnt,
413 845 443 868 et
448 849 547 868 omnes
554 841 605 869 isti
612 839 769 869 audierunt
776 840 813 869 de
821 846 858 876 te,
869 841 950 880 quod

206 886 408 915 discessionem
427 886 530 915 doceas
546 896 571 924 'a
590 886 663 926 lege.
678 885 786 915 Fideles
807 885 897 915 doceri
919 897 948 916 se

205 931 393 961 discessionem
412 942 427 960 a
440 931 499 971 lege
512 941 565 960 non
578 931 765 971 patiebantur;
781 938 806 961 et
818 931 867 971 qui
880 942 948 962 non-

205 977 272 1009 dum
308 976 486 1013 crediderant,
513 976 649 1015 quomodo
677 976 772 1006 audire
800 978 948 1017 potuissent

205 1023 272 1059 soi-c,
285 1029 315 1051 ut
323 1023 368 1051 lex
376 1021 521 1061 aliquando
529 1021 661 1051 cessaret?
669 1022 709 1052 Ac
716 1023 734 1052 J
736 1021 827 1051 udaeos
837 1022 947 1061 quidem

204 1069 387 1098 interfecturos
407 1068 490 1098 fuisse
502 1068 656 1108 prophetas,
671 1067 695 1097 si
707 1067 774 1107 quid
793 1068 845 1098 tale
857 1069 946 1099 mani-

203 1115 268 1144 feste
280 1114 477 1155 praedixissent,
492 1113 651 1144 testimoniis
666 1113 756 1144 allatis
767 1114 945 1152 ostendimus,

204 1172 237 1190 ex
251 1161 309 1201 ipso
323 1161 399 1190 beato
411 1160 540 1196 Jeremia,
551 1170 581 1189 ac
592 1167 787 1200 protomartyre
796 1161 943 1201 Stephano,

203 1219 238 1237 ex
251 1208 310 1248 ipso
321 1207 442 1244 Christo,
452 1214 478 1236 et
487 1206 608 1247 apostolo
623 1206 718 1235 Paulo.
729 1207 863 1237 Omnibus
873 1208 945 1238 enim

203 1253 295 1282 cadem
317 1252 425 1282 crimini
437 1252 542 1289 dantes,
556 1262 600 1281 eos
613 1251 647 1290 de
665 1251 754 1281 medio
767 1253 944 1283 sustulerunt.

202 1301 278 1339 Ipsos
291 1306 379 1329 autem
391 1298 560 1340 propheticos
569 1298 650 1337 etiam
661 1298 747 1328 libros
758 1299 946 1331 combusturus

201 1356 247 1375 eos
260 1346 352 1382 fuisse,
367 1345 391 1375 si
405 1356 464 1384 quae
484 1344 556 1374 dieta
569 1345 674 1374 fuerant
686 1345 880 1384 cognovissent,
893 1346 945 1377 hoc

202 1402 308 1431 quoque
325 1402 374 1432 per
387 1391 527 1421 historiam
539 1389 684 1430 quamdam
697 1391 814 1431 probare
826 1399 944 1432 satagam

203 1438 280 1468 vobis
293 1438 436 1474 occultam,
452 1436 499 1467 sed
512 1447 572 1476 quae
582 1437 721 1466 manifesta
733 1437 861 1467 continuo
873 1438 919 1468 fiet
932 1452 941 1469 ε

201 1484 237 1513 ita
256 1484 372 1513 conabor
386 1484 463 1513 illam
481 1493 622 1523 exponere.
642 1484 773 1520 Quaenam
792 1484 875 1523 igitur
895 1485 943 1514 illa

201 1531 311 1560 historin
320 1530 365 1567 sit,
375 1529 477 1559 audite.
486 1531 514 1559 E
518 1537 527 1559 t
529 1530 651 1570 sactum
658 1537 701 1560 est
709 1531 741 1558 in
748 1541 827 1560 anno
837 1539 943 1571 quarto

199 1577 386 1618 Joacimfilii
398 1578 422 1606 J
422 1578 489 1605 osioe
501 1578 577 1616 regis
595 1577 618 1606 J
619 1577 689 1613 uda,
704 1577 780 1606 dixit
797 1578 942 1608 Dominus

198 1624 241 1652 ad
261 1624 420 1653 Jeremt'am
437 1637 445 1652 .-
459 1623 558 1652 Scribe
577 1624 677 1651 omnia
690 1624 794 1660 verba,
810 1634 876 1662 quoe
895 1625 941 1653 lo-

198 1676 305 1709 quutus
325 1679 389 1698 snm
411 1669 454 1697 ad
475 1675 513 1705 te,
529 1678 549 1697 a
570 1669 671 1697 diebus
692 1669 783 1698 Josiae
796 1679 888 1710 usque
901 1672 943 1699 ad

199 1715 276 1743 diem
291 1715 369 1744 hanc
383 1727 391 1743 :
406 1715 458 1744 hoc
470 1721 519 1749 est,
534 1714 624 1743 omnia
637 1714 721 1752 mala,
736 1725 796 1754 quse
808 1715 896 1756 cogito
906 1717 941 1746 fa-
959 1713 978 1737 Ε

198 1772 258 1790 ecre
275 1761 324 1790 cis.
338 1760 423 1797 Vide,
438 1759 505 1799 quid
517 1760 650 1800 benignus
668 1770 700 1789 ac
717 1760 849 1801 providus
869 1761 942 1792 dicat

198 1808 281 1838 Deus.
304 1807 374 1836 Nam
402 1806 529 1845 quoniam
555 1806 660 1845 singula
686 1806 814 1835 nolebant
835 1806 939 1844 audire,

198 1853 314 1892 Collige,
330 1853 428 1892 inquit,
443 1852 490 1881 illa
508 1852 609 1889 omnia,
623 1863 655 1881 ac
677 1859 779 1882 metum
807 1864 886 1893 auge,
911 1861 942 1884 ut

198 1899 240 1928 vel
255 1899 305 1928 hac
317 1898 419 1927 ratione
431 1897 598 1937 resipiscant.
611 1898 800 1927 Recordamini
814 1899 940 1938 promissi

197 1944 279 1973 nostri
292 1957 298 1973 t
310 1944 336 1973 in
346 1943 494 1983 quaestione
501 1944 673 1983 positumest,
681 1950 710 1972 ut
719 1943 888 1974 ostendamus
895 1956 940 1975 eos

196 1990 527 2030 librosipsoslaceraturos
537 1989 629 2025 fuisse,
639 1989 662 2018 si
678 1996 773 2018 cuncta
786 2000 845 2028 quae
858 1990 940 2020 hodie

197 2036 376 2075 contigerunt,
392 2034 448 2063 illis
460 2035 487 2063 in
501 2041 615 2063 mentem
629 2034 774 2064 venissent.
785 2037 875 2065 Forte
887 2047 939 2065 au-

198 2084 278 2111 dient
286 2080 366 2111 niala
373 2084 383 2118 (
391 2081 582 2110 adhaerendum
588 2081 660 2110 enim
670 2087 708 2110 est
715 2081 832 2110 historiae
839 2084 848 2118 )
855 2106 864 2119 ,
874 2093 939 2123 quse
947 2113 972 2132 ¹7

550 176 579 201 S.
606 176 741 201 JoANNts
766 175 952 201 CHRYS'OST.
981 177 1134 201 Alterum).
1162 177 1426 202 CONSTANTINOP.

1005 237 1155 276 Ἤκουσας,
1170 239 1290 278 ἅγαπητὲ
1301 260 1308 274 ,
1322 239 1362 269 ὅτι
1378 238 1420 268 διὰ
1433 239 1478 269 τὸν
1496 239 1556 269 ναὸν
1568 239 1613 269 καὶ
1625 239 1673 276 τὴν
1688 239 1773 279 μετά-

1005 286 1076 313 θεσιν
1087 287 1135 320 τῆς
1145 285 1279 318 πολιτείας
1292 285 1370 315 αὐτὸν
1384 286 1523 315 ἐλίθασαν·
1535 285 1646 315 ἄκουσον
1657 288 1714 319 πῶς
1727 286 1773 315 καὶ

1004 332 1043 370 τῷ
1062 331 1171 371 Χριστῷ
1190 334 1268 361 τοῦτο
1280 331 1455 371 προφέρουσιν
1466 331 1598 370 ἔγκλημα.
1617 327 1683 362 Εἷπε
1704 331 1773 371 γὰρ,

1005 376 1094 415 φησὶν,
1109 372 1183 410 οὗτος
1192 388 1198 395 ·
1212 377 1317 406 Λύσατε
1327 377 1375 406 ,τὸν
1389 377 1450 406 ναὸν
1465 379 1569 412 τοῦτον,
1582 376 1628 406 καὶ
1640 378 1668 406 ἐν
1687 377 1773 416 τρισὶν

1004 421 1116 462 ἡμέραις
1129 423 1213 462 ἐγερῶ
1233 423 1319 452 αὐτόν.
1340 418 1418 456 Εἶδες
1439 425 1496 456 πῶς
1508 425 1645 462 πανταχοῦ
1658 424 1676 458 ἡ
1690 422 1772 453 κατά-

1004 467 1078 501 λυσις
1091 470 1137 498 τοῢ
1151 471 1214 498 vauri
1223 492 1231 506 ‚
1252 469 1298 499 καὶ
1320 471 1337 505 ἡ
1359 468 1498 508 μετάθεσις
1514 470 1563 504 τῆς
1574 468 1708 503 πολιτείας
1725 468 1773 505 τὴν

1004 513 1085 552 ὀργὴν
1104 514 1192 548 αὐτοῖς
1204 514 1316 545 ἐνεποίει
1326 526 1335 553 5
1351 515 1404 545 Διὰ
1414 517 1492 545 τοῦτο
1503 514 1592 553 ἔλεγον
1607 514 1656 553 μὲν
1668 516 1693 544 οῖ
1705 525 1772 554 προ-

1005 561 1087 598 φῆται
1097 562 1198 597 ταῦτα,
1210 561 1258 590 οὐκ
1272 561 1361 600 ἔλεγον
1375 561 1402 590 δὲ
1415 562 1543 601 φανερῶς.
1562 559 1615 590 Διὰ
1632 562 1710 590 τοῦτο
1728 559 1773 590 καὶ

1004 605 1111 634 Παῦλον
1124 605 1264 636 ἐὸούλοντο
1278 602 1389 642 δινελεῖν,
1408 606 1450 636 ὅτι
1469 606 1571 636 ἔπειθεν
1583 605 1677 639 αὐτοὺς
1688 617 1773 645 μετα-

1003 651 1121 681 τίθεσθαι
1142 652 1195 681 ἀπὸ
1218 655 1266 688 τῆς
1295 652 1437 686 πολιτείας.
1460 652 1546 682 Πόθεν
1571 654 1650 682 τοῦτο
1671 652 1751 687 δῆλον
1764 663 1773 687 ;

1003 699 1134 737 Θεωρεῖς,
1148 698 1236 739 φησὶν,
1251 698 1363 738 ἄδελφὲ,
1385 698 1467 728 πόσαι
1487 698 1611 738 μυριάδες
1632 697 1698 727 εἰσὶν
1709 697 1774 727 Ἰου-

1003 744 1083 773 δαίων
1102 746 1155 774 τῶν
1168 744 1398 781 πεπιστευκότων,
1418 743 1464 773 καὶ
1477 740 1549 773 οὗτοι
1569 743 1667 777 πάντες
1685 743 1773 779 κατή-

1001 801 1098 828 χηνται
1107 791 1167 831 περὶ
1180 793 1237 826 σοῦ,
1252 791 1293 820 ὅτι
1304 790 1470 820 ἀποστασίαν
1480 791 1526 819 τοῦ
1539 789 1620 828 νόμου
1632 788 1772 822 διδάσκεις.

1000 837 1036 865 Οἱ
1051 837 1140 866 πιστοὶ
1152 838 1200 866 οὐκ
1214 837 1351 877 ἠνείχοντο
1365 836 1535 866 διδάσκεσθαι
1547 835 1714 865 ἀποστασίαν
1724 837 1772 865 τοῦ

1001 881 1094 919 νόμου·
1109 882 1154 912 καὶ
1167 884 1191 912 οἱ
1205 882 1308 912 οὐδέπω
1321 882 1509 915 πιστεύσαντες
1521 883 1578 915 πῶς
1589 881 1620 910 ἂν
1629 880 1774 921 ἠνέσχοντο

1001 928 1122 964 ἀκοῦσαι,
1136 928 1178 957 ὅτι
1196 928 1361 964 παυθήσεται
1371 930 1386 958 6
1399 928 1476 967 νόμος
1493 927 1572 964 ποτέ;
1586 926 1650 957 Ὀτι
1664 927 1713 966 μὲν
1723 922 1772 956 ὀὖν

1000 972 1060 1007 τοὺς
1082 973 1219 1014 προφήτας
1245 973 1402 1003 ἀπέκτειναν
1425 973 1456 1003 ἂν
1480 974 1505 1003 οἱ
1528 973 1652 1002 Ἰουδαῖοι
1663 993 1672 1008 ,
1695 973 1722 1002 εἴ
1745 976 1772 1002 τι

1001 1020 1118 1048 τοιοῦτον
1133 1020 1222 1059 σαφῶς
1235 1023 1370 1059 προεῖπον,
1383 1018 1519 1058 ἐδείξαμεν
1532 1018 1586 1048 ἀπὸ
1596 1020 1650 1048 τῶν
1668 1030 1772 1059 μαρτυ-

1003 1065 1077 1103 ριῶν,
1091 1064 1146 1094 ἀπό
1157 1076 1186 1094 τε
1200 1067 1246 1094 τοῦ
1261 1066 1391 1105 μακαρίου
1403 1065 1542 1107 Ἱερεμίου,
1551 1064 1654 1095 καὶτοῦ
1664 1076 1771 1105 πρωτο-

1001 1109 1132 1151 μάρτυρος
1155 1111 1301 1151 Στεφάνου,
1322 1112 1368 1141 ἀπ’
1393 1112 1472 1141 αὐτοῦ
1494 1114 1544 1141 τοῦ
1565 1112 1682 1152 Χριστοῦ
1692 1133 1703 1150 ,
1725 1112 1771 1141 καὶ

1000 1159 1046 1185 τοῦ
1058 1157 1205 1186 ἀποστόλου
1219 1156 1338 1187 Παύλου.
1354 1154 1429 1187 Ile'm
1441 1157 1493 1197 γὰρ
1503 1157 1538 1187 τὰ
1549 1157 1616 1187 αι’νεὰ
1626 1158 1771 1196 ἐγκαλοῦν-

1000 1213 1043 1235 τες
1053 1223 1061 1238 ,
1081 1201 1164 1236 οὕτως
1184 1202 1277 1236 αὐτοὺς
1298 1203 1410 1234 ἀνεῖλον.
1425 1202 1489 1232 Ὅτι
1501 1202 1529 1233 δὲ
1542 1204 1588 1233 καὶ
1602 1202 1670 1232 αὐτὰ
1682 1203 1717 1232 τὰ
1731 1204 1772 1242 βι-

1000 1247 1063 1276 &Ma
1084 1247 1251 1277 κατέκαυσαν
1274 1248 1305 1278 ἂν
1325 1248 1360 1278 τὰ
1380 1248 1542 1289 προφητικὰ,
1560 1251 1584 1278 εἰ
1602 1249 1719 1278 συνεῖδον
1736 1244 1770 1278 τᾶ

998 1293 1138 1332 λεγόμενα,
1153 1294 1198 1323 καὶ
1209 1296 1287 1323 τοῦτο
1299 1296 1471 1334 παραστῆσαι
1484 1294 1646 1334 πειράσομαι
1662 1294 1716 1324 ἀπό
1728 1306 1771 1324 τι-

998 1351 1041 1372 νος
1052 1339 1168 1379 ἱστορίας
1177 1361 1185 1377 ,
1198 1340 1383 1380 κεκρυμμένης
1397 1340 1444 1379 μὲν
1455 1342 1526 1379 ὑμῖν,
1540 1340 1622 1376 δήλης
1638 1339 1771 1379 &ticoni-

998 1397 1044 1421 νης
1068 1386 1164 1415 αὐτίκα
1185 1386 1217 1422 δὴ
1236 1387 1310 1425 μάλα
1319 1398 1326 1405 ·
1348 1386 1417 1416 οὕτω
1439 1387 1490 1427 γὰρ
1512 1387 1594 1423 αὐτὴν
1608 1387 1769 1427 ἀπαγγεῖλαι

998 1432 1218 1472 πειράσομαι.Τίς
1229 1428 1273 1463 οῧν
1284 1435 1301 1469 ἡ
1316 1433 1428 1473 ἱστορία,
1443 1433 1582 1463 ἀκούσατε.
1602 1433 1656 1463 Καὶ
1666 1433 1770 1473 ἐγένετο

998 1478 1026 1507 ἐν
1039 1480 1078 1518 τῷ
1091 1478 1209 1518 τετάρτῳ
1234 1478 1287 1508 ἔτει
1301 1478 1427 1518 Ἰωακεὶμ
1440 1480 1496 1509 υἱοῦ
1516 1479 1618 1509 Ἰωσίου
1639 1479 1769 1519 βασιλέως

998 1523 1095 1559 Ἰούδα,
1113 1519 1171 1553 εἶπε
1186 1524 1282 1565 Κύριος
1298 1525 1364 1565 πρὸς
1374 1525 1506 1566 Ἱερεμίαν
1516 1537 1524 1544 ·
1545 1526 1646 1566 γράψον
1666 1525 1768 1559 πάντας

997 1570 1057 1604 τοὺς
1066 1569 1167 1609 λόγους,
1179 1570 1222 1604 οὓς
1238 1570 1408 1611 ἐχρημάτισα
1417 1571 1482 1612 πρὸς
1495 1571 1526 1602 σὲ
1543 1571 1596 1601 ἀπὸ
1608 1573 1656 1607 τῆς
1666 1571 1768 1612 ἡμέρας

998 1615 1115 1654 Ἰωσίου,
1131 1617 1179 1650 ἕως
1202 1619 1250 1653 τῆς
1269 1617 1371 1657 ἡμέρας
1390 1617 1501 1655 ταύτης·
1522 1617 1658 1654 τουτέστι,
1679 1617 1767 1647 πάντα

996 1662 1030 1691 τὰ
1051 1662 1138 1699 κακὰ,
1160 1663 1178 1692 ἃ
1192 1663 1331 1703 λογίζομαι
1343 1665 1455 1699 ποιῆσαι
1474 1665 1571 1698 αὐτοῖς.
1583 1664 1658 1704 Ὅρα
1675 1664 1702 1694 τί
1721 1675 1767 1704 φι-

996 1709 1149 1749 λάνθρωπος
1159 1712 1174 1739 6
1184 1709 1253 1743 Θεὸς
1261 1710 1307 1740 καὶ
1317 1710 1497 1749 κηδεμονικός.
1507 1710 1620 1747 Ἐπειδὴ
1633 1710 1684 1751 γὰρ
1697 1711 1767 1740 κατὰ

997 1754 1075 1795 μέρος
1089 1756 1201 1784 ἀκοῦσαι
1217 1756 1266 1785 οὔκ
1276 1756 1422 1797 ἠνείχοντο,
1436 1755 1584 1796 συνάγαγε,
1598 1756 1688 1797 φησὶν,
1699 1755 1767 1786 αὐτὰ

996 1801 1093 1836 πάντα,
1107 1801 1153 1831 καὶ
1162 1801 1274 1837 αὔξησον
1285 1801 1329 1831 τὸν
1340 1802 1430 1842 φόὸον,
1438 1804 1450 1818 ⁸
1457 1801 1500 1832 ἵνα
1509 1802 1559 1832 κᾶν
1568 1801 1638 1832 οὕτω
1649 1801 1767 1842 βελτίους

995 1846 1131 1886 γένωνται.
1154 1847 1341 1886 Μνημονεύετε
1363 1849 1411 1883 τῆς
1425 1847 1608 1888 ὑποσχέσεως·
1626 1848 1658 1877 τὸ
1676 1847 1766 1884 ζητού-

996 1904 1073 1931 μενον
1085 1895 1150 1932 ἡμῖν
1170 1893 1251 1927 δεῖξαι
1259 1915 1270 1929 ,
1283 1892 1337 1922 ὅτικ
1343 1893 1389 1923 καὶ
1402 1893 1436 1923 τὰ
1450 1893 1542 1932 βιὸλία
1560 1894 1592 1922 ἂν
1603 1893 1671 1923 αὐτὰ
1684 1894 1765 1923 κατέ-

995 1939 1088 1979 κοψαν,
1100 1940 1124 1968 εἴ
1141 1938 1252 1976 ἐνόησαν
1265 1939 1299 1968 τὰ
1319 1939 1434 1979 σήμερον
1449 1939 1565 1969 ἐκόάντα
1577 1939 1674 1971 πάντα.
1687 1939 1766 1973 Ἴσως

995 1984 1152 2014 ἀκούσονται
1165 1985 1235 2015 κακὰ
1248 1985 1258 2024 (
1269 1985 1307 2014 δεῖ
1325 1985 1377 2025 γὰρ
1397 1985 1505 2025 ἔχεσθαι
1521 1987 1568 2021 τῆς
1582 1985 1716 2026 ἱστορίας)
1725 2008 1733 2023 2
1747 1986 1765 2015 ἃ

994 2030 1133 2070 λογίζομαι
1145 2033 1256 2066 ποιῆσαι
1268 2032 1371 2067 αὐτοῖς,
1389 2031 1435 2061 καὶ
1448 2031 1698 2072 ἀποστραφήσονται
1711 2031 1765 2061 ἀπὸ

994 2079 1042 2113 τῆς
1059 2078 1120 2106 ὁδοῦ
1135 2078 1221 2106 αὐτῶν
1242 2079 1291 2113 τῆς
1306 2082 1431 2117 πονηρᾶς.
1445 2076 1541 2115 Ἴσως,
1555 2079 1570 2107 6
1582 2077 1651 2111 Θεὸς
1671 2077 1763 2117 λέγεις

196 2131 291 2170 cogito
290 2130 398 2170 facere
407 2130 459 2163 eis,
470 2134 498 2157 et
508 2134 677 2157 avertentur
685 2138 704 2156 a
711 2129 763 2157 via
771 2139 825 2157 sua
831 2140 936 2167 prava.
956 2114 984 2164 Λᾶ
994 2124 1092 2163 ἀγνοεῖ,
1102 2123 1160 2152 εἶπέ
1177 2135 1231 2162 μθῑ»
1241 2123 1275 2152 τὰ
1285 2123 1397 2162 ἐσόμενα
1405 2136 1414 2160 5
1423 2124 1471 2153 ‘¹52‘
1480 2118 1548 2153 Οἶδεν
1557 2124 1581 2152 ῑῖ
1591 2123 1762 2160 innodamus,

197 2178 297 2212 Forte,
306 2175 374 2204 dicit
383 2175 474 2204 Deus?
485 2185 549 2203 num
557 2174 753 2213 igitur,quae50‚
763 2175 852 2205 futura
865 2176 938 2215 igno-

195 2222 256 2252 rat?
267 2232 320 2251 non
327 2221 403 2251 novit
415 2231 447 2249 an
462 2219 581 2249 audituri
595 2219 657 2256 sint,
666 2220 689 2248 is
700 2220 747 2258 qui
758 2221 833 2250 novit
847 2223 937 2252 omnia

195 2274 335 2307 antequam
350 2267 425 2303 fiant,
440 2266 487 2305 qui
506 2265 587 2294 corda
600 2272 733 2294 scrutatur
749 2273 776 2295 et
789 2277 876 2304 renes,
892 2269 938 2306 qui

194 2313 325 2343 discretor
335 2319 375 2342 est
388 2311 579 2351 cogitationum
588 2317 615 2340 et
626 2312 767 2348 mentium,
779 2313 856 2352 cujus
873 2324 937 2342 ocu-

195 2359 229 2388 lis
249 2358 321 2388 nuda
334 2365 360 2387 et
373 2364 463 2397 aperta
479 2364 541 2386 sunt
556 2357 667 2386 omnia?
679 2358 736 2387 Cur
752 2364 840 2387 autem
854 2358 935 2395 dixit,

195 2405 285 2432 Forte
296 2403 435 2432 audient?
451 2402 521 2431 Nam
531 2407 556 2430 et
564 2401 620 2430 haec
631 2411 719 2441 operae
732 2401 848 2441 pretium
857 2403 938 2432 suerit

194 2460 242 2479 vos
254 2450 389 2486 didicisse,
401 2455 510 2489 propter
522 2459 567 2478 cos
578 2449 627 2487 qui
646 2448 782 2488 unigenito
799 2449 849 2478 Dei
864 2450 936 2479 Filio

226 2561 235 2571 π
254 2553 294 2578 Sic
304 2552 460 2585 ch.1nelius
476 2560 551 2585 cluam
564 2552 663 2585 atii‚qui
675 2551 769 2577 habent
781 2556 814 2578 ἵνα
827 2556 862 2578 καὶ
875 2556 951 2582 οὕτως.

993 2171 1007 2198 ὁ
1023 2169 1097 2203 εἰδὼς
1117 2169 1205 2198 πάντα
1218 2169 1279 2209 πρὶν
1292 2169 1430 2209 γενέσεως,
1446 2171 1460 2198 6
1477 2169 1575 2203 ἐτάζων
1590 2168 1699 2208 καρδίας
1717 2169 1762 2199 καὶ

991 2215 1108 2255 νεφροὺς,
1122 2218 1136 2244 6
1146 2215 1262 2254 κριτικὸς
1271 2214 1437 2253 ἐνθυμήσεων
1447 2214 1490 2243 καὶ
1501 2215 1606 2244 ἐννοιῶν
1615 2227 1624 2252 3
1639 2211 1662 2255 ᾧ
1674 2215 1762 2245 πάντα

991 2261 1078 2300 γυμνὰ
1098 2261 1144 2290 καὶ
1167 2260 1397 2300 τετραχηλισμένα
1421 2264 1474 2293 τοῖς
1493 2261 1636 2300 ὀφθαλμοῖς
1661 2262 1762 2298 αὐτοῦς

992 2309 1071 2341 Τίνος
1089 2308 1117 2337 δὲ
1139 2307 1225 2337 ἕνεκεν
1245 2307 1342 2346 ἔλεγεν,
1356 2306 1435 2339 Ἴσως
1450 2305 1606 2336 ἀκούσονται
1615 2318 1624 2343 3
1640 2306 1694 2337 Καὶ
1709 2306 1760 2346 γὰρ

990 2355 1035 2383 καὶ
1060 2356 1145 2383 ταῦτα
1158 2354 1299 2393 ἀναγκαῖον
1315 2355 1383 2392 ὑμᾶς
1407 2352 1558 2390 μανθάνειν,
1571 2351 1615 2382 διὰ
1636 2351 1695 2385 τοὺς
1714 2353 1759 2391 ἐγ-

990 2404 1134 2436 καλοῦντας
1145 2403 1251 2442 ἄγνοιαν
1261 2404 1299 2442 τῷ
1310 2403 1461 2442 Μονογενεῖ.
1472 2401 1541 2432 Ἰδοὺ
1551 2401 1604 2441 γὰρ
1617 2400 1662 2431 καὶ
1673 2402 1688 2430 6
1700 2401 1758 2430 Πα-

989 2452 1039 2491 τὴρ
1056 2453 1207 2491 ἀγνοοῦντος
1226 2452 1366 2493 φθέγγεται
1381 2451 1487 2491 ῥήματα
1499 2463 1506 2470 ·
1520 2450 1551 2480 τὸ
1563 2449 1629 2490 γὰρ,
1657 2449 1734 2482 Ἴσως
1746 2471 1754 2487 ,
