1904 2840
75 657 130 674 eux
138 641 221 671 sionis
231 641 290 685 ejus
303 640 428 677 instabat,
438 646 464 669 et
477 650 530 668 non
542 649 614 668 mors
623 649 685 668 cum
696 648 762 677 urge

0 1360 49 1384 rani.
56 1367 64 1384 i
70 1377 76 1383 .
85 1362 123 1385 26.

1 2314 7 2322 .
19 2299 71 2321 Cor.
89 2307 108 2321 i.

0 2330 94 2353 ⁶.—28.

603 222 636 245 IN
660 220 866 245 MAT‘riiAEUM.
895 219 1012 243 nomi„

1042 221 1174 246 xxxvii.

1611 214 1682 265 895

144 293 196 317 etc.
209 287 290 323 Puto,
303 294 345 316 res
357 284 416 325 ipsa
429 283 525 329 effigit,
540 289 571 313 ut
581 293 742 322 quaeramus.
753 283 890 320 Frequen«
900 284 920 307 Δ
936 280 1075 325 ptismum‚
1089 282 1151 312 sacti
1164 289 1227 313 sunt
1239 284 1274 314 de
1287 284 1435 316 immundis
1452 287 1615 319 animalibus
1631 289 1680 319 lio-

140 328 181 356 ter
190 325 300 365 quidem
310 325 388 355 Jesus
396 330 470 354 venit
483 334 510 352 in
523 322 681 367 Jerusalem,
688 322 757 367 sicut
767 321 884 366 ,Ioannes

140 371 262 400 testatur,
278 374 424 403 numquam
433 370 520 392 tamen
532 363 586 392 sibi
599 362 724 407 adhibuit
736 367 883 406 ministeria

138 407 333 443 jumentorum,
349 414 396 433 nec
413 413 549 433 ramorum
563 402 633 447 eirca
646 412 674 431 se
687 407 803 431 virentia
816 410 881 430 con-

139 444 227 474 stituit
246 450 412 480 ornamenta,
426 453 476 472 nec
487 442 523 472 ad
536 441 684 471 terribilem
702 440 810 486 lau-dem
827 450 882 469 suae

139 483 290 513 divinitatis
310 483 414 512 animos
439 482 534 522 populi
561 481 702 517 excitavit,
725 490 777 509 nisi
802 479 882 509 modo

140 523 248 562 quando
275 529 305 551 ut
326 528 462 562 pateretur
485 520 615 551 ascendit.
642 519 709 549 Ideo
732 529 795 559 ergo
818 529 882 548 eum

139 569 212 592 tanta
233 562 317 602 gloria
331 568 370 591 est
389 562 534 606 ingressus,
546 567 577 590 ut
595 560 711 600 amplius
724 569 817 588 eorum
830 557 882 588 ad-

138 611 233 632 versus
244 612 272 631 se
282 601 409 631 excitaret
421 599 635 638 invidiam,quia
641 601 697 639 jain
709 605 814 667 oemputs
825 608 883 667 pasi-

781 648 795 667 a
810 661 818 673 ,
833 649 861 667 se

139 681 197 726 ipse
215 690 301 719 magis
317 679 446 710 adversus
461 690 488 708 se
504 690 562 708 com
584 678 648 708 ellat
661 683 783 707 mortem.
799 679 879 722 Quo-

140 727 207 750 tiens
220 721 291 749 enim
303 720 338 750 de
349 718 472 748 manibus
485 729 544 748 sace
578 725 652 747 otum
665 717 772 756 elapsus
778 724 878 762 evasit,

138 770 201 789 cum
212 766 279 789 esset
292 759 438 789 invisibilis
448 758 554 788 factus?
569 756 684 794 Quando
696 757 714 786 J
716 756 785 786 udaei
796 757 880 786 Chri-

137 806 209 829 stum
223 799 368 829 voluerunt
380 797 511 834 occidere,
525 804 632 836 tangere
644 807 707 826 eum
721 805 773 825 non
788 803 880 836 potue-

936 330 1021 349 mines
1033 321 1128 350 sancti.
1141 323 1266 364 Percepta
1279 325 1350 354 enim
1361 326 1436 356 verbi
1447 327 1559 364 ratione,
1571 329 1679 369 sapien-

936 359 972 388 tia
989 359 1040 388 Dei
1058 360 1120 389 facti
1142 369 1203 391 sunt
1220 364 1409 402 rationabiles,
1426 373 1452 396 et
1467 367 1612 407 prudentes
1630 380 1637 397 ε
1652 376 1680 398 et

933 397 1041 428 inventa
1064 407 1103 429 est
1121 400 1342 433 irrationabilitas
1363 415 1456 435 eorum
1478 417 1534 436 osse
1552 408 1680 448 simplici-

933 443 983 474 tas,
999 445 1025 467 et
1038 439 1151 469 stultitia
1162 451 1254 471 eorum
1267 445 1453 474 mansuetudo.
1467 447 1536 475 Nam
1547 447 1679 487 simplici-

934 483 984 514 tas,
1004 478 1061 507 sine
1084 479 1185 509 ratione
1207 482 1295 518 verbi,
1318 483 1435 514 hominis
1457 485 1679 518 irrationabilitas

933 523 972 545 est
992 529 998 545 x
1024 524 1049 546 et
1068 520 1244 550 mansuetudo
1266 522 1288 550 si
1315 532 1368 552 non
1387 524 1422 553 sit
1444 532 1554 565 propter
1579 528 1677 565 Deum,

932 555 1045 586 stultitia
1065 565 1115 587 est.
1141 559 1239 590 Adhuc
1260 568 1350 590 autem
1366 570 1470 603 accepta
1486 566 1580 603 gratia,
1595 573 1621 595 et
1634 578 1679 596 rc-

932 595 1038 636 cognita
1058 599 1255 635 regeneratione
1277 611 1326 630 sua
1347 602 1444 631 caelesti
1458 625 1466 638 ‚
1479 605 1541 633 facti
1562 613 1624 635 sunt
1644 606 1679 636 de

931 634 1047 664 infirmis
1070 643 1099 665 et
1115 637 1149 666 de
1170 638 1336 676 ignobilibus
1360 641 1441 671 fortes
1462 649 1488 672 et
1510 644 1612 674 nobiles
1628 657 1636 674 .·
1652 653 1679 676 et

931 684 990 712 quae
1007 675 1150 705 videbatur
1170 677 1321 715 infirmitas,
1340 679 1489 711 innocentia
1511 690 1550 712 est
1570 684 1678 715 inventa

931 713 958 742 in
971 714 1019 750 eis,
1036 714 1190 754 ignobilitas
1202 724 1290 748 autem
1304 719 1453 750 humilitas.
1475 723 1544 751 Nam
1556 723 1678 754 innocen-

931 753 968 782 tia
984 754 1042 783 sine
1065 756 1120 784 Deo
1142 756 1285 787 infirmitas
1307 759 1469 797 aestimatur,
1491 768 1517 790 et
1539 762 1678 794 humilitas

930 803 982 822 non
996 801 1104 834 propter
1116 796 1205 825 Deum
1218 796 1372 835 ignobilitas
1384 799 1533 839 judicatur.
1547 803 1618 832 Item
1631 814 1677 833 re-

137 846 210 868 runt.
227 837 342 875 Quando
362 844 450 866 autem
471 837 529 877 ipse
550 842 679 875 sequutus
697 842 736 865 est
753 843 876 873 mortem,
926 833 1047 879 jimeutes
1060 844 1074 862 a
1088 845 1116 863 se
1129 845 1208 880 onera
1226 836 1389 876 daemonum,
1402 840 1575 886 suscipientes
1596 852 1679 882 super

136 889 246 918 parcere
257 877 281 907 ei
293 877 382 908 Judaei
394 886 447 906 non
461 883 615 916 potuerunt.
633 876 706 915 Ergo
719 876 741 904 si
752 875 879 906 'Christus
895 880 913 903 B
930 882 957 916 §e
977 882 1076 912 Jugum
1094 874 1194 903 Christi
1217 886 1318 914 suave,
1335 885 1360 907 et
1381 889 1449 908 onus
1473 890 1531 925 eju-s
1554 881 1629 917 leve,
1652 890 1678 913 et

136 927 182 947 eos
206 917 373 957 provocavit,
398 916 499 945 fortene
524 915 558 945 de
578 921 663 945 morte
682 925 730 944 sua
752 915 814 944 fecit
835 926 880 944 eos

134 956 280 987 innoxios?
298 956 386 985 Absit.
410 955 547 985 Excitavit
567 965 623 991 eos,
639 965 692 983 non
714 960 744 983 ut
765 954 880 984 facerent

135 995 210 1035 quod
221 1003 282 1026 ante
301 995 451 1032 noluerant,
465 994 511 1024 sed
533 1002 563 1024 ut
618 994 684 1023 ssint
703 993 789 1023 faeere
806 994 880 1033 quod

134 1036 212 1076 prius
223 1035 350 1065 volebant
365 1048 372 1063 z
388 1034 500 1064 facultas
518 1034 556 1063 eis
605 1041 631 1063 ta
646 1040 698 1069 est,
713 1043 765 1062 non
779 1040 879 1063 mutata

135 1075 270 1106 voluntas.
297 1075 379 1105 Tunc
405 1075 493 1103 Jesus
516 1075 593 1103 misit
616 1074 690 1102 duos
711 1073 880 1112 discipulos,

134 1117 165 1145 2.
181 1115 282 1144 dicens
301 1116 342 1143 eis
358 1126 366 1143 ε
385 1115 431 1143 Ite
450 1115 482 1142 in
504 1113 657 1142 castellum
678 1113 758 1152 quod
779 1119 881 1142 contra

133 1164 189 1184 vos
200 1160 254 1191 est,
269 1160 298 1184 et
308 1154 463 1194 confestim
481 1153 634 1182 invenietis
648 1154 763 1181 asinam
775 1152 882 1193 alliga-

135 1201 207 1230 tam,
222 1200 252 1223 et
271 1193 387 1233 pullum
409 1202 474 1222 cum
498 1202 544 1221 ea.
565 1191 677 1221 Solvite
697 1198 725 1220 et
743 1192 882 1222 adducite

136 1234 220 1263 mihi.
235 1233 316 1263 Asina
335 1239 362 1262 et
378 1232 471 1272 pullus
482 1232 540 1271 ejus
553 1232 571 1261 J
574 1230 643 1260 udaei
666 1237 728 1260 sunt
741 1237 767 1260 et
779 1238 878 1276 gentes.

134 1271 228 1302 Judaea
242 1273 314 1302 enim
335 1271 482 1302 secundum
495 1272 582 1300 Deum
597 1278 681 1300 mater
689 1277 733 1315 'est
748 1278 878 1310 gentium.

135 1312 180 1342 Sic
193 1313 266 1342 enim
278 1311 346 1341 dicit
358 1311 392 1340 ad
413 1321 473 1340 eam
486 1311 559 1340 Deus
572 1321 621 1350 per
633 1311 741 1357 Esaiam
759 1311 880 1350 prophe-

135 1359 189 1381 tam
202 1364 209 1380 :
226 1353 266 1381 Et
276 1352 451 1380 constituam
463 1351 608 1390 principes
621 1357 685 1379 tuos
695 1357 770 1379 sicut
779 1356 878 1387 antea,

135 1398 164 1420 et
187 1391 370 1420 consiliarios
394 1396 459 1418 tuos
480 1390 556 1418 sicut
577 1390 614 1418 ab
638 1390 722 1418 initio
736 1402 745 1418 .·
767 1395 795 1418 et
810 1395 881 1419 tunc

137 1431 282 1460 vocaberis
302 1431 404 1459 civitas
415 1430 550 1468 justitioe,
565 1435 594 1457 et
608 1435 701 1458 mater
714 1430 877 1467 civitatum,

930 922 1020 951 ipsum
1032 923 1160 943 sessorem
1170 914 1198 943 in
1210 915 1339 946 cordibus
1350 918 1406 947 suis
1421 928 1605 959 suscipienteS‚
1615 921 1676 952 sacti

929 958 991 980 sunt
1004 953 1142 991 patientes.
1159 955 1228 983 Nam
1243 956 1367 995 patientia
1383 959 1573 989 irrationabilis
1586 963 1675 991 oneri-

929 991 985 1019 fera
1004 992 1151 1021 aestimatur
1164 1000 1191 1022 ct
1207 994 1299 1034 ligata,
1313 996 1342 1025 id
1360 1003 1410 1033 est,
1427 997 1556 1028 diabolici
1578 1002 1677 1032 erroris

931 1030 1043 1060 vinculo
1062 1031 1202 1071 impedita,
1219 1040 1248 1063 ut
1268 1045 1321 1064 non
1335 1035 1445 1065 haberet
1466 1038 1617 1069 libertatem
1636 1041 1677 1072 ire

930 1080 984 1108 quo
997 1070 1087 1100 vellet.
1101 1072 1169 1101 Nam
1183 1083 1275 1103 omnes
1287 1075 1409 1105 homines
1428 1084 1569 1116 antequam
1582 1089 1676 1119 pecce-

930 1119 1001 1146 mus,
1017 1109 1133 1140 liberum
1145 1111 1256 1150 quidem
1273 1114 1404 1144 habemus
1418 1116 1573 1154 arbitrium,
1586 1120 1610 1147 si
1622 1130 1676 1150 vo-

930 1148 1023 1178 lumus
1034 1150 1110 1188 sequi
1122 1151 1289 1182 voluntatem
1305 1154 1420 1191 diaboli,
1434 1166 1468 1185 an
1479 1166 1543 1187 non.
1560 1159 1642 1195 Quod
1652 1160 1676 1190 si

930 1188 1012 1217 semel
1025 1197 1162 1228 peccantes
1175 1191 1385 1231 obligaverimus
1400 1205 1450 1224 nos
1463 1197 1591 1236 operibus
1604 1200 1675 1239 ejus,

927 1228 985 1268 jani
1006 1235 1096 1258 nostra
1119 1229 1221 1260 virtute
1239 1232 1361 1264 evadere.
1372 1244 1424 1263 non
1447 1245 1609 1278 possumus;
1628 1238 1676 1268 sed

930 1267 1000 1296 sicut
1011 1268 1098 1305 navis,
1112 1269 1196 1299 fracto
1207 1271 1401 1310 gubernaculo,
1415 1274 1483 1304 illuc
1495 1275 1614 1313 ducitur,
1628 1279 1675 1308 nbi

930 1313 1071 1346 tempestas
1091 1308 1208 1339 voluerit
1223 1323 1231 1339 ε
1251 1311 1291 1341 sic
1309 1319 1335 1341 et
1356 1313 1448 1350 homo,
1463 1314 1563 1345 divinae
1585 1318 1676 1356 gratiae

931 1347 1034 1375 auxilio
1078 1347 1150 1377 rdito
1163 1359 1211 1388 pei·
1222 1358 1371 1389 peccatum,
1381 1353 1435 1391 agit
1451 1363 1503 1383 non
1515 1355 1589 1394 quod
1602 1358 1674 1395 vult,

930 1384 978 1414 sed
986 1357 1193 1424 quodniliabolus
1209 1389 1277 1419 vult.
1294 1391 1330 1420 Et
1341 1392 1392 1421 nisi
1404 1393 1478 1422 Deus
1491 1395 1580 1424 valida
1593 1407 1675 1426 manu

930 1425 1119 1455 misericordiae
1131 1438 1186 1456 suae
1200 1429 1310 1459 solverit
1324 1442 1399 1467 eum,
1413 1443 1498 1471 usque
1514 1434 1548 1463 ad
1562 1443 1675 1466 mortem

134 1469 164 1500 id
183 1477 233 1505 est,
248 1469 441 1504 Ecclesiamm‚
446 1468 552 1508 fidelis
573 1468 654 1498 Sion.
671 1469 880 1514 Propter-'quas-
894 1473 913 1498 C
929 1464 957 1492 in
974 1472 1142 1504 peccatorum
1155 1477 1267 1497 suorum
1282 1470 1400 1500 vinculis
1411 1474 1588 1510 permanebit.
1602 1476 1676 1516 Ergo

134 1509 197 1539 dam
210 1509 276 1539 tales
293 1508 484 1538 similitudines
504 1507 666 1536 animalibus
678 1507 720 1536 his
738 1508 878 1538 assimilati

135 1556 198 1579 sunt
209 1548 341 1583 homines,
354 1549 444 1576 Deum
460 1547 503 1581 vel
518 1546 567 1575 Dei
586 1547 689 1575 Filium
703 1556 755 1575 non
776 1557 878 1586 cogno-

135 1594 246 1618 scentes.
262 1587 312 1617 Est
329 1586 401 1615 enim
414 1585 514 1614 animal
527 1585 579 1614 hoc
590 1585 772 1622 immundum,
785 1593 812 1614 et
824 1597 879 1625 prae

135 1627 236 1657 caeteris
249 1636 316 1666 pene
326 1625 457 1665 jumentis
470 1624 555 1663 magis
567 1624 751 1654 irrationabile
763 1631 790 1654 et
808 1625 878 1654 stul-

135 1674 205 1703 tum,
220 1673 245 1695 et
259 1666 409 1701 infirmum,
425 1671 452 1693 et
465 1663 592 1702 ignobile,
605 1670 631 1693 et
644 1664 805 1693 oneriferum
816 1675 878 1694 ma-

134 1706 246 1746 gis:sic
259 1706 367 1734 fuerunt
385 1711 412 1733 et
433 1703 553 1733 homines
572 1710 632 1732 ante
653 1703 755 1732 Christi
777 1704 878 1734 adven-

134 1753 192 1776 tum
200 1745 359 1781 idololatrae,
368 1742 537 1783 passionibus
543 1742 658 1772 diversis
666 1742 798 1772 immundi
805 1750 832 1772 et
841 1744 878 1772 ii·-

134 1784 317 1819 rationabiles,
334 1783 413 1813 vei-bi
433 1782 534 1811 ratione
551 1788 681 1818 cai-entes,
700 1789 831 1820 quantum
843 1783 879 1812 ad

134 1826 223 1855 Deum
235 1823 321 1854 stulti.
338 1821 413 1860 Quid
424 1828 512 1851 autem
526 1821 636 1850 stultius
646 1831 727 1859 quam
740 1822 878 1851 Factorem

134 1871 311 1898 contemnere,
322 1872 403 1901 quam
422 1861 552 1890 facturam
564 1867 590 1890 et
599 1871 668 1900 opus
676 1870 806 1905 manuum
817 1872 878 1906 sua-

134 1914 196 1933 rum
215 1902 337 1937 adorare,
357 1901 434 1940 quasi
456 1900 617 1930 Factoremi'
636 1900 722 1929 Erant
743 1910 815 1929 enim
835 1911 877 1930 in-

135 1943 208 1972 firmi
222 1940 369 1971 secundum
389 1940 506 1969 animam
520 1946 546 1968 et
561 1939 707 1983 ignobiles,⁴
718 1949 771 1968 non
784 1940 876 1985 valen-

135 1988 175 2011 tes
193 1981 314 2011 resistere
327 1979 498 2020 passionibus
510 1979 576 2015 suis,
592 1985 618 2008 et
630 1978 708 2008 obliti
730 1986 878 2018 generatio-

134 2031 195 2051 nem
208 2031 284 2050 suam
294 2020 435 2054 caelestem,
450 2018 512 2047 facti
524 2019 628 2047 fuerant
640 2018 712 2047 servi
724 2018 878 2058 passionum

134 2070 243 2090 suarum
257 2066 284 2089 et
297 2058 462 2093 daemonum,
475 2057 575 2096 quibus
591 2057 713 2086 resistere
726 2068 778 2087 non
801 2059 877 2087 vale-

133 2100 208 2129 bant.
224 2101 260 2130 Et
281 2099 445 2138 quicumque
462 2097 614 2126 daemonum
637 2097 680 2126 vel
702 2097 879 2143 philosopho-

134 2150 196 2168 rum
210 2141 274 2179 cuju
309 2149 341 2167 ue
352 2137 451 2167 erroris
465 2136 509 2166 vel
520 2135 653 2176 dogmatis
667 2136 782 2176 alicujus
796 2147 879 2182 sarci-

134 2187 196 2207 nam
206 2179 245 2208 eis
256 2149 386 2207 viiiuisset
397 2176 543 2216 imponere,
555 2175 717 2205 sufferebant
732 2189 739 2203 :
755 2183 781 2220 ct
791 2186 879 2206 omnia

133 2227 187 2246 non
201 2217 271 2247 bona
286 2216 410 2256 patientia
431 2215 635 2254 supportabant,
649 2225 697 2244 nec
711 2216 877 2260 resistebant.

134 2257 247 2296 Propter
271 2266 331 2294 quae
356 2253 444 2283 omnia
467 2261 493 2283 et
513 2255 650 2293 apostolus
670 2254 704 2283 ad
725 2255 879 2284 Corinthios

134 2294 217 2325 dicit:
228 2296 258 2324 V
254 2296 329 2324 ideoe
337 2294 522 2323 vocationem
536 2300 674 2328 vestram,
674 2294 802 2333 fratres,
810 2296 880 2333 quia

136 2345 194 2364 non
217 2335 301 2363 multi
323 2335 467 2372 sapientes
490 2333 648 2361 secundum
670 2342 787 2362 carnem
798 2354 806 2368 ,
822 2344 879 2362 non

135 2375 221 2404 multi
225 2375 325 2413 sortes
333 2395 342 2408 ,
358 2371 518 2404 non.mulli'
528 2371 652 2406 nobiles;
662 2372 715 2400 sed
724 2382 788 2410 quae
802 2374 879 2401 stul-

135 2420 166 2442 ta
183 2419 251 2443 sunt
268 2412 369 2443 mundi
388 2412 473 2450 elegit
494 2411 584 2445 Deus,
601 2416 633 2439 ut
651 2411 816 2450 confundat
831 2422 878 2442 sa-

132 2455 244 2491 pientes
257 2465 265 2481 .-
281 2458 308 2481 et
325 2451 443 2491 infirma
462 2450 565 2479 mundi
583 2449 652 2489 legit
670 2450 750 2479 Deus
763 2457 795 2479 ut
810 2461 878 2480 con-

134 2492 243 2529 fundat
255 2493 354 2532 sortia
371 2504 379 2519 .-
397 2496 425 2518 et
446 2489 604 2528 ignobilia,
618 2496 647 2518 et
670 2492 879 2521 contemtibilia

135 2532 234 2560 mundi
249 2531 334 2571 elegit
347 2531 439 2565 Deus,
454 2535 482 2557 et
495 2539 530 2558 ea
548 2539 614 2568 quae
630 2539 686 2557 non
699 2535 767 2558 sunt
777 2552 784 2566 ,
795 2536 827 2559 ut
844 2541 880 2560 ea

134 2580 200 2609 (μιαν
219 2576 286 2599 sunt
305 2570 475 2599 destrueret.
488 2570 523 2597 At
542 2567 588 2596 ubi
603 2567 726 2598 Christus
741 2579 822 2609 super
835 2581 880 2600 eos

134 2608 269 2646 ascendit,
283 2615 310 2638 et
329 2608 437 2638 induxit
456 2609 482 2637 in
504 2607 633 2646 templum
644 2630 652 2645 ,
667 2607 748 2639 lavati
767 2619 815 2649 per
828 2609 874 2639 ba-

929 1510 1022 1532 nostra
1035 1504 1144 1542 quidem
1158 1506 1296 1537 voluntate
1305 1516 1331 1538 et
1345 1510 1506 1549 negligentia
1518 1513 1674 1552 alligamur,

929 1542 978 1570 sed
990 1553 1036 1582 pei·
1045 1544 1093 1572 Dei
1103 1545 1314 1576 misericordiam
1324 1549 1502 1579 absolvimur.
1512 1552 1588 1582 Sicut
1601 1555 1674 1584 enim

929 1581 1053 1611 videmus
1073 1582 1101 1611 in
1114 1583 1171 1613 istis
1183 1585 1369 1617 mundialibus
1387 1590 1486 1628 regni5‚
1500 1593 1634 1629 quomodo
1645 1594 1673 1623 in

929 1620 1024 1660 primis
1034 1621 1144 1660 quidem
1158 1634 1235 1653 nemo
1246 1632 1332 1664 potest
1346 1627 1430 1657 facere
1438 1629 1557 1668 seipsum
1571 1642 1671 1672 regem,

929 1659 976 1688 sed
990 1661 1107 1700 populus
1120 1670 1190 1692 creat
1204 1664 1256 1693 sibi
1271 1676 1359 1704 regem
1373 1677 1453 1705 quem
1468 1668 1593 1709 elegerit;
1610 1682 1673 1701 cum

928 1709 978 1728 rex
991 1700 1038 1729 ille
1049 1700 1130 1730 fuerit
1141 1702 1226 1732 factus
1244 1711 1270 1733 et
1287 1706 1460 1736 confirmatus
1471 1708 1498 1736 in
1514 1719 1606 1748 regno,
1615 1711 1673 1751 jam

928 1738 1007 1768 habet
1020 1747 1176 1779 potestatem
1186 1742 1215 1772 in
1233 1743 1397 1782 hominibus,
1413 1752 1439 1775 et
1455 1757 1508 1776 non
1542 1756 1608 1779 otest
1620 1760 1673 1790 po-

928 1778 1010 1817 pulus
1022 1780 1118 1819 jugum
1139 1781 1197 1820 ejus
1211 1783 1245 1812 de
1262 1785 1364 1814 cervice
1377 1795 1425 1815 sua
1444 1787 1518 1827 repel
1530 1798 1574 1818 ere
1588 1801 1594 1818 ε
1610 1800 1673 1819 nam

927 1817 1047 1857 primum
1059 1819 1168 1858 quidem
1179 1821 1207 1850 in
1221 1829 1348 1861 potestate
1355 1826 1452 1865 populi
1463 1833 1512 1863 est,
1523 1828 1608 1858 facere
1619 1829 1673 1859 sibi

928 1867 1018 1896 regem
1036 1868 1116 1897 quein
1133 1860 1204 1897 vult,
1218 1862 1317 1891 factum
1336 1871 1426 1894 autem
1438 1865 1472 1895 de
1486 1876 1568 1905 regno
1581 1869 1674 1908 repel-

927 1896 983 1925 lere
992 1897 1050 1936 jam
1063 1908 1115 1927 non
1133 1906 1171 1928 est
1184 1900 1213 1929 in
1225 1909 1352 1940 potestate
1365 1905 1434 1944 ejus,
1448 1911 1475 1935 et
1493 1906 1532 1935 sic
1546 1908 1673 1938 voluntas

928 1937 1023 2003 populi
1042 1944 1133 1977 postea
1147 1939 1174 1968 in
1200 1942 1380 1972 necessitatem
1395 1945 1560 1975 convertitur
1575 1959 1582 1975 :
1596 1947 1634 1977 sic
1647 1955 1673 1977 et

949 1985 1021 2013 omo,
1031 1977 1188 2016 priusquam
1195 1988 1295 2019 peccet,
1306 1981 1422 2012 liberum
1433 1984 1511 2014 habet
1519 1986 1674 2022 arbitrium,

930 2021 1022 2045 utrum
1050 2016 1115 2045 velit
1144 2018 1196 2047 suh
1219 2030 1301 2060 regno
1327 2032 1382 2051 csse
1401 2022 1503 2053 diaboli
1512 2035 1521 2062 ;
1537 2036 1600 2055 eum
1620 2037 1675 2056 an-

896 2062 915 2085 n
931 2060 984 2083 tem
1002 2055 1135 2095 peccando
1148 2067 1177 2087 se
1192 2059 1334 2090 tradiderit
1348 2062 1399 2091 sub
1410 2073 1492 2107 regno
1503 2064 1599 2109 ipsius,
1615 2068 1674 2105 jain

930 2103 983 2123 non
1006 2102 1092 2134 potest
1111 2096 1145 2126 de
1158 2105 1285 2137 potestate
1298 2100 1356 2140 ejus
1377 2111 1451 2131 exire
1467 2114 1474 2131 .-
1490 2110 1515 2132 et
1534 2114 1571 2134 sic
1586 2106 1674 2145 prima

930 2133 1056 2164 voluntas
1069 2137 1127 2165 e'iis
1147 2136 1174 2165 in
1189 2140 1368 2169 necessitatem
1383 2143 1558 2172 convertitur.
1573 2146 1607 2174 Et
1620 2145 1676 2174 hoe

918 2178 978 2208 est,
990 2174 1061 2212 quod
1103 2176 1204 2206 omines
1225 2179 1364 2209 saeculares
1377 2187 1403 2210 et
1416 2189 1566 2221 peccatores
1584 2183 1676 2213 dicere

931 2212 1016 2243 solent
1034 2227 1040 2242 :
1057 2215 1196 2254 Numquid
1217 2218 1341 2248 nolumus
1363 2230 1419 2249 esse
1441 2222 1545 2251 sancti?
1565 2229 1590 2251 et
1610 2222 1675 2261 quis-

930 2261 983 2281 non
996 2254 1056 2283 vult
1072 2264 1127 2284 esse
1138 2257 1247 2295 justiis?
1261 2258 1314 2288 Sed
1333 2269 1385 2288 non
1399 2270 1550 2299 possumus.
1567 2263 1671 2291 Verum

932 2292 1040 2330 quidem
1054 2301 1104 2331 cst,
1116 2295 1188 2333 quod
1199 2296 1304 2334 dicunt,
1319 2298 1366 2327 sed
1380 2308 1432 2327 non
1446 2299 1544 2328 habent
1557 2311 1671 2329 excusa-

931 2331 1029 2362 tionem
1049 2346 1057 2362 .-
1077 2334 1141 2372 quia
1185 2336 1282 2365 rimiun
1304 2345 1447 2376 potuerunt
1467 2349 1519 2367 non
1542 2349 1598 2367 esse
1619 2339 1671 2368 sub

930 2377 1057 2410 potestate
1077 2346 1195 2410 diaboli),
1218 2376 1241 2404 si
1264 2377 1425 2413 voliiisscnt;
1438 2383 1587 2443 (postquam
1607 2388 1670 2407 vero

929 2414 1068 2449 posuerint
1086 2413 1212 2443 thronum
1231 2414 1332 2444 diaboli
1350 2415 1376 2443 iii
1392 2425 1437 2444 cor
1459 2416 1519 2444 ibus
1537 2417 1603 2451 suis,
1614 2418 1671 2456 jain

930 2460 1007 2480 nemo
1020 2459 1107 2491 potest
1124 2463 1168 2481 eos
1187 2453 1221 2482 de
1236 2461 1361 2492 potestate
1374 2454 1475 2482 diaboli
1491 2456 1603 2494 eripere,
1618 2456 1671 2486 nisi

930 2490 1004 2519 solus
1027 2493 1108 2521 Deus.
1130 2492 1247 2527 Solvite,
1260 2494 1357 2531 inquit.
1375 2493 1535 2530 Quomodo?
1549 2496 1599 2524 Per
1619 2495 1669 2525 do-

930 2530 1041 2560 ctrinam
1051 2538 1176 2567 vestram,
1190 2542 1236 2570 pei·
1246 2532 1374 2561 miracula
1388 2539 1474 2562 vestra
1486 2546 1492 2562 ε
1506 2533 1569 2572 quia
1581 2544 1674 2565 omnes

931 2569 1020 2600 Judaei
1031 2577 1057 2599 et
1077 2578 1166 2608 gentes
1179 2581 1228 2610 per
1244 2571 1377 2610 apostolos
1396 2579 1458 2601 sunt
1471 2572 1587 2603 liberati.
1604 2575 1671 2603 Ad-

933 2610 1030 2638 ducite
1046 2611 1126 2639 milii.
1142 2611 1193 2639 Pei·
1209 2609 1397 2649 ministerium,
1411 2610 1439 2640 id
1450 2618 1500 2649 est,
1513 2611 1547 2641 ad
1559 2613 1673 2652 gloriam
