1890 2826
234 183 303 228 204

573 195 601 218 S.
631 195 765 218 JOANMS
791 195 971 218 cnnYSOST.
1001 196 1155 220 Aucnmt’.
1184 198 1451 224 CONSTANTINOP-

231 275 294 293 nem
311 278 317 293 :
335 271 362 294 ct
389 275 487 294 omnes
512 270 593 293 terra,³
608 263 723 298 incolae,
741 265 826 303 quasi
846 264 971 293 nihilum
992 259 1011 282 Ῑ)
1026 260 1136 298 στρεψεν
1149 260 1190 288 ἐπ’
1219 260 1266 299 ἐμέ
1278 273 1284 280 ·
1308 262 1353 292 καὶ
1368 264 1392 292 οἱ
1405 263 1526 303 τύραννοί
1544 275 1610 303 μου,
1622 263 1667 294 καὶ
1680 266 1704 294 Οἳ
1720 276 1794 304 μέἵῑ·

230 312 356 350 reputati
368 317 446 341 sunt.
467 311 535 340 Nam
549 310 573 339 si
592 320 641 350 ego
655 310 702 349 qui
714 309 841 339 omnibus
855 309 971 350 impera—

230 359 302 396 bam,
317 358 393 398 quasi
413 357 531 387 nihilum
544 361 682 397 reputatus
695 366 766 393 sum,
781 356 866 386 multo
886 356 971 396 magis

228 404 337 444 reliqui.
352 404 461 435 Scilicet
471 403 518 443 qui
527 403 593 432 adeo
609 409 743 442 potentem
754 401 788 432 de
801 412 883 443 regno
895 401 968 443 deje-

227 451 273 486 cit,
287 452 372 482 multo
388 451 472 491 magis
483 451 626 490 subjectos.
640 450 681 479 Et
691 449 851 487 secundum
863 449 970 480 volun-

227 504 318 527 tatem
325 498 497 538 suamfacit
511 498 543 526 in
557 497 669 526 virtute
679 495 755 531 coeli,
770 502 800 526 et
811 497 844 525 in
852 496 969 526 habita-

227 546 307 574 tIone
315 553 405 574 teme.
418 543 503 581 Illud,
514 544 606 583 Quasi
616 543 741 573 nihilum
751 545 877 583 reputati
887 550 967 581 sunt,

226 601 278 620 non
290 591 365 630 quod
378 597 530 620 contemnat
542 589 617 626 illos,
632 589 712 626 absit,
727 589 774 619 sed
787 589 851 629 quia
874 596 969 630 potens

225 642 274 672 cst,
289 643 314 665 et
327 634 557 675 quemadmodum
575 634 646 670 vult,
658 634 720 677 illos
733 634 799 674 agit.
811 635 869 664 Hoc
885 634 969 674 igitur

223 682 361 722 sequentia
387 692 495 721 quoque
511 681 646 710 declarant
663 692 670 709 z
685 681 727 710 Et
738 682 898 710 secundum
912 692 967 710 vo-

225 729 370 758 luntatem
384 738 468 758 suam
474 729 551 767 facit
561 729 594 756 in
609 728 719 757 virtute
738 728 815 764 caeli,
825 734 853 757 el
873 730 905 757 in
913 728 966 757 ha-

224 776 365 804 bitatione
375 780 468 804 ter-roe.
481 774 548 804 Esto
556 784 629 811 saue,
644 773 678 803 de
691 780 762 803 terra
786 774 855 803 nosti
870 786 876 803 ε
892 781 920 804 at
931 774 966 804 de

222 820 298 857 caelo,
308 820 379 850 unde
385 820 457 850 scis?
470 823 494 850 A
507 820 622 850 somnio.
635 820 653 850 J
655 820 732 849 ussit.
745 820 890 858 Quomodo
901 821 964 850 ohe-

220 865 350 895 dierunt?
361 866 475 905 Exigue
482 865 609 896 fornacis.
620 866 647 895 Ε
649 872 660 895 t
670 876 729 895 non
739 872 783 896 est
792 868 844 906 qui
851 867 966 897 resistat

221 913 323 941 manui
347 913 422 953 ejus,
436 918 465 941 et
487 913 567 942 dicat
581 913 609 942 ei
622 924 632 940 .-
647 912 745 951 Quare
761 911 866 953 fecisti
877 915 890 941 ?
903 913 964 943 Non

220 966 333 996 tanturn,
347 959 446 999 inquit,
460 968 512 988 non
526 957 714 989 adversabitur
729 971 736 987 :
752 958 800 988 sed
813 954 862 989 nec
874 960 965 990 verbis

220 1013 296 1036 tenus
315 1005 500 1046 interrogabit.
513 1005 649 1035 Omnibus
671 1004 719 1034 ille
738 1004 863 1045 imperat,
874 1006 964 1036 omnia

218 1054 275 1094 ipse
288 1060 338 1083 est.
354 1054 409 1089 Eo,
421 1052 519 1092 inquit,
535 1059 661 1092 tempore
671 1061 753 1081 mens
766 1062 829 1081 mea
849 1061 965 1082 reversa

218 1106 261 1129 est
273 1100 315 1128 ad
327 1109 382 1128 me.
396 1099 452 1128 Eo:
465 1098 542 1138 quo?
556 1099 618 1135 Quo
625 1098 699 1127 Deus
708 1097 824 1127 dixerat.
837 1097 919 1128 Unde
930 1098 963 1128 il-

216 1146 274 1175 lum
287 1153 313 1175 et
324 1146 351 1175 in
364 1156 477 1185 regnum
490 1144 679 1175 reduxerunt?
692 1143 740 1184 qui
753 1144 825 1174 enim
838 1144 905 1174 adeo
915 1156 963 1186 po-

217 1199 314 1222 tentem
327 1192 489 1232 dejecerant,
503 1190 639 1230 quomodo
653 1191 792 1220 infirmum
804 1191 903 1222 factum
917 1203 961 1222 re-

985 772 1005 795 Ε

1026 304 1118 339 στᾶνές
1132 317 1182 345 μου
1195 307 1326 343 ἐζήτησάν
1345 321 1378 347 με
1387 321 1393 328 ·
1410 309 1455 339 καὶ
1468 309 1512 339 ἐπὶ
1525 309 1573 347 τὴν
1589 311 1726 350 βασιλείαν
1741 323 1792 350 μου

1024 351 1218 390 ἐκραταιώθην,
1243 353 1288 383 καὶ
1315 355 1488 394 μεγαλωσύνη
1510 356 1686 397 περισσοτὲρα
1707 368 1794 397 προσ-

1024 396 1100 433 ετέθη
1114 410 1171 437 μοι.
1186 399 1241 430 Καὶ
1253 401 1384 437 ἐζήτησάν
1409 414 1443 440 με
1452 425 1460 439 ,
1484 402 1568 443 φησὶ,
1590 404 1617 433 οἱ
1639 404 1795 443 μεγιστᾶνές

1022 454 1082 481 μου,
1097 445 1121 474 οἱ
1133 449 1280 486 κρατοῦντα
1291 447 1336 477 καὶ
1346 448 1520 487 βασιλεύοντα
1532 448 1680 484 διώξαντες.
1695 449 1793 481 1’Ἀλλὰ

1023 490 1066 519 διὰ
1077 491 1107 521 τὸ
1119 491 1279 534 πρόσταγμα
1286 497 1332 524 τοῦ
1341 495 1420 525 Θεοῦ.
1432 494 1484 525 Διὰ
1492 494 1544 536 γὰρ
1552 490 1630 526 τοῦτο
1637 495 1730 536 χρόνος
1738 497 1794 537 ὁρί-
1828 505 1840 508 “

1023 538 1095 571 ζεται
1104 559 1113 574 ,
1127 537 1170 568 ἵνα
1181 539 1218 578 μὴ
1232 541 1387 580 αὐτομάτως
1401 541 1511 582 νομίσῃς
1524 554 1551 571 τι
1563 542 1694 581 γενέσθαι.
1710 543 1764 573 Καὶ
1775 546 1792 579 ἡ

1024 583 1146 622 βασιλεία
1157 585 1238 615 αὐτοῦ
1251 587 1288 620 εἰς
1301 587 1392 627 γενεὰν
1414 587 1459 618 καὶ
1471 587 1574 628 γενεάν·
1591 589 1637 618 καὶ
1657 588 1756 623 πάντες
1768 591 1793 619 οἱ

1022 633 1203 665 κατοικοῦντες
1216 631 1265 669 τὴν
1275 635 1325 673 γῆν
1336 635 1372 667 ὣς
1382 634 1456 664 οὐδὲν
1469 635 1654 674 ἐλογίσθησαν.
1668 636 1702 665 Εἰ
1715 635 1767 676 γὰρ
1778 638 1793 666 ὁ

1020 676 1125 706 πάντων
1139 680 1244 718 κρατῶν
1258 679 1311 719 ἐγὼ
1323 681 1359 714 ὥς
1370 681 1444 710 οὐδὲν
1455 681 1604 720 ἕλογίσθην,
1617 683 1709 723 mm}
1726 684 1792 722 μᾶλ-

1020 723 1065 751 λον
1079 725 1103 752 οἱ
1116 723 1221 758 πάντες.
1244 724 1278 755 Ὁ
1293 725 1345 766 γὰρ
1358 726 1403 757 τὸν
1417 726 1499 761 οὕτως
1517 727 1626 767 ἰσχυρὸν
1638 728 1792 764 ἀποστήσας

1020 769 1068 804 τῆς
1085 771 1233 808 βασιλείας,
1251 773 1343 811 πολλῷ
1361 773 1462 811 μᾶλλον
1475 773 1536 807 τοὺς
1549 773 1720 814 ἀρχομένους.
1738 774 1792 804 Καὶ

1020 815 1089 845 κατὰ
1100 816 1131 846 τὸ
1143 817 1246 856 θέλημα
1261 819 1341 848 αὐτοῦ
1354 824 1424 850 ποιεῖ
1437 820 1466 850 ἐν
1478 821 1512 860 τῇ
1534 820 1645 859 δυνάμει
1654 822 1701 851 τοῦ
1713 821 1792 861 οὖρα·

1019 865 1077 900 νοῦ,
1095 863 1141 893 καὶ
1156 864 1184 893 ἐν
1196 866 1230 904 τῇ
1245 865 1367 905 κατοικία
1375 868 1423 902 τῆς
1435 868 1494 906 γῆς.
1510 866 1567 903 Τὸ,
1586 866 1635 900 Ὧς
1644 865 1718 897 οὐδὲν
1731 867 1791 896 ἐλο-

1018 909 1146 948 γίσθησαν
1158 931 1166 946 ,
1185 911 1235 951 οὔχ
1257 911 1298 941 ὅτι
1315 916 1473 952 καταφρονεῖ
1491 913 1587 949 αὐτῶν,
1608 912 1646 952 μὴ
1667 912 1769 953 γένοιτο
1781 935 1790 950 ,

1019 955 1077 984 ἀλλ’
1091 955 1132 985 ὅτι
1145 956 1251 997 ἰσχυρός
1265 958 1322 986 ἐστι
1331 979 1339 994 ,
1351 957 1396 987 καὶ
1410 959 1445 992 ὣς
1458 958 1595 996 βούλεται,
1610 958 1705 992 αὐτοὺς
1722 958 1791 998 ἄγει.

1019 1001 1106 1031 Τοῦτο
1117 1005 1180 1041 γοῦν
1193 1003 1238 1032 καὶ
1254 1003 1284 1032 τὸ
1298 1003 1339 1044 ἐφ’
1349 1003 1408 1039 ἑξῆς
1423 1005 1499 1040 δηλοῖ
1509 1016 1516 1022 ·
1540 1004 1594 1034 Καὶ
1615 1003 1685 1034 κατὰ
1700 1004 1732 1034 τὸ
1747 1004 1789 1034 θέ·

1017 1047 1092 1085 λημα
1104 1049 1183 1078 αὐτοῦ
1193 1053 1262 1078 ποιεῖ
1275 1050 1302 1078 ἐν
1315 1052 1349 1089 τῇ
1364 1050 1474 1090 δυνάμει
1492 1052 1540 1080 τοῦ
1560 1051 1672 1091 οὐρανοῦ
1681 1073 1690 1088 ,
1702 1049 1749 1080 καὶ
1762 1051 1790 1079 ἐν

1016 1094 1050 1129 vii
1063 1094 1186 1135 κατοικία
1197 1096 1245 1131 τῆς
1255 1095 1416 1135 γ’ἠς.Ἐστω
1436 1096 1484 1135 μὲν
1499 1097 1569 1136 γὰρ,
1593 1097 1722 1137 περὶτῆς
1739 1099 1790 1137 γῆς

1016 1126 1101 1174 οἶδας·
1114 1140 1176 1180 περὶ
1193 1143 1239 1170 τοῦ
1259 1142 1384 1181 οὐρανοῦ,
1405 1141 1484 1172 πόθεν
1497 1141 1656 1179 hiumam
1671 1140 1789 1172 Ἀπὸτοῦ

1015 1186 1158 1226 ὀνείρατος.
1182 1187 1321 1222 Ἐπίταξε.
1335 1189 1400 1222 Πῶς
1412 1188 1582 1224 ὑπήκωσοιν;
1604 1187 1671 1219 Ἀπὸ
1680 1190 1728 1219 τοῦ
1738 1201 1790 1219 πυ-

216 1238 368 1268 vocarunt?
383 1239 425 1268 Et
447 1238 488 1267 ad
507 1239 646 1267 honorem
659 1238 742 1277 regni
758 1238 815 1266 mei
825 1240 898 1267 veni
911 1252 920 1268 .·
933 1245 961 1268 et
972 1253 1009 1273 229
1017 1232 1060 1272 ρὸς
1080 1234 1129 1269 τῆς
1148 1233 1269 1273 καμίνου·
1290 1233 1345 1264 Καὶ
1357 1235 1405 1264 οὒκ
1419 1234 1491 1264 ἔστιν
1503 1234 1531 1268 ὃς
1547 1234 1735 1275 ἀντιστήσεται
1753 1237 1788 1276 τῇ

208 1286 313 1326 forma
335 1297 400 1316 mea
419 1286 506 1315 rediit
524 1285 565 1315 ad
584 1296 649 1315 me.-
665 1291 694 1315 et
713 1287 837 1324 tyranni
857 1287 913 1315 mei
933 1294 961 1317 et
979 1281 999 1304 Α
1013 1278 1084 1319 χῑῑρὶ
1098 1281 1194 1318 αὖτθῧ,
1213 1280 1258 1310 καὶ
1276 1282 1330 1322 ἐρεῖ
1343 1281 1429 1320 αὐτῷ·
1446 1281 1472 1311 τί
1483 1279 1626 1319 ἷπῦίησαςὶ
1640 1282 1681 1311 Οὖ
1694 1282 1786 1322 μόνον,

215 1333 368 1371 optimates
380 1333 436 1361 mei
447 1333 617 1372 quaerebant
630 1342 676 1361 me
687 1344 696 1361 .·
710 1337 740 1360 et
755 1333 786 1360 in
796 1342 886 1372 regno
897 1324 961 1363 theo

214 1380 403 1420 confirmatus
416 1389 493 1415 sum,
503 1386 532 1409 et
542 1378 712 1419 magnitudo
722 1379 850 1419 amplior
857 1380 962 1410 addita

215 1433 257 1455 est
272 1427 353 1455 mihi.
368 1425 456 1457 Vides
475 1433 504 1455 ut
517 1427 591 1455 Deus
614 1432 641 1455 et
658 1432 773 1455 statuere
794 1432 820 1455 et
843 1433 961 1457 evertere

215 1472 299 1512 possit
317 1482 430 1512 regnum
438 1472 452 1500 ἱ)
471 1471 620 1511 Oportebat
631 1470 766 1510 siquidem
787 1471 844 1501 haec
855 1483 904 1512 per
916 1483 958 1509 ea,

213 1529 273 1557 quae
286 1525 363 1548 antea
384 1518 567 1558 contigerant,
591 1517 731 1558 explorata
755 1517 854 1548 habere
878 1529 885 1545 :
911 1518 959 1548 sed

214 1566 341 1605 quoniam
355 1573 385 1595 tu
396 1566 525 1605 ignorasti
546 1575 589 1602 ea,
604 1575 718 1604 regnum
731 1565 865 1595 Dominus
879 1576 957 1595 ever-

214 1612 257 1649 tit,
268 1619 294 1641 et
306 1611 377 1641 iliud
398 1612 494 1641 iterum
508 1611 606 1640 erexit.
621 1612 672 1641 54.
693 1611 782 1641 Nunc
795 1613 885 1651 igitur
905 1622 958 1652 ego

212 1659 487 1688 Nabuchodonosor
501 1657 592 1686 laudo
611 1663 639 1686 et
657 1657 757 1686 exalto
779 1663 808 1686 et
826 1657 958 1698 glorifico

213 1706 320 1745 Regem
333 1705 407 1741 caeli,
422 1705 492 1744 quia
511 1705 611 1732 omnia
624 1713 714 1743 opera
726 1703 809 1732 illius
831 1713 915 1741 vera,
930 1710 960 1734 et

213 1754 321 1781 semitm
341 1753 402 1791 ejus
415 1751 550 1791 judicia,
565 1756 593 1779 et
614 1759 715 1779 omnes
737 1750 904 1779 incedentes
926 1752 958 1780 in

212 1799 348 1838 superbia
359 1804 452 1838 potest
464 1797 630 1826 humiliare.
645 1796 705 1826 Dici
718 1796 823 1835 nequit,
836 1806 898 1826 eum
912 1808 958 1837 po-

214 1851 333 1874 testatem
355 1843 466 1883 quidem
497 1843 608 1880 habere,
643 1841 690 1872 sod
708 1841 835 1882 injustam
848 1855 855 1872 :
882 1843 959 1873 illius

212 1891 314 1931 quippe
328 1900 423 1930 magna
444 1896 483 1918 est
493 1889 610 1928 justitia.
625 1890 667 1918 Et
688 1899 799 1925 omnes,
814 1890 866 1928 qui
890 1900 957 1930 gra-

213 1938 335 1965 diuntur
358 1938 390 1964 in
415 1937 561 1975 superbia,
584 1941 680 1974 potest
705 1935 872 1965 humiliare.
896 1937 957 1966 Non

212 1983 294 2019 dixit,
309 1981 451 2018 Humiliat,
469 1988 499 2010 ut
511 1981 561 2010 tibi
572 1981 647 2010 illius
671 1980 751 2010 etiam
771 1982 958 2020 aequanimita-

211 2037 264 2059 tem
278 2028 436 2064 ostenderet,
461 2035 486 2057 et
501 2034 530 2056 ut
552 2027 726 2067 iutelligeres,
748 2027 820 2067 quod
847 2038 899 2058 non
923 2040 957 2060 ex

212 2075 378 2110 infirmitate,
394 2073 441 2103 sed
456 2073 529 2112 quod
553 2084 601 2114 per
627 2084 712 2103 unum
731 2074 800 2103 alios
821 2074 954 2105 emendat.

212 2121 298 2152 Vides
310 2120 456 2162 potentiam
464 2120 478 2148 Ξ)
492 2119 568 2149 vides
577 2119 710 2159 justitiam
718 2120 733 2148 ‘r'
744 2120 819 2150 vides
831 2131 893 2161 erga
905 2121 954 2150 ho-

210 2168 296 2197 mines
303 2178 420 2197 amorem
429 2169 443 2195 Ρ
457 2165 533 2196 vides
543 2165 600 2195 haec
608 2166 642 2195 ab
652 2176 697 2196 ore
710 2166 825 2196 barbaro
834 2178 956 2207 pronun-

211 2214 294 2244 tiari?
308 2213 440 2251 Quisnam
455 2213 491 2241 ita
512 2211 719 2252 philosophatus
739 2213 799 2242 cst?
813 2214 868 2251 Qui
888 2225 954 2254 pro-

209 2260 297 2301 phetis
304 2266 378 2290 erant
390 2259 527 2297 innutriti,
536 2258 605 2287 nihil
614 2258 703 2288 simile
709 2259 899 2299 loquebantur,
907 2261 954 2290 sed

977 1790 996 1814 B

1014 1326 1099 1365 φησὶ,
1123 1328 1172 1356 οὔκ
1192 1327 1378 1358 ἐναντιώσεται
1387 1349 1395 1364 ,
1417 1329 1476 1358 ἀλλ’
1492 1327 1552 1358 οὐδὲ
1566 1327 1647 1368 μέχρι
1660 1329 1787 1368 ῥημάτων

1014 1373 1077 1412 ἐρεῖ.
1100 1373 1213 1403 Πάντων
1227 1373 1305 1416 αὖτὸς
1317 1378 1409 1414 κρατεῖ
1420 1395 1430 1410 ,
1442 1373 1530 1404 πάντα
1542 1374 1620 1409 αὗτός
1633 1375 1713 1405 ἐστιν.
1733 1377 1787 1405 Αὖ-

1012 1419 1064 1457 τῷ,
1077 1419 1155 1459 φησὶ,
1169 1421 1209 1459 τῷ
1223 1422 1308 1460 καιρῷ
1322 1421 1349 1450 αἱ
1363 1420 1454 1461 φρένες
1465 1432 1516 1459 μου
1527 1420 1731 1462 ἐπεστράφησαν
1741 1422 1786 1451 ἐπ’

1011 1464 1068 1502 ε’μέ.
1094 1466 1191 1505 Αὐτῷ·
1208 1465 1295 1506 ποίῳς
1317 1467 1365 1506 Τῷ
1386 1466 1507 1506 λεχθέντι
1529 1467 1604 1507 παρὰ
1626 1470 1674 1497 τοῦ
1700 1469 1785 1498 Θεοῦ.

1011 1510 1097 1541 Πόθεν
1109 1511 1189 1541 αὐτὸν
1210 1512 1256 1542 καὶ
1270 1514 1307 1546 εἰς
1330 1512 1380 1549 τὴν
1406 1512 1542 1552 βασιλείαν
1564 1513 1747 1554 ἑπανήγαγονς
1761 1516 1786 1544 οἱ

1009 1556 1061 1597 γὰρ
1074 1557 1157 1592 οὕτως
1171 1558 1280 1598 ἰσχυρὸν
1302 1558 1513 1594 καταὸαλόντες,
1526 1560 1584 1592 πῶς
1597 1559 1694 1596 ἀσθενῆ
1706 1560 1784 1599 γενό-

1011 1615 1088 1642 μενον
1103 1603 1285 1644 ἐπανήγαγον;
1299 1603 1354 1634 Καὶ
1367 1605 1404 1638 εἰς
1417 1604 1466 1641 τὴν
1478 1604 1560 1644 τιμὴν
1579 1607 1629 1641 τῆς
1649 1606 1786 1645 βασιλείας

1012 1662 1062 1689 μου
1074 1646 1155 1687 ἦλθον
1163 1674 1171 1689 ,
1186 1651 1231 1681 καὶ
1242 1653 1260 1687 ἡ
1271 1651 1359 1692 μορφή
1374 1663 1424 1691 μου
1436 1651 1597 1692 ἐπέστρεψεν
1610 1653 1653 1681 ἐπ’
1666 1653 1728 1692 ἐμέ·
1739 1653 1785 1682 καὶ

1011 1698 1036 1726 οἱ
1061 1696 1183 1737 τύραννοί
1206 1708 1256 1736 μου
1269 1697 1316 1727 καὶ
1329 1698 1354 1727 οἱ
1368 1696 1523 1737 μεγιστᾶνές
1543 1709 1594 1737 μου
1607 1698 1716 1734 ἐζήτουν
1737 1711 1785 1738 με·

1012 1743 1057 1772 καὶ
1066 1742 1111 1772 ἐπὶ
1120 1742 1169 1780 τὴν
1182 1743 1320 1783 βασιλείαν
1332 1755 1382 1783 μου
1397 1743 1592 1784 ἐκραταιῶθην,
1600 1744 1646 1773 καὶ
1659 1745 1784 1784 μεγαλω·

1013 1789 1077 1826 σύνη
1087 1790 1264 1830 περισσοτέρα
1271 1789 1417 1830 προσετέθη
1431 1801 1485 1829 μοι.
1498 1790 1583 1831 Ὁρᾷς
1594 1792 1651 1824 πῶς
1659 1790 1705 1820 καὶ
1717 1793 1784 1827 στῆ-
1809 1810 1813 1812 -

1013 1847 1056 1865 σαι
1074 1836 1119 1866 καὶ
1140 1837 1260 1866 καθελεῖν
1273 1836 1382 1866 δύναται
1398 1836 1553 1876 βασιλείαν;
1579 1836 1656 1867 Ἔδει
1671 1836 1719 1876 μὲν
1732 1837 1784 1878 γὰρ

1012 1881 1055 1911 διὰ
1068 1884 1121 1912 τῶν
1131 1882 1266 1923 προτέρων
1276 1885 1361 1912 ταῦτα
1370 1884 1521 1918 πεισθῆναι·
1533 1882 1625 1919 ἐπειδὴ
1634 1883 1662 1913 δὲ
1671 1885 1784 1923 ἀγνοεῖς,

1011 1929 1130 1958 καθεῖλεν
1142 1928 1234 1966 αὐτὴν,
1247 1929 1293 1959 καὶ
1306 1929 1387 1958 πάλιν
1400 1929 1520 1964 ἔστησεν.
1534 1929 1590 1958 Νῦν
1604 1924 1648 1958 οὗν
1659 1929 1712 1968 ἐγὼ
1726 1930 1783 1959 Να-

1011 1974 1200 2014 ὅουχοδονόσορ
1214 1975 1280 2004 αἰνῶ
1290 1974 1337 2004 καὶ
1361 1975 1420 2014 ὖψῶ
1444 1974 1491 2003 καὶ
1501 1973 1600 2011 δοξάζω
1613 1973 1658 2003 τὸν
1669 1974 1782 2014 βασιλέα

1010 2023 1056 2050 τοῦ
1070 2021 1181 2060 οὐρανοῦ
1191 2042 1200 2056 ,
1220 2020 1261 2050 ὅτι
1270 2020 1359 2050 πάντα
1371 2020 1405 2050 τὰ
1419 2020 1484 2060 ἔργα
1495 2021 1575 2050 αὐτοῦ
1589 2020 1718 2058 ἀληθινὰ,
1736 2021 1783 2050 καὶ

1011 2067 1039 2096 αἱ
1062 2066 1149 2107 τρίὸοι
1166 2067 1245 2096 αὐτοῦ
1259 2065 1375 2105 κρίσεις,
1390 2066 1436 2095 καὶ
1450 2065 1551 2100 πάντας
1563 2065 1625 2100 τοὺς
1635 2067 1782 2106 πορευομέ-

1009 2126 1067 2147 νους
1089 2114 1116 2144 ἐν
1131 2111 1298 2152 ὑπερηφανίᾳ
1312 2111 1421 2142 δύναται
1440 2113 1612 2142 ταπεινῶσαι.
1637 2113 1697 2141 Οὐκ
1710 2113 1782 2142 ἔστιν

1009 2163 1106 2198 εἰπεῖν,
1119 2159 1159 2189 ὅτι
1173 2159 1284 2197 δύναμιν
1298 2158 1347 2197 μὲν
1361 2158 1433 2198 ἔχει,
1457 2158 1545 2188 ἄδικον
1561 2158 1603 2188 δέ·
1625 2158 1694 2188 ἀλλὰ
1707 2159 1752 2188 καὶ
1762 2161 1780 2195 ἡ

1009 2206 1160 2242 δικαιοσύνη
1176 2204 1291 2245 μεγάλη.
1318 2203 1372 2234 Καὶ
1393 2204 1495 2237 πάντας
1518 2203 1577 2238 τοὺς
1590 2205 1782 2245 πορευομένους

1008 2255 1036 2283 ἐν
1061 2251 1227 2292 ὑπερηφανίᾳ
1249 2250 1358 2280 δύναται
1370 2251 1613 2280 ταπεινῶσαι.οὖκ
1635 2246 1709 2289 εἷπε,
1729 2263 1780 2281 τα-

1008 2303 1106 2335 πεινοῖ,
1119 2297 1163 2327 ἵνα
1179 2297 1220 2327 σοὶ
1233 2296 1278 2326 καὶ
1291 2296 1340 2332 τὴν
1360 2296 1542 2335 μακροθυμίαν
1561 2297 1720 2334 ἐνδείξηται,
1734 2297 1781 2327 καὶ

58 2306 342 2351 3,,1,],,,,,2,εοηῐι·ειι·ἰα
364 2306 482 2347 penitus.
494 2306 563 2335 Non
575 2306 678 2346 saciet
700 2307 773 2336 bene
794 2307 952 2345 Dominus,

57 2365 138 2388 Amos.
157 2365 180 2389 6,
209 2355 297 2390 aiunt,
308 2359 335 2383 et
349 2363 408 2382 non
411 2353 510 2394 saciet
523 2352 610 2381 male.
626 2352 662 2381 Et
675 2351 790 2381 iterum:
802 2354 908 2382 Nonne
921 2356 953 2383 in

61 2395 95 2426 ¹4·
199 2401 385 2443 fortitudine
412 2405 513 2428 nostra
538 2399 694 2428 habuimus
720 2401 857 2428 cornua?
883 2400 920 2429 Et
941 2414 948 2430 :

58 2459 160 2481 malasi
175 2467 197 2483 2,
211 2450 312 2478 Omnis
326 2449 376 2487 qui
380 2446 462 2487 facit
473 2444 595 2483 malum,
610 2446 719 2474 bonum
729 2451 772 2475 est
784 2446 817 2473 in
830 2455 950 2486 conspe-

60 2496 94 2520 ¹7·

971 2348 991 2372 C
1008 2346 1050 2374 ἵνα
1063 2344 1148 2384 μάθῃς
1158 2366 1166 2380 ,
1185 2343 1226 2372 ὅτι
1236 2344 1266 2372 οὗ
1280 2342 1353 2382 παρὰ
1367 2343 1512 2379 ἀσθένειαν,
1527 2343 1595 2373 ἀλλὰ
1606 2343 1640 2372 δι’
1654 2343 1710 2377 ἑνὸς
1719 2339 1780 2378 wit<

1006 2397 1102 2429 ἄλλους
1115 2393 1279 2435 σωφρονίζει.
1291 2389 1368 2427 Εἶδες
1381 2393 1490 2433 δύναμιν
1495 2405 1504 2430 ;
1518 2388 1586 2428 εἶδες
1599 2393 1780 2431 δικαιοσύνην;

1005 2442 1071 2480 εἶδες
1084 2445 1299 2487 φιλανθρωπίανς
1324 2440 1391 2479 εἶδες
1405 2444 1458 2475 ἀπὸ
1469 2444 1600 2484 στόματος
1612 2444 1775 2485 βαρὸαρυιοῢ

239 2540 315 2567 *λλλὰ
322 2543 358 2567 διὰ
364 2545 389 2567 τὸ
395 2546 532 2575 πρόσταγμα
538 2542 580 2566 τοῦ
585 2542 651 2566 Θεοῦ.
658 2537 759 2572 Aliquid
765 2538 865 2564 videtur
871 2538 964 2565 deesse.
1014 2540 1148 2570 detularat,
1164 2549 1215 2565 non
1225 2545 1327 2574 propter
1337 2539 1392 2574 ejus
1402 2539 1550 2570 absentiam,
1567 2538 1614 2565 sed
1621 2543 1723 2573 propter
1730 2539 1777 2564 de-

205 2582 333 2612 Iuterpres
345 2585 412 2604 certe
424 2579 458 2603 ita
471 2577 548 2603 habet
560 2587 565 2602 :
576 2578 684 2612 quicum
696 2578 867 2603 dominantem
882 2584 907 2603 et
927 2588 966 2603 re·
1016 2585 1108 2603 cretum
1121 2578 1180 2605 Dei.

206 2624 325 2653 gnantem
338 2618 462 2652 ejecerant
475 2623 497 2642 ει
513 2617 627 2648 oderant,
639 2625 693 2642 eum
706 2618 793 2642 iterum
811 2617 890 2643 redite
902 2617 967 2642 desl-
