1890 2826
87 1084 158 1104 Ιοαη,
173 1089 192 1105 Ι.
203 1083 226 1106 3.

87 2277 143 2298 Gen.
156 2283 175 2297 ι.
186 2283 223 2298 20.

236 178 304 223 544

931 186 1111 210 SEVEMAM

233 257 259 280 et
270 249 358 279 brutis
378 248 559 277 animantibus
576 247 709 288 producta
729 254 801 283 sunt,
822 254 914 278 caetera
925 247 977 277 ho-
995 250 1014 273 D
1031 253 1085 282 τοῖς
1107 249 1254 290 ἀνθρώποις
1266 249 1283 285 ἢ
1297 253 1351 284 τοῖς
1370 249 1472 289 ἀλόγοις
1485 250 1603 290 ἐγίνετο,
1617 249 1651 278 τὰ
1672 249 1699 278 δὲ
1721 250 1798 289 ἔτερα

234 295 352 325 minibus
363 305 442 324 usum
454 293 619 334 praebebant.
633 295 727 333 Neque
748 294 820 324 enim
838 294 978 335 praesentis

233 348 273 371 est
284 340 423 381 temporis,
438 339 545 370 diversa
564 339 612 369 illa
631 349 691 379 quae
711 350 746 369 ex
762 346 833 369 terra
846 339 978 380 producta

234 394 297 417 sunt
309 397 453 420 recensere,
469 396 501 415 ne
512 386 641 416 sermonis
655 385 796 426 longitudo
809 386 921 416 auribus
933 397 979 416 ve-

234 434 297 463 stris
310 433 421 463 molesta
434 431 480 462 sit.
489 430 633 473 Acceperat
639 433 719 462 etiam
729 433 828 463 caelum
837 432 978 473 proprium

235 479 287 510 sibi
299 486 432 509 ornatum.
440 478 564 508 Procedit
573 478 631 518 jam
642 480 716 509 Deus
727 479 762 509 ad
775 474 868 518 aquas,
883 479 978 509 efficit-

235 538 288 566 que
299 534 329 556 ut
336 527 390 556 iltae
403 526 520 556 animam
539 526 674 557 viventem
694 526 854 567 producant,
865 537 979 567 magnus

235 573 500 613 sapientissimusque
513 573 634 609 Creator,
647 572 696 612 qui
710 573 796 603 libero
809 583 859 603 suo
871 580 940 603 nutu
953 580 979 603 et

235 618 330 647 Verbo
343 623 434 646 saneto
449 627 499 647 suo
518 617 608 647 omnia
627 617 701 654 fecit,
724 624 755 648 ut
767 628 802 648 ex
821 617 880 658 ipsa
893 618 979 649 Verbi

234 663 345 693 veritate
365 673 456 692 rerum
475 662 614 692 veritatem
639 663 734 700 nostis,
752 674 815 693 cum
836 663 980 693 audivistis

234 718 295 736 cum
315 706 448 736 dicentem
464 719 470 736 z
488 707 707 747 Congregentur·
729 718 815 747 aquae
823 721 836 743 ;
848 714 874 737 et
890 707 979 737 statim

1029 300 1141 336 παρεῖχε
1155 295 1204 331 τὴν
1217 298 1314 335 χρῆσιν
1325 299 1380 329 τοῖς
1393 296 1576 335 προλεχθεῖσιν
1591 295 1746 336 ἀνθρώποις.
1757 296 1798 324 Οὔ

1028 340 1080 381 γὰρ
1093 345 1140 371 τοῦ
1154 341 1283 382 παρόντος
1305 341 1362 371 ἐστὶ
1376 344 1484 382 καιροῦ,
1498 343 1570 371 ιιτῶν
1593 340 1724 382 διαφόρων
1746 343 1800 370 τῶν

1030 387 1060 415 ἐκ
1073 389 1121 423 τῆς
1134 389 1183 427 γῆς
1197 387 1374 418 ἀναδοθέντων
1392 387 1536 425 ὑπεξιέναι,
1549 387 1616 428 ὑπὲρ
1628 389 1674 417 τοῦ
1699 386 1738 426 μὴ
1758 388 1798 426 τῷ

1030 432 1112 471 μήκει
1123 436 1169 463 τοῦ
1181 433 1260 473 λόγου
1274 433 1321 468 τὰς
1334 432 1464 474 ὑμετέρας
1475 433 1556 468 ἀκοὰς
1565 435 1697 464 ἀποκνεῖν.
1711 433 1800 462 Ἀπει-

1028 478 1108 519 λήφει
1122 479 1166 509 καὶ
1179 481 1193 509 ὁ
1210 479 1318 520 οὐρανὸς
1331 480 1377 510 τὸν
1397 479 1463 510 ἴδιον
1478 480 1589 519 κόσμον.
1605 481 1694 519 Χωρεῖ
1707 479 1800 509 λοιπὸν

1029 526 1043 553 ὁ
1057 524 1126 559 Θεὸς
1139 525 1183 555 ἐπὶ
1197 525 1232 555 τὰ
1247 525 1344 561 ὕδατα,
1358 526 1404 556 καὶΙ
1422 530 1492 558 ποιεῖ
1516 530 1600 556 ταῦτα
1625 525 1800 566 προσενέγκαι

1029 570 1118 611 ψυχὴν
1138 573 1255 607 ζῶσαν,ὁ
1274 572 1356 612 μέγας
1377 573 1423 602 καὶ
1445 572 1578 613 πάνσοφος
1600 572 1773 612 δημιουργὸς,
1787 574 1801 600 ὁ

1029 616 1140 656 νεύματι
1154 618 1274 658 ἀὸιάστῳ
1288 618 1334 648 καὶ
1347 618 1427 659 Λόγῳ
1440 621 1479 660 τῷ
1491 618 1559 659 ἁγίῳ
1576 618 1610 648 τὰ
1623 618 1710 647 πάντα
1721 619 1801 658 ἐργα-

1030 663 1156 702 σάμενος,
1170 665 1207 697 ὡς
1228 664 1254 699 ἐξ
1269 666 1349 700 αὐτ-’ἥς
1363 668 1410 694 τοῦ
1433 664 1520 704 Λόγου
1540 666 1588 701 τῆς
1610 664 1735 700 ἀληθείας
1747 666 1801 693 τῶν

1029 709 1195 749 πραγμάτων
1208 709 1258 746 τὴν
1272 710 1396 747 ἀλήθειαν
1411 710 1558 750 ἐπέγνωτε,
1571 710 1614 740 ὅτε
1628 710 1738 747 ἠκούετε
1753 711 1802 739 αὗ-

234 763 302 792 opus
312 759 457 792 sequutum
470 759 526 791 est;
540 763 570 782 ac
583 764 703 790 rursum,
715 754 834 783 Educat
848 760 940 789 terra,-
954 760 980 782 ct
995 757 1013 781 E
1029 758 1075 785 τοῦ
1091 756 1226 796 λέγοντος·
1241 756 1407 797 Συναχθήτω
1418 757 1452 786 τὰ
1465 756 1557 786 ὕδατα·
1571 756 1616 786 χαὶ
1629 755 1723 790 εὐθέως
1740 758 1803 792 ἠκο-

234 800 374 829 Educant
386 809 486 840 aquae;
496 805 532 836 et,
550 800 639 828 Fiant
659 800 830 830 luminaria.
846 799 981 839 Multique

236 846 316 876 suerit
325 845 464 885 temporis,
478 845 568 875 omnia
581 856 641 884 quae
650 846 744 876 Verbo
754 847 822 876 facta
833 853 895 876 sunt
908 856 979 875 nunc

236 902 356 922 sermone
366 886 502 932 prosequi.
515 891 555 921 Ut
566 891 637 920 enim
654 892 792 930 antiquam
810 892 886 921 illam
906 902 979 921 crea-

235 939 334 968 tionem
345 938 493 975 mittamus,
502 936 560 976 jam
566 937 706 966 veniamus
716 937 785 966 adea
795 938 890 976 quaein
901 938 981 967 Novo

237 986 405 1015 Testamenta
418 983 475 1013 solo
490 984 582 1014 Verbo
592 984 627 1013 ab
638 994 670 1013 eo
680 990 742 1013 sunt
752 982 830 1013 facta.
843 984 894 1013 Hic
907 993 982 1013 nam-

236 1043 289 1071 que
301 1038 340 1061 est
353 1030 400 1070 qui
412 1037 501 1060 vetera
515 1030 626 1066 creavit,
641 1036 667 1059 et
679 1038 748 1060 nova
762 1029 824 1060 fecit
834 1029 982 1059 secundum

237 1079 366 1109 Joannem
391 1076 525 1106 dicentem
547 1087 553 1105 :
579 1077 685 1105 Omnia
704 1086 758 1116 per
781 1078 874 1116 ipsum
896 1077 983 1116 facta

237 1130 317 1160 sunt,
328 1128 357 1152 et
367 1124 430 1152 sine
443 1124 503 1161 ipso
516 1122 638 1163 suctum
660 1129 702 1152 est
719 1123 804 1151 nihil.
817 1124 885 1160 Quae
900 1122 985 1162 igitur

236 1169 322 1199 oratio
335 1169 393 1198 haec
406 1175 528 1197 accurate
541 1168 666 1208 prosequi
677 1167 780 1208 possit?
790 1168 843 1197 Sed
854 1168 932 1198 seriei
944 1167 952 1196 i
957 1177 986 1196 ιι-

237 1216 373 1246 sistamus.
397 1216 449 1245 Hic
468 1215 552 1255 igitur
574 1215 787 1254 sapientissimus
809 1216 930 1252 Creator,
954 1221 985 1244 ut

234 1262 291 1301 jam
304 1261 437 1298 diximus,
449 1261 523 1300 quod
536 1262 654 1301 primum
674 1261 783 1295 fecerat,
802 1261 853 1290 hoc
865 1265 891 1290 e't
902 1271 982 1290 orna-

1029 800 1117 830 λούθει
1127 802 1157 832 τὸ
1167 802 1242 843 ἔργον
1253 804 1292 843 τῷ
1301 802 1381 843 λόγῳ·
1391 803 1436 833 καὶ
1445 802 1535 832 πάλιν·
1544 802 1739 842 Ἐξαγαγέτωῆ
1750 804 1786 841 γῆ
1795 813 1801 820 ·

1029 846 1084 884 καὶ,
1092 847 1262 888 Ἔξαγαγέτω
1275 850 1310 880 τὰ
1323 848 1416 879 ὕδατα·
1429 849 1484 885 καὶ,
1496 848 1689 886 Γενηθήτωσαν
1699 850 1805 888 φωστῆ-

1032 905 1082 933 ρες.
1100 895 1154 924 Καὶ
1176 895 1259 929 πολὺς
1275 895 1306 925 ἂν
1321 896 1362 932 εἴη
1382 899 1428 925 νῦν
1443 899 1457 926 ὁ
1470 899 1515 925 τοῦ
1529 895 1660 936 παρόντος
1678 894 1804 935 ι’καιρὸς,

1030 944 1097 970 πᾶσι
1109 945 1164 975 τοῖς
1187 941 1264 983 Λόγῳ
1283 942 1435 982 γεναμένοις
1455 942 1595 977 ἐπεξιέναι.
1617 941 1677 972 Ἵνα
1699 941 1751 981 γὰρ
1770 940 1804 970 τὰ

1032 986 1101 1016 κατὰ
1115 986 1164 1024 τὴν
1178 988 1295 1018 παλαιὰν
1309 989 1483 1030 δημιουργίαν
1496 988 1709 1029 καταλείψωμεν,
1722 987 1803 1017 ἔλθω-

1033 1044 1082 1071 μεν
1094 1033 1138 1063 ἐπὶ
1152 1033 1186 1063 τὰ
1200 1035 1227 1063 ἐν
1241 1037 1274 1075 τῇ
1289 1034 1335 1076 νέα
1346 1035 1467 1075 Διαθήκῃ
1484 1037 1548 1075 παρ’
1564 1036 1643 1064 αὐτοῦ
1663 1033 1743 1072 Λόγῳ
1757 1033 1805 1072 μό·

1033 1090 1076 1108 νον
1087 1079 1230 1119 γενόμενα.
1243 1076 1329 1114 Οὗτος
1341 1080 1393 1121 γάρ
1406 1082 1477 1110 ἐστιν
1486 1083 1500 1110 ὁ
1511 1080 1546 1110 τὰ
1559 1079 1661 1109 παλαιὰ
1677 1080 1804 1118 δημιουρ-

1033 1125 1118 1165 γήσας
1127 1149 1135 1164 ,
1160 1126 1205 1156 καὶ
1232 1126 1267 1157 τὰ
1297 1127 1344 1157 νέα
1369 1127 1484 1163 ποιήσας
1510 1126 1581 1157 κατὰ
1605 1126 1732 1162 Ἰωάννην
1758 1125 1804 1155 τὸν

1033 1172 1160 1212 λέγοντα·
1180 1172 1275 1203 Πάντα
1291 1174 1325 1203 δι’
1339 1175 1419 1203 αὐτοῦ
1433 1172 1550 1213 ἐγένετο,
1564 1172 1610 1202 καὶ
1623 1172 1706 1213 χωρὶς
1724 1173 1804 1201 αὐτοῦ

1034 1218 1138 1258 ἐγένετο
1148 1218 1207 1249 οὐδὲ
1226 1219 1261 1249 ἕν.
1277 1221 1358 1253 Ποῖος
1371 1220 1422 1260 ἄρα
1439 1219 1618 1259 ἐξηγήσασθαι
1638 1222 1724 1248 ταῦτα
1745 1221 1805 1248 κατ’

1035 1265 1173 1305 ἀκρίὸειαν
1197 1265 1336 1301 δυνήσεται
1361 1266 1452 1306 λόγος;
1473 1265 1553 1296 Ἀλλὰ
1581 1267 1630 1301 τῆς
1652 1265 1806 1298 ἀκολουθίας

237 1308 298 1344 vit‘3
313 1307 358 1337 hic
368 1307 448 1336 etiam
463 1306 501 1343 id,
516 1306 590 1346 quod
602 1305 750 1336 secundum
771 1307 871 1335 sactum
884 1307 981 1345 fuerat,
990 1333 1026 1353 4⁶⁶
1035 1311 1168 1351 ἐχώμεθα,
1185 1307 1271 1346 οὗτος
1281 1311 1368 1341 τοίνυν
1381 1314 1395 1341 ὁ
1414 1311 1547 1352 πάνσοφος
1561 1311 1733 1351 δημιουργὸς,
1755 1322 1806 1340 χα-

237 1353 332 1383 ordine
356 1352 505 1382 secundum
528 1353 687 1390 exornavit;
714 1353 830 1390 itemque
851 1352 981 1390 tertium,
1000 1361 1019 1383 A
1035 1358 1085 1391 θὼς
1100 1359 1246 1398 φθάσαντες
1273 1358 1402 1397 εἴπαμεν,
1423 1357 1437 1387 8
1459 1360 1565 1398 πρῶτον
1589 1358 1713 1394 ἐποίησε,
1727 1360 1805 1387 τοῦτο

237 1407 363 1439 quartum
376 1406 402 1429 et
415 1399 519 1438 reliqua
531 1398 656 1438 deinceps
670 1398 761 1427 omnia
775 1398 924 1427 secundum
937 1408 982 1427 or-

237 1446 329 1475 dinem
343 1446 482 1477 creationis
493 1451 588 1474 ornatu
599 1455 648 1473 suo
661 1443 808 1474 decoravit.
819 1445 881 1482 Quo
894 1450 982 1473 autem

237 1493 327 1522 animo
340 1492 369 1521 id
379 1491 459 1521 fecit?
473 1501 539 1520 num
552 1492 662 1520 sortasse
674 1490 767 1520 volens
778 1490 874 1520 docere
881 1501 941 1528 nos,
954 1497 984 1520 ut

236 1539 427 1568 elementorum
436 1538 563 1567 terminos
576 1537 706 1573 colamus,
718 1536 892 1575 ordinemque
903 1547 982 1576 agno-

236 1585 362 1615 scamus?
376 1585 466 1614 Primo
477 1583 561 1623 igitur
582 1583 645 1612 fecit
666 1582 762 1613 caelum
781 1583 905 1622 superius
914 1594 923 1621 5
937 1593 982 1612 se-

236 1632 324 1661 cundo
339 1635 451 1667 terram3'
463 1630 541 1660 tertio
562 1629 773 1665 firmamentum3
787 1635 882 1667 quarto
893 1639 981 1668 segre-

237 1680 310 1719 gavit
323 1690 416 1718 aquas.
427 1677 510 1715 Quod
523 1677 642 1718 primum
651 1676 721 1712 fecit,
732 1676 852 1716 primum
863 1677 980 1707 ornavit.

236 1725 380 1763 Quomodo
393 1735 469 1764 ergo,
484 1723 556 1753 dicet
568 1722 703 1762 quispiam
716 1732 750 1751 cx
761 1721 980 1760 studiosioribus,

235 1784 298 1802 cuni
315 1771 432 1802 secunda
450 1777 518 1801 esset
529 1777 608 1806 terra,
621 1769 738 1809 primam
756 1768 832 1797 illam
852 1770 982 1799 ornavit?

236 1830 267 1848 ae
291 1819 369 1858 quasi
391 1828 481 1847 secum
502 1822 637 1857 pugnante
655 1814 817 1851 narratione,
838 1826 983 1855 coarguere

1034 1404 1079 1433 καὶ
1093 1403 1225 1444 ἐκόσμησε
1234 1416 1240 1423 ·
1252 1399 1326 1437 οὗτος
1339 1404 1384 1434 καὶ
1399 1406 1437 1444 τῷ
1452 1403 1566 1444 δευτέρῳ
1585 1403 1717 1444 γενομένῳ
1726 1426 1734 1439 ,
1747 1404 1807 1432 δευ-

1033 1449 1102 1490 τέρῳ
1112 1450 1157 1480 καὶ
1169 1450 1212 1479 τὸν
1226 1449 1325 1489 κόσμον
1340 1449 1486 1480 ἀπέδωκεν·
1495 1450 1591 1490 ὁμοίως
1604 1449 1650 1479 καὶ
1663 1451 1701 1490 τῷ
1711 1449 1805 1489 τρίτῳ,

1033 1496 1079 1525 καὶ
1095 1498 1134 1536 τῷ
1142 1496 1260 1536 τετάρτῳ
1269 1517 1277 1532 ,
1289 1495 1399 1530 καὶτοῖς
1410 1497 1512 1530 λοιποῖς
1527 1495 1621 1536 ἐφεξῆς
1639 1494 1724 1524 ἅπασι
1736 1494 1806 1524 κατὰ

1032 1542 1081 1577 τὴν
1091 1542 1163 1576 τάξιν
1176 1542 1346 1582 δημιουργίας
1357 1542 1402 1572 καὶ
1411 1541 1459 1578 τὴν
1468 1541 1611 1581 εὐκοσμίαν
1623 1540 1806 1581 παρέσχεν.Τί

1032 1587 1060 1617 δὲ
1074 1587 1118 1617 διὰ
1137 1587 1230 1617 τούτου
1249 1588 1515 1628 πραγματευόμενος
1534 1586 1635 1627 ἢτάχα
1655 1586 1701 1616 καὶ
1718 1587 1805 1616 αὐτῶν

1031 1635 1084 1662 τῶν
1092 1633 1229 1674 στοιχείων
1237 1635 1308 1673 ἡμᾶς
1320 1633 1422 1668 διδάξαι
1431 1633 1587 1673 βουλόμενος
1595 1632 1670 1673 ὅρους
1677 1644 1706 1662 τε
1714 1637 1804 1672 τιμᾷν,

1030 1679 1075 1708 καὶ
1095 1678 1168 1714 τάξιν
1188 1679 1392 1719 ἐπιγινώσκειν;
1407 1680 1518 1720 Πρῶτον
1533 1679 1619 1708 τοίνυν
1634 1678 1742 1716 ἐποίησε
1759 1678 1804 1707 τὸν

1030 1725 1138 1765 οὐρανὸν
1163 1724 1207 1755 τὸν
1234 1724 1339 1762 ἐπάνω,
1362 1724 1483 1765 δεύτερον
1503 1724 1553 1761 τὴν
1573 1727 1633 1763 γῆν,
1660 1724 1748 1765 τρίτον
1773 1724 1805 1753 τὸ

1031 1770 1169 1811 στερέωμα
1178 1793 1186 1807 ,
1197 1771 1322 1811 τέταρτον
1344 1771 1476 1812 ἀφώρισεν
1488 1771 1523 1801 τὰ
1539 1771 1632 1800 ὕδατα.
1647 1770 1686 1801 “0
1699 1772 1805 1810 πρῶτον

1031 1817 1150 1854 ἐποίησε,
1166 1820 1243 1848 τοῦτο
1264 1818 1370 1858 πρῶτον
1391 1817 1534 1857 ἐκόσμησε.
1548 1819 1613 1851 Πῶς
1633 1812 1687 1854 οὖν,
1699 1817 1805 1850 πάντως

236 1865 316 1895 volet.
331 1864 387 1904 Ipsi
408 1861 635 1904 respondendum,
655 1861 725 1890 nihil
746 1872 836 1891 secum
857 1873 982 1902 pugnans
998 1869 1016 1893 B
1031 1864 1085 1903 ἐρεῖ
1098 1876 1138 1897 τις
1153 1865 1206 1892 τῶν
1224 1863 1428 1904 ἀκριὸεστέρων,
1444 1864 1568 1904 δευτέραν
1581 1859 1660 1894 οὖσαν
1685 1863 1734 1899 τὴν
1754 1864 1805 1902 γῆν

235 1922 250 1940 a
266 1911 343 1941 nobis
356 1912 384 1940 in
397 1909 520 1950 praesenti
542 1908 645 1938 dictum
667 1907 760 1944 ruisse,
776 1908 824 1937 sed
835 1909 982 1939 orationem

235 1957 288 1986 sibi
299 1956 409 1986 omnino
420 1966 477 1985 esse
489 1954 707 1984 consentientem.
721 1953 790 1982 Nam
801 1961 862 1983 ante
875 1954 926 1984 hoc
935 1955 981 1984 sus

237 2009 412 2038 mameutum,
423 2000 496 2040 quod
507 2006 566 2040 post
576 1999 671 2028 caelum
682 1999 805 2038 superius
816 2000 915 2029 factum
929 2007 980 2037 est,

236 2055 315 2087 atque
328 2047 444 2078 secunda
458 2047 503 2076 die
519 2045 703 2081 constitutum,
723 2052 815 2074 ornata
833 2053 902 2075 terra
916 2047 979 2076 fuit.

236 2094 383 2135 Oportebat
401 2094 473 2123 enim
487 2091 591 2122 ordinis
608 2091 703 2121 seriem
717 2091 829 2121 servari.
845 2093 915 2121 Cum
927 2099 979 2122 ter-

235 2151 292 2170 ram
318 2140 415 2181 plantis
439 2145 467 2168 et
484 2137 616 2168 fructibus
640 2143 776 2174 ornasset,
800 2148 862 2167 cum
884 2139 980 2169 caelum

235 2186 300 2222 sole,
312 2186 387 2222 iuna,
402 2195 433 2214 ac
444 2184 548 2222 reliquo
562 2183 702 2212 stellarum
722 2184 803 2213 choro
817 2184 977 2223 decorasset,

235 2231 270 2261 ad
282 2242 365 2270 aquas
376 2230 510 2271 processit.
526 2229 560 2258 Et
572 2228 639 2267 quid
653 2229 770 2258 historiae
789 2230 924 2269 scriptor?
937 2233 978 2261 Et

234 2280 309 2308 dixit
320 2279 412 2314 Deus,
427 2276 526 2315 inquit,
539 2276 676 2305 Educam
690 2286 774 2315 aquae
788 2278 905 2316 reptilia
918 2280 978 2306 ani-

234 2334 347 2355 marum
360 2324 533 2358 viventium,
548 2327 576 2351 et
590 2330 659 2350 aves
670 2322 807 2351 volantes
821 2333 906 2362 super
920 2330 978 2352 ter-

234 2382 308 2409 ram,
327 2370 486 2401 secundum
503 2368 722 2407 firmamentum
739 2369 815 2397 coeli.
834 2369 907 2399 Vide
927 2370 977 2399 Dei

267 2476 277 2487 ι·
294 2466 386 2501 [savit.
401 2467 466 2499 conj.
480 2470 520 2494 τὰς
536 2466 653 2500 διαφοράς,
664 2466 732 2497 quod
746 2463 838 2497 recepit
854 2464 988 2491 Combefls.

1031 1908 1141 1949 πρώτην
1165 1909 1298 1948 ἐκόσμησε
1311 1921 1319 1945 ς
1344 1909 1390 1938 καὶ
1416 1911 1451 1943 ὡς
1471 1909 1623 1950 μαχομένου
1649 1911 1734 1950 ἑαυτῷ
1757 1911 1804 1938 τοῦ

1030 1956 1110 1995 λόγου
1125 1967 1175 1993 μου
1195 1955 1354 1994 βουλήσεται
1374 1955 1609 1994 ἐπιλαμὸάνεσθαι.
1624 1956 1696 1996 Πρὸς
1708 1956 1736 1985 ὃν
1757 1956 1804 1984 λε-

1032 2002 1117 2037 κτέον,
1127 2003 1163 2035 ὣς
1175 2001 1249 2031 οὐδὲν
1260 2001 1376 2031 ἐναντίον
1390 2001 1455 2042 παρ’
1467 2003 1545 2041 ἡμῶν
1558 2001 1603 2031 ἐπὶ
1618 2004 1665 2031 τοῦ
1674 2001 1803 2041 παρόντος

1032 2047 1127 2088 ἐλέχθη
1137 2071 1145 2084 ,
1159 2047 1228 2078 ἀλλὰ
1244 2047 1290 2077 καὶ
1307 2047 1377 2077 πάνυ
1391 2049 1477 2087 ἑαυτῷ
1491 2047 1613 2087 ἁρμόζων
1625 2049 1639 2077 ὁ
1650 2047 1726 2086 λόγος
1736 2059 1803 2086 τυγ-

1030 2094 1117 2134 χάνει.
1131 2094 1190 2134 Πρὸ
1202 2093 1253 2134 γὰρ
1272 2095 1319 2122 τοῦ
1343 2093 1527 2133 στερεώματος
1540 2093 1633 2123 τούτου
1642 2117 1650 2130 ,
1665 2096 1711 2122 τοῦ
1734 2093 1803 2133 μετὰ

1030 2140 1075 2169 τὸν
1097 2139 1206 2180 οὐρανὸν
1220 2139 1264 2169 τὸν
1283 2139 1338 2168 ἄνω
1358 2139 1497 2178 γενομένου
1506 2161 1514 2175 ,
1528 2139 1681 2178 ἐκοσμήθη,
1696 2142 1742 2169 τοῦ
1757 2139 1802 2169 καὶ

1030 2187 1057 2216 ἐν
1069 2187 1102 2225 τῇ
1118 2186 1224 2226 δευτέρᾳ
1238 2185 1327 2225 ἡμέρᾳ
1348 2184 1397 2221 τὴν
1418 2185 1544 2215 σύστασιν
1559 2186 1710 2226 ἐσχηκότος.
1726 2185 1802 2215 Ἔδει

1030 2232 1081 2272 γὰρ
1101 2231 1151 2261 ’τὰ
1173 2231 1302 2272 πρέσὸεια
1321 2232 1488 2272 φυλαχθῆναι
1510 2234 1544 2271 τῇ
1559 2232 1710 2271 ἀκολουθίᾳ.
1732 2231 1801 2261 Ὅτε

1028 2278 1076 2314 τὴν
1099 2280 1150 2318 γ’ῆν
1178 2277 1311 2316 ἐκόσμησε
1335 2281 1425 2316 φυτοῖς
1456 2277 1502 2307 καὶ
1529 2282 1655 2318 καρποῖς,
1686 2277 1730 2307 ὅτε
1755 2277 1800 2306 τὸν

1028 2324 1136 2365 οὐρανὸν
1151 2323 1332 2354 ἐκαλλώπισεν
1346 2323 1413 2364 ἡλίῳ
1425 2324 1469 2353 καὶ
1485 2323 1581 2363 σελήνῃ
1599 2323 1645 2353 καὶ
1662 2325 1700 2363 τῷ
1713 2324 1800 2363 λοιπῷ

1029 2373 1080 2400 τῶν
1093 2370 1198 2410 ἄστρων
1219 2365 1396 2410 χορῷ,ἧλοεν
1420 2369 1464 2398 ἐπὶ
1486 2369 1521 2398 τὰ
1546 2369 1640 2399 ὕδατα.
1658 2369 1711 2399 Καὶ
1734 2368 1762 2398 τί
1785 2371 1800 2398 ὃ

1039 2473 1096 2499 post
1106 2472 1228 2500 γενομένοις
1236 2465 1309 2491 addit
1321 2469 1433 2499 ἑλόμενος,
1445 2466 1569 2499 vertitque
1579 2467 1656 2490 mire:
1671 2467 1799 2500 Magnus-

235 2508 293 2532 Mox
311 2506 387 2532 Savil.
409 2506 435 2530 in
447 2510 518 2530 textu
528 2510 555 2529 et.
567 2503 702 2531 Combefis.
715 2507 833 2536 ἐπεξιέναι,
849 2505 875 2530 in
887 2514 965 2538 marg.
977 2514 991 2530 e
1040 2515 1088 2539 que
1106 2507 1127 2530 is
1129 2507 1222 2538 suerit,
1240 2507 1286 2539 qui
1297 2515 1365 2530 nunc
1378 2506 1493 2539 temporis
1514 2510 1606 2529 cuncta
1629 2505 1703 2530 verbo
1715 2506 1799 2539 ficta

236 2555 287 2571 mr.
301 2546 359 2570 lect.
371 2545 445 2577 fimf]

268 2586 281 2605 ¹⁷
299 2583 392 2617 [Savii.
411 2583 476 2616 conj.
491 2586 569 2618 καιροῦ
590 2585 662 2616 λόγος.
681 2581 816 2608 Combefis.
837 2583 929 2608 omisso
946 2587 989 2615 νῦν,

1038 2547 1155 2578 persequi
1167 2545 1250 2576 vetii]

1073 2592 1083 2603 ’ἢ
1101 2583 1177 2609 Savil.
1192 2588 1221 2610 τὰ
1231 2587 1411 2618 παραπρέσόεια.
1424 2583 1505 2608 Vatic.
1518 2587 1548 2610 τά
1557 2586 1671 2618 πρέιέεια.
