1890 2826
66 1150 132 1172 Rom.
139 1156 148 1172 1
155 1166 159 1171 .
170 1157 206 1173 22.

217 194 286 237 440

218 263 394 292 instituerent.
418 264 468 292 Per
489 263 547 292 vias
565 269 654 292 autem
676 263 873 305 scribebantur,
893 262 956 300 quia

217 320 268 338 non
282 319 373 338 omnes
390 310 510 339 veritatis
520 319 653 340 sermones
663 310 804 350 capiebant
816 322 822 339 :
835 316 865 340 ut
877 309 921 340 vel
930 309 957 337 in

217 357 378 387 transeundo
392 364 418 386 et
431 357 495 386 talia
514 356 713 396 conspiciendo,
725 367 784 396 quae
797 357 897 397 scripta
918 367 960 386 es-

217 410 274 433 sent
292 404 473 442 exquirerent,
483 409 562 441 atque
580 403 616 432 ita
633 402 805 432 erudirentur
826 402 958 432 homines.

217 449 336 486 Quidam
357 456 446 479 autem
470 449 612 488 paroemias
624 448 659 478 ad
674 448 747 479 hunc
765 448 876 479 modum
890 448 959 478 defi-

558 203 584 224 S.
613 202 752 225 JOANNIS
779 200 963 225 CHRYSOST.
993 200 1150 225 ARCHIEP.
1178 202 1451 228 CONSTANTINOP-

1011 263 1132 298 ἀληθείας
1148 264 1240 304 λόγους
1253 277 1258 283 ·
1273 264 1316 294 ἵνα
1330 265 1379 295 κᾶν
1396 265 1560 307 διερχόμενοι
1578 266 1623 296 καὶ
1643 267 1783 307 βλέποντες

1012 309 1163 348 διερευνῶσι
1174 310 1208 340 τὰ
1221 312 1394 352 γεγραμμένα
1403 334 1411 347 ,
1428 313 1473 342 καὶ
1487 311 1556 343 οὕτω
1569 314 1747 344 ιιέαιδεύωνϊαι
1760 316 1784 344 οἱ

1012 355 1152 395 ἄνθρωποι.
1173 357 1251 391 Τινὲς
1271 362 1333 398 γοῦν
1352 358 1481 398 ὁρίζονται
1502 359 1583 392 αὐτὰς
1597 359 1697 397 οὕτως,
1712 362 1786 401 ῥῆμα

1012 402 1137 442 παρόδιον
1147 403 1201 432 ἀπό
1210 415 1279 438 τινος
1284 404 1346 438 ’ἐνὸς
1359 406 1395 438 εἷς
1408 404 1495 435 πολλὰ
1507 405 1787 446 μεταλαμὸανόμενον.

1011 448 1106 477 Ἔστιν
1120 444 1164 478 οἶν
1180 450 1208 479 ἐν
1229 451 1267 490 ‘ciffi
1289 450 1385 491 βιὸλίῳ
1407 451 1491 491 τούτῳ
1511 452 1607 491 γνῶσις
1629 451 1721 492 σοφίας
1740 453 1787 482 καὶ

216 495 294 525 niunt
306 496 431 525 :Dictum
452 495 607 535 parodium,
622 499 668 525 seu
679 495 709 525 in
723 495 768 526 via
778 495 908 536 positum,
922 496 955 525 ab
966 515 1003 534 375
1012 493 1131 528 παιδείας
1141 517 1149 530 ,
1174 494 1262 531 νόησις
1285 496 1370 536 λόγων
1393 497 1542 537 φρονήσεως
1553 520 1563 533 ,
1592 497 1704 538 στροφαὶ
1733 498 1789 527 λό-’

216 553 270 572 uno
292 541 409 580 quodam
430 541 465 572 ad
483 542 570 572 multa
585 542 755 572 translatum.
770 543 820 572 Est
833 542 918 582 igitur
931 542 960 571 in
976 544 997 566 Α
1012 552 1075 580 γων,
1095 541 1261 577 δικαιοσύνης
1279 543 1391 578 ἀληθοῦς
1405 543 1510 581 νόησις,
1524 543 1643 583 κρίματα
1656 543 1788 574 κατευθύ-

217 589 267 618 hoc
281 589 350 617 libro
373 588 465 618 notitia
485 588 622 628 sapientiai
634 595 661 618 et
678 587 838 629 disciplinae,
854 589 959 618 intelle-

216 641 274 664 ctus
301 644 455 664 sermonum
480 634 640 674 prudentiae,
660 635 776 675 strophae
801 635 958 672 verborum,

213 682 325 722 justitiae
336 693 406 711 verce
418 682 579 720 intellectus,
586 682 622 712 ad
629 682 803 723 dirigendum
809 683 926 724 judicia,
936 690 961 712 et

217 728 376 767 pollicitatio
385 727 630 768 cognoscendarum
641 739 676 758 ex
689 728 748 758 istis
758 730 960 769 parabolarum,

216 774 349 804 dictorum
364 774 536 814 sapientium,
552 775 770 815 aenigmatum‚et
783 775 960 805 obscurorum

217 831 380 850 sermonum.
396 821 432 851 Et
451 827 514 850 sunt
534 822 633 851 notitiae
649 822 783 862 sapientiae
797 829 823 851 et
836 821 960 862 discipli—

216 877 267 896 nae.
277 868 347 896 Cum
359 866 430 896 enim
442 874 467 896 et
481 867 570 897 Graeci
582 877 610 896 se
621 867 779 907 sapientiam
792 867 893 897 habere
903 868 962 908 pol-

216 914 355 949 liceantur,
367 919 393 942 et
410 912 529 943 haeretici
548 913 647 943 habere
661 923 688 942 se
699 913 870 953 disciplinam
884 914 960 944 arbi-

216 966 334 997 trentur3
348 957 410 988 ideo
432 959 477 988 hic
500 969 591 989 veram
613 958 771 999 sapientiam
790 970 821 989 ac
839 959 961 1000 discipli-

215 1016 276 1034 nam
288 1005 365 1035 (locet
372 1017 381 1044 3
394 1015 428 1035 ne
438 1017 473 1035 ex
493 1005 672 1035 similitudine
684 1005 802 1035 nominis
813 1006 959 1046 sapientiae,

216 1054 243 1081 in
266 1052 430 1092 sophismata
453 1053 611 1082 Graecorum
635 1059 661 1082 et
688 1052 875 1082 haereticorum
900 1053 961 1092 quis
979 1049 995 1072 Β

216 1098 328 1127 incidat.
343 1098 431 1128 Graeci
445 1098 516 1127 enim
529 1104 624 1138 putant
635 1109 662 1127 se
672 1098 723 1128 hac
736 1098 763 1127 in
780 1109 808 1128 re
823 1106 959 1139 praestare,

218 1154 249 1172 ac
264 1145 399 1173 Dicentcs
414 1154 444 1173 se
461 1145 605 1183 sapientes
620 1154 688 1181 esse,
703 1144 785 1173 stulti
788 1144 871 1185 facti
881 1153 959 1174 sunt.

220 1190 344 1219 Haeretici
357 1200 421 1219 vero
435 1189 555 1219 cruditos
568 1200 624 1218 csse
638 1200 665 1219 se
679 1191 740 1225 rati,
753 1192 841 1220 aversi
861 1198 924 1221 sunt
936 1199 962 1221 et

220 1241 340 1274 peccant,
351 1235 461 1275 proprio
469 1235 573 1275 judicio
582 1234 760 1265 condemnati.
774 1237 886 1277 Sapiens
898 1249 963 1267 vero

220 1281 340 1311 sidivina
350 1281 456 1319 eloquia
468 1280 744 1321 audierit‚sapientior
754 1283 813 1312 erit.
822 1283 929 1312 Etenim
940 1284 961 1313 si

219 1327 336 1367 legitima
349 1327 398 1356 Dei
409 1327 525 1356 audierit
533 1334 559 1356 ct
570 1327 738 1364 custodierit,
747 1328 809 1357 etin
818 1328 962 1369 disciplina

219 1373 328 1403 Domini
341 1373 478 1413 negligens
492 1383 544 1402 non
559 1373 649 1411 fucrit,
666 1383 714 1403 nec
726 1374 832 1404 fallacia
845 1375 962 1414 quadam

219 1419 330 1448 allectus
351 1419 440 1455 fuerit,
455 1419 530 1448 filius
551 1418 657 1464 sapiens
681 1419 786 1458 evadet,
802 1428 828 1450 et
841 1421 963 1451 eruditus

222 1466 318 1501 sactus,
326 1465 414 1494 statim
426 1465 506 1494 etiam
520 1464 699 1504 cognitionem
711 1467 762 1495 Dei
773 1467 897 1507 accipiet.
906 1469 963 1498 Hac

219 1512 290 1541 enim
307 1512 802 1552 sapientcsinstituuntur.Sermonum
818 1524 882 1544 vero
899 1526 963 1555 pru-

218 1558 329 1587 dentum
338 1557 499 1594 intellectus,
508 1557 629 1587 doctrina
637 1565 675 1588 est
692 1558 727 1588 de
741 1559 798 1588 solo
811 1571 877 1589 vero
893 1562 961 1590 Deo.
979 1560 997 1583 C

218 1604 376 1632 Graecorum
384 1613 498 1642 namque
505 1603 552 1632 alii
559 1614 658 1643 corpus
665 1614 721 1634 esse
731 1605 859 1636 dixerunt
867 1608 963 1644 Deum,

214 1648 264 1676 alii
277 1647 428 1677 simulacris
439 1648 519 1677 etiam
534 1648 623 1688 ipsum
637 1649 831 1680 assimilarunt.
841 1652 964 1682 Haeretici

218 1703 282 1723 vero
292 1700 318 1723 et
327 1693 380 1733 ipsi
388 1693 415 1722 in
423 1693 480 1723 veri
490 1693 642 1733 cognitione
650 1693 834 1734 desipuerunt.
842 1698 966 1737 Propter-

217 1751 248 1769 ea
272 1740 316 1769 hic
332 1739 366 1769 dc
379 1750 442 1769 vera
455 1739 606 1779 cognitione
618 1740 668 1770 Dei
682 1741 739 1770 haec
748 1749 852 1772 enarrat
869 1754 876 1773 :
890 1745 964 1783 quod

118 1804 129 1815 ιι
167 1794 189 1816 5.
218 1786 327 1825 quidem
352 1786 497 1815 ineffabilis
521 1785 576 1820 sit:
595 1786 700 1816 Gloria
722 1788 780 1817 Dei
811 1791 965 1821 abscondit

69 1937 125 1966 Cup.
137 1944 174 1959 22.
183 1945 205 1959 2-

69 2027 126 2058 Cup.
142 2035 179 2057 29·

71 2059 106 2080 ιζὶ.

70 2090 126 2119 Cap.
136 2090 157 2111 5.
168 2097 205 2112 21.

67 2203 172 2233 Cup-15.
182 2204 204 2228 8.

67 2344 123 2380 (ξιιμ.
146 2344 180 2367 15.

64 2381 102 2396 2Ὶ.

63 2570 121 2601 αφ.
135 2571 155 2593 3.
167 2578 201 2601 19.

65 2613 140 2643 Calnss
165 2616 201 2639 26.

60 2656 90 2660 —
99 2646 129 2667 lu.

127 1834 132 1845 Ὗ
160 1826 181 1848 ”
217 1834 354 1868 verbani,-
366 1833 400 1862 de
414 1831 582 1872 providentia
602 1842 667 1862 vero
689 1834 748 1873 ejus
766 1834 805 1864 sic
818 1836 939 1876 loquitur
956 1849 962 1865 :

219 1881 254 1909 In
266 1880 345 1908 omni
358 1879 422 1908 loco
437 1878 515 1908 oculi
530 1879 651 1907 Domini
661 1882 898 1920 contemplantur
912 1886 963 1914 bo-

218 1935 270 1954 nos
282 1931 309 1954 et
325 1925 428 1954 malos.
439 1924 473 1954 Et
484 1924 582 1953 iterum
598 1935 604 1951 ι
621 1925 711 1954 Dives
728 1932 756 1954 et
765 1938 877 1968 pauper
889 1930 966 1960 alter

218 1971 306 2000 alteri
315 1976 503 2000 occurrerunt
518 1982 526 1998 ε
539 1976 677 2011 utrosque
689 1982 760 2002 vero
761 1973 841 2013 fecit
857 1977 963 2007 Domi-

220 2027 284 2045 nus.
301 2017 349 2053 Et,
365 2017 445 2044 Dum
466 2018 644 2045 conveniunt
652 2016 821 2057 soenerator
833 2032 869 2051 ac
883 2024 963 2052 debi-

219 2067 274 2098 tor,
290 2068 427 2101 utrosque
451 2061 619 2101 speculatur
643 2064 799 2094 Dominus.
823 2067 869 2105 Et,
890 2069 970 2098 Sunt·
980 2063 999 2086 ⁰

218 2109 295 2136 enim
317 2110 348 2137 in
367 2114 522 2147 conspectu
542 2108 693 2138 oculorum
708 2110 765 2140 Dei
775 2113 833 2142 vioe
846 2115 919 2153 viri,
936 2122 965 2145 et

218 2164 316 2184 omnes
336 2156 443 2184 orbitas
461 2155 523 2194 ejus
542 2155 720 2191 speculatur.
737 2158 878 2190 ‚Iudicium
893 2172 964 2201 qno·-

217 2212 268 2240 qnc
282 2202 340 2242 ejus
352 2207 551 2238 commemorat,
567 2201 658 2230 dicens
678 2213 684 2228 :
699 2203 850 2245 Sacryicia
863 2209 965 2247 impio-

217 2258 281 2276 rum
296 2249 526 2276 abominationes
542 2253 610 2276 sunt
619 2249 742 2277 Domini
757 2260 767 2280 :
783 2259 855 2281 vota
866 2261 964 2285 autem

217 2300 293 2323 recte
314 2293 529 2322 ambulantium
554 2300 674 2333 accepta
695 2302 764 2325 sunt
783 2300 863 2336 apud
885 2311 962 2331 eum,

218 2339 252 2368 Et
267 2339 363 2368 iterum
376 2351 384 2368 ι
398 2339 508 2369 Domos
522 2342 750 2370 conviciatorum
764 2343 886 2383 dissipat
900 2348 948 2375 Do
957 2366 963 2370 .

218 2388 324 2422 minus,
336 2386 446 2426 firmat
466 2392 564 2415 autem
584 2388 737 2416 terminum
759 2390 870 2420 viduoe.
894 2394 963 2434 Opi-

215 2433 308 2462 ficium
327 2443 391 2462 vcro
407 2432 482 2462 illius
503 2443 556 2462 non
574 2433 745 2473 simpliciter,
766 2436 814 2466 sed
835 2447 866 2467 eo
889 2441 962 2478 quod

214 2489 263 2518 per
272 2479 393 2508 Verbum
403 2490 433 2508 ac
444 2479 602 2519 sapientiam
611 2490 687 2509 snam
696 2489 791 2512 cuncta
801 2484 878 2514 faciat
888 2497 896 2523 ;
909 2488 956 2525 qui

213 2523 370 2562 potissimus
384 2523 442 2553 veri
466 2523 517 2553 Dei
531 2523 668 2553 character
686 2532 734 2563 est,
749 2527 822 2565 quod
842 2529 876 2558 sit
895 2530 959 2560 Filii
978 2525 996 2547 Ε

214 2568 301 2596 Pater.
315 2567 360 2596 Ait
374 2567 474 2606 igitur:
487 2567 637 2608 Sapientia
655 2569 734 2599 Deus
741 2571 888 2611 ficndavit
905 2580 960 2605 ter·-

214 2621 288 2640 ram.
302 2611 337 2640 Et
351 2611 446 2640 iterum
463 2622 468 2639 :
483 2612 645 2651 Deus-fecit
659 2616 794 2653 regiones
804 2623 832 2646 et
845 2618 958 2649 deserta

1013 599 1073 623 νειν,
1090 587 1135 617 καὶ
1147 587 1292 627 ἐπαγγελία
1313 591 1359 618 τοῦ
1379 589 1516 629 γινώσκειν
1530 591 1562 619 ἐκ
1575 589 1675 619 τούτων
1694 601 1786 630 παρα-

1012 634 1104 671 δολὰς,
1121 634 1209 674 ῥήσεις
1226 636 1323 675 σοφῶν,
1338 635 1499 675 αἰνίγματα,
1515 636 1663 670 σκοτεινοὺς
1682 636 1786 676 λόγους.

1013 681 1064 710 Καὶ
1085 681 1135 710 εἰσὶ
1158 680 1268 719 γνώσεις
1289 681 1382 721 σοφίας
1399 681 1445 711 καὶ
1459 682 1590 716 παιδείας.
1605 682 1718 719 Ἐπειδὴ
1736 682 1789 723 γὰρ

1010 725 1141 762 “Ελληνες
1162 726 1209 764 μὲν
1224 725 1318 765 σοφίαν
1332 726 1402 766 ἔχειν
1416 726 1625 766 ἐπαγγέλλονται
1636 749 1644 764 ,
1661 726 1790 767 αἱρετικοὶ

1012 771 1038 801 δὲ
1062 771 1196 810 νομίζουσι
1218 771 1340 801 παιδείαν
1364 771 1452 812 ἔχειν,
1475 772 1520 801 διὰ
1541 775 1620 802 τοῦτο
1643 768 1718 807 οὗτος
1740 773 1790 810 τὴν

1013 819 1098 854 ἀληθῆ
1112 818 1205 858 σοφίαν
1219 817 1264 847 καὶ
1277 818 1400 847 παιδείαν
1415 817 1550 854 διδάσκει,
1562 818 1606 848 ἵνα
1621 818 1658 858 μὴ
1673 822 1706 859 τῇ
1719 821 1791 859 ὁμω-

1010 865 1091 904 νυμίᾳ
1102 866 1149 900 τῆς
1162 864 1254 904 σοφίας
1269 866 1307 898 εἷς
1317 864 1351 894 τὰ
1365 865 1518 906 σοφίσματα
1528 867 1582 895 τῶν
1593 865 1730 903 Ἑλλήνων
1740 866 1787 897 καὶ

1011 912 1064 940 τῶν
1086 912 1225 950 αἱρετικῶν
1246 911 1350 951 ἐμπέσῃ
1375 924 1425 945 τις.
1446 911 1500 941 Καὶ
1518 911 1570 951 γὰρ
1588 911 1720 950 ’Έλληνες
1742 913 1790 953 μὲν

1011 956 1126 995 οἰόμενοί
1138 968 1207 990 τινες
1222 953 1302 993 εἶναι,
1314 958 1360 987 καὶ
1373 957 1526 991 Φάσκοντες
1540 953 1607 988 εἶναι
1618 958 1703 999 σοφοὶ,
1717 960 1788 998 ἐμω-

1012 1002 1158 1041 ράνθησαν.
1180 1003 1312 1043 Αἱρετικοὶ
1332 1003 1359 1033 δὲ
1379 1003 1549 1033 παιδεύεσθαι
1565 1003 1715 1042 νομίζοντες
1735 1004 1790 1039 ἐξε-

1012 1047 1175 1087 στράφησαν,
1191 1048 1236 1077 καὶ
1251 1049 1446 1088 ἁμαρτάνουσιν
1465 1049 1538 1082 ὄντες
1559 1049 1787 1090 αὐτοκατάκριτοι.

1012 1095 1074 1123 Τῶν
1087 1094 1114 1123 δὲ
1129 1094 1205 1123 θείων
1215 1094 1300 1134 λόγων
1312 1094 1428 1128 ἀκούσας
1443 1095 1530 1135 σοφὸς,
1546 1095 1694 1136 σοφώτερος
1704 1096 1789 1127 ἔσται.

1010 1141 1073 1169 Τῶν
1086 1141 1137 1180 γὰρ
1150 1139 1270 1179 νομίμων
1289 1141 1319 1170 τὸ
1337 1142 1409 1171 Θεοῦ
1424 1140 1538 1174 ἀκούσας
1547 1164 1555 1179 ,
1570 1143 1616 1171 καὶ
1639 1145 1724 1172 ταῦτα
1738 1154 1792 1183 φυ-

1009 1186 1104 1222 λάξας,
1119 1186 1164 1216 ἐπί
1185 1199 1213 1216 τε.
1237 1189 1270 1227 τῇ
1293 1187 1401 1228 παιδείᾳ
1423 1186 1521 1228 Κυρίου
1544 1187 1581 1227 μὴ
1601 1189 1786 1229 ὀλιγωρήσας,

1011 1234 1077 1272 μηδὲ
1092 1233 1225 1266 ἑλκυσθεὶς
1237 1234 1337 1274 ἀπάτῃ,
1353 1234 1407 1268 υἱὸς
1421 1233 1500 1274 σοφὸς
1512 1233 1668 1273 γενήσεται,
1679 1235 1731 1266 καὶ
1741 1247 1791 1266 πε-

1012 1280 1184 1319 παιδευμένος
1203 1281 1342 1320 γενόμενος
1364 1281 1468 1322 ταχέως
1489 1282 1535 1311 καὶ
1553 1281 1602 1317 τὴν
1623 1282 1696 1322 παρὰ
1721 1284 1792 1313 Θεοῦ

1011 1329 1107 1366 γνῶσιν
1131 1326 1242 1361 δέξεται.
1265 1328 1358 1364 Ταύτῃ
1383 1328 1434 1367 γὰρ
1456 1329 1480 1357 οἳ
1503 1327 1579 1368 σοφοὶ
1602 1327 1791 1358 παιδεύονται.

1014 1373 1112 1408 Νόησις
1134 1373 1161 1402 δὲ
1182 1373 1266 1412 λόγων
1283 1373 1433 1413 φρονήσεως
1452 1375 1468 1409 ἡ
1491 1374 1552 1414 περὶ
1578 1376 1624 1403 τοῦ
1643 1374 1723 1413 μόνου
1743 1375 1791 1404 καὶ

1014 1420 1138 1454 ἀληθινοῦ
1153 1420 1226 1452 ὄντος
1238 1421 1308 1448 Θεοῦ
1324 1418 1492 1449 διδασκαλία.
1508 1419 1573 1449 Ἐπὶ
1588 1420 1639 1460 γὰρ
1655 1419 1792 1456 Ἑλλήνων

1013 1467 1036 1494 οἱ
1055 1465 1102 1504 μὲν
1117 1467 1196 1504 σῶμα
1215 1464 1259 1494 τὸν
1281 1464 1351 1494 Θεὸν
1365 1460 1448 1502 εἶπον,
1471 1467 1495 1494 οἱ
1517 1464 1544 1494 δὲ
1569 1465 1687 1499 εἰδώλοις
1714 1467 1793 1496 αὐτὸν

1013 1511 1108 1550 ὁμοίως
1123 1511 1293 1551 ἐλάτρευσαν.
1308 1511 1442 1551 Αἱρετικοὶ
1466 1511 1494 1541 δὲ
1514 1511 1559 1541 καὶ
1578 1512 1652 1541 αὐτοὶ
1668 1513 1790 1552 περὶτοῦ

1014 1558 1086 1591 ὄντος
1099 1557 1310 1598 παρεφρόνησαν.
1326 1557 1378 1586 Διὰ
1390 1560 1468 1586 τοῦτο
1478 1554 1553 1591 οὗτος
1564 1557 1613 1594 τὴν
1624 1559 1716 1594 ’ἃληθῆ
1727 1559 1790 1599 περὶ

1015 1605 1084 1633 Θεοῦ
1104 1605 1200 1643 γνῶσιν
1214 1602 1364 1642 ἐξηγεῖται,
1388 1602 1419 1632 τὸ
1440 1602 1488 1642 μὲν
1509 1603 1688 1644 ἀνέκφραστον
1709 1605 1790 1634 αὐτοῦ

1014 1649 1109 1688 λέγων,
1126 1648 1198 1683 Δόξα
1211 1651 1281 1679 Θεοῦ
1295 1649 1410 1689 κρύπτει
1422 1649 1499 1689 λόγον
1510 1661 1517 1667 ·
1530 1649 1561 1679 τὸ
1573 1650 1602 1680 δὲ
1616 1651 1792 1690 προνοητικὸν

1016 1696 1094 1724 αὐτοῦ
1112 1707 1191 1735 φησιν
1200 1707 1206 1714 ·
1222 1695 1269 1724 Ἐν
1283 1694 1363 1724 παντὶ
1380 1695 1454 1735 τόπῳ
1467 1695 1599 1736 ὀφθαλμοὶ
1611 1696 1710 1737 Κυρίου
1725 1708 1792 1727 σκο-

1015 1741 1124 1771 πεύουσι
1138 1741 1234 1775 κακούς
1245 1753 1274 1770 τε
1286 1741 1331 1770 καὶ
1346 1741 1468 1781 ἀγαθούς.
1481 1741 1535 1771 Καὶ
1554 1741 1646 1779 πάλιν,
1661 1741 1793 1776 modum<

1015 1787 1060 1817 καὶ
1084 1786 1191 1827 πτωχὸς
1215 1786 1381 1823 συνήντησαν
1403 1787 1528 1823 ἀλλήλοις
1539 1810 1547 1825 ,
1570 1787 1735 1828 ἀμφοτέρους
1764 1789 1792 1818 δὲ

1014 1834 1137 1869 ἐποίησεν
1151 1836 1165 1863 ὁ
1175 1833 1279 1874 Κύριος.
1295 1834 1349 1863 Καὶ
1361 1855 1369 1869 ,
1384 1835 1529 1863 Δανειστοῦ
1541 1834 1586 1863 καὶ
1597 1834 1791 1875 χρεωφειλέτου

1014 1878 1139 1914 ἀλλήλοις
1157 1878 1343 1912 συνελθόντων,
1364 1878 1515 1914 ἐπισκοπὴν
1535 1882 1652 1911 ποιεῖται
1672 1878 1792 1919 ἀμφοτέ-

1015 1936 1066 1964 ρων
1080 1925 1094 1953 ὁ
1108 1924 1212 1964 Κύριος.
1227 1924 1295 1959 Καὶ,
1310 1923 1442 1953 Ἔνώπιον
1457 1924 1507 1964 γάρ
1521 1925 1574 1953 εἰσι
1589 1926 1643 1953 τῶν
1656 1927 1703 1954 τοῦ
1719 1926 1791 1955 Θεοῦ

1014 1971 1156 2010 ὀφθαλμῶν
1176 1969 1231 1999 ὁδοὶ
1250 1969 1341 2009 ἀνδρός
1352 1981 1358 1988 ·
1385 1971 1421 2003 εἷς
1441 1969 1469 1999 δὲ
1488 1969 1576 2003 πάσας
1590 1969 1699 2010 τροχιὰς
1712 1971 1792 2000 αὐτοῦ

1017 2014 1150 2045 σκοπεύει.
1173 2016 1226 2045 Καὶ
1248 2015 1277 2044 τὸ
1293 2015 1341 2054 μὲν
1356 2015 1473 2055 κριτικὸν
1494 2017 1574 2045 αὐτοῦ
1595 2027 1677 2055 φησι·
1690 2015 1791 2046 Θυσίαι

1016 2062 1118 2092 ἀσεὸῶν
1140 2062 1276 2101 βδέλυγμα
1300 2062 1399 2102 Κυρίου
1411 2073 1417 2080 ·
1441 2062 1518 2102 εὐχαὶ
1538 2062 1566 2091 δὲ
1581 2061 1793 2091 κατευθυνόντων

1015 2108 1105 2137 δεκταὶ
1117 2109 1180 2147 παρ’
1199 2109 1280 2147 αὐτῷ.
1303 2108 1357 2138 Καὶ
1371 2107 1462 2145 πάλιν,
1478 2107 1576 2141 Οἶκους
1594 2107 1726 2147 ὓὸριστῶν
1738 2119 1792 2137 κα-

1015 2158 1105 2193 τασπᾷ
1117 2153 1213 2194 Κύριος
1223 2176 1231 2189 ,
1244 2153 1341 2189 ἔστησε
1353 2153 1381 2183 δὲ
1395 2153 1466 2194 ὅριον
1479 2153 1565 2194 χήρας
1578 2154 1750 2194 (legebatur
1760 2157 1792 2183 in

1018 2201 1074 2230 MS.
1090 2199 1205 2240 χώρας).
1220 2199 1260 2229 Τὸ
1275 2199 1302 2228 δὲ
1317 2199 1504 2239 δημιουργικὸν
1523 2201 1603 2230 αὐτοῦ
1617 2201 1668 2240 οὔχ
1681 2201 1773 2234 ἁπλῶς
1783 2224 1792 2237 ,

1015 2247 1074 2275 ἀλλ’
1089 2245 1128 2275 ὅτι
1151 2245 1194 2274 διὰ
1207 2248 1254 2275 τοῦ
1276 2245 1341 2275 ἰδίου
1365 2245 1444 2284 λόγου
1461 2245 1508 2275 καὶ
1527 2247 1576 2281 τῆς
1596 2246 1688 2286 σοφίας
1705 2246 1793 2276 πάντα

1015 2296 1085 2321 ποιεῖ
1099 2304 1105 2310 ·
1127 2292 1141 2321 ὃ
1164 2290 1282 2331 μάλιστα
1304 2291 1496 2332 χαρακτηρίζει
1516 2292 1560 2322 τὸν
1575 2292 1697 2328 ἀληθινὸν
1713 2292 1792 2330 Θεὸν,

1017 2340 1056 2368 ὅτι
1071 2339 1136 2368 rto&
1154 2337 1250 2377 Πατήρ
1265 2339 1334 2367 ἐστι.
1348 2337 1500 2377 Λέγειγοῦν
1512 2349 1519 2357 ·
1531 2337 1567 2368 Ὁ
1579 2337 1649 2371 Θεὸς
1665 2339 1699 2378 τῇ
1713 2338 1792 2379 σοφίᾳ

1015 2385 1171 2424 ἐθεμελίωσε
1184 2383 1233 2420 τὴν
1247 2386 1306 2424 γῆν.
1316 2384 1369 2414 Καὶ
1377 2384 1467 2421 πάλιν,
1479 2384 1514 2414 ‘O
1530 2384 1599 2418 Θεὸς
1611 2383 1720 2420 ἐποίησε
1731 2384 1792 2426 χώ-

1016 2443 1061 2471 ρας
1073 2431 1118 2460 καὶ
1129 2430 1267 2466 ἀοικήτους
1275 2454 1283 2468 ,
1297 2431 1342 2460 καὶ
1356 2431 1426 2471 ἄκρα
1439 2430 1580 2469 οἰκούμενα
1591 2432 1639 2466 τῆς
1655 2432 1700 2460 ὑπ’
1712 2432 1790 2471 οὐρα-

1014 2478 1065 2507 νόν.
1078 2478 1173 2507 Ἡνίκα
1185 2477 1313 2516 ἡτοίμαζε
1324 2478 1368 2507 τὸν
1379 2477 1496 2518 οὐρανὸν,
1509 2477 1692 2517 συμπαρήμην
1707 2479 1789 2518 αὐτῷ,

1014 2525 1058 2553 καὶ
1077 2526 1118 2553 ὅτε
1136 2524 1249 2563 ἀφώριζε
1266 2523 1310 2553 τὸν
1325 2525 1404 2552 αὑτοῦ
1419 2522 1509 2563 θρόνον
1523 2524 1565 2552 ἐπ’
1580 2522 1695 2562 ἀνέμων,
1710 2523 1790 2559 ἡνίκα

1014 2571 1111 2610 ἰσχυρὰ
1134 2570 1217 2599 ἐποίει
1230 2569 1264 2598 τὰ
1277 2570 1331 2598 ἄνω
1351 2569 1434 2609 νέφη,
1454 2569 1528 2608 ἤμην
1541 2571 1604 2609 παρ’
1620 2571 1693 2609 αὐτῷ
1709 2569 1790 2609 ἁρμό-

1013 2623 1101 2655 ζουσα.
1120 2621 1192 2660 Ἐγὼ
1213 2620 1286 2659 ἥμην
1300 2616 1318 2660 ᾗ
1330 2619 1505 2660 προσέχαιρε,
1520 2622 1578 2649 καθ’
1593 2619 1696 2660 ἡμέραν
1707 2620 1735 2650 δὲ
1750 2621 1789 2649 εὖ-
