1890 2826
90 713 161 735 Amos

94 744 127 766 18.
142 751 178 766 20.

243 187 286 220 70

242 245 307 274 ldeo
320 244 379 273 ait:
400 245 450 274 Voe
476 246 527 283 qui
550 243 702 272 attrahunt
721 249 842 282 peccata
862 253 917 272 sua
927 256 939 279 ,·
955 242 984 272 id

239 298 290 328 cst,
305 291 507 320 retributionem
520 296 690 330 peccatorum
707 301 713 318 :
729 288 806 328 qnasi
818 288 899 330 longo
912 289 984 318 funi-

240 337 302 366 culo
311 348 326 366 e
338 336 487 377 longinquo
509 334 625 372 trahitis,
634 334 733 373 inquit,
742 333 880 365 definitam
890 345 983 375 pocca-

240 383 274 413 tis
287 383 384 414 vestris
397 383 538 418 ultionem,
553 389 578 411 et
592 381 668 420 quasi
687 380 747 420 jugi
769 380 883 421 corrigia
892 381 984 412 vitulae

239 429 399 471 subjugalis,
412 436 442 458 ut
453 428 587 471 exprimat
600 428 712 457 illorum
724 426 845 457 studium
854 434 881 458 et
893 438 984 458 curam
1002 429 1021 452 Β

239 475 266 504 in
286 475 430 516 peccando.
444 476 483 504 Ut
496 474 519 504 si
533 474 594 514 quis
607 475 666 503 loro
686 474 749 503 sorti
768 472 836 512 quid
846 480 983 514 per-traxe-

240 520 285 558 rit,
301 521 339 550 sic
352 531 400 550 vos
421 531 469 560 per
493 519 707 549 incredulitatem
728 518 779 548 Dei
803 518 880 549 irm'
893 526 985 549 eontra

240 578 287 596 vos
301 566 418 596 trahitis.
434 565 539 596 Deinde
553 565 619 596 dicit
630 565 766 604 quomodo
780 565 886 595 trahant
900 578 907 595 :
927 567 985 606 Qui

240 614 352 650 dicunt,
362 614 427 643 Cito
449 616 681 653 appropinquent
705 622 769 652 quoe
784 611 925 652 factiuns
942 619 986 643 est

206 699 208 701 ι
240 660 334 697 Deus,
349 667 382 690 ut
403 661 568 689 videamus.
583 659 616 689 Id
629 658 703 698 quod
725 665 752 687 et
763 657 834 687 alius
855 658 984 699 propheta

170 714 213 736 .5.

240 706 278 735 eis
294 706 361 736 vitio
374 706 455 737 vertit
466 706 558 735 dicens
574 718 580 734 ι
598 706 649 734 Voe
662 705 896 734 desiderantibus
907 705 983 735 diem

242 753 370 782 Domini.
390 753 419 782 Ε
421 758 431 781 t
451 752 524 792 quid
535 753 620 781 vobis
639 752 702 780 hoec
715 751 798 780 dies?
814 751 856 779 Et
868 751 931 780 ltoea
943 757 985 781 est

241 799 377 835 tenebrae,
391 808 450 827 non
465 798 528 835 lux,
543 804 571 826 et
583 797 677 837 caligo
695 807 755 825 non
768 796 877 826 habens
889 795 985 836 splen-

241 844 341 873 dorem
352 854 447 873 suum.
462 844 569 874 Etenim
580 843 622 872 illi
635 854 742 882 quoque
764 842 898 872 increduli
911 842 987 872 dice-

241 889 306 918 bant
320 901 327 917 :
342 889 459 926 Quando
476 889 564 919 veniet
582 889 640 918 dies
661 888 789 930 supplicii
811 895 838 918 ct
855 888 987 918 ultionis?

241 936 290 965 20.
305 936 356 965 Vae
369 938 420 976 qui
442 937 545 965 dicunt
564 935 675 964 malum
696 937 814 972 bonurn,
828 941 857 965 et
877 936 986 964 bonum

242 982 353 1011 malum
359 995 371 1018 ;
385 985 438 1023 qui
453 989 568 1023 ponunt
586 983 681 1012 lucem
701 983 852 1020 tenebras,
864 987 893 1012 et
912 988 988 1011 tene-

243 1029 311 1057 bras
338 1028 431 1058 lucem
435 1041 449 1065 ,⁴
474 1030 525 1069 qui
545 1034 660 1068 ponunt
680 1027 767 1058 dulce
790 1035 939 1064 amarum,
961 1034 990 1058 et
1005 1031 1024 1055 c

242 1084 377 1103 amarum
389 1075 485 1104 dulce.
497 1076 618 1104 Rursum
626 1074 660 1104 de
671 1073 767 1104 iisdem
777 1074 907 1113 loquitur.
916 1075 989 1111 Quo-

241 1120 313 1150 niam
330 1121 473 1161 prophetas
486 1121 655 1151 contumeliis
668 1123 815 1150 onerabant
826 1127 853 1150 et
865 1120 989 1161 decepto-

240 1178 282 1197 res
295 1167 440 1198 vocahant:
455 1167 703 1208 pseudoprophetas
726 1178 791 1198 vero
803 1167 988 1205 honorabant,

241 1225 384 1254 rerumque
393 1215 516 1244 ordinem
527 1214 706 1250 invertebant,
715 1215 788 1254 ipsos
799 1214 911 1243 miseros
919 1225 990 1254 prae-

240 1260 312 1290 dicat
338 1260 373 1289 ob
400 1267 560 1300 corruptum
583 1259 730 1300 judicium.
749 1259 810 1294 Vae,
826 1259 924 1298 inquit,
940 1262 992 1300 qui

241 1308 342 1336 dicunt
364 1307 476 1336 malum
501 1308 628 1342 bonurn,
645 1305 676 1335 id
696 1313 754 1343 est,
770 1305 991 1346 pseudoprophe-

240 1352 316 1388 tiam,
330 1359 359 1382 et
380 1354 488 1382 bonum
513 1353 639 1389 malum,
654 1352 840 1392 prophetiam;
864 1353 918 1392 qui
938 1363 990 1392 po-

241 1405 315 1428 nunt
330 1399 424 1428 lucem
447 1401 591 1435 tenebras,
607 1405 636 1427 et
658 1401 792 1428 tenebras
815 1399 909 1428 lucem
914 1412 927 1435 ,-
941 1399 993 1439 qui

239 1451 352 1484 ponunt
360 1446 447 1475 dulce
454 1455 599 1480 amarum,
607 1451 636 1474 et
643 1455 777 1474 amarum
785 1445 882 1474 dulce.
892 1445 993 1475 Etiam-

241 1491 346 1520 sienim
359 1491 471 1521 molesta
484 1491 538 1520 sint
550 1491 632 1520 verba
644 1514 652 1528 ‚
668 1490 768 1530 inquit,
782 1490 830 1520 sed
843 1490 913 1520 nihil
926 1490 991 1520 dul-

241 1537 299 1567 cius
312 1545 352 1568 est
365 1537 503 1578 prophetis
512 1559 519 1573 ‚
531 1537 579 1576 qui
601 1537 747 1566 verborum
766 1536 992 1567 interminationi-

241 1584 292 1613 bus
316 1594 407 1613 rerum
431 1583 645 1623 experimentum
657 1582 805 1623 depellunt.
824 1583 884 1612 Etsi
900 1582 991 1612 dulcia

242 1629 295 1659 sint
305 1630 387 1659 verba
398 1628 705 1670 pseudoprophetarum,
714 1627 761 1658 sed
774 1628 842 1658 nihil
853 1628 909 1658 illis
920 1639 991 1658 ama—

243 1675 315 1712 rius,
328 1675 376 1714 qui
392 1686 440 1716 per
462 1675 574 1715 gratiam
587 1675 732 1704 verborum
746 1674 832 1704 minas
846 1674 874 1703 in
895 1685 952 1704 rem
966 1682 992 1704 ct

243 1731 324 1760 opera
338 1727 458 1750 vertunt.

283 1768 314 1796 7.
337 1767 380 1797 En
397 1766 534 1807 propheta!
547 1765 718 1805 sapientiam,
733 1766 870 1805 quomodo
881 1766 993 1796 illorum

243 1813 397 1852 opinionem
412 1813 538 1842 invertat.
554 1813 626 1849 Quia
647 1812 719 1842 enim
732 1812 788 1842 illis
813 1820 843 1843 ut
856 1813 993 1843 acerbiora

245 1860 415 1889 narrantibus
429 1869 481 1888 non
495 1858 684 1893 attendebam
697 1859 740 1888 his
752 1870 828 1889 secus
840 1866 870 1889 ut
883 1859 996 1890 mitiori-

244 1905 296 1935 bus
323 1905 490 1944 multamque
508 1903 679 1933 dulcedinem
692 1904 896 1942 exhibentibus,
911 1905 993 1944 dixit,

245 1961 302 1980 rem
323 1950 457 1980 contrario
471 1961 499 1980 se
513 1950 612 1979 habere
632 1950 729 1984 modo,
752 1951 918 1990 multamque
938 1962 995 1982 esse

244 1997 438 2037 prophetarum
449 1995 632 2033 dulcedinem,
639 1997 753 2026 multam
771 1997 994 2039 pseudoprophe—

246 2050 334 2072 tarum
347 2042 556 2072 amaritudinem
573 2055 580 2071 ι
596 2041 636 2071 sic
649 2042 728 2072 etiam
742 2043 777 2072 de
790 2043 851 2072 luce
863 2051 889 2073 et
901 2044 936 2074 de
957 2051 995 2074 te-

246 2090 337 2119 nebris
359 2100 446 2119 sermo
469 2089 547 2118 nobis
569 2088 711 2118 habendus
732 2096 782 2119 est.
805 2091 874 2119 Nam
897 2090 938 2119 illi
958 2091 993 2121 ad

245 2146 372 2171 errorem,
385 2136 415 2166 hi
428 2135 463 2165 ad
476 2135 615 2166 veritatem
628 2134 796 2165 deducebant
808 2147 815 2164 ε
827 2143 853 2165 et
866 2136 908 2166 illi
930 2138 994 2176 qui·
1011 2137 1029 2160 Ε

244 2181 307 2211 dem
319 2182 483 2222 captivitatis
492 2181 601 2221 caligini
614 2191 709 2211 manus
719 2181 802 2211 ferme
813 2181 924 2221 ligantes
938 2190 992 2212 tra-

244 2227 353 2264 debant,
368 2228 398 2257 hi
410 2235 499 2257 autem
512 2227 583 2256 nihil
596 2237 650 2256 non
663 2227 785 2267 agebant,
801 2235 831 2257 ut
843 2228 872 2257 in
885 2228 991 2260 liberta-

243 2275 278 2304 tis
289 2268 378 2304 lucem
389 2274 561 2304 adducerent.
578 2274 714 2311 Quoniam
728 2285 792 2314 ergo
803 2276 954 2315 oppositam
965 2284 991 2307 et

244 2331 297 2350 non
315 2327 516 2350 consentaneam
537 2320 572 2349 de
587 2320 653 2359 ipsis
667 2321 823 2350 sententiam
844 2321 988 2359 habebant,

243 2367 302 2406 jure
322 2365 385 2395 illos
409 2365 520 2405 corrigit
546 2365 638 2394 dicens
654 2378 660 2394 ε
679 2366 736 2404 Qui
758 2374 872 2406 ponunt
895 2368 988 2398 lucem

244 2414 389 2448 tenebras,
401 2419 429 2442 et
441 2413 573 2441 tenebras
587 2412 688 2441 lucem.
703 2414 751 2442 21.
769 2414 819 2443 Vae
833 2416 885 2454 qui
904 2416 990 2445 intel-

274 2512 285 2524 θ·
302 2507 345 2530 Καὶ
356 2509 434 2538 γνόφος
442 2506 480 2529 οὐκ
493 2506 551 2536 ἔχων
558 2508 637 2537 φέγγος
646 2506 715 2532 αὐτῆς
726 2515 730 2529 :
744 2509 769 2528 et
780 2504 865 2538 caligo
883 2514 933 2530 non
955 2505 1003 2531 ha-

240 2544 300 2568 bens
316 2543 472 2577 splendorem
490 2550 569 2566 suum.
590 2542 650 2566 Haec
668 2541 758 2567 afferre
778 2544 882 2568 omnino
899 2543 1003 2570 videtur

239 2582 434 2615 Chrysostomus
446 2600 452 2612 ,
471 2581 543 2614 quasi
559 2579 697 2613 prophetia}
713 2582 797 2607 Amosi
811 2588 907 2614 essent,
930 2584 999 2616 cujus

579 183 607 204 S.
636 182 776 204 JOANle
803 181 987 205 CRRYSOS’P.
1018 182 1172 204 AchtEP.
1201 182 1472 206 CONSTANTINOP-

1042 255 1117 279 μενοι
1129 244 1204 282 ὑμεῖς
1216 244 1286 279 ἐστε,
1298 245 1322 273 οἱ
1335 248 1389 277 τοῖς
1405 243 1555 283 λεγομένοις
1569 244 1747 277 ἀπιστοῦντες.
1759 244 1812 274 Διὰ

1041 290 1118 318 τοῦτό
1142 301 1237 330 φησιν·
1263 289 1333 319 Οὐαὶ
1360 291 1384 319 οἱ
1407 289 1587 329 ἐπισπώμενοι
1610 288 1657 323 τὰς
1681 289 1812 330 ἁμαρτίας
1856 306 1859 308 -

1042 337 1142 365 αὐτῶν·
1165 336 1305 372 τουτέστι,
1319 336 1369 373 τὴν
1382 336 1512 367 ἀντίδοσιν
1531 337 1584 366 τῶν
1598 336 1810 376 ἁμαρτημάτων.

1041 381 1089 415 Ὡς
1110 383 1219 423 σχοινίῳ
1245 385 1340 423 μακρῷ
1369 382 1503 423 πόῤῥωθεν
1527 384 1635 420 ἕλκετε,
1659 382 1738 422 φησὶ,
1762 383 1811 419 τὴν

1042 429 1190 468 ὡρισμένην
1205 433 1258 462 τοῖς
1269 428 1459 469 ἁμαρτήμασιν
1472 430 1547 467 ὑμῶν
1557 428 1648 465 δίκην,
1661 428 1707 457 καὶ
1719 430 1755 462 ὡς
1766 430 1812 462 ζυ-

1042 478 1089 514 γοῦ
1102 475 1195 514 ἱμάντι
1218 475 1357 514 δαμάλεως
1376 475 1428 504 ὑπὸ
1440 475 1516 515 ζυγὸν
1537 474 1632 511 οὔσης,
1648 474 1692 504 ἵνα
1705 474 1768 513 εἴπῃ
1782 475 1813 504 τὸ

1042 521 1154 558 εὔτονον,
1167 522 1197 551 τὸ
1212 521 1279 560 μετὰ
1299 522 1426 557 σπουδῆς.
1438 520 1486 555 Ὡς
1499 521 1544 551 ἐάν
1557 533 1595 555 τις
1609 519 1700 560 ἱμάντι
1715 520 1813 560 εὖτόνῳ

1041 567 1214 607 ἐφελκύσαιτό
1233 580 1272 604 τι,
1287 567 1370 601 οὕτως
1393 569 1468 606 ὑμεῖς
1481 566 1525 596 διὰ
1538 569 1586 603 τῆς
1599 567 1723 600 ἀπιστίας
1736 566 1812 606 ἐφέλ-

1041 624 1100 642 κετε
1114 615 1172 643 καθ’
1191 615 1264 652 ὑμῶν
1276 616 1322 643 τοῦ
1342 615 1413 643 Θεοῦ
1427 612 1476 649 τὴν
1493 613 1586 653 ὀργήν.
1601 608 1669 643 Εἶτα
1682 612 1756 653 λέγει
1767 613 1813 642 καὶ

1039 661 1097 692 πῶς
1117 659 1287 699 ἐφέλκονται·
1307 661 1343 689 Οἱ
1357 659 1493 699 λέγοντες,
1506 658 1537 688 τὸ
1556 658 1638 698 τάχος
1650 658 1782 698 ἐγγισάτω
1795 659 1813 688 ἃ

1040 704 1146 740 ποιήσει
1158 707 1172 734 ὁ
1186 705 1264 743 Θεὸς,
1279 705 1322 734 ἵνα
1340 705 1447 744 ἴδωμεν.
1464 704 1502 735 Ὃ
1520 704 1565 734 καὶ
1579 704 1665 745 ἕτερος
1676 705 1813 746 προφήτης

1041 751 1145 790 ἐγκαλεῖ
1168 750 1266 790 λέγων·
1290 752 1361 781 Οὐαὶ
1384 753 1408 780 οἱ
1431 753 1617 790 ἐπιθυμοῦντες
1639 750 1687 787 τὴν
1709 751 1812 791 ἡμέραν

1040 796 1148 836 Κυρίου.
1165 796 1220 826 Καὶ
1235 796 1277 826 ἵνα
1298 796 1324 826 τί
1345 799 1407 836 ὑμῖν
1429 799 1446 833 ἡ
1461 797 1550 838 ἡμέρα
1574 796 1661 835 αὕτης
1678 796 1731 826 Καὶ
1744 797 1812 832 αὕτη

1041 841 1097 871 ἐστὶ
1111 841 1203 876 σκότος
1216 842 1262 872 καὶ
1276 844 1304 872 οὔ
1319 846 1374 883 φῶς
1382 863 1391 878 ,
1403 846 1415 858 “
1426 843 1471 872 καὶ
1491 843 1585 883 γνόφος
1598 844 1646 872 οὐκ
1666 841 1735 883 ἔχων
1748 842 1811 882 φέγ-

1041 899 1085 927 γος
1096 888 1186 924 αὐτῆς.
1200 888 1254 918 Καὶ
1266 888 1316 928 γὰρ
1338 889 1383 918 καὶ
1401 890 1495 918 ἐκεῖνοι
1515 890 1685 922 ἀπιστοῦντες
1708 888 1812 928 ἔλεγον·

1041 932 1106 962 πότε
1127 932 1184 968 ἥξει
1207 936 1224 969 ἡ
1246 934 1335 974 ἡμέρα
1346 936 1394 970 τῆς
1408 934 1540 968 κολάσεως
1554 934 1599 964 καὶ
1612 936 1660 970 τῆς
1670 934 1813 975 τιμωρίαςς

1042 978 1112 1008 Οὖαὶ
1125 981 1149 1008 οἱ
1160 979 1280 1019 λέγοντες
1293 980 1323 1009 τὸ
1336 980 1450 1020 πονηρὸν
1464 980 1555 1018 καλὸν,
1568 980 1614 1010 καὶ
1624 979 1655 1009 τὸ
1671 980 1751 1010 καλὸν
1764 992 1814 1010 πο·

1043 1024 1121 1064 νηρόν
1130 1036 1136 1043 ·
1151 1027 1175 1055 οἱ
1188 1025 1301 1059 τιθέντες
1312 1025 1342 1055 τὸ
1354 1028 1407 1066 φῶς
1420 1025 1528 1064 σκότος,
1540 1025 1626 1055 καὶτὸ
1637 1026 1731 1060 σκότος
1741 1028 1796 1066 φῶς
1806 1038 1813 1044 ·

1044 1071 1068 1100 οἱ
1081 1069 1193 1106 τιθέντες
1215 1072 1246 1102 τὸ
1265 1072 1347 1112 γλυκὺ
1369 1073 1477 1113 πικρὸν,
1492 1073 1537 1103 καὶ
1557 1073 1588 1102 τὸ
1607 1073 1702 1113 πικρὸν
1720 1074 1811 1112 γλυκύ.

1045 1116 1132 1146 Πάλιν
1147 1117 1274 1158 περὶτῶν
1291 1119 1378 1148 αὐτῶν
1392 1118 1550 1158 διαλέγεται.
1565 1119 1676 1155 Ἐπειδὴ
1691 1119 1752 1154 τοὺς
1765 1119 1814 1159 μὲν

1045 1163 1182 1204 προφήτας
1194 1164 1296 1206 ὖὸριζον
1309 1166 1354 1195 καὶ
1365 1168 1520 1200 ἀπατεῶνας
1530 1166 1629 1206 ἔλεγον,
1642 1165 1703 1200 τοὺς
1712 1166 1740 1196 δὲ
1752 1167 1815 1206 ψευ-

1046 1209 1210 1250 δοπροφήτας
1221 1210 1331 1250 ἰτίμων,
1349 1212 1394 1241 καὶ
1414 1212 1570 1252 ἀνέστρεφον
1582 1214 1635 1242 τῶν
1648 1212 1814 1253 πραγμάτων

1045 1255 1095 1292 τὴν
1106 1255 1190 1294 τάξιν,
1202 1257 1332 1291 ταλανίζει
1343 1257 1435 1292 αὐτοὺς
1447 1258 1491 1287 ἐπὶ
1505 1261 1538 1298 τῇ
1552 1259 1638 1299 κρίσει
1649 1260 1683 1298 τῇ
1696 1259 1814 1298 διεφθαρ

1048 1301 1125 1341 μένῃ.
1143 1302 1228 1338 Οὐαὶ,
1240 1303 1336 1343 φησὶν,
1358 1304 1382 1332 οἱ
1406 1303 1526 1343 λέγοντες
1539 1303 1570 1333 τὸ
1590 1304 1703 1344 πονηρὸν
1717 1304 1812 1340 καλὸν,

1046 1348 1180 1384 τουτέστι,
1194 1348 1242 1386 τὴν
1255 1349 1511 1390 ψευδοπροφητείαν,
1525 1350 1571 1379 καὶ
1585 1349 1615 1379 τὸ
1629 1349 1709 1380 καλὸν
1729 1362 1814 1386 πονη-

1049 1393 1102 1433 ρὸν,
1112 1393 1162 1430 τὴν
1173 1395 1333 1435 προφητείαν
1344 1407 1351 1414 ·
1365 1397 1389 1424 ot
1408 1394 1521 1429 τιθέντες
1535 1395 1566 1425 τὸ
1580 1397 1634 1436 φῶς
1647 1395 1754 1433 σκότος,
1769 1395 1815 1425 καὶ

1047 1438 1078 1468 τὸ
1090 1439 1181 1474 σκότος
1194 1442 1262 1481 φῶς·
1281 1443 1305 1471 οἱ
1318 1440 1432 1474 τιθέντες
1451 1441 1481 1471 τὸ
1494 1442 1576 1480 γλυκὺ
1596 1442 1704 1482 πικρὸν,
1725 1441 1771 1471 καὶ
1784 1441 1815 1471 τὸ

1047 1485 1140 1526 πικρὸν
1154 1486 1246 1525 γλυκύ.
1258 1487 1292 1516 Εἰ
1302 1486 1353 1527 γὰρ
1368 1487 1412 1517 καὶ
1424 1487 1545 1527 φορτικὰ,
1559 1487 1633 1527 φησὶ,
1645 1487 1679 1517 τὰ
1693 1487 1812 1527 ῥήματα,

1048 1532 1106 1561 ἀλλ’
1129 1531 1202 1566 οὐδὲν
1220 1532 1376 1573 γλυκύτερον
1390 1535 1443 1563 τῶν
1463 1535 1619 1573 προφητῶν,
1641 1536 1675 1574 τῇ
1696 1535 1749 1563 τῶν
1769 1536 1816 1574 55⁷1·-

1049 1576 1139 1615 μάτων
1150 1579 1245 1618 ἀπειλῇ
1263 1578 1311 1615 τὴν
1331 1579 1375 1608 διὰ
1391 1582 1443 1609 τῶν
1457 1579 1621 1619 πραγμάτων
1633 1579 1814 1620 ἀποκρουομέ-

1047 1633 1098 1652 νων
1113 1627 1217 1663 πεῖραν.
1233 1624 1267 1654 Εἰ
1279 1624 1324 1654 καὶ
1337 1625 1436 1663 γλυκέα
1456 1625 1490 1654 τὰ
1510 1627 1563 1654 τῶν
1577 1626 1812 1666 ψευδοπροφητῶν,

1049 1670 1107 1698 ἀλλ’
1122 1668 1194 1698 οὐδὲν
1215 1671 1301 1699 αὐτῶν
1322 1670 1491 1711 πικρότερον,
1505 1674 1538 1711 τῇ
1557 1671 1648 1711 χάριτι
1661 1674 1714 1701 τῶν
1729 1671 1814 1711 λόγων

1048 1715 1097 1751 τὴν
1109 1714 1152 1745 διὰ
1162 1717 1214 1745 τῶν
1225 1715 1306 1756 ἔργων
1320 1716 1470 1756 ἐπαγόντων
1483 1717 1604 1753 ἀπειλήν.

1089 1766 1159 1797 Ἰδοὺ
1165 1767 1299 1808 προφήτου
1309 1768 1412 1808 σοφίαν,
1426 1771 1482 1802 πῶς
1493 1769 1651 1809 ἀνέστρεψεν
1666 1770 1752 1799 αὐτῶν
1765 1769 1814 1805 τὴν

1049 1812 1180 1844 ὑπόνοιαν.
1194 1813 1303 1850 Ἐπειδὴ
1323 1814 1377 1854 γὰρ
1391 1819 1445 1847 τοῖς
1459 1814 1506 1853 μὲν
1525 1817 1561 1848 ὡς
1574 1815 1723 1855 πικρότατα
1735 1817 1814 1855 φθεγ-

1049 1859 1168 1899 γομένοις
1187 1861 1217 1889 οὗ
1230 1864 1386 1900 προσεῖχον,
1406 1865 1460 1893 τοῖς
1482 1861 1509 1890 δὲ
1536 1863 1572 1894 ὡς
1592 1860 1815 1901 προσηνεστάτοις

1049 1905 1094 1935 καὶ
1112 1905 1262 1945 γλυκύτητα
1273 1905 1376 1942 πολλὴν
1390 1906 1508 1947 ἔχουσιν,
1530 1907 1640 1947 ἔφησεν,
1653 1906 1695 1936 ὅτι
1706 1907 1814 1936 τοῦναν-

1048 1951 1103 1982 τίον
1125 1951 1173 1991 μὲν
1194 1947 1238 1982 οῧν
1261 1953 1318 1982 ἐστι
1326 1964 1333 1971 ·
1354 1953 1421 1982 πολὺ
1440 1956 1492 1982 τῶν
1517 1955 1659 1994 προφητῶν
1680 1952 1711 1982 τὸ
1736 1951 1814 1991 μέλι,

1047 1998 1133 2035 πολλὴ
1156 1997 1185 2028 δὲ
1205 1999 1258 2028 τῶν
1280 1999 1502 2039 ψευδοπροφητῶν
1522 2002 1539 2036 ἡ
1558 1999 1668 2040 πικρία·
1687 1998 1756 2029 οὕτω
1769 1998 1815 2028 καὶ

1047 2044 1092 2074 ἐπὶ
1105 2048 1151 2075 τοῦ
1163 2044 1248 2086 φωτὸς
1259 2045 1305 2074 καὶ
1318 2047 1363 2074 τοῦ
1376 2045 1484 2079 σκότους
1502 2046 1547 2075 τὸν
1559 2046 1638 2084 λόγον
1657 2057 1813 2085 μεταχειρι-

1048 2092 1123 2123 urbm
1135 2093 1210 2131 ἡμῖν.
1223 2092 1259 2121 Οἱ
1272 2090 1319 2130 μὲν
1333 2091 1384 2131 γὰρ
1401 2091 1466 2131 πρὸς
1478 2091 1525 2128 τὴν
1544 2091 1648 2128 πλάνην
1660 2091 1775 2131 ἤγαγον,
1789 2092 1817 2120 οἱ

1048 2137 1077 2168 δὲ
1087 2137 1133 2168 καὶ
1143 2137 1208 2178 πρὸς
1217 2136 1266 2174 τὴν
1275 2137 1399 2172 ἀλήθειαν
1411 2137 1602 2177 ἐχειραγώγουν
1612 2149 1619 2156 ·
1629 2137 1674 2166 καὶ
1684 2138 1708 2167 οἱ
1719 2137 1766 2176 μὲν
1775 2139 1814 2177 τῷ

1048 2184 1119 2225 ζόφῳ
1128 2186 1175 2220 τῆς
1188 2182 1371 2224 αἰχμαλωσίας
1383 2184 1521 2223 μονονουχὶ
1529 2183 1576 2216 τὰς
1586 2187 1676 2223 χεῖρας
1688 2182 1815 2218 δήσαντες

1047 2230 1220 2271 παρεδίδοσαν
1229 2252 1237 2267 ,
1250 2230 1275 2258 οἱ
1289 2228 1317 2258 δὲ
1337 2227 1408 2262 ὅπως
1427 2230 1454 2257 ἐν
1468 2232 1506 2269 τῷ
1525 2229 1593 2268 φωτὶ
1606 2231 1654 2265 τῆς
1666 2228 1814 2269 ἐλευθερίας

1048 2276 1175 2316 ἀγάγωσι,
1182 2274 1270 2305 πάντα
1278 2275 1415 2315 ἔπραττον.
1425 2275 1503 2305 Ἐπεὶ
1512 2271 1556 2304 οῧν
1567 2276 1615 2308 τὰς
1624 2275 1742 2308 ἐναντίας
1751 2275 1814 2315 περὶ

1047 2323 1146 2352 τούτων
1159 2321 1232 2356 δόξας
1245 2316 1315 2362 εἶχον
1327 2321 1372 2351 καὶ
1387 2321 1434 2355 τὰς
1447 2322 1476 2350 οὗ
1493 2320 1677 2361 προσηκούσας
1685 2342 1693 2356 ,
1706 2320 1814 2354 εἰκότως

1047 2369 1140 2403 αὐτοὺς
1151 2369 1296 2408 διορθοῦται
1308 2368 1404 2408 λέγων·
1420 2369 1456 2397 Οἱ
1467 2367 1579 2410 τιθέντες
1591 2367 1622 2397 τὸ
1635 2369 1690 2408 φῶς
1704 2367 1796 2400 σκότος
1804 2388 1812 2402 ,

1046 2415 1091 2445 καὶ
1100 2415 1131 2445 τὸ
1139 2413 1230 2448 σκότος
1241 2416 1303 2455 φῶς.
1313 2413 1384 2444 Οὐαὶ
1393 2414 1417 2443 οἱ
1425 2413 1526 2443 συνετοὶ
1537 2414 1563 2443 ἐν
1576 2415 1686 2449 ἑαυτοῖς,
1695 2412 1740 2443 καὶ
1750 2412 1812 2442 ἐνώ-

1051 2505 1093 2532 ille
1102 2505 1188 2532 locum
1201 2502 1298 2532 attulit.
1316 2505 1350 2530 At
1360 2513 1406 2530 nec
1421 2505 1447 2530 in
1459 2511 1505 2534 τοῖς
1514 2503 1543 2531 0'
1552 2525 1559 2532 .
1577 2510 1644 2536 sunt,
1657 2512 1704 2529 nec
1719 2504 1745 2528 in
1759 2503 1811 2528 He-

1052 2544 1119 2570 hraeo
1128 2545 1310 2579 exprimuntur,
1322 2543 1395 2578 [Imo
1413 2543 1529 2577 leguntur
1543 2545 1569 2569 in
1583 2551 1654 2570 versu
1665 2543 1697 2567 20
1707 2549 1751 2569 τῶν
1761 2541 1783 2569 o'
1791 2543 1811 2575 .]
