1890 2826
629 215 784 239 SYNOPSIS
811 216 996 239 SCRIPTURE
1022 216 1146 239 SACRE.

280 324 290 334 ³
309 321 546 347 ΠΛΡΑΛΕιῃοΜΕΝΔ
569 321 674 340 nmmos
687 315 718 340 α’.

151 401 373 442 Παραλειπόμενα
396 402 535 437 καλεῖται,
558 400 649 435 ἐπειδὴ
673 400 760 429 πολλὰ
781 401 808 428 ἐν
826 403 884 432 ταῖς

111 447 259 481 Βασιλείαις
278 446 489 487 παραλειφθέντα
502 446 655 487 περιέχεται
670 447 697 475 ἐν
709 445 810 478 τούτοις
829 450 883 478 τοῖς

111 492 231 533 βιὸλίοις.
245 493 325 524 Ἔστι
346 493 374 523 δὲ
394 494 421 523 ἐν
443 492 528 533 τούτῳ
550 494 589 532 τῷ
609 491 708 532 πρώτῳ
729 491 883 531 γενεαλογία

110 541 202 569 πασῶν
215 540 303 580 φυλῶν
316 539 369 568 ἀπὸ
381 538 466 579 Ἀδὰμ
478 538 527 572 ἕως
541 540 593 568 τῶν
609 537 738 578 βασιλέων
752 537 821 567 κατὰ
834 549 882 577 φυ-

109 584 158 618 λὰς
171 584 217 625 καὶ
236 583 307 614 κατὰ
319 584 418 624 δήμους
440 584 486 614 καὶ
498 583 568 614 κατὰ
581 583 695 623 πατριὰς
708 583 753 613 καὶ
767 585 825 613 κατ’
841 578 882 612 οἵ·
898 586 916 608 Β

110 642 165 660 κον.
180 631 262 664 Τίνας
275 642 304 660 τε
315 630 390 665 ἔταξε
404 632 456 660 τῶν
469 631 588 660 Λευιτῶν
599 630 683 659 Δαυὶδ
694 631 721 659 ἐν
738 630 826 663 αὐλοῖς
837 630 882 659 καὶ

111 676 227 717 κινύραις
242 677 314 717 ᾅδειν
327 679 366 718 τῷ
379 678 453 717 Θεῷ,
472 677 517 706 καὶ
538 675 609 709 τίνας
624 675 713 710 ἔταξεν
729 677 756 705 ἐν
768 680 823 709 τοῖς
836 675 882 715 ἔρ-

111 735 167 762 γοις
185 726 231 753 τοῦ
250 725 321 752 ναοῦ.
341 722 474 763 Πρότερος
491 722 544 762 γὰρ
557 722 634 756 αὐτὸς
653 722 698 752 τὸν
711 721 773 751 ναὸν
786 721 883 755 κτίζειν

111 770 217 810 ἤρξατο.
241 770 294 800 Καὶ
318 769 395 809 ἕτερά
415 781 476 799 τινα
494 770 663 809 λεπτομερῶς
687 767 817 808 βασιλέων
840 768 884 797 καὶ

111 818 163 845 τῶν
176 818 272 855 γενεῶν
286 815 431 856 διέρχεται.
511 814 655 846 συναπτέον
666 814 711 844 καὶ
728 817 812 843 ταῦτα
822 813 884 852 ,εὸτι

111 861 212 900 γίνεται
225 864 290 900 ὁμοῦ
304 863 357 891 τῶν
372 862 398 890 ἐν
414 861 591 901 Ἰερουσαλὴμ
606 860 818 899 βασιλευσάντων
832 860 884 889 ἀπὸ

111 909 157 936 τοῦ
171 907 255 936 Δαυὶδ
272 906 306 937 τὰ
319 906 406 936 πάντα
419 906 465 942 ἔτη
484 906 547 936 ουδ’.
561 909 598 937 Οἱ
616 906 643 937 δὲ
658 908 776 946 βασιλεῖς
789 906 884 938 πάντες

112 953 248 992 γεγόνασιν
272 952 300 987 ἐξ
326 953 382 987 ἑνὸς
404 952 493 992 γένους
516 956 562 982 τοῢ
592 953 677 983 Δαυὶδ
689 976 697 989 ,
721 953 766 982 καὶ
789 951 814 980 οἳ
838 951 885 990 μὲν

113 998 271 1035 ἐποιήσαντο
284 999 314 1028 τὸ
328 992 413 1035 εὖθὲς,
425 999 476 1028 εἶσὶ
487 998 529 1028 θ’.·
544 998 569 1028 οἳ
582 998 610 1028 δὲ
629 998 659 1027 τὸ
670 998 783 1038 πονηρὸν
795 998 885 1033 ἐποιή-

113 1057 201 1082 σαντο,
217 1044 271 1082 ιὸ’.,
284 1045 366 1085 χωρὶς
379 1044 469 1084 μέντοι
483 1044 619 1078 Γοθολίας.
629 1045 691 1074 Τῶν
706 1044 733 1073 δὲ
751 1045 778 1073 ἐν
792 1045 886 1082 Σαμα-

114 1090 170 1130 ρείᾳ
185 1091 396 1130 βασιλευσάντων
407 1091 522 1130 γίνονται
542 1092 608 1129 ὁμοῦ
620 1090 653 1120 τὰ
666 1090 753 1120 πάντα
766 1089 812 1125 ἔτη
824 1089 886 1124 σξθ’.

113 1137 158 1166 καὶ
176 1136 274 1177 ἡμέραι
294 1136 328 1166 λ’.
342 1149 347 1154 ·
364 1138 480 1176 βασιλεῖς
504 1136 551 1175 μὲν
569 1135 613 1165 ιδ’.
629 1137 659 1166 ἐκ
674 1135 803 1176 διαφόρων
818 1135 887 1166 ὀκτὼ

114 1184 209 1221 γενεῶν
223 1181 360 1221 γεγόνασιν
373 1194 379 1200 ·
392 1184 415 1212 οἱ
431 1181 458 1211 δὲ
472 1181 569 1215 πάντες
585 1182 743 1218 ἐποιήσαντο
763 1181 794 1210 τὸ
806 1193 886 1216 πονη-

118 1228 171 1267 ρὸν,
185 1227 254 1258 κατὰ
265 1228 314 1264 τὴν
325 1227 460 1268 ἆμαρτίαν
472 1227 620 1268 Ἱεροὸοάμ.

299 1327 540 1347 mmmmomnm
558 1327 664 1346 memor«
678 1320 706 1345 ε’.

157 1404 204 1434 Ἔν
221 1407 255 1444 τῇ
271 1396 379 1446 δευτέρα
393 1404 477 1444 βίὸλῳ
491 1407 543 1434 τῶν
562 1404 808 1444 Παραλειπομένων
828 1415 885 1432 πα-

117 1450 239 1491 ράγονται
257 1450 364 1491 πράξεις
383 1450 521 1490 βασιλέων.
546 1450 609 1480 Εἰσὶ
627 1450 655 1480 δὲ
670 1452 694 1479 οἱ
712 1449 809 1483 ταύτας
823 1451 887 1479 ἀνα·

114 1497 262 1537 γράψαντες
274 1498 298 1526 οἱ
314 1496 384 1526 κατὰ
397 1496 504 1537 καιροὺς
516 1496 588 1530 ὄντες
602 1498 746 1536 προφῆται.
761 1495 851 1535 “Υπὲρ’
861 1494 887 1524 δὲ

115 1546 160 1572 τοῦ
173 1542 311 1582 γινώσκειν
323 1544 354 1572 ἔκ
365 1542 459 1583 μέρους
470 1541 529 1575 τοὺς
540 1542 758 1582 συγγράψαντας,
774 1553 888 1580 σημειω-

115 1588 173 1618 τέον
196 1585 269 1622 οὗτος
293 1588 324 1628 (l.
338 1587 395 1628 ὅτι)
419 1587 467 1627 μὲν
490 1587 597 1628 πράξεις
621 1587 752 1627 ἔγκεινται
775 1588 889 1616 ἐνταῦθα

117 1635 224 1664 πάντων
244 1637 297 1664 τῶν
317 1634 446 1674 βασιλέων
459 1633 571 1673 Ἰσραὴλ
592 1633 637 1662 καὶ
652 1633 758 1662 Ἰούδα·
780 1631 840 1668 ἤτοι
862 1633 889 1661 αῖ

117 1682 337 1721 παραλειφθεῖσαι
350 1682 397 1716 τῆς
408 1679 523 1719 ἱστορίας
533 1681 585 1708 τῶν
602 1678 740 1718 βασιλέων.
752 1679 788 1707 Οἱ
801 1678 829 1707 δὲ
842 1677 889 1711 τὰς

117 1727 222 1760 ἁπάσας
236 1727 322 1756 αὐτῶν
335 1725 442 1765 πράξεις
452 1724 638 1764 ἱστορήσαντες
649 1746 657 1760 ,
671 1724 736 1753 εἰσὶν
751 1719 822 1753 οὗτοι
834 1735 840 1741 ·
856 1722 890 1752 τὰ

116 1772 179 1812 περὶ
190 1774 236 1801 τοῦ
249 1771 332 1801 Δαυὶδ
345 1770 443 1811 ἔγραψε
457 1765 587 1808 ’Σαμουὴλ
595 1793 603 1806 ,
615 1770 660 1799 καὶ
671 1768 762 1799 Ναθὰν
777 1769 821 1799 καὶ
833 1768 890 1798 Γὰδ

117 1821 141 1848 οἱ
152 1820 285 1859 προφῆται
298 1830 304 1836 ·
319 1816 353 1846 τὰ
364 1816 426 1856 περὶ
437 1817 609 1854 Σολομῶντος
617 1837 625 1850 ,
639 1814 729 1845 Ναθὰν
742 1815 788 1844 καὶ
801 1813 890 1854 Ἀχίας

116 1866 251 1904 προφῆται
263 1876 270 1882 ·
295 1862 329 1892 τὰ
349 1862 411 1902 περὶ
431 1861 585 1901 Ἱεροὸοὰμ,
609 1860 717 1900 Σαμέας
741 1861 786 1890 καὶ
809 1860 890 1889 Ἀδδὼ

116 1912 267 1950 προφῆται·
291 1909 326 1938 τὰ
349 1908 410 1948 περὶ
425 1907 517 1942 Ἀὸιὰ,
539 1906 620 1936 Ἀδδὼ
642 1909 656 1935 ὁ
677 1906 823 1947 προφήτης.
847 1906 890 1935 T&

116 1957 178 1996 περὶ
192 1956 264 1992 Ἀσὰ,
282 1957 309 1984 ἐν
336 1957 375 1995 τῷ
395 1954 490 1994 βιὸλίῳ
511 1953 596 1992 λόγων
619 1953 679 1993 περὶ
690 1954 742 1982 τῶν
761 1952 890 1992 βασιλέων

116 2002 203 2032 Ἰούδα
217 2014 224 2020 ·
248 2001 282 2031 τὰ
303 2000 364 2041 περὶ
387 1999 531 2040 Ἰωσαφὰτ,
556 1998 609 2028 ‘leb
631 2000 645 2028 ὁ
667 1998 821 2039 προφήτης,
843 2002 890 2028 τοῦ

116 2048 233 2087 Ἀναμὴ,
247 2047 274 2081 ὃς
297 2047 446 2086 κατέγραψε
464 2045 565 2086 βιὸλίον
586 2044 670 2085 λόγων
692 2047 744 2074 τῶν
761 2044 890 2084 βασιλέων

117 2093 234 2134 Ἰσραήλ.
243 2092 287 2123 T&
295 2092 356 2133 περὶ
368 2091 453 2127 Ἰωὰς,
469 2091 513 2120 ἐπὶ
522 2091 570 2127 τὴν
579 2090 681 2131 γραφὴν
691 2092 744 2119 τῶν
751 2090 890 2130 βασιλέων.

117 2139 161 2170 T&
179 2139 240 2179 περὶ
261 2138 387 2178 'Ap-eost,
401 2137 445 2167 ἐπὶ
467 2137 568 2177 βιὸλίον
589 2136 718 2177 βασιλέων
735 2136 822 2166 Ἰούδα
845 2137 891 2166 καὶ

118 2185 235 2226 Ἰσραήλ.
248 2184 292 2215 T&
311 2184 373 2224 περὶ
392 2183 494 2219 Ὀζίου,
514 2182 611 2216 Ἰεσίας
623 2183 634 2223 (
645 2183 700 2220 sic)
713 2185 727 2212 ὁ
741 2182 889 2223 προφήτης.
907 2195 924 2218 ss

117 2232 161 2261 T&
178 2231 239 2271 περὶ
258 2229 376 2269 Ὶωθὰμ,
393 2229 438 2259 ἐπὶ
459 2229 560 2270 βιὸλίον
582 2228 712 2269 βασιλέων
731 2228 823 2258 Ἰούδα
845 2229 890 2258 καὶ

117 2277 237 2318 Ἰσραήλ.
248 2276 291 2306 Τὰ
304 2276 366 2316 περὶ
375 2275 458 2316 Ἄχαζ
467 2297 474 2311 ,
489 2275 533 2305 ἐπὶ
548 2274 648 2315 βιὸλίον
665 2275 794 2314 βασιλέων
806 2274 891 2304 Ἰούδα

119 2323 165 2353 καὶ
179 2322 298 2363 Ἰσραήλ.
320 2322 363 2351 T&
381 2321 442 2361 περὶ
456 2321 588 2358 Ἐζεκίου,
609 2320 722 2354 Ἡσαΐας
736 2321 789 2354 υἱὸς
803 2319 890 2360 Ἀμὼς

117 2371 131 2398 ὁ
143 2368 290 2409 προφήτης.
301 2367 345 2398 T&
359 2366 420 2407 περὶ
433 2368 575 2402 Μανασσῆ,
588 2366 632 2395 ἐπὶ
645 2367 730 2405 λόγων
744 2368 796 2395 τῶν
810 2366 890 2406 δρών-

118 2426 180 2444 των.
192 2413 236 2444 T&
246 2413 308 2454 περὶ
319 2412 432 2448 Ἰωσίου,
445 2411 490 2441 ἐπὶ
505 2410 607 2450 βιὸλίου
618 2411 704 2441 Ἰούδα
714 2411 759 2440 καὶ
769 2411 889 2451 Ἰσραήλ.

119 2460 164 2489 T&
176 2459 238 2499 περὶ
251 2458 378 2497 Ἰωακεὶμ
388 2480 396 2493 ,
416 2457 460 2487 ἐπὶ
474 2456 576 2496 βιὸλίου
600 2457 728 2496 βασιλέων
741 2457 828 2487 Ἰούδα
845 2457 889 2486 καὶ

121 2505 239 2545 Ἰσραήλ.
253 2506 278 2534 Τ
280 2503 347 2533 αῧτά
361 2505 432 2533 ἐστιν
446 2505 530 2543 εὑρεῖν
544 2502 612 2532 οὕτω
630 2502 778 2543 τεταγμένα
793 2505 819 2533 ἐν
835 2507 889 2536 τοῖς

122 2549 365 2590 Παραλειπομένοις
379 2550 430 2578 τῶν
447 2547 585 2588 βασιλέων.
647 2550 653 2553 ’

1610 207 1679 251 423

1073 326 1316 351 PARALIPOMENA,
1332 327 1414 346 LIBER
1426 327 1544 345 PRIMUS.

978 399 1180 438 paralipomena
1190 406 1329 435 vocantur,
1338 399 1402 438 quia
1412 399 1497 438 multa
1507 399 1533 428 in
1542 399 1620 428 libris
1628 401 1679 429 Re-

936 453 1051 482 gnorum
1073 445 1249 483 praetermissa
1269 445 1296 474 in
1311 445 1383 474 hisce
1400 445 1477 474 libris
1497 445 1676 474 continentur.

936 489 1155 519 Habeturautem
1169 491 1195 519 in
1218 492 1306 531 primo
1329 491 1380 520 hoc
1400 491 1472 520 libro
1493 491 1612 520 omnium
1629 491 1679 521 tri-

936 534 1022 564 buum
1036 537 1191 576 genealogia
1204 537 1238 566 ab
1253 537 1338 566 Adam
1355 547 1440 576 usque
1451 537 1486 567 ad
1497 548 1571 577 reges
1584 548 1680 568 secuu-

937 580 1003 611 dum
1013 583 1100 612 tribus
1114 590 1139 612 et
1150 584 1266 623 populos
1277 591 1302 613 et
1316 583 1431 613 familias
1443 591 1469 613 et
1488 584 1593 614 domos.
1606 586 1682 622 Quos

936 639 970 657 ex
982 629 1084 659 Levitis
1099 629 1246 659 instituerit
1257 630 1349 660 David
1362 630 1397 659 ad
1418 630 1566 659 cauendum
1578 632 1647 668 Deo,
1655 637 1682 660 et

936 686 1003 714 quos
1012 675 1156 706 instituerit
1163 676 1198 705 ad
1208 676 1302 716 templi
1312 687 1402 717 opera.
1410 677 1472 716 Ipse
1485 686 1599 715 namque
1608 677 1683 716 prior

936 731 1048 761 regnum
1062 722 1174 752 fundare
1193 722 1303 762 incepit.
1328 722 1388 751 Alia
1402 732 1509 760 quoque
1530 722 1684 752 minutatim

937 767 971 797 de
984 768 1091 808 regibus
1104 775 1129 797 et
1142 768 1356 808 generationibus
1366 767 1498 797 edisserit.
1510 767 1622 805 Quibus
1631 768 1684 798 hoc

938 814 1157 855 subjungendum
1171 822 1221 851 est,
1233 825 1316 844 annos
1323 824 1414 844 omnes
1427 824 1523 843 eorum
1536 814 1583 853 qui
1597 814 1624 843 in
1640 815 1684 845 Je-

938 861 1054 890 rusalem
1072 867 1217 900 regnarunt
1230 872 1245 890 a
1265 860 1381 898 Davide,
1401 870 1457 890 esse
1475 859 1684 899 quadringentos

938 907 1106 947 septuaginta
1129 914 1257 946 quatuor.
1272 908 1359 946 Reges
1369 913 1458 935 autem
1471 916 1562 935 omnes
1572 905 1683 935 fuerunt

939 964 972 982 ex
994 964 1047 983 una
1062 954 1144 993 stirpe
1155 951 1271 983 Davidis
1291 965 1298 981 :
1313 959 1338 981 et
1355 952 1402 990 qui
1421 951 1495 991 quod
1507 958 1611 981 rectum
1627 958 1684 981 erat

938 999 1059 1028 fecerunt
1070 1009 1167 1028 novem
1179 1005 1240 1028 sunt
1255 1010 1261 1025 :
1278 998 1325 1037 qui
1334 1008 1396 1027 vero
1403 997 1516 1034 malum,
1528 996 1684 1034 duodecim,

939 1052 1049 1085 excepta
1064 1045 1203 1075 Gotholia.
1218 1045 1322 1074 Eorum
1338 1051 1438 1081 autem,
1453 1045 1501 1083 qui
1516 1043 1543 1073 in
1563 1043 1684 1074 Samaria

940 1098 1097 1131 regnarunt,
1111 1101 1202 1120 omnes
1216 1091 1277 1120 anni
1290 1097 1351 1119 sunt
1361 1089 1471 1119 ducenti
1484 1089 1622 1129 sexaginta
1635 1100 1683 1118 no-

939 1147 1001 1167 vem
1011 1144 1038 1166 et
1050 1136 1161 1177 triginta
1180 1136 1238 1166 dies
1251 1147 1257 1164 t
1272 1135 1469 1175 duodecimque
1491 1146 1566 1175 reges
1576 1146 1611 1164 ex
1624 1142 1683 1165 octo

940 1183 1055 1213 diversis
1077 1183 1209 1223 stirpibus
1226 1184 1350 1220 suerunt3
1362 1192 1452 1212 omnes
1463 1189 1552 1211 autem
1564 1182 1684 1212 fecerunt

941 1229 1054 1266 malum,
1070 1228 1218 1258 secundum
1233 1235 1371 1269 peccatum
1393 1227 1557 1258 Jeroboami.

1061 1329 1165 1348 PARAL!
1170 1329 1302 1356 POMENA,
1315 1329 1398 1348 LIBER
1414 1327 1570 1347 SECUNDUS·

979 1405 1011 1434 In
1034 1404 1151 1434 secundo
1174 1404 1245 1434 libro
1269 1404 1491 1444 Paralipomenon
1515 1409 1684 1432 recensentur

940 1457 1011 1491 gesta
1025 1460 1130 1490 regum.
1154 1451 1209 1489 Qui
1227 1457 1316 1480 autem
1330 1450 1379 1480 illa
1395 1449 1604 1492 descripserunt,
1620 1459 1684 1489 pro-

941 1497 1026 1536 phetae
1039 1496 1082 1526 illi
1099 1497 1210 1526 suerunt
1222 1496 1269 1536 qui
1282 1495 1398 1526 diversis
1418 1496 1493 1524 suere
1503 1494 1681 1535 temporibus.

940 1544 979 1573 Ut
993 1550 1083 1573 autem
1093 1543 1250 1583 singulatim
1261 1543 1360 1573 sciatur
1375 1542 1486 1582 quinam
1498 1541 1556 1570 haec
1569 1541 1683 1581 scripse-

942 1589 1005 1625 rint,
1028 1589 1226 1619 observandum
1246 1595 1285 1619 est
1297 1589 1343 1618 hie
1363 1595 1436 1628 gesta
1451 1587 1545 1617 haberi
1564 1587 1684 1617 omnium

942 1646 1037 1674 regum
1049 1635 1133 1665 Israel
1144 1642 1170 1664 et
1180 1635 1251 1665 Juda
1258 1647 1268 1674 ;
1279 1646 1311 1665 ea
1321 1634 1423 1664 scilicet
1437 1645 1495 1673 quae
1508 1634 1684 1674 praetermissa

941 1681 1042 1710 suntin
1056 1681 1167 1710 historia
1181 1692 1286 1721 regum.
1301 1680 1357 1718 Qui
1368 1689 1450 1719 porro
1460 1679 1549 1708 omnia
1563 1679 1684 1719 ipsorum

942 1734 1014 1768 gesta
1028 1727 1228 1767 descripserunt
1247 1726 1278 1755 hi
1291 1733 1354 1756 sunt
1367 1739 1376 1756 ι
1391 1725 1508 1756 Davidis
1530 1732 1603 1765 gesta
1616 1725 1684 1754 scri-

942 1779 1052 1812 pserunt
1063 1772 1182 1809 Samuel,
1197 1772 1304 1802 Nathan
1327 1779 1353 1802 et
1367 1771 1428 1802 Gad
1442 1771 1579 1812 prophetae
1589 1783 1595 1799 :
1607 1771 1684 1800 Salo-

942 1819 1041 1857 monis,
1064 1819 1170 1850 Nathan
1184 1825 1211 1848 et
1222 1818 1321 1848 Achias
1341 1817 1479 1858 prophetae
1498 1829 1505 1846 ε
1519 1816 1684 1852 Jeroboami,

943 1866 1049 1895 Semeas
1060 1871 1086 1894 et
1099 1864 1177 1894 Addo
1183 1864 1321 1904 prophetae
1333 1874 1338 1890 :
1351 1863 1436 1900 Abiae,
1451 1861 1530 1892 Addo
1541 1861 1683 1902 propheta.

944 1912 1002 1940 Asae
1014 1918 1084 1951 gesta
1096 1911 1227 1940 habentur
1240 1910 1268 1938 in
1282 1909 1353 1939 libro
1366 1919 1517 1939 sermonum
1532 1908 1566 1938 de
1575 1907 1684 1948 regibus

942 1957 959 1986 J
962 1956 1015 1986 uda
1026 1970 1033 1983 ε
1044 1956 1194 1997 Josaphati‚
1209 1956 1280 1987 Jehu
1289 1956 1420 1996 propheta
1431 1954 1506 1984 filius
1518 1953 1630 1990 Anamej
1638 1954 1686 1992 qui

942 2001 1050 2041 scripsit
1073 2002 1176 2032 librum
1200 2011 1354 2031 sermonum
1377 2010 1472 2040 regum
1497 1999 1590 2030 Israel.
1617 2000 1685 2036 Quae

943 2049 1006 2078 Joas
1021 2049 1111 2088 gessit,
1129 2048 1210 2078 relata
1222 2054 1285 2077 sunt
1298 2047 1325 2076 in
1347 2047 1508 2087 scripturam
1520 2048 1685 2085 Regnorum.

943 2095 1014 2131 Quae
1025 2095 1157 2132 Amasi-as,
1169 2094 1196 2124 in
1207 2093 1279 2124 libro
1292 2104 1386 2134 regum
1395 2092 1467 2124 Juda
1479 2099 1506 2122 et
1515 2091 1606 2122 Israel.
1618 2092 1686 2129 Quae

943 2140 1033 2178 Ozias,
1047 2140 1155 2181 scripsit
1175 2140 1258 2170 Isaias
1274 2139 1414 2181 propheta.
1429 2140 1495 2176 Quae
1505 2138 1641 2174 Joatham,
1657 2137 1685 2165 in

944 2186 1015 2216 libro
1028 2197 1122 2227 regum
1146 2185 1218 2216 Juda
1229 2193 1255 2216 et
1268 2186 1362 2216 Isra'e‘l.
1376 2186 1443 2222 Quae
1454 2184 1554 2221 Achaz,
1573 2183 1600 2212 in
1614 2183 1685 2212 libro

944 2243 1038 2274 regum
1048 2232 1119 2263 Juda
1128 2239 1154 2262 et
1166 2233 1258 2263 lsrael.
1273 2234 1341 2270 Quae
1355 2231 1497 2268 Ezechias,
1510 2230 1593 2261 Isaias
1611 2229 1684 2257 filius

944 2280 1026 2309 Amos
1033 2279 1246 2320 propheta.Quae
1254 2279 1432 2314 Manasses,in
1439 2277 1510 2307 libro
1520 2275 1681 2307 videntium.

918 2358 922 2361 ,
944 2326 1012 2364 Quae
1025 2325 1123 2362 sosias,
1138 2325 1165 2355 in
1190 2326 1261 2355 libro
1272 2336 1367 2365 regum
1382 2326 1399 2356 J
1402 2324 1454 2354 uda
1468 2330 1494 2353 et
1506 2322 1599 2352 Israel.
1616 2322 1684 2357 Quae

945 2371 1077 2407 bachim,
1093 2371 1122 2401 in
1136 2372 1208 2401 libro
1226 2381 1319 2410 regum
1331 2371 1348 2401 J
1351 2370 1403 2399 uda
1421 2376 1448 2398 et
1457 2367 1552 2398 Israel.
1569 2368 1631 2396 Haec
1645 2365 1683 2394 sic

944 2416 1072 2458 disposita
1083 2417 1257 2447 inveniuntur
1272 2417 1300 2445 in
1322 2413 1530 2454 Paralipomcnis
1542 2421 1643 2450 regum.

156 2636 166 2646 ¹·
186 2629 244 2652 ssaec
259 2626 308 2652 fere
316 2625 438 2651 habentur
454 2625 478 2652 in
491 2626 600 2660 Synopsi
611 2625 661 2659 ina,
675 2635 729 2661 quae
740 2627 866 2654 Athanasii
879 2630 978 2654 nomine
991 2632 1127 2660 comparet,
1137 2625 1180 2651 sed
1195 2625 1292 2652 brevius
1304 2621 1432 2647 recensita.

1477 2656 1525 2685 28,
