1904 2840
635 179 666 202 ΙΝ

139 239 211 268 enim
224 247 376 269 mensuram
392 237 551 269 Judaeorum
563 246 591 269 et
612 240 753 280 gentilium
774 246 882 280 patrum

139 278 282 317 suorum]
295 279 345 307 53.
364 277 515 318 Serpentes
532 281 681 319 genimina
700 282 880 319 viperarum,

140 317 285 357 quomodo
301 317 429 357 fugietis
453 319 604 357 “judicio
623 320 762 358 gehennae
774 321 787 346 P
806 319 882 348 Sicut

138 356 210 388 euim
218 364 352 397 serpentes
364 367 420 397 prae
431 358 556 389 omnibus
569 359 732 389 animalibus
741 358 882 388 astutiores

139 403 214 433 sunt,
228 403 255 426 et
274 397 370 426 astutia
387 407 482 426 eorum
508 408 559 427 non
583 405 623 427 est
645 398 672 428 in
693 399 775 432 bono,
789 397 836 427 sed
853 398 881 427 iu

139 435 212 465 malo
225 436 294 465 :hoe
305 436 379 465 enim
397 447 502 476 semper
520 438 665 478 aspiciunt,
679 437 814 476 quomodo
827 437 880 467 ali-

137 486 220 514 quem
234 475 391 510 mordeant;
404 482 432 506 et
444 487 507 506 cum
528 477 730 515 momorderint,
744 475 880 516 quomodo

138 525 168 544 se
183 515 316 545 occultent
331 527 338 544 :
354 515 393 545 sic
411 522 438 545 et
456 526 550 546 omnes
573 517 591 545 h
663 516 719 546 ritae
738 516 879 546 astutiores

139 561 202 586 sunt
219 555 321 584 caeteris
333 554 501 592 hominibus,
524 556 683 596 simpiciter
701 556 834 591 viventes,
853 562 879 585 et

139 594 168 626 iu
178 594 276 624 astutia
286 605 335 624 sua
353 595 471 634 cogitant
481 595 616 635 quomodo
630 595 666 626 ali
687 606 747 626 uem
761 595 878 624 laedant:

137 640 165 664 et
179 643 241 663 cum
259 634 386 671 laeserint,
401 634 438 663 ita
457 634 616 675 simpliciter
631 646 675 664 am
697 635 782 671 ulam,
800 635 879 674 quasi

139 673 274 703 neminem
289 673 438 703 nocuerint.
457 674 614 704 Genimina
631 676 810 715 viperarum.
829 674 879 704 Su-

139 713 231 753 perius
242 712 364 743 diximus
379 712 414 742 de
426 713 539 750 Jndaeis‚
551 714 677 753 quoniam
695 725 744 754 per
758 714 879 754 singulas

138 752 319 792 generationes
337 752 453 782 invicem
468 764 516 783 sua
532 754 602 783 sacta
619 753 840 788 condemnabant,
853 760 879 782 et

138 802 244 832 semper
255 799 345 832 patres
356 792 618 832 reprehendebantur
631 804 646 822 a
656 793 720 822 filiis
732 793 799 823 suis.
810 793 879 822 Item

139 831 191 861 titii
202 831 465 871 mprehendebamur
478 836 510 861 'a
523 833 646 872 patribus
659 833 725 862 suis.
738 832 802 862 Ideo
815 843 878 871 ergo

140 881 232 901 omnes
241 871 341 911 viperae
350 871 496 902 similavit:
511 871 637 910 quoniam
648 872 710 901 talis
721 879 760 902 est
775 872 879 912 vipera-

140 921 202 940 rum
214 918 322 948 natura,
332 910 442 950 quando
458 911 627 952 conceperint
639 911 668 940 in
680 919 755 941 utero
768 918 877 948 matres,

139 950 196 979 nati
206 960 298 980 earum
310 957 440 990 rumpunt
454 958 559 980 uterum
572 951 675 987 matris,
690 958 716 980 et
730 952 769 980 sie
783 961 878 991 proce-

138 989 217 1019 dunt.
233 991 301 1020 Item
323 990 375 1030 ipsi
386 989 453 1027 nati,
468 990 576 1035 quando
589 990 767 1030 conceperint,
782 991 821 1020 sic
830 1001 879 1030 pa-

138 1029 245 1059 tiuntur
261 1040 278 1059 ι
298 1039 348 1059 suo
361 1030 436 1059 foetu.
453 1030 498 1060 Sic
510 1040 574 1069 ergo
587 1030 686 1070 viperae
709 1041 815 1070 semper
827 1041 879 1070 pa-

139 1075 226 1099 rentes
239 1069 394 1106 comedunt,
408 1076 435 1100 et
444 1069 622 1099 comeduntur
633 1080 648 1099 a
660 1069 744 1110 pullis
755 1070 810 1099 suis
823 1082 829 1099 :
841 1070 881 1099 sic

139 1115 166 1138 et
186 1107 275 1139 Judaei
295 1119 401 1154 semper
426 1115 515 1149 patres
535 1109 723 1146 condemnant,
738 1116 764 1139 et
781 1109 879 1139 conde-

139 1154 267 1178 mnantur
280 1158 296 1177 a
316 1148 382 1178 filiis
402 1149 469 1178 suis.
489 1149 640 1189 Quomodo
651 1149 780 1189 fugietis
799 1159 819 1178 a
830 1150 880 1188 J'u-

138 1188 217 1217 dicio
242 1188 401 1227 gehennoe?
420 1188 561 1227 Numquid
584 1188 707 1228 sepulcra
728 1195 881 1218 sanctorum

139 1227 311 1263 aedifieantes‚
325 1237 358 1256 an
372 1227 462 1268 potius
471 1238 486 1256 a
495 1228 598 1257 malitia
608 1227 688 1257 corda
702 1235 790 1257 vestra
802 1238 881 1257 mun-

140 1266 256 1296 dantes?
268 1266 409 1306 Numquid
424 1267 463 1296 sic
472 1266 579 1307 judicat
589 1265 673 1302 Deus,
686 1267 821 1307 quomodo
834 1268 879 1308 ju·

139 1306 213 1340 dicat
230 1306 333 1335 homo?
347 1307 434 1336 Homo
451 1306 588 1336 hominem
606 1306 711 1346 judicat
734 1307 763 1336 in
787 1317 877 1347 opere,

26 1375 27 1378 ,
140 1347 214 1376 Deus
238 1352 327 1376 autem
347 1345 376 1375 in
398 1345 490 1376 corde.
505 1347 573 1383 Quae
590 1353 678 1375 autem
700 1347 749 1376 ista
767 1346 879 1386 justitia,

39 1389 131 1411 Pietati·
141 1392 245 1416 sanctos
253 1385 352 1420 colere,
361 1392 387 1414 et
400 1392 567 1415 contemnere
579 1385 763 1415 sanctitatem?
773 1386 880 1416 Primus

44 1420 130 1442 maun.
141 1424 240 1465 gradus
256 1425 362 1464 pietatis
381 1431 438 1462 est,
459 1425 625 1455 sanctitatem
638 1424 767 1464 diligere;
781 1424 880 1454 deinde

140 1471 244 1495 sanctos
255 1477 263 1494 x
276 1464 340 1503 quia
347 1473 400 1494 non
414 1464 497 1493 sancti
507 1471 568 1494 ante
581 1465 747 1495 sanctitatem
759 1465 877 1502 suerunt,

139 1503 187 1534 sed
200 1504 326 1534 sanctitas
335 1510 396 1533 ante
411 1510 525 1533 sanctos.
541 1505 605 1534 Sine
619 1515 698 1533 causa
720 1515 784 1543 ergo
794 1503 880 1544 justos

140 1540 263 1578 honorat,
279 1542 326 1582 qui
349 1543 478 1572 ‘ustitiam
497 1543 607 1583 spernit.
629 1545 779 1583 Quomodo
782 1545 881 1585 fugie-

140 1584 198 1612 lis?
210 1582 330 1621 Numqui
361 1582 514 1612 liberabunt
526 1593 575 1612 vos
587 1583 683 1621 sancti,
697 1593 812 1622 quorum
824 1593 881 1612 mo-

140 1628 268 1651 numenta
279 1621 402 1651 ornatis?
417 1623 606 1662 Nonpossunt
626 1623 710 1652 sancti
728 1622 808 1652 amici
825 1632 882 1652 esse

139 1661 263 1698 illorum,
274 1661 375 1700 quibus
386 1662 460 1691 Deus
471 1668 511 1692 cst
532 1661 666 1692 inimicus.
680 1661 820 1701 Numquid
832 1671 882 1701 po-

140 1708 191 1732 test
198 1711 255 1730 esse
266 1707 357 1740 pacata
368 1701 480 1737 familia,
487 1700 600 1731 domino
609 1701 766 1732 adversante
775 1702 789 1730 Ρ
804 1701 881 1740 Quo-

141 1741 228 1771 modo
238 1738 387 1781 fugietis?
400 1742 442 1770 An
463 1741 572 1770 forsitan
587 1751 682 1771 nomen
705 1751 820 1770 vacuum
833 1751 881 1772 vos

141 1780 279 1817 liberabit,
292 1779 355 1819 quia
372 1779 501 1810 videmini
513 1791 572 1810 esse
592 1781 709 1821 populus
724 1781 792 1810 nei?
807 1781 882 1818 Quid

141 1818 250 1860 prodest
267 1819 409 1855 meretrici,
427 1820 451 1850 si
469 1829 566 1849 nomen
585 1820 683 1850 habeat
701 1820 824 1850 castum?
836 1821 882 1850 Sic

141 1859 211 1889 nihil
228 1859 340 1898 prodest
351 1859 494 1899 peccatori,
506 1859 527 1889 si
544 1869 638 1888 servus
648 1861 696 1889 Dei
709 1859 826 1889 dicatur.
841 1860 883 1890 Ne

141 1898 251 1939 putetis,
263 1899 326 1937 quia
348 1899 444 1928 melior
458 1905 497 1928 est
507 1898 676 1928 Christianus
695 1899 777 1939 impie
791 1909 883 1938 agens,

141 1948 224 1976 quam
246 1937 363 1967 infidelis
389 1937 501 1977 impius.
516 1938 638 1977 Denique
659 1938 721 1977 quis
744 1939 820 1978 pejor
845 1945 884 1968 est

143 1977 204 2012 tibi,
219 1977 344 2008 inimicus
356 1984 476 2016 apertus,
487 1987 520 2006 an
532 1977 579 2015 qui
590 1988 618 2008 se
628 1977 705 2016 fingit
716 1977 844 2014 amicum,
858 1984 885 2007 et

143 2023 183 2046 est
194 2016 340 2046 inimicus?
351 2015 501 2055 Putoquod
511 2016 608 2046 melior
621 2023 662 2046 est
673 2017 796 2046 inimicus
807 2027 885 2056 aper-

142 2063 198 2093 ttts,
211 2067 292 2095 quam
301 2055 404 2085 amicus
421 2055 514 2085 falsus.
530 2055 575 2086 sic
593 2062 619 2085 et
631 2055 705 2101 apud
717 2057 804 2086 Deum
822 2056 886 2085 odi·-

141 2095 226 2126 bilior
244 2102 286 2126 est
309 2095 356 2134 qui
379 2106 487 2125 servum
503 2095 553 2124 Dei
572 2105 601 2124 se
625 2095 692 2125 dicit
711 2102 739 2125 et
762 2095 885 2126 mandata

144 2134 247 2165 diaboli
270 2135 344 2164 facit.
367 2134 518 2174 Serpentes
535 2136 684 2174 genimina
706 2137 884 2174 viperarum,

146 2175 291 2214 quomodo
296 2174 424 2215 fugietis
441 2184 460 2203 a
467 2174 579 2213 judicio
597 2175 735 2214 gehennoe
745 2177 758 2202 Ρ
770 2175 886 2214 Serpen-

146 2220 186 2243 tes
207 2213 281 2243 enim
301 2219 364 2242 sunt
385 2219 412 2242 et
432 2223 523 2242 omnes
546 2213 674 2249 haeretici,
686 2213 838 2253 *prudentes
859 2214 887 2243 in

27 2260 137 2283 lieret-ci
147 2252 228 2288 malo,
241 2259 267 2282 et
288 2252 363 2282 stulti
377 2252 406 2281 in
418 2252 500 2282 bono.
516 2252 551 2282 Et
573 2253 643 2282 sicut
663 2260 796 2292 serpentes
817 2253 887 2282 varii

45 2292 134 2352 1²:2¹³?
147 2299 209 2321 sunt
222 2293 250 2321 in
264 2301 375 2337 corpore
387 2301 447 2326 suo,
461 2291 499 2320 sic
512 2291 630 2320 haeretici
648 2292 717 2323 varii
730 2299 792 2322 sunt
806 2292 832 2321 in
844 2303 887 2321 er-

149 2331 256 2361 roribus
274 2341 341 2367 suis,
356 2337 382 2359 et
405 2330 567 2369 multiplices
589 2330 617 2359 in
639 2331 823 2370 malignitate:
840 2331 888 2370 qui

149 2370 329 2410 deposuerunt
343 2369 487 2408 imaginem
500 2369 560 2405 Dei,
575 2380 636 2408 quae
646 2377 686 2399 est
700 2370 728 2400 in
738 2370 853 2409 justitia,
865 2378 890 2400 et

150 2410 287 2439 sanctitate
297 2409 418 2439 veritatis
433 2421 439 2438 ε
456 2415 483 2438 et
495 2409 669 2449 suscipientes
683 2410 828 2449 imaginem
837 2420 891 2439 ser-

151 2450 248 2518 pentis,
262 2459 322 2487 quae
341 2455 380 2478 est
405 2448 432 2477 in
454 2448 556 2477 malitia
568 2455 594 2478 et
608 2449 741 2478 schemate
759 2449 892 2485 veritatis,

77 2499 141 2516 cleu

188 2588 196 2598 a
215 2580 244 2604 V.
259 2580 288 2604 D.
302 2586 327 2604 ct
340 2578 409 2604 Editi
421 2581 446 2604 in
459 2588 538 2611 marg.
549 2588 565 2602 a
576 2578 643 2611 filiis
654 2581 713 2604 suis.

293 2622 366 2642 τοΜ.
392 2623 435 2640 vr.

694 179 900 203 MATTHAEUM.

162 2488 213 2518 acti
226 2495 288 2518 sunt
298 2494 444 2528 serpentes,
458 2487 507 2517 filii
524 2487 652 2527 serpentis
665 2488 752 2526 illius,
767 2488 802 2518 ad
813 2499 893 2527 quem

929 179 1045 203 nomn„
1073 181 1165 203 XLVI.

1605 172 1674 220 933

899 242 921 267 A
935 241 1069 271 Dominus
1089 241 1116 270 in
1137 252 1248 282 persona
1270 242 1396 273 Ecclesiae
1415 249 1443 274 et
1460 243 1563 274 diaboli
1582 243 1649 274 dicit
1665 257 1672 274 ε

936 280 1015 308 Ecce
1026 290 1103 319 pono
1119 282 1285 311 inimicitias
1303 283 1380 312 inter
1393 289 1420 313 te
1432 289 1460 312 et
1474 283 1634 321 mulierem,
1646 291 1673 314 et
1686 289 1741 310 Gen.
1751 288 1773 311 3.
1787 289 1821 311 15-

936 319 1014 347 inter
1031 329 1128 348 semen
1143 326 1234 357 tuum,
1247 328 1273 350 et
1286 332 1382 351 semen
1396 323 1485 352 illius.
1503 323 1595 362 Super
1606 335 1674 354 ven·
1685 318 1723 350 ¹4·

937 363 1009 387 trem
1029 365 1109 388 tuum
1122 366 1150 388 et
1166 370 1252 399 super
1258 368 1358 400 pectus
1377 369 1458 391 tuum
1474 372 1563 402 repes,
1576 369 1604 392 et
1622 370 1675 394 ter-

936 407 1000 426 ram
1017 400 1207 428 manducabis
1224 402 1356 430 omnibus
1369 402 1468 431 diebus
1480 404 1546 431 tuis.
1561 403 1673 442 Propter

935 447 1016 475 quam
1030 439 1187 468 sententiam
1199 440 1318 476 Domini,
1329 441 1397 470 inter
1410 441 1546 470 haereticos
1559 448 1585 471 et
1597 443 1673 472 Chri-

934 475 1034 507 stianos
1055 488 1109 517 pax
1131 488 1182 507 non
1198 485 1284 518 potest
1293 490 1360 508 esse.
1373 481 1402 510 Si
1421 491 1484 519 ergo
1499 481 1569 510 filios
1583 481 1672 511 Eccle-

932 515 977 544 siae
986 526 1037 545 non
1081 524 1244 556 rsequuntur
1255 518 1475 558 haerctici,neque
1484 519 1669 557 adversantur,

931 561 957 583 et
972 555 1022 594 ipsi
1034 527 1085 585 {ilii
1097 564 1158 586 sunt
1171 557 1298 587 Ecclesiae
1310 570 1315 586 :
1329 558 1351 587 si
1364 565 1452 588 autem
1465 567 1672 599 persequuntur,

931 604 1020 624 semen
1037 602 1099 624 sunt
1115 597 1245 636 serpentis
1259 597 1344 632 illius,
1358 598 1435 638 cujus
1449 608 1536 627 semen
1552 599 1669 629 inimici-

931 633 981 662 tias
995 641 1100 664 exercet
1114 635 1243 665 adversus
1252 646 1340 665 semen
1349 637 1484 666 Ecclesiae.
1493 639 1563 667 Nam
1572 645 1598 667 et
1612 638 1669 674 isti,

930 672 978 711 qui
995 674 1128 713 genimina
1141 682 1203 704 sunt
1215 676 1355 715 serpentis,
1370 676 1494 705 similiter
1506 677 1575 706 sicut
1588 683 1614 706 et
1628 678 1670 707 illi

930 723 1012 752 super
1032 720 1152 743 ventrem
1167 725 1247 743 suum
1267 722 1293 744 et
1311 725 1393 755 super
1411 722 1503 755 pectus
1524 723 1630 755 repunt,
1646 724 1671 746 ct

930 762 1035 792 semper
1057 753 1218 783 manducant
1237 761 1345 783 terram.
1360 756 1448 794 Super
1469 761 1586 784 ventrem
1607 756 1672 794 qui-

930 791 992 821 dem
1005 799 1031 821 et
1041 799 1133 832 pectus
1146 801 1254 833 repunt,
1270 794 1397 832 quoniam
1410 794 1541 833 quicquid
1559 795 1669 832 faciunt,

897 837 914 861 Β
930 838 1041 871 propter
1052 839 1172 862 ventrem
1189 843 1269 862 suum
1286 833 1397 870 faciunt,
1411 840 1436 863 et
1452 841 1561 874 propter
1573 845 1671 864 vanam

930 871 1045 909 gloriam
1064 874 1178 911 pectoris
1191 873 1243 902 sui.
1260 873 1371 902 Terram
1389 880 1478 909 autem
1498 873 1671 911 manducant,

930 910 1056 948 quoniam
1070 912 1202 941 neminem
1219 912 1369 949 lucrantur,
1384 919 1430 942 aut
1443 913 1551 952 capiunt
1565 913 1592 942 in
1605 924 1672 953 per-

930 949 996 979 fidia
1010 960 1070 986 sua,
1082 951 1134 980 nisi
1148 951 1210 981 illos
1221 952 1268 990 qui
1281 952 1308 980 in
1321 959 1390 981 terra
1404 958 1466 981 sunt
1482 964 1488 981 :
1505 952 1533 981 id
1545 959 1594 986 est,
1609 963 1669 982 car-

931 989 1004 1018 nales
1022 990 1154 1020 homines.
1166 991 1325 1031 Spirituales
1343 998 1430 1020 autem
1444 991 1516 1021 viros
1527 992 1540 1005 *
1550 992 1670 1021 seductio

931 1038 983 1060 non
1004 1030 1146 1059 consumit.
1165 1030 1329 1061 Manducare
1350 1032 1421 1060 enini
1442 1038 1481 1060 est
1501 1031 1611 1067 lucrari,
1627 1032 1670 1061 vel
1680 1028 1753 1047 ‘'sm'‘
1770 1034 1820 1047 '²⁰¹¹‘

931 1068 1079 1107 acquirere,
1099 1069 1156 1099 sive
1175 1069 1209 1099 ad
1229 1070 1323 1107 vitam,
1342 1070 1399 1100 sive
1417 1070 1450 1100 ad
1473 1077 1595 1100 mortem.
1609 1072 1671 1101 Non
1679 1062 1780 1078 ‘'mum“

931 1108 1019 1138 solum
1032 1115 1121 1138 autem
1137 1114 1272 1149 serpentes
1289 1116 1361 1146 sunt,
1377 1109 1424 1139 sed
1437 1117 1463 1139 et
1475 1110 1585 1150 viperae,
1599 1121 1670 1150 qua-

932 1158 993 1176 rum
1004 1154 1099 1178 natura
1113 1155 1162 1186 est,
1179 1156 1208 1178 ut
1221 1156 1374 1189 rumpentes
1384 1149 1487 1186 viscera
1499 1157 1614 1179 matrum
1624 1161 1671 1179 na—

932 1194 1040 1217 scantur
1054 1198 1060 1215 =
1076 1188 1115 1218 sic
1132 1195 1158 1218 et
1176 1196 1297 1218 auctores
1314 1189 1457 1225 haeresum,
1471 1196 1623 1229 rumpentes
1636 1190 1671 1218 fi-

931 1226 992 1255 dem
1000 1227 1091 1256 matris
1099 1228 1236 1264 Ecclesiae,
1242 1235 1428 1268 processerunt
1437 1228 1469 1258 ad
1477 1228 1656 1268 principatum
1662 1252 1669 1258 .

935 1266 1084 1304 Quomodo
1095 1267 1221 1307 fugietis
1241 1278 1260 1297 a
1268 1269 1381 1307 judicio
1399 1269 1560 1307 gehennoe?
1574 1268 1672 1298 Eccle-

931 1305 984 1335 sias
998 1305 1171 1345 aedificantes,
1187 1317 1239 1336 non
1255 1307 1437 1336 ecclesiasticae
1457 1307 1575 1336 veritatis
1591 1307 1672 1337 fidem

930 1351 1048 1375 tenentes
1062 1358 1069 1374 z
1085 1346 1238 1385 Scripturas
1251 1346 1380 1386 legentes,
1391 1356 1443 1376 non
1455 1346 1602 1386 Scripturis
1615 1357 1673 1376 cre-

930 1385 1022 1414 dentes
1034 1397 1041 1414 :
1053 1385 1207 1425 prophetas,
1216 1392 1242 1415 et
1250 1385 1395 1426 apostolos,
1407 1393 1433 1415 et
1444 1393 1575 1426 martyres
1587 1387 1673 1415 nomi-

896 1429 915 1452 c
931 1431 1032 1463 nantes,
1048 1435 1101 1453 non
1114 1435 1194 1464 opera
1213 1432 1362 1465 martyriun
1381 1425 1523 1459 imitantes,
1537 1435 1587 1454 nec
1604 1436 1671 1455 eon—

930 1464 1069 1493 fessionem
1086 1474 1179 1494 eorum
1190 1471 1337 1503 sequentes.
1352 1465 1407 1494 Nec
1418 1464 1530 1494 audistis
1543 1475 1605 1494 eum
1624 1465 1671 1503 qui

931 1503 997 1532 dicit
1014 1515 1020 1532 :
1036 1504 1105 1532 Non
1122 1513 1219 1533 omnes
1242 1506 1294 1543 qui
1317 1504 1419 1534 dicunt
1440 1505 1522 1537 mihi,
1534 1504 1669 1540 Domine,
1682 1510 1765 1532 ΜιιιιΙι.
1782 1518 1805 1539 7-

933 1543 1069 1577 Domine,
1094 1544 1245 1571 intrabunt
1268 1545 1300 1571 in
1314 1553 1435 1582 regnum
1454 1543 1601 1578 coelorum,
1620 1544 1672 1572 sed
1682 1547 1719 1562 2¹·

933 1583 984 1621 qui
983 1581 1107 1622 faciunt
1115 1581 1299 1611 voluntatem
1313 1583 1412 1611 Patris
1427 1583 1483 1610 mei
1490 1584 1503 1610 Ρ
1512 1582 1587 1612 Sicut
1599 1582 1670 1612 enim

933 1631 985 1650 non
1003 1630 1093 1650 omnes
1109 1621 1155 1660 qui
1177 1622 1320 1651 Dominum
1341 1628 1447 1658 vocant,
1467 1621 1577 1650 Domini
1597 1628 1670 1656 sunt,

933 1660 980 1690 sed
990 1660 1036 1698 qui
1049 1660 1148 1690 faciunt
1158 1661 1267 1690 Domini
1280 1661 1443 1690 voluntatem
1455 1660 1508 1689 :sic
1516 1670 1569 1690 non
1581 1671 1671 1690 omnes

932 1700 980 1738 qui
995 1701 1020 1728 in
1035 1699 1099 1729 locis
1118 1699 1175 1729 suis
1192 1700 1337 1739 praedicant
1356 1699 1500 1739 apostolos,
1515 1706 1541 1728 et
1554 1700 1670 1740 prophe-

921 1746 983 1775 tas,
996 1745 1023 1768 ct
1043 1746 1183 1779 martyreS,
1192 1741 1249 1780 jam
1270 1751 1317 1780 per
1336 1739 1388 1769 hoc
1408 1746 1470 1769 sunt
1488 1739 1603 1769 cultores
1622 1749 1671 1768 eo-

933 1789 994 1807 rum
1009 1788 1018 1805 t
1034 1777 1082 1808 sed
1095 1778 1143 1818 qui
1152 1789 1232 1818 opera
1243 1790 1336 1809 eorum
1343 1778 1524 1816 imitantur‚et
1533 1778 1615 1808 fidem
1628 1789 1671 1808 se-

933 1824 1061 1857 quuntur.

1735 995 1743 1003 “
1751 996 1807 1016 sedu
1814 1007 1820 1011 -

1086 1923 1220 1953 Homilia
1228 1923 1303 1963 xlvj.
1315 1934 1352 1952 ex
1363 1933 1428 1962 cap.
1439 1924 1531 1966 xxiv..

901 2022 921 2046 1)
975 2017 1026 2046 54.
1048 2015 1131 2051 Ideo,
1141 2025 1207 2044 ecce
1219 2025 1271 2062 ego
1286 2017 1368 2044 mitto
1382 2015 1423 2044 ad
1441 2025 1495 2044 vos
1506 2015 1672 2054 prophetas,

936 2062 965 2085 et
978 2057 1132 2094 sapientes,
1147 2060 1175 2083 et
1186 2056 1305 2091 scribas,
1319 2061 1347 2083 et
1357 2065 1392 2083 ex
1403 2055 1473 2093 ipsis
1488 2055 1633 2091 occidetis,
1647 2061 1675 2084 et

938 2095 1121 2135 crucifigetis,
1132 2099 1184 2123 ete.
1198 2094 1352 2133 Prophetas,
1362 2100 1387 2122 et
1407 2094 1549 2133 sapientes,
1564 2101 1589 2123 et
1606 2094 1674 2123 scri-

937 2136 985 2164 bas
1005 2133 1139 2173 apostolos
1159 2132 1237 2162 dicit.
1257 2133 1395 2172 Prophetae
1418 2134 1489 2162 enim
1508 2140 1592 2167 erant,
1613 2133 1676 2171 quia

938 2173 1094 2214 prophetico
1112 2172 1209 2212 spiritu
1230 2179 1304 2202 erant
1318 2172 1420 2212 repleti,
1438 2172 1575 2212 Sapientes
1588 2179 1676 2201 autem

937 2219 1012 2243 erant
1025 2211 1115 2249 corde,
1130 2212 1200 2241 sicut
1212 2212 1341 2252 propheta
1354 2211 1420 2241 dicit
1433 2211 1467 2240 de
1478 2212 1517 2240 eis
1533 2223 1540 2239 z
1555 2213 1596 2241 Et
1608 2221 1676 2239 eru-
1685 2221 1751 2243 Psal.
1760 2220 1798 2249 89.

938 2254 1014 2282 ditos
1036 2252 1121 2281 corde
1146 2253 1178 2280 in
1200 2253 1351 2291 sapientia.
1370 2251 1470 2280 Scribae
1492 2257 1580 2279 antem
1602 2257 1676 2278 crant
1687 2259 1762 2304 {uzuh
1789 2280 1823 2301 η.

939 2291 1027 2326 corde,
1042 2291 1105 2330 quia
1119 2290 1153 2320 dc
1166 2291 1298 2320 thesauris
1311 2291 1367 2319 suis
1380 2300 1449 2319 nova
1464 2297 1490 2318 et
1508 2296 1593 2318 vetera
1613 2299 1675 2327 pro·
1686 2312 1724 2335 52.

939 2330 1070 2360 ferebant.
1087 2329 1141 2360 Sed
1159 2330 1278 2370 primum
1295 2329 1444 2363 videamus,
1465 2339 1516 2366 qua
1537 2338 1615 2356 causa
1632 2327 1676 2356 di-

942 2371 978 2399 cit
993 2381 1001 2398 :
1014 2371 1097 2406 Ideo,
1111 2380 1177 2399 ecce
1192 2380 1243 2408 ego
1261 2370 1344 2398 mitto
1359 2369 1400 2396 ad
1412 2377 1476 2396 vos.
1487 2367 1617 2406 Superius
1634 2366 1678 2395 di-

943 2416 1029 2446 xerat,
1039 2410 1069 2438 V
1066 2420 1090 2438 ce
1097 2410 1192 2445 vobis,
1203 2410 1303 2437 scribae
1315 2413 1342 2435 et
1352 2407 1494 2435 Pharisaei
1507 2406 1679 2444 hypocritae,

945 2451 996 2489 qui
1017 2449 1168 2488 aedisicatis
1182 2447 1313 2485 sepulcra
1325 2445 1539 2484 prophetarum,
1556 2450 1584 2473 et
1598 2454 1684 2473 ornae

947 2490 983 2519 tis
997 2493 1186 2518 monumenta
1195 2487 1349 2525 justorum,
1368 2490 1395 2513 et
1410 2484 1506 2513 dicitis
1517 2494 1526 2510 :
1538 2483 1569 2513 Si
1569 2483 1684 2523 suisse-

1514 2608 1552 2635 lio
