1890 2826
560 191 595 216 m
621 190 734 223 lLLtm,
764 190 837 215 vim
863 190 1036 224 Domuum,
1065 192 1187 216 nomn..
1216 194 1265 217 111.

143 255 252 295 οὐρανὸν
265 253 441 293 ἀναδήσομαι,
455 253 500 283 καὶ
514 253 608 292 ἔσομαι
623 253 712 292 ὅμοιος
726 254 764 293 τῷ
775 251 910 293 Ύψίστῳ·

128 299 169 331 ὀἱ
181 301 228 334 τὰς
241 300 400 341 ἀλληγορίας
419 301 470 340 οὐχ
492 299 576 336 ἡδέως
597 299 750 340 δεχόμενοι,
768 299 912 340 παραγράὲ

141 348 237 387 ψονται
251 346 300 382 τὴν
318 346 464 387 μαρτυρίαν
477 348 568 385 ἡμῶν·
581 345 612 375 ἂν
633 345 662 375 δὲ
675 345 720 375 τὸν
733 346 841 375 Παῦλον
854 347 913 375 ἐπι-

142 391 283 431 στήσωμεν
298 394 370 433 αὐτῷ
384 392 541 432 κατήγορον,
557 392 641 426 οὐδεὶς
654 391 742 421 οὖκέτι
760 391 852 421 λοιπὸν
864 392 912 421 ἀν-

141 442 221 478 τερεῖ.
233 438 270 467 Τί
283 433 327 467 οὖν
348 440 362 467 ὁ
385 439 491 472 Παῦλος
502 437 627 478 Τιμοθέῳ
650 437 773 478 γράφων,
790 437 855 467 Ὅτι
867 438 912 467 τὸν

142 483 203 523 ἄρτι
216 487 262 513 τοῦ
284 483 452 524 κηρύγματος
467 484 601 524 ἁψάμενον
615 483 644 513 οὗ
666 485 706 513 δεῖ
719 483 784 523 πρὸς
801 483 832 512 τὸ
845 483 914 522 μέγα

141 532 190 566 τῆς
201 530 348 565 ἐπισκοπῆς
365 529 438 569 ἄγειν
461 530 581 568 ἀξίωμα,
594 529 675 559 εἰπὼν
697 529 782 558 οὕτω·
794 528 841 565 Μὴ
856 529 913 559 νεό-

141 586 232 615 φυτον,
244 575 287 604 ἵνα
302 575 339 614 μὴ
359 575 500 616 τυφωθεὶς,
515 577 552 610 εἷς
565 575 648 616 κρίμα
667 575 771 615 ἐμπέσῃ
788 575 834 605 καὶ
858 587 914 605 πα-

142 621 205 660 γίδα
217 624 263 651 τοῦ
275 621 397 651 διαὸόλου
408 634 415 641 ·
428 622 471 652 ἵνα
482 622 519 661 μὴ
534 621 568 651 τὰ
582 621 649 651 αὐτὰ
663 621 789 662 ἁμαρτὼν
804 621 912 662 ἐκείνῳ,

142 667 222 707 φησὶ,
235 667 270 698 τὰ
283 668 351 698 αὐτὰ
365 670 438 709 αὐτῷ
451 668 587 706 πείσηται.

184 998 237 1029 Καὶ
251 998 298 1029 οὖκ
311 999 427 1028 ἐντεῦθεν
443 998 470 1028 δὲ
483 999 561 1038 μόνον
586 999 665 1035 δῆλόν
688 1001 768 1036 ἐστιν,
782 999 851 1029 ἀλλὰ
870 1000 915 1029 καὶ
930 1001 949 1024 B

144 1045 171 1080 ἐξ
185 1041 222 1075 ὧν
241 1047 279 1086 τῷ
297 1045 395 1086 πρώτῳ
413 1045 519 1075 πάντων
540 1046 683 1086 ἀνθρώπων
703 1045 836 1085 γενομένῳ
850 1057 914 1075 συν-

144 1091 297 1121 εὸούλευσεν
306 1094 320 1121 ὁ
331 1091 444 1131 πονηρὸς
454 1091 554 1130 δαίμων
568 1093 674 1125 ἐκεῖνος.
683 1091 790 1131 ’Ὠσπερ
801 1091 852 1131 γὰρ
861 1095 915 1125 τοῖς

145 1139 252 1176 ἀγαθοῖς
269 1137 355 1173 “ἔθος,
368 1140 452 1166 ταῦτα
472 1140 526 1170 τοῖς
540 1137 653 1173 πλησίον
668 1141 815 1177 παραινεῖν,
830 1138 864 1166 δι’
878 1133 914 1166 ὧν

146 1183 220 1213 αὐτοὶ
233 1182 370 1222 γεγόνασιν
389 1183 481 1223 ἀγαθοί
491 1195 497 1202 ·
511 1183 580 1213 οὕτω
593 1183 638 1213 καὶ
650 1187 704 1216 τοῖς
716 1187 839 1222 πονηροῖς
858 1183 915 1216 ἔθος

145 1231 255 1258 τοιαῦτα
265 1230 427 1268 εἰσηγεῖσθαι
439 1233 494 1264 τοῖς
510 1229 631 1266 πλησίον,
647 1229 679 1258 δι’
694 1224 731 1258 ὧν
752 1229 826 1258 αὐτοὶ
838 1228 915 1268 γεγό-

140 1276 205 1304 Δνασι
220 1276 323 1314 φαῦλοι.
337 1273 389 1303 Ἓν
401 1273 453 1314 γὰρ
475 1274 521 1304 καὶ
540 1277 618 1304 τοῦτο
631 1277 679 1310 τῆς
698 1275 824 1315 πονηρίας
848 1271 916 1308 εἶδός

146 1322 205 1350 ἐστι
214 1343 222 1358 ,
237 1320 283 1350 καὶ
296 1320 467 1360 παραμυθίαν
481 1323 605 1360 ἡγοῦνται
617 1324 664 1357 τ’ἠς
674 1321 772 1354 οἰκείας
783 1322 915 1354 κολάσεως

146 1367 196 1404 τὴν
209 1367 304 1407 ἑτέρων
327 1366 470 1396 ἀπώλειαν.
485 1367 522 1396 Τί
543 1362 587 1396 οὖν
609 1370 624 1397 ὃ
647 1367 767 1401 διάὸολος
791 1367 914 1397 συνεὸού-

144 1414 222 1443 λευσε
235 1415 274 1453 τῷ
287 1412 384 1452 Ἀδάμ
397 1413 513 1447 Μείζονα
534 1414 582 1448 τῆς
595 1413 692 1447 οἰκείας
705 1413 807 1454 φύσεως
824 1414 916 1443 λαὸεῖν

1639 195 1650 217 ι
1661 182 1704 217 35

963 252 1014 283 lud
1035 254 1110 284 audi.
1126 255 1227 285 Caetera
1245 255 1355 296 quidem
1378 262 1485 296 peccata
1505 257 1575 286 circa
1589 263 1707 287 nostram

962 310 1104 332 versantur
1113 311 1248 341 naturam,
1260 311 1287 334 at
1306 304 1432 344 superbia
1444 304 1570 334 virtutem
1584 305 1707 346 incorpo-

963 359 1036 378 ream
1045 360 1060 379 e
1068 350 1180 379 sublimi
1191 350 1306 380 detraxit
1318 361 1349 380 ac
1361 349 1475 390 dejecit:
1486 360 1549 379 nam
1559 351 1708 386 diabolum,

963 404 1026 423 cum
1046 395 1172 425 diabolus
1195 406 1248 425 non
1273 403 1356 432 esset,
1370 395 1511 425 diabolum
1532 396 1618 426 effecit
1632 407 1708 426 arro-

963 442 1062 482 gantia.
1073 442 1156 480 Quod
1168 444 1191 472 si
1207 450 1300 473 testem
1314 442 1447 473 adducam
1459 442 1556 472 Isaiam
1567 443 1604 472 ita
1614 443 1649 472 de
1660 443 1709 473 illo

963 487 1127 526 loquentem,
1143 491 1181 518 In
1195 490 1299 518 coelum
1318 489 1486 525 ascendam,
1500 494 1529 517 et
1542 499 1591 518 ero
1605 490 1709 519 similis
1721 488 1856 520 huf-¹4³4·

962 534 1120 566 'Altissimo
1133 547 1144 563 .-
1159 535 1206 574 qui
1218 545 1271 565 non
1284 535 1398 565 libenter
1409 534 1541 574 recipiunt
1554 534 1708 574 allegorias,

963 579 1145 620 repudiabunt
1158 588 1279 611 nostrum
1291 580 1492 611 testimonium:
1506 581 1548 610 sin
1562 591 1626 611 vero
1638 583 1709 611 Pau-

963 625 1023 654 lum
1034 625 1076 655 illi
1087 625 1292 656 adhibuerimus
1302 634 1493 663 accusatorem,
1508 637 1586 656 nemo
1601 634 1711 657 contra-

963 671 1087 702 dicturus
1111 679 1159 702 est.
1174 673 1250 710 Quid
1273 673 1358 713 igitur
1381 673 1419 703 ait
1442 673 1544 702 Paulus
1568 673 1711 703 Timotheo

963 719 1082 748 scribens
1091 719 1105 747 Ρ
1129 719 1184 756 Qui
1207 730 1294 759 nuper
1306 718 1523 759 praedicationem
1535 719 1633 760 attigit,
1649 731 1711 749 eum

963 774 1016 794 non
1041 772 1163 805 oportere
1189 765 1224 794 ad
1248 775 1380 794 summam
1404 764 1524 805 episcopi
1554 765 1711 806 dignitatem

961 810 1053 849 evehi,
1068 811 1111 841 his
1128 822 1222 852 nempe
1244 811 1334 842 verbis
1351 824 1357 840 :
1374 812 1443 841 Non
1466 812 1662 850 neophytum,
1676 823 1712 841 ne
1725 824 1744 839 ι.
1759 818 1818 840 Tim.
1838 818 1861 840 3.

960 860 996 887 'in
1007 860 1173 898 superbiam
1188 859 1294 895 elatus,
1305 859 1337 886 in
1344 858 1488 897 judicium
1502 859 1626 895 incidat,
1638 865 1666 887 et
1679 861 1712 887 in
1722 849 1746 871 ⁶·

963 904 1103 945 laqueum
1116 905 1229 934 diaboli
1235 918 1247 940 ;
1258 914 1292 933 ne
1305 904 1408 940 eadem,
1420 903 1516 943 inquit,
1526 914 1638 943 peccans
1648 915 1712 934 cum

964 951 1024 986 illo,
1041 950 1134 981 eadem
1147 961 1210 981 cum
1224 950 1272 979 illo
1283 950 1410 990 patiatur.

1004 997 1035 1026 4.
1058 999 1116 1027 Hoc
1135 1007 1203 1027 vero
1226 1006 1280 1025 non
1294 996 1357 1025 hinc
1372 996 1461 1025 solum
1474 1002 1514 1025 est
1526 995 1711 1035 perspicuum,

964 1053 1059 1073 verum
1067 1043 1147 1072 etiam
1157 1053 1193 1072 ex
1204 1043 1237 1072 iis
1251 1053 1310 1081 quae
1319 1042 1445 1072 scelestus
1455 1042 1502 1071 ille
1508 1041 1611 1071 daemon
1623 1042 1712 1082 primo

963 1088 1068 1118 homini
1094 1089 1187 1118 suasit.
1201 1089 1278 1119 Sicut
1290 1088 1362 1117 enim
1374 1088 1453 1117 bonis
1466 1088 1511 1117 hic
1523 1098 1583 1117 mos
1595 1094 1651 1125 est,
1664 1098 1712 1128 per

965 1145 1024 1174 quae
1038 1136 1092 1176 ipsi
1102 1135 1165 1165 facti
1178 1141 1239 1164 sunt
1247 1134 1324 1171 boni,
1339 1134 1375 1163 ad
1388 1134 1482 1164 eadem
1495 1134 1633 1164 exhortari
1646 1145 1712 1173 pro-

962 1180 1052 1211 ximos
1064 1193 1071 1210 :
1083 1181 1120 1211 ita
1132 1188 1157 1211 et
1167 1177 1248 1210 'malis
1260 1180 1306 1209 hic
1319 1187 1358 1209 est
1370 1190 1439 1217 mos,
1451 1190 1499 1220 per
1513 1190 1572 1218 quae
1586 1180 1639 1220 ipsi
1650 1186 1714 1210 sunt

964 1226 1094 1266 improbi,
1109 1226 1200 1256 eadem
1213 1225 1311 1256 vicinis
1333 1226 1470 1255 invehere.
1489 1227 1558 1255 Nam
1581 1236 1634 1255 una
1657 1226 1713 1256 haec
1765 1234 1866 1256 Atieuam

964 1277 1003 1300 est
1016 1272 1126 1301 illorum
1140 1271 1249 1302 malitiae
1263 1272 1376 1312 species,
1391 1278 1422 1301 ut
1436 1271 1553 1300 aliorum
1566 1272 1711 1311 perniciem
1722 1266 1865 1318 1ζέᾞὲἷὲἵο

964 1317 1090 1348 solatium
1101 1318 1144 1347 sui
1157 1318 1284 1358 supplicii
1296 1317 1458 1347 existiment.
1473 1317 1548 1354 Quid
1559 1317 1642 1357 igitur
1652 1317 1711 1347 dia-
1722 1335 1769 1348 esse
1779 1329 1866 1357 impro-

964 1364 1044 1394 bolus
1062 1365 1147 1394 suasit
1166 1364 1291 1394 Adamo?
1304 1365 1342 1394 Ut
1355 1364 1506 1404 conciperet
1525 1363 1712 1403 cogitationem
1722 1359 1765 1410 Ἦ
1796 1391 1810 1414 3

963 1419 1013 1439 sua
1026 1406 1122 1440 natura
1146 1412 1287 1451 majorem,
1301 1410 1407 1450 sibique
1430 1421 1493 1440 cum
1512 1410 1571 1439 Deo
1595 1417 1714 1449 speraret
1733 1399 1783 1411 ’⁴¹'
1815 1407 1820 1411 ¹

145 1459 255 1497 ἔννοιαν,
268 1459 313 1489 χαὶ
326 1458 339 1476 ¹³
348 1458 461 1489 ἷσοθιΐαν
475 1459 590 1489 ἐλπίσαι,
605 1461 639 1489 Εἴ
651 1459 702 1499 γὰρ
717 1459 765 1499 ἐμὲ
778 1463 824 1489 τοῦ
838 1461 916 1500 οὖρα.
931 1466 949 1489 c
965 1457 1156 1496 aequalitatem.
1168 1457 1198 1488 Si
1211 1457 1295 1494 enim,
1308 1456 1405 1496 iniquit,
1418 1456 1476 1486 haec
1491 1467 1532 1486 res
1546 1467 1589 1485 me
1602 1456 1636 1485 de
1648 1457 1713 1486 caelo

145 1507 189 1534 νοῦ
198 1508 290 1543 τοῦτο,
301 1505 392 1545 φησὶν,
402 1504 621 1546 ἐξέὸαλε,πολλῷ
641 1507 741 1545 μᾶλλον
758 1509 850 1535 τοῦτον
868 1508 914 1535 τοῦ

144 1550 304 1591 παραδείσου
319 1551 349 1580 τὸ
363 1551 426 1580 αὐτὸ
439 1554 517 1580 τοῦτο
532 1551 647 1581 maht.
670 1551 722 1582 Διὰ
736 1555 812 1582 τοῦτο
825 1552 871 1581 καὶ
884 1553 914 1581 ⁰6

145 1597 272 1635 Σολομῶν
286 1597 375 1636 ἔλεγεν
383 1608 391 1615 ·
404 1596 440 1627 Ὁ
450 1597 518 1631 Θεὸς
530 1597 708 1638 ὑπερηφάνοις
719 1599 913 1627 ἀντιτάσσεται.

143 1642 203 1671 Οὔκ
216 1637 297 1678 εἶπεν,
308 1642 348 1672 ὅτι
358 1644 372 1671 ὁ
383 1642 454 1676 Θεὸς
467 1643 648 1683 ὑπερηφάνους
659 1643 752 1683 ἀφίησι
760 1666 768 1680 ,
781 1644 826 1673 καὶ
836 1646 915 1684 ἐγκα·

144 1688 320 1726 ταλιμπάνει,
330 1688 378 1718 καὶ
389 1690 437 1723 τῆς
455 1688 551 1722 αἰκείας
570 1689 692 1728 βοηθείας
712 1694 807 1729 γυμνοῖ
818 1712 826 1726 ,
842 1691 912 1725 ἀλλ’,

145 1732 355 1769 Ἀντιτάσσεται,
367 1734 460 1774 φησίν·
475 1735 525 1774 οὐχ
543 1734 583 1764 ὅτι
595 1734 767 1774 παρατάξεως
781 1736 854 1775 αὐτῷ
868 1735 913 1765 καὶ

144 1777 234 1818 μάχης
248 1778 300 1808 ἔδει
309 1779 375 1818 πρὸς
390 1779 435 1808 τὸν
447 1779 627 1820 ὑπερήφανον·
638 1779 665 1809 τί
678 1780 730 1820 γὰρ
744 1781 912 1820 ὑπερηφάνου

143 1823 238 1863 γένοιτ’
249 1824 280 1854 ἂν
293 1824 494 1865 &convert-repon
506 1824 613 1866 Ὥσπερ
623 1825 674 1866 γὰρ
686 1827 700 1855 ὁ
709 1825 756 1859 τὰς
764 1826 836 1866 ὄψεις
849 1828 913 1856 ἀπο-

148 1869 236 1906 λέσας,
246 1870 333 1900 ἅπασι
340 1870 479 1910 πρόκειται
492 1870 558 1911 πρὸς
570 1871 601 1901 τὸ
615 1874 704 1905 κακῶς
718 1875 820 1909 παθεῖν,
831 1871 912 1905 οὕτως

142 1918 159 1945 ὁ
168 1915 362 1957 ὓπερήφανος,ὁ
376 1915 413 1956 μὴ
429 1916 504 1951 εἰδὼς
515 1916 560 1946 τὸν
570 1917 667 1958 Κύριον
678 1917 773 1958 (Ἀρχὴ
788 1917 848 1958 γὰρ,
861 1930 910 1958 φη-

966 1504 1082 1544 expulit,
1097 1504 1184 1533 multo
1204 1503 1290 1543 magis
1304 1502 1398 1533 eadem
1416 1503 1490 1532 hunc
1503 1503 1592 1543 ejiciet
1604 1513 1618 1532 e
1630 1514 1714 1543 para—-

966 1551 1037 1581 diso.
1051 1552 1224 1591 Quapropter
1235 1557 1261 1580 et
1272 1550 1399 1581 Salomon
1411 1549 1482 1579 dixit
1497 1562 1504 1579 :
1520 1550 1602 1579 Deus
1613 1560 1712 1589 super·
1725 1563 1792 1585 pm,
1797 1564 1809 1586 3
1823 1562 1862 1592 34.

965 1598 1009 1627 bis
1022 1597 1139 1627 resistit.
1151 1597 1213 1627 Non
1225 1597 1298 1627 dixit
1308 1609 1315 1625 ε
1325 1598 1397 1626 Deus
1410 1597 1540 1636 superbos
1553 1596 1675 1633 dimittit,
1686 1604 1713 1626 et
1726 1600 1746 1646 ¹2·
1755 1595 1863 1647 5²²²-55-

965 1643 993 1672 in
1009 1644 1124 1684 peccatis
1148 1643 1263 1680 deserit,
1278 1653 1381 1680 suoque
1401 1642 1486 1672 nudat
1502 1643 1607 1673 auxilio
1623 1655 1630 1672 τ
1646 1643 1710 1681 sed,
1723 1633 1738 1679 ἓ
1771 1628 1862 1656 amm.

964 1690 1167 1726 Adversatur,
1189 1685 1278 1728 inquit
1293 1701 1300 1717 :
1318 1699 1371 1718 non
1399 1688 1474 1727 quod
1499 1688 1629 1718 instructa
1656 1691 1714 1719 acie

962 1741 1008 1764 ant
1021 1744 1112 1774 pugna
1125 1736 1182 1764 Deo
1194 1735 1228 1764 sit
1239 1744 1308 1774 opus
1321 1733 1450 1763 adversus
1465 1733 1612 1773 suptffbum
1619 1746 1629 1773 5
1645 1735 1712 1773 quid

960 1780 1033 1810 enim
1049 1791 1106 1810 esse
1118 1781 1203 1820 possit
1225 1780 1343 1820 superbo
1367 1780 1524 1809 infirmius?
1538 1781 1607 1810 Nam
1622 1783 1712 1820 utqui

961 1827 1070 1856 orbatus
1083 1834 1124 1856 est
1135 1827 1232 1864 oculis,
1248 1827 1368 1856 omnium
1381 1827 1520 1866 expositus
1533 1833 1573 1856 est
1587 1827 1706 1867 injuriae,

960 1873 998 1903 ita
1007 1880 1032 1902 et
1042 1873 1183 1912 superbus,
1191 1873 1239 1912 qui
1252 1882 1305 1902 non
1317 1872 1391 1903 videt
1403 1872 1551 1902 Dominum
1562 1875 1634 1910 (nam
1645 1875 1707 1902 Ini-
1722 1885 1796 1907 Ereti.
1810 1892 1844 1907 10,

961 1921 1032 1950 lium
1041 1920 1193 1959 superbire,
1202 1926 1232 1948 ut
1241 1918 1329 1958 inquit
1338 1918 1489 1958 Scriptura,
1500 1924 1544 1948 est
1555 1929 1615 1949 non
1627 1930 1711 1949 nosse
1725 1917 1762 1944 ’4-

142 1961 194 1998 clv,
215 1962 407 2003 ὑπερηφανίας,
425 1962 455 1992 τὸ
476 1963 513 2002 μὴ
532 1963 627 1993 εἷδέναῑ
650 1963 695 1993 τὸν
719 1964 850 2004 Κύριον),
865 1964 910 1994 καὶ
925 1967 945 1990 D
961 1967 1120 1997 Dominum
1131 1971 1153 2003 )‚
1163 1966 1244 1995 etiam
1255 1966 1289 1995 ab
1299 1965 1454 1995 hominibus
1464 1965 1543 1995 facile
1554 1974 1708 2006 superatur,

143 2007 291 2048 ἀνθρώποις
299 2007 430 2042 εὖάλωτός
438 2009 495 2038 ἔστι
504 2029 513 2044 ,
521 2012 567 2038 τοῦ
577 2009 662 2050 φωτὸς
671 2009 790 2039 ἐκπεσὼν
801 2009 910 2039 ἐκείνου.

142 2053 178 2083 Εἰ
191 2053 219 2082 δὲ
231 2053 275 2083 καὶ
290 2054 397 2094 ἰσχυρὸς
406 2053 446 2090 εἴη
457 2077 465 2091 ,
480 2056 527 2084 οὐκ
541 2054 572 2084 ἂν
582 2055 754 2095 παρατάξεως
763 2055 859 2092 ,ἐδέησε
872 2058 910 2096 τῷ

142 2100 207 2139 Θεῷ
218 2099 282 2139 πρὸς
304 2099 382 2128 αὐτόν
392 2111 399 2118 ·
413 2094 435 2140 ᾧ
448 2099 500 2140 γὰρ
513 2103 530 2136 ἡ
556 2100 680 2140 βούλησις
692 2100 788 2141 ἤρκεσε
801 2102 867 2142 πρὸς
879 2102 910 2131 τὸ

141 2144 230 2175 πάντα
241 2149 418 2185 παραγαγεῖν,
425 2147 516 2186 πολλῷ
530 2147 631 2185 μᾶλλον
646 2146 691 2176 καὶ
702 2147 767 2187 πρὸς
778 2148 826 2184 τὴν
836 2147 910 2177 ἀναί-

144 2201 214 2230 ρεσιν
227 2193 312 2221 αὐτῶν
328 2192 411 2231 ἀρκεῖ.
425 2191 504 2226 Τίνος
517 2188 561 2222 οὖν
572 2192 668 2229 ἕνεκεν,
681 2193 769 2233 φησὶν,
784 2194 907 2224 ἀντιτάσ-

143 2246 234 2274 σεται;
249 2235 307 2266 Ἵνα
321 2237 351 2266 τὸ
365 2237 476 2278 σφοδρὸν
489 2240 537 2274 τῆς
550 2239 692 2279 ἀπεχθείας
706 2238 851 2274 ἐνδείξηται
861 2241 909 2275 τῆς

144 2281 210 2321 πρὸς
234 2282 279 2312 τὸν
302 2283 478 2323 ὑπερήφανον.
506 2283 572 2314 Ὅτι
600 2285 647 2323 μὲν
670 2281 714 2314 οὖν
739 2284 856 2324 χαλεπὸν
879 2285 909 2314 τὸ

143 2331 249 2368 τραῦμα
262 2328 292 2358 τὸ
304 2331 351 2365 τῆς
364 2329 541 2370 ὖπερηφανίας
549 2353 558 2368 ‚
573 2330 618 2360 καὶ
628 2332 659 2360 ἐκ
674 2330 766 2360 τούτου
777 2353 785 2367 ,
801 2330 846 2360 καὶ
860 2331 908 2360 ἀλ-

142 2380 255 2419 λαχόθεν
269 2380 356 2416 δῆλον.
371 2381 404 2410 Εἰ
425 2380 453 2410 δὲ
473 2381 614 2420 βούλεσθε,
629 2382 674 2411 καὶ
694 2381 842 2422 ἀλλαχόθεν
857 2382 906 2419 τὴν

175 2478 187 2490 ·
203 2467 262 2501 ιῖθος
272 2474 367 2498 τοιαῦτα
377 2477 432 2503 τοῖς,
440 2471 476 2497 sic
483 2472 651 2506 quidamMss.
660 2471 732 2499 Infra
745 2473 820 2499 iidem
828 2485 898 2504 πονη-

143 2515 193 2547 ρίας
204 2514 277 2538 αὐτῶν
289 2513 353 2541 effag-
524 2547 528 2550 η

177 2551 190 2570 ¹·
207 2550 278 2576 Unus
290 2554 386 2580 ισοθείας
398 2550 558 2585 φαντασθῆναι.

175 2596 186 2608 ⁰
204 2589 319 2620 Quatuor
332 2590 390 2615 Mss.
403 2594 440 2616 nui
456 2593 549 2626 ὁῑιρὲςχ
565 2593 647 2623 ἔλεγεν.
669 2591 742 2624 Atqui
758 2591 810 2617 haee
823 2591 898 2619 verba

960 2020 1131 2053 posteaquam
1142 2011 1243 2042 excidit
1253 2012 1288 2041 ab
1299 2012 1347 2041 illa
1359 2011 1430 2041 luce.
1443 2011 1525 2049 Quod
1535 2012 1557 2041 si
1570 2013 1650 2042 etiam
1663 2024 1710 2043 va-

960 2058 1034 2088 lidus
1044 2069 1075 2088 ac
1084 2065 1178 2099 potens
1187 2065 1255 2087 esset
1265 2058 1408 2098 superbus,
1417 2058 1487 2087 nihil
1495 2068 1564 2098 opus
1573 2065 1639 2088 esset
1652 2060 1710 2089 Deo

959 2105 1078 2135 exercitu
1091 2103 1221 2135 adversus
1233 2104 1314 2134 illum
1330 2116 1337 2133 t
1353 2104 1396 2134 cui
1420 2105 1493 2134 enim
1507 2105 1631 2135 voluntas
1645 2105 1709 2135 satis

958 2151 1010 2181 suit
1023 2151 1059 2181 ad
1070 2150 1243 2192 producenda
1256 2151 1356 2188 omnia,
1371 2151 1458 2180 multo
1472 2151 1558 2190 magis
1572 2151 1708 2181 sufficeret

958 2197 994 2228 ad
1002 2207 1034 2228 ea
1044 2196 1172 2227 tollenda.
1182 2198 1239 2228 cur
1259 2197 1354 2237 igitur,
1365 2197 1481 2236 inquies,
1494 2197 1613 2227 resistit?
1626 2197 1707 2235 Quod

957 2243 1099 2274 vehemens
1124 2243 1219 2273 odium
1244 2242 1361 2273 declaret
1390 2254 1452 2283 erga
1477 2244 1635 2283 superbum.
1654 2245 1708 2273 Ita—

958 2300 1011 2329 que
1032 2290 1186 2331 superbiam
1199 2301 1256 2320 essc
1276 2290 1377 2320 vulnus
1394 2290 1587 2330 periculosum,
1601 2297 1658 2318 tum
1673 2300 1707 2319 ex

959 2336 1002 2366 his
1014 2347 1073 2376 quae
1095 2336 1228 2373 diximus,
1242 2343 1300 2365 tum
1321 2347 1356 2366 ex
1374 2336 1435 2365 aliis
1459 2336 1632 2376 perspicuum
1653 2342 1702 2364 est.

959 2383 1042 2421 Quod
1053 2383 1076 2412 si
1090 2382 1184 2421 vultis,
1197 2383 1278 2412 etiam
1292 2393 1400 2413 causam
1412 2382 1508 2422 ipsam,
1522 2381 1592 2410 unde
1605 2381 1706 2411 vulnus

946 2479 1006 2499 sunt
1016 2473 1160 2500 Salomonis
1171 2474 1197 2499 in
1208 2472 1358 2512 Ploverbiis,
1372 2472 1431 2497 licet
1450 2470 1530 2496 simile
1539 2468 1668 2503 quidpiam
1681 2471 1707 2495 in

947 2513 1060 2539 Siracide
1067 2514 1143 2538 etiam
1152 2512 1256 2546 legatur,
1268 2514 1277 2536 t
1283 2513 1308 2543 0,
1322 2513 1363 2537 ⁴4.
1374 2511 1431 2536 Non
1444 2517 1502 2534 raro
1511 2508 1707 2541 chrysostomus

947 2552 1109 2578 Salomonem
1125 2547 1198 2584 ponit
1209 2560 1256 2584 pro
1268 2549 1393 2581 Sit-acide,
1411 2546 1455 2573 sed
1467 2554 1590 2580 nusquam
1609 2546 1707 2574 adverti

949 2591 1017 2625 apud
1026 2591 1096 2619 illum
1109 2589 1247 2617 Siracidem
1260 2589 1321 2622 poni
1329 2595 1376 2621 pro
1388 2585 1532 2612 Salomone.

1495 2640 1537 2661 ΙΟ.
