1904 2840
264 195 333 241 718

255 278 286 297 zo
306 266 411 308 hylaeia
425 266 569 302 mittentes,
584 263 706 294 debitum
718 264 797 295 vobis
807 263 937 294 sermonis
949 274 998 293 ex-

256 278 402 337 sorvamus.
425 304 537 334 Memini
556 304 630 334 enim
647 303 736 344 pridie
756 314 800 333 me
815 303 895 334 vobis
915 303 998 333 heatae

255 348 383 377 Susannae
396 344 523 374 castitatis
536 351 668 374 certamen
682 343 717 373 ad
730 344 880 373 multorum
893 343 997 373 utilita-

255 393 310 415 tem
322 384 530 426 praedicaturum
551 394 608 413 esse
628 383 798 423 pollicitum3
812 393 867 422 quo
879 389 998 423 tempore

255 426 356 470 Joseph
369 435 476 464 quoque
488 434 550 453 cum
565 423 694 464 AEgyptia
707 423 869 458 decertabat,
883 430 910 452 et
918 422 998 453 vobis
1013 430 1031 453 B

255 466 381 495 omnibus
395 464 520 494 castitatis
537 463 622 493 luctas
639 463 795 493 exhibebat.
808 464 840 493 In
852 463 903 492 hoc
914 462 998 502 igitur

255 506 366 545 publico
378 515 409 534 ac
422 503 522 534 celebri
533 503 637 532 theatro
650 503 729 532 etiam
738 504 859 534 Susanna
868 502 996 539 decertet,

255 545 303 574 ubi
325 552 351 574 et
366 546 450 580 Deus,
465 550 491 573 et
509 543 609 582 angeli,
623 549 650 573 et
667 542 732 579 viri,
744 549 770 572 et
790 542 917 572 mulieres
937 553 998 572 ste-

255 591 328 614 ctant
343 596 350 613 :
363 583 490 618 decertet,
505 590 532 612 et
548 582 652 620 doceat,
666 592 721 621 quo
743 589 821 622 pacto
837 583 955 623 juvenen
969 592 998 612 as

256 624 291 653 ad
304 630 416 654 mortem
430 633 515 662 usque
529 633 579 662 pro
592 623 709 652 castitate
721 628 841 662 oporteat
849 621 995 651 decertare.

256 665 319 694 Haec
330 664 419 703 itaque
431 663 507 692 beata
520 663 640 692 Susanna
652 672 715 692 cum
735 672 829 702 genere
843 662 941 691 nobilis
954 672 996 691 es-

255 711 306 741 set,
319 711 346 733 et
358 715 374 733 a
387 702 483 733 teneris
502 702 657 742 unguiculis
675 702 703 731 in
724 702 846 732 conclavi
865 701 939 731 domi
951 713 998 731 re-

254 743 362 773 condita
373 766 381 781 ,
404 753 520 782 cumque
541 742 655 782 eleganti
673 742 760 771 forma
781 748 866 779 esset,
881 748 905 770 et
920 741 999 770 castis

255 784 377 813 moribus
390 782 513 823 praedita,
528 782 645 821 juvenili
660 781 757 811 florens
768 788 854 818 aetate,
870 781 998 820 legitimis

255 823 419 853 matrimonii
432 822 550 852 vinculis
563 822 688 862 copulata
700 828 750 851 est.
762 822 799 851 Et
811 831 876 851 vero
887 831 950 851 cum
962 821 996 849 il-

205 869 208 876 '
255 863 350 893 laesum
369 862 527 903 nuptiarum
544 868 740 891 sacramentum
761 860 857 890 marito
867 871 917 890 suo
930 870 998 889 con-

107 1781 175 1803 Psal.
183 1779 248 1803 683.

113 2497 203 2520 cantic.
216 2496 240 2528 4.

114 2536 149 2550 12.

256 909 385 939 servaret,
401 912 454 932 non
468 901 560 931 oculos
573 901 763 941 incompositos
774 900 810 933 ad
818 911 915 930 novam
962 911 998 930 re·

256 942 414 982 grinamque
437 942 551 971 formam
577 940 748 982 spectandam
769 940 926 970 circumfere
945 947 995 969 at:

257 993 310 1012 non
322 982 473 1023 patentibus
491 981 603 1011 auribus
625 981 768 1011 concinnos
784 979 998 1009 meretriciorum

255 1030 383 1052 cantuum
398 1032 478 1052 sonos
492 1021 645 1066 excipiebat
659 1032 666 1049 :
679 1030 732 1050 non
769 1019 789 1049 d
806 1020 948 1049 odoratum
960 1019 998 1049 si-

256 1063 335 1092 nebat
346 1072 478 1092 novorum
495 1068 714 1091 vestimentorum
727 1071 740 1090 s
761 1059 834 1089 ffitus
846 1060 974 1100 obrepere
986 1072 994 1088 .·
1011 1064 1031 1088 C

255 1112 303 1132 nec
316 1102 403 1131 ullum
415 1102 499 1131 alium
509 1111 616 1130 sensum
630 1107 727 1130 temere
738 1099 802 1130 ferri
815 1099 996 1140 permittebat,

255 1152 288 1170 ue
305 1141 445 1181 pudicitia.
467 1151 527 1180 quae
549 1141 575 1170 in
596 1140 654 1180 ejus
674 1139 755 1169 corde
776 1140 995 1174 conservabatur,

254 1182 396 1210 fallacibus
416 1180 549 1210 illecebris
569 1180 724 1209 labefactata
737 1180 765 1209 in
778 1179 930 1219 voluptates
948 1178 997 1208 de-

255 1221 419 1250 volveretur.
436 1219 575 1258 Siquidem
594 1219 721 1259 pleraque
742 1226 849 1259 peccata
870 1229 998 1249 sensuum

255 1270 337 1299 opera
350 1267 467 1289 nostram
479 1259 595 1288 animam
613 1259 736 1288 vincunt.
752 1259 801 1288 Est
813 1258 886 1287 enim
898 1258 997 1294 anima,

255 1306 392 1337 tamquam
414 1299 492 1339 virgo
514 1298 541 1327 in
565 1298 683 1327 thalamo
704 1297 838 1336 quodam,
855 1298 883 1326 in
909 1298 998 1328 medio

254 1339 336 1368 corde
349 1338 548 1377 conquiescens,
563 1344 589 1367 et
604 1348 619 1366 a
638 1337 760 1367 sensibus
782 1337 902 1376 quinque
921 1338 998 1366 velut

255 1379 290 1407 ab
313 1378 418 1407 ancillis
441 1377 604 1416 quibusdam
627 1377 735 1417 stipata.
760 1377 868 1413 Quibus
891 1376 998 1406 tandem

255 1418 398 1447 sensibus?
409 1417 480 1448 Visu
494 1417 632 1453 nimirum,
649 1423 740 1455 gustu,
754 1416 877 1450 odoratu,
893 1415 998 1451 auditu,

255 1465 282 1487 et
293 1465 375 1487 tactu.
389 1457 420 1487 Si
433 1457 525 1487 nullus
540 1456 622 1496 igitur
633 1466 725 1486 sensus
738 1456 912 1486 labefactatus
923 1455 998 1485 sedu-

255 1505 346 1529 catur.
370 1498 458 1526 anima
478 1497 532 1526 inte
552 1507 579 1524 ra
600 1503 625 1525 et
646 1496 729 1525 illaesa
746 1503 918 1525 conservatur
934 1507 941 1524 :
956 1495 997 1526 sin

255 1544 345 1566 autem
358 1536 499 1575 contigerit
520 1547 534 1565 a
569 1542 675 1575 pectum
692 1535 792 1574 absque
809 1536 938 1574 regimine
951 1535 999 1565 de-

256 1576 426 1607 relictumad
432 1575 580 1616 juvenilem
587 1575 700 1604 sormam
709 1574 881 1615 spectandam
891 1576 995 1613 vagari,

255 1627 287 1646 ac
301 1615 467 1646 vehementes
485 1614 607 1644 libidinis
627 1615 726 1644 fluctus
745 1625 794 1654 per
806 1614 898 1644 oculos
912 1614 939 1643 in
953 1614 996 1643 in-

256 1656 329 1686 timis
343 1656 465 1696 partibus
478 1654 568 1684 cordis
578 1654 722 1694 exceperit,
738 1654 876 1684 confestim
889 1654 997 1684 turbine
1013 1661 1033 1684 D

256 1696 430 1736 voluptatum
442 1701 545 1734 raptata
555 1694 583 1723 in
593 1694 694 1733 peccati
707 1693 821 1724 vortices
830 1693 917 1724 delata
932 1694 997 1723 sub-

258 1736 399 1773 mergitur,
412 1742 439 1765 et
452 1734 590 1774 pudicitiae
604 1734 673 1763 facto
685 1734 824 1772 naufragio
842 1734 943 1773 patitur
957 1733 997 1769 id,

258 1775 331 1815 quod
341 1782 367 1804 et
380 1774 471 1804 DavId
486 1784 580 1814 passus
596 1773 703 1803 dicebat
716 1785 723 1802 z
741 1774 819 1802 Veni
825 1775 857 1802 in
868 1774 1000 1802 altitudi-

259 1826 324 1844 nem
338 1816 438 1849 mari5‚
453 1822 481 1844 et
497 1820 650 1852 tempestas
669 1813 805 1842 demersit
814 1824 869 1842 me.
882 1813 943 1843 Pari
955 1824 999 1842 ra-

257 1855 327 1884 tione
337 1855 359 1884 si
370 1854 479 1884 auditus
486 1853 628 1893 adapertus
637 1852 776 1882 illecebras
786 1852 914 1892 elegantis
925 1853 999 1882 vocis

256 1894 407 1931 admiserit,
428 1893 476 1923 ubi
495 1893 529 1922 ad
548 1903 591 1922 eas
610 1898 724 1921 mentem
743 1891 899 1928 intenderit,
917 1899 1000 1922 totam

256 1934 371 1973 seipsam
391 1932 550 1963 meretriciis
564 1932 687 1961 cantibus
702 1931 841 1961 delinitam
858 1932 997 1971 pervertit.

257 1974 361 2003 Gustus
373 1980 463 2002 autem
475 1971 617 2002 voracitate
638 1971 755 2010 vinoque
768 1972 853 2000 multo
866 1979 1000 2001 saturatus

257 2013 292 2042 ad
315 2012 521 2052 compotationes
544 2017 570 2040 et
586 2017 679 2049 stupra
705 2018 859 2051 corruptam
883 2011 1000 2041 animam

256 2052 349 2082 trahit.
370 2052 492 2081 Olfactus
511 2050 621 2079 demum
643 2050 783 2088 exquisitis
798 2051 929 2090 juvenum
946 2061 999 2080 un-

257 2092 363 2130 guentis
375 2091 480 2120 illectus
493 2097 519 2119 et
529 2089 670 2119 devinctus
683 2090 800 2118 animam
817 2089 897 2119 etiam
909 2101 1000 2119 secum

257 2131 325 2160 solet
345 2130 460 2160 irretire.
478 2131 524 2159 Sic
544 2129 628 2168 igitur
652 2129 739 2157 anima
762 2136 899 2168 tamquam
922 2130 1001 2169 virgo

257 2170 382 2209 quasdam
404 2170 438 2198 ab
460 2168 648 2208 insipientibus
670 2168 1000 2205 ancillis,asensibusin-

257 2210 408 2250 tercipitur,
426 2216 505 2248 atque
519 2208 727 2247 intemperantiae
745 2216 851 2247 peccato
866 2208 999 2248 proditur.

258 2251 399 2279 Peccatum
412 2249 483 2278 enim
497 2247 618 2278 sensibus
635 2247 759 2276 omnibus
779 2249 924 2288 consopitis
934 2249 1001 2278 furis

258 2289 287 2318 in
300 2300 401 2319 morem
414 2288 484 2317 clam
504 2287 629 2326 conclave
652 2286 741 2316 cordis
762 2286 929 2325 ingreditur3
943 2294 1002 2317 tum

259 2328 409 2368 ingressum
427 2335 510 2357 totam
524 2326 661 2367 pudicitiae
682 2337 770 2355 arcam
782 2326 963 2366 depraedatur,
977 2334 1003 2356 et

258 2369 393 2398 exhaurit.
407 2370 500 2406 Itaque
513 2367 589 2396 beata
600 2365 647 2395 illa
659 2365 826 2395 custodiebat
836 2367 938 2403 oculos,
953 2367 1003 2396 ha-

259 2408 358 2443 bitum,
373 2409 517 2443 incessum,
529 2405 665 2441 auditum,
679 2405 780 2441 visum,
800 2405 937 2443 olfactum,
952 2417 1002 2445 gu-

260 2455 331 2478 stum
345 2455 371 2477 et
383 2454 495 2483 tactum,
507 2453 615 2484 eratque
627 2454 690 2475 vere
702 2444 850 2474 secundum
867 2446 1002 2484 sapientiae

261 2488 375 2525 dictum,
388 2489 499 2516 Hortus
509 2486 673 2520 conclusus,
680 2485 757 2525 sons
765 2486 906 2525 signatus.
917 2485 1002 2521 Quasi

256 2528 354 2557 'hortus
367 2527 439 2556 cuim
447 2533 503 2556 erat
512 2527 599 2560 beata,
610 2535 690 2564 quem
700 2535 777 2553 nemo
788 2531 890 2564 poterat
900 2523 1002 2563 deprae—

261 2567 332 2603 dari,
356 2566 492 2607 pudicitiae
514 2576 609 2595 suaves
630 2564 769 2593 effundens
793 2563 904 2599 odores;
926 2564 1002 2602 quasi

261 2612 319 2642 sons
331 2618 386 2641 crat
401 2609 454 2640 fide
468 2609 598 2649 signatus,
612 2619 646 2638 ex
659 2619 712 2647 quo
724 2619 801 2638 nemo
814 2607 938 2648 petulans
953 2618 1002 2647 pu-

974 202 1107 226 st‘tJRtA.

1052 263 1203 300 Σουσάννης
1217 265 1387 305 σωφροσύνης
1403 264 1514 300 ἄθλησιν
1527 265 1565 297 εἰς
1577 264 1684 293 πολλῦν
1694 262 1826 304 ὠφέλειαν

1050 303 1208 343 κηρύττειν·
1231 303 1274 333 ὅτε
1291 305 1336 334 καὶ
1358 307 1372 334 ὁ
1392 304 1491 346 Ἰωσὴφ
1512 303 1581 334 κατὰ
1607 305 1656 340 τῆς
1675 304 1823 341 Αἰγυπτίας

1049 343 1205 382 ἠγωνίζετο,
1220 344 1266 374 καὶ
1282 349 1363 374 πᾶσιν
1386 346 1451 383 ἡμῖν
1464 343 1640 383 παλαίσματα
1653 342 1823 383 σωφροσύνης

1050 383 1228 431 ὑπεδείκνυεν.
1243 383 1419 435 Ἀγωνιζέσθω
1432 379 1477 414 οὖν
1497 384 1543 414 καὶ
1565 383 1703 414 Σουσάννα
1715 384 1743 412 ἐν
1754 383 1822 423 τῷδε

1050 423 1234 503 assae?
1247 423 1442 502 {zaetas
1450 422 1827 503 tammam

1050 502 1206 537 διδασκέτω,
1219 505 1276 536 πῶς
1294 503 1334 532 δεῖ
1353 502 1483 543 νεωτέρας
1495 502 1544 536 ἕως
1562 502 1674 532 θανάτου
1691 501 1758 542 ὑπὲρ
1773 514 1824 531 σω-

1050 542 1180 582 φροσύνης
1192 542 1374 582 ἀγωνίζεσθαι.
1396 542 1470 580 Αὕτη
1485 542 1572 572 τοίνυν
1585 544 1602 578 ἡ
1638 541 1736 581 ακαρία
1754 543 1824 572 ’Σου-

1050 582 1132 612 σάννα
1145 582 1252 622 εὐγενὴς
1269 585 1308 622 τῷ
1321 582 1390 622 γένει
1406 595 1437 612 τυ
1475 582 1588 618 άνουσα,
1602 583 1614 611 ἐ
1643 582 1754 612 ἁπαλῶν
1767 582 1824 611 ὀνύ-

1049 634 1106 662 χων
1124 623 1150 651 ἐν
1164 622 1274 663 οἰκίσκῳ
1291 594 1512 662 θαλαμιυομᾌη,
1527 621 1661 662 εὐπρεπὴς
1678 623 1717 661 τῷ
1731 620 1824 651 κάλλει

1050 661 1223 702 ὑπάρχουσα,
1237 662 1282 691 καὶ
1302 665 1398 701 σεμνοῦ
1415 662 1472 702 βίου
1486 661 1582 702 τρόπον
1595 664 1742 697 ἀσκηθεῖσα
1752 684 1761 698 ,
1779 661 1824 691 ὅτε

1049 701 1080 731 τὸ
1093 705 1140 738 τῆς
1153 702 1274 738 νεότητος
1286 703 1367 738 αὐτῆς
1380 702 1477 736 κάλλος
1490 701 1613 737 ἐπήνθει,
1631 701 1697 742 πρὸς
1710 700 1828 740 νομίμου

1048 741 1135 780 γάμου
1149 742 1273 782 συζυγίαν
1289 742 1419 781 ἡρμόσθη.
1440 741 1493 772 Καὶ
1507 740 1539 778 δὴ
1557 741 1588 771 τὸ
1607 743 1654 770 τοῦ
1667 740 1754 780 γάμου
1770 753 1823 780 μυ-

1050 781 1157 822 στήριον
1183 781 1298 815 effluet<
1321 784 1360 822 τῷ
1383 781 1442 822 ἰδίῳ
1464 781 1538 821 ἀνδρὶ
1562 781 1748 821 φυλάττουσα,
1775 782 1823 810 οὐκ

1049 820 1124 861 ὄμμα
1146 822 1259 852 ἄτακτον
1284 821 1349 861 πρὸς
1370 824 1524 862 νεωτερικοῦ
1547 820 1593 851 καὶ
1615 820 1686 856 ξένου
1711 819 1824 854 κάλλους

1049 860 1110 891 θέαν
1121 862 1274 902 περιέφερεν
1288 873 1294 880 ·
1313 863 1361 891 οὐκ
1375 861 1456 897 ἀκοὴν
1472 859 1613 900 ἀνοίγουσα
1627 860 1677 896 τὴν
1690 861 1743 889 τῶν
1754 871 1790 890 πο
1809 878 1823 882 -

1049 903 1127 931 νικῶν
1156 901 1283 942 ᾀσμάτων
1309 901 1487 942 καλλιφωνίαν
1514 900 1658 941 ὑπεδέχετο
1674 912 1681 919 ·
1711 901 1741 929 οὔ
1773 871 1830 936 τᾶν·

1049 940 1176 982 ὄσφρησιν
1200 941 1306 982 ἐπηφίει
1328 941 1450 981 ἀνέρπειν
1471 940 1504 970 τὰ
1516 943 1569 970 τῶν
1582 941 1746 980 νεωτερικῶν
1758 939 1827 978 ἱμα-

1049 980 1112 1010 τίων
1130 980 1303 1020 καπνίσματα
1315 992 1322 999 ·
1336 981 1390 1011 οὐδ’
1411 981 1494 1016 ἄλλην
1517 980 1577 1009 τινὰ
1596 980 1718 1016 αἴσθησιν
1731 979 1823 1012 ἅπλῶς

1050 1020 1175 1061 φέρεσθαι
1188 1020 1350 1061 συνεχώρει,
1370 1020 1414 1050 ἵνα
1434 1020 1472 1060 μὴ
1491 1022 1509 1056 ἡ
1529 1021 1557 1049 ἐν
1574 1022 1608 1059 τῇ
1630 1019 1726 1059 καρδία
1740 1020 1822 1054 αὐτῆς

1069 1060 1233 1100 υλαττομένη
1255 1060 1410 1101 σωφροσύνη
1435 1061 1539 1099 ὑποφθα
1556 1064 1614 1089 εἷσα
1634 1063 1688 1092 τοῖς
1728 1059 1822 1092 παλοῖς

1067 1100 1211 1140 ελεάσμασι
1230 1100 1295 1140 πρὸς
1308 1100 1402 1136 ἡδονὰς
1416 1071 1575 1135 nahmi-11.
1587 1098 1631 1128 Τὰ
1641 1098 1693 1139 γὰρ
1707 1100 1822 1128 πλεῖστα

1049 1143 1102 1170 τῶν
1126 1139 1326 1181 ἁμαρτημάτων
1350 1141 1381 1169 ἐκ
1407 1141 1460 1169 τῶν
1488 1139 1635 1174 αἰσθήσεων
1661 1140 1709 1174 τῆς
1733 1139 1823 1178 ψυχῆς

1049 1182 1126 1219 ἡμῶν
1140 1180 1312 1220 περιγίνεται.
1321 1179 1402 1210 Ἔστι
1415 1179 1466 1219 γὰρ
1487 1181 1503 1215 ἡ
1525 1180 1610 1220 ψυχὴ,
1626 1178 1745 1218 καθάπερ
1757 1190 1824 1217 παρ-

1049 1220 1120 1253 θένος
1131 1222 1158 1250 ἐν
1171 1220 1282 1259 θαλάμω
1293 1219 1355 1255 τινὶ,
1369 1220 1401 1261 ἐν
1411 1218 1479 1259 μέσῃ
1491 1220 1525 1258 τῇ
1538 1218 1634 1258 καρδίᾳ
1643 1217 1828 1258 ἡσυχάζουσα,

1050 1260 1095 1289 καὶ
1109 1260 1160 1289 ὑπὸ
1174 1263 1227 1290 τῶν
1238 1249 1316 1289 πέντε
1330 1259 1477 1295 αἰσθήσεων
1490 1258 1581 1299 ὥσπερ
1594 1257 1646 1287 ὑπό
1657 1269 1735 1287 τινων
1747 1260 1823 1297 θερα-

1050 1299 1176 1329 παινίδων
1199 1298 1421 1339 δορυφορουμένη.
1443 1298 1532 1328 Ποίων
1557 1297 1725 1334 αἶσθήσεων;
1740 1296 1824 1337 εΟρά-

1050 1338 1578 1414 {32⁰⁶’,}{⁶‘}{‘⁰21235352‘⁵Z‡;³35‘2‘322’
1593 1337 1741 1412 3:323&ss
1756 1337 1830 1405 Εἷῗ

1050 1391 1174 1447 λάττὲται
1186 1391 1298 1457 insuspecta
1309 1396 1354 1446 κἀὶ
1366 1389 1486 1452 ἀὸλαέὴς
1497 1389 1516 1452 ξὴ
1531 1416 1604 1456 ψυχή
1613 1428 1619 1434 ·
1635 1416 1679 1445 ἐὰν
1692 1416 1720 1445 δὲ
1732 1388 1822 1455 σι’)ἕὸῇ

1049 1457 1099 1493 τὴν
1125 1457 1216 1497 ὅρασιν
1235 1456 1413 1496 ἄκυῧέρνητον
1431 1455 1557 1495 μείνασαν
1581 1455 1646 1495 πρὸς
1667 1458 1827 1495 νεωτερικοῖὶ

1050 1497 1162 1530 κάλλους
1183 1497 1243 1527 θέαν
1268 1498 1433 1536 ῥεμφθῆναι,
1457 1495 1503 1525 καὶ
1514 1495 1568 1524 λαὸ
1585 1495 1613 1525 ὸν
1629 1494 1659 1523 τὸ
1679 1497 1753 1533 κῦμα
1774 1498 1825 1531 τῆς

1049 1537 1189 1576 ἐπιθυμίας
1215 1535 1258 1565 διὰ
1280 1538 1333 1565 τῶν
1346 1536 1488 1576 ὀφθαλμῶν
1502 1536 1539 1568 εἷς
1552 1547 1582 1564 το
1597 1534 1675 1574 βάθος
1695 1537 1743 1570 τῆς
1760 1547 1823 1574 καρ-

1050 1575 1106 1610 δίας
1129 1575 1310 1612 εἷσδέξασθαι,
1330 1575 1404 1609 εὐθὺς
1421 1574 1531 1604 λαίλαπι
1551 1575 1652 1610 ἡδονῶν
1671 1576 1825 1615 ῥιπισθεῑσοτ

1049 1616 1115 1656 πρὸς
1130 1616 1178 1652 τὴν
1193 1614 1325 1655 ἁμαρτίαν
1339 1614 1499 1654 ὖποὸρύγιος
1514 1613 1620 1664 φέρεται
1633 1614 1695 1664 περὶ
1705 1614 1754 1650 τὴν
1769 1625 1821 1643 σω-

1050 1655 1180 1725 ἕτῗῗσῦἔέἶ
1186 1654 1395 1725 εῗέῗὶδγήτῖἶῧὲῖᾆ
1407 1648 1826 1733 ἇῖξεῗῗῗὶῖῗοολῖ“ἷῑῖ”τῗῗέἶῆ

1050 1708 1261 1771 τῆςρθαλάσσης,
1275 1734 1320 1764 καὶ
1333 1733 1455 1773 καταιγὶς
1467 1733 1639 1764 κατεπόντισέ
1653 1745 1695 1772 με.
1707 1732 1828 1772 Ὁμοίως

1052 1774 1079 1804 δὲ
1093 1775 1139 1804 καὶ
1150 1777 1168 1811 ἡ
1177 1774 1244 1811 ἀκοὴ
1258 1773 1302 1803 ἐὰν
1313 1775 1525 1803 ἄναπετασθεῖσα
1538 1772 1644 1809 δέξηται
1657 1773 1692 1802 τὰ
1702 1774 1751 1808 τῆς
1761 1773 1824 1802 καλ-

1050 1815 1176 1855 λιφωνίας
1190 1814 1334 1854 θέλγητρα,
1346 1814 1411 1853 πρὸς
1420 1814 1507 1842 ἐκεῖνα
1518 1812 1566 1848 τὴν
1578 1813 1694 1842 διάνοιαν
1705 1811 1822 1847 τείνασα,

1050 1854 1115 1891 δ’λην
1139 1854 1235 1890 ἑαυτὴν
1267 1857 1322 1887 τοῖς
1345 1856 1478 1893 πορνικοῖς
1512 1852 1614 1893 ᾅσμασι
1641 1851 1827 1882 συνελκύσασα,

1051 1894 1236 1934 καταστρέφει.
1252 1893 1288 1922 Ἡ
1301 1893 1328 1923 δὲ
1340 1895 1428 1932 γεῦσις
1442 1892 1575 1932 ἀδηφαγίᾳ
1591 1892 1637 1922 καὶ
1653 1891 1679 1921 οἵ
1732 1892 1824 1931 πολλῷ

1052 1935 1231 1974 ἑμφορηθεῐσα
1243 1933 1308 1973 πρὸς
1323 1932 1404 1970 μέθην
1418 1931 1463 1962 καὶ
1477 1931 1566 1966 κοίτας
1579 1931 1627 1968 τὴν
1641 1933 1698 1972 ψυχ
1715 1943 1729 1960 ν
1740 1942 1823 1961 κατα-

1053 1973 1160 2014 φθείρει.
1174 1973 1210 2003 Ἥ
1231 1972 1259 2002 δὲ
1279 1972 1406 2012 ὄσφρησις
1426 1975 1480 2004 τοῖς
1504 1971 1595 2012 περιέρ
1613 1983 1650 2005 οις
1676 1971 1827 2011 μυρίσμασι

1052 2016 1106 2043 τῶν
1127 2013 1192 2042 νέων
1215 2013 1370 2042 ἅποδεθεῖσα
1383 2033 1391 2046 ,
1414 2011 1459 2040 καὶ
1482 2010 1530 2047 τὴν
1544 1983 1631 2061 ψυὲλν
1654 2013 1712 2049 μεθ’
1728 2012 1823 2045 ἑαυτῆς

1053 2052 1242 2087 συναπέδησεν.
1263 2051 1357 2084 Οὕτως
1379 2046 1423 2079 οὖν
1444 2051 1481 2084 ὣς
1503 2053 1630 2090 παρθενος
1648 2062 1688 2083 τις
1707 2053 1725 2085 ἡ
1749 2049 1825 2090 ψυχὴ

1052 2092 1104 2122 ὑπὸ
1118 2093 1236 2132 ἀφρόνων
1250 2090 1439 2130 θεραπαινίδων
1458 2091 1511 2118 τῶν
1525 2089 1671 2125 αἰσθήσεων
1686 2089 1824 2118 ἁλίσκεται

1053 2144 1074 2160 π
1091 2131 1118 2164 ὸς
1139 2132 1186 2167 τὴν
1199 2133 1249 2169 ζτῆς
1270 2129 1412 2163 ἀκολασίας
1436 2128 1567 2169 ἁμαρτίαν
1588 2128 1773 2168 προδιδομένη.
1787 2128 1824 2158 ‘H

1053 2183 1070 2210 γ
1090 2184 1105 2211 ρ
1120 2170 1238 2211 ἁμαρτία
1251 2169 1339 2209 πάσας
1353 2169 1400 2202 τὰς
1418 2169 1551 2204 αἰσθήσεις
1573 2167 1732 2208 καρώσασα,
1747 2167 1823 2205 δίκην

1055 2210 1170 2240 κλέπτου
1181 2209 1312 2249 λαθραίως
1330 2210 1367 2242 εἷς
1378 2208 1409 2238 τὸ
1420 2212 1538 2247 ταμιεῖον
1553 2211 1601 2244 τ’ῆς
1613 2208 1723 2248 καρδίας
1733 2209 1825 2237 ἐπεισ-

1057 2250 1165 2301 έρχεται
1175 2261 1182 2268 ·
1197 2244 1254 2279 εἶτα
1276 2250 1428 2278 εἰσελθοῦσα
1443 2248 1507 2283 ὅλην
1521 2247 1604 2284 αὐτὴν
1617 2251 1711 2298 γυμνοῑ
1724 2249 1772 2284 τὴν
1787 2249 1826 2276 ἐν·

1055 2292 1139 2326 θηκην
1163 2292 1211 2325 τῆς
1231 2287 1400 2328 σωφροσύνης
1424 2286 1625 2322 ἄποσυλήσασα.
1660 2287 1826 2328 Ησφαλίζετο

1055 2333 1117 2369 γοῦν
1136 2332 1153 2365 ἡ
1173 2328 1291 2368 μακαρία
1316 2327 1404 2362 ἐκείνη
1419 2327 1449 2357 τὸ
1472 2327 1596 2367 βλέμμα,
1611 2326 1643 2356 τὸ
1664 2329 1775 2367 σχῆμα,
1796 2326 1828 2355 τὸ

1058 2372 1142 2408 βῆμα,
1156 2369 1204 2404 τὴν
1219 2367 1311 2404 ἀκοὴν,
1356 2379 1370 2396 ν
1382 2366 1483 2407 ὅρασιν,
1494 2365 1543 2403 τὴν
1554 2367 1692 2406 ὄσφρησιν,
1705 2365 1753 2402 τὴν
1765 2368 1826 2405 γεῦ-

1057 2421 1107 2445 σιν,
1122 2408 1170 2444 τὴν
1185 2408 1255 2448 ἁφήν
1266 2420 1272 2426 ·
1287 2407 1333 2436 καὶ
1352 2418 1384 2443 ην
1397 2408 1501 2446 ἀληθῶς
1513 2406 1583 2435 κατὰ
1602 2406 1651 2441 τὴν
1664 2405 1755 2446 σοφίαν
1777 2405 1825 2442 τὴν

1055 2448 1193 2488 λέγουσαν,
1212 2449 1304 2483 Κῆπος
1317 2446 1515 2485 κεκλεισμένος,
1527 2444 1601 2484 πηγὴ
1617 2445 1825 2485 ἐσφραγισμένη.

1055 2488 1162 2528 ‘'sto-nep
1176 2487 1226 2527 γὰρ
1241 2489 1325 2522 κῆπος
1336 2508 1344 2522 ,
1367 2485 1477 2525 μηδενὸς
1491 2485 1568 2514 αὐτὸν
1580 2486 1770 2524 συλαγωγῆσαι
1783 2486 1826 2514 δυ-

1056 2527 1178 2566 ναμένου,
1201 2526 1343 2566 ἐτύγχανεν
1363 2528 1380 2561 ἠ
1399 2523 1536 2564 μακαρία,
1550 2523 1706 2563 πηγάζουσα
1725 2523 1759 2554 τὰ
1780 2526 1827 2560 τῆς

1056 2566 1226 2606 σωφροσύνης
1239 2566 1385 2606 ἀρώματα,
1399 2564 1444 2594 καὶ
1455 2563 1546 2604 ὥσπερ
1560 2563 1634 2603 πηγὴ
1646 2559 1678 2600 ἧν
1692 2565 1725 2603 τῇ
1737 2563 1826 2592 πίστει

1057 2606 1252 2646 ἐσφραγισμένη
1262 2627 1270 2642 ,
1286 2605 1313 2639 ἐξ
1353 2617 1365 2638 ς
1378 2604 1461 2637 οὐδεὶς
1474 2605 1527 2633 τῶν
1539 2603 1659 2634 ἀτάκτων
1673 2603 1703 2632 τὸ
1716 2605 1763 2639 τῆς
1775 2615 1824 2632 σω-
