1890 2826
103 439 244 464 Prov.6.28.

103 480 141 504 27.
152 477 173 495 et
189 478 228 501 29.

253 130 322 165 522
576 137 607 161 s.
634 134 769 160 Josmms
794 134 976 159 cnuvsos'r.
1007 133 1159 158 Ancumr.
1187 117 1470 163 comsumnmopf

1051 196 1094 226 δὲν
1107 195 1133 216 ⁰⁶
1142 194 1248 235 πάσχῃς
1260 193 1436 233 ἀνθρώπινοη
1447 191 1495 229 Μὴ
1503 191 1554 233 γὰρ
1565 191 1636 226 λίθος
1646 192 1726 222 cozeb
1735 193 1827 232 σῶμα;

1053 241 1091 281 μὴ
1115 241 1166 281 γὰρ
1187 241 1306 280 σίδηρος;
1329 240 1370 269 Οὐ
1391 238 1444 279 γὰρ
1467 238 1669 278 παραιτήσομαι
1690 238 1770 267 πάλιν
1793 238 1827 267 τὰ

252 201 378 243 respicias
389 223 398 239 ,
412 206 439 230 et
447 199 532 230 audes
542 199 634 230 dicere
643 205 671 229 te
678 197 749 229 nihil
758 197 908 230 humanum
917 196 972 237 pati
980 196 995 225 Ξ)

251 249 325 278 Num
336 258 434 287 corpus
444 253 522 276 tuum
533 245 603 286 lapis
614 267 622 283 ‚
637 254 704 275 num
713 245 861 278 serrumdest
872 243 886 273 Ξ)
898 243 996 282 Neque

253 294 326 324 enim
332 293 424 324 eadem
430 299 547 333 repetere
558 290 846 332 gravabor.Numquid
854 297 884 320 tu
894 291 996 330 majore
1053 287 1121 317 αὐτὰ
1137 289 1229 316 εἰπεῖν.
1244 286 1292 322 Μὴ
1306 285 1358 325 γὰρ
1369 287 1423 314 τῶν
1437 284 1559 324 μεγάλων
1572 284 1618 314 καὶ
1637 284 1763 324 γενναίων
1777 286 1827 314 α’ν-

254 339 412 380 philosphia
426 339 573 368 instructus
586 349 626 375 es,
640 348 724 378 quam
732 338 822 377 magni
836 337 879 367 illi
892 347 923 366 ac
930 343 996 366 stre·
1007 355 1043 373 27¹⁵
1053 335 1121 375 δρῶν
1135 333 1257 368 ἐκείνων,
1279 332 1304 362 οἳ
1314 332 1367 381 oin}
1379 332 1458 372 ψιλῆς
1481 332 1507 357 ¹³7
1516 330 1600 371 ὄψεως
1612 330 1812 370 κατηνέχθησαν
1820 351 1829 365 ,

253 386 302 415 nui
322 385 394 422 viri,
409 385 457 424 qui
479 395 528 425 per
543 383 694 425 simplicem
716 390 854 424 aspectum
872 382 998 424 prostrati
1015 386 1035 406 Δ
1054 379 1261 421 φιλοσοφώτερος
1283 377 1315 408 σὺ
1343 381 1381 415 εἰ,
1402 379 1462 407 Οὐκ
1480 377 1596 413 ἤκουσας
1609 377 1635 406 τί
1654 388 1733 417 φησιν
1746 380 1760 406 ὁ
1773 378 1830 406 Σο-

255 439 317 462 sunt
327 432 341 461 Ρ
352 435 449 461 Annon
465 430 564 460 audisti
578 430 749 461 Salomonem
759 429 892 460 dicentem
904 442 911 458 :
923 428 998 458 Am·
1053 425 1142 465 λομών
1151 437 1159 445 ·
1179 425 1363 465 Περιπατήσει
1389 436 1429 457 τις
1453 425 1495 453 ἐπ’
1509 423 1644 463 ἀνθράκων
1658 419 1755 463 πὐρὸς,
1770 422 1829 456 τοὺς

257 478 372 508 bulabit
383 479 448 517 quis
460 487 546 516 super
554 478 695 507 carbones
705 477 792 516 ignis,
803 482 833 506 et
841 476 928 515 pedes
938 485 999 505 non

253 526 400 554 comburet
415 526 429 552 Ρ
442 525 559 564 Ligabit
578 524 644 563 quis
653 524 749 563 ignem
760 523 791 552 in
799 523 866 553 sinu
876 544 884 559 ,
905 529 934 552 et
949 532 1000 551 ve·
1016 562 1018 564 v

254 573 391 602 stimenta
409 580 470 600 non
482 570 640 600 incendet?
649 569 698 600 Sic
707 571 758 610 qui
767 570 948 609 ingredietur
961 569 1002 598 ad

255 618 404 648 mulierem
413 617 554 646 alienam.
575 616 635 647 Etsi
644 615 717 646 euim
726 626 789 646 cum
799 615 938 646 meretrice
948 626 1002 645 non

254 663 371 699 coivisti,
382 669 410 692 at
415 662 629 703 concupiscentia
639 673 702 692 cum
713 661 761 691 illa
771 662 914 701 copulatus
925 671 965 698 es,
977 669 1003 692 et

255 710 344 738 animo
352 715 491 750 peccatum
499 708 667 750 perpetrasti.
678 709 770 748 Neque
776 715 878 738 tantum
883 707 932 737 illo
940 714 1004 737 tem-

257 766 338 796 pore,
350 766 446 785 verum
457 757 538 786 etiam
550 755 639 786 soluto
659 755 762 785 theatro
772 777 781 793 ,
800 762 941 796 postquam
956 755 1003 784 illa

258 802 398 839 discessit,
413 803 472 843 ejus
484 802 572 842 imago
585 802 614 832 in
630 809 717 832 mente
727 809 774 832 tua
787 802 894 839 insidet,
906 802 1002 839 verba,

1055 471 1083 501 δὲ
1107 471 1189 504 πόδας
1203 473 1232 501 οὗ
1255 471 1433 507 κατακαύσεις
1449 469 1589 505 Ἀποδήσει
1601 481 1642 502 τις
1654 472 1708 509 π’ῡρ
1728 470 1754 498 ἐν
1771 469 1831 498 κόλ-

1055 529 1115 557 πῳ,
1132 518 1166 547 τὰ
1190 517 1219 546 δὲ
1239 517 1334 556 ἱμάτια
1355 518 1385 547 οὗ
1405 515 1586 552 κατακαύσει,
1606 515 1700 549 Οὕτως
1713 517 1727 544 ὁ
1741 514 1829 544 εἰσιὼν

1055 563 1081 582 ⁸⁸
1089 563 1127 595 εἰς
1149 566 1261 601 γυναῖκα
1289 561 1438 602 ἄλλαι-ρίαν.
1462 562 1497 590 Ei
1515 559 1567 600 γὰρ
1586 560 1631 590 καὶ
1655 559 1692 599 μὴ
1720 560 1830 589 Βθσυνε-

1056 607 1161 644 πλᾶκης
1177 610 1211 648 τῇ
1225 607 1327 648 πόρνῃ,
1352 607 1421 638 ἀλλὰ
1431 609 1465 647 τῇ
1480 607 1607 647 ἐπιθυμίᾳ
1618 606 1771 646 συνεγένου,
1785 605 1830 635 καὶ

1057 657 1091 695 τῇ
1117 654 1211 695 γνώμῃ
1230 653 1279 691 τὴν
1301 654 1434 694 ἁμαρτίαν
1464 653 1587 693 εἰργάσω.
1609 653 1663 683 Καὶ
1685 652 1744 682 οὐδὲ
1761 651 1831 681 κατὰ

1058 702 1103 732 τὸν
1121 701 1212 742 καιρὸν
1227 703 1325 731 ἐκεῖνον
1341 700 1434 740 μόνον,
1449 699 1518 730 ἀλλὰ
1537 699 1641 730 καὶτοῦ
1660 698 1769 739 Θεᾶτρου
1785 700 1831 728 λυ-

1058 747 1161 785 θέντος,
1182 747 1346 784 ἀπελθούσης
1360 748 1456 784 αὗι-ῆς,
1466 749 1493 773 9⁰
1500 746 1532 775 τὸ
1545 745 1652 776 εἴδωλον
1663 745 1765 781 ἐκείνης
1775 746 1833 774 ἐνα-

1057 796 1179 827 πόκειταί
1198 808 1245 826 σου
1263 799 1296 837 τῇ
1318 797 1408 837 ψυχῇ,
1432 795 1466 825 τὰ
1480 795 1604 836 ῥήματα,
1627 794 1662 823 τὰ
1685 793 1831 834 σχήματα,

257 848 367 878 habitus
376 870 385 886 ,
406 855 543 889 aspectus,
558 848 692 885 incessus,
714 848 860 889 elegantia,
882 848 1002 880 membra
1021 854 1039 878 Β
1056 853 1081 875 9¹
1091 847 1126 877 τὰ
1140 847 1296 888 βλέμματα,
1310 849 1328 883 ἡ
1342 847 1444 887 βάδισις
1453 869 1462 884 ,
1477 849 1491 876 ὁ
1504 845 1652 887 &praep-bc,
1666 847 1683 881 ἡ
1697 843 1831 884 9³82th-

293 939 315 957 ⁸⁶
332 940 437 976 πάσχῃς]
448 940 537 966 Malim
546 960 553 972 ,
566 945 666 975 πάσχεις.
684 940 737 965 Nec
754 940 821 965 enim
833 948 896 972 opus
907 945 946 965 est
960 948 1022 964 con-

256 981 381 1014 junctivo.
394 979 481 1014 [Coisl.
495 981 611 1014 πάσχης.]
623 979 739 1014 Aliquid
747 978 852 1004 humani
861 980 925 1013 pati,
937 977 963 1004 id
972 986 1019 1010 est,

260 1020 361 1045 incitari
372 1019 407 1044 ad
418 1018 558 1044 libidinem.

295 1058 316 1081 ⁸7
333 1062 403 1092 ὄψεως
412 1057 597 1093 κατηνέχθησαν]
605 1058 660 1083 solo
666 1056 778 1083 muueris
788 1057 908 1090 adspectu
914 1056 946 1081 de
953 1061 1023 1081 statu

260 1104 320 1123 sunt
330 1097 435 1132 dejecti,
448 1097 503 1122 solo
514 1097 636 1131 adspectu
645 1098 716 1130 capti
725 1101 794 1123 sunt.
808 1095 942 1130 Chrysost.
956 1101 975 1120 ι.
989 1096 1022 1128 Χ,

261 1146 288 1170 p.
299 1138 357 1168 256,
370 1137 391 1161 E
401 1145 407 1160 :
420 1141 473 1169 γυνὴ
486 1139 552 1166 δεινὸς
562 1139 742 1168 καταγοητεῦσαι
757 1139 836 1170 ῥήτωρ
848 1137 899 1164 τοὺς
906 1139 941 1167 μὴ
951 1145 1022 1170 προσ-

262 1182 355 1210 έχοντας
368 1177 495 1206 (ἑαυτοῖς).
513 1178 594 1203 πολλοὶ
612 1179 663 1208 γοῦν
673 1189 707 1194 -
715 1179 761 1202 ἀπὸ
780 1180 886 1207 γυναικῶν
898 1177 1024 1208 συμδουλῆς

262 1219 431 1249 κατηνέχθησαν
448 1220 527 1247 μάνης.
547 1213 646 1239 Eodem
663 1223 737 1239 sensu
753 1213 831 1239 habet
843 1217 1024 1247 συγκατηνέχθη-

263 1268 312 1288 σαν,
330 1264 382 1280 una
399 1255 556 1287 ceciderunt,
570 1261 589 1279 ι.
604 1255 635 1286 V,
648 1263 673 1287 p.
686 1255 745 1286 320,
757 1255 794 1286 D3
808 1253 871 1278 ihid.
884 1263 909 1286 p.
923 1254 981 1286 322,
992 1254 1020 1284 B,

263 1301 337 1323 πεσεῖν
348 1300 374 1320 et
384 1298 544 1328 κατενεχθῆναι
558 1294 651 1327 jungit.
669 1293 799 1319 Heliodor.
813 1302 839 1326 p.
855 1295 870 1318 7
874 1294 883 1317 4
902 1302 908 1317 :
922 1297 968 1321 ἔστι
979 1296 1023 1326 μὲν

264 1338 422 1370 αὖστηροτέρα
435 1338 474 1360 καὶ
490 1338 649 1367 κατενεχθῆναι
662 1333 718 1368 πρὸς
729 1337 805 1368 ἔρωτα
817 1335 938 1367 δύσμαχος.
953 1332 1021 1357 Ibid.

264 1383 291 1407 p.
305 1374 347 1405 95,
359 1379 385 1398 et
399 1381 426 1405 p.
441 1373 498 1403 443,
511 1378 549 1397 est
559 1372 687 1406 pmcidere
699 1373 725 1396 in
737 1378 834 1398 terram.
856 1373 916 1396 Mox
933 1375 1023 1407 φιλοσο-

265 1419 364 1448 φώτερος
381 1411 479 1444 explico
495 1411 590 1445 fortior.
601 1410 674 1444 Apud
686 1411 897 1445 Chrysostomum
909 1412 976 1436 enim
989 1423 1025 1445 φι-

264 1455 357 1486 λοσοφία
366 1456 419 1475 tam
430 1451 559 1480 vir-tutem,
570 1459 646 1483 quam
657 1456 745 1485 parles
754 1451 856 1475 vinulis
865 1456 946 1476 notat.
958 1451 1024 1475 Nam

264 1489 340 1523 paulo
356 1494 415 1514 ante
434 1492 531 1522 μεγάλοι
542 1495 568 1515 et
584 1496 677 1522 γενναῖοι
686 1495 745 1514 sunt
755 1491 808 1514 vin·
822 1498 915 1523 magno
925 1495 949 1514 et
961 1489 1026 1520 [ὸνιί

264 1530 350 1554 anim0
363 1528 474 1563 proediti.
494 1528 591 1553 Eodem
609 1528 687 1554 modo
706 1527 739 1554 de
755 1528 908 1561 Abrahamo,
926 1530 1022 1561 lenaeo,

264 1567 371 1598 Jacobo,
384 1567 480 1593 Davide
490 1574 516 1593 et
532 1567 675 1598 Salomone,
689 1574 757 1593 tom.
768 1569 801 1600 X,
813 1577 837 1601 p.
853 1569 910 1600 266,
923 1570 943 1593 B
957 1578 963 1593 :
977 1571 1028 1598 τοὺς

264 1611 378 1642 μεγάλους
394 1611 486 1637 ἐκείνους
504 1612 542 1634 καὶ
558 1610 707 1641 θαυμαστοὺς.
725 1607 777 1634 Sed
795 1607 853 1633 huic
871 1607 929 1633 loeo
947 1609 1027 1642 magis

265 1647 430 1673 conveniebat
443 1653 550 1680 γενναῖος·

298 1687 319 1703 ⁸⁸
338 1692 368 1716 εἰς
384 1686 495 1720 γυναῖκα]
515 1685 680 1720 Septuaginta
695 1695 702 1711 :
721 1691 777 1722 πρὸς
792 1693 886 1720 γυναῖκα
906 1689 1026 1723 ὕπανδρον,

265 1726 335 1760 quod
351 1725 440 1751 eodem
463 1725 538 1751 redit.
559 1727 625 1751 Nam
644 1728 755 1761 ὕπανδρος
776 1731 815 1751 est
832 1735 872 1756 ea,
894 1735 953 1761 quae
965 1727 1027 1760 legl—

265 1767 324 1792 n'mo
335 1765 454 1800 conjugio
459 1765 555 1800 juncta
564 1771 601 1790 est
608 1766 664 1791 alii.
673 1767 741 1799 Ergo
750 1769 872 1801 ἀλλοτρία.
883 1771 920 1796 Εῑς
931 1772 1026 1798 autem,

265 1805 323 1831 loco
334 1811 399 1840 πρὸς,
418 1803 495 1830 habet
505 1806 582 1830 Isaeus
594 1813 618 1837 p.
632 1806 675 1829 12¹
692 1814 698 1828 z
711 1808 840 1832 εἰσελθόντα
852 1810 882 1835 εἰς
893 1808 951 1839 ὑμᾶς
961 1809 971 1837 (
978 1808 1028 1836 τοὺς

266 1847 398 1874 δικαστάς).
410 1843 549 1869 Cinnamus
560 1852 586 1876 p.
600 1844 615 1868 8
633 1852 639 1867 ³
658 1847 760 1878 πρέσθεις
772 1848 802 1873 εἰς
813 1848 910 1878 βασιλέα
925 1849 1025 1879 πέμψας.

266 1883 419 1917 Euthymius
429 1881 572 1916 Zigabenus
583 1883 608 1907 in
621 1882 768 1907 Marthae-:m
781 1893 806 1916 p.
817 1885 849 1908 25
859 1893 864 1908 :
876 1888 964 1914 εἰσῆλθε
973 1886 1029 1918 ιτρὸς

267 1926 346 1953 αὐτὴν,
359 1926 389 1951 ὡς
400 1927 431 1952 εἰς
441 1928 533 1958 πόρνην.
546 1922 679 1956 Chrysost.
690 1928 710 1947 t.
722 1924 759 1954 11,
769 1932 794 1956 p.
807 1924 865 1953 682,
876 1924 904 1954 Β,
916 1925 952 1948 ita
961 1923 1028 1948 hunc

266 1961 352 1987 locum
372 1961 459 1987 laudat
473 1971 478 1985 ἰ
494 1964 564 1991 οὕτως
575 1965 587 1988 ὸ
600 1966 753 1996 εἰσερχόμενος
773 1967 803 1992 εὶς
821 1968 862 1993 τὴν
880 1969 973 1996 γυναῖκα
989 1967 1029 1989 τοῦ

267 2004 360 2030 πλησίον
372 2003 450 2027 αὐτοῦ.
470 1999 566 2026 Eadem
578 2000 674 2033 vulgari
686 2000 775 2026 ordine
791 2003 882 2027 recitat
893 2008 956 2027 tom.
969 2003 1013 2027 111
1021 2021 1029 2034 ‚

267 2048 294 2072 p.
308 2040 365 2071 566,
375 2039 406 2070 E,
419 2037 463 2063 ubi
473 2045 511 2064 est
522 2048 528 2063 t
542 2042 554 2065 ὸ
569 2044 718 2074 πορευόμενος
729 2045 785 2074 πρὸς
802 2048 895 2074 γυναῖκα
909 2044 1028 2077 ὕπανδρον,

268 2082 306 2105 καὶ
317 2086 361 2109 πᾶς
370 2081 382 2104 ὸ
393 2082 519 2111 ἁπτόμενος
530 2081 606 2110 αὐτῆς,
617 2081 655 2105 οὐκ
667 2083 834 2109 ἀθωωθήσεται.
845 2081 879 2107 Τ.
886 2082 919 2112 X,
931 2090 956 2114 p.
971 2082 1027 2112 ⁴68,

267 2118 302 2150 D,
313 2116 389 2142 habet
401 2127 406 2141 :
421 2122 450 2147 εἰς
461 2120 544 2144 εἴδωλα
560 2122 669 2152 εἰσῄεσαν,
689 2117 746 2143 loco
758 2123 813 2155 πρὸς
832 2122 914 2147 εἴδωλα
924 2141 931 2153 ,
944 2126 988 2145 aut
1000 2125 1030 2150 εις

269 2160 379 2184 ιιὶδωλεῖα.

303 2196 324 2217 ⁸⁹
343 2196 494 2228 συνεπλάκης]
506 2195 640 2229 amplexus
659 2204 694 2222 es.
716 2195 848 2222 Heliodor.
868 2207 894 2230 p.
917 2199 964 2224 ⁴23
979 2209 984 2223 :
1001 2203 1030 2229 ὡς

269 2239 389 2269 εὐγνώμονι
409 2238 511 2269 ἐρωμένῃ
532 2238 694 2268 συμπέπλεξαι.
714 2234 765 2261 Sed
786 2236 828 2261 hic
842 2243 940 2262 tantum
956 2245 1030 2264 notat

265 2277 383 2305 junctum
395 2283 448 2299 esse
458 2274 596 2299 honestiori
607 2283 688 2300 sensu.

301 2320 323 2336 ⁹⁰
341 2319 366 2342 τὸ
375 2315 482 2347 εἴδωλον]
496 2315 640 2348 imaginem.
654 2316 695 2339 lta
707 2313 739 2339 de
752 2322 778 2339 re
794 2314 881 2341 eadem
894 2316 1027 2351 Chrysost.

269 2360 289 2379 1..
307 2355 344 2385 11,
364 2363 389 2387 p.
403 2354 461 2385 687,
474 2354 494 2378 Δ
509 2362 515 2376 :
530 2359 574 2379 τῶν
595 2356 690 2380 εἰδώλων
711 2356 762 2383 τοὺς
773 2356 855 2384 τύπους
873 2359 1030 2389 ἐναποθέμενσι

268 2401 318 2424 ταῖς
329 2398 422 2428 ψυχαῖς,
435 2395 505 2422 οὕτως
515 2397 663 2428 ἀπέρχονται.
673 2392 790 2425 Xenoph.
803 2393 923 2427 Sympos.
937 2396 964 2427 4,
979 2397 1006 2420 2·
1021 2405 1027 2419 :

268 2436 326 2461 οὕτω
338 2439 412 2467 σαφῶς
425 2436 471 2466 ἔχω
482 2434 574 2459 εἴδωλον
584 2435 653 2458 αὐτοῦ
669 2436 692 2458 ἐν
703 2438 733 2467 τῇ
743 2437 811 2467 ψυχῇ,
825 2436 867 2465 ὡς,
881 2438 899 2459 εἰ
910 2436 1031 2464 πλαστικὸς

268 2478 283 2504 ἣ
297 2476 435 2509 ςωγραφικός
450 2474 485 2503 ἦν,
498 2474 560 2498 οὐδὶν
571 2475 599 2498 ἀν
609 2473 678 2501 ἧττον
690 2475 714 2498 ἐκ
726 2475 766 2498 τοῦ
778 2474 879 2504 εἰδώλου,
893 2476 907 2502 ἢ
919 2477 975 2508 πρὸς
987 2477 1029 2499 αὐ-

268 2518 307 2539 τὸν
317 2516 383 2548 ὁρῶν,
396 2516 473 2545 ὅμοιον
484 2514 546 2545 αὐτῷ
557 2515 739 2547 ἀπειργασάμην.
760 2512 806 2537 Est
820 2520 880 2546 ergo
893 2511 983 2545 firma
994 2515 1031 2537 rei

268 2553 335 2576 visoe
344 2571 351 2583 ,
364 2553 449 2576 animo
461 2552 589 2584 impressa.

1104 944 1124 961 ⁹¹
1143 943 1174 966 τὰ
1183 940 1333 973 βλίμματα]
1345 938 1440 964 vultus.
1451 937 1583 973 Chrysost.
1598 943 1616 963 t.
1629 938 1690 968 VII,
1703 945 1729 970 p.
1744 937 1784 967 60,
1798 937 1833 967 Β,

1068 978 1151 1012 jungit
1161 980 1277 1012 βάδισμα,
1288 981 1400 1012 βλέμμα,
1415 985 1501 1011 σχῆμα.
1514 977 1612 1003 Similes
1628 976 1662 1002 ad
1676 977 1833 1009 voluptatem

1072 1017 1201 1042 illecebras
1218 1024 1344 1043 memorat
1361 1024 1379 1042 t.
1398 1017 1452 1048 111,
1466 1027 1495 1050 p.
1511 1017 1568 1044 565.
1581 1017 1618 1050 Ε,
1635 1016 1740 1050 loquens
1752 1016 1784 1041 de
1796 1025 1834 1041 re-

1071 1057 1129 1091 gine
1137 1056 1257 1090 AEgypti,
1269 1065 1324 1090 quae
1339 1055 1456 1089 Joeepho
1466 1055 1559 1081 struxit
1573 1055 1686 1082 insidias.
1701 1055 1832 1081 Heliodor.

1071 1105 1129 1130 pag.
1141 1097 1188 1121 222
1201 1109 1207 1122 :
1219 1100 1270 1130 ἐμοὶ
1281 1098 1305 1122 δὲ
1327 1099 1364 1123 καὶ
1374 1103 1420 1122 τῶν
1431 1099 1553 1131 ὀφθαλμῶν
1565 1100 1591 1123 τὸ
1603 1099 1703 1130 βλέμμα
1723 1101 1836 1131 προΐστα-

1072 1148 1120 1166 ται,
1134 1140 1171 1162 κιὶ
1180 1139 1218 1162 τὸν
1225 1139 1277 1162 ὅλον
1290 1141 1329 1166 τῆς
1341 1138 1411 1169 ὄψεως
1420 1141 1561 1171 χαρακτῆρα
1570 1155 1577 1167 ,
1590 1139 1628 1162 καὶ
1639 1140 1665 1162 τὸ
1677 1138 1785 1171 ὑπερφυὲς
1794 1141 1835 1165 τῆς

1072 1179 1280 1211 ὥρας-γνωρίζω.

1106 1219 1127 1235 ⁹¹
1144 1215 1389 1250 puopmssdinoenst'o.
1406 1212 1493 1248 ῥυθμός
1510 1220 1549 1239 est
1564 1213 1691 1239 latissimae
1709 1213 1835 1248 significa-

1071 1252 1148 1279 tionis
1168 1263 1173 1277 :
1195 1259 1271 1278 notat
1284 1254 1351 1278 enim
1371 1262 1444 1278 omne
1461 1253 1495 1285 id,
1515 1253 1584 1287 quod
1606 1259 1672 1278 certo
1690 1254 1832 1285 intervallo,

1072 1298 1141 1318 certa
1158 1301 1273 1317 mensura
1283 1292 1333 1327 fit.
1346 1292 1468 1318 Videntur
1484 1294 1573 1318 Cicero
1585 1294 1611 1318 in
1628 1294 1700 1318 Orat.
1718 1302 1775 1327 cap.
1789 1295 1833 1325 20,

1073 1332 1095 1366 §.
1108 1333 1149 1357 67.
1160 1332 1217 1356 Hoc
1228 1330 1286 1356 loco
1301 1331 1408 1356 dubium
1419 1338 1457 1357 est
1467 1351 1474 1363 ‚
1488 1338 1574 1357 utrum
1590 1332 1622 1358 de
1641 1333 1791 1365 saltatione,
1801 1343 1834 1358 an

1072 1371 1104 1396 de
1116 1376 1192 1396 cantu
1210 1370 1320 1400 dicatur.
1340 1372 1523 1404 Interpretatio
1535 1373 1709 1404 proximorum
1727 1372 1836 1398 vocabu-

1072 1409 1164 1441 lorum,
1179 1413 1285 1446 διάκρισις
1296 1416 1321 1435 et
1332 1414 1402 1444 μέλη,
1411 1410 1460 1436 hoc
1470 1410 1511 1436 hic
1522 1409 1626 1436 definire
1637 1411 1738 1437 debent.
1753 1411 1835 1447 Chry-

1072 1456 1134 1475 sost.
1148 1456 1167 1475 t.
1181 1450 1227 1480 vl,
1240 1459 1266 1483 p.
1281 1451 1337 1482 ⁴07,
1351 1450 1383 1476 de
1395 1452 1493 1476 incessu
1510 1450 1588 1476 habet
1599 1460 1606 1475 ε
1619 1455 1698 1478 ἔπεσθε
1707 1455 1836 1479 κατεσταλ-

1072 1494 1134 1523 μένῳ
1149 1493 1229 1525 ῥυθμῷ
1244 1492 1376 1521 βαδίζοντες
1395 1495 1457 1524 μετὰ
1467 1493 1558 1524 ἡσυχίας
1575 1493 1669 1520 πολλῆς.
1682 1489 1833 1524 Xenophon.

1075 1529 1195 1563 SympOS.
1213 1530 1238 1562 2,
1251 1531 1293 1559 22,
1309 1528 1341 1554 de
1353 1530 1448 1554 musica
1460 1527 1566 1554 adhibet
1579 1539 1585 1553 :
1600 1532 1705 1560 κελεύσας
1715 1535 1756 1561 τὴν
1766 1534 1836 1561 αὐλη-

1075 1571 1143 1603 τρὶδα
1151 1572 1250 1595 θάττονα
1260 1572 1347 1604 ῥυθμὸν
1358 1573 1457 1602 ἐπάγειν,
1464 1568 1544 1603 jussit
1554 1569 1684 1593 tibicinam
1695 1569 1836 1595 celeriorem

1076 1607 1177 1631 modum
1196 1607 1329 1638 inducere,
1343 1608 1447 1632 celerius
1469 1617 1567 1632 canere.
1591 1607 1662 1633 Philo
1678 1617 1705 1641 p.
1728 1610 1785 1641 629,
1799 1611 1817 1634 Α
1827 1629 1835 1640 ,

1073 1646 1172 1680 jungit:
1185 1650 1280 1680 μέλεσι,
1299 1650 1393 1682 ῥυθμοῖς
1404 1653 1430 1673 et
1441 1652 1543 1684 μέτροις.
1561 1647 1685 1682 Loquitur
1701 1655 1786 1674 nutem
1804 1649 1836 1675 de

1076 1686 1166 1719 poetis.

1109 1727 1131 1746 ⁹³
1149 1726 1272 1761 διάκρισις]
1284 1726 1315 1750 In
1327 1725 1414 1750 eadem
1425 1726 1502 1751 Hom.
1517 1727 1532 1752 3
1544 1726 1569 1751 in
1579 1726 1702 1752 Davidem
1714 1725 1747 1752 de
1758 1736 1836 1753 mere-

1076 1762 1182 1790 tricibus
1194 1765 1333 1791 admodum
1348 1765 1438 1791 similia
1452 1766 1571 1799 loquitur.
1587 1768 1646 1801 Pag.
1659 1769 1721 1800 769,
1734 1767 1780 1794 lin.
1793 1777 1837 1801 pe-

1076 1804 1140 1829 nult.
1157 1804 1248 1838 legitur
1260 1817 1265 1831 :
1277 1808 1351 1835 πολλὴ
1367 1809 1381 1835 ἠ
1398 1808 1509 1838 διάχυσις,
1527 1806 1607 1830 multa
1627 1806 1769 1839 dissolutio,
1786 1809 1838 1833 sive

1077 1843 1192 1877 ⁶⁰'fi‘5f0
1201 1853 1212 1876 ‚·
1225 1852 1279 1876 quae
1290 1843 1366 1869 lectio
1384 1844 1473 1869 melior
1487 1843 1598 1877 videtur,
1615 1854 1690 1878 quam
1702 1849 1776 1876 πολλὴ
1788 1849 1838 1874 διά-

1077 1894 1161 1918 κρισις,
1174 1892 1228 1916 quae
1237 1883 1304 1908 forte
1313 1883 1432 1909 mendose
1443 1892 1490 1916 pro
1503 1886 1601 1918 διάχυσις
1616 1884 1723 1917 irrepsit.
1736 1886 1839 1911 Monte-

1073 1922 1212 1954 salconius.
1226 1921 1276 1947 Sed
1293 1923 1338 1947 iste
1353 1921 1423 1947 locus
1440 1929 1478 1947 est
1489 1921 1624 1949 dissimilis.
1638 1923 1699 1948 Mihi
1719 1931 1837 1957 praeterea

1077 1969 1130 1986 non
1141 1960 1273 1994 probabile
1284 1961 1393 1992 videtur,
1407 1961 1512 1987 verbum
1523 1961 1649 1988 difficilius
1660 1963 1766 1989 faciliori
1778 1964 1839 1990 suh-

1078 2002 1195 2026 stitutum
1207 2009 1259 2026 esse
1275 2010 1289 2026 a
1301 2001 1393 2028 scriba.
1410 2003 1475 2027 Nam
1488 2005 1585 2036 διάχυσις
1596 2009 1656 2028 nota
1669 2009 1715 2028 est.
1728 2009 1839 2040 Διάκρισις

1079 2045 1162 2064 autem
1171 2061 1179 2072 ‚
1189 2039 1250 2073 quid
1266 2041 1299 2065 sit
1310 2040 1359 2066 hoc
1371 2040 1437 2073 loco,
1450 2040 1579 2067 difficilius
1588 2048 1627 2067 est
1638 2042 1759 2068 invenire.
1777 2045 1839 2070 Fre-

1078 2085 1182 2112 quenter
1195 2082 1295 2113 σύγχυσις
1307 2086 1332 2104 et
1343 2082 1450 2116 διάκρισις
1466 2087 1639 2114 opponuntur.
1657 2081 1729 2108 Philo
1737 2090 1762 2115 p.
1778 2085 1835 2115 167,

1077 2119 1098 2144 C
1110 2131 1114 2145 z
1129 2123 1153 2145 ἐκ
1163 2122 1287 2153 συγχύσεως
1302 2124 1332 2149 εἰς
1344 2123 1450 2156 διάκρισιν
1460 2125 1529 2154 ἄγειν.
1543 2121 1595 2146 Sed
1607 2120 1633 2146 id
1648 2131 1699 2147 non
1711 2128 1749 2147 est
1766 2122 1839 2156 hujus

1077 2157 1135 2183 loci.
1152 2159 1256 2192 Dionys.
1269 2158 1399 2184 Halicarn.
1412 2165 1431 2184 t.
1443 2160 1484 2192 11,
1498 2169 1523 2193 p.
1537 2161 1579 2192 65,
1589 2160 1621 2185 de
1631 2159 1759 2194 moribus,
1776 2171 1839 2196 quos

1078 2199 1192 2229 cognitos
1209 2198 1302 2223 hahere
1320 2197 1396 2223 debet.
1408 2205 1503 2230 orator,
1524 2209 1664 2233 exponens,
1683 2199 1764 2234 dicit,
1775 2200 1840 2227 disci

1078 2245 1121 2262 eos
1132 2245 1205 2270 posse
1213 2246 1243 2262 ex
1255 2237 1335 2264 libris.
1344 2238 1427 2264 Veluti
1438 2248 1468 2264 ex
1480 2240 1592 2265 Homero
1602 2248 1684 2265 mores
1693 2240 1837 2273 Alexandri,

1078 2276 1201 2308 Pandam
1215 2278 1341 2310 Nestoris,
1356 2279 1482 2304 Hectoris.
1495 2279 1562 2304 Tum
1579 2279 1655 2304 addit
1671 2290 1677 2304 ι
1696 2284 1734 2306 καὶ
1750 2285 1778 2307 ἀν
1798 2293 1839 2307 κα-

1079 2320 1179 2344 ταλιπὼν
1194 2322 1225 2344 τὰ
1242 2322 1344 2351 ὸνὸματα
1360 2318 1522 2350 (Alexandri,
1537 2318 1645 2344 Pandari
1656 2338 1663 2351 ,
1676 2322 1750 2353 etta),
1762 2324 1839 2351 ἐξετά-

1079 2368 1118 2392 σῃς
1133 2365 1178 2383 τῶν
1189 2361 1248 2387 ἠθῶν
1259 2362 1299 2386 τὰς
1313 2360 1441 2393 διακρίσεις,
1459 2359 1567 2387 (morum
1578 2358 1750 2392 discrimina),
1764 2363 1839 2396 ὥσπερ

1079 2399 1102 2421 ἐν
1114 2400 1210 2431 θεάτρῳ,
1225 2403 1257 2431 τῷ
1269 2400 1322 2430 βίῳ,
1333 2399 1370 2423 διὰ
1381 2404 1426 2423 τῶν
1437 2400 1530 2432 βιδλίων
1541 2399 1690 2430 (poetarum
1699 2418 1705 2429 ‚
1719 2399 1839 2424 aliorum-

1079 2439 1143 2467 que)
1155 2438 1263 2471 πορεύσῃ.
1274 2435 1325 2461 Sed
1336 2445 1382 2461 nec
1391 2435 1441 2461 hoc
1450 2436 1523 2470 hujus
1533 2435 1583 2462 loci
1595 2436 1702 2463 videtur.
1716 2444 1839 2475 Διακρίνειν

1078 2472 1213 2499 adhibetur
1232 2475 1308 2500 etiam
1328 2474 1360 2500 de
1378 2476 1486 2500 musicis.
1501 2476 1599 2502 Arrian.
1613 2476 1639 2501 iu
1650 2477 1734 2510 Epict.
1751 2477 1796 2505 lib.
1811 2480 1836 2510 3,

1078 2521 1135 2546 pag.
1149 2514 1198 2539 878
1212 2524 1217 2538 z
1231 2517 1306 2549 ὧσπερ
1318 2521 1378 2545 κοινή
1394 2527 1428 2545 τις
1438 2519 1495 2545 ἀκοὴ
1507 2517 1589 2548 λέγοιτ’
1602 2520 1638 2549 ἂν,
1654 2521 1666 2547 ἡ
1683 2523 1751 2550 μόνον
1763 2525 1839 2553 φωνῶν

1079 2555 1202 2587 ὂιακριτική
1214 2562 1219 2567 “
1233 2557 1247 2583 ἡ
1260 2556 1283 2580 δὲ
1295 2561 1339 2581 τῶν
1351 2558 1460 2588 φθόγγων,
1477 2556 1549 2582 οὐκέτι
1567 2560 1628 2587 κοινὴ
1637 2576 1643 2588 ,
1661 2560 1723 2583 ἀλλὰ
1739 2563 1838 2590 τεχνική·
