1904 2840
0 643 68 674 ieipit.

0 797 71 822 1150.
79 804 102 827 7.

0 1893 41 1923 111.
52 1901 104 1916 cum

0 1925 94 1948 acrei.

2 1973 13 1984 ·
38 1980 104 1997 unle-

0 2012 44 2028 ’ss-

1 2035 24 2060 b-
35 2034 59 2059 8.
77 2045 101 2068 9.

9 2437 99 2464 3⁶:211.

634 206 668 229 IN
694 203 899 228 MA'l'riiAEuM.
927 204 1046 229 noluit„
1075 205 1099 228 1.

1579 192 1648 242 755

108 283 134 307 et
147 277 208 317 igne
218 273 320 305 fervido
334 273 363 302 in
375 270 536 308 visceribus,
551 269 708 300 succedente
720 269 843 306 humore,
863 269 884 293 Δ
902 269 1016 298 centiam
1034 269 1194 298 maritalem.
1208 268 1238 299 si
1251 279 1315 309 ergo
1333 278 1385 298 una
1399 275 1438 299 est
1451 266 1538 299 libido
1550 269 1578 299 in
1590 280 1647 299 ma-

107 316 189 345 hoino
200 312 385 354 corruptibilis
395 317 559 347 nasceretur,
572 316 603 338 ut
614 319 649 339 ne
658 308 693 338 de
701 309 774 338 bono
787 317 845 336 ma-

107 355 166 384 lum
183 359 318 389 nascatur,
339 357 386 380 aui
400 361 436 380 ex
450 349 667 391 impassibilitate
684 347 821 387 corruptio
836 358 844 375 ε

107 393 155 424 sed
161 400 192 422 ut
198 393 233 422 de
242 392 314 422 malo
323 390 426 421 malum
433 389 571 430 procedat,
583 395 610 418 et
616 398 651 418 ex
663 387 785 428 passione
791 396 846 416 cor-

107 434 200 473 ruptio
211 437 360 472 generetur.
373 429 438 460 ldeo
447 439 510 469 ergo
522 429 571 458 ista
577 427 730 468 conjunctio
738 426 847 456 marita-

107 472 142 502 lis
156 482 218 502 cum
229 478 297 501 esset
307 476 446 511 peccatum
455 491 463 506 ,
481 475 611 507 quantum
628 466 664 496 ad
675 474 796 496 naturam
810 465 849 494 rei

108 512 117 541 i
151 512 205 548 ius,
219 510 386 540 concessione
398 509 448 538 Dei
459 508 528 537 facta
541 514 580 536 est
590 506 704 536 licentia.
716 505 846 542 Licentia,

129 552 180 586 ico,
193 551 261 580 faeta
271 557 322 586 est,
334 558 387 578 non
406 548 520 588 justitia.
535 548 605 577 Nam
619 546 668 576 etsi
680 552 788 586 propter
801 554 848 574 ne-

109 590 256 620 cessitatem
266 588 306 619 rei
319 595 456 634 peccatum
473 597 529 616 esse
542 586 633 623 desiit,
647 592 735 615 tamen
745 584 849 625 justitia

109 641 167 660 esse
179 640 232 659 non
247 635 357 659 meruit.
368 628 382 641 *
395 627 460 657 Ideo
479 626 616 656 utentibus
628 636 667 662 se,
681 625 731 654 etsi
745 634 850 665 poenam

111 679 164 699 non
175 669 265 706 insert,
273 667 422 698 mercedem
429 674 517 698 tamen
529 676 581 696 non
590 671 696 706 praestat
706 677 714 693 ε
727 671 753 694 et
763 664 786 693 si
796 673 850 701 non

111 708 220 746 occidit,
236 715 323 738 tamen
344 717 397 736 non
416 707 510 736 salvat.
524 705 605 736 Unde
617 711 644 734 et
654 704 784 744 propbeta
797 713 850 732 non

112 748 147 777 ad
161 747 356 787 indulgentiam
365 746 418 776 Dei
427 746 582 785 respiciens,
591 743 639 774 sed
648 743 683 773 ad
693 742 851 784 spurcitiam

113 788 197 828 ipsius
208 787 308 827 operis,
317 785 438 816 dicebat:
456 786 535 815 Ecce
548 788 626 814 enim
639 785 672 813 in
682 784 851 823 iniquitati-

114 829 165 857 bus
179 833 332 866 conceptus
346 835 426 862 sum,
441 832 468 854 et
482 825 651 870 inpeccatis
664 825 795 863 concepit
806 833 852 851 me

112 873 206 896 mater
215 876 298 895 mea.-
307 864 336 894 id
345 871 395 902 est,
403 863 478 902 Quid
487 874 587 894 mirum
600 863 622 892 si
634 863 754 903 peceavi,
761 861 852 907 qui-de
868 867 888 891 B

111 912 219 946 peccato
237 915 298 935 suin
310 904 407 934 natus?
417 905 537 944 Sequuta
558 909 597 932 est
609 903 682 932 enim
702 908 852 942 generatio-

110 956 172 975 nem
191 955 268 974 suani
280 951 375 973 natura
477 943 509 972 ti.
522 944 592 972 Nam
613 942 636 972 si
651 941 852 972 matrimonium

111 985 201 1025 ipsum
227 984 336 1013 lacitum
347 990 414 1013 mset
420 984 489 1019 Deo,
497 993 644 1021 numquam
657 981 853 1011 abstinentibus

110 1024 205 1054 seabi
228 1034 245 1052 o
264 1023 379 1062 gloriosa
399 1022 599 1063 promitteretur
615 1031 724 1057 corona,
745 1031 794 1050 nec
813 1020 852 1048 sic

109 1070 263 1093 amarentur
275 1074 291 1091 a
304 1064 373 1098 Deo,
387 1062 437 1101 qui
451 1061 547 1091 odiunt
557 1061 707 1090 illud.Non
720 1061 792 1089 enim
805 1060 852 1089 ille

110 1109 294 1132 remuneratur
300 1101 349 1140 qui
359 1102 462 1130 bonum
474 1101 553 1140 sugit,
563 1100 609 1130 sed
622 1100 669 1139 qui
677 1100 790 1129 malum.
799 1099 853 1130 Vis

110 1149 199 1172 autem
217 1142 286 1171 scire
303 1141 438 1180 quomodo
457 1140 561 1169 licitum
578 1146 618 1169 est
630 1139 852 1168 matrimonium?

110 1181 244 1220 quomodo
258 1179 404 1218 aliquando
419 1179 497 1209 licuit
511 1186 536 1208 et
552 1189 655 1209 sorores
664 1179 764 1208 habere
783 1188 853 1207 uxo-

112 1231 153 1250 res
161 1221 176 1250 ?
184 1219 319 1259 quomodo
327 1219 479 1248 habuerunt
487 1220 552 1249 Ca‘i'n
560 1226 586 1248 et
597 1219 683 1248 Abel?
693 1219 756 1247 Haec
767 1217 853 1247 nomi-

112 1270 145 1288 na
154 1261 274 1289 filiarum
288 1258 384 1293 Adam,
397 1259 502 1297 quasin
516 1258 593 1287 initio
606 1258 703 1287 habuit
714 1263 774 1298 post
784 1258 852 1287 Ca'i'n

111 1305 138 1328 et
156 1299 235 1336 Abel,
254 1298 334 1328 nisan
347 1305 373 1327 et
385 1297 524 1335 Edoclam,
543 1304 570 1327 et
585 1307 639 1326 non
653 1304 829 1338 peccaverunt
842 1308 849 1325 ε

111 1338 175 1377 quia
185 1345 322 1378 peccatum
333 1337 404 1366 illud
413 1337 508 1367 raritas
522 1337 662 1366 hominum
674 1343 700 1366 et
712 1336 852 1366 necessitas

111 1378 265 1408 excusabat.
290 1379 383 1407 Postea
402 1383 534 1406 crescente
555 1386 668 1406 numero
692 1375 850 1413 bominum,

111 1417 203 1457 ipsum
227 1417 330 1446 malum
354 1426 491 1447 reversum
509 1422 549 1445 est
571 1415 599 1445 in
618 1423 742 1445 naturam
765 1425 851 1451 suain,

902 308 975 344 ritis,
986 309 1048 337 etin
1063 308 1192 338 adulteris
1209 321 1216 337 ε
1231 308 1366 347 quomodo
1378 315 1463 349 potest
1469 309 1538 344 fieri,
1552 316 1582 339 ut
1594 319 1648 339 una

903 346 1048 386 cademque
1060 359 1102 378 res
1136 358 1166 377 ro
1183 348 1297 377 dimidia
1311 348 1420 387 quidem
1434 355 1509 388 parte
1521 349 1555 377 sit
1563 349 1648 388 justi-

904 386 951 423 tia,
967 398 1018 427 pro
1040 359 1153 417 dimidia
1177 394 1266 417 autem
1285 388 1320 416 sit
1342 388 1498 428 peccatum?
1511 389 1566 417 Aut
1576 389 1649 418 enim

904 433 958 456 tota
969 434 1008 456 est
1022 435 1169 467 peccatum,
1191 434 1236 456 aut
1255 434 1308 456 tota
1325 427 1430 465 justitia
1446 440 1453 456 :
1467 427 1530 465 quia
1544 438 1595 456 una
1609 435 1649 457 est

904 477 958 495 res.
974 468 1077 496 Verum
1089 474 1127 496 cst
1137 474 1236 503 autem,
1249 467 1313 505 quia
1325 467 1520 507 libidojiistitia
1533 477 1585 496 non
1596 474 1647 505 est,

903 516 967 545 ergo
986 512 1040 536 tota
1057 512 1194 546 peccatum
1215 512 1262 535 est.
1281 505 1334 536 Sed
1354 506 1454 545 peccati
1475 506 1550 535 illius
1570 517 1649 552 poena

905 556 959 575 non
974 546 1134 586 imputatur,
1147 545 1236 575 donec
1247 545 1296 574 iste
1306 545 1416 574 odibilis
1426 553 1451 574 et
1462 546 1649 585 corruptibilis

905 591 1020 614 transeat
1036 585 1167 615 mundus.
1186 584 1250 614 Ideo
1271 595 1334 623 ergo
1357 585 1490 614 Dominus
1505 593 1649 631 conceptus

905 631 944 653 est
963 626 1120 664 priusquam
1142 624 1335 661 convenirent,
1354 631 1384 653 ut
1403 634 1455 653 non
1477 635 1510 653 ex
1527 636 1649 664 passmne

905 665 993 693 carnis
1006 671 1032 694 et
1043 665 1181 704 sanguinis
1194 670 1345 693 nasceretur
1359 676 1367 692 :
1383 664 1430 702 qui
1445 663 1504 693 ideo
1518 665 1602 702 venit,
1619 672 1650 695 ut

906 703 994 733 carnis
1006 711 1033 734 et
1045 704 1184 744 sanguinis
1197 704 1311 734 solveret
1324 704 1484 743 passionem,
1495 710 1521 732 et
1534 711 1650 734 mutaret

906 744 934 772 in
951 743 1087 789 spiritum.
1107 744 1160 774 Cui
1179 744 1287 774 inventa
1307 743 1388 773 estin
1403 750 1478 772 utero
1499 742 1603 773 liabens
1615 743 1650 773 de

906 783 1010 823 Spiritu
1033 784 1143 813 sancto?
1156 783 1220 814 Sine
1233 783 1317 813 dubio
1331 793 1347 811 a
1362 793 1459 823 sponso
1472 793 1521 811 suo
1535 783 1648 823 Joseph,

906 823 954 861 qui
976 824 1063 853 zeloso
1085 834 1174 853 amore
1193 833 1298 862 semper
1319 833 1347 851 se
1368 822 1526 851 admonente
1536 845 1544 858 ,
1565 823 1650 852 vitam

907 862 1138 903 circumspiciebat
1155 861 1260 892 Mariae.
1273 863 1343 892 Nam
1361 862 1431 891 sicut
1444 861 1563 891 Historia
1574 873 1650 901 quat·-

906 901 969 932 dam
990 913 1043 932 non
1063 902 1228 932 incredibilis
1249 912 1336 941 neque
1350 901 1544 931 irrationabilis
1562 901 1648 937 docet,

906 942 1014 980 quaudo
1040 948 1113 981 gesta
1137 948 1200 971 suut
1225 952 1285 980 quae
1313 941 1393 971 refert
1416 942 1519 978 Lucas,
1548 942 1649 982 Josepli

906 981 1000 1011 absens
1013 989 1080 1011 erat.
1094 983 1151 1011 Nec
1161 981 1234 1010 enim
1253 981 1413 1011 couveniens
1424 986 1464 1009 est
1476 987 1568 1020 putare
1578 991 1650 1020 prae·

906 1028 978 1050 sente
989 1021 1090 1061 Joseph
1103 1020 1227 1050 introisse
1239 1020 1365 1060 angelum
1376 1020 1411 1049 ad
1421 1019 1553 1057 Mariam,
1567 1027 1593 1050 et
1608 1021 1650 1050 di-

906 1060 977 1090 xisse
987 1071 1047 1100 quae
1059 1060 1142 1098 dixit,
1154 1067 1181 1089 et
1194 1059 1314 1090 Mariam
1333 1058 1502 1099 respondisse
1512 1070 1652 1098 quaecum-

905 1111 958 1138 que
971 1100 1119 1140 respondit.
1134 1100 1164 1130 Si
1175 1099 1362 1135 concedamus,
1385 1098 1512 1138 angelum
1532 1100 1652 1140 potuisse

905 1139 1006 1169 intrare
1019 1139 1056 1169 ad
1067 1150 1136 1177 eam,
1153 1146 1180 1169 et
1192 1139 1278 1178 loqui,
1291 1139 1370 1184 plane
1383 1138 1522 1168 confestim
1535 1139 1651 1169 Mariam

905 1179 992 1209 abisse
1002 1180 1030 1209 in
1044 1186 1168 1208 montana
1175 1189 1238 1208 cum
1245 1178 1424 1215 festinatione,
1434 1185 1461 1207 et
1470 1178 1593 1209 introisse
1602 1179 1652 1208 do-

905 1229 981 1248 mum
997 1219 1173 1256 Zachariae,et
1186 1219 1314 1248 salutasse
1324 1218 1474 1255 Elizabetli,
1485 1224 1511 1247 et
1524 1219 1653 1249 mansisse
1660 1231 1714 1251 xxv

905 1268 967 1287 cum
978 1269 1008 1287 ea
1027 1258 1164 1288 mensibus
1181 1258 1280 1295 trihus,
1294 1258 1422 1298 possibile
1443 1268 1497 1287 non
1512 1258 1565 1288 fuit
1582 1269 1652 1304 prae-

905 1305 978 1327 sente
990 1298 1092 1338 Joseph
1108 1310 1114 1326 :
1130 1298 1195 1337 quia
1213 1308 1318 1327 necesse
1334 1304 1400 1335 erat,
1413 1304 1444 1327 ut
1461 1298 1651 1328 absentationis

905 1337 964 1377 ejus
974 1343 1000 1366 et
1010 1337 1154 1367 mansionis
1167 1337 1279 1367 diutinae
1292 1337 1439 1376 requireret
1452 1348 1555 1367 causas.
1571 1340 1651 1368 Post-

905 1387 987 1415 quam
1004 1384 1093 1408 autem
1106 1377 1186 1406 rediit
1204 1387 1314 1417 peregre
1323 1383 1384 1416 post
1395 1383 1434 1406 tot
1444 1388 1559 1414 menses,
1574 1384 1600 1407 et
1610 1378 1651 1407 in-

905 1417 979 1446 venit
991 1427 1049 1446 eam
1060 1415 1202 1456 gravidam
1215 1417 1363 1453 manifeste,
1376 1416 1486 1446 forsitan
1497 1417 1521 1447 ei
1535 1418 1650 1447 commi-

114 1463 141 1486 et
151 1456 232 1497 coepit
244 1467 301 1486 esse
337 1462 467 1485 occatum.
483 1455 621 1485 Remausit
637 1461 726 1485 autem
744 1456 773 1484 in
787 1465 849 1494 usu,
867 1463 887 1488 c
904 1463 982 1486 natus
1000 1457 1139 1501 est,.quasi
1150 1466 1282 1501 sponsus,
1296 1463 1321 1485 et
1334 1455 1368 1485 de
1375 1455 1479 1495 judicio
1490 1457 1542 1486 Dei
1555 1457 1651 1487 terruit

111 1503 141 1526 ut
162 1496 209 1525 uni
230 1496 290 1527 viro
325 1495 393 1525 iceat
412 1495 511 1525 babere
534 1495 627 1534 plures
651 1504 760 1524 uxores.
785 1495 850 1523 Am-

110 1535 230 1575 plificato
243 1541 334 1575 postea
347 1534 461 1571 mundo,
476 1534 558 1563 etiam
571 1534 623 1563 hoc
636 1534 738 1563 malum
751 1533 851 1572 recepit

110 1581 233 1604 naturam
245 1584 331 1609 suam,
343 1580 369 1602 et
382 1574 461 1613 coepit
475 1583 531 1602 esse
549 1579 697 1612 peccatum.
712 1572 851 1602 Remansit

110 1621 201 1643 autem
218 1613 247 1642 in
265 1623 333 1649 usu,
355 1619 386 1641 ut
407 1622 478 1641 unus
498 1622 579 1640 uuam
597 1612 706 1641 liaberet
727 1621 849 1640 uxorem.

110 1654 191 1682 Nunc
201 1658 290 1681 autem
302 1658 444 1691 postquam
457 1650 531 1680 venit
551 1650 691 1718 plenitudo
708 1650 848 1690 temporis,

110 1698 137 1721 et
145 1691 233 1720 senuit
245 1690 374 1726 mundus,
386 1690 485 1719 seimus
498 1700 550 1728 qua
563 1697 624 1719 eest
634 1689 778 1719 consilium
784 1689 847 1725 Dei,

110 1737 137 1760 et
149 1730 217 1776 quid
225 1730 296 1765 vult,
307 1736 334 1759 et
346 1728 415 1769 quid
425 1735 465 1759 est
477 1728 606 1769 placitum
617 1739 707 1759 coram
719 1729 779 1758 illo.
795 1728 850 1759 Sed

110 1780 170 1799 ausi
180 1779 234 1799 non
253 1779 348 1798 sumus
364 1768 453 1798 dicere
472 1774 582 1809 propter
596 1767 717 1798 homines
734 1767 848 1797 inconti-

111 1816 213 1846 nentes,
226 1809 254 1838 in
267 1819 382 1848 quorum
403 1818 514 1848 corpore
533 1807 622 1837 anima
638 1808 709 1837 niliil
724 1808 791 1847 agit,
802 1806 850 1837 sed

113 1849 142 1878 in
154 1855 210 1878 toto
222 1848 284 1877 illos
298 1847 415 1888 possidet
427 1847 535 1887 sanguis
548 1854 575 1877 et
588 1846 789 1877 sordidissimus
803 1847 851 1876 ille

114 1898 207 1929 vapor,
219 1887 254 1917 de
267 1887 316 1916 illo
338 1887 431 1916 insano
449 1887 458 1915 i
495 1897 510 1916 e
533 1886 687 1927 procedens.
700 1887 849 1926 Denique-1·

114 1927 309 1957 commendavit
325 1926 436 1972 angelus
472 1926 541 1955 obiise
554 1926 585 1956 in
599 1926 702 1967 nuptiis
713 1927 783 1966 ejus,
798 1927 849 1956 ut*

114 1977 177 1996 cum
188 1967 292 1996 veniret
309 1965 344 1995 ad
357 1966 434 1995 illam
453 1965 673 1995 consuetudinem
691 1966 848 2004 humanam,

112 2013 234 2046 surgeret
245 2006 321 2046 prius
332 2012 359 2035 et
370 2011 474 2041 oraret,
488 2012 513 2034 et
526 2005 565 2034 sic
578 2005 678 2035 diceret
690 2017 698 2034 .-
711 2006 849 2043 Domine,

113 2053 145 2075 ιιι
158 2047 225 2082 scis,
234 2047 305 2085 quia
314 2055 374 2074 non
384 2050 500 2085 propter
508 2045 659 2074 libidinem
673 2046 771 2083 accepi
780 2055 851 2075 uxo—

111 2095 182 2122 rem,
204 2085 256 2114 sed
271 2091 391 2124 propter
405 2085 509 2114 liberos
523 2085 717 2124 procreandos
731 2096 739 2112 :
754 2084 816 2123 quia
827 2085 851 2114 si

111 2124 190 2153 aliter
201 2130 310 2160 orasset,
323 2124 409 2153 oratio
422 2124 480 2163 ejus
495 2124 552 2153 Deo
565 2134 618 2153 non
638 2124 723 2153 suerat
755 2124 850 2153 lacitu-

111 2173 152 2192 ra.
163 2163 249 2193 Vides
261 2172 324 2202 ergo
335 2163 399 2202 quia
409 2162 594 2202 turpissimum
605 2173 672 2203 opus
682 2163 731 2192 illu
763 2163 851 2193 carnis

111 2201 230 2231 filiorum
244 2212 322 2230 causa
333 2209 453 2231 exeusat-
473 2203 552 2232 Nunc
571 2209 659 2231 autem
672 2202 851 2242 multiplicato

110 2241 220 2276 saeculo,
232 2240 408 2270 creandorum
429 2240 569 2270 hominum
582 2242 684 2271 occasio
697 2249 736 2271 est
747 2242 849 2271 exstin-

111 2287 165 2309 cta.
185 2281 247 2310 Jam
269 2280 358 2309 Deum
378 2289 431 2308 non
453 2280 599 2309 multitudo
624 2280 764 2310 hominum
776 2303 783 2316 ‚
803 2281 851 2310 sed

111 2319 207 2349 caritas
227 2325 379 2348 sanctorum
398 2317 520 2347 delectat.
543 2319 613 2348 Ecce
634 2329 686 2348 una
699 2326 740 2349 est
751 2319 848 2357 libido,

110 2368 170 2397 quae
176 2358 376 2388 fornicationem
383 2363 500 2396 generat,
512 2364 538 2387 et
546 2368 605 2396 quae
614 2359 764 2388 maritalem
772 2369 850 2388 usum

111 2397 252 2427 ministrat.
264 2397 317 2427 Sed
331 2397 400 2426 sicut
412 2396 505 2436 posuit
518 2397 585 2426 mari
606 2397 733 2427 terminos
746 2398 849 2435 littora,

110 2436 200 2466 dicens
213 2448 220 2466 :
238 2437 335 2481 Usque
348 2437 405 2465 huc
423 2437 535 2471 venieS,
556 2442 584 2464 et
603 2438 650 2466 hic
664 2443 691 2465 tc
704 2438 850 2466 constrin-

110 2485 158 2515 ges
173 2488 180 2503 .-
196 2476 235 2505 sie
247 2475 354 2505 libidini
376 2475 475 2504 carnali
497 2475 640 2504 terminum
653 2476 744 2515 posuit
754 2477 848 2517 couju-

109 2515 196 2554 gium,
210 2521 241 2544 ut
254 2525 339 2553 usque
351 2514 417 2544 illuc
430 2514 550 2552 veniens,
564 2514 622 2544 illic
635 2525 662 2544 sc
674 2516 790 2545 constrin
808 2523 845 2546 at.

110 2554 187 2583 Sicut
198 2562 262 2594 ergo
274 2564 359 2591 mare,
374 2553 397 2582 si
411 2554 499 2583 littora
513 2564 562 2583 sua
574 2564 775 2594 supergressum
798 2566 846 2586 ue—

111 2593 155 2629 rit,
171 2599 259 2632 peceat
275 2605 282 2621 ι
299 2593 334 2622 ita
343 2599 368 2622 et
378 2592 468 2630 homo,
484 2593 506 2622 si
524 2599 701 2632 transgressus
719 2594 798 2625 fuerit
809 2595 847 2625 li-

905 1499 974 1532 eam,
989 1506 1066 1534 quasi
1080 1507 1124 1525 Vir
1137 1503 1287 1525 timoratus.
1303 1495 1354 1524 Illa
1368 1501 1457 1524 autem
1471 1506 1533 1525 cum
1546 1496 1650 1526 videret

904 1545 933 1563 se
948 1535 1101 1564 innocenter
1117 1535 1145 1563 in
1163 1535 1342 1574 suspicionem
1362 1534 1483 1564 criminis
1500 1535 1647 1572 decidisse,

903 1583 952 1602 nec
965 1583 1043 1614 posse
1052 1583 1080 1602 se
1090 1574 1148 1613 jam
1158 1583 1297 1608 excusare,
1309 1573 1460 1602 testimonio
1474 1574 1575 1603 ventris
1585 1584 1649 1604 con·

904 1612 1014 1649 victam,
1027 1623 1090 1642 cum
1109 1613 1236 1651 lacrymis
1249 1619 1274 1641 et
1287 1611 1403 1652 suspirio
1418 1612 1536 1642 clamans
1545 1613 1650 1652 juravit

903 1650 996 1681 dicens
1009 1664 1015 1680 :
1030 1651 1112 1682 Vivit
1122 1651 1266 1688 Dominus,
1278 1651 1367 1680 nescio
1382 1651 1453 1681 unde
1465 1652 1500 1681 sit
1513 1653 1574 1682 hoc.
1586 1654 1649 1690 Quo

904 1690 1008 1728 audito,
1021 1690 1112 1720 timuit
1124 1690 1204 1720 valde
1214 1690 1315 1731 Josepb
1326 1697 1352 1720 et
1365 1701 1399 1720 ex
1409 1698 1483 1731 paite
1496 1691 1611 1722 credidit
1620 1693 1648 1722 iii

904 1740 934 1759 ea
941 1730 1045 1769 aliquid
1052 1740 1108 1759 esse
1120 1729 1254 1760 divinum.
1263 1732 1319 1760 Nec
1326 1730 1397 1759 enim
1404 1731 1546 1769 timuisset,
1552 1732 1604 1761 nisi
1614 1743 1650 1763 ex

904 1777 979 1809 parte
989 1769 1157 1808 aliquatenus
1168 1769 1334 1799 credidisset.
1348 1769 1391 1799 Ad
1402 1770 1459 1800 haec
1467 1777 1556 1801 autem
1568 1771 1651 1802 fidem

904 1809 1048 1839 verborum
1062 1810 1121 1849 ejus
1129 1809 1334 1839 commendabat
1341 1811 1508 1840 conversatio
1521 1812 1580 1851 ejus
1593 1822 1650 1841 saii-

906 1855 955 1878 cta.
965 1849 1088 1878 Forsitan
1098 1855 1266 1886 autem,eum
1277 1849 1536 1890 essetjustus,coepit
1545 1851 1598 1880 sihi
1607 1861 1650 1881 co-

908 1888 991 1926 gitare
999 1887 1034 1917 de
1043 1888 1092 1917 illa
1101 1900 1107 1916 :
1116 1888 1296 1918 Comessatrix
1305 1895 1351 1918 aut
1359 1889 1494 1918 vinolenta
1502 1900 1650 1929 numquam

908 1927 961 1956 fuit
970 1927 1109 1966 :quoniam
1122 1927 1209 1957 omnis
1229 1928 1328 1958 mulier
1347 1938 1406 1967 quae
1422 1928 1558 1959 vinolenta
1571 1936 1611 1959 est
1623 1936 1649 1960 et

909 1966 1091 2003 comessatrix,
1100 1966 1180 1996 etiam
1188 1967 1315 1996 meretrix
1323 1974 1371 1997 est.
1379 1969 1448 1997 Nam
1459 1969 1517 1999 sive
1526 1969 1553 1998 in
1566 1969 1648 2007 cibis,

907 2006 965 2036 sive
979 2007 1007 2035 in
1021 2005 1180 2035 libidinibus
1191 2005 1331 2036 delectatio
1345 2008 1431 2037 carnis
1444 2015 1566 2047 est‚·quae
1578 2019 1648 2049 prae-

905 2046 998 2085 cipitat
1008 2045 1154 2075 hominem.
1163 2046 1264 2075 Mulier
1273 2057 1391 2085 quoque,
1401 2058 1459 2087 quae
1470 2048 1649 2078 suavitatibus

926 2085 975 2114 ulae
989 2095 1042 2114 suae
1066 2095 1118 2114 non
1133 2085 1300 2122 contradicit,
1312 2087 1399 2116 multo
1417 2087 1503 2127 magis
1515 2098 1599 2127 neque
1610 2088 1648 2117 li-

906 2096 993 2153 {idini
1005 2135 1059 2154 suae
1070 2123 1191 2154 resistere
1202 2125 1358 2163 acquiescit,
1370 2127 1440 2156 sicut
1450 2127 1531 2157 etiam
1542 2134 1647 2167 aposto-

906 2163 950 2193 lus
960 2163 1027 2193 dicit
1039 2176 1046 2192 ι
1065 2164 1211 2202 Quoniam
1222 2165 1328 2201 vidua,
1340 2176 1405 2204 quoe
1422 2168 1453 2195 in
1465 2167 1579 2196 deliciis
1591 2173 1644 2203 est,
1658 2166 1797 2191 [Τίν’-ὦῶ-

905 2205 1010 2232 vivens
1023 2209 1138 2233 mortua
1157 2209 1210 2233 est.
1225 2204 1286 2233 Non
1309 2204 1389 2241 levis,
1404 2215 1456 2235 non
1477 2206 1578 2245 jocosa,
1593 2216 1645 2235 non

905 2243 1047 2279 cantatrix,
1062 2252 1115 2271 non
1135 2243 1258 2284 turpium
1279 2244 1423 2275 verborum
1436 2245 1562 2282 amatrix,
1576 2245 1646 2274 sicut

905 2281 990 2311 solent
1007 2282 1167 2322 plerumque
1201 2282 1294 2320 uellae,
1309 2294 1369 2322 quae
1388 2284 1502 2313 libenter
1514 2284 1577 2313 talia
1599 2290 1646 2312 aut

905 2320 1063 2359 loquuntur,
1078 2328 1124 2351 aut
1136 2293 1261 2352 audiunt.
1274 2323 1304 2353 Si
1317 2322 1425 2361 quidem
1437 2322 1649 2362 impudentiores

904 2367 977 2396 sunt,
992 2360 1104 2390 libenter
1115 2361 1263 2400 loquuntur
1276 2373 1282 2389 :
1294 2362 1315 2390 si
1328 2368 1416 2390 autem
1429 2361 1646 2396 verecundiores,

904 2399 952 2429 etsi
967 2399 1041 2438 loqui
1053 2400 1116 2430 talia
1138 2401 1308 2437 erubescunt,
1324 2407 1408 2429 tamen
1420 2399 1585 2428 delectantur
1596 2410 1647 2428 au-

903 2438 972 2469 dire.
986 2441 1046 2469 Non
1057 2450 1138 2480 super
1148 2441 1240 2470 virum
1250 2440 1341 2468 oculos
1352 2449 1412 2468 suos
1425 2439 1531 2475 extulit,
1543 2448 1590 2468 nec
1601 2439 1644 2467 in-

903 2478 964 2508 fixit
980 2485 1127 2519 aspectum.
1141 2480 1204 2508 Haec
1213 2478 1284 2507 enim
1302 2485 1363 2507 sunt
1376 2477 1531 2506 documenta
1545 2477 1642 2506 mulie·

902 2518 941 2547 ris
964 2518 1126 2554 meretricis,
1141 2518 1210 2547 sicut
1234 2517 1271 2545 ait
1295 2517 1419 2546 Salomon
1444 2528 1449 2544 :

904 2558 1032 2587 mulieris
1059 2559 1090 2586 in
1115 2557 1289 2587 extollentia
1314 2555 1462 2584 oculorum
1482 2557 1554 2600 ejus.
1580 2557 1643 2585 Haec
1655 2556 1691 2573 ¹¹²·

902 2604 928 2626 et
951 2597 1003 2626 alia
1026 2596 1126 2626 similia
1149 2602 1272 2630 tractans,
1285 2594 1353 2623 nihil
1378 2594 1472 2623 horum
1493 2595 1644 2626 “iveniebat

1473 2518 1643 2546 Fornicatio
1652 2520 1724 2543 Eccli.
1737 2520 1778 2543 26·r
