1904 2840
602 73 635 96 IN
663 72 866 96 MATTRAEUM.
895 72 1013 95 nomn..
1043 73 1100 96 XL.

1542 75 1608 111 911

76 133 420 170 habeuntortnrassserro
431 132 630 179 dolant,postea
638 144 703 163 vero
714 140 818 173 ponunt
835 135 856 159 Δ
872 143 983 162 causas:
1003 139 1050 162 aut
1069 139 1180 173 propter
1197 133 1304 173 pondus
1325 142 1415 173 suum,
1439 141 1487 166 aut
1506 143 1618 177 propter

75 185 120 204 eos
129 174 158 204 in
167 173 291 209 aedificio,
300 173 459 212 alioquinon
470 172 555 202 dolati
565 172 668 213 lapides
681 173 818 213 lapidibus

76 224 130 243 nou
139 214 288 248 cohaerent:
299 213 337 242 sic
349 220 375 243 et
388 213 514 243 Ecclesiae
523 212 644 243 doctores
654 213 719 243 vitia
735 213 819 242 homi-

76 264 153 289 num,
161 253 237 292 quasi
246 253 341 289 nodos,
353 253 438 282 acutis
454 253 681 293 increpationibus
699 249 703 259 “
721 253 820 282 timum

78 293 269 323 circumcidere
279 293 416 329 debent,et
423 293 462 322 sic
469 293 497 322 in
509 293 635 323 Ecclesiae
645 264 820 322 aedificatione

78 333 229 363 collocare:
245 333 366 372 alioquin
384 333 458 363 vitiis
478 333 656 369 manentibus,
673 332 820 363 Christiani

41 378 69 400 de
79 372 238 403 Christianis
253 372 415 402 concordare
433 383 486 402 non
504 379 626 413 possunt.
643 372 724 403 Unde
741 379 821 417 putas

18 409 70 448 „¹³²”
79 413 140 442 lites
147 413 175 442 in
186 412 316 449 Ecclesia,
323 412 490 449 inimicitias,
498 412 682 442 altercationes
692 412 818 447 invicem,

9 445 71 493 Μίζμ
80 452 130 482 nisi
141 459 251 492 propter
261 452 412 488 avaritiam,
421 459 531 492 propter
543 452 685 486 invidiam,
700 458 747 481 aut
759 461 822 491 pro-

79 499 139 532 pter
144 492 308 532 superbiam,
314 499 424 532 propter
431 503 513 522 vanos
519 492 634 521 honores
641 492 655 521 Ρ
667 491 745 521 Tolle
753 491 820 529 haec,

79 539 105 561 et
115 532 190 560 nulla
200 531 335 561 discordia
347 532 498 562 invenietur
509 532 537 561 in
548 532 718 562 Christianis.
727 531 762 560 Et
769 530 822 560 sic-

79 578 110 601 ut
121 571 219 601 artifex
231 582 265 601 ex
275 571 402 601 omnibus
414 571 551 612 lapidibus
564 571 640 611 eligit
648 571 783 603 meliores,
796 577 823 600 et

78 611 154 651 ponit
161 621 176 640 a
183 611 248 640 soris
259 612 286 640 in
298 611 364 640 facie
371 610 492 648 aedificii,
500 618 608 640 caeteros
619 617 708 640 autem
719 609 822 679 lapides

78 651 287 690 qualescumque
305 651 386 680 mittit
403 651 495 680 intus:
512 651 551 680 sic
562 650 681 680 Ecclesia
699 661 742 679 me
754 650 822 680 iores

78 690 246 720 Christianos
258 690 334 729 eligit
345 697 372 719 et
381 691 458 730 ponit
471 691 500 719 in
512 690 580 720 facie
592 689 718 725 ecclesiae,
734 689 763 718 id
774 697 822 725 est,

79 730 148 759 alios
161 730 224 760 facit
245 730 408 765 sacerdotes,
424 730 492 759 alios
508 729 646 764 diaconos,
661 736 822 769 caeterosque

80 770 217 799 ministms
228 770 365 806 Ecclesiae,
378 769 454 810 ponit
467 780 542 799 senes
555 776 582 798 et
594 769 691 798 viduas
705 777 821 799 sanctam

79 809 164 839 vitam
186 809 313 839 habenta
335 809 364 838 in
381 809 503 839 Ecclesia
524 816 719 848 permanentes,
745 809 820 849 ponit

79 849 242 878 continentes
261 849 375 888 juvenes
393 855 419 878 et
439 849 576 888 virgines:
589 849 675 878 caeteri
694 856 784 878 autem
797 849 820 878 si

78 887 226 918 medioeres
245 889 355 925 fuerint,
379 888 524 929 proficiunt
541 888 570 917 in
588 888 677 917 medio
689 888 818 925 ecclesiae,

78 927 108 957 id
121 934 172 963 est,
185 927 303 965 aedificii,
319 935 430 968 propter
441 927 652 957 misericordiam
667 929 727 957 Dei.
744 928 820 958 Sicut

78 977 141 1006 ergo
152 968 237 996 sorani
249 967 354 1007 lapides
366 968 474 997 nullum
486 967 584 996 debent
597 967 695 996 habere
705 967 819 1005 nodum,

26 1037 31 1044 ,
77 1014 125 1037 aut
142 1007 285 1046 angulum,
306 1017 354 1037 nec
374 1007 472 1036 debent
491 1017 547 1036 esse
560 1007 629 1036 alter
646 1007 715 1047 lapis
736 1007 818 1044 intus,

77 1047 145 1076 alter
163 1047 236 1082 foris,
259 1047 323 1086 quia
341 1047 364 1076 si
381 1046 420 1076 sic
437 1047 548 1083 suerint,
568 1053 654 1075 totum
674 1046 819 1077 aediticium

27 1119 30 1122 ⁴
77 1086 238 1126 deturpant:
252 1087 292 1116 sie
308 1093 334 1116 et
348 1087 439 1116 elerici
453 1097 527 1115 senes
541 1093 566 1115 et
581 1086 671 1116 viduae
682 1087 819 1116 continen-

77 1132 128 1162 tes,
152 1133 178 1155 et
193 1126 313 1166 virgines
326 1127 431 1156 nullam
444 1125 542 1155 debent
559 1126 658 1155 habere
672 1127 817 1164 maculam,

77 1175 164 1204 neque
179 1166 207 1196 in
225 1166 319 1202 verbo,
336 1176 423 1205 neque
435 1165 464 1194 in
478 1165 606 1205 cogitatu,
627 1176 713 1205 neque
731 1168 759 1196 in
778 1166 818 1195 fa-

76 1212 130 1241 cto,
143 1215 228 1244 neque
238 1206 266 1235 in
277 1206 414 1245 opinione,
426 1205 489 1250 quia
506 1205 558 1245 ipsi
568 1212 630 1234 sunt
641 1206 818 1245 pulchritudo

76 1245 202 1274 Ecclesiae
212 1251 240 1274 et
252 1245 340 1274 virtus
353 1257 360 1273 τ
373 1251 399 1274 et
417 1255 440 1273 si
453 1244 518 1273 mali
539 1244 649 1278 fuerint,
670 1251 753 1274 totam
771 1244 818 1274 de-

75 1290 186 1324 turpant
198 1284 356 1314 Ecclesiam.
370 1284 448 1314 Sicut
467 1283 539 1312 enim
557 1283 673 1328 lapides,
692 1284 741 1323 qui
755 1292 819 1314 sunt

76 1323 148 1353 intus
160 1324 189 1353 iu
202 1323 388 1360 aedificatione,
405 1333 484 1353 nemo
503 1323 610 1362 aspicit,
634 1323 682 1353 sed
703 1334 748 1353 eos
768 1324 816 1363 qui

74 1363 141 1393 soris
152 1370 215 1393 sunt
224 1363 393 1393 considerant
405 1373 513 1392 omnes:
530 1363 569 1392 sic
582 1363 752 1392 saecularium
767 1363 816 1393 ho-

75 1403 180 1432 minum
197 1403 263 1433 vitia
282 1413 368 1442 neque
385 1402 424 1432 sie
438 1402 651 1438 considerantur,
673 1413 759 1441 neque
778 1404 817 1432 sic

74 1449 170 1472 nocent
184 1443 320 1472 Ecclesiae.
332 1443 402 1472 Nam
412 1442 536 1481 quamvis
550 1443 668 1487 populus
681 1443 817 1472 saecularis

74 1482 110 1510 sit
129 1489 156 1511 et
174 1479 400 1522 indisciplinatus,
414 1488 502 1511 tamen
517 1481 539 1511 si
554 1484 599 1511 isti
619 1482 684 1511 boni
705 1483 815 1518 suerint,

75 1527 129 1550 tota
144 1522 265 1552 Ecclesia
278 1522 397 1562 speciosa
412 1520 533 1551 videtur.
547 1523 616 1551 Nam
640 1522 709 1551 sicut
730 1522 816 1551 sorani

75 1560 179 1601 lapides
193 1561 326 1591 inti-aneos
341 1561 408 1591 intra
419 1571 448 1590 se
460 1567 559 1596 tenent,
570 1568 596 1590 et
608 1561 795 1601 constringunt
807 1573 814 1590 e

74 1600 112 1629 sic
124 1607 196 1631 totus
210 1601 328 1641 populus
340 1601 452 1630 istorum
466 1600 569 1629 meritis
579 1607 605 1630 et
618 1601 756 1630 sanctitate
767 1601 817 1630 sal-

74 1646 164 1670 vatur.
179 1641 261 1681 Lapis
271 1648 362 1670 autem
371 1640 473 1670 dicitur
487 1639 613 1670 Christus
628 1647 737 1680 propter
747 1640 815 1670 duas

73 1689 176 1709 causas.
191 1681 323 1717 Primum,
335 1679 398 1719 quia
409 1680 466 1709 suis
474 1679 676 1709 fundamentum
685 1686 725 1708 est
734 1680 812 1716 forte,

28 1723 64 1747 ιιὶε
73 1725 99 1748 et
114 1729 200 1758 neque
211 1721 226 1736 *
237 1720 328 1759 aliqua
340 1719 494 1749 seductione
505 1719 691 1748 illecebrarum
702 1719 814 1749 solvun-

42 1786 46 1791 ,
75 1765 130 1794 tur,
146 1758 193 1798 qui
210 1770 291 1799 super
304 1770 365 1788 eum
379 1759 538 1793 consistunt,
554 1769 640 1797 neque
652 1759 813 1798 tempestati-

46 1786 125 1827 l-bus
142 1799 380 1838 persequutionum
397 1804 550 1827 moventur.
566 1797 681 1834 Deinde,
702 1799 764 1837 quia
785 1798 812 1828 in

73 1837 182 1867 Christo
201 1838 358 1876 iniquorum
381 1843 422 1866 est
440 1847 535 1876 magna
556 1837 712 1866 confractio.
737 1837 813 1868 Sicut

72 1877 144 1906 enim
156 1877 245 1906 omnis
262 1887 316 1913 res,
331 1887 391 1915 qnae
404 1876 520 1916 percutit
537 1876 665 1916 lapidem,
682 1876 738 1922 ipsa
752 1877 813 1916 qui-

72 1915 136 1945 dem
156 1916 307 1953 colliditur,
327 1916 446 1956 lapidem
464 1922 552 1944 autem
567 1926 620 1945 non
634 1916 706 1945 laedu
718 1928 726 1945 :
739 1917 777 1946 sic
788 1924 813 1946 et

72 1955 170 1992 omnis,
183 1956 231 1994 qui
244 1963 336 1986 contra
346 1955 575 1986 christianitatem
583 1956 648 1994 agit,
662 1966 690 1985 se
704 1956 812 1995 quidem

72 1995 233 2034 corrumpit,
247 1995 442 2025 Christianitati
455 2001 543 2023 autem
561 2005 613 2024 non
632 2003 719 2025 nocet.
742 1996 815 2032 Quia

72 2044 136 2073 ergo
150 2044 262 2073 magnus
272 2041 311 2064 est
322 2034 391 2073 lapis
402 2034 527 2064 Christus
540 2047 546 2063 ι
561 2036 611 2063 44.
629 2036 688 2074 Qui
701 2036 814 2064 cecide-

72 2074 109 2102 rit
119 2083 286 2111 supereum,
296 2074 498 2113 confringetur
506 2085 514 2101 :
527 2084 613 2118 super
621 2085 708 2113 quem-
715 2081 813 2103 autem

72 2113 216 2149 ceciderit,
233 2114 407 2141 comminuet
425 2122 500 2141 eum.
519 2113 603 2142 Aliud
617 2121 656 2142 est
669 2114 812 2153 confringi,

72 2151 149 2181 aliud
169 2159 209 2181 est
228 2158 317 2181 autem
338 2151 495 2181 comminui.
518 2152 600 2188 Quod
623 2153 811 2191 confringitur,

72 2190 176 2230 aliquid
195 2198 313 2220 remanet
322 2190 356 2220 de
364 2202 406 2226 eo,
417 2190 490 2229 quod
503 2191 584 2219 fuerit
596 2192 710 2220 fractum
721 2204 727 2220 :
739 2191 813 2230 quod

72 2237 162 2260 autem
187 2231 328 2266 minuitur,
352 2230 504 2259 minutatim
528 2231 603 2268 quasi
629 2231 656 2259 in
674 2231 812 2270 pulverem

73 2271 248 2305 convertitur,
270 2277 295 2300 et
316 2270 386 2299 nihil
406 2270 542 2298 invenitur
558 2280 592 2298 ex
613 2280 652 2299 eo.
672 2270 726 2306 Qui
741 2270 812 2300 enim

73 2319 153 2348 snper
168 2309 285 2349 lapidem
297 2310 379 2346 cadit,
398 2319 450 2338 non
469 2309 538 2348 lapis
560 2319 621 2337 eum
643 2309 751 2348 frangit,
766 2309 813 2339 sed

72 2348 130 2387 ipse
142 2359 170 2377 se
183 2349 281 2388 frangit
295 2349 327 2378 ad
342 2349 470 2389 lapidem.
486 2349 549 2377 ldeo
563 2348 636 2387 quod
649 2348 720 2378 cadit
731 2359 813 2389 super

73 2387 202 2426 lapidem,
217 2398 269 2417 non
280 2395 384 2417 tantum
395 2399 423 2417 se
435 2389 543 2426 frangit,
556 2395 686 2426 quantum
697 2395 736 2417 est
748 2389 813 2429 lapi·

72 2425 115 2455 dis
130 2428 226 2464 virtus,
241 2427 287 2456 sed
305 2435 435 2466 quantum
449 2428 552 2456 fortiter
571 2427 661 2467 ipsum
674 2428 809 2458 ceciderit.

78 2467 196 2496 Fortiter
216 2473 305 2496 autem
319 2466 400 2503 cadit,
416 2467 489 2506 quod
511 2466 593 2503 cadit,
614 2474 723 2508 propter
744 2466 811 2497 duas

873 171 1045 202 altitudinem
1058 183 1145 202 suam.
1167 173 1248 210 Quod
1269 174 1341 203 enim
1362 175 1543 220 ponderosum
1564 183 1616 212 est,

873 211 922 241 etsi
945 211 979 241 de
999 212 1098 241 humili
1119 212 1179 242 loco
1199 212 1281 249 cadit,
1306 215 1410 244 fortiter
1432 215 1504 245 cadit
1519 227 1527 250 ;
1541 215 1617 254 quod

872 258 961 281 autem
981 251 1015 281 de
1036 251 1091 281 alto
1111 251 1191 287 cadit,
1214 260 1322 293 propter
1334 254 1504 284 altitudinem
1524 255 1616 295 spatii,

873 291 922 320 etsi
937 291 995 320 leve
1009 291 1098 327 suerit,
1112 292 1228 331 graviter
1239 293 1320 323 cadit.
1343 295 1432 333 Super
1451 294 1526 333 quod
1546 295 1619 334 lapis

874 330 957 367 cadit,
969 341 1021 360 non
1032 331 1164 370 quaeritur
1176 342 1210 361 an
1224 342 1304 371 grave
1315 333 1377 370 fuit,
1390 333 1464 372 quod
1477 334 1618 364 inventum

874 377 914 399 est
923 371 1030 406 subtus,
1045 378 1092 400 aut
1107 371 1177 407 leve,
1191 381 1239 400 nec
1252 371 1286 401 de
1303 373 1372 407 alto,
1392 383 1440 402 nec
1453 373 1487 403 de
1503 374 1615 403 humili.

876 411 930 456 Qui
944 417 1006 439 sunt
1027 410 1074 449 qui
1088 421 1169 455 super
1184 410 1303 456 lapidem
1316 412 1437 441 cadunt?
1457 413 1615 450 Christiani,
1660 419 1769 442 cadente·

876 460 924 488 qui
949 450 1086 479 credentes
1105 460 1132 478 in
1152 450 1291 480 Cbrlstum
1317 458 1386 480 stant
1407 462 1488 492 super
1514 452 1615 492 ipsum,
1626 459 1693 506 ΕΙΣ*
1702 451 1770 503 3¹3:-

1628 519 1695 542 stum,
1703 516 1752 542 qui,

876 490 954 528 quasi
974 500 1056 529 super
1071 489 1214 533 proprium
1237 489 1452 520 fundamentum.
1471 492 1499 522 Si
1511 493 1572 530 quis
1583 493 1618 522 de

876 529 934 559 istis
947 536 1108 569 peccaverit,
1119 539 1171 558 non
1184 540 1245 558 enm
1259 530 1383 559 Christus
1397 532 1554 571 corrumpit,
1571 531 1619 561 sed

878 569 971 608 ipsese
985 569 1143 608 corrumpit,
1161 568 1298 598 offendens
1309 569 1337 598 in
1348 569 1486 600 Christum
1496 582 1504 607 ;
1518 578 1545 599 et
1558 570 1619 601 ideo

877 608 1047 638 Christianus
1061 618 1173 648 peccans
1188 619 1240 638 non
1255 615 1358 638 tantum
1376 610 1468 649 periit,
1489 617 1620 649 quantum

877 655 964 688 potest
985 648 1097 688 perdere
1110 648 1260 684 Christum,
1282 648 1330 677 sed
1348 655 1478 687 quantum
1500 650 1620 689 seipsum

876 688 1023 718 secundum
1034 699 1114 734 opera
1123 698 1171 717 sua
1181 687 1340 727 perdiderit.
1352 690 1439 718 Homo
1450 688 1619 719 Christianus

876 728 979 757 fortiter
1002 728 1074 757 cadu
1096 728 1123 756 in
1143 734 1263 767 peccato,
1284 735 1396 768 propter
1417 728 1486 758 duas
1502 739 1596 758 causas
1608 741 1616 759 ε

876 774 922 796 aut
944 775 1053 808 propter
1074 767 1287 807 magnitudinem
1307 768 1421 807 peccati,
1444 775 1491 797 aut
1508 775 1620 809 propter

875 807 1044 837 altitudinem
1058 807 1196 846 dignitatis
1208 819 1214 836 :
1230 814 1336 846 utputa,
1351 808 1373 837 si
1388 807 1422 836 sit
1434 807 1560 843 clericus,
1571 815 1620 838 aut

875 847 1012 876 continens
1026 846 1120 881 vidua,
1134 854 1180 876 aut
1193 847 1350 881 monachus,
1361 854 1408 876 aut
1418 846 1509 886 virgo,
1525 847 1554 877 id
1566 855 1616 886 est,

875 887 923 925 qui
937 898 965 916 se
976 888 1033 916 Deo
1046 886 1166 916 tradidit.
1181 888 1293 926 Propter
1306 886 1518 925 magnitudinem
1528 894 1618 917 autem

875 927 974 966 peccati
987 938 993 956 z
1005 933 1110 967 utputa,
1135 925 1158 956 si
1179 926 1240 964 quis
1260 926 1438 955 homicidium
1452 926 1556 963 fecerit,
1570 934 1618 956 aut

875 965 1051 999 adulterium,
1065 973 1112 995 aut
1125 965 1202 994 aliud
1215 965 1320 1004 aliquid
1332 966 1367 995 de
1386 966 1515 1005 gravibus
1525 977 1620 1006 pecca-

874 1006 926 1035 tis:
942 1006 989 1035 ille
1000 1005 1072 1042 talis,
1085 1005 1134 1035 etsi
1143 1005 1178 1034 de
1188 1005 1287 1034 humili
1297 1006 1356 1035 loco
1367 1005 1450 1042 cadit,
1463 1005 1492 1035 id
1505 1013 1554 1043 est,
1567 1006 1618 1036 etsi

874 1045 961 1075 la'i'cus
982 1046 1028 1083 sit,
1053 1052 1100 1074 aut
1124 1045 1270 1081 saecularis,
1292 1045 1396 1074 fortiter
1417 1046 1487 1084 perit
1507 1056 1557 1086 pro
1578 1053 1618 1076 ter

874 1085 980 1125 pondus
992 1085 1102 1125 peccati.
1118 1086 1160 1114 De
1176 1085 1231 1114 alto
1248 1095 1312 1114 vcro
1325 1084 1408 1122 cadit,
1429 1093 1459 1114 ut
1479 1093 1524 1115 uta
1538 1096 1552 1114 c
1564 1086 1618 1115 eri-

874 1136 932 1161 cus,
946 1132 1098 1164 caeteraeque
1117 1124 1269 1164 spirituales
1290 1134 1418 1164 personae.
1428 1125 1453 1154 Il
1466 1125 1475 1154 i
1487 1125 1537 1154 etsi
1551 1135 1618 1164 pon-

874 1164 926 1194 dus
940 1165 1041 1204 peccati
1053 1174 1105 1194 non
1120 1164 1230 1201 hahent,
1245 1163 1274 1193 id
1287 1171 1336 1200 est,
1349 1164 1398 1193 etsi
1412 1163 1513 1204 grande
1522 1174 1617 1204 pecca-

875 1211 930 1233 tum
944 1214 995 1233 non
1010 1204 1129 1240 fecerint,
1144 1203 1191 1233 sed
1203 1203 1272 1239 leve,
1284 1210 1372 1232 tamen
1385 1203 1493 1233 sortiter
1503 1210 1617 1244 pereunt

873 1250 983 1284 propter
996 1243 1167 1272 altitudinem
1181 1242 1330 1282 dignitatis.
1354 1242 1431 1273 Sicut
1449 1243 1520 1273 enim
1561 1243 1615 1273 uod

872 1282 907 1312 de
921 1284 975 1312 alto
993 1282 1077 1320 cadit,
1098 1282 1227 1322 grandem
1243 1293 1339 1311 sonum
1357 1283 1432 1319 facit,
1453 1289 1485 1312 ut
1504 1294 1538 1312 au
1560 1283 1616 1313 iant

872 1333 964 1352 omnes
976 1333 983 1351 ε
994 1323 1033 1352 sic
1044 1330 1069 1352 et
1080 1323 1126 1362 qui
1140 1321 1174 1351 de
1186 1322 1241 1351 alto
1253 1322 1339 1361 gradu
1350 1321 1433 1359 cadit,
1446 1323 1525 1352 ruina
1537 1322 1614 1353 illius

872 1363 973 1401 ubique
983 1362 1105 1391 auditur.
1121 1361 1175 1398 Qui
1189 1367 1253 1390 sunt
1266 1372 1346 1401 super
1356 1372 1423 1399 quos
1441 1362 1511 1401 lapis
1522 1362 1614 1392 cadit?

871 1401 972 1436 Judaei,
991 1408 1018 1431 et
1038 1408 1136 1441 gentes,
1158 1401 1272 1439 quinon
1294 1400 1465 1430 crediderunt
1481 1402 1510 1430 in
1527 1401 1613 1431 Chri-

871 1448 953 1470 stum.
964 1441 1036 1480 Ergo
1051 1441 1093 1469 illi
1106 1450 1160 1469 non
1174 1438 1321 1470 secundum
1333 1451 1382 1469 sua
1396 1451 1412 1469 o
1432 1451 1475 1470 era
1489 1448 1613 1480 pereunt,

871 1491 958 1519 neque
980 1480 1128 1510 secundum
1140 1490 1202 1509 suas
1216 1489 1353 1519 personas,
1447 1486 1549 1510 tantum

871 1527 960 1556 reum,
975 1526 1107 1559 quantum
1121 1525 1208 1559 potest
1222 1518 1333 1558 perdere
1344 1519 1478 1549 Christus.
1492 1519 1521 1550 Si
1532 1491 1614 1550 vidhe:

870 1560 907 1589 ris
918 1570 981 1599 ergo
995 1559 1131 1588 infidelem
1144 1559 1289 1593 hominem,
1309 1569 1342 1588 ne
1354 1557 1440 1594 dicas,
1456 1560 1547 1589 Bonus
1560 1567 1610 1596 est,

868 1606 915 1628 aut
935 1599 1040 1637 malus;
1055 1599 1129 1638 Justa
1152 1609 1168 1627 o
1203 1608 1232 1627 ra
1249 1598 1322 1635 facit,
1346 1605 1394 1628 aut
1415 1598 1514 1637 injusta
1530 1611 1538 1628 τ
1563 1599 1612 1629 sed

869 1649 960 1668 omnes
982 1609 1122 1677 aequaiiter
1145 1649 1159 1667 a
1201 1637 1319 1666 nihilum
1339 1637 1523 1668 deducuntur.
1545 1638 1611 1669 Ideo

868 1677 935 1707 dicit
948 1678 1078 1718 propheta
1089 1690 1096 1707 :
1109 1679 1178 1708 Non
1188 1679 1230 1707 sic
1241 1678 1332 1717 impii,
1346 1688 1405 1706 non
1416 1679 1466 1714 sic,
1479 1679 1532 1707 sed
1545 1685 1610 1708 tan·
1621 1687 1686 1710 Psal.
1705 1693 1725 1710 ι.
1736 1686 1759 1719 4.

869 1728 958 1757 quam
969 1718 1078 1756 pulvis,
1090 1728 1175 1757 quem
1188 1718 1304 1757 projicit
1316 1723 1424 1746 ventus
1433 1728 1452 1746 a
1452 1718 1540 1758 facie
1554 1725 1609 1747 ter·
1619 1719 1643 1742 5·

868 1767 916 1786 ηε.
933 1759 1004 1786 Ideo
1018 1768 1076 1786 non
1084 1762 1235 1825 resurgunt
1247 1758 1328 1795 impii
1341 1758 1371 1785 in
1378 1758 1502 1796 judicio,
1517 1768 1610 1798 neque

865 1804 1030 1836 peccatores
1040 1799 1072 1826 in
1079 1798 1161 1826 conci
1176 1799 1203 1825 io
1208 1798 1363 1836 justorum.
1377 1796 1453 1826 Sicut
1466 1807 1523 1834 vas,
1535 1798 1609 1836 quod

868 1837 963 1866 leviter
978 1836 1060 1873 cadit,
1081 1843 1107 1865 et
1127 1835 1246 1871 laeditur,
1261 1843 1298 1865 est
1311 1835 1420 1874 quidem
1434 1847 1492 1873 vas,
1513 1837 1561 1867 sed
1574 1837 1610 1866 ad

868 1886 947 1905 usum
961 1886 1013 1904 non
1027 1875 1149 1917 proficit;
1163 1876 1236 1914 quod
1250 1882 1338 1904 autem
1350 1875 1503 1916 dispersum
1517 1877 1614 1913 fuerit,

868 1925 916 1945 nec
931 1915 1040 1945 videtur
1052 1925 1109 1945 esse
1120 1925 1169 1944 vas
1181 1927 1188 1943 ε
1204 1915 1242 1945 sic
1255 1915 1425 1945 Christianus
1435 1923 1558 1956 peccator
1570 1928 1609 1947 re·

868 1955 954 1994 surgit
964 1955 1085 1994 quidem,
1106 1954 1155 1984 sed
1167 1955 1237 1984 inter
1248 1961 1353 1984 sanctos
1366 1965 1417 1985 non
1431 1956 1558 1996 ponitur„
1571 1957 1612 1987 in.-

868 1994 957 2024 fidelis
976 2002 1064 2024 autem
1078 2004 1130 2024 non
1142 2002 1262 2034 resurget
1284 1994 1312 2023 in
1329 1994 1445 2033 judici0.
1465 1996 1613 2032 Quomodo·

868 2041 957 2063 autem
977 2040 1107 2073 resurget,
1127 2044 1210 2074 super
1230 2045 1310 2074 quem
1323 2034 1385 2063 talis
1398 2034 1498 2064 decidit
1517 2035 1613 2075 lapis?

868 2074 923 2110 Qui
937 2081 1025 2103 autem
1040 2083 1125 2112 neque
1138 2073 1172 2102 de
1185 2074 1240 2103 alto
1260 2074 1378 2109 honoris,
1393 2085 1478 2112 neque
1491 2073 1525 2103 de
1537 2085 1611 2114 pon«

868 2112 931 2142 dere
950 2113 1080 2152 gravioris
1103 2113 1202 2152 peccati
1223 2113 1347 2142 ceciderit
1359 2123 1440 2153 super
1456 2114 1609 2150 Christum,

868 2152 1002 2181 interdum
1016 2163 1101 2191 neque
1114 2153 1222 2182 laeditur
1235 2165 1241 2181 :
1258 2159 1284 2186 et
1295 2153 1318 2182 si
1329 2152 1446 2189 laeditur,
1466 2163 1517 2181 non
1531 2153 1606 2182 mul-

868 2198 925 2221 tum
945 2191 1063 2221 laeditur.
1079 2193 1130 2222 45.
1151 2193 1193 2221 Et
1213 2202 1279 2221 cum
1296 2192 1449 2220 audissent
1462 2193 1611 2230 principes

868 2232 1061 2269 sacerdotum,
1077 2238 1106 2260 et
1117 2233 1263 2260 Pharisaei
1274 2231 1447 2270 parabolam
1461 2232 1533 2268 ejus,
1558 2240 1610 2259 co->

867 2278 1031 2310 gnoverunt
1045 2272 1125 2311 quod
1133 2272 1170 2299 de
1181 2272 1248 2309 ipsis
1261 2272 1378 2305 diceret,
1391 2271 1439 2298 ⁴6.
1456 2275 1484 2298 et
1495 2280 1605 2308 φαεν-ι·-

869 2312 940 2340 bant
952 2321 1018 2340 eum
1037 2318 1143 2339 tenere.
1160 2311 1256 2345 Homo,
1271 2309 1318 2348 qui
1331 2318 1411 2347 grave
1429 2308 1492 2337 fecit
1513 2318 1604 2347 pecca-

867 2356 936 2386 tum,
951 2350 1017 2379 dum
1033 2360 1085 2379 non
1104 2349 1185 2378 habet
1198 2349 1315 2388 amplius
1326 2346 1398 2385 qnod
1409 2348 1465 2387 jam
1477 2354 1564 2386 speret
1578 2348 1608 2378 in

867 2390 966 2426 Deum,
980 2391 1070 2429 pejora
1081 2388 1232 2422 committit,
1246 2387 1349 2416 dicente
1359 2385 1500 2416 Salomone
1513 2398 1520 2415 t
1533 2387 1606 2416 Cum
1618 2397 1757 2422 Proo.18.3.

868 2431 981 2457 venerit
996 2431 1100 2467 impius
1113 2430 1144 2455 in
1154 2427 1335 2466 profundum
1361 2426 1514 2462 malorum,
1534 2437 1603 2455 con-

869 2470 981 2497 temnit.
1003 2468 1077 2497 Sicut
1098 2466 1168 2496 cnim
1191 2465 1323 2502 infirmus,
1338 2464 1422 2495 donec
1436 2464 1606 2496 mediocriter
