1890 2826
574 170 606 192 IN
634 170 732 193 ILLUD
751 187 761 202 ,
784 168 818 193 IN
845 171 911 201 QUA
940 172 1155 205 ΡΟΤΕΒΤΑΤΕ,
1177 175 1252 198 ETC.

132 227 290 263 Ἑλληνικῆς
306 227 424 265 πλάνης,
438 227 483 257 καὶ
504 230 540 262 εἷς
554 229 662 270 ἔλεγχον
681 232 729 266 τῆς
751 231 899 266 Ἰουδαϊκῆς

129 272 271 308 ἀπειθείας,
285 272 408 312 δίστομον
421 273 546 314 προφέρει
559 274 603 304 τὸν
618 275 694 315 λόγον
704 287 710 294 ·
722 275 765 306 ἵνα
779 279 789 292 '⁴
801 277 834 306 δι’
851 276 898 315 ἐμὲ

129 317 183 346 Τὸν
197 319 317 354 ἀληθινὸν
332 319 377 348 καὶ
399 319 476 358 μόνον
494 321 577 349 εἰπεῖν
595 321 639 350 τὸν
655 321 724 351 Θεὸν
733 343 740 356 ,
754 321 814 355 τοὺς
828 323 897 352 πολ-

127 362 188 396 λοὺς
204 364 249 393 καὶ
260 365 445 404 ψευδωνύμους
463 366 622 407 στηλιτεύσῃ
632 379 638 385 ·
653 366 697 396 διὰ
710 367 736 397 δὲ
750 368 780 398 τὸ
794 369 896 407 ἐπαγα-

1628 166 1696 201 503

950 238 980 260 ut
988 231 1055 261 dum
1068 233 1144 271 dicit,
1155 236 1269 265 Verum
1286 237 1413 266 etsolum
1426 238 1532 276 Deum,
1546 238 1638 278 plures
1650 239 1697 268 sal-

950 287 1045 316 sosque
1051 278 1114 308 deos
1128 280 1288 318 traduceret,
1304 293 1419 322 cumque
1430 283 1532 321 subdit,
1546 286 1575 314 E
1577 291 1588 313 t
1610 296 1696 325 quem

949 325 1051 354 misisti
1065 325 1223 364 Christum,
1235 328 1296 358 illos
1306 329 1352 368 qni
1365 329 1572 359 incarnationem
1582 341 1695 370 negave-

948 368 1172 399 rantconfutaret.
1186 371 1315 401 Praedicat
1323 373 1409 402 solum
1425 383 1520 403 verum
1527 375 1631 410 Deum3
1642 385 1694 405 non

126 413 200 448 γεῖν,
215 411 268 440 Καὶ
289 410 316 440 ὃν
338 411 494 445 ἀπέστειλας
513 412 643 452 Χριστὸν,
657 412 717 447 τοὺς
736 413 942 456 ἠρνημένους,530
949 414 1094 452 separando
1107 425 1145 452 se,
1162 417 1209 446 sed
1219 417 1392 447 instrumenta
1407 419 1506 448 erroris
1519 419 1692 451 destruendo.

127 455 176 491 τὴν
207 456 358 496 οἰκονομίαν
388 457 491 497 ἐλέγξῃ.
514 458 648 497 Κηρύττει
675 459 752 498 μόνον
776 461 897 496 ἀληθινὸν

127 500 213 530 Θεόν·
233 504 284 542 οὐχ
296 502 389 532 ἑαυτὸν
409 503 553 543 ἀφορίζων,
579 505 648 535 ἀλλὰ
672 506 716 535 καὶ
738 506 837 546 ὄργανα
850 509 898 543 τῆς

126 547 228 583 πλάνης
240 549 380 589 ἀφανίζων.
399 550 452 579 Καὶ
468 550 511 579 ἵνα
523 550 609 590 μάθῃς
617 573 626 587 ,
639 552 734 592 ἄδελφὲ
743 575 751 588 ,
766 552 807 582 ὅτι
820 552 898 586 αὐτός·

126 595 183 623 ἐστι
191 594 236 623 καὶ
245 595 366 631 ἀληθινὸς
371 596 448 633 Θεὸς,
458 596 503 626 καὶ
511 598 635 632 ἀληθινοῦ
643 600 712 628 Θεοῦ
720 598 794 634 Υἱὸς,
806 598 896 628 Ἰωάν-

125 651 171 675 νης
179 641 194 669 ὅ
203 641 390 680 εὖαγγελιστὴς
399 664 407 677 ,
417 643 445 671 ἐν
458 637 480 683 ᾧ
492 646 576 672 ταῦτα
589 643 736 684 γέγραπται
745 645 784 684 (ἐν
794 645 845 685 γὰρ
858 647 896 685 τῷ

127 687 281 727 Εὖαγγελίῳ
292 690 330 728 τῷ
339 688 409 717 κατὰ
422 688 546 725 Ἰωάννην
560 693 646 719 κεῖται
655 702 661 708 ·
673 689 732 720 Ἵνα
745 691 896 730 γινώσκωσί

126 743 156 760 σε
168 732 214 761 τὸν
229 733 307 771 μόνον
321 734 443 769 ἀληθινὸν
456 734 558 774 Θεὸν),
571 735 648 769 αὐτὸς
665 737 761 769 ἐκεῖνος
773 739 787 766 ὁ
798 737 895 777 κήρυξ,

125 779 139 806 ὁ
151 780 235 808 ταῦτα
248 779 379 819 κηρύξας,
400 779 478 814 αὐτὸς
495 780 526 809 ἐν’
541 783 574 821 τῇ
593 781 739 822 Ἐπιστολῇ
753 785 786 822 τῇ
802 785 894 813 ἑαυτοῦ

125 823 244 864 γράφων·
259 828 270 841 ”
280 827 333 854 τῶν
354 825 382 854 δὲ
395 826 650 866 ἐκκλησιαζομένων,
663 829 692 857 οὔ
709 830 762 858 τῶν
776 829 894 869 ἀποκρύ-

125 880 180 909 φων
188 870 236 908 μὲν
245 872 262 906 ἡ
272 870 365 910 πρώτη
373 867 519 908 Ἐπιστολή
528 884 535 890 ·
541 872 589 908 τὴν
595 872 646 913 γὰρ
656 874 777 914 δευτέραν
786 875 831 904 καὶ
839 875 894 915 τρί-

124 927 172 951 την
186 917 210 945 οἱ
228 916 340 957 πατέρες
352 918 577 952 ἀποκανονίζουσι.
597 920 656 956 Τὴν
677 921 767 959 μέντοι
785 921 894 961 πρώτην

124 961 286 998 Ἐπιστολὴν
306 962 419 997 ἅπαντες
436 959 503 993 εἶναι
522 964 644 994 Ἰωάννου
663 966 809 1005 συμφώνως
826 969 893 996 ἀπε-

123 1007 247 1048 φήναντο.
259 1010 285 1038 Τ
287 1008 296 1037 ί
309 1005 354 1039 οὖν
375 1011 473 1043 ἐκεῖνος
486 1013 500 1040 ὃ
513 1010 586 1049 ἅγιος
606 1011 650 1040 διὰ
662 1013 710 1046 τῆς
732 1013 894 1048 Ἐπιστολῆς

122 1053 247 1094 κηρύττει
261 1056 405 1095 θεολογῶν,
428 1056 570 1096 προσέχειν
589 1058 738 1097 ἀναγκαῖον.
757 1059 893 1097 Οἴδαμεν,

123 1099 216 1139 φησὶν,
232 1101 272 1130 ὅτι
291 1103 305 1130 ὁ
318 1101 381 1135 Υἱὸς
393 1104 446 1131 τοῦ.
461 1103 532 1131 Θεοῦ
552 1102 626 1138 ἥκει,
647 1103 692 1131 καὶ
714 1103 809 1133 ἔδωκεν
829 1106 894 1142 ἡμῖν

122 1143 248 1182 διάνοιαν,
262 1145 305 1174 ἵνα
315 1145 486 1185 γινώσκωμεν
499 1146 544 1175 τὸν
562 1146 682 1182 ἀληθινόν
694 1158 700 1165 ·
715 1147 760 1176 καί
773 1148 853 1186 ἐσμεν
867 1149 894 1177 ἐν

122 1191 161 1229 τῷ
175 1191 304 1231 ἀληθινῷ,
318 1193 346 1220 ἐν
357 1194 394 1232 τῷ
409 1193 466 1232 Υἱῷ
479 1194 559 1221 αὐτοῦ
574 1192 661 1227 Ἰησοῦ
678 1194 795 1233 Χριστῷ.
808 1190 894 1227 Οὗτός

123 1236 194 1265 ἐστιν
206 1238 220 1265 ὁ
230 1237 350 1272 ἀληθινὸς
363 1238 440 1273 Θεὸς,
455 1238 500 1268 καὶ
512 1238 566 1274 ζωὴ
581 1238 693 1272 αἰώνιος.
707 1235 804 1274 Οὗτος,
815 1241 893 1270 ἀδελ-

122 1281 177 1321 φοὶ,
187 1283 297 1312 κάκεῖνα
307 1278 364 1312 εἷπε
371 1307 380 1320 ,
393 1284 438 1313 καὶ
456 1287 540 1315 ταῦτα
555 1283 688 1324 ἐκήρυξεν.
702 1284 858 1314 Ἐπιπλεῖον
869 1288 892 1315 εἷ

123 1328 194 1357 δοκεῖ
206 1330 243 1362 εἷς
260 1329 305 1366 τὸ,
321 1329 414 1369 μόνος,
436 1330 655 1371 φιλοσοφήσωμεν
666 1353 673 1364 ,
695 1331 740 1360 καὶ
755 1331 891 1370 ἀγωνισώ-

121 1376 199 1412 μεθα.
217 1374 289 1413 Πρὸς
304 1375 350 1405 τὸν
369 1376 478 1406 ἄπιστον
498 1376 585 1406 πολλὰ
598 1377 632 1406 τὰ
646 1376 712 1416 βέλη
726 1377 873 1416 πεμπέσθω
884 1390 891 1396 ·

122 1419 197 1459 βέλη,
209 1422 259 1461 οὐχ
277 1421 321 1450 ἵνα
333 1421 423 1461 τρώσῃ
443 1421 477 1451 τὰ
491 1422 620 1461 σώματα,
633 1423 692 1452 ἀλλ’
705 1422 748 1452 ἵνα
762 1422 890 1463 διορθώσῃ

914 465 933 486 Α
948 458 1036 496 Atque
1042 465 1070 487 ut
1080 459 1177 497 discas,
1186 461 1278 499 frater,
1286 462 1375 502 ipsum
1381 474 1438 492 esse
1448 471 1475 493 et
1486 474 1579 493 verum
1593 465 1691 501 Deum,

947 509 973 531 et
992 504 1049 532 veri
1069 505 1119 534 Dei
1142 506 1255 545 Filium,
1270 509 1386 538 Joannes
1405 509 1569 548 evangelista
1590 510 1618 538 in
1638 520 1692 548 quo

947 550 1003 580 haec
1022 552 1121 592 scripta
1141 561 1204 583 sunt
1224 567 1231 583 ε
1253 566 1315 584 nam
1335 555 1363 585 in
1384 556 1522 595 evangelio
1543 557 1689 587 secundum

946 597 1076 627 Joannem
1094 598 1207 629 habetur
1223 613 1229 628 :
1247 603 1285 630 Ut
1297 608 1475 642 cognoscant
1491 609 1519 631 te
1530 603 1623 632 solum
1635 615 1689 633 ‘ve-

946 645 1111 673 rumDeum
1117 656 1130 681 ;
1139 645 1364 687 idemillepraeco,
1372 649 1419 686 qui
1426 649 1483 677 haec
1492 648 1689 689 praedicavit,in

946 689 1068 729 Epistola
1077 701 1124 720 sua
1136 691 1244 721 scribit:
1255 693 1342 732 prima
1349 701 1437 723 autem
1446 694 1568 733 Epistola
1578 694 1646 724 inter
1657 707 1687 724 ea

950 746 1010 774 quae
1022 736 1049 765 in
1062 737 1182 766 Ecclesia
1197 739 1375 778 recipiuntur,
1384 750 1436 769 uon
1451 740 1521 769 inter
1536 742 1690 781 apocrypha

944 789 1095 812 recensetur
1108 796 1114 812 ε
1128 794 1189 813 nam
1202 785 1348 814 secundam
1361 793 1387 815 et
1399 786 1504 816 tertiam
1514 793 1604 826 patres
1613 795 1688 817 extra

1700 609 1841 639 Jomz.17.3.

1733 754 1790 776 Vide
1804 763 1843 776 su-

1702 793 1738 814 pra
1755 787 1777 806 in
1796 786 1841 807 Μυ-

1670 834 1675 839 .
1700 821 1756 837 min.

944 838 1070 858 canonem
1083 837 1197 869 ponunt.
1209 830 1326 859 Primam
1338 842 1402 860 vero
1414 832 1564 871 Epistolam
1578 834 1689 863 Joanms

944 884 1009 910 esse,
1025 885 1116 904 omnes
1129 876 1307 905 consentiunt.
1323 877 1399 913 Quid
1412 877 1496 916 igitur
1515 877 1563 906 ille
1581 885 1689 908 sanctus

944 931 993 959 per
1000 921 1140 961 epistolam
1149 922 1183 951 de
1191 923 1248 951 Deo
1261 922 1373 961 loquens
1384 923 1510 962 praedicet
1521 924 1690 954 animadver-

912 973 927 995 Β
943 972 998 995 tere
1016 977 1119 997 necesse
1138 974 1186 997 est.
1201 969 1322 1004 Scimus,
1338 968 1436 1007 inquit,
1452 972 1592 1009 quoniam
1600 971 1690 1010 filius

944 1013 1003 1041 Dei
1014 1015 1106 1050 venit,
1119 1020 1152 1043 ut
1163 1015 1244 1043 dedit
1255 1016 1338 1043 nobis
1349 1024 1475 1051 sensum,
1489 1022 1521 1044 ut
1535 1026 1690 1056 cognosca-

945 1067 1007 1085 mus
1021 1057 1106 1086 illum
1122 1059 1173 1097 qui
1186 1069 1274 1087 verus
1291 1065 1344 1096 est,
1359 1065 1387 1087 et
1406 1061 1495 1089 simus
1510 1062 1541 1089 in
1559 1072 1640 1097 vero,
1659 1065 1689 1090 in

944 1103 973 1130 F
972 1102 1024 1131 ilio
1035 1104 1097 1142 ejus
1106 1104 1179 1133 Jesu
1191 1104 1316 1133 Christe.
1330 1105 1388 1133 Hic
1400 1111 1443 1133 est
1452 1116 1540 1134 veras
1556 1107 1646 1144 Deus,
1662 1114 1690 1137 et

943 1149 1009 1176 vita
1020 1155 1140 1178 aeterna.
1149 1148 1213 1186 lste,
1221 1150 1326 1187 fratres,
1337 1157 1363 1179 et
1374 1150 1422 1179 illa
1434 1150 1516 1186 dixit,
1530 1158 1556 1180 et
1562 1152 1618 1181 haec
1628 1163 1691 1192 prm-

943 1191 1054 1222 dicavit.
1073 1192 1180 1229 Adhuc,
1195 1194 1216 1221 si
1234 1193 1332 1232 placet,
1348 1193 1381 1222 de
1392 1204 1458 1223 voce
1471 1195 1551 1224 Solus
1565 1196 1687 1235 philoso-

943 1238 1059 1278 phemur
1072 1245 1097 1267 et
1107 1238 1287 1278 disputemus.
1301 1239 1437 1270 Adversus
1451 1241 1588 1270 infidelem
1597 1243 1689 1272 multae

943 1284 1045 1323 sagittae
1061 1284 1210 1321 mittantur,
1225 1295 1277 1313 non
1293 1292 1322 1314 ut
1336 1296 1448 1326 corpora
1467 1287 1619 1325 vulnerent,
1642 1290 1690 1319 sed

944 1334 973 1356 ut
985 1328 1127 1357 sententias
1141 1328 1286 1368 corrigant.
1300 1330 1466 1359 Emittantur
1477 1331 1560 1360 verba
1572 1331 1608 1361 ad
1621 1332 1688 1362 fide-

942 1374 991 1411 les,
1003 1374 1103 1414 sagittae
1110 1385 1174 1404 vero
1186 1375 1221 1404 ad
1229 1374 1362 1405 infideles.
1376 1377 1446 1406 Nam
1456 1377 1578 1417 Sagitlae
1586 1386 1689 1418 poten-

943 1422 978 1449 tis
992 1426 1096 1456 ασκεω,
1109 1421 1213 1460 populi
1226 1423 1278 1450 sub
1295 1428 1323 1450 te
1337 1423 1453 1460 cadent,
1469 1424 1501 1451 in
1521 1424 1607 1453 corde
1630 1426 1689 1454 ini-

120 1465 154 1495 τὰ
177 1466 342 1506 φρονήματα,
365 1468 518 1507 Πεμπέσθω
540 1468 647 1508 ῥήματα
673 1468 720 1507 μὲν
743 1468 808 1508 πρὸς
832 1469 892 1502 τοὺς
907 1471 925 1494 G
942 1468 1092 1496 micorum.
1114 1467 1160 1496 Ait
1172 1478 1235 1507 ergo
1257 1468 1350 1497 beatus
1363 1468 1509 1504 seremias;
1529 1469 1586 1499 sive
1599 1471 1689 1510 potius

120 1511 244 1548 πιστοὺς,
264 1512 330 1551 βέλη
342 1513 370 1542 δὲ
390 1514 455 1553 πρὸς
477 1513 536 1547 τοὺς
551 1514 687 1547 ἀπίστους.
702 1515 727 1544 T
729 1514 746 1543 ὰ
761 1514 825 1554 βέλη
841 1514 892 1554 γὰρ

121 1559 166 1585 τοῦ
181 1558 290 1587 δυνατοῦ
303 1558 463 1597 ἠκονημένα,
472 1559 533 1588 λαοὶ
545 1559 669 1588 ὑποκάτω
680 1571 726 1588 σου
740 1563 891 1596 πεσοῦνται,

122 1603 148 1631 ἐν
162 1603 257 1643 καρδίᾳ
270 1606 322 1633 τῶν
336 1606 446 1644 ἐχθρῶν.
458 1605 538 1645 Λέγει
547 1605 632 1635 τοίνυν
644 1607 658 1634 ὁ
671 1605 799 1645 μακάριος
813 1605 892 1646 Ἱερε-

122 1647 200 1686 μίας,
223 1650 324 1688 μᾶλλον
348 1650 376 1679 δὲ
399 1650 508 1690 Βαροὺχ
528 1653 541 1680 ὁ
561 1651 681 1690 μαθητὴς
704 1652 783 1681 αὐτοῦ
793 1672 801 1686 ,
823 1653 858 1685 ὡς
878 1655 892 1682 ὁ

122 1693 273 1728 Ἐλισσαῖος
286 1697 332 1724 τοῦ
346 1695 439 1725 Ἠλίου
449 1707 456 1714 ·
471 1695 505 1725 Ὁ
519 1697 719 1730 κατασκευάσας
735 1696 782 1733 τὴν
795 1699 845 1736 γῆν
857 1699 893 1730 εἷς

122 1738 167 1768 τὸν
186 1741 268 1769 αἰῶνα
288 1740 399 1780 χρόνον,
419 1741 563 1777 ἐνέπλησεν
586 1742 668 1778 αὐτὴν
686 1745 790 1778 κτηνῶν
804 1754 833 1772 τε
847 1743 892 1772 καὶ

122 1786 290 1825 τετραπόδων
299 1798 305 1804 ·
321 1786 460 1816 ἀπέστειλε
474 1788 504 1818 τὸ
517 1790 587 1828 φῶς,
601 1788 646 1817 καὶ
659 1788 812 1828 πορεύεται·
828 1789 891 1819 ἐκά-

122 1831 197 1860 λεσεν
212 1831 287 1869 αὐτὸ,
300 1832 346 1862 καὶ
365 1833 513 1869 ὃτι-ἤκουσεν
525 1835 596 1874 αὐτῷ
611 1834 710 1875 τρόμῳ.
725 1835 760 1863 Οἱ
772 1834 799 1864 δὲ
811 1836 891 1865 ἀστέ-

122 1888 164 1917 ρες
175 1877 297 1917 ἔλαμψαν
311 1879 339 1907 ἐν
356 1883 413 1912 ταῖς
427 1881 556 1919 φυλακαῖς
570 1881 669 1916 αὐτῶν,
684 1880 729 1909 καὶ
743 1881 890 1921 εὐφράνθη-

121 1934 180 1952 σαν.
194 1924 339 1954 Ἐκάλεσεν
352 1924 446 1959 αὐτοὺς
456 1925 516 1959 τοὺς
527 1925 648 1966 ἀστέρας,
661 1926 737 1966 φησὶ,
749 1926 793 1956 καὶ
803 1922 889 1964 εἶπαν,

121 1968 269 2009 πάρεσμεν·
282 1970 328 1999 καὶ
345 1970 467 2011 ἔλαμψαν
486 1973 512 2001 ἐν
532 1971 676 2012 εὐφροσύνῃ
690 1974 728 2012 τῷ
748 1972 890 2008 ποιήσαντι

121 2014 226 2048 αὐτούς.
241 2016 295 2045 Καὶ
318 2019 434 2046 τοσαῦτα
456 2017 628 2056 θεολογήσας,
654 2017 746 2058 φησίν·
769 2014 853 2052 Οὗτος
875 2021 889 2048 ὁ

122 2061 189 2094 Θεὸς
199 2063 285 2100 ἡμῶν,
295 2064 324 2092 οὗ
333 2063 518 2099 λογισθήσεται
532 2063 618 2104 ἕτερος
626 2064 691 2103 πρὸς
705 2064 791 2094 αὐτόν.
803 2065 889 2104 Πρόσ-

121 2118 167 2147 εχε
185 2107 316 2147 ἀκριὸῶς,
335 2111 391 2142 πῶς
405 2110 540 2140 ἀποκλείει
550 2113 588 2151 τῷ
601 2111 692 2151 ἑτέρῳ.
709 2112 749 2141 Οὐ
763 2111 887 2151 λογισθή-

149 2198 160 2209 ¹
179 2190 302 2223 [coteler.
315 2193 382 2226 couj-
396 2196 433 2220 διὰ
443 2197 487 2227 μὲν
498 2199 524 2221 τὸ
536 2206 559 2221 τ.
573 2195 626 2227 ἀλ]

149 2237 161 2249 ³
178 2237 226 2256 τῶν
241 2233 265 2256 δᾶ
279 2234 492 2265 ἑκκλησιαςομένων.
504 2234 572 2258 Nota
584 2233 716 2267 diligenter
728 2235 823 2268 insigne
838 2240 890 2261 ter

117 2268 262 2294 stimonium
276 2282 281 2296 :
298 2276 325 2295 ut
343 2277 471 2303 quaeratur
489 2281 521 2297 nn
545 2279 570 2298 et
592 2282 642 2306 quo
664 2273 741 2298 modo
762 2275 788 2298 in
811 2274 875 2299 veris

117 2308 222 2333 loannis
230 2307 405 2343 Chrysostomi
412 2310 529 2343 operibns
541 2312 649 2336 nitentur
662 2311 780 2345 Epistola
791 2318 876 2345 poste-

117 2348 196 2372 riora
211 2348 316 2373 joannis
324 2369 331 2381 ‚
348 2357 410 2381 quas
425 2349 458 2374 ab
469 2349 578 2383 antiquis
589 2351 616 2375 in
625 2359 720 2376 canone
732 2351 876 2384 Scriptura-

118 2394 174 2410 rum
191 2388 288 2419 positas
298 2396 350 2412 non
362 2387 450 2418 fnisse,
465 2397 511 2413 nec
522 2389 613 2414 Joanui
624 2389 739 2422 apostolo
752 2388 858 2415 tributas
866 2410 873 2422 ,

119 2425 190 2450 testis
198 2431 236 2450 est
247 2425 357 2458 locuples
364 2425 484 2451 Eusebius
496 2426 540 2452 lib.
552 2429 576 2458 3,
589 2436 645 2460 cap.
659 2428 700 2458 25,
711 2437 741 2453 ac
751 2434 808 2460 post
817 2437 874 2454 eum

120 2464 288 2498 Hieronymus
297 2466 322 2490 iu
334 2465 457 2499 Catalogo
465 2485 472 2496 ‚
485 2471 510 2490 et
522 2467 684 2491 OEcumenius
696 2468 722 2492 in
738 2468 874 2492 Commen-

121 2503 199 2528 tariis.
221 2504 364 2535 Quinetiam
387 2505 491 2538 viguisse
512 2513 566 2530 earn
585 2507 782 2532 controversiam
807 2508 875 2532 circa

122 2546 235 2574 tempora
244 2543 348 2569 Joannis
360 2544 440 2568 nostri
451 2543 604 2576 significatur
616 2552 660 2577 per
672 2544 874 2578 Amphilochium

940 1513 1058 1550 Baruch,
1070 1514 1117 1552 qui
1136 1513 1288 1554 discipulus
1304 1514 1380 1544 illius
1401 1515 1463 1551 fuit,
1486 1515 1555 1544 sicut
1574 1517 1688 1547 Elisaeus

942 1558 1009 1588 Eliae
1023 1571 1031 1588 ε
1048 1559 1105 1597 Qui
1112 1562 1289 1598 praeparavit
1303 1567 1410 1589 terram
1421 1563 1452 1590 in
1465 1567 1605 1591 aeternum
1617 1569 1686 1592 tem-

939 1615 1005 1644 pus,
1020 1605 1141 1644 replevit
1160 1615 1225 1634 eam
1232 1606 1374 1644 jumentis
1385 1612 1414 1635 et
1427 1607 1664 1646 quadrupedibus
1676 1621 1684 1637 .·

942 1652 1036 1679 emisit
1053 1650 1163 1686 lumen,
1179 1657 1208 1679 et
1223 1651 1310 1679 vadit
1314 1662 1327 1688 ,·
1343 1654 1463 1681 vocavit
1477 1652 1564 1688 illud,
1579 1659 1607 1682 et
1619 1656 1685 1683 obe-

941 1697 1013 1725 divit
1027 1696 1072 1725 illi
1083 1696 1114 1724 in
1129 1702 1261 1725 tremore.
1276 1696 1374 1726 Stellae
1388 1697 1644 1737 autenzficlserunt
1654 1701 1687 1728 in

942 1743 1079 1772 custodiis
1101 1743 1172 1780 suis,
1191 1749 1218 1771 et
1239 1743 1346 1772 loetatoe
1364 1750 1430 1772 sunt
1434 1754 1448 1780 ;
1470 1747 1589 1774 vocavit
1609 1747 1686 1784 ipsas

942 1786 1054 1823 stellas,
1064 1786 1162 1824 inquit,
1175 1793 1204 1816 et
1211 1787 1360 1823 dixerunt,
1371 1788 1521 1817 Adsumus
1534 1800 1542 1817 .·
1555 1789 1684 1829 etfulse-

941 1840 1010 1863 runt
1026 1835 1059 1862 in
1072 1834 1175 1863 loelitia
1185 1834 1212 1862 ei
1229 1835 1279 1872 qui
1280 1833 1362 1874 fecit
1373 1833 1452 1862 illas.
1464 1834 1501 1863 Et
1510 1841 1571 1874 post
1583 1841 1684 1864 tantam

939 1879 1102 1919 theologiam
1115 1879 1168 1909 ait:
1183 1880 1242 1908 Hic
1256 1885 1299 1908 est
1313 1879 1394 1908 Deus
1409 1887 1516 1917 noster,
1533 1890 1591 1909 non
1608 1883 1682 1910 oesti-

940 1927 1067 1956 mabitur
1078 1927 1156 1956 alius
1169 1927 1209 1955 ad
1221 1937 1296 1955 eum.
1319 1925 1509 1956 Animadverte
1529 1926 1682 1967 diligenter,

939 1983 994 2011 quo
1014 1978 1092 2012 pacto
1113 1972 1227 2001 alterum
1248 1971 1383 2001 excludat.
1405 1972 1475 2001 Non
1495 1973 1686 2004 aestimabitur

905 2031 923 2053 D
939 2018 1017 2047 alias
1036 2018 1077 2046 ad
1091 2028 1165 2047 eum.
1180 2019 1298 2047 Invenit
1316 2028 1430 2047 omnem
1444 2019 1526 2047 viam
1540 2021 1681 2057 scientiae,

939 2071 966 2094 et
979 2064 1060 2094 dedit
1069 2074 1135 2094 eam
1148 2064 1242 2094 Jacob
1252 2074 1341 2104 puero
1355 2075 1418 2101 suo,
1431 2071 1459 2094 et
1469 2066 1566 2095 Israe'l
1577 2067 1684 2096 dilecto

939 2121 1003 2141 suo.
1019 2111 1089 2140 Post
1102 2111 1164 2140 haec
1177 2111 1209 2139 in
1221 2117 1298 2140 term
1311 2113 1393 2141 visus
1406 2117 1460 2150 est,
1474 2118 1502 2141 et
1516 2122 1581 2142 cum
1593 2114 1685 2143 homi-

923 2196 950 2220 in
969 2193 1063 2219 Iambis
1072 2192 1112 2219 -ad
1123 2193 1264 2224 Seleucum,
1277 2202 1371 2227 perque
1388 2194 1594 2229 Topographiam
1607 2195 1682 2221 Chri-

924 2234 1032 2258 stianam
1041 2253 1047 2262 ,
1061 2241 1136 2266 quam
1146 2234 1210 2258 citat
1221 2233 1326 2258 Allatius
1338 2234 1441 2260 Dissert.
1455 2236 1464 2258 4
1479 2233 1510 2259 de
1523 2234 1592 2259 libris
1603 2234 1683 2259 eccle-

923 2273 1029 2298 siasticis
1039 2272 1194 2298 Graecorum.
1208 2271 1250 2297 Ih.
1265 2274 1371 2299 ὑποκάτω
1384 2277 1422 2299 σοῦ
1432 2277 1558 2299 πεσοῦνται.
1568 2274 1599 2297 In
1612 2282 1681 2297 men-

924 2311 958 2338 do
969 2317 1007 2337 est
1018 2311 1088 2337 locus
1098 2310 1187 2345 Cyrilli
1200 2310 1361 2336 Alexandrini
1380 2312 1524 2337 Comment.
1537 2311 1571 2336 ad
1582 2311 1680 2336 zacha-

923 2350 986 2376 rium
998 2359 1024 2376 n.
1040 2351 1081 2381 60,
1094 2351 1120 2374 in
1132 2350 1296 2383 exquisitione
1313 2349 1384 2382 hujus
1395 2355 1478 2374 textus
1489 2359 1494 2373 :
1509 2353 1564 2379 Βέλη
1576 2353 1644 2376 αὐτοῦ
1659 2355 1679 2377 οὶ

922 2394 1074 2424 μυσταγωγσὶ’
1092 2392 1143 2418 τοὺς
1159 2392 1183 2415 δέ
1194 2401 1219 2422 γε
1231 2392 1425 2422 πεπλανημένους,
1435 2393 1472 2414 καὶ
1484 2393 1522 2414 τὸν
1534 2391 1594 2423 φύσει
1604 2400 1630 2415 τε
1642 2394 1678 2415 καὶ

923 2432 1011 2459 ἀληθῶς
1028 2433 1084 2455 Θεὸν
1096 2431 1134 2455 οὐκ
1146 2430 1244 2458 εἶδότας,
1259 2431 1401 2459 πλήττουσιν,
1415 2431 1452 2453 οὐκ
1468 2432 1497 2456 εἰς
1510 2431 1613 2459 θάνατον,
1626 2431 1679 2454 ἀλλ’

923 2473 952 2498 εἰς
963 2473 1052 2502 ἀγάπην
1064 2470 1142 2497 αὐτοὺς
1153 2472 1302 2501 ἀποφέροντες
1318 2472 1359 2495 τὴν
1376 2470 1398 2491 ἐν
1411 2473 1499 2500 Χριστῷ
1507 2486 1513 2497 ,
1527 2469 1562 2491 ἵνα
1575 2470 1612 2492 καὶ
1624 2469 1679 2494 ian-0*

923 2512 984 2534 κάτω
997 2509 1100 2534 τύπτοιεν
1119 2509 1204 2532 aaron:
1223 2505 1259 2529 Ul
1277 2510 1301 2529 el
1316 2504 1361 2528 sub
1373 2505 1540 2537 ipsoscrianl.
1560 2506 1680 2537 Quinimo

923 2550 1033 2578 nim-om,
1046 2545 1150 2573 cadant,
1161 2545 1226 2569 sicut
1233 2549 1258 2567 et
1270 2550 1336 2568 caeco
1348 2548 1425 2575 patet.
1441 2542 1546 2568 coteler.

1455 2583 1502 2612 33.

1703 988 1722 1002 ῐ.
1735 982 1804 1003 Jmm.
1816 981 1839 1003 5.

1702 1019 1738 1034 20-

1700 1395 1766 1417 Psat.
1774 1393 1838 1423 446.

1698 1565 1800 1587 Barncli.
1814 1565 1836 1587 3.
1850 1579 1855 1583 ·

1696 1596 1815 1619 'az—35.

1694 1885 1753 1907 Ibid.
1768 1894 1788 1907 v.
1796 1885 1835 1908 36.

1694 1915 1764 1939 —38.
