1890 2826
371 194 406 216 ΙΝ
433 193 531 216 itum
557 193 662 224 isam,
690 193 758 215 EGO
785 191 932 214 nummus
960 190 1047 214 DEUS
1074 192 1148 214 Fuci
1176 192 1301 225 LUMBN,
1329 193 1406 216 ETC.

101 257 146 296 σία
156 269 162 275 ·
178 256 208 285 ἂν
221 251 266 285 οὖν
280 266 332 284 τινι
345 255 522 294 προσγένηται
534 256 629 291 τοῦτο,
647 254 739 283 λευκὸν
752 253 797 282 τὸν
808 264 865 282 τοι-

99 306 174 332 οῦτον
197 302 339 340 καλοῦμεν.
361 300 456 330 Ἔστιν
479 300 612 341 ἀῤῥωστία
632 299 712 343 πάλιν
733 299 778 330 καὶ
798 300 864 334 αὕτη

98 347 204 385 madent
218 359 260 380 τις
272 342 338 377 οὖσα
360 347 405 376 καὶ
427 346 595 386 συμὸεὸηκός
608 358 614 364 ·
629 346 678 376 κᾶν
702 358 754 375 τινι
777 356 865 385 προσ-

97 393 214 432 γένηται,
229 393 362 433 ἄῤῥωστον
374 393 419 422 τὸν
437 395 552 422 τοιοῦτον
567 393 709 432 καλοῦμεν.
732 392 766 421 Εἰ
780 390 867 420 τοίνυν

98 438 142 468 καὶ
153 440 168 468 ὁ
180 440 292 472 πλοῦτος
305 434 337 475 ἦν
349 439 429 478 ἀρετὴ
438 461 447 475 ‚
464 438 517 468 ἔδει
531 437 575 467 τὸν
588 438 684 478 ἔχοντα
697 437 740 467 τὸν
754 438 867 467 πλοῦτον

97 483 217 524 ἐνάρετον
231 476 297 514 εἶναι
313 483 359 513 καὶ
367 483 489 523 λέγεσθαι
498 495 505 502 ·
519 485 543 513 εἰ
556 483 584 513 δὲ
595 485 625 513 οὗ
638 483 744 516 πάντως
757 485 771 512 ὁ
783 482 866 512 πλού·
883 483 902 507 D

98 542 153 563 σιος
173 529 311 570 ἐνάρετος,
336 531 383 560 οὐκ
406 530 486 570 ἀρετὴ
495 551 503 566 ,
525 530 585 560 οὐδὲ
610 530 691 560 καλὸν
717 532 731 559 ὁ
754 530 867 562 πλοῦτος

98 577 203 613 ἁπλῶς,
217 575 287 606 ἀλλὰ
308 575 382 615 παρὰ
395 575 445 612 τὴν
456 574 565 615 γνώμην
578 578 624 605 τοῦ
637 574 775 616 χρωμένου
789 577 867 604 τοῦτο

96 621 209 661 γίνεται.
227 621 315 651 Πάλιν
327 624 345 657 ἡ
361 621 439 651 πενία
451 623 474 651 εἰ
487 621 567 651 κακὸν
581 616 625 658 ἦν,
638 621 691 651 ἔδει
703 619 764 654 τοὺς
777 621 804 650 ἐν
819 632 866 650 πε-

96 669 139 708 νίᾳ
152 668 270 701 ἅπαντας
283 661 349 697 εἶναι
362 667 459 701 κακούς
468 679 475 686 ·
489 669 513 697 εἰ
528 667 556 697 δὲ
575 668 669 698 πολλοὶ
682 670 735 698 τῶν
748 669 776 697 ἐν
789 667 866 707 πενίᾳ

96 715 179 744 ὄντων
201 716 254 744 τῶν
278 715 393 754 οὐρανῶν
416 713 590 751 ἐπελάὸοντο,
613 716 661 745 οὐκ
682 715 734 754 ἄρα
751 716 768 750 ἡ
789 713 867 747 πενίᾳ

98 772 188 790 κακον.

137 1132 173 1162 Τί
192 1127 246 1169 οὖν,
262 1132 303 1162 ὅτι
315 1132 408 1162 πολλοὶ
429 1134 617 1172 βλασφημοῦσι
632 1130 676 1162 διὰ
693 1132 741 1169 τὴν
756 1133 865 1170 πενίαν,

96 1177 184 1218 φησίν.
197 1180 238 1208 Οὐ
252 1177 295 1207 διὰ
305 1178 354 1214 τὴν
366 1177 469 1215 πενίαν,
482 1178 552 1208 ἀλλὰ
562 1178 606 1208 διὰ
618 1178 667 1214 τὴν
679 1178 776 1208 οἰκείαν
788 1181 867 1220 ἀφρο-

97 1223 177 1259 σύνην
191 1235 220 1253 τε
233 1223 278 1254 καὶ
292 1223 470 1264 μικροψυχίαν
481 1226 558 1254 τοῦτο
572 1226 686 1255 ποιοῦσι.
699 1225 753 1255 Καὶ
766 1225 866 1255 τούτων

97 1269 228 1304 ἀπόδειξις
237 1272 251 1299 ὁ
262 1270 393 1310 μακάριος
403 1270 475 1307 Ἰὼὸ,
487 1269 514 1304 ὃς
523 1271 551 1300 ἐν
561 1270 663 1311 ἐσχάτῃ
674 1270 751 1311 πενία
762 1270 809 1307 ὢν,
820 1271 867 1301 καὶ
881 1277 900 1300 Ε

95 1316 161 1356 πρὸς
173 1314 238 1345 αὐτὸ
249 1317 297 1352 τῆς
309 1315 401 1349 πενίας
411 1316 576 1356 κατενεχθεὶς
583 1316 615 1345 τὸ
628 1316 771 1356 βάραθρον,
780 1318 810 1347 οὗ
821 1317 867 1357 μᾷ-

94 1374 138 1392 νον
151 1363 200 1392 οὔκ
210 1361 424 1402 ἐὸλασφήμησεν,
437 1362 496 1391 ἀλλ’
511 1363 627 1402 εὐλογῶν
639 1362 685 1392 τὸν
694 1363 764 1392 Θεὸν
781 1363 865 1393 διιτέ-

94 1409 145 1444 λει,
151 1407 244 1448 λέγων*
251 1406 286 1456 *ρ
293 1407 389 1447 Κύριος
399 1408 505 1445 ἔδωκεν,
511 1410 526 1438 ὁ
535 1408 632 1448 Κύριος
640 1408 772 1448 ἀφείλετο·
783 1410 819 1443 ὡς
827 1411 865 1449 τῷ

95 1453 186 1494 Κυρίῳ
196 1453 294 1491 ἔδοξεν,
305 1453 374 1484 οὕτω
385 1454 430 1484 καὶ
443 1454 546 1494 ἐγένετο
554 1466 561 1473 ·
573 1454 614 1491 εἴη
628 1455 658 1484 τὸ
671 1454 754 1494 ὄνομα
766 1456 865 1497 Κυρίου

95 1499 269 1539 εὖλογημένον
280 1501 317 1533 εἰς
326 1499 386 1534 τοὺς
399 1501 504 1534 αἰῶνας.
516 1500 596 1530 Ἀλλὰ
610 1500 655 1530 καὶ
669 1500 712 1531 διὰ
724 1501 768 1531 τὸν
780 1503 864 1532 πλοῦ·

95 1557 139 1574 τον
148 1544 251 1582 πολλοὶ,
263 1545 353 1586 φησὶν,
363 1545 510 1585 ἁρπάζουσι
520 1546 566 1575 καὶ
576 1547 787 1577 πλεονεκτῶσιν.
793 1546 863 1578 Ἀλλ’

95 1593 125 1619 οὐ
138 1590 181 1620 διὰ
193 1590 238 1620 τὸν
251 1591 375 1628 πλοῦτον,
389 1591 458 1621 ἀλλὰ
470 1591 515 1621 διὰ
526 1592 574 1628 τὴν
587 1591 686 1623 οἰκείαν
700 1593 848 1634 ἀφροσύνην
857 1605 864 1613 ·

95 1636 140 1666 καὶ
153 1635 246 1666 τούτου
259 1636 361 1676 μάρτυς
372 1637 452 1666 πάλιν
465 1639 480 1666 ὁ
493 1638 571 1671 αὐτὸς
584 1639 720 1678 ἄνθρωπος
731 1635 820 1676 οὗτος,
837 1638 865 1672 ὃς

96 1683 123 1710 ἐν
136 1681 253 1722 τοσούτῳ
266 1682 372 1723 πλούτῳ
387 1684 417 1711 οὗ
433 1682 511 1721 μόνον
525 1684 575 1722 οὐχ
587 1682 692 1723 ἥρπασε
708 1683 743 1713 τὰ
758 1685 866 1724 ἐτέρων,

1598 184 1663 229 173

919 252 1005 291 liquet
1023 251 1133 282 divitias
1163 253 1322 293 simpliciter
1340 264 1371 283 ac
1392 265 1439 294 per
1465 265 1493 284 se
1509 254 1593 284 bonas
1611 265 1664 285 non

920 308 988 335 esse,
1004 308 1099 328 verum
1118 299 1146 328 in
1166 299 1256 329 medio
1277 300 1392 340 positam
1410 300 1548 330 materiam
1565 312 1664 340 quam-

921 344 985 374 dam
997 355 1054 374 esse
1071 345 1192 378 virtutis.
1208 346 1254 376 Sic
1269 353 1358 375 autem
1374 355 1432 376 rem
1445 346 1576 386 expende.
1596 348 1665 377 Sunt

920 390 949 419 in
968 400 1079 430 corpore
1098 391 1256 430 qualitates,
1274 402 1342 431 quas
1361 391 1409 432 qui
1431 392 1531 421 habent
1547 393 1613 422 tales
1630 394 1666 423 ab

922 436 955 466 iis
970 436 1152 477 appellantur.
1161 438 1289 478 Exempli
1308 448 1389 475 eausa
1402 450 1409 467 :
1425 437 1526 468 candor
1538 439 1666 468 substan-

922 481 958 511 tia
975 492 1028 511 non
1048 489 1099 518 est,
1114 482 1160 512 sed
1174 483 1300 522 qualitas,
1313 490 1340 514 et
1352 482 1476 513 accidens
1493 484 1569 523 quod
1581 484 1666 514 adve-

920 528 959 558 nit
972 529 1143 566 substantiae3
1155 539 1218 569 ergo
1230 530 1311 559 si-cui
1325 529 1487 561 adnascatur
1500 531 1563 568 boc,
1577 530 1667 560 eandi-

920 575 986 604 dum
995 574 1127 614 ejusmodi
1137 574 1272 605 hominem
1285 576 1463 616 appellamus.
1479 577 1530 607 Est
1539 584 1667 617 praeterea

919 620 1050 660 aegritudo
1063 627 1090 650 et
1103 620 1162 661 ipsa
1174 621 1290 660 qualitas
1303 621 1427 661 quaedam
1443 629 1470 652 et
1482 622 1617 661 accidens,
1635 635 1667 654 ae

918 667 942 697 si
957 667 1003 697 cui
1015 666 1151 704 adveniat,
1166 667 1245 696 talem
1262 675 1392 707 aegrotum
1404 679 1543 698 vocamus.
1560 669 1589 699 Si
1601 679 1665 709 ergo

918 712 1022 743 divitiae
1042 712 1130 742 virtus
1149 720 1246 750 essent,
1266 724 1329 743 eum
1350 714 1398 753 qui
1419 713 1529 744 divitias
1548 714 1667 755 possidet

919 758 1020 789 virtute
1035 758 1179 799 praeditum
1199 769 1255 788 esse
1269 766 1403 800 oporteret
1417 771 1448 790 ac
1461 760 1516 790 dici
1530 773 1537 790 ι
1555 761 1628 800 quod
1641 762 1666 792 si

920 815 972 834 non
986 804 1095 834 omnino
1108 804 1208 835 virtute
1227 805 1356 845 praeditus
1369 813 1408 835 est
1422 806 1508 843 dives,
1523 817 1577 836 non
1597 808 1667 837 sim-

920 850 1028 890 pliciter
1045 857 1092 880 aut
1111 851 1199 881 virtus
1220 857 1268 880 aut
1281 851 1386 881 honum
1405 860 1469 881 sunt
1489 852 1604 890 divitiae,
1619 854 1667 883 sed
1683 849 1695 861 '

919 896 947 926 id
960 896 1031 926 fiunt
1043 901 1124 937 prout
1138 897 1249 926 affectus
1264 897 1345 928 suerit
1357 899 1417 938 ejus
1430 899 1536 928 animus
1560 899 1609 938 qui
1627 900 1666 930 eis

923 943 1018 973 utitur.
1034 946 1140 974 Rursus
1153 953 1297 986 paupertas
1310 945 1333 975 si
1355 946 1458 975 malum
1472 953 1550 984 esset,
1573 956 1666 976 omnes

919 989 966 1028 qui
982 990 1010 1019 in
1030 997 1184 1030 paupertate
1207 991 1319 1031 degunt,
1334 998 1470 1031 oporteret
1485 1002 1543 1021 esse
1561 992 1664 1022 malos:

918 1035 959 1064 sin
973 1042 1063 1065 autem
1076 1035 1156 1064 multi
1168 1046 1299 1076 pauperes
1311 1037 1408 1075 eaelum
1420 1044 1597 1077 occuparunt,
1612 1048 1665 1068 non

918 1088 959 1111 est
971 1082 1063 1120 utique
1075 1082 1177 1111 malum
1190 1090 1345 1123 paupertas.

967 1134 998 1162 4.
1014 1133 1089 1170 Quid
1102 1133 1176 1172 quod
1188 1134 1268 1164 multi
1283 1141 1395 1175 propter
1407 1142 1590 1175 paupertatem
1602 1136 1665 1166 hla-

917 1178 1077 1218 sphemanti‘
1084 1179 1156 1209 dicet
1162 1179 1277 1219 aliquis.
1285 1181 1345 1210 Non
1351 1188 1462 1221 propter
1468 1187 1664 1221 paupertatem,

918 1224 965 1254 sed
978 1231 1089 1265 propter
1101 1224 1233 1255 insaniam
1243 1235 1320 1255 suam
1333 1233 1360 1256 et
1372 1227 1621 1267 pusillanimitatem
1635 1227 1665 1258 id

917 1277 1012 1309 agunt.
1027 1272 1116 1309 Atque
1128 1270 1178 1301 hoc
1186 1271 1301 1301 exbeati
1309 1272 1363 1302 Job
1375 1272 1500 1312 exemplo
1513 1279 1603 1313 patet3
1614 1274 1662 1312 qui

918 1314 1019 1345 eumad
1026 1322 1172 1345 extremam
1183 1323 1366 1356 paupertatem
1375 1317 1499 1347 redactus
1507 1325 1586 1354 esset,
1593 1325 1619 1349 et
1629 1319 1664 1349 ad

917 1361 1006 1401 ipsum
1016 1362 1344 1402 paupertatisbarathrum
1350 1362 1506 1400 devolutus,
1513 1371 1566 1393 non
1574 1364 1663 1395 solum

918 1418 971 1437 non
981 1407 1191 1448 blasphemavit,
1201 1409 1249 1438 sed
1257 1410 1346 1439 Deum
1354 1404 1513 1440 benedicere
1521 1418 1574 1439 non
1581 1420 1664 1441 nessa·

919 1455 970 1491 vit,
985 1454 1030 1484 his
1043 1454 1134 1485 verbis
1147 1468 1153 1484 :
1170 1456 1315 1486 Dominus
1328 1452 1420 1493 dedit,
1434 1452 1580 1486 Dominus
1594 1459 1662 1488 abs·
1671 1465 1726 1487 lob.
1742 1471 1761 1486 ι.
1775 1473 1812 1486 21.

919 1501 987 1530 tulit
993 1512 1007 1538 ,·
1018 1502 1090 1530 sicut
1112 1502 1242 1531 Domino
1263 1502 1388 1541 placuit,
1413 1503 1582 1542 itasaccum
1598 1511 1662 1534 est:

917 1549 954 1576 sit
973 1557 1078 1576 nomen
1091 1548 1214 1577 Domini
1235 1549 1419 1578 benedictum
1439 1551 1471 1578 {n
1489 1550 1611 1580 soeeula.
1628 1553 1664 1581 At

917 1592 990 1622 enim
1008 1593 1044 1622 ob
1066 1592 1176 1623 divitias
1196 1593 1278 1623 etiam
1305 1595 1384 1624 multi
1398 1595 1508 1635 rapiunt
1530 1603 1555 1625 et
1576 1596 1662 1627 aliena

917 1636 1058 1673 invadunt,
1080 1636 1152 1667 dicet
1163 1637 1273 1677 aliquis.
1289 1640 1394 1670 Verum
1413 1638 1443 1668 id
1461 1649 1514 1668 non
1533 1640 1568 1669 ob
1586 1639 1661 1670 divi-

917 1682 969 1711 tias
986 1682 1026 1719 fit,
1043 1682 1092 1712 sed
1111 1684 1147 1713 ob
1164 1683 1286 1724 ipsorum
1304 1684 1448 1714 stultitiam
1458 1695 1466 1719 3
1485 1692 1564 1724 atque
1580 1686 1663 1727 hujus

95 1726 165 1756 ἀλλὰ
183 1726 274 1757 καὶτὰ
287 1729 372 1757 οἰκεῖα
382 1726 395 1744 ¹’
404 1728 508 1767 [ἐδίδου
516 1729 538 1766 ],
553 1728 598 1757 καὶ
610 1729 706 1767 λιμένα
719 1734 772 1763 τοῖς
785 1729 866 1764 ξένοις
871 1752 907 1774 m
919 1727 958 1756 rei
975 1730 1051 1757 testis
1067 1728 1145 1758 nobis
1155 1729 1205 1758 erit
1221 1729 1265 1759 hic
1281 1730 1340 1770 ipse
1352 1730 1406 1766 vir,
1418 1731 1466 1769 qui
1476 1742 1539 1761 oum
1550 1738 1589 1761 tot
1599 1733 1663 1772 opi-

96 1771 296 1809 κατεσιιεύαζεν,
309 1772 379 1802 οὕτω
392 1773 476 1813 λέγων
489 1786 495 1792 ·
511 1773 546 1803 Ἥ
560 1773 630 1804 οἰκία
644 1786 694 1813 μου
708 1774 788 1804 παντὶ
802 1774 865 1815 ξένῳ
881 1782 902 1805 Α
918 1767 971 1801 bus
979 1772 1138 1810 abundaret,
1153 1784 1207 1804 non
1219 1775 1300 1805 modo
1313 1785 1356 1805 res
1366 1776 1482 1811 aliorum
1493 1787 1546 1806 non
1560 1778 1662 1817 rapuit,

95 1817 196 1848 ἐλθόντι
216 1818 344 1859 ἠνέῳκτο.
368 1815 423 1849 Καὶ
440 1821 454 1848 ὁ
468 1819 589 1860 Ἀὸραὰμ
610 1819 723 1849 πλοῦτον
742 1823 865 1850 τοσοῦτον

95 1863 173 1904 &ff-m
183 1868 237 1898 τοῖς
249 1867 375 1904 παριοῦσι
386 1865 474 1894 πάντα
483 1865 601 1895 ἐδαπάνα
613 1877 620 1884 ·
635 1866 681 1896 καὶ
693 1866 753 1896 οὔτε
763 1869 864 1903 τοῦτον,

94 1906 155 1939 οὔτε
179 1910 276 1940 ἐκεῖνον
296 1910 481 1947 πλεονέκτηνὸ
494 1911 606 1945 πλοῦτος
622 1911 754 1949 ἐποίησεν,
774 1912 865 1953 ὥσπερ

94 1954 154 1986 οῦδὲ
176 1955 334 1996 βλάσφημον
349 1955 410 1986 οὔτε
432 1957 530 1986 ἐκεῖνον
543 1978 552 1993 ,
567 1957 627 1987 οὔτε
649 1957 694 1987 τὸν
712 1958 832 1998 Λάζαρον
847 1961 864 1994 ἡ

93 2000 171 2030 πενία
183 2012 190 2019 ·
212 2000 270 2031 ἀλλ’
297 2001 366 2031 οὕτω
387 2002 537 2042 διέλαμψαν
561 2003 700 2044 ἑκάτεροι,
726 2005 794 2043 μηδὲ
818 2007 865 2041 τῆς

95 2046 239 2086 ἀναγκαίας
250 2048 420 2087 εὐποροῦντες
430 2050 543 2088 τροφῆς,
560 2051 596 2083 ὡς
609 2048 654 2079 τὸν
668 2049 715 2089 μὲν
730 2050 805 2090 παρὰ
817 2055 863 2081 τοῦ

95 2093 164 2122 Θεοῦ
184 2091 308 2127 δέξασθαι
320 2093 368 2130 τὴν
382 2094 542 2134 μαρτυρίαν,
553 2098 600 2124 τοῦ
614 2095 648 2125 τὰ
661 2095 799 2136 ἀπόρῤητα
815 2109 863 2126 σα-

95 2140 149 2177 φῶς
166 2138 263 2172 εἰδότος
272 2150 279 2157 ·
291 2138 336 2168 τὸν
349 2138 377 2169 δὲ
391 2139 442 2169 ὕπὸ
458 2141 510 2169 τῶν
525 2140 644 2180 ἀγγέλων
658 2143 864 2182 προηγουμένων

95 2182 177 2217 οὕτως
190 2185 306 2214 ἔντιῦθιν
321 2180 512 2225 ἆπενεχθῆναι,
528 2186 573 2215 καὶ
588 2186 735 2226 ὁμόσκηνον
749 2190 787 2227 τῷ
809 2200 864 2217 ποι-
880 2198 898 2221 ιι

94 2228 212 2269 τριάρχῃ
232 2229 370 2269 γενέσθαι,
390 2230 435 2260 καὶ
457 2233 509 2261 τῶν
531 2232 635 2271 ἀγαθῶν
653 2233 806 2270 ἀπολαύειν,
826 2229 863 2263 ὧν

95 2274 200 2308 ἐκεῖνος.
210 2274 276 2315 Ἄρα
286 2277 338 2304 τῶν
352 2273 441 2314 μέσων
453 2277 538 2307 ταῦτά
548 2275 605 2307 ἑστι
611 2299 620 2314 ,
636 2278 715 2307 πενία
726 2279 770 2308 καὶ
782 2280 863 2309 πλοῦ-

95 2329 154 2355 τος,
168 2318 253 2358 ὑγίεια
263 2319 308 2350 καὶ
317 2320 404 2356 νόσος,
414 2321 460 2350 καὶ
473 2322 527 2359 ζωὴ
542 2323 587 2352 καὶ
599 2323 709 2357 θάνατος
720 2345 729 2361 ,
745 2324 807 2359 δόξα
818 2326 864 2355 καὶ

94 2365 177 2404 τιμὴ,
191 2364 296 2395 δουλεία
315 2365 360 2395 καὶ
384 2366 531 2407 ἐλευθερία,
554 2368 599 2398 καὶ
622 2368 672 2398 ὅσα
691 2373 815 2400 τοιαῦτα·
831 2373 861 2401 οὖ

94 2410 146 2450 γὰρ
156 2412 196 2440 δεῖ
206 2410 293 2440 πάντα
307 2411 423 2447 ἐπιέναι,
434 2411 502 2442 ὥστε
518 2410 555 2453 μὴ
577 2414 703 2452 μηκύνειν
721 2415 765 2445 τὸν
776 2416 863 2456 λόγον,

94 2456 163 2486 ἀλλὰ
183 2457 210 2485 ἐν
229 2456 330 2491 τούτοις
354 2457 504 2497 παρέχοντα
525 2460 587 2498 ὑμῖν
608 2460 743 2500 ἀφορμὰς,
766 2462 811 2491 ἐπὶ
828 2463 863 2492 τὰ

129 2548 142 2568 b
160 2546 208 2573 nic
219 2548 319 2573 unicum
331 2547 434 2574 verbum
451 2548 652 2581 desiderabatur,
666 2559 755 2584 nempe
765 2555 837 2580 ἐδίδου
846 2574 853 2585 ,

97 2591 139 2610 aut
151 2585 212 2619 quid
223 2586 301 2612 simile
312 2597 316 2611 ι
327 2590 398 2615 ἐδίδου
411 2589 476 2614 inter
488 2587 551 2614 duos
563 2589 667 2616 uncinos
679 2591 814 2625 posuimus,
828 2599 854 2618 ut

919 1817 967 1847 sed
980 1817 1060 1847 etiam
1071 1819 1179 1858 propria
1193 1820 1335 1860 erogabat,
1347 1828 1373 1851 et
1388 1822 1537 1862 peregrinis
1554 1830 1663 1863 portum

919 1863 1041 1904 parabat,
1061 1864 1101 1894 sic
1121 1863 1232 1895 dicensi
1259 1867 1373 1897 Domus
1393 1878 1459 1897 mea
1478 1871 1561 1898 omni
1577 1878 1662 1908 pere-
1671 1878 1811 1901 Joh.31‚32.

917 1911 1001 1951 grino
1010 1911 1114 1949 patuit.
1127 1911 1264 1941 Abraham
1278 1923 1386 1952 quoque
1396 1922 1457 1944 cum
1472 1921 1511 1944 tot
1521 1925 1585 1955 opes
1597 1924 1662 1956 pos·

917 1954 1028 1992 sideret,
1050 1955 1078 1985 in
1102 1964 1293 1996 praetereuntes
1312 1959 1403 1989 omnia
1427 1960 1614 2000 expendebam
1636 1968 1663 1991 et

917 2011 1003 2041 neque
1015 1995 1087 2032 bunc
1099 2013 1185 2043 neque
1198 2004 1278 2034 illum
1291 2005 1472 2036 fraudatorem
1485 2013 1533 2036 aut
1548 2016 1663 2037 avarum

917 2048 1021 2078 divitiae
1034 2048 1221 2088 reddiderunt,
1242 2058 1273 2080 ut
1289 2062 1375 2091 neque
1388 2052 1577 2093 blasphemum
1591 2045 1662 2094 pau—

917 2101 1006 2135 pertas
1023 2102 1070 2125 aut
1086 2096 1168 2126 illum
1188 2103 1235 2126 ant
1255 2099 1385 2128 Lazarum
1399 2111 1407 2127 ι
1428 2099 1477 2130 sed
1492 2110 1556 2129 cum
1576 2108 1662 2138 neque

918 2140 1064 2171 necessaria
1078 2142 1187 2180 utrique
1200 2150 1372 2184 suppeterent
1389 2145 1527 2182 alimenta,
1540 2145 1580 2175 sie
1592 2145 1661 2175 illu—

917 2194 984 2216 stres
1006 2187 1131 2226 fuerunt,
1157 2195 1187 2218 ut
1213 2189 1282 2219 alter
1306 2189 1369 2227 Dei,
1394 2190 1442 2229 qui
1471 2200 1566 2220 arcana
1590 2191 1662 2220 clare

910 2233 1010 2271 movit,
1030 2233 1183 2264 testimonio
1203 2234 1434 2265 commendaretur
1451 2247 1458 2264 z
1481 2236 1549 2265 alter
1572 2243 1661 2265 autem

917 2279 952 2309 ab
961 2279 1063 2320 angelis
1076 2280 1293 2310 antecedentibus
1304 2281 1368 2311 hinc
1385 2282 1545 2320 auferretur,
1560 2289 1587 2311 et
1598 2291 1662 2311 eon-

916 2326 1064 2357 tubernalis
1075 2327 1151 2357 fieret
1165 2327 1333 2367 patriarchae,
1349 2327 1497 2367 iisdemque
1510 2328 1589 2358 honis
1601 2327 1662 2366 qui-

916 2372 968 2403 bus
988 2373 1035 2403 ille
1052 2374 1198 2403 frueretur.
1208 2374 1303 2413 Itaque
1323 2374 1418 2404 mediae
1443 2385 1485 2404 res
1505 2382 1568 2404 sunt
1587 2374 1661 2410 istm,

918 2426 1060 2459 paupertas
1077 2426 1102 2449 et
1122 2419 1242 2457 divitias,
1258 2420 1356 2450 sanitas
1376 2427 1402 2449 et
1422 2420 1546 2455 morbus,
1561 2420 1615 2449 vita
1637 2426 1663 2448 et

916 2475 999 2501 mors,
1020 2465 1105 2504 gloria
1123 2472 1149 2495 et
1171 2465 1274 2503 honor,
1299 2466 1416 2495 servitus
1441 2473 1466 2494 et
1487 2466 1610 2502 libertas,
1637 2472 1662 2494 et

904 2563 933 2580 ex
944 2555 1087 2588 conjectura
1102 2561 1199 2581 tantum
1212 2556 1322 2588 positum
1335 2554 1527 2583 declararemus.
