1904 2840
44 634 114 652 CCXV!

639 201 671 222 ΙΝ
699 199 902 222 MATTHAEUM.
931 198 1048 233 HQMIL.
1078 200 1121 222 1⁴1.

123 270 198 304 grata
219 269 258 293 est
279 268 399 302 tempore
414 260 553 291 siccitatis.
575 261 612 291 Et
630 260 748 291 visitatio
769 259 869 289 amico·
885 263 904 286 Α
924 267 1101 299 praemonente
1113 260 1255 300 apostolo:
1269 261 1308 290 Et
1331 270 1394 301 ego,
1396 259 1525 303 fratres,
1540 270 1601 290 non
1612 271 1664 301 po·
1677 272 1696 288 ι.
1712 264 1767 287 cor.
1778 264 1803 287 3,

124 314 186 333 rum
198 313 252 332 sem
288 312 301 330 r
317 301 409 331 suavis
426 307 478 336 est,
497 300 583 330 multo
606 307 694 330 tamen
715 299 824 329 suavior
841 299 870 328 iu

124 350 243 387 tempore
313 352 365 370 us:
387 341 426 370 sic
439 339 558 369 doctrina
571 347 599 369 et
619 339 764 369 consolatio
783 349 870 368 sacer-

124 382 197 412 dous
222 390 327 421 semper
353 386 505 420 opportuna
524 386 580 416 est,
600 381 716 409 maxime
736 385 823 408 autem
842 378 869 406 in

123 429 244 462 tempore
255 419 479 461 persequutionis.
489 419 582 450 Sciens
593 429 656 459 ergo
670 418 794 449 Christus
811 428 871 447 san-

126 468 183 491 ctos
195 471 258 490 suos
270 460 327 490 sine
346 459 488 488 tentatione
511 469 658 498 numquam
675 458 791 494 futuros,
808 456 870 486 ideo

126 501 210 537 dicit,
224 501 255 530 ln
277 507 397 539 tempore
419 505 571 544 opportuno
588 511 594 527 z
615 499 679 537 quia
699 498 746 536 qui
764 507 870 536 semper

126 547 238 580 aegrotat
253 562 261 576 ‚
280 549 386 578 semper
406 538 447 568 illi
470 549 513 567 ars
536 537 635 567 medici
656 543 808 577 opportuna
828 536 870 564 vi-

128 580 218 611 detur.
241 581 311 610 Nam
327 579 398 607 sicut
410 578 487 607 navis
506 585 571 607 tunc
588 577 724 618 praecipue
739 576 871 616 guberna-

127 627 212 649 torem
233 618 411 648 ueoessarium
437 618 535 655 habet,
556 616 664 656 quando
688 622 870 656 tempestatem

147 659 229 689 atitur
250 672 256 687 :
277 657 385 697 quando
404 665 492 687 autem
510 663 664 698 prosperata
686 662 744 690 est,
768 655 826 694 ipsa
843 664 871 684 se

127 670 224 738 gii-igit
234 711 242 735 ;
254 705 280 727 et
293 697 371 727 miles
382 705 446 727 tunc
459 698 593 737 praecipue
604 694 871 726 necessariam'habet

129 749 264 768 annonam
285 737 320 767 de
342 747 416 777 rege,
435 736 551 776 quando‘
564 736 668 766 bellum
681 741 708 764 et
719 734 872 774 periculum

130 778 232 808 instat:
245 777 352 817 quando
366 784 454 806 autem
471 787 526 816 pax
543 783 594 810 est,
610 774 798 812 undecumque
810 784 872 813 pos-

129 824 192 847 sunt
203 829 232 847 se
245 817 344 846 milites
365 823 511 846 sustentare
523 827 530 844 :
542 816 582 844 sic
592 814 720 845 Ecclesiae
737 814 816 853 praeci
820 824 872 858 pue

130 858 158 887 in
182 864 300 897 tempore
318 856 534 925 persequutionis
556 854 706 884 doctrinam
728 852 872 883 sacerdotis
887 863 904 885 Β

130 897 304 926 necessariam
337 896 427 932 abent,
446 895 522 934 quasi
537 893 691 935 spirituales
704 893 802 937 milites
816 892 871 932 spi—

129 937 256 966 ritualem
276 946 408 965 annonam
423 947 431 964 =
447 934 556 974 quando
573 941 663 963 autem
682 939 810 962 securitas
820 939 869 967 est,

131 976 278 1015 unicuique
295 974 425 1004 naturalis
448 975 549 1004 sufficit
570 973 729 1003 intellectus.
750 972 820 1001 Num
842 972 870 1001 in

178 1015 394 1055 sequutionfflus,
405 1014 514 1053 quando
524 1013 655 1043 naturalis
666 1012 713 1041 ille
721 1011 871 1041 intellectus

130 1026 222 1085 gii-ficit
232 1055 259 1085 in
274 1055 370 1085 timore
378 1054 489 1089 carnali,
500 1052 666 1083 necessarius
675 1058 716 1081 est
729 1062 814 1080 sermo
825 1050 872 1080 do-

131 1095 212 1125 cteris
224 1107 231 1125 z
245 1102 276 1124 ut
287 1093 362 1134 quod
373 1093 464 1123 deficit
474 1094 501 1122 in
515 1093 610 1122 timore
615 1091 746 1162 gethuli,
762 1101 873 1130 repare-

130 1142 175 1164 tur
187 1146 236 1175 per
242 1133 453 1164 exhortationem
464 1133 604 1163 doctrinae.
636 1132 691 1161 icut
703 1137 792 1160 autem
801 1130 874 1160 tubi—

130 1174 336 1211 cen‚commisso
344 1173 428 1207 bello,
435 1180 598 1213 pugnantem
607 1171 755 1201 exercitum
765 1170 872 1207 circuit,

131 1221 157 1243 et
173 1214 284 1243 bellicos
303 1220 398 1243 cantus
410 1212 438 1241 in
456 1213 520 1242 tuba
533 1212 687 1247 decantans,
698 1210 796 1240 milites
816 1209 873 1239 ani-

131 1260 187 1283 mat
207 1253 242 1283 ad
255 1253 399 1284 virtutem:
412 1252 452 1282 sic
469 1259 495 1282 et
510 1251 632 1282 sacerdos
642 1275 650 1286 ‚
667 1250 874 1290 persequutione

131 1293 288 1323 imminente
297 1315 306 1329 ‚
328 1302 464 1332 exponens
487 1292 515 1321 in
540 1291 640 1332 populo
667 1290 874 1319 fortissimorum

131 1340 282 1373 martyrum
295 1333 412 1372 gloriosa
425 1331 587 1372 pericula,et
598 1329 788 1360 inenarrabiles
799 1329 873 1368 regni

130 1373 243 1402 caelestis
266 1382 378 1402 coronas
400 1371 569 1401 vincentibus
592 1376 768 1415 praeparatas,
791 1369 873 1398 Chri-

1591 187 1664 236 959

925 301 967 328 tui
978 300 1064 328 vobis
1085 300 1167 339 loqui
1182 303 1268 340 quasi
1286 301 1498 340 spiritualibus,
1513 301 1565 330 sed
1577 301 1665 340 quasi
1677 304 1696 318 ¹·
1708 302 1731 318 ²·

924 339 1103 368 carnalibus.
1115 340 1207 378 Quasi
1212 340 1341 378 parvulis
1352 342 1384 368 in
1396 340 1509 369 Christo
1517 340 1565 370 lac
1578 342 1663 370 vobis

922 385 1022 418 potum
1035 379 1115 413 dedi,
1130 389 1188 407 non
1202 389 1306 408 escam.
1321 380 1353 409 In
1368 387 1498 420 tempore,
1513 390 1546 409 ue
1559 380 1664 420 impor-

923 424 987 447 tune
998 418 1087 447 oblata
1100 418 1221 447 doctrina
1238 429 1289 447 non
1309 419 1404 459 prosit,
1418 418 1466 448 sed
1477 426 1578 453 noceat,
1593 419 1663 450 sicut

921 468 978 487 esca
994 458 1096 487 cruciat
1107 465 1154 487 aut
1164 465 1238 487 extra
1252 465 1356 498 tempus
1369 465 1485 498 accepta.
1498 460 1549 488 47.
1564 459 1663 489 Amen

921 498 985 526 dico
1009 499 1110 533 vobis,
1130 499 1270 537 quoniam
1289 508 1375 537 super
1393 500 1492 527 omnia
1512 500 1589 528 bona
1608 509 1663 528 sua

921 539 1076 566 constituet
1090 548 1168 566 eum.
1183 537 1315 567 Omnium
1325 536 1434 576 quidem
1452 537 1584 567 bonorum
1603 549 1663 568 ma—

921 586 972 616 gna
988 583 1027 605 est
1040 577 1133 620 gratia,
1147 577 1215 606 inter
1229 587 1319 606 omnes
1336 583 1425 606 autem
1440 577 1556 606 maxima
1569 585 1606 607 eat
1621 588 1662 607 sa-

921 616 1063 645 cerdotalis
1073 616 1198 660 dignitas,
1213 615 1235 645 si
1249 615 1309 654 quis
1319 626 1376 645 eam
1389 617 1558 646 immaculate
1571 624 1661 647 custo-

920 654 989 685 diat.
1008 656 1078 685 Nam
1092 666 1114 684 si
1128 666 1209 695 super
1226 655 1316 685 omnia
1336 666 1416 695 opera
1430 666 1477 684 sua
1492 656 1663 695 pretiosiores

921 695 1057 724 existimat
1069 696 1141 724 Deus
1162 695 1264 725 animas
1286 696 1426 724 homiuum
1442 707 1448 723 ι
1464 702 1563 733 quanto
1579 696 1664 736 magis

922 734 1053 764 credibile
1066 741 1117 770 est,
1133 741 1163 763 ut
1176 745 1257 774 super
1273 735 1362 763 omnia
1381 734 1450 764 bona
1461 745 1509 763 sua
1521 736 1665 765 constituat

922 785 1001 809 eum,
1019 775 1067 812 qui
1089 774 1190 808 confert
1210 776 1266 803 Deo
1286 774 1392 803 lucrum
1412 773 1585 804 animarum?
1604 776 1664 804 Nou

922 814 1009 842 solum
1025 820 1114 843 autem
1134 814 1260 843 omnibus
1280 814 1357 843 bonis
1370 813 1426 843 suis
1439 814 1577 843 meliorem
1587 814 1665 854 judi-

921 861 964 882 cat
975 851 1121 889 hominem,
1135 853 1182 883 sed
1194 853 1273 883 etiam
1293 853 1335 882 sui
1351 853 1436 893 ipsius
1456 853 1666 893 impassibilitati

921 893 1068 933 praeposuit
1087 893 1201 922 salutem
1218 893 1374 922 humanam.
1396 893 1460 923 Ideo
1481 904 1593 933 magnus
1610 900 1665 932 est,
1702 915 1704 919 .

919 933 967 971 qui
987 933 1054 962 bene
1076 933 1145 972 regit
1165 932 1340 962 hereditatem
1359 934 1434 973 ejus,
1453 944 1533 972 quam
1556 934 1666 973 proprio

921 983 948 1001 sa
957 972 1056 1011 nguine
1069 972 1223 1010 acquisivit.
1237 973 1287 1003 48.
1302 973 1333 1002 Si
1343 979 1440 1002 autem
1452 973 1560 1002 dixerit
1570 973 1666 1002 malus

921 1022 1021 1041 servus
1032 1012 1083 1041 ille
1091 1013 1123 1040 in
1137 1013 1222 1041 corde
1235 1023 1298 1047 suo,
1315 1014 1431 1042 Moram
1435 1012 1518 1053 facit
1531 1014 1667 1042 dominus

922 1062 1002 1081 meus
1017 1052 1119 1080 venire
1133 1064 1143 1080 .-
1159 1052 1209 1081 49.
1226 1058 1254 1081 et
1268 1053 1389 1092 incipiat
1396 1059 1544 1091 percutere
1558 1063 1667 1082 conser-

924 1101 974 1120 vos
985 1101 1062 1128 suos,
1079 1092 1235 1121 manducet
1248 1098 1345 1121 autem
1357 1098 1384 1120 et
1397 1093 1478 1122 hibat
1491 1103 1556 1121 cum
1568 1093 1664 1123 ebriis.

922 1132 1064 1161 Percutere
1075 1138 1113 1160 est
1127 1131 1224 1171 injuste
1235 1138 1373 1171 percutere
1382 1144 1388 1161 ε
1397 1132 1443 1170 qui
1456 1139 1545 1161 autem
1558 1139 1668 1172 propter

918 1171 1020 1210 justam
1043 1182 1151 1200 causam
1172 1171 1295 1211 percutit,
1308 1171 1358 1200 etsi
1372 1172 1513 1211 percutiat,
1529 1179 1668 1211 percutere

925 1221 977 1240 non
991 1210 1111 1240 videtur.
1127 1211 1244 1240 Pereutit
1254 1211 1336 1247 enim,
1351 1221 1404 1240 non
1413 1217 1443 1239 ut
1454 1222 1532 1245 suum
1547 1211 1668 1241 dolorem

922 1250 1052 1286 vindicet,
1062 1250 1109 1280 sed
1121 1257 1148 1279 ut
1161 1250 1235 1280 illius
1242 1251 1358 1279 animam
1367 1250 1464 1280 salvet.
1471 1251 1502 1280 Si
1511 1258 1599 1280 autem
1608 1262 1668 1291 pro-

923 1297 982 1329 pter
1004 1291 1092 1319 Deum
1117 1297 1255 1329 percutere
1277 1291 1412 1329 percussio
1433 1301 1489 1319 esse
1517 1290 1666 1327 videretur,

924 1340 1072 1368 numquam
1087 1329 1189 1359 diceret
1203 1331 1284 1364 Deus,
1304 1330 1360 1368 Qui
1372 1331 1465 1368 parcit
1475 1330 1591 1365 baculo,
1606 1330 1667 1359 odit
1677 1340 1747 1362 Ριον.
1764 1340 1799 1363 13.

920 1369 1016 1408 filium
1024 1370 1190 1399 suum.Nam
1202 1376 1227 1398 et
1239 1369 1305 1398 alibi
1317 1379 1369 1398 non
1384 1369 1504 1399 absolute
1513 1369 1595 1399 dicit:
1605 1370 1660 1407 Qui
1676 1372 1714 1400 24-

130 1413 248 1442 stianum
261 1411 394 1452 populum
403 1411 438 1440 ad
449 1411 578 1440 virtutem
590 1416 722 1450 patientiae
734 1409 874 1438 vehemen-

130 1459 174 1481 ter
184 1452 312 1482 accendit.
328 1453 382 1480 Aut
393 1450 439 1480 ita.
452 1451 484 1480 In
495 1457 615 1490 tempore
628 1455 791 1489 opportuno,
806 1449 872 1477 utin
888 1456 907 1479 ο

152 1491 340 1531 ersequutione
363 1491 448 1529 magis
467 1490 597 1519 instanter
618 1488 653 1518 de
674 1488 785 1518 veritate
807 1487 872 1517 fidei

150 1542 294 1567 oceamus,
310 1541 392 1569 quam
409 1529 444 1558 de
464 1529 568 1567 justitia
589 1527 796 1557 conversationis
819 1538 825 1555 ε
845 1527 872 1555 in

132 1581 198 1610 pace
211 1577 300 1599 autem
314 1570 400 1609 magis
413 1567 519 1598 assidue
532 1568 566 1596 de
576 1567 680 1607 justitia
693 1566 873 1596 conversatio-

131 1610 183 1645 nis,
204 1620 286 1648 quam
303 1609 338 1638 de
358 1608 468 1638 veritate
483 1606 562 1637 fidei.
579 1606 715 1643 Quoniam
734 1605 762 1634 in
782 1616 871 1645 perse-

129 1649 305 1688 quutionibus
323 1648 434 1687 quidem
455 1647 518 1687 plus
529 1646 675 1676 necessaria
689 1652 728 1675 est
748 1644 870 1674 doctrina

130 1689 207 1726 fidei,
229 1699 311 1728 quam
331 1686 539 1718 conversationis
554 1686 602 1716 :in
615 1695 681 1725 pace
698 1691 786 1714 autem
839 1696 871 1715 us

131 1728 277 1758 necessaria
287 1734 327 1757 est
337 1727 458 1757 doctrina
472 1725 694 1760 conversationis,
702 1735 783 1763 quam
813 1724 868 1754 dei.

924 1409 1008 1438 iratus
1017 1409 1098 1438 suerit
1107 1409 1181 1438 fratri
1190 1420 1250 1445 su0,
1260 1419 1325 1438 reus
1335 1411 1388 1438 erit
1404 1409 1514 1449 judicio
1525 1420 1532 1437 :
1543 1409 1665 1448 sed,Qui
1675 1418 1761 1440 ΜαιιΙι.
1779 1420 1802 1443 5,

923 1451 986 1478 sine
1001 1459 1091 1478 causa
1112 1452 1204 1478 iratus
1217 1449 1324 1486 suerit.
1336 1449 1411 1478 Sicut
1423 1450 1496 1488 justa
1507 1449 1545 1478 ira
1557 1459 1609 1478 non
1627 1456 1665 1479 est
1675 1456 1713 1471 22·

923 1488 974 1522 ira,
985 1488 1033 1517 sed
1047 1488 1198 1528 diligenda.-
1209 1489 1248 1517 sic
1255 1487 1326 1526 justa
1342 1489 1476 1527 percussio
1488 1498 1540 1517 non
1553 1495 1591 1517 est
1603 1499 1664 1528 per-

923 1527 1022 1562 cussio,
1037 1527 1084 1556 sed
1098 1528 1236 1557 correctio.
1253 1527 1417 1556 Manducare
1429 1534 1455 1556 et
1465 1528 1558 1556 hibere
1571 1527 1609 1557 sic
1620 1528 1664 1557 in-

922 1566 1098 1605 telligendum
1108 1574 1157 1603 est,
1165 1568 1233 1596 sicut
1246 1577 1327 1607 supra
1345 1567 1508 1607 interpretati
1523 1577 1616 1596 sumus
1629 1567 1664 1596 de

922 1606 1145 1636 manducantibus
1167 1613 1193 1636 et
1212 1606 1366 1636 bibentibus
1387 1614 1447 1636 ante
1462 1606 1610 1643 diluvium,
1633 1606 1663 1636 id

922 1653 970 1681 est,
987 1646 1056 1675 male
1069 1645 1229 1675 manducare
1245 1653 1270 1675 et
1284 1646 1387 1676 bibere.
1402 1648 1514 1687 Propter
1523 1646 1597 1685 quod
1611 1657 1664 1676 non

922 1685 1079 1724 simpliciter
1094 1685 1161 1715 dicit
1179 1686 1339 1715 manducare
1352 1693 1378 1715 et
1397 1686 1498 1724 bibere,
1515 1686 1573 1722 sed,
1590 1687 1663 1716 Cum

922 1726 1007 1754 ebriis
1023 1737 1032 1753 .-
1046 1725 1074 1754 id
1088 1732 1137 1759 est,
1153 1735 1214 1754 cum
1235 1726 1429 1764 peccatoribus,
1444 1728 1491 1766 qui
1509 1727 1662 1757 tenebroso-

922 1775 982 1793 rum
996 1772 1105 1794 actuum
1116 1765 1183 1795 vitio
1196 1765 1264 1793 ebrii
1278 1772 1350 1802 sunt,
1365 1765 1399 1795 de
1413 1767 1512 1804 quibus
1522 1773 1548 1796 et
1561 1767 1662 1797 Paulus

130 1770 266 1805 Quoniam
280 1768 307 1797 in
331 1766 584 1808 persequutionibus
607 1774 659 1794 nou
684 1771 792 1804 propter
810 1774 872 1793 con-

921 1803 988 1834 dicit
1008 1817 1014 1832 :
1031 1805 1109 1833 Nam
1131 1806 1182 1844 qui
1201 1805 1350 1834 dormiunt
1362 1828 1369 1841 ,
1388 1812 1473 1834 nocte
1491 1807 1637 1836 dormiunt
1652 1818 1660 1835 .-
1676 1821 1695 1837 t.
1710 1812 1813 1837 mesas.

130 1808 309 1838 versationem
334 1817 410 1836 suam
435 1807 533 1835 bonam
561 1812 608 1834 aut
632 1804 729 1833 malam
761 1804 871 1833 veniunt

131 1847 279 1877 Christiani
291 1847 318 1876 in
332 1846 495 1886 periculum,
509 1845 556 1874 sed
565 1851 678 1885 *propter
691 1842 754 1872 fidei
767 1844 872 1872 confes-

130 1887 232 1916 sionem
245 1899 251 1915 :
265 1887 292 1916 in
306 1897 370 1926 pace
389 1892 478 1914 autem
499 1895 551 1914 non
571 1890 683 1924 propter
699 1882 779 1912 fidem
795 1893 871 1912 suam

131 1937 223 1956 veram
241 1926 427 1966 periclitantur
449 1924 610 1959 Christiani,
625 1923 673 1953 sed
685 1929 795 1962 propter
805 1933 869 1952 con-

130 1967 306 1995 versationem
333 1979 340 1994 :
367 1965 495 2004 quoniam
520 1964 547 1992 in
572 1962 777 2003 persequutione
804 1962 871 1991 fides

130 2006 343 2035 Christianorum
387 2004 529 2038 riclitauu,
540 2004 567 2032 in
578 2014 640 2043 pace
654 2009 742 2031 autem
752 2001 868 2042 justitia.

921 1850 950 1872 et
959 1847 1011 1883 qui
1022 1845 1215 1880 inebriantur,
1228 1851 1311 1874 nocte
1322 1847 1394 1874 ebrii
1404 1852 1483 1875 sunt.
1496 1845 1578 1876 Vides
1587 1857 1662 1886 ergo,
1674 1854 1696 1877 7-

921 1884 984 1922 quia
1004 1882 1164 1913 manducare
1185 1891 1211 1914 et
1235 1884 1329 1913 bibere
1356 1885 1539 1915 sacerdotibus
1554 1896 1606 1915 non
1625 1893 1666 1917 est

922 1930 1072 1967 peccatum,
1088 1923 1135 1952 sed
1155 1934 1218 1953 cum
1236 1923 1318 1953 ebriis
1336 1924 1497 1955 manducare
1510 1932 1536 1954 et
1548 1925 1639 1956 bibere
1653 1939 1664 1956 ε

921 1962 950 1991 id
963 1970 1012 1999 est,
1023 1963 1063 1992 sic
1076 1962 1247 1998 manducare,
1263 1963 1398 2002 quomodo
1414 1965 1482 1994 ebrii
1503 1965 1545 1994 illi
1558 1965 1664 1996 deside·

922 2009 992 2031 rant.
1017 2003 1077 2032 Non
1104 2003 1175 2031 enim
1197 2003 1276 2048 jubet
1300 2014 1348 2032 nos
1370 2004 1509 2044 Scriptura
1532 2005 1667 2035 malorum

130 2046 182 2075 46.
198 2047 307 2075 Beatus
323 2047 332 2073 ι’
358 2055 374 2073 e
388 2053 500 2079 servus,
517 2053 602 2083 quem
614 2053 678 2072 cum
691 2043 804 2070 venerit
819 2042 869 2070 do·
887 2047 905 2070 D
922 2052 1047 2081 personas
1058 2042 1218 2078 abominari,
1232 2043 1279 2072 sed
1291 2043 1452 2072 voluntates.
1466 2045 1535 2074 Nam
1550 2051 1575 2073 et
1586 2045 1670 2075 Chri-

131 2087 227 2114 minus
236 2086 308 2124 ejus,
319 2085 462 2114 invenerit
476 2085 518 2111 sic
531 2083 700 2120 facientem.
712 2080 870 2118 Quomodo?

131 2124 207 2154 Sicut
227 2124 351 2163 superius
374 2123 506 2157 diximus,
522 2122 549 2151 in
568 2121 631 2158 fide,
647 2121 675 2150 in
689 2121 829 2160 sapientia,
843 2122 871 2150 in

131 2170 250 2203 tempore
261 2170 423 2202 opportuno.
437 2163 469 2192 In
483 2161 547 2198 fide,
564 2169 592 2191 ut
603 2160 743 2190 credamus
754 2160 792 2189 sic
803 2170 870 2196 esse,

131 2202 201 2231 sicut
223 2202 361 2231 docemus.
380 2201 432 2231 Ille
449 2208 539 2230 autem
560 2200 692 2231 credendo
709 2199 804 2234 docet,
824 2200 872 2238 qui

131 2241 194 2271 facit
213 2240 287 2280 quod
309 2240 404 2270 docet:
419 2241 466 2278 qui
486 2247 575 2269 autem
596 2250 648 2268 non
672 2239 735 2268 facit
750 2239 870 2276 bonum,

131 2291 183 2311 nou
203 2280 287 2311 credit
303 2280 385 2310 bono.
406 2279 462 2316 Qui
483 2289 536 2308 non
558 2279 643 2308 credit
663 2279 690 2307 in
710 2278 797 2313 bono,
819 2288 871 2307 non

131 2321 209 2350 docet
220 2321 247 2349 in
259 2320 312 2349 fide
327 2318 394 2358 :qui
407 2325 497 2348 autem
515 2329 576 2347 cum
598 2317 651 2347 fide
665 2327 717 2346 non
753 2316 871 2353 raedicat,

131 2371 184 2390 non
197 2361 286 2390 solum
300 2369 352 2388 non
366 2365 406 2387 est
418 2358 511 2387 beatus
525 2357 570 2386 ille
580 2367 684 2391 servus,
699 2367 726 2386 se
757 2356 873 2385 multum

135 2400 232 2429 infelix
247 2398 325 2438 :quia
336 2398 404 2426 alios
421 2396 530 2436 quidem
543 2396 632 2431 docet,
642 2407 670 2425 se
682 2403 770 2425 autem
784 2396 872 2435 negli-

134 2439 183 2477 git.
195 2439 240 2468 Sic
250 2438 406 2478 prudenter,
418 2437 482 2475 quia
496 2446 548 2465 non
561 2446 664 2474 semper
677 2435 778 2470 omnia,
788 2445 874 2474 neque

89 2491 93 2493 ·
135 2478 263 2507 omnibus
282 2477 371 2506 omnia
391 2483 451 2506 sunt
477 2474 597 2504 dicenda.
622 2475 783 2513 Frequenter
807 2474 872 2509 illa,

133 2527 193 2555 quae
207 2517 274 2546 alios
290 2516 434 2552 aedificant,
449 2515 516 2544 alius
529 2514 681 2544 destruunt.
696 2514 773 2544 Sicut
787 2514 873 2543 infan—

134 2556 208 2586 tibus
221 2567 279 2585 esca
298 2562 417 2585 mutatur
437 2553 586 2584 secundum
603 2560 717 2590 aetatem,
730 2553 768 2583 sic
783 2553 810 2582 in
826 2564 875 2593 po-

137 2595 202 2636 pulo
227 2594 374 2625 secundum
399 2594 525 2624 virtutem
552 2592 672 2622 doctrina
694 2599 857 2633 temperatur
867 2615 874 2627 ,

922 2089 978 2111 stus
992 2091 1054 2110 cum
1068 2082 1222 2122 publicanis
1235 2089 1260 2111 et
1273 2083 1458 2122 peccatoribus
1477 2083 1661 2118 manducavit,

922 2121 971 2150 sed
983 2131 1035 2150 non
1051 2123 1088 2150 sic
1100 2121 1234 2160 quomodo
1254 2122 1391 2162 publicani
1411 2130 1437 2152 et
1456 2131 1603 2164 peccatores
1617 2136 1669 2153 vo·

923 2160 1020 2189 lebant.
1035 2162 1092 2191 Nec
1101 2161 1197 2191 vitium
1218 2171 1297 2191 suum
1316 2162 1413 2200 aliquis
1427 2164 1485 2193 Scri
1507 2170 1572 2193 turae
1591 2164 1669 2192 illius.

923 2201 1079 2229 auctoritate
1092 2199 1227 2234 defendat,
1244 2212 1303 2240 quae
1314 2201 1392 2240 jubet
1403 2213 1461 2231 sace
1496 2210 1564 2232 otem
1578 2203 1666 2242 hospi-

924 2239 1003 2269 talem
1022 2250 1078 2270 esse
1099 2239 1207 2270 debere.
1231 2242 1406 2280 Hospitalitas
1429 2243 1500 2270 enim
1525 2252 1575 2270 non
1594 2242 1664 2270 circa

922 2278 1064 2308 deliciosos
1079 2279 1153 2309 cibos
1169 2286 1193 2309 et
1214 2291 1323 2319 magnos
1339 2281 1487 2310 ostenditur
1497 2303 1505 2317 ,
1527 2281 1574 2309 sed
1594 2281 1663 2310 circa

923 2318 1044 2347 assiduas
1053 2319 1234 2358 susceptiones
1249 2320 1436 2359 impotentium
1451 2320 1663 2358 peregrinorum,

926 2364 955 2386 ut
969 2357 1136 2398 hospitalitas
1150 2366 1237 2388 nostra
1250 2369 1302 2387 non
1315 2359 1349 2387 ab
1362 2359 1515 2387 hominibus
1528 2358 1662 2395 laudetur,

926 2396 974 2426 sed
986 2408 1002 2426 a
1014 2399 1070 2427 Deo
1085 2398 1224 2427 sentiatur.
1241 2399 1310 2427 Nam
1326 2397 1452 2426 deliciosa
1466 2398 1588 2427 convivia
1603 2408 1664 2426 ma-

928 2436 968 2476 gis
984 2436 1121 2467 luxuriam
1135 2444 1268 2470 accusant,
1283 2447 1362 2474 qnam
1385 2436 1576 2465 humanitatem
1590 2447 1663 2466 com-

929 2472 1063 2506 mendant.
1082 2477 1156 2506 Dicit
1168 2476 1239 2505 enim
1251 2476 1376 2505 Salomon
1392 2487 1399 2505 ι
1414 2476 1460 2503 Ne
1472 2476 1622 2505 delecteris
1632 2478 1663 2505 in
1673 2485 1745 2507 Erret.
1761 2485 1804 2514 37.

930 2517 1025 2545 multa
1038 2517 1214 2555 epulatione,
1230 2525 1282 2543 nec
1294 2516 1326 2542 in
1336 2516 1466 2553 turpibus
1487 2521 1515 2543 et
1536 2516 1664 2545 modicis.
1674 2516 1714 2538 32.

928 2555 1002 2594 Ergo
1021 2565 1068 2584 nec
1087 2555 1203 2583 multum
1226 2553 1407 2592 permittitur,
1428 2564 1476 2582 nec
1492 2554 1626 2584 modicum
1641 2562 1668 2584 et

930 2595 1087 2633 pretiosum.
1103 2593 1151 2622 ⁵0.
1170 2593 1271 2621 Veniet
1291 2592 1428 2622 dominus
1440 2594 1504 2631 ejus
1522 2594 1595 2623 liora
1609 2604 1669 2634 qua
