1890 2826
679 229 714 252 m
741 229 866 261 ιεΑιΛΜ,
895 229 973 252 ων.
1004 231 1039 253 ιι.
1605 222 1647 255 23

25 324 30 331 ,
80 303 140 322 νων.
154 294 207 323 Καὶ
216 293 267 332 γὰρ
281 293 324 322 ὅτι
336 293 381 322 τὸν
400 292 511 331 Συμεὼν
529 291 573 321 καὶ
593 291 638 321 τὸν
650 291 715 320 Λευὶ
736 291 849 324 καλέσας

80 341 94 368 ὁ
115 338 212 368 ’Imm
223 361 231 375 ,
259 343 442 379 προαναφωνεῖ
470 338 504 367 τὰ
524 337 716 377 συμὸησόμενα
740 339 847 374 αὐτοῖς,

81 386 162 419 οὕτως
173 385 259 425 ἔλεγε·
279 385 390 424 Συμεὼν
413 382 458 414 καὶ
474 385 539 414 Λευὶ
553 384 678 424 ἀδελφοὶ,
702 384 748 414 καὶ
762 395 846 419 κατη-

79 431 195 471 γορήσας
204 432 290 461 αὐτῶν
303 433 351 466 τῆς
363 430 528 471 παρανομίας
538 454 546 467 ,
560 430 606 460 καὶ
617 433 664 466 τῆς
677 430 769 459 ἀδίκου
782 441 849 469 σφα·-

80 479 130 517 γῆς
151 480 200 513 τῆς
219 479 256 511 εἷς
279 477 338 510 τοὺς
362 477 512 516 Σικημίτας
533 476 721 516 γεγενημένης,
750 475 849 515 προϊών

82 534 163 564 φησι·
185 525 321 563 Διαμεριῶ
344 523 438 557 αὐτοὺς
460 525 488 552 ἐν
510 522 622 558 Ἰακὼὸ,
649 522 693 552 καὶ
716 523 850 560 διασπερῶ

82 569 176 603 αὐτοὺς
186 571 213 599 ἐν
226 570 344 610 Ἰσραήλ.
367 571 453 600 Τοῦτο
480 569 508 599 δὲ
522 569 566 598 ἐπὶ
590 571 635 597 τοῦ
661 568 724 597 Λευὶ
741 568 785 597 καὶ
804 570 849 596 τοῦ

83 614 194 653 Συμεὼν
214 616 297 649 οὐδεὶς
316 616 347 645 ἂν
371 616 422 645 ἴδοι
441 615 630 655 γεγενημένον,
653 614 712 643 ἀλλ’
730 614 775 643 ἐπὶ
798 616 850 642 τῶν

83 662 172 701 φυλῶν
194 663 248 691 τῶν
267 662 294 696 ἐξ
314 663 409 691 αὐτῶν.
430 662 484 692 Καὶ
501 661 552 701 γὰρ
574 663 591 697 ἡ
616 664 663 690 τοῦ
688 660 754 689 Λευὶ
780 659 849 700 φυλὴ

83 708 226 748 διεσπάρη,
248 708 280 738 τὸ
295 708 402 738 δέκατον
424 707 502 748 μέρος
527 709 608 743 αὐτῆς
630 707 743 742 ἑκάστης
767 708 850 746 φυλῆς

82 753 230 794 ἐχούσης-ἤ
240 766 269 784 τε
282 757 329 783 τοῦ
343 754 465 794 Συμεὼν,
474 755 533 791 ἥτις
541 755 572 784 τὸ
584 754 648 784 αὐτὸ
660 753 752 794 σχεδὸν
760 754 850 788 ἔπαθε,

82 799 179 833 πάσαις
193 801 284 834 αὐταῖς
297 803 497 841 ·παρεκταθεῑσα
518 800 587 830 κατὰ
600 800 644 830 τὸν
659 802 755 839 κλῆρον
767 822 775 835 ,
805 799 851 828 καὶ

83 847 146 885 οὐχ,
166 847 202 880 ὣς
213 846 312 882 ἑκάστη
326 847 379 876 τῶν
397 847 484 876 ἄλλων
495 867 504 882 ,
528 846 697 885 συνημμένην
711 844 790 875 ἔλαὸε
804 845 851 882 ἰὴν

901 292 1013 330 quitate,
1024 292 1174 332 injustaque
1193 293 1380 323 Sicemitarum
1394 294 1477 331 caede,
1492 295 1520 324 in
1534 305 1648 333 sequen—

900 340 973 370 tibus
988 341 1047 370 ait.-
1067 341 1207 371 Dividam
1228 352 1275 371 eos
1297 343 1329 371 in
1348 342 1444 371 Jacob
1457 363 1466 377 ,
1489 349 1516 372 et
1540 343 1647 382 disper·
1658 349 1781 378 1b1‹t.v.7.

901 397 969 427 gam
985 387 1054 416 illos
1071 389 1103 416 in
1121 389 1292 419 IsraiiLHoc
1307 395 1397 418 autem
1414 399 1492 418 nemo
1510 389 1610 418 dixerit
1619 389 1646 418 in

901 434 968 463 Levi
977 440 1003 463 et
1011 431 1145 473 Symeone
1164 434 1264 463 factum
1285 444 1352 469 esse,
1373 434 1421 464 sed
1434 434 1462 464 in
1473 434 1598 464 tribubus
1613 446 1648 464 cx

900 480 938 509 eis
949 480 1103 519 progenitis.
1114 481 1184 510 Nam
1197 480 1285 510 tribus
1295 481 1363 511 Levi
1377 481 1496 521 dispersa
1510 488 1560 518 est,
1570 481 1605 510 ita
1618 489 1647 511 ut

901 525 1033 555 decimam
1046 533 1150 566 partem
1165 537 1224 567 ejus
1241 537 1406 566 unaquaeque
1419 527 1506 556 tribus
1518 527 1644 558 haberet;

902 574 989 603 tribus
1006 574 1070 603 item
1089 574 1230 614 Symeonis
1247 585 1306 613 quae
1324 574 1445 615 idiPsum
1463 575 1517 604 fere
1536 582 1646 614 experta

901 628 951 657 est,
964 630 1013 661 per
1023 631 1115 650 omnes
1124 621 1185 650 illas
1194 628 1303 651 extensa
1311 632 1360 661 per
1365 628 1474 658 sortem,
1484 631 1536 650 non
1547 632 1645 660 quem—

902 666 1049 695 admodum
1064 667 1134 703 aliae,
1147 666 1316 706 conjunctam
1327 673 1354 696 et
1366 666 1448 696 simul
1459 666 1646 707 conglobatam

902 712 997 742 habuit
1009 712 1192 742 hereditatem.
1208 712 1293 742 Jacob
1301 712 1382 742 etiam
1393 722 1428 742 ex
1441 712 1556 752 acceptis
1569 723 1585 742 a
1598 718 1647 752 p'a-

902 765 942 787 tre
954 758 1197 793 benedictionibus,
1215 758 1320 788 nullam
1334 758 1391 798 ipse
1406 764 1585 796 consequutus
1599 765 1645 787 est.

902 805 980 832 Pater
989 803 1062 833 enim
1072 804 1157 844 ipsius
1171 804 1279 843 longam
1297 803 1498 844 prosperitatem
1512 803 1564 843 ipsi
1577 815 1646 844 prae-

903 848 1018 884 dixerat,
1029 856 1054 878 et
1062 856 1221 889 perpetuum
1229 848 1258 878 in
1267 849 1340 879 Esaii
1347 849 1514 878 dominatum
1524 871 1532 886 ‚
1548 849 1571 878 is
1583 860 1647 879 vero

82 892 242 932 κληρουχίαν
250 914 259 927 ,
272 892 318 922 καὶ
330 893 396 933 πρὸς
419 892 514 929 ἑαυτὴν
528 892 783 932 συγκεκροτημένην.
798 892 851 921 Καὶ
867 897 887 920 D
903 892 1029 922 inrerum
1042 893 1250 923 necessariarum
1259 894 1372 933 penuria
1384 900 1450 930 erat,
1458 893 1649 922 mercenarius-

82 939 97 966 ὁ
111 937 209 966 Ἰακὼὸ
219 937 358 977 δεξάμενος
370 938 487 978 εὐλογίας
500 938 574 979 παρὰ
591 941 636 968 τοῦ
651 938 764 978 πατρὸς,
779 939 852 967 οὐδε-

83 987 146 1021 μιᾶς
165 984 251 1012 αὐτῶν
269 984 421 1020 ἀπήλαυσεν
442 984 530 1018 αὐτός.
556 984 590 1014 ςΟ
615 985 662 1024 μὲν
689 984 740 1024 γὰρ
763 984 852 1023 πατὴρ

83 1029 163 1058 αὐτοῦ
176 1028 318 1069 προύλεγεν
332 1030 468 1071 εὐετηρίαν
482 1031 584 1067 πολλὴν
594 1053 602 1066 ,
621 1031 666 1060 καὶ
681 1032 787 1066 διηνεκῆ
811 1031 853 1060 δε·

82 1073 206 1104 στωτείαν
227 1078 274 1104 τοῦ
300 1074 401 1105 Ἡσαῦ·
423 1072 498 1109 οὗτος
519 1077 547 1106 δὲ
569 1076 614 1105 καὶ
627 1078 679 1105 τῶν
704 1076 852 1114 ἀναγκαίων

83 1119 191 1159 ἠπόρει,
214 1119 259 1150 καὶ
272 1122 388 1156 θητεύων
402 1121 541 1162 ἐτρέφετο,
556 1122 600 1151 καὶ
613 1125 735 1151 τοσοῦτον
751 1121 852 1161 ἀπέσχε

83 1167 214 1203 κρατῆσαι
233 1166 361 1206 τάδελφοῦ
371 1187 379 1202 ,
403 1166 444 1196 ὅτι
467 1166 498 1202 δὴ
517 1168 562 1197 καὶ
575 1167 636 1207 περὶ
651 1169 737 1197 αὐτῶν
750 1167 852 1196 ἐκινδύ-

84 1222 141 1240 νευε
152 1213 203 1241 τῶν
227 1213 362 1253 ἐσχάτων,
388 1213 433 1243 καὶ
446 1213 516 1247 ἅπαξ
537 1215 609 1253 αὐτῷ
624 1213 759 1253 συντυχὼν
775 1213 852 1251 μόνον

84 1257 152 1295 μετὰ
164 1259 263 1288 πολλοῦ
276 1261 322 1288 τοῦ
335 1259 424 1295 δέους,
444 1260 567 1299 ἠγάπησε
581 1259 612 1289 τὸ
631 1260 772 1294 δυνηθῆναι
795 1260 854 1288 δια·-

83 1303 172 1344 φυγὼν
185 1304 264 1334 αὐτὸν
277 1305 322 1334 καὶ
336 1307 461 1341 σωθῆναι.
487 1305 523 1335 Τί
546 1301 590 1334 οὖν
611 1305 642 1334 ἂν
657 1305 774 1344 εἴποιμεν
789 1305 855 1345 πρὸς

83 1352 182 1385 ταῦτα,
201 1349 242 1379 ὅτι
254 1351 348 1391 ψεῦδος
370 1352 574 1392 ἡ.προφητεία;
597 1351 697 1391 Ἄπαγε
709 1363 716 1370 ·
735 1353 793 1381 ἀλλ’
813 1351 854 1381 ὅτι

84 1399 199 1426 τοιοῦτον
214 1399 296 1433 αὐτῆς
314 1398 450 1438 πολλαχοῦ
476 1398 507 1428 τὸ
530 1397 603 1434 ἔθος,
625 1398 659 1428 τὰ
680 1399 739 1438 αἐφ’
758 1398 854 1438 ἑτέρων

84 1441 250 1482 ἐκβησόμενα
267 1442 363 1483 ἑτέρων
384 1443 563 1482 ὑποκειμένων
588 1443 737 1483 προσώπων
750 1443 836 1483 λέγειν
847 1466 855 1480 ,

85 1488 129 1518 καὶ
143 1484 341 1529 ἀποκεχρῆσθαι
365 1489 491 1529 ὀνόμασιν
512 1490 601 1523 ἄλλοις
625 1491 680 1519 ἀνθ’
706 1490 814 1530 ἑτέρων·
842 1491 856 1520 ὃ

84 1534 130 1563 καὶ
142 1534 187 1564 ἐπὶ
199 1538 245 1564 τοῦ
264 1535 372 1564 Χαναὰν
388 1535 502 1575 γέγονεν.
521 1535 592 1565 Οὐδὲ
605 1535 657 1575 γὰρ
673 1538 775 1576 ὁρῶμεν
788 1538 856 1566 ἐκεῖ·

85 1592 128 1610 νον
139 1580 315 1610 δουλεύσαντα
326 1585 381 1615 τοῖς
398 1582 527 1621 ἀδελφοῖς,
542 1583 571 1611 οὔ
591 1582 642 1620 μὴν
657 1582 715 1611 οῦδὲ
727 1581 775 1617 τὴν
791 1582 855 1622 ἀρὰν

86 1626 260 1656 διαπεσοῦσαν
268 1649 277 1663 ,
303 1627 362 1657 ἀλλ’
378 1628 423 1657 ἐπὶ
435 1629 488 1657 τῶν
499 1629 521 1657 Γ
523 1628 678 1657 αὸαιονιτῶν
686 1628 818 1657 λαὸοῦσαν
827 1628 857 1658 τὸ

85 1672 159 1706 τέλος
172 1675 224 1702 τῶν
236 1674 267 1703 ἐκ
276 1676 322 1703 τοῦ
335 1673 443 1714 Χαναὰν
453 1674 605 1714 γεγονότων.
618 1674 670 1703 Καὶ
681 1675 733 1714 γὰρ
745 1675 771 1704 ἐν
787 1674 858 1708 τάξει

87 1720 152 1759 ἀρᾶς
161 1719 309 1759 προφητεία
321 1719 351 1748 τὸ
365 1719 504 1758 λεγόμενον
519 1715 561 1755 ἦν.

127 1764 267 1794 Τοσούτων
279 1764 365 1794 τοίνυν
377 1765 422 1794 καὶ
436 1765 559 1794 τοιούτων
573 1765 655 1795 ὄντων
669 1765 853 1804 παραδειγμά-

87 1822 140 1839 των
153 1813 206 1840 τῶν
217 1810 424 1840 ἀποδεικνύντων
434 1813 499 1850 ἡμῖν
507 1833 515 1846 ,
529 1810 570 1840 ὅτι
582 1811 669 1840 πολλὰ
679 1814 732 1840 τῶν
746 1811 856 1850 εἰρημέ-

87 1869 138 1886 νων
150 1856 257 1896 λέγεται
278 1856 325 1896 μὲν
343 1858 384 1897 ἐφ’
399 1856 513 1896 ἐτέρωνξ,
529 1855 644 1886 ἐκὸαίνει
656 1856 683 1886 δὲ
696 1858 739 1886 ἐπ’
753 1857 855 1892 ἄλλων,

87 1900 133 1930 καὶ
146 1900 270 1940 ὀνόμασιν
284 1900 481 1940 ἀποκέχρηνται
501 1901 525 1928 οἱ
539 1902 687 1940 προφῆται,
711 1901 737 1929 τί
754 1903 855 1939 θαυμα-

89 1946 149 1976 στὸν
168 1949 191 1976 εἰ
205 1947 249 1976 καὶ
263 1950 307 1976 νῦν
321 1946 352 1975 τὸ
362 1948 409 1981 τῆς
423 1945 552 1978 Ἰουδαίας
563 1945 607 1975 καὶ
620 1948 669 1981 τῆς
681 1946 856 1986 Ἰερουσαλὴμ

86 1992 190 2033 προθεὶς
214 1992 296 2031 ὄνομα
322 1994 336 2020 ὃ
359 1990 512 2032 προφήτης,
540 1991 601 2030 περὶ
625 1993 672 2026 τῆς
695 1991 856 2028 Ἐκκλησίας

87 2043 286 2079 προαναφωνεῖ;
310 2038 364 2067 Καὶ
387 2037 438 2077 γὰρ
464 2037 555 2073 ἐπειδὴ
578 2037 643 2077 πρὸς
667 2038 820 2077 ἀγνώμονας
841 2039 855 2066 ὁ

86 2084 162 2124 λόγος
182 2080 215 2121 ἦν
239 2087 310 2124 αὐτῷ
319 2107 327 2121 ,
350 2084 486 2124 προφήτας
500 2085 670 2124 ἀναιροῦντας
679 2106 687 2119 ,
710 2084 743 2113 τὰ
764 2084 855 2123 βιὸλία

86 2130 206 2164 καίοντας
216 2155 224 2167 ,
241 2131 276 2161 τὰ
288 2131 461 2170 θυσιαστήρια
475 2130 723 2166 κατασκάπτοντας,
748 2131 854 2164 εἰκότως

86 2178 116 2207 τὸ
137 2177 264 2216 κάλυμμα
286 2178 370 2207 ἔκειτο
392 2177 437 2207 ἐπὶ
458 2178 492 2216 τῇ
515 2176 660 2216 ἀναγνώσει
678 2178 726 2211 τῆς
739 2179 854 2211 παλαιᾶς

87 2221 229 2259 Διωθήκης,
242 2222 311 2252 κατὰ
323 2222 368 2251 τὸν
380 2222 508 2261 μακάριον
520 2222 635 2251 Παῦλον.
650 2216 689 2250 ’ἿΙ
702 2221 753 2261 γὰρ
763 2222 794 2251 ἂν
808 2222 853 2251 καὶ

87 2269 216 2309 ἠφάνισαν
230 2269 263 2299 τὰ
277 2269 366 2309 §amia
375 2292 382 2306 ‚
404 2271 428 2298 εἷ
442 2272 557 2305 συνῆκαν
570 2271 617 2304 τῆς
632 2268 793 2308 προφητείας
804 2269 852 2304 τὴν

88 2315 196 2354 δύναμιν
208 2317 256 2351 τῆς
268 2315 329 2355 περὶ
345 2319 391 2346 τοῦ
412 2317 538 2355 Χριστοῦ.
560 2315 647 2344 εὈπου
667 2315 717 2354 γὰρ
735 2315 853 2355 παρόντα

88 2362 166 2391 αὐτὸν
175 2383 184 2397 ,
205 2362 250 2391 καὶ
260 2364 506 2402 Θαυματουργοῧντα
514 2385 522 2398 ,
536 2361 580 2391 καὶ
591 2363 682 2396 ἐντελῆ
696 2364 743 2397 τῆς
756 2361 852 2396 οἰκείας

88 2407 220 2446 δυνάμεως
238 2408 339 2443 καὶτῆς
349 2407 413 2448 πρὸς
425 2408 470 2438 τὸν
482 2407 591 2448 Πατέρα
605 2407 756 2447 συμφωνίας
767 2419 795 2437 τε
809 2408 853 2437 καὶ

87 2454 206 2492 ὁμονοίας
225 2453 404 2493 παρεχόμενον
424 2454 472 2490 τὴν
484 2453 615 2487 ἀπόδειξιν
629 2454 676 2482 οὐκ
689 2453 853 2492 ᾐδέσθησαν,

88 2505 146 2534 οὐδὲ
158 2504 310 2540 ἀπέστησαν
324 2505 372 2538 ἕως
386 2504 551 2544 ἐσταύρωσαν
561 2526 568 2539 ,
589 2507 598 2519 ¹¹
611 2505 694 2544 σχολῇ
707 2516 737 2543 γε
757 2504 787 2532 ἂν
802 2505 854 2533 τῶν

120 2590 130 2601 ⁶
148 2581 189 2618 ἐφ’
202 2585 283 2617 ἑτέρων
295 2581 364 2607 deest
375 2582 401 2606 in
413 2581 489 2607 Savil.
504 2587 529 2606 et
540 2582 600 2614 neg.
623 2581 714 2614 [Supra
731 2586 768 2608 καί
781 2587 838 2608 aute

89 2625 182 2650 οωθῆναι
193 2621 289 2646 omittit
300 2620 386 2652 Savil.,
397 2619 472 2645 habet
483 2619 582 2652 Mon-el]

904 949 956 978 que
965 939 1097 977 alebatur,
1109 945 1266 978 tantumque
1279 939 1370 968 aberat
1387 946 1416 968 ut
1434 939 1581 979 imperium
1594 939 1647 968 ha-

904 985 979 1014 beret
990 985 1017 1015 in
1028 986 1135 1015 fratrem
1148 1007 1155 1022 ‚
1169 992 1199 1014 ut
1210 984 1244 1014 de
1262 984 1318 1014 vita
1339 984 1536 1024 periclitaretur
1545 1005 1554 1021 ,
1568 991 1594 1014 et
1607 995 1648 1014 se-

904 1032 957 1061 mel
968 1032 1009 1060 illi
1021 1032 1119 1062 obvius
1132 1042 1195 1060 cum
1208 1031 1294 1060 multo
1307 1030 1404 1060 timore
1414 1031 1511 1068 factus,
1525 1031 1594 1060 bene
1605 1041 1647 1060 se-

904 1088 966 1107 cum
986 1084 1075 1107 actum
1099 1076 1218 1117 putarit,
1239 1075 1312 1115 quod
1335 1077 1452 1116 potuerit
1474 1087 1569 1106 manus
1590 1077 1648 1117 ejus

904 1124 1030 1163 effugere.
1040 1122 1116 1160 Quid
1125 1123 1209 1162 igitur
1219 1122 1255 1151 ad
1264 1122 1322 1152 haec
1333 1122 1455 1152 dicamus
1462 1123 1476 1152 Ξ)
1491 1133 1524 1152 an
1537 1122 1650 1152 menda-

904 1180 962 1199 cem
981 1179 1037 1199 esse
1057 1168 1245 1208 prophetiam?
1267 1168 1346 1197 Absit
1367 1180 1374 1196 :
1398 1168 1446 1198 sed
1466 1169 1526 1208 ejus
1547 1179 1649 1198 morem

903 1215 975 1244 hunc
984 1225 1054 1254 saepe
1062 1224 1128 1251 esse,
1144 1220 1173 1243 ut
1184 1224 1215 1242 ea
1224 1223 1283 1252 quae
1292 1220 1355 1243 sunt
1367 1213 1428 1243 aliis
1438 1220 1576 1251 eventura,
1589 1214 1650 1243 aliis

903 1260 1024 1301 personis
1049 1259 1203 1296 adscribat,
1222 1266 1250 1289 et
1265 1259 1319 1288 alia
1341 1270 1392 1299 pro
1410 1259 1472 1288 aliis
1490 1260 1647 1289 nominibus

905 1312 1014 1345 usurpet
1029 1317 1036 1334 :
1051 1304 1081 1334 id
1093 1304 1168 1343 quod
1182 1304 1262 1334 etiam
1279 1305 1306 1333 in
1327 1305 1471 1334 Chanaano
1486 1305 1586 1335 factum
1602 1312 1650 1335 est.
1674 1323 1800 1345 Maledicnio

904 1353 998 1391 Neque
1016 1350 1088 1380 enim
1104 1350 1228 1380 videmus
1249 1351 1328 1380 illum
1353 1351 1495 1381 servivisse
1520 1351 1650 1380 fratribus
1660 1354 1788 1390 Chaunoi*

870 1397 888 1420 Ε
906 1398 972 1435 suis,
988 1408 1074 1436 neque
1083 1397 1164 1427 etiam
1177 1396 1393 1427 maledictionem
1406 1396 1548 1435 excidisse,
1562 1397 1609 1427 sed
1622 1397 1650 1427 in
1661 1385 1803 1438 :Ecabggnv

1767 1425 1800 1437 cm

906 1443 1063 1474 Gabaonitis
1068 1454 1103 1473 ex
1113 1443 1259 1472 Chanaano
1265 1443 1331 1472 ortis
1340 1443 1422 1472 finem
1428 1443 1569 1483 accepisse.
1582 1444 1652 1472 Nam
1661 1449 1754 1476 net-epu.

906 1490 935 1520 id
950 1490 1026 1529 quod
1042 1489 1182 1520 dicebatur
1203 1489 1344 1529 prophetia
1362 1496 1418 1519 erat
1430 1511 1438 1526 ‚
1457 1489 1652 1519 maledictionis

906 1538 992 1567 forma
1006 1537 1121 1577 prolata.

869 1741 893 1758 20

872 1768 891 1789 Λ
948 1765 976 1792 92.
1000 1763 1071 1791 Cum
1085 1768 1123 1790 tot
1136 1770 1199 1799 ergo
1210 1760 1329 1799 taliaque
1346 1759 1492 1788 habeamus
1509 1760 1631 1799 exempla
1642 1782 1650 1794 ,

908 1807 1007 1846 quibus
1029 1806 1175 1846 probatur,
1194 1805 1280 1833 multa
1303 1815 1362 1843 quae
1387 1804 1516 1833 dicuntur
1537 1804 1571 1833 de
1590 1804 1651 1833 aliis

908 1852 1030 1893 proferri,
1041 1851 1104 1881 etin
1113 1850 1175 1879 aliis
1186 1849 1316 1885 accidere,
1329 1856 1355 1878 et
1371 1848 1526 1877 nominihus
1537 1848 1576 1878 sic
1589 1859 1652 1878 usos

908 1910 964 1929 esse
971 1895 1194 1939 prophetas,quid
1201 1895 1302 1924 mirum
1310 1895 1333 1924 si
1339 1905 1410 1924 nunc
1418 1905 1513 1924 nomen
1521 1896 1538 1925 J
1541 1894 1620 1924 udaeae
1626 1903 1652 1925 et

907 1945 1056 1976 Jerusalem
1067 1942 1197 1984 propheta
1217 1951 1360 1981 usurpans,
1374 1940 1409 1970 de
1422 1940 1543 1970 Ecclesia
1554 1941 1650 1971 vatici-

907 1990 1005 2022 netur?
1015 1991 1084 2020 Nam
1089 1988 1272 2029 quiaingratis
1279 1987 1450 2026 loquebatur,
1460 1987 1604 2027 prophetas
1609 1998 1653 2017 oc-

905 2037 1066 2072 cidentibus,
1078 2035 1163 2064 libros
1171 2033 1403 2069 comburentibus,
1412 2043 1473 2062 aras
1484 2032 1651 2062 suffodienti-

904 2084 966 2120 hus,
969 2083 1033 2123 jure
1045 2081 1165 2111 velamen
1182 2079 1248 2120 ipsis
1265 2078 1421 2119 impositum
1436 2085 1492 2107 erat
1502 2078 1529 2107 in
1538 2078 1651 2108 lectione
1661 2093 1683 2108 2.
1696 2086 1748 2108 Cor.
1761 2085 1783 2108 J.

905 2130 1012 2162 Veteris
1023 2128 1207 2164 Testamenti,
1224 2126 1371 2156 secundum
1392 2125 1500 2155 beatum
1522 2126 1648 2156 Paulum.
1664 2117 1698 2145 ¹4·

905 2177 1033 2216 Alioquin
1043 2176 1129 2205 libros
1140 2174 1320 2210 sustulissent,
1330 2173 1353 2202 si
1367 2173 1514 2213 prophetia)
1523 2172 1557 2202 de
1567 2174 1649 2203 Chri-

904 2234 945 2256 sto
971 2225 1028 2256 vim
1053 2222 1256 2252 intellexissent.
1290 2221 1360 2250 cum
1395 2221 1466 2248 enim
1495 2227 1650 2259 praesentem

868 2269 886 2292 Β
903 2273 993 2312 ipsum
1019 2268 1149 2298 miracula
1177 2267 1315 2301 edentem,
1341 2265 1536 2305 perfectamque
1554 2272 1647 2304 poten-

903 2319 945 2348 tiae
966 2327 1020 2347 suae
1043 2323 1069 2345 et
1091 2323 1234 2344 consensus
1258 2311 1459 2349 concordiaeque
1484 2322 1548 2341 cum
1572 2312 1649 2340 Patre

903 2361 1154 2394 demonstrationem
1173 2359 1360 2394 exhibentem,
1373 2367 1426 2386 non
1448 2357 1557 2387 reveriti
1576 2357 1646 2393 sint,

904 2421 989 2449 neque
1007 2407 1158 2448 qtrievcrint
1181 2405 1266 2434 donec
1288 2414 1350 2433 eum
1368 2402 1579 2436 crucifixissent,
1598 2403 1646 2432 vix

904 2456 1082 2497 pepercissent
1095 2453 1128 2482 iis
1138 2475 1145 2489 ,
1159 2451 1207 2491 qui
1220 2450 1255 2479 dc
1270 2450 1327 2490 ipso
1345 2448 1451 2487 loquuti
1464 2455 1565 2481 essent,
1581 2459 1647 2486 quos

906 2503 991 2532 nihilo
1005 2501 1094 2531 minus
1108 2500 1258 2537 frequenter
1271 2494 1434 2535 lapidabant.
1454 2493 1516 2523 Ideo
1529 2494 1647 2533 propriis

921 2588 930 2600 ⁸
948 2581 1009 2612 Reg.
1031 2581 1100 2611 σχολῇ
1113 2581 1156 2609 γὰρ
1168 2582 1219 2601 τῶν.
1239 2572 1315 2599 Savil.
1338 2574 1408 2605 σχολῇ
1427 2582 1450 2603 γι
1470 2578 1521 2596 τῶν.
1542 2571 1646 2596 Praestat

889 2619 962 2644 lectio
973 2616 1124 2643 Morellianae
1135 2613 1267 2645 Edhiouis,
1278 2617 1303 2636 et
1315 2616 1351 2635 est
1361 2611 1386 2635 iu
1400 2610 1529 2635 Bavarico.

1456 2643 1485 2673 3.
