1904 2840
11 1515 88 1533 nvn!

0 2259 66 2281 beera
69 2268 92 2281 ο-

17 2292 90 2312 uvari-

0 2325 88 2345 Μδίνπ,

653 139 687 161 ΙΝ
714 138 918 162 ΜΑΤΤΗΕΟΜ.
948 139 1071 163 notin„
1099 141 1195 164 XLIV·

1605 146 1677 182 929

136 199 282 229 sanctificat
295 198 479 238 evangelium,
505 208 588 238 quam
605 199 788 244 evangelium,
803 199 876 238 quod
894 207 912 230 Α
929 200 1042 238 quidem
1054 202 1131 232 lucro
1144 202 1258 232 sollicite
1277 203 1407 246 agebant,
1428 204 1463 234 de
1480 205 1567 244 gloria
1586 214 1675 237 autem

135 238 315 268 sanctificatur
338 248 353 267 a
377 239 444 268 Deo,
468 239 518 268 25.
539 238 590 267 Vae
610 240 707 274 vobis,
733 240 834 268 scriboe
848 245 877 268 et

135 278 282 307 Phartsaet
290 278 463 316 hypocritae,
472 279 523 316 qui
533 278 684 307 decimatis
696 284 835 314 mentam,
848 285 876 307 et

134 318 285 353 anethum,
302 323 331 346 et
343 319 506 354 eyminum,
519 323 547 346 et
559 318 718 357 reliquistis
733 328 798 357 quoe
808 328 875 357 gra-

135 357 217 385 viora
229 363 298 386 sunt
318 357 400 396 legis,
415 356 572 397 judicium,
588 363 617 386 et
635 359 873 394 misericordiam,

133 396 270 435 etfidem.
283 397 419 434 Quoniam
428 396 578 426 scribarum
588 403 614 426 et
625 397 831 433 Pharisaeorum,
840 396 875 427 ad

132 445 199 473 qnos
208 435 379 475 loquebatur,
389 435 500 475 quidam
507 443 582 465 erant
594 436 753 473 sacerdotes,
764 436 875 475 quidam

131 482 221 505 autem
232 476 394 516 populares:
406 486 459 506 non
471 486 622 515 congruum
634 476 769 512 existimo,
784 476 807 505 si
821 475 874 506 du-

130 514 230 554 plicem
250 515 333 555 hujus
346 515 399 545 loci
420 515 550 544 faciamus
569 515 759 545 traditionem:
776 522 807 545 ut
821 526 874 545 una

130 554 240 593 quidem
253 555 383 595 pertineat
393 554 429 584 ad
475 555 593 595 pulares,
604 555 652 594 qui
662 555 779 585 decimas
788 554 871 594 dant,

129 594 213 624 altera
223 601 312 625 autem
319 594 356 624 ad
365 605 437 625 sacer
458 602 525 631 ntes,
538 595 585 633 qui
597 594 715 625 decimas
723 594 871 663 accpipiunt.

129 634 238 665 Etenim
251 634 309 674 ipse
322 645 408 665 sermo
417 634 519 664 dubius
532 641 582 671 est,
598 635 645 673 qui
659 634 743 664 dicit:
786 645 810 664 ιε
821 645 872 664 vo·

130 675 184 711 bis,
198 676 250 713 qui
263 674 424 704 decimatis.
438 675 508 704 Nam
519 681 546 703 et
558 675 607 713 qui
627 674 725 714 accipit
741 673 870 711 decimas,

128 721 199 744 recte
209 713 341 744 decimare
351 714 470 751 videtur,
485 714 568 752 etqui
582 713 638 743 dat.
653 713 754 747 Scribae
769 724 832 753 ergo
845 721 872 744 et

128 753 256 783 Pharisaei
274 753 574 783 minimorumolerum
586 753 704 783 decimas
715 752 826 790 dabant,
843 761 871 784 ut

127 803 177 832 per
189 794 239 823 hoc
248 793 369 823 videntes
380 804 425 823 eos
436 792 555 822 dicerent
566 803 659 822 omnes
675 805 682 822 =
697 794 790 830 Putas,
801 804 868 832 quo-
885 805 903 829 B

126 832 207 862 modo
219 833 340 863 omnium
353 843 443 862 rerum
455 842 566 862 suarum
579 832 696 862 decimas
710 833 807 862 offerre
816 844 868 863 non

147 873 348 902 raetermittunt:
359 873 423 911 quia
437 872 517 901 etiam
528 872 750 902 contemtibilium
764 873 868 903 olerum

124 883 242 942 decimas
255 912 319 942 dare
332 922 384 941 non
398 911 558 951 negligunt?
572 913 664 948 Putas,
678 912 814 951 quomodo
823 924 867 943 se-

123 951 244 981 cundum
256 951 346 981 omnia
366 952 415 981 Dei
429 958 559 992 praecepta
572 952 628 981 vita
646 962 739 981 eorum
751 959 790 982 est
802 963 865 982 con-

123 998 267 1028 summata,
283 998 312 1021 ut
325 1001 359 1020 ne
372 991 400 1020 in
414 991 529 1021 modicis
550 991 594 1020 his
608 991 742 1031 negligere
756 993 865 1031 acquie-

121 1031 220 1060 scant?
237 1031 320 1068 Quod
333 1041 385 1060 non
407 1038 463 1060 erat
474 1041 580 1060 verum.
601 1032 671 1060 Nam
692 1032 865 1062 minimarum

121 1070 232 1109 quidem
244 1081 332 1100 rerum
345 1070 462 1100 decimas
473 1070 628 1107 offerebant,
643 1071 811 1101 ostendendae
824 1083 866 1102 re-

120 1109 231 1149 ligionis
243 1110 344 1149 gratia;
360 1110 386 1139 in
398 1109 510 1149 judiciis
527 1117 615 1139 autem
628 1117 703 1140 erant
717 1111 822 1152 injusti,
836 1112 864 1142 in

121 1150 214 1179 fratres
227 1151 284 1179 sine
298 1149 491 1186 misericordia,
506 1149 534 1179 in
553 1151 641 1179 Deum
660 1161 764 1191 semper
777 1151 863 1182 incre-

119 1188 192 1218 duli.
208 1191 282 1227 Quas
295 1189 478 1220 simulationes
489 1200 583 1218 eorum
596 1200 710 1228 arguens
722 1191 863 1229 Dominus,

119 1228 176 1258 haec
186 1229 254 1259 dicit
265 1236 292 1259 et
300 1229 424 1269 adjungit
438 1241 444 1258 ε
456 1230 506 1259 94.
520 1230 704 1268 Hysia-ritae,
715 1232 862 1271 liquantes

119 1269 256 1306 culicem,
269 1269 412 1303 camelum
428 1275 527 1298 autem
542 1270 700 1305 glutientes
712 1283 720 1299 :
733 1272 862 1310 quoniam

118 1318 134 1336 a
149 1308 262 1338 modicis
285 1308 395 1347 quidem
417 1308 523 1338 delictis
546 1319 575 1337 se
600 1309 779 1348 abstinebant,
801 1322 860 1350 quae

117 1348 177 1377 fieri
191 1348 278 1378 solent
290 1359 325 1378 ex
337 1348 450 1378 decimis
470 1358 524 1379 non
537 1348 646 1385 oblatis,
661 1360 757 1394 magna
770 1358 860 1381 autem

929 239 990 275 Dei,
1009 247 1035 269 et
1053 240 1149 278 salute,
1166 242 1312 272 Dominum
1328 243 1508 283 negligebant.
1523 245 1590 276 Ideo
1608 246 1675 277 dicit

929 277 963 306 de
971 278 1008 307 eis
1027 290 1032 307 :
1051 281 1100 310 Vae
1113 281 1201 318 vobis,
1217 282 1263 320 qui
1273 282 1390 312 decimas
1398 283 1477 313 etiam
1488 295 1579 315 rerum
1592 286 1674 319 mini-

929 328 1034 347 marum
1048 319 1155 358 exigitis
1169 331 1184 349 a
1199 321 1310 361 populo,
1324 329 1350 352 et
1366 321 1577 354 misericordiam
1589 332 1615 355 et
1621 327 1672 367 ju-

929 356 1029 386 stitiam
1043 368 1095 387 non
1106 358 1240 396 facientes,
1248 361 1381 401 populum
1392 373 1445 391 non
1457 362 1614 394 admonetis.
1628 365 1673 397 Sic

928 396 999 426 enim
1013 403 1040 427 et
1062 397 1141 427 modo
1155 399 1195 429 fit.
1219 400 1288 430 Ecce
1302 401 1372 430 enim
1385 402 1538 442 episcopus,
1560 405 1581 433 si
1596 404 1673 435 dehi-

926 441 985 465 tum
998 437 1109 467 honoris
1122 448 1175 468 non
1196 440 1327 484 acceperit
1340 452 1355 470 a
1369 442 1534 482 presbyter0‚
1548 450 1594 473 aut
1607 455 1673 485 pre-

926 474 1018 515 sbyter
1038 476 1061 506 si
1075 487 1127 506 non
1141 486 1272 518 acceperit
1285 490 1301 508 a
1315 479 1439 516 diacono,
1455 488 1501 511 aut
1514 482 1642 514 diaconus
1656 495 1671 514 a

926 513 1042 550 lectore,
1061 516 1186 547 irascitur
1205 525 1231 547 et
1254 519 1377 549 turbatur
1396 532 1403 549 :
1418 520 1441 549 si
1466 528 1554 551 autem
1572 523 1672 554 viderit

925 561 972 594 aut
985 555 1128 595 episcopus
1142 558 1340 596 presbyterum,
1356 566 1403 588 aut
1415 561 1556 600 presbyter
1574 561 1670 593 diaco-

925 603 1003 631 num,
1018 594 1089 624 circa
1109 596 1236 626 Ecclesiae
1257 597 1417 636 obsequium
1435 610 1489 629 non
1510 611 1670 640 permanen-

924 639 988 669 tem,
999 640 1047 664 aut
1059 634 1126 664 alias
1137 643 1288 675 peccantem
1297 637 1325 666 in
1338 639 1436 674 Deum,
1451 649 1536 679 neque
1546 639 1669 672 irascitur

923 671 959 709 ei,
974 683 1060 712 neque
1071 682 1147 704 curat
1161 687 1167 704 :
1182 675 1246 714 quia
1263 686 1354 706 omnes
1376 677 1486 716 quidem
1499 678 1533 708 de
1554 690 1603 709 suo
1617 680 1667 711 ho-

922 721 987 741 nore
1004 713 1116 743 solliciti
1139 722 1211 752 sunt,
1222 715 1256 744 de
1267 715 1369 746 honore
1388 724 1475 746 autem
1487 718 1537 747 Dei
1562 720 1666 751 nullus.

922 752 958 781 Et
972 753 1108 792 portiones
1131 754 1245 793 quisque
1262 766 1324 785 suas
1342 757 1490 786 secundum
1510 757 1667 798 dignitatem

921 801 998 821 suam
1018 792 1162 833 vigilanter
1179 795 1327 834 aspiciunt,
1352 803 1377 824 et
1400 795 1559 834 defendunt,
1580 806 1606 828 et
1623 810 1665 829 se-

921 831 1041 861 cundum
1059 832 1221 874 dignitatem¹
1232 845 1308 864 snam
1320 846 1413 864 curam
1428 836 1581 877 impendere
1596 839 1667 869 circa

920 870 1080 910 obsequium
1103 873 1230 903 Ecclesiae
1251 884 1304 904 non
1326 875 1474 906 attendunt.
1493 877 1523 906 Si
1545 879 1665 918 populus

918 909 1035 941 decimas
1053 922 1105 941 non
1123 912 1260 950 obtulerit,
1279 923 1448 945 murmurant
1462 927 1553 946 omnes
1571 929 1578 946 :
1594 925 1620 947 et
1640 919 1664 949 si

917 958 1068 989 peccantem
1098 953 1231 992 populum
1256 953 1384 988 viderint,
1408 966 1487 985 nemo
1512 965 1664 987 murmurat

916 997 1007 1019 contra
1021 991 1126 1029 †eum.
1147 994 1236 1030 Quam
1255 994 1443 1033 compendiose
1465 995 1492 1025 in
1511 996 1598 1026 tribus
1620 997 1742 1033 his†eos.

916 1030 1074 1070 complexus
1095 1038 1142 1067 est,
1168 1039 1193 1061 et
1214 1032 1379 1063 conditiones
1397 1035 1549 1073 hominum,
1565 1043 1590 1065 et
1603 1047 1662 1075 quae

915 1072 1063 1099 necessaria
1087 1078 1148 1100 sunt
1169 1072 1325 1102 hominibus
1349 1073 1384 1103 ad
1408 1074 1539 1105 salutem!
1562 1077 1662 1107 Omnes

914 1109 987 1138 enim
1006 1110 1126 1140 homines
1140 1110 1304 1152 autjudices
1326 1120 1399 1150 sunt,
1417 1114 1475 1144 sive
1495 1115 1660 1155 spirituales,

914 1148 971 1178 sive
983 1150 1145 1188 mundiales,
1161 1159 1208 1181 aut
1221 1153 1273 1181 sub
1283 1152 1424 1192 judicibus
1436 1162 1498 1184 sunt
1512 1167 1518 1184 :
1530 1162 1556 1185 et
1570 1158 1660 1186 omniu

913 1187 965 1217 bus
987 1190 1144 1229 generaliter
1162 1191 1318 1222 hominibus
1337 1199 1390 1222 tam
1409 1193 1559 1233 judicibus,
1579 1206 1660 1234 quam

914 1227 969 1264 his,
989 1229 1036 1267 qui
1055 1229 1224 1268 judicantur,
1241 1231 1296 1261 duo
1315 1232 1373 1261 haec
1388 1234 1532 1264 necessaria
1546 1242 1609 1264 sunt
1625 1236 1661 1266 ad

913 1267 1037 1306 salutem,
1057 1269 1124 1299 fides
1139 1281 1212 1307 vera,
1232 1278 1259 1300 et
1277 1282 1358 1317 opera
1371 1272 1451 1302 bona.
1474 1274 1573 1304 Dicens
1586 1286 1615 1304 er
1633 1286 1660 1312 ο,

913 1307 1075 1344 Iudicium,
1087 1309 1174 1349 tetigit
1186 1320 1230 1339 cos
1238 1311 1285 1350 qui
1295 1311 1431 1350 judicant,
1443 1313 1500 1343 sive
1508 1314 1620 1344 mundia
1632 1326 1660 1345 es

908 1346 1025 1385 judices,
1041 1348 1088 1386 qui
1101 1356 1219 1388 praesunt
1231 1350 1333 1380 inundo
1347 1363 1354 1380 :
1369 1350 1425 1381 sive
1434 1353 1596 1392 spirituales,
1610 1354 1658 1394 qui

117 1387 188 1416 mah
198 1387 322 1417 alacriter
329 1388 539 1433 mmmiuehant,
546 1387 638 1428 qualia
648 1390 859 1429 sunt‚1njustum
875 1395 893 1419 c
911 1386 1055 1425 praesident
1069 1387 1209 1425 Ecclesiis,
1221 1396 1250 1419 ut
1261 1390 1366 1436 justum
1377 1390 1512 1430 judicium
1523 1394 1657 1432 judicent.

112 1426 248 1466 judicium
257 1426 391 1472 judicare,
401 1428 428 1456 in
435 1437 573 1467 proxlmos
582 1438 645 1458 suos
651 1428 713 1458 odia
723 1439 856 1465 exercere,

115 1467 144 1495 in
156 1468 244 1496 Deum
258 1466 428 1496 incredulum
438 1478 505 1496 esse.
520 1468 553 1496 ln
564 1477 644 1496 causa
656 1475 745 1498 autem
756 1470 858 1500 scriba-

115 1517 175 1536 rum
189 1513 215 1535 et
235 1506 431 1535 Pharisaeorum
450 1506 561 1535 illorum
584 1505 684 1536 cadunt
705 1508 794 1537 multi.
821 1510 857 1539 Et

114 1555 186 1574 nunc
198 1545 246 1584 qui
267 1544 393 1575 videntur
409 1545 520 1583 quidem
547 1545 696 1576 Ecclesiam
716 1547 855 1585 honorare,

112 1595 245 1624 pauperes
256 1584 399 1621 consolari,
413 1584 441 1614 in
451 1584 555 1624 jndicio
566 1591 655 1615 autem
666 1585 798 1623 sedentes,
809 1595 856 1618 aut

112 1624 261 1654 secundum
277 1626 452 1664 personarum
472 1624 650 1663 acceptionem
659 1625 793 1664 judicant,
808 1634 856 1658 aut

113 1663 259 1693 secundum
278 1663 457 1694 differentiam
478 1674 620 1696 munerum
636 1677 642 1693 :
664 1665 735 1694 inter
754 1666 855 1706 seipsos

112 1703 172 1733 lites
185 1702 355 1742 quotidianas
367 1710 500 1740 exercent,
520 1710 546 1732 et
561 1703 624 1733 odia
636 1705 692 1734 sine
705 1704 768 1742 fine,
781 1716 855 1745 prae-

112 1750 238 1782 ponentes
248 1754 353 1783 semper
367 1742 507 1772 avaritiam
519 1743 634 1773 caritati.
651 1744 685 1773 In
696 1743 750 1773 fide
763 1752 853 1776 autem

111 1793 216 1823 semper
227 1783 329 1812 infirmi
342 1789 414 1817 sunt,
426 1782 490 1821 quia
503 1783 571 1812 inter
584 1783 753 1813 Christianos
764 1791 789 1814 et
801 1785 852 1815 haz-

110 1822 206 1852 reticos
227 1823 330 1852 nullam
350 1822 530 1852 differentiam
543 1822 707 1852 arbitrantur
721 1835 727 1852 :
741 1823 810 1854 sicut
826 1832 851 1855 et

109 1862 238 1892 meretrix
253 1862 352 1891 mulier
364 1861 518 1891 adulterum
531 1861 650 1902 idipsum
671 1870 748 1902 putat
764 1871 790 1893 ct
803 1865 851 1894 vi-

108 1912 182 1930 rum.
202 1902 237 1932 Et
255 1902 263 1930 i
284 1901 308 1930 si
321 1912 385 1942 ergo
397 1902 436 1941 hy
488 1901 545 1931 ritae
560 1909 632 1939 sunt,
647 1910 673 1932 et
686 1903 799 1932 culicem
812 1904 847 1933 li-

108 1947 201 1979 quant,
220 1913 357 1971 modicum
376 1911 534 1986 repel‘lecmes
548 1949 706 1981 peccatum:
723 1949 749 1972 ct
761 1954 848 1973 came-

108 1980 166 2009 lum
183 1981 439 2020 glutiunt,maxtma
459 1987 485 2010 et
506 1981 620 2020 pessima
642 1983 845 2013 committentes.
865 1990 884 2013 D

106 2020 186 2050 Nunc
196 2021 337 2051 veniamus
347 2020 382 2050 ad
391 2019 548 2050 sacerdotes.
556 2021 661 2051 Scimus
670 2023 732 2060 quia
742 2033 847 2053 servare

102 2060 245 2099 justitiam,
252 2067 279 2090 et
288 2061 372 2091 facere
379 2060 599 2097 misericordiam,
610 2068 636 2090 et
646 2062 743 2090 habere
752 2061 844 2099 fldem,

104 2106 214 2138 propter
237 2100 351 2140 gloriam
368 2110 445 2129 suam
464 2101 537 2129 Deus
551 2100 689 2131 mandavit
706 2113 712 2129 :
728 2101 845 2132 decimas

104 2145 193 2168 autem
203 2140 298 2168 offerre
308 2141 375 2174 Deo,
389 2146 498 2180 propter
508 2139 649 2170 utilitatem
661 2140 827 2171 sacerdotum
837 2155 844 2171 :

105 2184 134 2206 ut
146 2178 295 2214 sacerdotes
308 2178 417 2217 quidem
431 2179 532 2220 populo
545 2179 573 2208 in
591 2180 779 2220 spiritualibus
793 2182 842 2210 ob-

103 2224 259 2256 sequantur,
274 2218 369 2262 populi
385 2226 474 2248 antem
491 2218 519 2246 in
531 2220 683 2249 carnalibus
696 2220 843 2250 sacerdoti-

103 2256 154 2286 bus
162 2257 402 2287 subministrarent.
413 2257 567 2288 Sacerdotes
573 2270 636 2298 ergo
641 2259 752 2289 avaritia
762 2259 843 2298 pleni,

101 2297 124 2325 si
138 2297 199 2335 quis
208 2297 242 2326 de
256 2297 358 2337 populo
370 2297 487 2327 decimas
501 2307 553 2326 non
568 2299 718 2335 obtulisset,
730 2299 766 2327 ita
779 2309 841 2328 eum

100 2337 291 2376 corripiebant,
303 2337 380 2376 quasi
395 2347 521 2377 magnum
534 2338 635 2368 crimen
648 2338 762 2374 fecisset,
777 2339 841 2376 quia

98 2374 228 2405 decimam
247 2376 364 2417 alicujus
377 2377 414 2406 rei
430 2377 474 2407 vel
485 2377 579 2407 saltem
592 2378 710 2406 minimae
724 2388 776 2406 non
792 2378 839 2407 ob-

97 2415 202 2444 tulisset
215 2427 222 2444 :
235 2416 257 2445 si
269 2417 330 2454 quis
340 2423 427 2446 antem
442 2416 476 2446 de
488 2417 590 2456 populo
604 2417 631 2446 in
647 2419 733 2447 Deum
745 2427 838 2456 pecca-

95 2453 152 2490 bat,
168 2461 215 2483 aut
227 2455 341 2485 laedebat
357 2456 486 2494 aliquem,
500 2463 546 2485 aut
568 2456 673 2495 aliquid
690 2456 742 2485 talc
762 2457 840 2486 facie-

94 2492 149 2527 bat,
169 2497 246 2523 nemo
262 2496 373 2524 curabat
386 2495 521 2534 corripere
538 2506 611 2531 eum,
635 2496 710 2533 quasi
737 2495 838 2525 nullam

95 2532 201 2571 culpam
212 2534 325 2570 fecisset,
336 2534 399 2573 quia
411 2535 436 2563 in
449 2536 535 2564 Deum
548 2535 693 2573 peccal›at;
706 2542 731 2564 ct
744 2535 778 2565 de
790 2546 838 2564 suo

911 1426 974 1455 Haec
987 1433 1027 1455 est
1050 1427 1121 1457 enim
1143 1439 1237 1458 eorum
1257 1440 1345 1469 prima
1354 1431 1472 1470 justitia,
1497 1439 1527 1461 ut
1543 1433 1566 1462 si
1581 1444 1654 1471 vere,

911 1472 957 1494 aut
967 1466 1074 1505 judices
1096 1467 1258 1505 mundiales,
1274 1469 1422 1507 loquuntur
1442 1471 1585 1510 justitiam,
1609 1481 1656 1503 aut

906 1503 1012 1543 judices
1025 1505 1187 1544 spirituales.
1203 1507 1232 1537 Si
1247 1518 1310 1537 vero
1326 1509 1474 1548 loquuntur
1481 1511 1614 1550 justitiam
1625 1513 1653 1542 in

910 1543 1041 1581 Ecclesia,
1061 1555 1108 1584 per
1121 1545 1172 1574 hoc
1190 1546 1339 1577 ostenditur
1357 1548 1380 1577 si
1400 1547 1474 1588 juste
1491 1550 1650 1590 judicarint,

909 1581 1014 1612 dicente
1036 1584 1163 1624 propheta
1177 1597 1183 1614 :
1196 1585 1226 1615 Si
1242 1596 1311 1616 vere
1330 1589 1430 1627 utique
1446 1589 1593 1627 justitiam
1609 1592 1652 1621 lo·
1664 1604 1804 1636 p,a1,57‚2‚

909 1624 1044 1662 quimini‚
1061 1625 1138 1662 juste
1146 1626 1291 1664 judicate,
1310 1627 1369 1665 filii
1382 1628 1542 1659 hominnm.
1557 1630 1588 1660 Si
1601 1642 1650 1661 an—

908 1667 960 1691 tem
985 1673 1037 1691 non
1056 1662 1237 1702 judicaverint
1248 1665 1396 1704 judicium,
1420 1677 1471 1696 non
1489 1668 1516 1698 in
1541 1671 1650 1702 veritate

906 1700 1055 1740 loquuntur
1065 1703 1209 1743 justitiam,
1224 1705 1270 1734 sed
1284 1705 1311 1734 in
1325 1705 1405 1735 labiis
1422 1714 1535 1737 tantum.
1552 1709 1650 1740 Dicens

906 1747 1006 1778 autem,
1021 1743 1134 1778 Fidem,
1144 1743 1267 1773 admonet
1279 1755 1370 1774 omnes
1381 1746 1408 1774 in
1417 1745 1470 1775 fide
1480 1747 1571 1778 vivere
1585 1750 1647 1780 Dei.

906 1780 1004 1810 Dicens
1018 1792 1092 1818 vcro,
1106 1783 1348 1820 Misericordiam,
1361 1787 1585 1817 conversationem
1597 1789 1648 1818 bo-

904 1829 966 1849 nam
979 1821 1104 1851 omnibus
1117 1822 1285 1861 praedicavit.
1302 1825 1371 1854 Nam
1390 1825 1447 1854 sive
1461 1826 1618 1857 abstinentia
1631 1842 1648 1859 a

904 1859 992 1896 matis,
1011 1861 1069 1890 sive
1082 1871 1151 1901 opus
1168 1862 1300 1892 bonarum
1320 1875 1410 1893 rerum
1431 1876 1480 1905 per
1498 1867 1647 1898 misericor-

902 1898 975 1928 diam
988 1908 1170 1930 conservatur.
1187 1903 1257 1932 Nam
1269 1910 1294 1932 et
1306 1913 1359 1932 non
1374 1904 1458 1934 facere
1469 1905 1572 1936 homini
1586 1918 1647 1946 quae

902 1939 957 1978 pati
973 1950 1025 1968 non
1038 1940 1109 1977 vult,
1122 1947 1148 1969 et
1159 1941 1243 1971 facere
1252 1953 1311 1980 quae
1322 1943 1374 1973 sibi
1388 1944 1446 1973 fieri
1459 1945 1529 1981 vult,
1541 1953 1645 1977 utrum-

900 1989 952 2016 que
965 1979 1154 2009 misericordiae
1165 1988 1213 2010 est.
1229 1982 1326 2011 Duces
1338 1985 1416 2017 caeci,
1432 1984 1580 2024 liquantes
1590 1997 1641 2016 cu-

901 2018 995 2054 licem,
1011 2019 1155 2049 camelum
1168 2027 1265 2051 autem
1276 2022 1442 2062 glutientes.
1464 2025 1564 2054 Omnes
1578 2037 1644 2066 ergo

899 2058 1058 2096 sacerdotes,
1067 2059 1114 2098 qui
1125 2067 1235 2100 propter
1246 2071 1299 2090 non
1311 2061 1413 2091 oblatas
1422 2064 1517 2108 populi
1527 2063 1644 2095 decimas

898 2105 1003 2135 curant,
1018 2106 1044 2127 et
1058 2098 1153 2128 docent
1171 2101 1313 2140 populum,
1328 2108 1354 2131 et
1367 2110 1525 2143 cori-imunt,
1543 2111 1568 2134 ct
1589 2105 1643 2134 alia

898 2137 989 2176 pejora
1000 2149 1094 2167 eorum
1108 2146 1212 2178 peccata
1230 2140 1360 2177 videntes,
1375 2148 1461 2171 tacent
1477 2155 1482 2171 :
1500 2143 1551 2183 ipsi
1565 2151 1639 2181 sunt,

897 2177 943 2214 qui
954 2176 1050 2206 docent
1061 2189 1095 2217 po
1107 2179 1194 2208 ›ulum
1205 2190 1254 2209 suo
1265 2181 1387 2220 exemplo
1400 2181 1503 2220 liquare
1513 2183 1638 2219 culicem,

896 2222 921 2246 et
933 2217 1063 2246 camelum
1077 2189 1176 2257 glutire
1189 2231 1195 2247 :
1208 2219 1238 2248 id
1250 2227 1299 2255 cst,
1311 2231 1326 2249 a
1337 2220 1442 2249 modico
1455 2221 1564 2259 quidem
1576 2233 1637 2261 pec-

895 2262 953 2285 cato
986 2267 1015 2286 se
1041 2257 1175 2287 abstinere
1185 2281 1192 2295 ,
1221 2260 1322 2299 majora
1347 2267 1435 2288 antem
1461 2261 1633 2290 committere.

894 2296 944 2325 25.
960 2296 1011 2325 Voe
1023 2298 1120 2334 vobis,
1135 2300 1236 2327 scribae
1258 2305 1286 2327 et
1312 2300 1454 2327 Pharisaei
1467 2299 1635 2337 hypocritoe,

893 2336 944 2374 qui
957 2337 1121 2365 emundatis
1133 2339 1213 2376 quod
1220 2338 1294 2376 foris
1305 2344 1347 2366 est
1359 2339 1459 2366 calicis
1471 2345 1499 2366 et
1507 2341 1635 2377 paropsi-

891 2376 946 2404 dis.
961 2376 1096 2412 Quoniam
1110 2377 1137 2405 in
1146 2372 1234 2416 specie
1247 2376 1337 2405 calicis
1351 2383 1376 2405 et
1386 2377 1536 2415 paropsidis
1547 2377 1635 2406 homi-

892 2425 937 2445 nes
951 2414 1028 2451 dicit,
1042 2415 1210 2445 manifestum
1224 2422 1262 2444 est
1276 2426 1308 2444 cx
1323 2426 1353 2444 co
1366 2415 1438 2453 quod
1457 2415 1572 2453 addidit,
1588 2416 1634 2446 di-

891 2465 952 2484 cens
971 2465 978 2482 z
998 2456 1048 2484 Ab
1073 2457 1151 2483 intus
1170 2461 1267 2484 autem
1279 2455 1361 2492 pleni
1386 2456 1454 2482 estis
1476 2456 1582 2493 rapina
1605 2463 1633 2485 et

892 2496 1056 2533 iniquitate.
1080 2494 1166 2523 Judaei
1186 2494 1257 2522 enim
1274 2494 1511 2531 quotienscumque
1530 2495 1631 2533 ingres-

892 2534 949 2563 suri
963 2541 1037 2563 crant
1053 2534 1079 2562 in
1095 2533 1235 2571 templum,
1252 2539 1297 2561 aut
1311 2532 1441 2561 sacrificia
1455 2532 1573 2563 oblaturi
1586 2545 1633 2574 per
