1890 2826
2 1615 19 1718 nemun

653 188 810 212 SYNOPsts
837 186 1024 211 scutt’TuuAE
1050 186 1175 209 SACRAE..

131 250 292 287 ἔπανελθὼν,
311 252 355 281 καὶ
375 252 460 292 θάψας
475 251 535 280 τινὰ
555 253 608 280 τῶν
621 250 815 283 ἀποθανόντων,
829 250 898 278 ἐκοι-

132 298 204 337 μήθη
228 298 277 332 ἔξω
298 301 344 327 τοῦ
368 298 483 338 τείχους,
501 298 546 326 καὶ
569 298 605 330 ὥς
623 296 698 326 εἴωθε
717 295 879 335 κοιμώμενος
891 316 899 329 ,

132 343 311 384 ἀνεῳγμένους
324 340 379 385 εἶχε
393 343 452 377 τοὺς
465 342 628 384 ὀφθαλμοὺς,
643 341 784 382 στρουθίων
796 340 823 370 δὲ
837 342 900 380 ἀφο-

132 390 278 419 δευσάντων
290 391 387 420 ἄνωθεν
403 392 439 423 εἰς
452 389 512 423 τοὺς
524 388 673 429 ὀφθαλμοὺς
687 389 766 417 αὐτοῦ
781 408 789 422 ,
804 385 902 416 λευκώ-

134 447 206 474 ματα
214 435 285 476 ἔσχε,
295 437 340 466 καὶ
348 436 435 466 οὐκέτι
444 436 561 466 ἔὸλεπεν.
570 430 624 465 ῗΗν
637 434 663 464 δὲ
675 434 720 464 καὶ
727 435 754 463 ἐν
762 435 768 446 ’
775 432 900 462 Εκὸατά-

132 493 186 515 νοις
206 482 322 522 Θυγάτηρ
335 486 381 512 τοῦ
399 482 532 522 Ῥαγουὴλ
550 483 689 521 συγγενοῦς
709 482 787 509 αὐτοῦ
809 479 901 518 Σάῤῥα

134 527 251 567 ὀνόματι.
265 529 372 565 Ταύτην
391 531 541 568 γαμηθῆναι
556 529 604 557 οὐκ
617 527 758 567 ἐπέτρεπεν
774 528 787 555 6
800 524 901 563 δαίμων
919 526 936 548 Β

136 575 287 613 Ἀσμοδαῖος
298 586 304 593 ·
332 574 400 604 ἑπτὰ
425 578 486 613 γοῦν
508 574 567 609 ἑξῆς
586 573 715 606 λαθόντας
731 572 811 607 αὐτὴν
833 569 903 600 ἀπέ-

134 631 219 649 κτεινε
229 621 300 659 ’[καὶ
311 621 380 650 πάνυ
391 622 538 656 λυπηθεῖσα
548 632 554 638 ·
569 620 634 649 ἑπτὰ
643 619 694 659 γὰρ
705 618 834 651 λαὸόντας
845 616 903 652 ἑξῆς

134 665 217 702 αὖτὴν
228 667 387 705 ἀπέκτεινε]
394 667 446 696 Καὶ
452 666 521 695 πάνυ
530 667 677 701 λυπηθεῖσα
689 667 706 700 ἡ
717 668 780 697 παῖς
791 663 888 699 ηὔξατο
896 674 902 681 ·

134 711 180 741 καὶ
199 712 353 742 ἀπέστειλεν
375 715 440 753 αὐτῇ
462 713 556 752 βοηθὸν
567 714 582 741 ὃ
594 712 663 744 Θεὸς
683 711 727 740 τὸν
739 710 902 750 ἀρχάγγελον

134 758 266 799 Ῥαφαήλ.
282 759 316 789 Ὁ
330 759 415 790 τοίνυν
431 759 523 789 Τωὸὶτ
536 758 716 799 παραγγείλας
732 759 771 797 τῷ
790 759 839 796 υἱῷ
854 757 902 787 αὐ-

134 807 180 834 τοῦ
194 805 288 846 Τωὸίᾳ
310 805 348 844 μὴ
365 805 456 835 λαδεῖν
471 805 617 845 ἀλλαχόθεν
636 808 764 843 γυναῖκα,
780 804 803 832 εἷ
820 802 857 841 μὴ
873 803 903 831 ἐκ

134 853 182 887 τῆς
194 853 277 892 φυλῆς
290 853 369 882 αὐτοῦ
383 853 484 882 καὶτοῦ
495 852 595 891 γένους,
606 851 712 880 δίδωσιν
726 851 797 889 αὐτῷ
809 849 839 878 τὸ
848 861 905 889 χει-

135 898 264 938 ρόγραφον
283 900 336 928 τῶν
354 898 417 928 δέκα
435 898 582 933 ταλάντων,
597 898 642 926 καὶ
662 897 811 926 ἐντέλλεται
832 897 903 935 αὐτῷ

134 946 257 974 ἀπελθεῖν
275 945 321 974 καὶ
341 947 496 980 ἀπαιτῆσαι.
511 946 622 984 Ἀγνοῶν
638 944 665 972 δὲ
679 946 693 972 ὁ
708 947 770 975 παῖς
782 941 830 977 τὴν
845 941 902 970 ὁδὸν
911 962 947 979 355

134 990 178 1019 καὶ
200 990 245 1020 τὸν
258 991 403 1030 ἄνθρωπον,
417 989 552 1030 ἐξέρχεται
576 991 689 1025 ζητῆσαι
710 987 901 1027 συνοδοιπόρον.
919 990 938 1011 Λ

135 1035 212 1065 Κατὰ
239 1038 309 1066 Θεοῦ
333 1036 457 1076 πρόνοιαν
482 1036 597 1075 εὑρίσκει
623 1035 667 1064 τὸν
694 1034 818 1074 Ῥαφαὴλ
833 1056 840 1069 ,
869 1035 904 1066 ὡς

135 1082 270 1122 ἄνθροητον
295 1084 398 1112 ἑστῶτα
427 1082 476 1115 ἔξω
486 1106 494 1119 ,
521 1082 566 1111 καὶ
591 1084 730 1120 μισθοῦται
748 1080 825 1109 αὐτὸν
856 1079 901 1108 λέ-

134 1139 215 1167 γοντα
228 1128 325 1158 εἰδέναι
352 1128 401 1164 τὴν
423 1128 489 1157 ὁδόν.
506 1127 604 1166 *[Καὶ
631 1127 763 1156 συνοδεύει
791 1128 863 1166 αὐτῷ
890 1128 904 1154 ὁ

135 1174 244 1213 ἄγγελος
274 1176 309 1208 ὡς
337 1174 471 1214 ἄνθρωπον
491 1174 601 1213 λέγοντα
622 1173 716 1202 εἰδέναι
738 1172 786 1208 τὴν
806 1171 873 1201 ὁδόν.
894 1172 904 1210 ]

137 1221 189 1249 Καὶ
205 1220 338 1249 συνοδεύει
359 1221 430 1259 αὐτῷ
451 1222 465 1248 6
485 1219 648 1259 ἀρχάγγελος
663 1217 787 1258 Ῥαφαὴλ
799 1219 836 1251 ὡς
855 1217 902 1245 ἅν-

135 1269 238 1307 θρωπος
262 1261 404 1306 λεγόμενος
435 1265 560 1305 Ἀζαρίας.
591 1264 740 1294 Ἐλθόντων
765 1263 792 1292 δὲ
818 1264 903 1292 αὐτῶν

136 1315 173 1347 εἰς
195 1313 238 1342 τὸν
262 1313 364 1353 Τίγρην
383 1312 511 1350 ποταμὸν,
531 1311 660 1346 ἠθέλησεν
682 1313 696 1339 6
715 1314 778 1342 παῖς
800 1311 836 1342 εἷς
857 1309 904 1337 αὖ·

136 1360 180 1389 τὸν
201 1359 348 1395 καταὸῆναι
361 1358 406 1388 καὶ
421 1357 580 1394 λούσασθαι,
593 1357 639 1387 καὶ
650 1356 724 1389 εὐθὺς
749 1356 822 1396 ἰχθὺς
842 1356 903 1384 ἐπε-

135 1406 238 1442 πήδησε
265 1407 304 1446 τῷ
325 1404 458 1444 παιδαρίῳ
481 1404 571 1443 μέγας.
593 1403 627 1433 ‘0
649 1403 676 1433 δὲ
700 1403 809 1442 ἄγγελος
831 1397 903 1431 εἶπεν

137 1453 207 1491 αὐτῷ
231 1450 402 1481 ἐπιλαόέσθαι
415 1453 461 1480 τοῦ
478 1449 565 1490 ἰχθύος
574 1471 582 1485 ,
599 1449 644 1479 καὶ
663 1453 753 1488 τεμεῖν
767 1448 845 1478 αὐτὸν
859 1447 903 1476 καὶ

135 1499 226 1528 λαὸεῑν
246 1497 276 1527 τό
296 1509 324 1527 τε
344 1493 417 1537 ἧπαρ
438 1496 483 1526 καὶ
500 1496 549 1532 τὴν
565 1495 674 1535 καρδίαν
694 1497 773 1524 αὐτοῦ
797 1495 842 1524 καὶ
856 1494 904 1529 τὴν

135 1544 228 1585 χολὴν,
251 1543 296 1573 καὶ
322 1546 406 1572 ταῦτα
429 1546 527 1583 τηρεῖν.
552 1537 618 1571 litu
641 1540 834 1579 πυνθανομένου
859 1542 904 1568 τοῦ

135 1590 241 1626 παιδὸς,
257 1592 293 1623 εἷς
308 1590 333 1619 τί
346 1589 468 1630 χρήσιμα
481 1591 565 1617 ταῦτα
575 1611 583 1624 ,
595 1589 693 1619 ἐκεῖνος
706 1587 755 1627 ἔφη
767 1599 772 1604 ·
788 1586 818 1615 τὸ
831 1583 905 1625 ἧπαρ
922 1588 939 1611 B

137 1637 181 1666 καὶ
202 1639 220 1672 ἡ
239 1636 333 1677 καρδία
353 1635 508 1675 θυμιώμενα
527 1634 612 1668 διώξει
631 1634 675 1662 τὸν
697 1632 826 1671 δαίμονα·
840 1635 858 1667 ῆ
877 1633 904 1662 δὲ

137 1683 203 1724 χολὴ
218 1682 354 1723 καθαρίσει
368 1681 401 1711 τὰ
413 1680 581 1720 λευκώματα.
596 1680 630 1708 Ὁ
642 1680 690 1717 μὲν
704 1674 748 1708 οὖν
760 1682 822 1712 παῖς
836 1690 904 1717 συμ-

138 1729 230 1770 ὃουλίᾳ
249 1728 294 1758 καὶ
315 1728 439 1769 συνεργίᾳ
451 1730 497 1756 τοῦ
513 1726 625 1766 ἀγγέλου
647 1726 780 1765 λαμὸάνει
798 1725 846 1761 τὴν
860 1728 905 1754 τοῦ

138 1775 271 1815 Ῥαγουὴλ
284 1774 413 1814 θυγατέρα
428 1773 476 1809 τὴν
490 1773 597 1813 Σάρῤαν
611 1777 736 1811 γυναῖκα,
753 1770 907 1811 διωχθέντας

137 1825 183 1852 τοῦ
200 1821 333 1861 δαιμονίου
352 1822 379 1850 ἐν
395 1822 433 1860 τῷ
453 1819 600 1858 θυμιάματι
618 1818 712 1858 τούτῳ,
727 1817 773 1847 καὶ
791 1817 906 1850 δεθέντος

138 1871 174 1902 εἷς
197 1868 231 1897 τὰ
255 1867 374 1907 ἀνώτερα
395 1866 462 1907 μέρη
486 1865 621 1904 Αἰγύπτου
644 1865 696 1894 ὑπὸ
715 1867 760 1894 τοῦ
781 1863 903 1903 ἀγγέλου.

141 1914 237 1948 Μείνας
257 1915 284 1943 δὲ
306 1913 373 1952 μετὰ
391 1915 438 1948 τῆς
451 1912 572 1952 γυναικὸς
585 1913 600 1940 6
613 1910 736 1947 Τωὸίας,
751 1910 908 1940 ἀποστέλλει

138 1961 181 1991 τὸν
198 1960 327 2001 Ἀζαρίαν,
339 1961 375 1993 ὡς
385 1958 519 1999 ἄνθρωπον
533 1958 605 1994 ὄντα,
618 1959 654 1991 εἷς
667 1957 715 1993 τὴν
729 1957 847 1993 Μηδίαν,
862 1957 907 1986 καὶ

139 2007 287 2043 ἀπαιτήσας
302 2008 399 2039 ἐκεῖνος
418 2004 452 2034 τὰ
467 2004 530 2035 δέκα
544 2004 661 2033 τάλαντα
680 2003 827 2043 ὑπέστρεψε
839 2002 907 2041 μετὰ

138 2056 185 2089 τῆς
199 2053 319 2094 γυναικὸς
333 2052 374 2083 ml
392 2054 471 2082 αὐτοῦ
483 2053 528 2081 τοῦ
539 2050 651 2090 ἀγγέλου
663 2049 727 2089 πρὸς
740 2050 784 2079 τὸν
796 2049 905 2089 πατέρα.

139 2099 321 2140 Ὑποστρέψας
336 2098 363 2128 δὲ
383 2101 397 2128 6
416 2102 495 2133 παῖς,
513 2097 615 2137 ἐγχρίει
629 2098 661 2136 τῇ
675 2097 743 2137 χολῇ
758 2099 803 2125 τοῦ
819 2096 906 2135 ἰχθύος

139 2143 199 2177 τοὺς
220 2142 368 2184 ὀφθαλμοὺς
392 2145 437 2172 τοῦ
459 2141 575 2181 πατρὸς,
598 2140 643 2170 καὶ
661 2139 855 2170 ἀποπίπτουσιν
879 2141 906 2168 αἱ
923 2140 941 2162 C

139 2189 259 2223 λεπίδες,
280 2189 324 2219 καὶ
342 2187 415 2221 εὐθὺς
438 2187 574 2227 ἀνέὸλεψε.
587 2186 656 2216 “Ore
676 2186 723 2225 μὲν
736 2186 872 2226 ἐτυφλώθη
894 2189 908 2216 6

140 2235 243 2271 Τωὸὶτ,
254 2231 286 2271 ἦν
308 2236 372 2264 ἐτῶν
388 2233 438 2270 νη’.
448 2257 455 2270 ,
469 2233 512 2262 ὅτε
524 2233 552 2263 δὲ
570 2233 714 2272 ἀνέὸλεψε,
734 2228 766 2268 ἦν
779 2234 844 2261 ἐτῶν
859 2232 906 2266 ξς’.

142 2281 195 2310 Καὶ
206 2280 298 2310 λοιπὸν
309 2280 452 2320 βλέψαντος
463 2280 552 2315 αὐτοῦ,
561 2279 723 2318 ἐφανέρωσεν
735 2277 826 2307 ἑαυτὸν
835 2279 848 2306 6
863 2278 908 2317 ἄγ-

140 2328 223 2366 γελος,
231 2326 271 2356 ὅτι
285 2327 332 2356 οὐκ
346 2326 480 2366 ἄνθρωπος
489 2321 531 2360 ἧν,
544 2324 613 2354 ἀλλὰ
622 2324 695 2364 παρὰ
704 2327 750 2352 τοῦ
764 2325 834 2353 Θεοῦ
844 2326 907 2353 ἀπε.-

140 2371 224 2409 στάλη
237 2373 274 2405 εἷς
288 2372 410 2411 βοήθειαν
422 2372 508 2400 αὐτῶν
517 2382 546 2399 τε
557 2370 602 2399 καὶ
611 2372 659 2405 τῆς
672 2369 772 2409 Σάρῤα.
785 2369 908 2409 Γηράσᾳς

141 2418 169 2448 δὲ
175 2421 189 2447 6
198 2418 299 2452 Τωὸὶτ,
309 2418 470 2458 παρήγγειλε
481 2418 519 2456 τῷ
526 2418 575 2455 υἱῷ
587 2417 665 2445 αὐτοῦ
674 2414 777 2454 Τωῧίᾳ,
786 2416 907 2445 ἀπελθεῖν

143 2465 178 2497 εἷς
199 2463 248 2499 τὴν
263 2464 370 2499 Μηδίαν
385 2462 427 2492 διὰ
447 2462 495 2498 τὴν
513 2461 640 2500 ἐσομένην
655 2460 839 2500 καταστροφὴν
861 2463 907 2496 τῆς

143 2510 232 2540 Νινευὶ
246 2509 314 2539 κατὰ
328 2510 358 2539 τὸ
374 2511 447 2549 ῥῆμα
461 2508 538 2537 Ἰωνᾶ
552 2510 597 2536 τοῦ
611 2507 755 2547 προφήτου,
770 2507 814 2536 καὶ
833 2508 907 2536 ἐκλμ

175 2595 186 2607 ⁸¹
206 2594 284 2628 [Qum
299 2595 396 2619 uncinis
411 2592 556 2623 inclusimus
568 2592 670 2617 omnino
681 2590 799 2624 ejicienda
813 2590 950 2622 videntur]

1622 180 1690 225 427

954 247 989 276 tia
1003 246 1108 276 delatus
1121 247 1156 276 ad
1171 258 1259 287 regem
1275 249 1434 285 Achirelem,
1455 250 1517 288 fuga
1530 250 1582 279 sibi
1596 261 1693 280 consu-

956 293 1016 323 luit.
1044 295 1243 334 Regressusque
1263 306 1277 324 e
1296 296 1369 335 suga,
1382 306 1443 324 cum
1455 303 1623 326 mortuorum
1644 297 1694 326 ali-

954 350 1035 378 quem
1049 341 1194 380 sepelisset,
1210 348 1284 370 extra
1301 352 1393 371 muros
1406 342 1582 378 obdormivit,
1595 350 1621 372 et
1634 354 1696 373 eum

954 396 1003 425 pro
1023 397 1097 416 more
1110 398 1158 416 suo
1175 394 1280 427 apertos
1295 388 1404 417 haberet
1426 387 1495 418 inter
1507 387 1695 419 dormiendum

953 432 1056 468 oculos,
1072 433 1223 472 passeribus
1236 444 1349 473 superne
1371 434 1398 463 in
1416 434 1509 463 oculos
1522 435 1581 474 ejus
1597 441 1696 464 stercus

953 477 1146 514 emittentibus,
1171 479 1325 518 albuginem
1347 479 1489 516 contraxit,
1517 490 1602 519 neque
1625 481 1695 509 ultra

955 523 1073 553 videbat.
1096 525 1160 554 Erat
1173 532 1262 554 autem
1280 526 1424 555 Ecbatanis
1438 524 1494 555 filia
1509 526 1637 566 Raguelis
1649 538 1694 556 co-

955 570 1027 608 gnati
1042 570 1127 609 ipsius
1147 572 1226 600 Sarra
1245 571 1359 601 nominc.
1380 573 1456 601 Hanc
1474 572 1578 602 daemon
1601 574 1697 601 Asino-

955 614 1029 644 daeus
1043 626 1094 644 non
1107 616 1275 655 permittebat
1290 623 1317 645 ut
1335 617 1477 655 quisquam
1491 627 1602 646 imorem
1617 618 1696 647 duce-

957 669 1009 691 ret:
1019 662 1075 702 jam
1087 662 1157 691 enim
1167 669 1271 702 septem
1278 663 1420 699 occiderat,
1430 665 1477 702 qui
1488 663 1562 692 illam
1574 674 1698 703 sponsam

956 715 1119 748 acceperant.
1132 710 1244 748 Propter
1258 708 1325 737 hanc
1339 719 1445 737 causam
1458 720 1519 738 cum
1531 710 1700 738 vehementer

955 754 1106 783 contristata
1123 761 1201 791 esset,
1217 755 1319 784 oravit:
1335 754 1460 793 misitque
1474 755 1515 783 illi
1532 756 1603 784 Deus
1617 756 1698 784 auxi-

957 801 1077 830 liatorem
1092 801 1255 840 Raphaelem
1276 800 1478 840 archangelum.
1494 801 1575 830 Tobit
1599 801 1682 839 igitur
1692 823 1699 832 ,

956 857 1017 876 cum
1042 846 1099 875 filio
1119 857 1168 875 suo
1191 846 1283 875 Tobiae
1303 848 1460 886 praeciperet
1482 858 1514 875 ne
1526 847 1579 875 sibi
1592 847 1701 876 aliunde

958 903 1079 929 uxorem,
1092 903 1171 931 quam
1183 903 1217 921 cx
1226 892 1298 921 tribu
1308 899 1334 921 ct
1345 893 1501 932 cognatione
1511 903 1559 921 sua
1573 891 1681 921 duceret
1693 904 1698 920 ι

956 939 1002 968 dat
1021 940 1062 968 illi
1082 939 1292 979 chirographum
1312 939 1404 967 decem
1419 940 1589 975 talentorum,
1604 940 1700 979 praeci-

957 986 1049 1025 pitquc
1065 992 1093 1015 ut
1107 986 1183 1014 abeat
1196 993 1222 1014 et
1236 992 1335 1024 repetat
1351 985 1409 1014 illa.
1426 986 1514 1014 Filius
1525 992 1624 1023 autem,
1639 997 1700 1015 cum

958 1042 1005 1060 uec
1019 1031 1090 1060 viam
1103 1038 1201 1066 nosset,
1221 1041 1268 1059 nec
1282 1031 1417 1060 hominem
1430 1031 1465 1060 ad
1478 1042 1557 1070 quem
1570 1039 1626 1061 erat
1640 1043 1701 1072 pro-

957 1077 1141 1114 ficiscendum,
1155 1088 1277 1116 egressus
1289 1084 1329 1107 est
1342 1085 1372 1107 ut
1385 1078 1435 1107 viae
1449 1078 1500 1107 sibi
1514 1079 1616 1108 socium
1629 1090 1702 1118 qum-

956 1130 1036 1159 reret,
1052 1131 1078 1152 ct
1096 1123 1146 1152 Dei
1169 1123 1337 1163 providentia
1359 1123 1454 1153 incidit
1467 1124 1495 1152 in
1517 1124 1699 1164 Raphae'lerm

956 1169 1004 1208 qui
1027 1169 1143 1198 hominis
1163 1170 1247 1198 forma
1268 1170 1332 1198 foris
1346 1170 1442 1205 stabat,
1464 1170 1604 1209 pretioque
1622 1170 1701 1200 illum

957 1215 1096 1252 conduxit,
1116 1226 1147 1244 eo
1167 1215 1240 1253 quod
1254 1226 1282 1244 se
1295 1216 1346 1246 viae
1359 1215 1440 1255 hujus
1454 1226 1566 1255 gnarum
1583 1227 1639 1246 esse
1656 1216 1700 1245 di-

957 1268 1036 1290 ceret.
1062 1261 1214 1290 Comitatus
1228 1262 1316 1299 itaque
1335 1269 1373 1290 est
1388 1262 1466 1291 illum
1484 1262 1659 1302 archangelus
1675 1262 1700 1291 in

956 1308 1044 1347 specie
1055 1307 1182 1344 hominis,
1193 1307 1241 1345 qui
1256 1307 1362 1336 Azarias
1372 1307 1516 1336 diceretur.
1532 1310 1602 1337 Cum
1612 1315 1703 1337 autem

957 1352 991 1383 ad
1005 1353 1144 1393 Tigridem
1160 1364 1242 1392 usque
1254 1354 1369 1383 fluvium
1383 1354 1575 1394 pervenissent,
1598 1355 1702 1384 volebat

957 1400 1056 1430 Tobias
1070 1401 1098 1429 in
1111 1401 1190 1429 illum
1205 1400 1313 1430 lavandi
1327 1401 1410 1439 gratia
1422 1400 1591 1437 descendere,
1604 1408 1628 1430 et
1639 1412 1701 1430 mox

958 1446 1039 1487 piscis
1047 1446 1138 1485 ingens
1149 1447 1253 1476 insiluit
1261 1446 1287 1475 iu
1298 1457 1423 1486 puerum.
1436 1447 1556 1486 Angelus
1563 1457 1626 1476 vero
1638 1458 1700 1487 prm-

958 1493 1038 1533 cepit,
1053 1500 1082 1522 ut
1091 1493 1189 1533 piscem
1198 1493 1270 1522 hunc
1279 1493 1488 1533 apprehenderet
1497 1500 1523 1522 et
1535 1493 1561 1522 in
1572 1494 1654 1522 frusta
1663 1504 1701 1522 se-

958 1544 1040 1575 caret,
1055 1545 1135 1577 atque
1149 1539 1224 1568 illius
1236 1538 1331 1578 hepar,
1345 1550 1391 1568 cor
1405 1545 1430 1567 ct
1443 1539 1525 1568 bilem
1539 1539 1699 1572 desumeret,

958 1591 984 1613 et
997 1591 1125 1614 servaret.
1141 1586 1262 1624 Rogante
1274 1591 1364 1623 postea
1379 1595 1473 1624 puero,
1488 1585 1515 1613 in
1529 1595 1608 1623 quem
1625 1595 1700 1613 usum

960 1629 1007 1658 illa
1018 1630 1114 1666 sorem,
1130 1629 1281 1669 respondit:
1297 1631 1386 1669 Hepar
1396 1636 1422 1659 et
1433 1641 1478 1659 cor
1489 1630 1594 1659 incensa
1605 1631 1702 1659 daemo-

960 1685 1020 1703 nem
1042 1675 1190 1713 fugabunt:
1215 1675 1280 1704 bilis
1301 1685 1364 1704 vero
1386 1675 1526 1703 oculorum
1547 1675 1700 1715 albuginem

958 1721 1123 1762 repurgabit.
1144 1722 1232 1761 Hujus
1250 1731 1301 1760 ope
1320 1728 1346 1750 et
1366 1721 1477 1750 consitio
1500 1721 1599 1750 Tobias
1618 1722 1701 1751 filiam

959 1767 1086 1806 Raguelis
1099 1765 1205 1796 Sari-am
1221 1777 1331 1796 uxorem
1351 1766 1441 1804 duxit,
1456 1777 1518 1797 cum
1541 1768 1589 1797 illo
1609 1768 1700 1798 suffitu

957 1812 1106 1842 daemouem
1129 1813 1256 1852 fugasset,
1279 1813 1328 1852 qui
1347 1813 1373 1841 in
1392 1812 1577 1852 superioribus
1591 1813 1711 1853 AEgypti.

959 1859 1080 1899 partibus
1093 1859 1128 1888 ah
1147 1859 1242 1898 angelo
1255 1859 1354 1899 ligatus
1367 1865 1415 1888 est.
1438 1860 1511 1888 Dum
1531 1866 1620 1888 autem
1640 1870 1702 1889 cum

960 1916 1044 1935 uxore
1058 1912 1175 1934 maneret
1188 1905 1299 1942 Tobias,
1316 1905 1436 1934 Azariam
1456 1912 1593 1944 tamquam
1614 1906 1702 1935 homi-

959 1961 1019 1980 nem
1033 1951 1062 1980 in
1076 1951 1196 1981 Mediam
1216 1951 1304 1980 misit:
1321 1962 1436 1989 cumque
1451 1961 1499 1991 per
1513 1951 1592 1980 illum
1611 1951 1702 1981 decem

960 1997 1058 2026 talenta
1067 1996 1219 2037 recepisset,
1234 1996 1268 2026 ad
1282 2004 1383 2036 patrem
1398 2007 1450 2025 una
1464 2007 1525 2026 cum
1538 1997 1587 2026 illo
1599 2004 1625 2027 et
1638 2008 1701 2027 uxo-

961 2054 990 2072 re
1011 2054 1057 2072 sua
1075 2054 1199 2074 reversus
1214 2050 1261 2073 est.
1278 2045 1412 2073 Reversus
1431 2054 1495 2073 vero
1510 2044 1602 2073 ocutos
1619 2045 1702 2084 putris

960 2092 1021 2120 felle
1035 2091 1116 2131 piscis
1138 2090 1245 2126 oblinit,
1260 2097 1286 2119 et
1305 2089 1433 2119 decidunt
1446 2099 1574 2128 squamae,
1594 2097 1620 2119 et
1639 2101 1702 2120 mox

961 2138 1050 2168 visum
1063 2137 1162 2177 recepit
1181 2146 1270 2166 senex.
1283 2136 1365 2165 Tobit
1378 2147 1459 2176 porro
1478 2147 1540 2166 cum
1558 2144 1703 2166 excaecatus

960 2192 1000 2215 cst
1016 2194 1146 2214 annorum
1164 2190 1219 2213 erat
1233 2184 1283 2218 58,
1306 2194 1367 2213 cum
1388 2190 1476 2212 autem
1497 2183 1585 2213 visum
1605 2184 1702 2223 recepit

961 2241 1094 2260 annorum
1107 2231 1157 2259 66.
1180 2228 1252 2258 Tum
1267 2229 1376 2258 demum
1397 2239 1459 2258 cum
1479 2229 1561 2258 Tobit
1581 2229 1700 2264 videret,

960 2277 1071 2317 angelus
1090 2284 1146 2306 sese
1159 2275 1346 2310 manifestavit,
1363 2275 1437 2314 quod
1450 2275 1530 2304 homo
1551 2286 1603 2304 non
1618 2282 1699 2307 esset,

960 2323 1032 2352 seda
1043 2322 1103 2352 Deo
1122 2322 1230 2358 missus,
1247 2328 1276 2350 ut
1295 2321 1361 2360 ipsis
1377 2327 1404 2349 et
1417 2321 1503 2350 Sarrae
1516 2331 1594 2359 opem
1609 2321 1698 2348 ferret.

961 2369 1017 2399 Ubi
1032 2379 1096 2399 vero
1113 2378 1194 2398 senex
1213 2368 1297 2397 factus
1317 2373 1383 2396 esset
1399 2366 1491 2402 Tobit,
1506 2365 1631 2406 praecepit
1644 2365 1702 2393 filio

961 2426 1010 2444 suo
1022 2414 1126 2450 Tobiae,
1143 2420 1172 2442 ut
1190 2414 1216 2442 in
1239 2412 1357 2442 Mediam
1375 2411 1471 2447 abiret,
1491 2410 1564 2449 quod
1581 2411 1700 2439 futurum

961 2468 1028 2490 esset
1042 2468 1068 2490 ut
1080 2460 1177 2490 Ninive
1197 2458 1342 2488 secundum
1354 2457 1465 2486 verbum
1479 2457 1553 2486 Jonae
1566 2456 1700 2496 propheta:

962 2508 1170 2540 subverteretur,
1199 2511 1223 2533 et
1252 2503 1377 2532 deficiens
1407 2508 1527 2530 mortuus
1550 2512 1577 2530 es
1614 2512 1699 2530 anno·
