<?xml version="1.0" encoding="UTF-8"?>
<!DOCTYPE html PUBLIC "-//W3C//DTD XHTML 1.0 Transitional//EN"
    "http://www.w3.org/TR/xhtml1/DTD/xhtml1-transitional.dtd">
<html xmlns="http://www.w3.org/1999/xhtml" xml:lang="en" lang="en">
 <head>
  <title>
</title>
<meta http-equiv="Content-Type" content="text/html;charset=utf-8" />
  <meta name='ocr-system' content='tesseract 3.04.00' />
  <meta name='ocr-capabilities' content='ocr_page ocr_carea ocr_par ocr_line ocrx_word'/>
</head>
<body>
  <div class='ocr_page' id='page_1' title='image "./operaomniaquaeex06johnuoft_0023.png"; bbox 0 0 1890 2826; ppageno 0'>
   <div class='ocr_carea' id='block_1_1' title="bbox 723 182 1074 213">
    <p class='ocr_par' dir='ltr' id='par_1_1' title="bbox 723 182 1074 213">
     <span class='ocr_line' id='line_1_1' title="bbox 723 182 1074 213; baseline 0.003 -7"><span class='ocrx_word' id='word_1_1' title='bbox 723 184 754 206; x_wconf 75' lang='lat' dir='ltr'><strong>m</strong></span> <span class='ocrx_word' id='word_1_2' title='bbox 785 182 915 213; x_wconf 75' lang='grc' dir='ltr'>ιεΑιΛΜ,</span> <span class='ocrx_word' id='word_1_3' title='bbox 944 182 1021 206; x_wconf 77' lang='lat' dir='ltr'><strong>CAP.</strong></span> <span class='ocrx_word' id='word_1_4' title='bbox 1051 185 1074 207; x_wconf 87' lang='lat'>1.</span> 
     </span>
    </p>
   </div>
   <div class='ocr_carea' id='block_1_2' title="bbox 110 243 892 1759">
    <p class='ocr_par' dir='ltr' id='par_1_2' title="bbox 110 243 892 1759">
     <span class='ocr_line' id='line_1_2' title="bbox 123 243 892 286; baseline -0.005 -10"><span class='ocrx_word' id='word_1_5' title='bbox 123 246 183 286; x_wconf 78' lang='grc' dir='ltr'>οὗχὶ</span> <span class='ocrx_word' id='word_1_6' title='bbox 193 247 270 285; x_wconf 69' lang='grc' dir='ltr'>μόνον</span> <span class='ocrx_word' id='word_1_7' title='bbox 283 246 355 276; x_wconf 83' lang='grc' dir='ltr'>οὐδὲν</span> <span class='ocrx_word' id='word_1_8' title='bbox 369 246 583 286; x_wconf 78' lang='grc' dir='ltr'>κατωρθωκότας,</span> <span class='ocrx_word' id='word_1_9' title='bbox 598 245 667 275; x_wconf 78' lang='grc' dir='ltr'>ἀλλὰ</span> <span class='ocrx_word' id='word_1_10' title='bbox 677 245 722 274; x_wconf 80' lang='grc' dir='ltr'>καὶ</span> <span class='ocrx_word' id='word_1_11' title='bbox 735 243 892 276; x_wconf 72' lang='grc' dir='ltr'>ἐπταικότας</span> 
     </span>
     <span class='ocr_line' id='line_1_3' title="bbox 122 290 892 331; baseline -0.004 -9"><span class='ocrx_word' id='word_1_12' title='bbox 122 291 301 331; x_wconf 82' lang='grc' dir='ltr'>ἐτίμησεν.οὗ</span> <span class='ocrx_word' id='word_1_13' title='bbox 312 292 365 331; x_wconf 77' lang='grc' dir='ltr'>μὴν</span> <span class='ocrx_word' id='word_1_14' title='bbox 373 292 464 328; x_wconf 78' lang='grc' dir='ltr'>ἐπειδὴ</span> <span class='ocrx_word' id='word_1_15' title='bbox 472 296 539 331; x_wconf 81' lang='grc' dir='ltr'>τιμᾷ</span> <span class='ocrx_word' id='word_1_16' title='bbox 547 290 599 331; x_wconf 88' lang='grc' dir='ltr'>πρὸ</span> <span class='ocrx_word' id='word_1_17' title='bbox 609 290 766 327; x_wconf 79' lang='grc' dir='ltr'>τῶνπόνων,</span> <span class='ocrx_word' id='word_1_18' title='bbox 778 292 892 320; x_wconf 80' lang='grc' dir='ltr'>ἀποστε-</span> 
     </span>
     <span class='ocr_line' id='line_1_4' title="bbox 122 336 891 379; baseline -0.004 -11"><span class='ocrx_word' id='word_1_19' title='bbox 122 343 162 379; x_wconf 83' lang='grc' dir='ltr'>ρεῖ</span> <span class='ocrx_word' id='word_1_20' title='bbox 176 338 244 377; x_wconf 77' lang='grc' dir='ltr'>μετὰ</span> <span class='ocrx_word' id='word_1_21' title='bbox 256 338 316 372; x_wconf 80' lang='grc' dir='ltr'>τοὺς</span> <span class='ocrx_word' id='word_1_22' title='bbox 329 338 436 374; x_wconf 80' lang='grc' dir='ltr'><strong>πόνους,</strong></span> <span class='ocrx_word' id='word_1_23' title='bbox 460 338 529 367; x_wconf 78' lang='grc' dir='ltr'>ἀλλὰ</span> <span class='ocrx_word' id='word_1_24' title='bbox 542 337 587 368; x_wconf 82' lang='grc' dir='ltr'>καὶ</span> <span class='ocrx_word' id='word_1_25' title='bbox 599 337 660 366; x_wconf 86' lang='grc' dir='ltr'>τότε</span> <span class='ocrx_word' id='word_1_26' title='bbox 672 337 779 376; x_wconf 86' lang='grc' dir='ltr'>μείζονα</span> <span class='ocrx_word' id='word_1_27' title='bbox 799 336 891 366; x_wconf 82' lang='grc' dir='ltr'>δίδωσι</span> 
     </span>
     <span class='ocr_line' id='line_1_5' title="bbox 121 382 889 424; baseline -0.004 -10"><span class='ocrx_word' id='word_1_28' title='bbox 121 384 156 414; x_wconf 84' lang='grc' dir='ltr'>τὰ</span> <span class='ocrx_word' id='word_1_29' title='bbox 169 385 281 415; x_wconf 84' lang='grc' dir='ltr'>ἔπαθλα.</span> <span class='ocrx_word' id='word_1_30' title='bbox 299 384 353 415; x_wconf 78' lang='grc' dir='ltr'>Καὶ</span> <span class='ocrx_word' id='word_1_31' title='bbox 366 383 468 424; x_wconf 74' lang='grc' dir='ltr'>ὕψωσα.</span> <span class='ocrx_word' id='word_1_32' title='bbox 485 383 529 413; x_wconf 82' lang='grc' dir='ltr'>Τὰ</span> <span class='ocrx_word' id='word_1_33' title='bbox 542 385 569 413; x_wconf 82' lang='grc' dir='ltr'>ἐν</span> <span class='ocrx_word' id='word_1_34' title='bbox 587 382 715 423; x_wconf 78' lang='grc' dir='ltr'>Αἰγύπτῳ</span> <span class='ocrx_word' id='word_1_35' title='bbox 726 406 733 419; x_wconf 84' lang='grc'>,</span> <span class='ocrx_word' id='word_1_36' title='bbox 756 383 790 412; x_wconf 83' lang='grc' dir='ltr'>τὰ</span> <span class='ocrx_word' id='word_1_37' title='bbox 809 383 836 411; x_wconf 81' lang='grc' dir='ltr'>ἐν</span> <span class='ocrx_word' id='word_1_38' title='bbox 856 383 889 421; x_wconf 81' lang='grc' dir='ltr'>τῇ</span> 
     </span>
     <span class='ocr_line' id='line_1_6' title="bbox 122 427 892 470; baseline -0.005 -10"><span class='ocrx_word' id='word_1_39' title='bbox 122 430 224 470; x_wconf 80' lang='grc' dir='ltr'>ἐρήμῳ,</span> <span class='ocrx_word' id='word_1_40' title='bbox 229 430 263 460; x_wconf 81' lang='grc' dir='ltr'>τὰ</span> <span class='ocrx_word' id='word_1_41' title='bbox 270 431 297 460; x_wconf 82' lang='grc' dir='ltr'>ἐν</span> <span class='ocrx_word' id='word_1_42' title='bbox 304 429 471 470; x_wconf 81' lang='grc' dir='ltr'>Παλαιστίνῃ</span> <span class='ocrx_word' id='word_1_43' title='bbox 480 429 517 459; x_wconf 76' lang='grc' dir='ltr'>ἐνὶ</span> <span class='ocrx_word' id='word_1_44' title='bbox 527 429 626 469; x_wconf 79' lang='grc' dir='ltr'>ῥήματι</span> <span class='ocrx_word' id='word_1_45' title='bbox 633 427 892 468; x_wconf 79' lang='grc' dir='ltr'>παρέδραμεν.ἜΟος</span> 
     </span>
     <span class='ocr_line' id='line_1_7' title="bbox 121 475 890 517; baseline -0.003 -12"><span class='ocrx_word' id='word_1_46' title='bbox 121 476 173 516; x_wconf 82' lang='grc' dir='ltr'>γὰρ</span> <span class='ocrx_word' id='word_1_47' title='bbox 183 478 221 516; x_wconf 79' lang='grc' dir='ltr'>τῷ</span> <span class='ocrx_word' id='word_1_48' title='bbox 232 478 295 517; x_wconf 79' lang='grc' dir='ltr'>Θεῷ</span> <span class='ocrx_word' id='word_1_49' title='bbox 305 479 391 511; x_wconf 76' lang='grc' dir='ltr'>τοῦτο,</span> <span class='ocrx_word' id='word_1_50' title='bbox 400 476 442 506; x_wconf 81' lang='grc' dir='ltr'>διὰ</span> <span class='ocrx_word' id='word_1_51' title='bbox 450 475 499 512; x_wconf 81' lang='grc' dir='ltr'>τὴν</span> <span class='ocrx_word' id='word_1_52' title='bbox 509 475 661 515; x_wconf 85' lang='grc' dir='ltr'>περιουσίαν</span> <span class='ocrx_word' id='word_1_53' title='bbox 670 477 723 504; x_wconf 82' lang='grc' dir='ltr'>τῶν</span> <span class='ocrx_word' id='word_1_54' title='bbox 736 476 890 514; x_wconf 81' lang='grc' dir='ltr'>εὐεργεσιῶν</span> 
     </span>
     <span class='ocr_line' id='line_1_8' title="bbox 122 520 890 563; baseline -0.005 -10"><span class='ocrx_word' id='word_1_55' title='bbox 122 523 160 562; x_wconf 82' lang='grc' dir='ltr'>μὴ</span> <span class='ocrx_word' id='word_1_56' title='bbox 173 523 336 563; x_wconf 80' lang='grc' dir='ltr'>καταμικρὸν</span> <span class='ocrx_word' id='word_1_57' title='bbox 349 521 518 562; x_wconf 77' lang='grc' dir='ltr'>ἐνδιατρίὸειν</span> <span class='ocrx_word' id='word_1_58' title='bbox 533 523 566 562; x_wconf 81' lang='grc' dir='ltr'>τῇ</span> <span class='ocrx_word' id='word_1_59' title='bbox 581 520 703 561; x_wconf 80' lang='grc' dir='ltr'>διηγήσει</span> <span class='ocrx_word' id='word_1_60' title='bbox 714 522 766 550; x_wconf 78' lang='grc' dir='ltr'>τῶν</span> <span class='ocrx_word' id='word_1_61' title='bbox 779 532 890 560; x_wconf 88' lang='grc' dir='ltr'>γεγενη-</span> 
     </span>
     <span class='ocr_line' id='line_1_9' title="bbox 122 566 890 607; baseline -0.004 -9"><span class='ocrx_word' id='word_1_62' title='bbox 122 568 216 607; x_wconf 73' lang='grc' dir='ltr'>μένων.</span> <span class='ocrx_word' id='word_1_63' title='bbox 231 568 312 598; x_wconf 70' lang='grc' dir='ltr'>Αὐτοὶ</span> <span class='ocrx_word' id='word_1_64' title='bbox 326 567 355 597; x_wconf 78' lang='grc' dir='ltr'>δέ</span> <span class='ocrx_word' id='word_1_65' title='bbox 367 579 400 607; x_wconf 82' lang='grc' dir='ltr'>με</span> <span class='ocrx_word' id='word_1_66' title='bbox 413 567 554 604; x_wconf 84' lang='grc' dir='ltr'>ἠθέτησαν.</span> <span class='ocrx_word' id='word_1_67' title='bbox 568 566 730 607; x_wconf 77' lang='grc' dir='ltr'>Παρέὸησάν</span> <span class='ocrx_word' id='word_1_68' title='bbox 743 578 803 606; x_wconf 87' lang='grc' dir='ltr'>μου,</span> <span class='ocrx_word' id='word_1_69' title='bbox 816 566 890 606; x_wconf 81' lang='grc' dir='ltr'>φησὶ,</span> 
     </span>
     <span class='ocr_line' id='line_1_10' title="bbox 120 611 891 654; baseline -0.004 -10"><span class='ocrx_word' id='word_1_70' title='bbox 120 614 165 643; x_wconf 86' lang='grc' dir='ltr'>τὸν</span> <span class='ocrx_word' id='word_1_71' title='bbox 177 613 269 652; x_wconf 83' lang='grc' dir='ltr'>νόμον,</span> <span class='ocrx_word' id='word_1_72' title='bbox 290 614 324 644; x_wconf 81' lang='grc' dir='ltr'>τὰ</span> <span class='ocrx_word' id='word_1_73' title='bbox 343 613 536 654; x_wconf 76' lang='grc' dir='ltr'>προστάγματα</span> <span class='ocrx_word' id='word_1_74' title='bbox 555 613 706 643; x_wconf 79' lang='grc' dir='ltr'>κατέλιπον.</span> <span class='ocrx_word' id='word_1_75' title='bbox 717 611 807 651; x_wconf 85' lang='grc' dir='ltr'><strong>Ἔγνω</strong></span> <span class='ocrx_word' id='word_1_76' title='bbox 830 613 891 651; x_wconf 82' lang='grc' dir='ltr'>βοῦς</span> 
     </span>
     <span class='ocr_line' id='line_1_11' title="bbox 119 657 889 700; baseline -0.003 -11"><span class='ocrx_word' id='word_1_77' title='bbox 119 660 165 689; x_wconf 84' lang='grc' dir='ltr'>τὸν</span> <span class='ocrx_word' id='word_1_78' title='bbox 176 659 342 700; x_wconf 79' lang='grc' dir='ltr'>κτησάμενον</span> <span class='ocrx_word' id='word_1_79' title='bbox 350 682 358 697; x_wconf 87' lang='grc'>,</span> <span class='ocrx_word' id='word_1_80' title='bbox 372 660 418 690; x_wconf 77' lang='grc' dir='ltr'>καὶ</span> <span class='ocrx_word' id='word_1_81' title='bbox 430 659 487 693; x_wconf 78' lang='grc' dir='ltr'>ὄνος</span> <span class='ocrx_word' id='word_1_82' title='bbox 499 659 548 696; x_wconf 71' lang='grc' dir='ltr'>τὴν</span> <span class='ocrx_word' id='word_1_83' title='bbox 562 658 662 699; x_wconf 82' lang='grc' dir='ltr'>φάτνην</span> <span class='ocrx_word' id='word_1_84' title='bbox 674 661 721 688; x_wconf 80' lang='grc' dir='ltr'>τοῦ</span> <span class='ocrx_word' id='word_1_85' title='bbox 735 657 825 698; x_wconf 81' lang='grc' dir='ltr'>κυρίου</span> <span class='ocrx_word' id='word_1_86' title='bbox 841 659 889 687; x_wconf 85' lang='grc' dir='ltr'>αὐ-</span> 
     </span>
     <span class='ocr_line' id='line_1_12' title="bbox 119 704 889 746; baseline -0.004 -11"><span class='ocrx_word' id='word_1_87' title='bbox 119 708 178 736; x_wconf 86' lang='grc' dir='ltr'>τοῦ.</span> <span class='ocrx_word' id='word_1_88' title='bbox 196 707 231 735; x_wconf 82' lang='grc' dir='ltr'>Αἱ</span> <span class='ocrx_word' id='word_1_89' title='bbox 245 706 395 746; x_wconf 79' lang='grc' dir='ltr'>συγκρίσεις</span> <span class='ocrx_word' id='word_1_90' title='bbox 407 705 515 742; x_wconf 83' lang='grc' dir='ltr'>αὔξησιν</span> <span class='ocrx_word' id='word_1_91' title='bbox 528 707 575 741; x_wconf 75' lang='grc' dir='ltr'>τῆς</span> <span class='ocrx_word' id='word_1_92' title='bbox 589 704 750 744; x_wconf 85' lang='grc' dir='ltr'>κατηγορίας</span> <span class='ocrx_word' id='word_1_93' title='bbox 767 706 889 740; x_wconf 79' lang='grc' dir='ltr'>ποιοῦσι,</span> 
     </span>
     <span class='ocr_line' id='line_1_13' title="bbox 120 746 888 792; baseline -0.004 -10"><span class='ocrx_word' id='word_1_94' title='bbox 120 753 166 782; x_wconf 82' lang='grc' dir='ltr'>καὶ</span> <span class='ocrx_word' id='word_1_95' title='bbox 180 753 296 792; x_wconf 76' lang='grc' dir='ltr'>μάλιστα</span> <span class='ocrx_word' id='word_1_96' title='bbox 316 752 378 782; x_wconf 75' lang='grc' dir='ltr'>ὅταν</span> <span class='ocrx_word' id='word_1_97' title='bbox 392 751 419 786; x_wconf 79' lang='grc' dir='ltr'>ἐξ</span> <span class='ocrx_word' id='word_1_98' title='bbox 439 751 534 782; x_wconf 82' lang='grc' dir='ltr'>ἀνίσων</span> <span class='ocrx_word' id='word_1_99' title='bbox 549 746 612 781; x_wconf 66' lang='lat'>‹33⁶2-</span> <span class='ocrx_word' id='word_1_100' title='bbox 629 750 716 784; x_wconf 81' lang='grc' dir='ltr'>καθὼς</span> <span class='ocrx_word' id='word_1_101' title='bbox 733 750 778 780; x_wconf 80' lang='grc' dir='ltr'>καὶ</span> <span class='ocrx_word' id='word_1_102' title='bbox 793 752 806 780; x_wconf 85' lang='grc' dir='ltr'>ὁ</span> <span class='ocrx_word' id='word_1_103' title='bbox 820 751 888 790; x_wconf 82' lang='grc' dir='ltr'>Χρι-</span> 
     </span>
     <span class='ocr_line' id='line_1_14' title="bbox 121 797 888 840; baseline -0.004 -12"><span class='ocrx_word' id='word_1_104' title='bbox 121 799 182 834; x_wconf 84' lang='grc' dir='ltr'>στός</span> <span class='ocrx_word' id='word_1_105' title='bbox 205 810 285 840; x_wconf 77' lang='grc' dir='ltr'>φησι·</span> <span class='ocrx_word' id='word_1_106' title='bbox 311 798 416 838; x_wconf 82' lang='grc' dir='ltr'>Ἄνδρες</span> <span class='ocrx_word' id='word_1_107' title='bbox 439 799 576 829; x_wconf 83' lang='grc' dir='ltr'>Νινευῖται</span> <span class='ocrx_word' id='word_1_108' title='bbox 598 797 791 833; x_wconf 70' lang='grc' dir='ltr'>ἀναστήσονται</span> <span class='ocrx_word' id='word_1_109' title='bbox 810 797 837 825; x_wconf 80' lang='grc' dir='ltr'>ἐν</span> <span class='ocrx_word' id='word_1_110' title='bbox 855 799 888 837; x_wconf 77' lang='grc' dir='ltr'>τῇ</span> 
     </span>
     <span class='ocr_line' id='line_1_15' title="bbox 120 843 888 887; baseline -0.007 -11"><span class='ocrx_word' id='word_1_111' title='bbox 120 846 206 887; x_wconf 82' lang='grc' dir='ltr'>κρίσει</span> <span class='ocrx_word' id='word_1_112' title='bbox 227 846 294 886; x_wconf 75' lang='grc' dir='ltr'>μετὰ</span> <span class='ocrx_word' id='word_1_113' title='bbox 318 849 366 883; x_wconf 75' lang='grc' dir='ltr'>τῆς</span> <span class='ocrx_word' id='word_1_114' title='bbox 385 850 476 886; x_wconf 72' lang='grc' dir='ltr'>γενεᾶς</span> <span class='ocrx_word' id='word_1_115' title='bbox 498 844 610 881; x_wconf 78' lang='grc' dir='ltr'>ταύτης,</span> <span class='ocrx_word' id='word_1_116' title='bbox 626 843 670 873; x_wconf 78' lang='grc' dir='ltr'>καὶ</span> <span class='ocrx_word' id='word_1_117' title='bbox 688 845 888 883; x_wconf 74' lang='grc' dir='ltr'>κατακρινοῦσιν</span> 
     </span>
     <span class='ocr_line' id='line_1_16' title="bbox 121 888 889 929; baseline -0.009 -6"><span class='ocrx_word' id='word_1_118' title='bbox 121 893 203 929; x_wconf 74' lang='grc' dir='ltr'>αὐτήν</span> <span class='ocrx_word' id='word_1_119' title='bbox 213 905 220 912; x_wconf 87' lang='grc'><em>·</em></span> <span class='ocrx_word' id='word_1_120' title='bbox 242 893 287 923; x_wconf 82' lang='grc' dir='ltr'>καὶ</span> <span class='ocrx_word' id='word_1_121' title='bbox 308 892 388 923; x_wconf 79' lang='grc' dir='ltr'>πάλιν</span> <span class='ocrx_word' id='word_1_122' title='bbox 398 903 405 910; x_wconf 95' lang='grc'><em>·</em></span> <span class='ocrx_word' id='word_1_123' title='bbox 419 890 570 921; x_wconf 85' lang='grc' dir='ltr'>Βασίλισσα</span> <span class='ocrx_word' id='word_1_124' title='bbox 582 889 658 919; x_wconf 87' lang='grc' dir='ltr'>νότου</span> <span class='ocrx_word' id='word_1_125' title='bbox 677 888 849 928; x_wconf 78' lang='grc' dir='ltr'>ἐγερθήσεται</span> <span class='ocrx_word' id='word_1_126' title='bbox 862 889 889 917; x_wconf 83' lang='grc' dir='ltr'>ἐν</span> 
     </span>
     <span class='ocr_line' id='line_1_17' title="bbox 119 933 889 979; baseline -0.01 -9"><span class='ocrx_word' id='word_1_127' title='bbox 119 942 153 979; x_wconf 72' lang='grc' dir='ltr'>τῇ</span> <span class='ocrx_word' id='word_1_128' title='bbox 175 939 278 979; x_wconf 79' lang='grc' dir='ltr'>κρίσει,</span> <span class='ocrx_word' id='word_1_129' title='bbox 294 938 340 968; x_wconf 80' lang='grc' dir='ltr'>καὶ</span> <span class='ocrx_word' id='word_1_130' title='bbox 352 941 504 978; x_wconf 80' lang='grc' dir='ltr'>κατακρινεῖ</span> <span class='ocrx_word' id='word_1_131' title='bbox 526 936 574 973; x_wconf 85' lang='grc' dir='ltr'>τὴν</span> <span class='ocrx_word' id='word_1_132' title='bbox 593 935 684 975; x_wconf 84' lang='grc' dir='ltr'>γενεὰν</span> <span class='ocrx_word' id='word_1_133' title='bbox 708 934 807 970; x_wconf 88' lang='grc' dir='ltr'>ταύτην</span> <span class='ocrx_word' id='word_1_134' title='bbox 820 957 828 971; x_wconf 86' lang='grc'>,</span> <span class='ocrx_word' id='word_1_135' title='bbox 849 933 889 963; x_wconf 77' lang='grc' dir='ltr'>ὅτι</span> 
     </span>
     <span class='ocr_line' id='line_1_18' title="bbox 119 980 888 1026; baseline -0.009 -10"><span class='ocrx_word' id='word_1_136' title='bbox 119 982 198 1022; x_wconf 73' lang='grc' dir='ltr'>ἦλθεν</span> <span class='ocrx_word' id='word_1_137' title='bbox 209 987 242 1015; x_wconf 81' lang='grc' dir='ltr'>ἐκ</span> <span class='ocrx_word' id='word_1_138' title='bbox 254 988 307 1015; x_wconf 81' lang='grc' dir='ltr'>τῶν</span> <span class='ocrx_word' id='word_1_139' title='bbox 321 985 442 1026; x_wconf 84' lang='grc' dir='ltr'>περάτων</span> <span class='ocrx_word' id='word_1_140' title='bbox 456 986 504 1019; x_wconf 74' lang='grc' dir='ltr'>τῆς</span> <span class='ocrx_word' id='word_1_141' title='bbox 524 985 573 1022; x_wconf 84' lang='grc' dir='ltr'>γ’ἠς</span> <span class='ocrx_word' id='word_1_142' title='bbox 597 983 709 1011; x_wconf 79' lang='grc' dir='ltr'>ἀκοῦσαι</span> <span class='ocrx_word' id='word_1_143' title='bbox 732 981 780 1017; x_wconf 75' lang='grc' dir='ltr'>τὴν</span> <span class='ocrx_word' id='word_1_144' title='bbox 796 980 888 1021; x_wconf 67' lang='grc' dir='ltr'>σοφίαν</span> 
     </span>
     <span class='ocr_line' id='line_1_19' title="bbox 119 1026 889 1071; baseline -0.01 -8"><span class='ocrx_word' id='word_1_145' title='bbox 119 1033 302 1071; x_wconf 81' lang='grc' dir='ltr'>Σολομῶντος.</span> <span class='ocrx_word' id='word_1_146' title='bbox 324 1031 378 1062; x_wconf 78' lang='grc' dir='ltr'>Καὶ</span> <span class='ocrx_word' id='word_1_147' title='bbox 398 1029 528 1070; x_wconf 81' lang='grc' dir='ltr'>Ἱερεμίας</span> <span class='ocrx_word' id='word_1_148' title='bbox 541 1028 569 1058; x_wconf 84' lang='grc' dir='ltr'>δὲ</span> <span class='ocrx_word' id='word_1_149' title='bbox 585 1027 666 1059; x_wconf 83' lang='grc' dir='ltr'>πάλιν</span> <span class='ocrx_word' id='word_1_150' title='bbox 680 1026 745 1067; x_wconf 84' lang='grc' dir='ltr'>φησί</span> <span class='ocrx_word' id='word_1_151' title='bbox 758 1038 764 1044; x_wconf 91' lang='grc'><em>·</em></span> <span class='ocrx_word' id='word_1_152' title='bbox 783 1026 871 1066; x_wconf 86' lang='grc' dir='ltr'>Πορεύ</span> <span class='ocrx_word' id='word_1_153' title='bbox 881 1044 889 1048; x_wconf 95' lang='grc'><strong>-</strong></span> 
     </span>
     <span class='ocr_line' id='line_1_20' title="bbox 119 1071 889 1115; baseline -0.012 -6"><span class='ocrx_word' id='word_1_154' title='bbox 119 1082 182 1115; x_wconf 80' lang='grc' dir='ltr'>Οητε</span> <span class='ocrx_word' id='word_1_155' title='bbox 195 1080 232 1112; x_wconf 83' lang='grc' dir='ltr'>εἷς</span> <span class='ocrx_word' id='word_1_156' title='bbox 247 1078 341 1114; x_wconf 80' lang='grc' dir='ltr'>νήσους</span> <span class='ocrx_word' id='word_1_157' title='bbox 351 1076 481 1115; x_wconf 52' lang='lat' dir='ltr'>*xcx-dp,</span> <span class='ocrx_word' id='word_1_158' title='bbox 497 1075 542 1105; x_wconf 80' lang='grc' dir='ltr'>καὶ</span> <span class='ocrx_word' id='word_1_159' title='bbox 554 1075 622 1103; x_wconf 83' lang='grc' dir='ltr'>ἴδετε</span> <span class='ocrx_word' id='word_1_160' title='bbox 642 1075 678 1106; x_wconf 84' lang='grc' dir='ltr'>εἷς</span> <span class='ocrx_word' id='word_1_161' title='bbox 695 1072 793 1112; x_wconf 81' lang='grc' dir='ltr'>Κεδάρ,</span> <span class='ocrx_word' id='word_1_162' title='bbox 809 1071 889 1101; x_wconf 75' lang='grc' dir='ltr'>Ἀπο-</span> 
     </span>
     <span class='ocr_line' id='line_1_21' title="bbox 119 1117 888 1163; baseline -0.013 -8"><span class='ocrx_word' id='word_1_163' title='bbox 119 1125 240 1155; x_wconf 76' lang='grc' dir='ltr'>στείλατε</span> <span class='ocrx_word' id='word_1_164' title='bbox 249 1124 294 1155; x_wconf 82' lang='grc' dir='ltr'>καὶ</span> <span class='ocrx_word' id='word_1_165' title='bbox 307 1125 391 1163; x_wconf 83' lang='grc' dir='ltr'>γνῶτε</span> <span class='ocrx_word' id='word_1_166' title='bbox 403 1145 411 1159; x_wconf 95' lang='grc'>,</span> <span class='ocrx_word' id='word_1_167' title='bbox 426 1124 448 1152; x_wconf 86' lang='grc' dir='ltr'>εἰ</span> <span class='ocrx_word' id='word_1_168' title='bbox 463 1120 618 1155; x_wconf 82' lang='grc' dir='ltr'>ἀλλάξονται</span> <span class='ocrx_word' id='word_1_169' title='bbox 630 1118 690 1155; x_wconf 86' lang='grc' dir='ltr'>ἔθνη</span> <span class='ocrx_word' id='word_1_170' title='bbox 703 1117 775 1151; x_wconf 83' lang='grc' dir='ltr'>θεοὺς</span> <span class='ocrx_word' id='word_1_171' title='bbox 786 1119 871 1147; x_wconf 82' lang='grc' dir='ltr'>αὐτῶν</span> <span class='ocrx_word' id='word_1_172' title='bbox 882 1129 888 1135; x_wconf 88' lang='grc'><em>·</em></span> 
     </span>
     <span class='ocr_line' id='line_1_22' title="bbox 119 1159 890 1210; baseline -0.01 -10"><span class='ocrx_word' id='word_1_173' title='bbox 119 1173 134 1200; x_wconf 83' lang='grc' dir='ltr'><strong>ὁ</strong></span> <span class='ocrx_word' id='word_1_174' title='bbox 146 1171 173 1200; x_wconf 87' lang='grc' dir='ltr'>δὲ</span> <span class='ocrx_word' id='word_1_175' title='bbox 186 1170 248 1204; x_wconf 85' lang='grc' dir='ltr'>λαός</span> <span class='ocrx_word' id='word_1_176' title='bbox 265 1182 315 1210; x_wconf 86' lang='grc' dir='ltr'>μου</span> <span class='ocrx_word' id='word_1_177' title='bbox 335 1168 469 1206; x_wconf 82' lang='grc' dir='ltr'>ἠλλάξατο</span> <span class='ocrx_word' id='word_1_178' title='bbox 481 1167 529 1203; x_wconf 82' lang='grc' dir='ltr'>τὴν</span> <span class='ocrx_word' id='word_1_179' title='bbox 544 1166 619 1200; x_wconf 82' lang='grc' dir='ltr'>δόξαν</span> <span class='ocrx_word' id='word_1_180' title='bbox 638 1166 727 1201; x_wconf 79' lang='grc' dir='ltr'>αὐτοῦ,</span> <span class='ocrx_word' id='word_1_181' title='bbox 749 1163 776 1198; x_wconf 77' lang='grc' dir='ltr'>ἐξ</span> <span class='ocrx_word' id='word_1_182' title='bbox 797 1159 890 1199; x_wconf 73' lang='grc' dir='ltr'>ἧς-οὗκ</span> 
     </span>
     <span class='ocr_line' id='line_1_23' title="bbox 119 1209 890 1258; baseline -0.013 -10"><span class='ocrx_word' id='word_1_183' title='bbox 119 1217 331 1258; x_wconf 78' lang='grc' dir='ltr'>ὠφεληθήσεται.</span> <span class='ocrx_word' id='word_1_184' title='bbox 355 1215 397 1245; x_wconf 85' lang='grc' dir='ltr'>Τὸ</span> <span class='ocrx_word' id='word_1_185' title='bbox 421 1212 567 1253; x_wconf 80' lang='grc' dir='ltr'>ἀνεπαχθὲς</span> <span class='ocrx_word' id='word_1_186' title='bbox 593 1213 640 1247; x_wconf 78' lang='grc' dir='ltr'>τῆς</span> <span class='ocrx_word' id='word_1_187' title='bbox 661 1210 814 1250; x_wconf 84' lang='grc' dir='ltr'>νομοθεσίας</span> <span class='ocrx_word' id='word_1_188' title='bbox 838 1209 890 1239; x_wconf 87' lang='grc' dir='ltr'>δεί-</span> 
     </span>
     <span class='ocr_line' id='line_1_24' title="bbox 119 1255 888 1300; baseline -0.014 -6"><span class='ocrx_word' id='word_1_189' title='bbox 119 1275 212 1300; x_wconf 83' lang='grc' dir='ltr'>κνυσι,</span> <span class='ocrx_word' id='word_1_190' title='bbox 226 1262 272 1292; x_wconf 80' lang='grc' dir='ltr'>καὶ</span> <span class='ocrx_word' id='word_1_191' title='bbox 282 1262 342 1292; x_wconf 78' lang='grc' dir='ltr'>ὅσον</span> <span class='ocrx_word' id='word_1_192' title='bbox 357 1262 464 1290; x_wconf 79' lang='grc' dir='ltr'>ἀπαιτεῖ</span> <span class='ocrx_word' id='word_1_193' title='bbox 475 1258 550 1299; x_wconf 77' lang='grc' dir='ltr'>παρὰ</span> <span class='ocrx_word' id='word_1_194' title='bbox 562 1260 614 1288; x_wconf 85' lang='grc' dir='ltr'>τῶν</span> <span class='ocrx_word' id='word_1_195' title='bbox 626 1255 770 1297; x_wconf 76' lang='grc' dir='ltr'>ἀνθρώπων</span> <span class='ocrx_word' id='word_1_196' title='bbox 783 1255 888 1295; x_wconf 81' lang='grc' dir='ltr'>μέτρον,</span> 
     </span>
     <span class='ocr_line' id='line_1_25' title="bbox 118 1302 889 1349; baseline -0.012 -10"><span class='ocrx_word' id='word_1_197' title='bbox 118 1308 134 1338; x_wconf 80' lang='grc'><strong>8</strong></span> <span class='ocrx_word' id='word_1_198' title='bbox 147 1309 192 1339; x_wconf 80' lang='grc' dir='ltr'>καὶ</span> <span class='ocrx_word' id='word_1_199' title='bbox 206 1309 309 1349; x_wconf 82' lang='grc' dir='ltr'>ἀλόγοις</span> <span class='ocrx_word' id='word_1_200' title='bbox 329 1307 436 1337; x_wconf 83' lang='grc' dir='ltr'>εὔκολον</span> <span class='ocrx_word' id='word_1_201' title='bbox 453 1307 620 1345; x_wconf 77' lang='grc' dir='ltr'>κατορθῶσαι</span> <span class='ocrx_word' id='word_1_202' title='bbox 629 1325 637 1340; x_wconf 90' lang='grc'>,</span> <span class='ocrx_word' id='word_1_203' title='bbox 660 1302 706 1333; x_wconf 80' lang='grc' dir='ltr'>καὶ</span> <span class='ocrx_word' id='word_1_204' title='bbox 719 1302 822 1341; x_wconf 81' lang='grc' dir='ltr'>ἀλόγων</span> <span class='ocrx_word' id='word_1_205' title='bbox 835 1306 889 1335; x_wconf 85' lang='grc' dir='ltr'>τοῖς</span> 
     </span>
     <span class='ocr_line' id='line_1_26' title="bbox 120 1347 889 1396; baseline -0.013 -10"><span class='ocrx_word' id='word_1_206' title='bbox 120 1355 307 1396; x_wconf 84' lang='grc' dir='ltr'>ἀνοητοτέροις.</span> <span class='ocrx_word' id='word_1_207' title='bbox 326 1354 395 1384; x_wconf 83' lang='grc' dir='ltr'>Ἀλλ’</span> <span class='ocrx_word' id='word_1_208' title='bbox 416 1353 470 1393; x_wconf 78' lang='grc' dir='ltr'>ὶρεῖ</span> <span class='ocrx_word' id='word_1_209' title='bbox 491 1363 548 1387; x_wconf 85' lang='grc' dir='ltr'>τις,</span> <span class='ocrx_word' id='word_1_210' title='bbox 563 1350 604 1380; x_wconf 72' lang='grc' dir='ltr'>ὅτι</span> <span class='ocrx_word' id='word_1_211' title='bbox 625 1350 712 1379; x_wconf 81' lang='grc' dir='ltr'>ἐκεῖνα</span> <span class='ocrx_word' id='word_1_212' title='bbox 725 1350 752 1378; x_wconf 81' lang='grc' dir='ltr'>ἐν</span> <span class='ocrx_word' id='word_1_213' title='bbox 764 1350 797 1388; x_wconf 81' lang='grc' dir='ltr'>τῇ</span> <span class='ocrx_word' id='word_1_214' title='bbox 812 1347 889 1388; x_wconf 83' lang='grc' dir='ltr'>φύσει</span> 
     </span>
     <span class='ocr_line' id='line_1_27' title="bbox 119 1393 888 1442; baseline -0.013 -10"><span class='ocrx_word' id='word_1_215' title='bbox 119 1402 174 1442; x_wconf 87' lang='grc' dir='ltr'>ἔχει</span> <span class='ocrx_word' id='word_1_216' title='bbox 188 1401 219 1432; x_wconf 81' lang='grc' dir='ltr'>τὸ</span> <span class='ocrx_word' id='word_1_217' title='bbox 230 1400 374 1441; x_wconf 84' lang='grc' dir='ltr'>γνωρίζειν.</span> <span class='ocrx_word' id='word_1_218' title='bbox 385 1398 465 1429; x_wconf 73' lang='grc' dir='ltr'>Ἀλλὰ</span> <span class='ocrx_word' id='word_1_219' title='bbox 479 1397 587 1427; x_wconf 85' lang='grc' dir='ltr'>δυνατὸν</span> <span class='ocrx_word' id='word_1_220' title='bbox 602 1395 636 1425; x_wconf 79' lang='grc' dir='ltr'>τὰ</span> <span class='ocrx_word' id='word_1_221' title='bbox 652 1395 728 1435; x_wconf 84' lang='grc' dir='ltr'>φύσει</span> <span class='ocrx_word' id='word_1_222' title='bbox 744 1393 888 1434; x_wconf 79' lang='grc' dir='ltr'>κατορθού-</span> 
     </span>
     <span class='ocr_line' id='line_1_28' title="bbox 110 1441 887 1487; baseline -0.012 -8"><span class='ocrx_word' id='word_1_223' title='bbox 110 1446 186 1487; x_wconf 79' lang='grc' dir='ltr'>μενα</span> <span class='ocrx_word' id='word_1_224' title='bbox 211 1447 318 1481; x_wconf 75' lang='grc' dir='ltr'>ἐκείνοις</span> <span class='ocrx_word' id='word_1_225' title='bbox 344 1448 374 1476; x_wconf 76' lang='grc' dir='ltr'>ἐκ</span> <span class='ocrx_word' id='word_1_226' title='bbox 394 1444 571 1486; x_wconf 71' lang='grc' dir='ltr'>προαιρέσεως</span> <span class='ocrx_word' id='word_1_227' title='bbox 595 1443 638 1483; x_wconf 78' lang='grc' dir='ltr'>ὑφ’</span> <span class='ocrx_word' id='word_1_228' title='bbox 663 1444 739 1481; x_wconf 83' lang='grc' dir='ltr'>ἡμῶν</span> <span class='ocrx_word' id='word_1_229' title='bbox 762 1441 887 1480; x_wconf 85' lang='grc' dir='ltr'>γίνεσθαι.</span> 
     </span>
     <span class='ocr_line' id='line_1_29' title="bbox 118 1486 887 1534; baseline -0.014 -9"><span class='ocrx_word' id='word_1_230' title='bbox 118 1494 209 1534; x_wconf 85' lang='grc' dir='ltr'>Ἔγνω</span> <span class='ocrx_word' id='word_1_231' title='bbox 224 1496 285 1534; x_wconf 80' lang='grc' dir='ltr'>βοῦς</span> <span class='ocrx_word' id='word_1_232' title='bbox 297 1493 343 1523; x_wconf 75' lang='grc' dir='ltr'>τὸν</span> <span class='ocrx_word' id='word_1_233' title='bbox 364 1491 529 1530; x_wconf 83' lang='grc' dir='ltr'>κτησάμενον</span> <span class='ocrx_word' id='word_1_234' title='bbox 542 1502 548 1508; x_wconf 92' lang='grc'>·</span> <span class='ocrx_word' id='word_1_235' title='bbox 565 1488 615 1519; x_wconf 67' lang='lat'>”01²1</span> <span class='ocrx_word' id='word_1_236' title='bbox 637 1489 675 1528; x_wconf 83' lang='grc' dir='ltr'>τῷ</span> <span class='ocrx_word' id='word_1_237' title='bbox 695 1486 820 1527; x_wconf 80' lang='grc' dir='ltr'>ἐξαιρέτῳ</span> <span class='ocrx_word' id='word_1_238' title='bbox 840 1488 887 1522; x_wconf 73' lang='grc' dir='ltr'>τῆς</span> 
     </span>
     <span class='ocr_line' id='line_1_30' title="bbox 119 1533 887 1581; baseline -0.013 -10"><span class='ocrx_word' id='word_1_239' title='bbox 119 1541 218 1581; x_wconf 81' lang='grc' dir='ltr'>δωρεᾶς</span> <span class='ocrx_word' id='word_1_240' title='bbox 231 1540 310 1573; x_wconf 82' lang='grc' dir='ltr'>τιθεὶς</span> <span class='ocrx_word' id='word_1_241' title='bbox 323 1537 426 1573; x_wconf 76' lang='grc' dir='ltr'>αὐτοὺς,</span> <span class='ocrx_word' id='word_1_242' title='bbox 438 1536 507 1567; x_wconf 79' lang='grc' dir='ltr'>ἀλλὰ</span> <span class='ocrx_word' id='word_1_243' title='bbox 517 1535 562 1566; x_wconf 83' lang='grc' dir='ltr'>καὶ</span> <span class='ocrx_word' id='word_1_244' title='bbox 575 1536 609 1573; x_wconf 78' lang='grc' dir='ltr'>τῇ</span> <span class='ocrx_word' id='word_1_245' title='bbox 627 1533 761 1573; x_wconf 74' lang='grc' dir='ltr'>ὑπερὸολῇ</span> <span class='ocrx_word' id='word_1_246' title='bbox 775 1534 823 1568; x_wconf 75' lang='grc' dir='ltr'>τῆς</span> <span class='ocrx_word' id='word_1_247' title='bbox 836 1545 887 1562; x_wconf 82' lang='grc' dir='ltr'>κα-</span> 
     </span>
     <span class='ocr_line' id='line_1_31' title="bbox 118 1578 888 1622; baseline -0.013 -6"><span class='ocrx_word' id='word_1_248' title='bbox 118 1586 177 1620; x_wconf 86' lang='grc' dir='ltr'>κίας</span> <span class='ocrx_word' id='word_1_249' title='bbox 200 1587 285 1616; x_wconf 75' lang='grc' dir='ltr'>αὐτῶν</span> <span class='ocrx_word' id='word_1_250' title='bbox 305 1584 376 1619; x_wconf 76' lang='grc' dir='ltr'>αὔξει</span> <span class='ocrx_word' id='word_1_251' title='bbox 398 1583 446 1620; x_wconf 83' lang='grc' dir='ltr'>τὴν</span> <span class='ocrx_word' id='word_1_252' title='bbox 466 1580 635 1622; x_wconf 86' lang='grc' dir='ltr'>κατηγορίαν.</span> <span class='ocrx_word' id='word_1_253' title='bbox 648 1579 755 1619; x_wconf 58' lang='grc' dir='ltr'>σΩο-περ</span> <span class='ocrx_word' id='word_1_254' title='bbox 779 1578 830 1618; x_wconf 79' lang='grc' dir='ltr'>γὰρ</span> <span class='ocrx_word' id='word_1_255' title='bbox 851 1579 888 1611; x_wconf 81' lang='grc' dir='ltr'>εἷς</span> 
     </span>
     <span class='ocr_line' id='line_1_32' title="bbox 118 1624 887 1672; baseline -0.013 -10"><span class='ocrx_word' id='word_1_256' title='bbox 118 1631 248 1672; x_wconf 76' lang='grc' dir='ltr'>ἐντροπὴν</span> <span class='ocrx_word' id='word_1_257' title='bbox 267 1633 353 1661; x_wconf 78' lang='grc' dir='ltr'>αὐτῶν</span> <span class='ocrx_word' id='word_1_258' title='bbox 371 1629 406 1660; x_wconf 79' lang='grc' dir='ltr'>τὰ</span> <span class='ocrx_word' id='word_1_259' title='bbox 420 1633 539 1669; x_wconf 86' lang='grc' dir='ltr'>στοιχεῖα</span> <span class='ocrx_word' id='word_1_260' title='bbox 553 1629 640 1659; x_wconf 77' lang='grc' dir='ltr'>καλεῖ,</span> <span class='ocrx_word' id='word_1_261' title='bbox 662 1625 730 1655; x_wconf 76' lang='grc' dir='ltr'>οὕτω</span> <span class='ocrx_word' id='word_1_262' title='bbox 744 1624 824 1653; x_wconf 80' lang='grc' dir='ltr'>πάλιν</span> <span class='ocrx_word' id='word_1_263' title='bbox 840 1625 887 1653; x_wconf 85' lang='grc' dir='ltr'>οὔκ</span> 
     </span>
     <span class='ocr_line' id='line_1_33' title="bbox 121 1669 887 1718; baseline -0.012 -11"><span class='ocrx_word' id='word_1_264' title='bbox 121 1677 280 1718; x_wconf 79' lang='grc' dir='ltr'>ἀνθρώποις,</span> <span class='ocrx_word' id='word_1_265' title='bbox 293 1676 362 1706; x_wconf 80' lang='grc' dir='ltr'>ἀλλὰ</span> <span class='ocrx_word' id='word_1_266' title='bbox 376 1675 479 1715; x_wconf 84' lang='grc' dir='ltr'>ἀλόγοις</span> <span class='ocrx_word' id='word_1_267' title='bbox 492 1676 580 1706; x_wconf 79' lang='grc' dir='ltr'>αὐτοῖς</span> <span class='ocrx_word' id='word_1_268' title='bbox 594 1671 746 1711; x_wconf 81' lang='grc' dir='ltr'>συγκρίνει,</span> <span class='ocrx_word' id='word_1_269' title='bbox 761 1669 806 1699; x_wconf 77' lang='grc' dir='ltr'>καὶ</span> <span class='ocrx_word' id='word_1_270' title='bbox 823 1670 887 1699; x_wconf 84' lang='grc' dir='ltr'>τού-</span> 
     </span>
     <span class='ocr_line' id='line_1_34' title="bbox 119 1715 886 1759; baseline -0.014 -5"><span class='ocrx_word' id='word_1_271' title='bbox 119 1736 172 1754; x_wconf 83' lang='grc' dir='ltr'>των</span> <span class='ocrx_word' id='word_1_272' title='bbox 182 1728 236 1757; x_wconf 82' lang='grc' dir='ltr'>τοῖς</span> <span class='ocrx_word' id='word_1_273' title='bbox 246 1721 439 1759; x_wconf 79' lang='grc' dir='ltr'>ἀνοητοτάτοις,</span> <span class='ocrx_word' id='word_1_274' title='bbox 453 1720 498 1749; x_wconf 63' lang='lat' dir='ltr'><strong>{mi</strong></span> <span class='ocrx_word' id='word_1_275' title='bbox 508 1719 623 1749; x_wconf 80' lang='grc' dir='ltr'>δείκνυσι</span> <span class='ocrx_word' id='word_1_276' title='bbox 633 1717 737 1757; x_wconf 80' lang='grc' dir='ltr'>χείρους</span> <span class='ocrx_word' id='word_1_277' title='bbox 748 1715 886 1745; x_wconf 81' lang='grc' dir='ltr'>κάκείνων.</span> 
     </span>
    </p>
   </div>
   <div class='ocr_carea' id='block_1_3' title="bbox 120 1817 891 2422">
    <p class='ocr_par' dir='ltr' id='par_1_3' title="bbox 120 1817 891 2422">
     <span class='ocr_line' id='line_1_35' title="bbox 160 1817 890 1865; baseline -0.018 -7"><span class='ocrx_word' id='word_1_278' title='bbox 160 1827 240 1858; x_wconf 78' lang='grc' dir='ltr'>Οὕτω</span> <span class='ocrx_word' id='word_1_279' title='bbox 258 1826 302 1855; x_wconf 85' lang='grc' dir='ltr'>καὶ</span> <span class='ocrx_word' id='word_1_280' title='bbox 316 1823 446 1865; x_wconf 85' lang='grc' dir='ltr'>Ἱερεμίας</span> <span class='ocrx_word' id='word_1_281' title='bbox 465 1826 551 1857; x_wconf 82' lang='grc' dir='ltr'>ποιεῖ,</span> <span class='ocrx_word' id='word_1_282' title='bbox 565 1819 677 1860; x_wconf 87' lang='grc' dir='ltr'>τρυγόνα</span> <span class='ocrx_word' id='word_1_283' title='bbox 700 1818 746 1848; x_wconf 78' lang='grc' dir='ltr'>καὶ</span> <span class='ocrx_word' id='word_1_284' title='bbox 767 1817 890 1857; x_wconf 82' lang='grc' dir='ltr'>χελιδόνα</span> 
     </span>
     <span class='ocr_line' id='line_1_36' title="bbox 120 1863 888 1914; baseline -0.017 -10"><span class='ocrx_word' id='word_1_285' title='bbox 120 1874 246 1914; x_wconf 78' lang='grc' dir='ltr'>παράγων</span> <span class='ocrx_word' id='word_1_286' title='bbox 260 1874 296 1906; x_wconf 84' lang='grc' dir='ltr'>εἷς</span> <span class='ocrx_word' id='word_1_287' title='bbox 312 1870 400 1910; x_wconf 80' lang='grc' dir='ltr'>μέσον,</span> <span class='ocrx_word' id='word_1_288' title='bbox 415 1868 460 1899; x_wconf 72' lang='grc' dir='ltr'>καὶ</span> <span class='ocrx_word' id='word_1_289' title='bbox 473 1871 488 1898; x_wconf 83' lang='grc' dir='ltr'><strong>ὁ</strong></span> <span class='ocrx_word' id='word_1_290' title='bbox 503 1869 631 1906; x_wconf 79' lang='grc' dir='ltr'>Σολομῶν</span> <span class='ocrx_word' id='word_1_291' title='bbox 652 1865 680 1895; x_wconf 86' lang='grc' dir='ltr'>δὲ</span> <span class='ocrx_word' id='word_1_292' title='bbox 700 1867 745 1894; x_wconf 80' lang='grc' dir='ltr'>νῦν</span> <span class='ocrx_word' id='word_1_293' title='bbox 758 1864 824 1903; x_wconf 82' lang='grc' dir='ltr'>πρὸς</span> <span class='ocrx_word' id='word_1_294' title='bbox 840 1863 888 1899; x_wconf 73' lang='grc' dir='ltr'>τὴν</span> 
     </span>
     <span class='ocr_line' id='line_1_37' title="bbox 121 1909 888 1962; baseline -0.018 -10"><span class='ocrx_word' id='word_1_295' title='bbox 121 1921 258 1962; x_wconf 84' lang='grc' dir='ltr'>μύρμηκα,</span> <span class='ocrx_word' id='word_1_296' title='bbox 270 1922 314 1948; x_wconf 79' lang='grc' dir='ltr'>νῦν</span> <span class='ocrx_word' id='word_1_297' title='bbox 325 1917 352 1947; x_wconf 76' lang='grc' dir='ltr'>δὲ</span> <span class='ocrx_word' id='word_1_298' title='bbox 363 1916 428 1957; x_wconf 83' lang='grc' dir='ltr'>πρὸς</span> <span class='ocrx_word' id='word_1_299' title='bbox 439 1915 487 1951; x_wconf 85' lang='grc' dir='ltr'>τὴν</span> <span class='ocrx_word' id='word_1_300' title='bbox 500 1914 624 1954; x_wconf 81' lang='grc' dir='ltr'>μέλιτταν</span> <span class='ocrx_word' id='word_1_301' title='bbox 634 1912 747 1951; x_wconf 85' lang='grc' dir='ltr'>πέμπων</span> <span class='ocrx_word' id='word_1_302' title='bbox 755 1910 799 1940; x_wconf 82' lang='grc' dir='ltr'>τὸν</span> <span class='ocrx_word' id='word_1_303' title='bbox 809 1909 888 1950; x_wconf 79' lang='grc' dir='ltr'>ἀργὸν</span> 
     </span>
     <span class='ocr_line' id='line_1_38' title="bbox 122 1956 887 2007; baseline -0.016 -12"><span class='ocrx_word' id='word_1_304' title='bbox 122 1966 178 2007; x_wconf 87' lang='grc' dir='ltr'>βίον</span> <span class='ocrx_word' id='word_1_305' title='bbox 192 1968 286 2001; x_wconf 81' lang='grc' dir='ltr'>ζῶντα.</span> <span class='ocrx_word' id='word_1_306' title='bbox 297 1962 407 2004; x_wconf 79' lang='grc' dir='ltr'>Ἰσραὴλ</span> <span class='ocrx_word' id='word_1_307' title='bbox 428 1961 457 1991; x_wconf 79' lang='grc' dir='ltr'>δέ</span> <span class='ocrx_word' id='word_1_308' title='bbox 474 1972 507 2000; x_wconf 87' lang='grc' dir='ltr'>με</span> <span class='ocrx_word' id='word_1_309' title='bbox 524 1961 572 1990; x_wconf 78' lang='grc' dir='ltr'>οὐκ</span> <span class='ocrx_word' id='word_1_310' title='bbox 591 1959 668 1998; x_wconf 84' lang='grc' dir='ltr'>ἔγνω.</span> <span class='ocrx_word' id='word_1_311' title='bbox 685 1956 825 1989; x_wconf 84' lang='grc' dir='ltr'>Ἐπίτασις</span> <span class='ocrx_word' id='word_1_312' title='bbox 838 1967 887 1985; x_wconf 71' lang='lat' dir='ltr'>xa·</span> 
     </span>
     <span class='ocr_line' id='line_1_39' title="bbox 121 2001 890 2049; baseline -0.018 -6"><span class='ocrx_word' id='word_1_313' title='bbox 121 2013 196 2049; x_wconf 85' lang='grc' dir='ltr'>κίας,</span> <span class='ocrx_word' id='word_1_314' title='bbox 210 2012 272 2042; x_wconf 78' lang='grc' dir='ltr'>ὅταν</span> <span class='ocrx_word' id='word_1_315' title='bbox 292 2010 338 2041; x_wconf 76' lang='grc' dir='ltr'>καὶ</span> <span class='ocrx_word' id='word_1_316' title='bbox 360 2010 388 2046; x_wconf 73' lang='grc' dir='ltr'>οἵ</span> <span class='ocrx_word' id='word_1_317' title='bbox 405 2006 582 2049; x_wconf 72' lang='grc' dir='ltr'>ᾦκειωμένοι,</span> <span class='ocrx_word' id='word_1_318' title='bbox 604 2005 649 2035; x_wconf 77' lang='grc' dir='ltr'>καὶ</span> <span class='ocrx_word' id='word_1_319' title='bbox 674 2003 741 2043; x_wconf 82' lang='grc' dir='ltr'>μετὰ</span> <span class='ocrx_word' id='word_1_320' title='bbox 760 2001 890 2035; x_wconf 80' lang='grc' dir='ltr'>τοσαύτας</span> 
     </span>
     <span class='ocr_line' id='line_1_40' title="bbox 121 2043 888 2099; baseline -0.018 -9"><span class='ocrx_word' id='word_1_321' title='bbox 121 2058 215 2099; x_wconf 76' lang='grc' dir='ltr'>τιμὰς,</span> <span class='ocrx_word' id='word_1_322' title='bbox 229 2057 274 2088; x_wconf 81' lang='grc' dir='ltr'>καὶ</span> <span class='ocrx_word' id='word_1_323' title='bbox 290 2057 384 2089; x_wconf 82' lang='grc' dir='ltr'>πάντες</span> <span class='ocrx_word' id='word_1_324' title='bbox 403 2053 495 2095; x_wconf 83' lang='grc' dir='ltr'>ἀθρόον</span> <span class='ocrx_word' id='word_1_325' title='bbox 509 2052 575 2093; x_wconf 81' lang='grc' dir='ltr'>πρὸς</span> <span class='ocrx_word' id='word_1_326' title='bbox 587 2051 636 2087; x_wconf 76' lang='grc' dir='ltr'>τὴν</span> <span class='ocrx_word' id='word_1_327' title='bbox 650 2050 745 2081; x_wconf 80' lang='grc' dir='ltr'>κακίαν</span> <span class='ocrx_word' id='word_1_328' title='bbox 760 2043 826 2078; x_wconf 74' lang='grc' dir='ltr'>ὦσιν</span> <span class='ocrx_word' id='word_1_329' title='bbox 841 2049 888 2083; x_wconf 75' lang='grc' dir='ltr'>ηὗ·</span> 
     </span>
     <span class='ocr_line' id='line_1_41' title="bbox 120 2093 888 2144; baseline -0.018 -8"><span class='ocrx_word' id='word_1_330' title='bbox 120 2104 304 2144; x_wconf 82' lang='grc' dir='ltr'>τομοληκότες.</span> <span class='ocrx_word' id='word_1_331' title='bbox 316 2103 376 2133; x_wconf 79' lang='grc' dir='ltr'>Οὔκ</span> <span class='ocrx_word' id='word_1_332' title='bbox 389 2096 472 2136; x_wconf 68' lang='grc' dir='ltr'>εἶπεν,</span> <span class='ocrx_word' id='word_1_333' title='bbox 488 2098 601 2134; x_wconf 77' lang='grc' dir='ltr'>Ἰακὼὸ,</span> <span class='ocrx_word' id='word_1_334' title='bbox 613 2098 671 2127; x_wconf 82' lang='grc' dir='ltr'>ἀλλ’</span> <span class='ocrx_word' id='word_1_335' title='bbox 687 2095 809 2135; x_wconf 82' lang='grc' dir='ltr'>Ἰσραὴλ,</span> <span class='ocrx_word' id='word_1_336' title='bbox 820 2093 888 2123; x_wconf 84' lang='grc' dir='ltr'>ὥστε</span> 
     </span>
     <span class='ocr_line' id='line_1_42' title="bbox 122 2139 888 2191; baseline -0.017 -10"><span class='ocrx_word' id='word_1_337' title='bbox 122 2153 155 2191; x_wconf 82' lang='grc' dir='ltr'>τῇ</span> <span class='ocrx_word' id='word_1_338' title='bbox 169 2152 250 2191; x_wconf 73' lang='grc' dir='ltr'>ἀρετῇ</span> <span class='ocrx_word' id='word_1_339' title='bbox 269 2151 315 2179; x_wconf 80' lang='grc' dir='ltr'>τοῦ</span> <span class='ocrx_word' id='word_1_340' title='bbox 328 2146 456 2188; x_wconf 83' lang='grc' dir='ltr'>προγόνου</span> <span class='ocrx_word' id='word_1_341' title='bbox 476 2147 528 2174; x_wconf 78' lang='grc' dir='ltr'>τῶν</span> <span class='ocrx_word' id='word_1_342' title='bbox 553 2143 666 2183; x_wconf 78' lang='grc' dir='ltr'>ἐκγόνων</span> <span class='ocrx_word' id='word_1_343' title='bbox 676 2142 786 2181; x_wconf 82' lang='grc' dir='ltr'>μείζονα</span> <span class='ocrx_word' id='word_1_344' title='bbox 809 2139 888 2173; x_wconf 83' lang='grc' dir='ltr'>δεῖξαι</span> 
     </span>
     <span class='ocr_line' id='line_1_43' title="bbox 123 2187 888 2236; baseline -0.018 -8"><span class='ocrx_word' id='word_1_345' title='bbox 123 2198 172 2234; x_wconf 79' lang='grc' dir='ltr'>τὴν</span> <span class='ocrx_word' id='word_1_346' title='bbox 190 2195 388 2236; x_wconf 84' lang='grc' dir='ltr'>ἀγνωμοσύνην.</span> <span class='ocrx_word' id='word_1_347' title='bbox 403 2192 438 2223; x_wconf 87' lang='lat'>‘0</span> <span class='ocrx_word' id='word_1_348' title='bbox 453 2191 499 2231; x_wconf 72' lang='grc' dir='ltr'>μὲν</span> <span class='ocrx_word' id='word_1_349' title='bbox 513 2190 564 2231; x_wconf 74' lang='grc' dir='ltr'>γὰρ</span> <span class='ocrx_word' id='word_1_350' title='bbox 585 2191 618 2229; x_wconf 82' lang='grc' dir='ltr'>τῇ</span> <span class='ocrx_word' id='word_1_351' title='bbox 640 2191 688 2224; x_wconf 81' lang='grc' dir='ltr'>τ’ἥς</span> <span class='ocrx_word' id='word_1_352' title='bbox 701 2189 789 2228; x_wconf 73' lang='grc' dir='ltr'>ψυχῆς</span> <span class='ocrx_word' id='word_1_353' title='bbox 807 2187 888 2226; x_wconf 84' lang='grc' dir='ltr'>ἀρετῇ</span> 
     </span>
     <span class='ocr_line' id='line_1_44' title="bbox 124 2231 891 2282; baseline -0.017 -9"><span class='ocrx_word' id='word_1_354' title='bbox 124 2242 171 2279; x_wconf 74' lang='grc' dir='ltr'>τὴν</span> <span class='ocrx_word' id='word_1_355' title='bbox 194 2241 312 2282; x_wconf 78' lang='grc' dir='ltr'>εὐλογίαν</span> <span class='ocrx_word' id='word_1_356' title='bbox 332 2238 501 2270; x_wconf 80' lang='grc' dir='ltr'>ἐπεσπάσατο</span> <span class='ocrx_word' id='word_1_357' title='bbox 522 2236 571 2273; x_wconf 73' lang='grc' dir='ltr'>τὴν</span> <span class='ocrx_word' id='word_1_358' title='bbox 586 2237 634 2270; x_wconf 80' lang='grc' dir='ltr'>τῆς</span> <span class='ocrx_word' id='word_1_359' title='bbox 651 2231 846 2274; x_wconf 83' lang='grc' dir='ltr'>προσηγορίας,</span> <span class='ocrx_word' id='word_1_360' title='bbox 866 2233 891 2261; x_wconf 80' lang='grc' dir='ltr'>οἱ</span> 
     </span>
     <span class='ocr_line' id='line_1_45' title="bbox 126 2278 891 2326; baseline -0.016 -8"><span class='ocrx_word' id='word_1_361' title='bbox 126 2288 153 2318; x_wconf 82' lang='grc' dir='ltr'>δὲ</span> <span class='ocrx_word' id='word_1_362' title='bbox 167 2288 210 2318; x_wconf 77' lang='grc' dir='ltr'>διὰ</span> <span class='ocrx_word' id='word_1_363' title='bbox 222 2289 270 2324; x_wconf 79' lang='grc' dir='ltr'>τῆς</span> <span class='ocrx_word' id='word_1_364' title='bbox 279 2285 443 2326; x_wconf 82' lang='grc' dir='ltr'>παρανομίας</span> <span class='ocrx_word' id='word_1_365' title='bbox 456 2283 537 2320; x_wconf 73' lang='grc' dir='ltr'>αὐτὴν</span> <span class='ocrx_word' id='word_1_366' title='bbox 554 2281 719 2322; x_wconf 81' lang='grc' dir='ltr'>προύδωκαν.</span> <span class='ocrx_word' id='word_1_367' title='bbox 734 2278 787 2309; x_wconf 78' lang='grc' dir='ltr'>Καὶ</span> <span class='ocrx_word' id='word_1_368' title='bbox 801 2281 815 2308; x_wconf 81' lang='grc' dir='ltr'>δ</span> <span class='ocrx_word' id='word_1_369' title='bbox 828 2278 891 2311; x_wconf 86' lang='grc' dir='ltr'>λαός</span> 
     </span>
     <span class='ocr_line' id='line_1_46' title="bbox 126 2323 890 2375; baseline -0.02 -9"><span class='ocrx_word' id='word_1_370' title='bbox 126 2346 176 2375; x_wconf 86' lang='grc' dir='ltr'>μου</span> <span class='ocrx_word' id='word_1_371' title='bbox 195 2334 241 2373; x_wconf 71' lang='grc' dir='ltr'>ἐμὲ</span> <span class='ocrx_word' id='word_1_372' title='bbox 257 2334 286 2363; x_wconf 82' lang='grc' dir='ltr'>οὖ</span> <span class='ocrx_word' id='word_1_373' title='bbox 301 2334 410 2368; x_wconf 74' lang='grc' dir='ltr'>συνῆκεν</span> <span class='ocrx_word' id='word_1_374' title='bbox 421 2343 428 2350; x_wconf 91' lang='grc'><strong><em>·</em></strong></span> <span class='ocrx_word' id='word_1_375' title='bbox 442 2329 510 2369; x_wconf 81' lang='grc' dir='ltr'>Ἐμὲ</span> <span class='ocrx_word' id='word_1_376' title='bbox 520 2350 528 2364; x_wconf 92' lang='grc'>,</span> <span class='ocrx_word' id='word_1_377' title='bbox 542 2328 620 2369; x_wconf 74' lang='grc' dir='ltr'>φησὶ,</span> <span class='ocrx_word' id='word_1_378' title='bbox 634 2327 678 2356; x_wconf 81' lang='grc' dir='ltr'>τὸν</span> <span class='ocrx_word' id='word_1_379' title='bbox 692 2328 737 2355; x_wconf 77' lang='grc' dir='ltr'>τοῦ</span> <span class='ocrx_word' id='word_1_380' title='bbox 751 2323 827 2360; x_wconf 83' lang='grc' dir='ltr'>ἡλίου</span> <span class='ocrx_word' id='word_1_381' title='bbox 840 2336 890 2364; x_wconf 81' lang='grc' dir='ltr'>φα-</span> 
     </span>
     <span class='ocr_line' id='line_1_47' title="bbox 124 2372 891 2422; baseline -0.018 -11"><span class='ocrx_word' id='word_1_382' title='bbox 124 2379 277 2422; x_wconf 80' lang='grc' dir='ltr'>νερώτερον.</span> <span class='ocrx_word' id='word_1_383' title='bbox 298 2378 368 2408; x_wconf 76' lang='grc' dir='ltr'>Οὗαὶ</span> <span class='ocrx_word' id='word_1_384' title='bbox 389 2377 459 2410; x_wconf 80' lang='grc' dir='ltr'>ἔθνος</span> <span class='ocrx_word' id='word_1_385' title='bbox 479 2373 646 2415; x_wconf 70' lang='grc' dir='ltr'>ἁμαρτωλόν.</span> <span class='ocrx_word' id='word_1_386' title='bbox 670 2372 723 2402; x_wconf 80' lang='grc' dir='ltr'>Καὶ</span> <span class='ocrx_word' id='word_1_387' title='bbox 740 2373 818 2400; x_wconf 77' lang='grc' dir='ltr'>τοῦτο</span> <span class='ocrx_word' id='word_1_388' title='bbox 836 2374 891 2403; x_wconf 81' lang='grc' dir='ltr'>τοῖς</span> 
     </span>
    </p>
   </div>
   <div class='ocr_carea' id='block_1_4' title="bbox 132 2452 882 2607">
    <p class='ocr_par' dir='ltr' id='par_1_4' title="bbox 159 2452 737 2490">
     <span class='ocr_line' id='line_1_48' title="bbox 159 2452 737 2490; baseline -0.016 -6"><span class='ocrx_word' id='word_1_389' title='bbox 159 2466 172 2479; x_wconf 81' lang='grc'>·</span> <span class='ocrx_word' id='word_1_390' title='bbox 187 2458 230 2484; x_wconf 82' lang='lat' dir='ltr'>Sic</span> <span class='ocrx_word' id='word_1_391' title='bbox 236 2458 299 2490; x_wconf 75' lang='lat' dir='ltr'><strong>Reg.</strong></span> <span class='ocrx_word' id='word_1_392' title='bbox 311 2461 338 2480; x_wconf 81' lang='lat' dir='ltr'>et</span> <span class='ocrx_word' id='word_1_393' title='bbox 347 2454 436 2487; x_wconf 76' lang='lat' dir='ltr'><strong>Savit.;</strong></span> <span class='ocrx_word' id='word_1_394' title='bbox 448 2452 474 2479; x_wconf 79' lang='lat' dir='ltr'>in</span> <span class='ocrx_word' id='word_1_395' title='bbox 485 2452 572 2479; x_wconf 68' lang='lat' dir='ltr'><strong>Mon-el.</strong></span> <span class='ocrx_word' id='word_1_396' title='bbox 585 2460 645 2477; x_wconf 82' lang='lat' dir='ltr'><strong>vero</strong></span> <span class='ocrx_word' id='word_1_397' title='bbox 655 2453 737 2483; x_wconf 76' lang='grc' dir='ltr'>Χιτίμ.</span> 
     </span>
    </p>

    <p class='ocr_par' dir='ltr' id='par_1_5' title="bbox 132 2486 882 2607">
     <span class='ocr_line' id='line_1_49' title="bbox 161 2486 879 2523; baseline -0.015 -1"><span class='ocrx_word' id='word_1_398' title='bbox 161 2499 175 2518; x_wconf 72' lang='grc' dir='ltr'>Ιι</span> <span class='ocrx_word' id='word_1_399' title='bbox 193 2498 224 2523; x_wconf 82' lang='lat' dir='ltr'><strong>In</strong></span> <span class='ocrx_word' id='word_1_400' title='bbox 233 2495 300 2521; x_wconf 84' lang='lat' dir='ltr'><strong>hunc</strong></span> <span class='ocrx_word' id='word_1_401' title='bbox 311 2494 395 2520; x_wconf 79' lang='lat' dir='ltr'><strong>locum</strong></span> <span class='ocrx_word' id='word_1_402' title='bbox 406 2493 459 2518; x_wconf 76' lang='lat' dir='ltr'>haec</span> <span class='ocrx_word' id='word_1_403' title='bbox 467 2491 544 2518; x_wconf 76' lang='lat' dir='ltr'><strong>habet</strong></span> <span class='ocrx_word' id='word_1_404' title='bbox 553 2490 653 2516; x_wconf 71' lang='lat' dir='ltr'><strong>Allenus</strong></span> <span class='ocrx_word' id='word_1_405' title='bbox 665 2488 691 2514; x_wconf 84' lang='lat' dir='ltr'>in</span> <span class='ocrx_word' id='word_1_406' title='bbox 703 2488 769 2513; x_wconf 81' lang='lat' dir='ltr'><strong>notis</strong></span> <span class='ocrx_word' id='word_1_407' title='bbox 777 2486 863 2513; x_wconf 78' lang='lat' dir='ltr'><strong>Savilii</strong></span> <span class='ocrx_word' id='word_1_408' title='bbox 871 2505 879 2518; x_wconf 91' lang='lat'><strong>,</strong></span> 
     </span>
     <span class='ocr_line' id='line_1_50' title="bbox 132 2530 878 2570; baseline -0.015 -8"><span class='ocrx_word' id='word_1_409' title='bbox 132 2547 156 2570; x_wconf 80' lang='lat' dir='ltr'>p.</span> <span class='ocrx_word' id='word_1_410' title='bbox 182 2537 230 2561; x_wconf 74' lang='grc'>139</span> <span class='ocrx_word' id='word_1_411' title='bbox 241 2545 246 2559; x_wconf 77' lang='lat' dir='ltr'>z</span> <span class='ocrx_word' id='word_1_412' title='bbox 270 2545 282 2558; x_wconf 75' lang='grc' dir='ltr'>(ι</span> <span class='ocrx_word' id='word_1_413' title='bbox 293 2537 318 2561; x_wconf 77' lang='grc' dir='ltr'>οὐ</span> <span class='ocrx_word' id='word_1_414' title='bbox 338 2540 370 2568; x_wconf 79' lang='grc' dir='ltr'>τῷ</span> <span class='ocrx_word' id='word_1_415' title='bbox 388 2536 494 2568; x_wconf 66' lang='grc' dir='ltr'>ἐξαιρέτῳ</span> <span class='ocrx_word' id='word_1_416' title='bbox 505 2537 545 2561; x_wconf 80' lang='grc' dir='ltr'>τῆς</span> <span class='ocrx_word' id='word_1_417' title='bbox 555 2533 640 2566; x_wconf 76' lang='grc' dir='ltr'>δωρεᾶς</span> <span class='ocrx_word' id='word_1_418' title='bbox 651 2533 717 2558; x_wconf 76' lang='grc' dir='ltr'>τιθεὶς</span> <span class='ocrx_word' id='word_1_419' title='bbox 729 2530 816 2558; x_wconf 47' lang='lat' dir='ltr'><strong>whose,</strong></span> <span class='ocrx_word' id='word_1_420' title='bbox 830 2532 878 2551; x_wconf 83' lang='lat' dir='ltr'><strong>etc.</strong></span> 
     </span>
     <span class='ocr_line' id='line_1_51' title="bbox 135 2565 882 2607; baseline -0.015 -6"><span class='ocrx_word' id='word_1_421' title='bbox 135 2575 198 2601; x_wconf 74' lang='lat' dir='ltr'><strong>fone</strong></span> <span class='ocrx_word' id='word_1_422' title='bbox 219 2578 242 2601; x_wconf 74' lang='grc' dir='ltr'>οὐ</span> <span class='ocrx_word' id='word_1_423' title='bbox 263 2579 331 2607; x_wconf 73' lang='grc' dir='ltr'>μόνον</span> <span class='ocrx_word' id='word_1_424' title='bbox 343 2579 382 2606; x_wconf 72' lang='grc' dir='ltr'>τῷ.</span> <span class='ocrx_word' id='word_1_425' title='bbox 393 2572 427 2597; x_wconf 80' lang='lat' dir='ltr'>Et</span> <span class='ocrx_word' id='word_1_426' title='bbox 435 2580 481 2604; x_wconf 80' lang='lat' dir='ltr'>pro</span> <span class='ocrx_word' id='word_1_427' title='bbox 494 2574 560 2600; x_wconf 63' lang='grc' dir='ltr'>τιθεὶς</span> <span class='ocrx_word' id='word_1_428' title='bbox 572 2572 650 2598; x_wconf 72' lang='grc' dir='ltr'>αὐτοὺς</span> <span class='ocrx_word' id='word_1_429' title='bbox 662 2574 722 2601; x_wconf 75' lang='lat' dir='ltr'><strong>puto</strong></span> <span class='ocrx_word' id='word_1_430' title='bbox 731 2567 823 2592; x_wconf 82' lang='lat' dir='ltr'><strong>rectius</strong></span> <span class='ocrx_word' id='word_1_431' title='bbox 835 2565 882 2599; x_wconf 81' lang='lat' dir='ltr'><strong>legi</strong></span> 
     </span>
    </p>
   </div>
   <div class='ocr_carea' id='block_1_5' title="bbox 1669 188 1687 220">
    <p class='ocr_par' dir='ltr' id='par_1_6' title="bbox 1669 188 1687 220">
     <span class='ocr_line' id='line_1_52' title="bbox 1669 188 1687 220; baseline 0 0"><span class='ocrx_word' id='word_1_432' title='bbox 1669 188 1687 220; x_wconf 88' lang='lat'><strong>7</strong></span> 
     </span>
    </p>
   </div>
   <div class='ocr_carea' id='block_1_6' title="bbox 910 245 1690 793">
    <p class='ocr_par' dir='ltr' id='par_1_7' title="bbox 910 245 1690 793">
     <span class='ocr_line' id='line_1_53' title="bbox 947 245 1690 285; baseline 0.005 -13"><span class='ocrx_word' id='word_1_433' title='bbox 947 245 1064 274; x_wconf 88' lang='lat' dir='ltr'><strong>noravit.</strong></span> <span class='ocrx_word' id='word_1_434' title='bbox 1089 247 1144 275; x_wconf 85' lang='lat' dir='ltr'>Nec</span> <span class='ocrx_word' id='word_1_435' title='bbox 1171 256 1235 276; x_wconf 84' lang='lat' dir='ltr'><strong>vero</strong></span> <span class='ocrx_word' id='word_1_436' title='bbox 1260 246 1322 285; x_wconf 81' lang='lat' dir='ltr'><strong>quia</strong></span> <span class='ocrx_word' id='word_1_437' title='bbox 1351 253 1410 275; x_wconf 84' lang='lat' dir='ltr'><strong>ante</strong></span> <span class='ocrx_word' id='word_1_438' title='bbox 1432 246 1536 275; x_wconf 75' lang='lat' dir='ltr'><strong>labores</strong></span> <span class='ocrx_word' id='word_1_439' title='bbox 1560 246 1690 276; x_wconf 78' lang='lat' dir='ltr'><strong>honorare</strong></span> 
     </span>
     <span class='ocr_line' id='line_1_54' title="bbox 944 290 1689 332; baseline 0.005 -14"><span class='ocrx_word' id='word_1_440' title='bbox 944 290 1023 327; x_wconf 86' lang='lat' dir='ltr'><strong>solet,</strong></span> <span class='ocrx_word' id='word_1_441' title='bbox 1037 298 1098 330; x_wconf 84' lang='lat' dir='ltr'><strong>post</strong></span> <span class='ocrx_word' id='word_1_442' title='bbox 1116 291 1221 322; x_wconf 82' lang='lat' dir='ltr'><strong>labores</strong></span> <span class='ocrx_word' id='word_1_443' title='bbox 1234 291 1356 322; x_wconf 83' lang='lat' dir='ltr'><strong>mercede</strong></span> <span class='ocrx_word' id='word_1_444' title='bbox 1367 293 1456 332; x_wconf 82' lang='lat' dir='ltr'><strong>privat</strong></span> <span class='ocrx_word' id='word_1_445' title='bbox 1469 304 1478 330; x_wconf 88' lang='lat'>;</span> <span class='ocrx_word' id='word_1_446' title='bbox 1493 292 1541 322; x_wconf 88' lang='lat' dir='ltr'>sed</span> <span class='ocrx_word' id='word_1_447' title='bbox 1550 299 1615 322; x_wconf 88' lang='lat' dir='ltr'><strong>tunc</strong></span> <span class='ocrx_word' id='word_1_448' title='bbox 1630 303 1689 322; x_wconf 80' lang='lat' dir='ltr'><strong>ma-</strong></span> 
     </span>
     <span class='ocr_line' id='line_1_55' title="bbox 941 335 1687 378; baseline 0.004 -14"><span class='ocrx_word' id='word_1_449' title='bbox 941 335 1002 375; x_wconf 83' lang='lat' dir='ltr'><strong>jora</strong></span> <span class='ocrx_word' id='word_1_450' title='bbox 1013 337 1113 366; x_wconf 82' lang='lat' dir='ltr'><strong>confert</strong></span> <span class='ocrx_word' id='word_1_451' title='bbox 1124 338 1244 377; x_wconf 63' lang='lat' dir='ltr'><strong>praemia.</strong></span> <span class='ocrx_word' id='word_1_452' title='bbox 1267 339 1310 367; x_wconf 89' lang='lat' dir='ltr'>Et</span> <span class='ocrx_word' id='word_1_453' title='bbox 1326 338 1464 367; x_wconf 74' lang='lat' dir='ltr'><em>exaltavi.</em></span> <span class='ocrx_word' id='word_1_454' title='bbox 1481 339 1548 375; x_wconf 83' lang='lat' dir='ltr'><strong>Quae</strong></span> <span class='ocrx_word' id='word_1_455' title='bbox 1561 338 1588 367; x_wconf 93' lang='lat' dir='ltr'>in</span> <span class='ocrx_word' id='word_1_456' title='bbox 1602 338 1687 378; x_wconf 85' lang='lat' dir='ltr'><strong>AEgy-</strong></span> 
     </span>
     <span class='ocr_line' id='line_1_56' title="bbox 913 383 1687 423; baseline 0.004 -13"><span class='ocrx_word' id='word_1_457' title='bbox 913 402 925 419; x_wconf 60' lang='lat'><em>0</em></span> <span class='ocrx_word' id='word_1_458' title='bbox 946 388 1011 421; x_wconf 87' lang='lat' dir='ltr'><strong>pto,</strong></span> <span class='ocrx_word' id='word_1_459' title='bbox 1026 393 1086 421; x_wconf 82' lang='lat' dir='ltr'><strong>quae</strong></span> <span class='ocrx_word' id='word_1_460' title='bbox 1110 383 1138 411; x_wconf 94' lang='lat' dir='ltr'>in</span> <span class='ocrx_word' id='word_1_461' title='bbox 1163 383 1286 420; x_wconf 84' lang='lat' dir='ltr'><strong>deserto,</strong></span> <span class='ocrx_word' id='word_1_462' title='bbox 1300 394 1359 422; x_wconf 89' lang='lat' dir='ltr'><strong>quae</strong></span> <span class='ocrx_word' id='word_1_463' title='bbox 1387 384 1414 413; x_wconf 92' lang='lat' dir='ltr'>in</span> <span class='ocrx_word' id='word_1_464' title='bbox 1435 384 1575 413; x_wconf 80' lang='lat' dir='ltr'><strong>Palaestina</strong></span> <span class='ocrx_word' id='word_1_465' title='bbox 1596 384 1687 423; x_wconf 84' lang='lat' dir='ltr'><strong>gessit,</strong></span> 
     </span>
     <span class='ocr_line' id='line_1_57' title="bbox 910 428 1689 470; baseline 0.004 -14"><span class='ocrx_word' id='word_1_466' title='bbox 910 428 929 451; x_wconf 81' lang='grc' dir='ltr'>Α</span> <span class='ocrx_word' id='word_1_467' title='bbox 946 437 1000 457; x_wconf 90' lang='lat' dir='ltr'>uno</span> <span class='ocrx_word' id='word_1_468' title='bbox 1030 429 1113 458; x_wconf 88' lang='lat' dir='ltr'><strong>verbo</strong></span> <span class='ocrx_word' id='word_1_469' title='bbox 1137 430 1249 470; x_wconf 85' lang='lat' dir='ltr'><strong>carptim</strong></span> <span class='ocrx_word' id='word_1_470' title='bbox 1276 429 1372 469; x_wconf 84' lang='lat' dir='ltr'><strong>tetigit.</strong></span> <span class='ocrx_word' id='word_1_471' title='bbox 1395 429 1459 459; x_wconf 91' lang='lat' dir='ltr'>Mos</span> <span class='ocrx_word' id='word_1_472' title='bbox 1473 429 1546 459; x_wconf 88' lang='lat' dir='ltr'><strong>enim</strong></span> <span class='ocrx_word' id='word_1_473' title='bbox 1567 430 1625 459; x_wconf 85' lang='lat' dir='ltr'>Deo</span> <span class='ocrx_word' id='word_1_474' title='bbox 1649 437 1689 459; x_wconf 81' lang='lat' dir='ltr'>est</span> 
     </span>
     <span class='ocr_line' id='line_1_58' title="bbox 944 473 1689 516; baseline 0.003 -14"><span class='ocrx_word' id='word_1_475' title='bbox 944 473 980 503; x_wconf 92' lang='lat' dir='ltr'><strong>ob</strong></span> <span class='ocrx_word' id='word_1_476' title='bbox 998 474 1191 505; x_wconf 89' lang='lat' dir='ltr'><strong>beneficiorum</strong></span> <span class='ocrx_word' id='word_1_477' title='bbox 1213 476 1318 516; x_wconf 89' lang='lat' dir='ltr'><strong>copiam</strong></span> <span class='ocrx_word' id='word_1_478' title='bbox 1344 477 1372 505; x_wconf 92' lang='lat' dir='ltr'>in</span> <span class='ocrx_word' id='word_1_479' title='bbox 1385 475 1538 505; x_wconf 79' lang='lat' dir='ltr'>narratione</span> <span class='ocrx_word' id='word_1_480' title='bbox 1553 482 1689 515; x_wconf 82' lang='lat' dir='ltr'><strong>gestorum</strong></span> 
     </span>
     <span class='ocr_line' id='line_1_59' title="bbox 942 522 1689 562; baseline 0.004 -13"><span class='ocrx_word' id='word_1_481' title='bbox 942 530 996 550; x_wconf 91' lang='lat' dir='ltr'>non</span> <span class='ocrx_word' id='word_1_482' title='bbox 1015 522 1168 551; x_wconf 82' lang='lat' dir='ltr'><strong>minutatim</strong></span> <span class='ocrx_word' id='word_1_483' title='bbox 1180 522 1310 552; x_wconf 79' lang='lat' dir='ltr'>insistere.</span> <span class='ocrx_word' id='word_1_484' title='bbox 1327 524 1389 562; x_wconf 86' lang='lat' dir='ltr'><strong>Ipsi</strong></span> <span class='ocrx_word' id='word_1_485' title='bbox 1407 530 1505 552; x_wconf 86' lang='lat' dir='ltr'><strong>autem</strong></span> <span class='ocrx_word' id='word_1_486' title='bbox 1518 530 1689 562; x_wconf 78' lang='lat' dir='ltr'><strong>spreverunt</strong></span> 
     </span>
     <span class='ocr_line' id='line_1_60' title="bbox 938 568 1686 609; baseline 0 -11"><span class='ocrx_word' id='word_1_487' title='bbox 938 577 997 598; x_wconf 81' lang='lat' dir='ltr'>me.</span> <span class='ocrx_word' id='word_1_488' title='bbox 1025 568 1201 608; x_wconf 85' lang='lat' dir='ltr'><strong>Transgressi</strong></span> <span class='ocrx_word' id='word_1_489' title='bbox 1223 575 1310 607; x_wconf 87' lang='lat' dir='ltr'><strong>sunt,</strong></span> <span class='ocrx_word' id='word_1_490' title='bbox 1345 569 1444 608; x_wconf 84' lang='lat' dir='ltr'><strong>inquit,</strong></span> <span class='ocrx_word' id='word_1_491' title='bbox 1465 569 1551 609; x_wconf 87' lang='lat' dir='ltr'><strong>legem</strong></span> <span class='ocrx_word' id='word_1_492' title='bbox 1577 579 1663 598; x_wconf 87' lang='lat' dir='ltr'><strong>meam</strong></span> <span class='ocrx_word' id='word_1_493' title='bbox 1678 592 1686 605; x_wconf 89' lang='lat'><strong>‚</strong></span> 
     </span>
     <span class='ocr_line' id='line_1_61' title="bbox 941 613 1687 655; baseline 0.003 -13"><span class='ocrx_word' id='word_1_494' title='bbox 941 613 1066 643; x_wconf 79' lang='lat' dir='ltr'><strong>mandata</strong></span> <span class='ocrx_word' id='word_1_495' title='bbox 1090 614 1306 654; x_wconf 87' lang='lat' dir='ltr'><strong>dereliquerunt.</strong></span> <span class='ocrx_word' id='word_1_496' title='bbox 1332 617 1359 646; x_wconf 76' lang='lat'>5.</span> <span class='ocrx_word' id='word_1_497' title='bbox 1383 615 1524 655; x_wconf 76' lang='lat' dir='ltr'><em>Cognovit</em></span> <span class='ocrx_word' id='word_1_498' title='bbox 1549 617 1602 645; x_wconf 82' lang='lat' dir='ltr'>bos</span> <span class='ocrx_word' id='word_1_499' title='bbox 1619 624 1687 655; x_wconf 86' lang='lat' dir='ltr'><strong>pos-</strong></span> 
     </span>
     <span class='ocr_line' id='line_1_62' title="bbox 941 661 1683 700; baseline 0.004 -13"><span class='ocrx_word' id='word_1_500' title='bbox 941 669 1081 688; x_wconf 82' lang='lat' dir='ltr'><em>sessorem</em></span> <span class='ocrx_word' id='word_1_501' title='bbox 1096 670 1191 698; x_wconf 86' lang='lat' dir='ltr'><strong>suum,</strong></span> <span class='ocrx_word' id='word_1_502' title='bbox 1204 667 1232 690; x_wconf 87' lang='lat' dir='ltr'>et</span> <span class='ocrx_word' id='word_1_503' title='bbox 1249 662 1349 691; x_wconf 79' lang='lat' dir='ltr'><strong>asinus</strong></span> <span class='ocrx_word' id='word_1_504' title='bbox 1355 671 1484 700; x_wconf 82' lang='lat' dir='ltr'><strong>praesepe</strong></span> <span class='ocrx_word' id='word_1_505' title='bbox 1504 661 1615 690; x_wconf 78' lang='lat' dir='ltr'><strong>domini</strong></span> <span class='ocrx_word' id='word_1_506' title='bbox 1628 665 1683 690; x_wconf 83' lang='lat' dir='ltr'><strong>sui.</strong></span> 
     </span>
     <span class='ocr_line' id='line_1_63' title="bbox 940 706 1687 748; baseline 0.003 -13"><span class='ocrx_word' id='word_1_507' title='bbox 940 706 1159 746; x_wconf 86' lang='lat' dir='ltr'><strong>Comparationes</strong></span> <span class='ocrx_word' id='word_1_508' title='bbox 1183 708 1345 737; x_wconf 80' lang='lat' dir='ltr'><strong>accusationi</strong></span> <span class='ocrx_word' id='word_1_509' title='bbox 1369 708 1545 737; x_wconf 80' lang='lat' dir='ltr'><strong>accessionem</strong></span> <span class='ocrx_word' id='word_1_510' title='bbox 1572 715 1687 748; x_wconf 81' lang='lat' dir='ltr'><strong>parant,</strong></span> 
     </span>
     <span class='ocr_line' id='line_1_64' title="bbox 939 753 1688 793; baseline 0.004 -12"><span class='ocrx_word' id='word_1_511' title='bbox 939 753 1057 783; x_wconf 77' lang='lat' dir='ltr'><strong>maxime</strong></span> <span class='ocrx_word' id='word_1_512' title='bbox 1088 764 1152 783; x_wconf 89' lang='lat' dir='ltr'><strong>vero</strong></span> <span class='ocrx_word' id='word_1_513' title='bbox 1177 765 1239 784; x_wconf 89' lang='lat' dir='ltr'>cum</span> <span class='ocrx_word' id='word_1_514' title='bbox 1257 765 1292 784; x_wconf 84' lang='lat' dir='ltr'>ex</span> <span class='ocrx_word' id='word_1_515' title='bbox 1316 754 1495 793; x_wconf 75' lang='lat' dir='ltr'><strong>inaequalibus</strong></span> <span class='ocrx_word' id='word_1_516' title='bbox 1523 754 1688 784; x_wconf 83' lang='lat' dir='ltr'><strong>concinnan-</strong></span> 
     </span>
    </p>
   </div>
   <div class='ocr_carea' id='block_1_7' title="bbox 938 800 1803 839">
    <p class='ocr_par' dir='ltr' id='par_1_8' title="bbox 938 800 1803 839">
     <span class='ocr_line' id='line_1_65' title="bbox 938 800 1803 839; baseline 0.002 -11"><span class='ocrx_word' id='word_1_517' title='bbox 938 806 984 828; x_wconf 89' lang='lat' dir='ltr'>tur</span> <span class='ocrx_word' id='word_1_518' title='bbox 998 811 1005 828; x_wconf 90' lang='lat'><strong>:</strong></span> <span class='ocrx_word' id='word_1_519' title='bbox 1019 800 1249 839; x_wconf 79' lang='lat' dir='ltr'><strong>quemadmodum</strong></span> <span class='ocrx_word' id='word_1_520' title='bbox 1267 807 1294 830; x_wconf 89' lang='lat' dir='ltr'>et</span> <span class='ocrx_word' id='word_1_521' title='bbox 1309 801 1437 831; x_wconf 87' lang='lat' dir='ltr'><strong>Christus</strong></span> <span class='ocrx_word' id='word_1_522' title='bbox 1449 801 1488 830; x_wconf 89' lang='lat' dir='ltr'>ait</span> <span class='ocrx_word' id='word_1_523' title='bbox 1503 813 1510 829; x_wconf 90' lang='lat'>:</span> <span class='ocrx_word' id='word_1_524' title='bbox 1527 802 1589 831; x_wconf 82' lang='lat' dir='ltr'><strong>Viri</strong></span> <span class='ocrx_word' id='word_1_525' title='bbox 1603 802 1688 831; x_wconf 84' lang='lat' dir='ltr'><strong>Nini·</strong></span> <span class='ocrx_word' id='word_1_526' title='bbox 1698 807 1752 828; x_wconf 83' lang='lat' dir='ltr'><strong>Luc.</strong></span> <span class='ocrx_word' id='word_1_527' title='bbox 1769 813 1803 828; x_wconf 81' lang='grc' dir='ltr'>ιι.</span> 
     </span>
    </p>
   </div>
   <div class='ocr_carea' id='block_1_8' title="bbox 940 846 1685 887">
    <p class='ocr_par' dir='ltr' id='par_1_9' title="bbox 940 846 1685 887">
     <span class='ocr_line' id='line_1_66' title="bbox 940 846 1685 887; baseline 0.001 -12"><span class='ocrx_word' id='word_1_528' title='bbox 940 847 1006 876; x_wconf 72' lang='lat' dir='ltr'><strong>vitoe</strong></span> <span class='ocrx_word' id='word_1_529' title='bbox 1024 853 1142 886; x_wconf 78' lang='lat' dir='ltr'>surgent</span> <span class='ocrx_word' id='word_1_530' title='bbox 1156 848 1188 875; x_wconf 87' lang='lat' dir='ltr'>in</span> <span class='ocrx_word' id='word_1_531' title='bbox 1195 846 1309 886; x_wconf 79' lang='lat' dir='ltr'><strong>judicio</strong></span> <span class='ocrx_word' id='word_1_532' title='bbox 1327 857 1394 876; x_wconf 86' lang='lat' dir='ltr'>cum</span> <span class='ocrx_word' id='word_1_533' title='bbox 1416 848 1604 887; x_wconf 81' lang='lat' dir='ltr'><strong><em>generatione</em></strong></span> <span class='ocrx_word' id='word_1_534' title='bbox 1618 847 1685 883; x_wconf 81' lang='lat' dir='ltr'><strong>hac,</strong></span> 
     </span>
    </p>
   </div>
   <div class='ocr_carea' id='block_1_9' title="bbox 938 893 1836 932">
    <p class='ocr_par' dir='ltr' id='par_1_10' title="bbox 938 893 1836 932">
     <span class='ocr_line' id='line_1_67' title="bbox 938 893 1836 932; baseline 0 -11"><span class='ocrx_word' id='word_1_535' title='bbox 938 898 966 921; x_wconf 81' lang='lat' dir='ltr'>et</span> <span class='ocrx_word' id='word_1_536' title='bbox 992 893 1231 922; x_wconf 82' lang='lat' dir='ltr'><strong>condemnabunt</strong></span> <span class='ocrx_word' id='word_1_537' title='bbox 1255 903 1320 922; x_wconf 89' lang='lat' dir='ltr'>eam</span> <span class='ocrx_word' id='word_1_538' title='bbox 1331 904 1345 930; x_wconf 87' lang='lat'>,·</span> <span class='ocrx_word' id='word_1_539' title='bbox 1364 903 1395 922; x_wconf 91' lang='lat' dir='ltr'>ac</span> <span class='ocrx_word' id='word_1_540' title='bbox 1421 903 1550 922; x_wconf 86' lang='lat' dir='ltr'><strong>rursum:</strong></span> <span class='ocrx_word' id='word_1_541' title='bbox 1570 894 1687 932; x_wconf 82' lang='lat' dir='ltr'><strong>Regina</strong></span> <span class='ocrx_word' id='word_1_542' title='bbox 1698 894 1836 917; x_wconf 75' lang='lat' dir='ltr'><strong>lbid-v-31·</strong></span> 
     </span>
    </p>
   </div>
   <div class='ocr_carea' id='block_1_10' title="bbox 938 939 1688 1069">
    <p class='ocr_par' dir='ltr' id='par_1_11' title="bbox 938 939 1688 1069">
     <span class='ocr_line' id='line_1_68' title="bbox 939 939 1688 978; baseline 0.001 -11"><span class='ocrx_word' id='word_1_543' title='bbox 939 940 1031 968; x_wconf 82' lang='lat' dir='ltr'>austri</span> <span class='ocrx_word' id='word_1_544' title='bbox 1065 945 1163 978; x_wconf 81' lang='lat' dir='ltr'><strong>surget</strong></span> <span class='ocrx_word' id='word_1_545' title='bbox 1196 940 1228 967; x_wconf 81' lang='lat' dir='ltr'>in</span> <span class='ocrx_word' id='word_1_546' title='bbox 1250 940 1365 978; x_wconf 82' lang='lat' dir='ltr'><strong>judicio</strong></span> <span class='ocrx_word' id='word_1_547' title='bbox 1379 961 1387 976; x_wconf 90' lang='lat'><strong>,</strong></span> <span class='ocrx_word' id='word_1_548' title='bbox 1419 944 1448 968; x_wconf 86' lang='lat' dir='ltr'>et</span> <span class='ocrx_word' id='word_1_549' title='bbox 1479 939 1688 969; x_wconf 82' lang='lat' dir='ltr'>condemnabit</span> 
     </span>
     <span class='ocr_line' id='line_1_69' title="bbox 938 985 1687 1025; baseline 0.003 -13"><span class='ocrx_word' id='word_1_550' title='bbox 938 986 1156 1021; x_wconf 82' lang='lat' dir='ltr'><strong>generationem</strong></span> <span class='ocrx_word' id='word_1_551' title='bbox 1180 985 1278 1020; x_wconf 82' lang='lat' dir='ltr'><strong>hanc,</strong></span> <span class='ocrx_word' id='word_1_552' title='bbox 1313 987 1384 1025; x_wconf 86' lang='lat' dir='ltr'><strong>quia</strong></span> <span class='ocrx_word' id='word_1_553' title='bbox 1407 986 1491 1014; x_wconf 84' lang='lat' dir='ltr'><strong>venit</strong></span> <span class='ocrx_word' id='word_1_554' title='bbox 1516 995 1552 1014; x_wconf 75' lang='lat' dir='ltr'>ex</span> <span class='ocrx_word' id='word_1_555' title='bbox 1569 985 1687 1025; x_wconf 79' lang='lat' dir='ltr'><strong>finibus</strong></span> 
     </span>
     <span class='ocr_line' id='line_1_70' title="bbox 940 1029 1687 1069; baseline 0.003 -11"><span class='ocrx_word' id='word_1_556' title='bbox 940 1035 1023 1058; x_wconf 83' lang='lat' dir='ltr'><strong>terrae</strong></span> <span class='ocrx_word' id='word_1_557' title='bbox 1035 1029 1138 1058; x_wconf 84' lang='lat' dir='ltr'><strong>audire</strong></span> <span class='ocrx_word' id='word_1_558' title='bbox 1148 1030 1320 1068; x_wconf 81' lang='lat' dir='ltr'>sapientiam</span> <span class='ocrx_word' id='word_1_559' title='bbox 1334 1030 1508 1060; x_wconf 85' lang='lat' dir='ltr'><strong>Salomonis.</strong></span> <span class='ocrx_word' id='word_1_560' title='bbox 1527 1031 1687 1069; x_wconf 83' lang='lat' dir='ltr'><strong>Rursusque</strong></span> 
     </span>
    </p>
   </div>
   <div class='ocr_carea' id='block_1_11' title="bbox 905 987 923 1009">
    <p class='ocr_par' dir='ltr' id='par_1_12' title="bbox 905 987 923 1009">
     <span class='ocr_line' id='line_1_71' title="bbox 905 987 923 1009; baseline 0 0"><span class='ocrx_word' id='word_1_561' title='bbox 905 987 923 1009; x_wconf 89' lang='lat' dir='ltr'>B</span> 
     </span>
    </p>
   </div>
   <div class='ocr_carea' id='block_1_12' title="bbox 939 1074 1838 1106">
    <p class='ocr_par' dir='ltr' id='par_1_13' title="bbox 939 1074 1838 1106">
     <span class='ocr_line' id='line_1_72' title="bbox 939 1074 1838 1106; baseline -0.003 -3"><span class='ocrx_word' id='word_1_562' title='bbox 939 1074 1069 1104; x_wconf 77' lang='lat' dir='ltr'><strong>,Ieremias</strong></span> <span class='ocrx_word' id='word_1_563' title='bbox 1076 1074 1114 1104; x_wconf 85' lang='lat' dir='ltr'>ait</span> <span class='ocrx_word' id='word_1_564' title='bbox 1127 1077 1190 1104; x_wconf 86' lang='lat' dir='ltr'><strong>:Ite</strong></span> <span class='ocrx_word' id='word_1_565' title='bbox 1197 1076 1239 1104; x_wconf 86' lang='lat' dir='ltr'>ad</span> <span class='ocrx_word' id='word_1_566' title='bbox 1246 1076 1360 1105; x_wconf 85' lang='lat' dir='ltr'><strong>insulas</strong></span> <span class='ocrx_word' id='word_1_567' title='bbox 1374 1076 1499 1106; x_wconf 72' lang='lat' dir='ltr'><strong>chettim</strong></span> <span class='ocrx_word' id='word_1_568' title='bbox 1511 1083 1538 1105; x_wconf 86' lang='lat' dir='ltr'>et</span> <span class='ocrx_word' id='word_1_569' title='bbox 1549 1076 1649 1106; x_wconf 81' lang='lat' dir='ltr'><strong>videte</strong></span> <span class='ocrx_word' id='word_1_570' title='bbox 1657 1077 1687 1105; x_wconf 84' lang='grc' dir='ltr'>ιἰι</span> <span class='ocrx_word' id='word_1_571' title='bbox 1697 1081 1748 1102; x_wconf 55' lang='lat' dir='ltr'><strong>lep.</strong></span> <span class='ocrx_word' id='word_1_572' title='bbox 1762 1087 1786 1102; x_wconf 83' lang='lat'>2.</span> <span class='ocrx_word' id='word_1_573' title='bbox 1802 1085 1838 1101; x_wconf 86' lang='grc' dir='ltr'>ιο.</span> 
     </span>
    </p>
   </div>
   <div class='ocr_carea' id='block_1_13' title="bbox 938 1117 1736 1805">
    <p class='ocr_par' dir='ltr' id='par_1_14' title="bbox 938 1117 1736 1805">
     <span class='ocr_line' id='line_1_73' title="bbox 943 1117 1736 1162; baseline 0 -12"><span class='ocrx_word' id='word_1_574' title='bbox 943 1121 1048 1150; x_wconf 72' lang='lat' dir='ltr'><strong>Cedat.</strong></span> <span class='ocrx_word' id='word_1_575' title='bbox 1066 1122 1177 1150; x_wconf 83' lang='lat' dir='ltr'><strong>Mittite</strong></span> <span class='ocrx_word' id='word_1_576' title='bbox 1190 1126 1217 1150; x_wconf 80' lang='lat' dir='ltr'>et</span> <span class='ocrx_word' id='word_1_577' title='bbox 1229 1123 1403 1160; x_wconf 82' lang='lat' dir='ltr'><strong>cognoscite,</strong></span> <span class='ocrx_word' id='word_1_578' title='bbox 1418 1123 1443 1153; x_wconf 82' lang='lat' dir='ltr'>si</span> <span class='ocrx_word' id='word_1_579' title='bbox 1455 1123 1609 1151; x_wconf 79' lang='lat' dir='ltr'><strong>mutabunt</strong></span> <span class='ocrx_word' id='word_1_580' title='bbox 1624 1131 1689 1162; x_wconf 83' lang='lat' dir='ltr'><strong>gen-</strong></span> <span class='ocrx_word' id='word_1_581' title='bbox 1702 1117 1736 1133; x_wconf 79' lang='lat'>¹¹·</span> 
     </span>
     <span class='ocr_line' id='line_1_74' title="bbox 941 1167 1689 1207; baseline 0.001 -12"><span class='ocrx_word' id='word_1_582' title='bbox 941 1173 983 1196; x_wconf 83' lang='lat' dir='ltr'>tes</span> <span class='ocrx_word' id='word_1_583' title='bbox 996 1167 1065 1196; x_wconf 87' lang='lat' dir='ltr'><strong>deos</strong></span> <span class='ocrx_word' id='word_1_584' title='bbox 1078 1176 1145 1196; x_wconf 87' lang='lat' dir='ltr'><strong>suos</strong></span> <span class='ocrx_word' id='word_1_585' title='bbox 1157 1178 1169 1195; x_wconf 85' lang='lat'>.-</span> <span class='ocrx_word' id='word_1_586' title='bbox 1179 1167 1306 1206; x_wconf 85' lang='lat' dir='ltr'><strong>populus</strong></span> <span class='ocrx_word' id='word_1_587' title='bbox 1316 1177 1388 1196; x_wconf 81' lang='lat' dir='ltr'><strong>vero</strong></span> <span class='ocrx_word' id='word_1_588' title='bbox 1402 1176 1483 1196; x_wconf 78' lang='lat' dir='ltr'><strong>meus</strong></span> <span class='ocrx_word' id='word_1_589' title='bbox 1495 1167 1620 1196; x_wconf 76' lang='lat' dir='ltr'><strong>mutavit</strong></span> <span class='ocrx_word' id='word_1_590' title='bbox 1629 1167 1689 1207; x_wconf 83' lang='lat' dir='ltr'><strong>glo-</strong></span> 
     </span>
     <span class='ocr_line' id='line_1_75' title="bbox 939 1209 1688 1254; baseline 0.001 -12"><span class='ocrx_word' id='word_1_591' title='bbox 939 1215 1014 1242; x_wconf 85' lang='lat' dir='ltr'><strong>riam</strong></span> <span class='ocrx_word' id='word_1_592' title='bbox 1025 1223 1120 1249; x_wconf 80' lang='lat' dir='ltr'><strong>suam,</strong></span> <span class='ocrx_word' id='word_1_593' title='bbox 1130 1209 1240 1253; x_wconf 51' lang='lat' dir='ltr'><strong>cx‘quo</strong></span> <span class='ocrx_word' id='word_1_594' title='bbox 1254 1213 1331 1242; x_wconf 81' lang='lat' dir='ltr'><strong>nihil</strong></span> <span class='ocrx_word' id='word_1_595' title='bbox 1342 1213 1484 1254; x_wconf 86' lang='lat' dir='ltr'><strong>proficiet.</strong></span> <span class='ocrx_word' id='word_1_596' title='bbox 1501 1215 1586 1243; x_wconf 87' lang='lat' dir='ltr'><strong>Docet</strong></span> <span class='ocrx_word' id='word_1_597' title='bbox 1599 1213 1688 1254; x_wconf 83' lang='lat' dir='ltr'><strong>legem</strong></span> 
     </span>
     <span class='ocr_line' id='line_1_76' title="bbox 939 1259 1688 1299; baseline 0 -10"><span class='ocrx_word' id='word_1_598' title='bbox 939 1270 994 1289; x_wconf 91' lang='lat' dir='ltr'>non</span> <span class='ocrx_word' id='word_1_599' title='bbox 1007 1259 1104 1289; x_wconf 82' lang='lat' dir='ltr'><strong>duram</strong></span> <span class='ocrx_word' id='word_1_600' title='bbox 1122 1270 1189 1297; x_wconf 85' lang='lat' dir='ltr'><strong>esse,</strong></span> <span class='ocrx_word' id='word_1_601' title='bbox 1203 1266 1231 1289; x_wconf 89' lang='lat' dir='ltr'>et</span> <span class='ocrx_word' id='word_1_602' title='bbox 1242 1266 1371 1298; x_wconf 84' lang='lat' dir='ltr'><strong>quantam</strong></span> <span class='ocrx_word' id='word_1_603' title='bbox 1383 1269 1536 1289; x_wconf 87' lang='lat' dir='ltr'><strong>mensuram</strong></span> <span class='ocrx_word' id='word_1_604' title='bbox 1549 1260 1641 1299; x_wconf 81' lang='lat' dir='ltr'><strong>exigat</strong></span> <span class='ocrx_word' id='word_1_605' title='bbox 1654 1260 1688 1289; x_wconf 87' lang='lat' dir='ltr'>ab</span> 
     </span>
     <span class='ocr_line' id='line_1_77' title="bbox 940 1305 1688 1346; baseline -0.003 -9"><span class='ocrx_word' id='word_1_606' title='bbox 940 1306 1107 1342; x_wconf 87' lang='lat' dir='ltr'><strong>hominibus,</strong></span> <span class='ocrx_word' id='word_1_607' title='bbox 1120 1317 1202 1345; x_wconf 88' lang='lat' dir='ltr'><strong>quam</strong></span> <span class='ocrx_word' id='word_1_608' title='bbox 1220 1306 1310 1342; x_wconf 79' lang='lat' dir='ltr'><strong>bruta,</strong></span> <span class='ocrx_word' id='word_1_609' title='bbox 1323 1313 1350 1335; x_wconf 88' lang='lat' dir='ltr'>et</span> <span class='ocrx_word' id='word_1_610' title='bbox 1358 1306 1440 1335; x_wconf 87' lang='lat' dir='ltr'><strong>bruta</strong></span> <span class='ocrx_word' id='word_1_611' title='bbox 1459 1305 1581 1335; x_wconf 86' lang='lat' dir='ltr'><strong>omnium</strong></span> <span class='ocrx_word' id='word_1_612' title='bbox 1599 1306 1688 1346; x_wconf 88' lang='lat' dir='ltr'><strong>stupi-</strong></span> 
     </span>
     <span class='ocr_line' id='line_1_78' title="bbox 939 1350 1686 1392; baseline -0.003 -9"><span class='ocrx_word' id='word_1_613' title='bbox 939 1353 1050 1383; x_wconf 85' lang='lat' dir='ltr'><strong>dissima</strong></span> <span class='ocrx_word' id='word_1_614' title='bbox 1067 1352 1179 1392; x_wconf 88' lang='lat' dir='ltr'><strong>implere</strong></span> <span class='ocrx_word' id='word_1_615' title='bbox 1203 1352 1317 1392; x_wconf 90' lang='lat' dir='ltr'><strong>possint.</strong></span> <span class='ocrx_word' id='word_1_616' title='bbox 1334 1350 1389 1382; x_wconf 90' lang='lat' dir='ltr'>Sed</span> <span class='ocrx_word' id='word_1_617' title='bbox 1406 1351 1508 1381; x_wconf 84' lang='lat' dir='ltr'><strong>dixerit</strong></span> <span class='ocrx_word' id='word_1_618' title='bbox 1527 1351 1662 1391; x_wconf 84' lang='lat' dir='ltr'><strong>quispiam</strong></span> <span class='ocrx_word' id='word_1_619' title='bbox 1678 1375 1686 1389; x_wconf 84' lang='lat'>‚</span> 
     </span>
     <span class='ocr_line' id='line_1_79' title="bbox 939 1398 1687 1439; baseline -0.003 -9"><span class='ocrx_word' id='word_1_620' title='bbox 939 1401 993 1431; x_wconf 84' lang='lat' dir='ltr'><strong>llla</strong></span> <span class='ocrx_word' id='word_1_621' title='bbox 1014 1401 1041 1430; x_wconf 91' lang='lat' dir='ltr'>in</span> <span class='ocrx_word' id='word_1_622' title='bbox 1055 1407 1152 1430; x_wconf 84' lang='lat' dir='ltr'><strong>natura</strong></span> <span class='ocrx_word' id='word_1_623' title='bbox 1164 1400 1266 1429; x_wconf 85' lang='lat' dir='ltr'><strong>habent</strong></span> <span class='ocrx_word' id='word_1_624' title='bbox 1279 1399 1354 1439; x_wconf 90' lang='lat' dir='ltr'><strong>quod</strong></span> <span class='ocrx_word' id='word_1_625' title='bbox 1366 1406 1537 1439; x_wconf 85' lang='lat' dir='ltr'><strong>cognoscant.</strong></span> <span class='ocrx_word' id='word_1_626' title='bbox 1553 1398 1608 1429; x_wconf 90' lang='lat' dir='ltr'>Sed</span> <span class='ocrx_word' id='word_1_627' title='bbox 1620 1409 1687 1439; x_wconf 88' lang='lat' dir='ltr'><strong>pos—</strong></span> 
     </span>
     <span class='ocr_line' id='line_1_80' title="bbox 938 1445 1688 1486; baseline -0.005 -8"><span class='ocrx_word' id='word_1_628' title='bbox 938 1458 1033 1478; x_wconf 86' lang='lat' dir='ltr'><strong>sumus</strong></span> <span class='ocrx_word' id='word_1_629' title='bbox 1055 1458 1086 1476; x_wconf 88' lang='lat' dir='ltr'>ea</span> <span class='ocrx_word' id='word_1_630' title='bbox 1108 1457 1167 1486; x_wconf 81' lang='lat' dir='ltr'><strong>quae</strong></span> <span class='ocrx_word' id='word_1_631' title='bbox 1193 1447 1274 1476; x_wconf 79' lang='lat' dir='ltr'><strong>bruta</strong></span> <span class='ocrx_word' id='word_1_632' title='bbox 1299 1456 1334 1475; x_wconf 88' lang='lat' dir='ltr'>ex</span> <span class='ocrx_word' id='word_1_633' title='bbox 1351 1452 1447 1475; x_wconf 78' lang='lat' dir='ltr'><strong>natura</strong></span> <span class='ocrx_word' id='word_1_634' title='bbox 1470 1456 1519 1474; x_wconf 87' lang='lat' dir='ltr'>sua</span> <span class='ocrx_word' id='word_1_635' title='bbox 1538 1445 1640 1475; x_wconf 79' lang='lat' dir='ltr'><strong>faciunt</strong></span> <span class='ocrx_word' id='word_1_636' title='bbox 1653 1456 1688 1475; x_wconf 83' lang='lat' dir='ltr'>ex</span> 
     </span>
     <span class='ocr_line' id='line_1_81' title="bbox 940 1491 1687 1534; baseline -0.004 -11"><span class='ocrx_word' id='word_1_637' title='bbox 940 1493 1077 1534; x_wconf 86' lang='lat' dir='ltr'><strong>proposito</strong></span> <span class='ocrx_word' id='word_1_638' title='bbox 1090 1492 1238 1522; x_wconf 84' lang='lat' dir='ltr'><strong>voluntatis</strong></span> <span class='ocrx_word' id='word_1_639' title='bbox 1257 1491 1381 1531; x_wconf 88' lang='lat' dir='ltr'><strong>implere.</strong></span> <span class='ocrx_word' id='word_1_640' title='bbox 1404 1491 1546 1531; x_wconf 81' lang='lat' dir='ltr'><strong>Cognovit</strong></span> <span class='ocrx_word' id='word_1_641' title='bbox 1558 1492 1609 1520; x_wconf 87' lang='lat' dir='ltr'>bos</span> <span class='ocrx_word' id='word_1_642' title='bbox 1622 1501 1687 1530; x_wconf 89' lang='lat' dir='ltr'><strong>pos—</strong></span> 
     </span>
     <span class='ocr_line' id='line_1_82' title="bbox 939 1536 1686 1569; baseline -0.005 0"><span class='ocrx_word' id='word_1_643' title='bbox 939 1539 1155 1569; x_wconf 79' lang='lat' dir='ltr'><strong>sessorem-Non</strong></span> <span class='ocrx_word' id='word_1_644' title='bbox 1169 1549 1203 1567; x_wconf 79' lang='lat' dir='ltr'>ex</span> <span class='ocrx_word' id='word_1_645' title='bbox 1214 1537 1281 1567; x_wconf 91' lang='lat' dir='ltr'><strong>doni</strong></span> <span class='ocrx_word' id='word_1_646' title='bbox 1294 1536 1451 1566; x_wconf 80' lang='lat' dir='ltr'><strong>excellentia</strong></span> <span class='ocrx_word' id='word_1_647' title='bbox 1464 1537 1491 1566; x_wconf 92' lang='lat' dir='ltr'>in</span> <span class='ocrx_word' id='word_1_648' title='bbox 1504 1536 1625 1566; x_wconf 89' lang='lat' dir='ltr'><strong>medium</strong></span> <span class='ocrx_word' id='word_1_649' title='bbox 1638 1536 1686 1566; x_wconf 86' lang='lat' dir='ltr'><strong>ad-</strong></span> 
     </span>
     <span class='ocr_line' id='line_1_83' title="bbox 938 1581 1690 1622; baseline -0.004 -8"><span class='ocrx_word' id='word_1_650' title='bbox 938 1584 1024 1622; x_wconf 88' lang='lat' dir='ltr'><strong>ducit,</strong></span> <span class='ocrx_word' id='word_1_651' title='bbox 1039 1583 1087 1614; x_wconf 88' lang='lat' dir='ltr'>sed</span> <span class='ocrx_word' id='word_1_652' title='bbox 1096 1594 1131 1613; x_wconf 85' lang='lat' dir='ltr'>ex</span> <span class='ocrx_word' id='word_1_653' title='bbox 1148 1583 1274 1622; x_wconf 89' lang='lat' dir='ltr'><strong>nequitiae</strong></span> <span class='ocrx_word' id='word_1_654' title='bbox 1294 1581 1472 1612; x_wconf 84' lang='lat' dir='ltr'><strong>redundantia</strong></span> <span class='ocrx_word' id='word_1_655' title='bbox 1483 1582 1595 1612; x_wconf 87' lang='lat' dir='ltr'><strong>illorum</strong></span> <span class='ocrx_word' id='word_1_656' title='bbox 1609 1589 1690 1622; x_wconf 79' lang='lat' dir='ltr'><strong>auget</strong></span> 
     </span>
     <span class='ocr_line' id='line_1_84' title="bbox 938 1627 1687 1671; baseline -0.005 -11"><span class='ocrx_word' id='word_1_657' title='bbox 938 1630 1183 1671; x_wconf 83' lang='lat' dir='ltr'><strong>reprehensionem.</strong></span> <span class='ocrx_word' id='word_1_658' title='bbox 1197 1627 1435 1666; x_wconf 82' lang='lat' dir='ltr'><strong>Quemadmodum</strong></span> <span class='ocrx_word' id='word_1_659' title='bbox 1443 1627 1515 1658; x_wconf 89' lang='lat' dir='ltr'><strong>enim</strong></span> <span class='ocrx_word' id='word_1_660' title='bbox 1525 1627 1561 1657; x_wconf 84' lang='lat' dir='ltr'><strong>ad</strong></span> <span class='ocrx_word' id='word_1_661' title='bbox 1574 1628 1687 1657; x_wconf 88' lang='lat' dir='ltr'><strong>illorum</strong></span> 
     </span>
     <span class='ocr_line' id='line_1_85' title="bbox 938 1673 1686 1716; baseline -0.004 -11"><span class='ocrx_word' id='word_1_662' title='bbox 938 1676 1072 1716; x_wconf 87' lang='lat' dir='ltr'><strong>pudorem</strong></span> <span class='ocrx_word' id='word_1_663' title='bbox 1093 1674 1222 1704; x_wconf 89' lang='lat' dir='ltr'><strong>elementa</strong></span> <span class='ocrx_word' id='word_1_664' title='bbox 1241 1681 1334 1705; x_wconf 85' lang='lat' dir='ltr'><strong>evocat</strong></span> <span class='ocrx_word' id='word_1_665' title='bbox 1357 1686 1363 1703; x_wconf 75' lang='grc' dir='ltr'>ε</span> <span class='ocrx_word' id='word_1_666' title='bbox 1388 1673 1425 1703; x_wconf 78' lang='lat' dir='ltr'>ita</span> <span class='ocrx_word' id='word_1_667' title='bbox 1443 1683 1496 1703; x_wconf 89' lang='lat' dir='ltr'>non</span> <span class='ocrx_word' id='word_1_668' title='bbox 1518 1673 1686 1710; x_wconf 89' lang='lat' dir='ltr'><strong>hominibus,</strong></span> 
     </span>
     <span class='ocr_line' id='line_1_86' title="bbox 939 1718 1686 1760; baseline -0.004 -9"><span class='ocrx_word' id='word_1_669' title='bbox 939 1721 986 1751; x_wconf 84' lang='lat' dir='ltr'>sed</span> <span class='ocrx_word' id='word_1_670' title='bbox 1005 1721 1094 1750; x_wconf 89' lang='lat' dir='ltr'><strong>brutis</strong></span> <span class='ocrx_word' id='word_1_671' title='bbox 1108 1721 1183 1760; x_wconf 82' lang='lat' dir='ltr'><strong>ipsos</strong></span> <span class='ocrx_word' id='word_1_672' title='bbox 1196 1726 1345 1759; x_wconf 78' lang='lat' dir='ltr'><strong>comparat,</strong></span> <span class='ocrx_word' id='word_1_673' title='bbox 1360 1730 1391 1749; x_wconf 88' lang='lat' dir='ltr'>ac</span> <span class='ocrx_word' id='word_1_674' title='bbox 1402 1719 1544 1749; x_wconf 88' lang='lat' dir='ltr'><strong>brutorum</strong></span> <span class='ocrx_word' id='word_1_675' title='bbox 1556 1718 1686 1759; x_wconf 84' lang='lat' dir='ltr'><strong>stupidis-</strong></span> 
     </span>
     <span class='ocr_line' id='line_1_87' title="bbox 938 1764 1482 1805; baseline -0.004 -9"><span class='ocrx_word' id='word_1_676' title='bbox 938 1766 1025 1802; x_wconf 82' lang='lat' dir='ltr'><strong>simis,</strong></span> <span class='ocrx_word' id='word_1_677' title='bbox 1039 1766 1147 1804; x_wconf 78' lang='lat' dir='ltr'><strong>illisque</strong></span> <span class='ocrx_word' id='word_1_678' title='bbox 1166 1766 1272 1805; x_wconf 83' lang='lat' dir='ltr'><strong>pejores</strong></span> <span class='ocrx_word' id='word_1_679' title='bbox 1288 1775 1344 1794; x_wconf 89' lang='lat' dir='ltr'><strong>esse</strong></span> <span class='ocrx_word' id='word_1_680' title='bbox 1357 1764 1482 1794; x_wconf 86' lang='lat' dir='ltr'><strong>ostendit.</strong></span> 
     </span>
    </p>
   </div>
   <div class='ocr_carea' id='block_1_14' title="bbox 939 1811 1827 1894">
    <p class='ocr_par' dir='ltr' id='par_1_15' title="bbox 939 1811 1827 1894">
     <span class='ocr_line' id='line_1_88' title="bbox 979 1811 1820 1847; baseline -0.006 -4"><span class='ocrx_word' id='word_1_681' title='bbox 979 1814 1010 1843; x_wconf 82' lang='lat'>5.</span> <span class='ocrx_word' id='word_1_682' title='bbox 1021 1812 1097 1842; x_wconf 90' lang='lat' dir='ltr'><strong>Idem</strong></span> <span class='ocrx_word' id='word_1_683' title='bbox 1109 1811 1174 1841; x_wconf 80' lang='lat' dir='ltr'><strong>facit</strong></span> <span class='ocrx_word' id='word_1_684' title='bbox 1195 1818 1221 1841; x_wconf 88' lang='lat' dir='ltr'>et</span> <span class='ocrx_word' id='word_1_685' title='bbox 1235 1811 1376 1846; x_wconf 78' lang='lat' dir='ltr'><strong>Jeremias,</strong></span> <span class='ocrx_word' id='word_1_686' title='bbox 1396 1817 1530 1840; x_wconf 87' lang='lat' dir='ltr'><strong>turturem</strong></span> <span class='ocrx_word' id='word_1_687' title='bbox 1543 1817 1569 1840; x_wconf 90' lang='lat' dir='ltr'>et</span> <span class='ocrx_word' id='word_1_688' title='bbox 1588 1811 1684 1841; x_wconf 86' lang='lat' dir='ltr'><strong>hirun-</strong></span> <span class='ocrx_word' id='word_1_689' title='bbox 1694 1817 1743 1838; x_wconf 74' lang='lat' dir='ltr'><strong>Jer.</strong></span> <span class='ocrx_word' id='word_1_690' title='bbox 1761 1816 1784 1839; x_wconf 87' lang='lat'>8.</span> <span class='ocrx_word' id='word_1_691' title='bbox 1798 1825 1820 1847; x_wconf 81' lang='lat'>7,</span> 
     </span>
     <span class='ocr_line' id='line_1_89' title="bbox 939 1856 1827 1894; baseline -0.002 -6"><span class='ocrx_word' id='word_1_692' title='bbox 939 1859 1031 1888; x_wconf 88' lang='lat' dir='ltr'><strong>dinem</strong></span> <span class='ocrx_word' id='word_1_693' title='bbox 1044 1858 1072 1887; x_wconf 89' lang='lat' dir='ltr'>in</span> <span class='ocrx_word' id='word_1_694' title='bbox 1087 1857 1208 1886; x_wconf 87' lang='lat' dir='ltr'><strong>medium</strong></span> <span class='ocrx_word' id='word_1_695' title='bbox 1220 1867 1334 1887; x_wconf 82' lang='lat' dir='ltr'><strong>evocans</strong></span> <span class='ocrx_word' id='word_1_696' title='bbox 1348 1867 1358 1894; x_wconf 90' lang='lat'>;</span> <span class='ocrx_word' id='word_1_697' title='bbox 1372 1863 1399 1886; x_wconf 87' lang='lat' dir='ltr'>et</span> <span class='ocrx_word' id='word_1_698' title='bbox 1413 1856 1554 1893; x_wconf 83' lang='lat' dir='ltr'><strong>Salomon,</strong></span> <span class='ocrx_word' id='word_1_699' title='bbox 1568 1866 1640 1886; x_wconf 90' lang='lat' dir='ltr'><strong>nunc</strong></span> <span class='ocrx_word' id='word_1_700' title='bbox 1650 1856 1685 1887; x_wconf 88' lang='lat' dir='ltr'><strong>ad</strong></span> <span class='ocrx_word' id='word_1_701' title='bbox 1696 1861 1767 1882; x_wconf 76' lang='lat' dir='ltr'>va·</span> <span class='ocrx_word' id='word_1_702' title='bbox 1777 1860 1800 1882; x_wconf 85' lang='lat'>6-</span> <span class='ocrx_word' id='word_1_703' title='bbox 1812 1860 1827 1883; x_wconf 81' lang='grc'><strong>6</strong></span> 
     </span>
    </p>
   </div>
   <div class='ocr_carea' id='block_1_15' title="bbox 938 1902 1821 1965">
    <p class='ocr_par' dir='ltr' id='par_1_16' title="bbox 938 1902 1821 1965">
     <span class='ocr_line' id='line_1_90' title="bbox 938 1902 1821 1965; baseline -0.002 -30"><span class='ocrx_word' id='word_1_704' title='bbox 938 1905 1086 1939; x_wconf 82' lang='lat' dir='ltr'><strong>formicam,</strong></span> <span class='ocrx_word' id='word_1_705' title='bbox 1099 1913 1171 1933; x_wconf 86' lang='lat' dir='ltr'><strong>nunc</strong></span> <span class='ocrx_word' id='word_1_706' title='bbox 1184 1902 1220 1932; x_wconf 83' lang='lat' dir='ltr'><strong>ad</strong></span> <span class='ocrx_word' id='word_1_707' title='bbox 1231 1913 1310 1943; x_wconf 84' lang='lat' dir='ltr'><strong>apem</strong></span> <span class='ocrx_word' id='word_1_708' title='bbox 1331 1903 1439 1932; x_wconf 86' lang='lat' dir='ltr'><strong>mittens</strong></span> <span class='ocrx_word' id='word_1_709' title='bbox 1461 1913 1524 1933; x_wconf 89' lang='lat' dir='ltr'>eum</span> <span class='ocrx_word' id='word_1_710' title='bbox 1536 1902 1584 1942; x_wconf 90' lang='lat' dir='ltr'>qui</span> <span class='ocrx_word' id='word_1_711' title='bbox 1603 1904 1686 1938; x_wconf 84' lang='lat' dir='ltr'><strong>otiose</strong></span> <span class='ocrx_word' id='word_1_712' title='bbox 1696 1912 1769 1965; x_wconf 65' lang='grc' dir='ltr'>ξεειῐ.</span> <span class='ocrx_word' id='word_1_713' title='bbox 1785 1917 1821 1933; x_wconf 80' lang='grc' dir='ltr'>ιι,</span> 
     </span>
    </p>
   </div>
   <div class='ocr_carea' id='block_1_16' title="bbox 906 1949 1693 2402">
    <p class='ocr_par' dir='ltr' id='par_1_17' title="bbox 906 1949 1693 2402">
     <span class='ocr_line' id='line_1_91' title="bbox 939 1949 1686 1990; baseline -0.004 -8"><span class='ocrx_word' id='word_1_714' title='bbox 939 1951 1018 1982; x_wconf 86' lang='lat' dir='ltr'><strong>vivit.</strong></span> <span class='ocrx_word' id='word_1_715' title='bbox 1031 1949 1127 1980; x_wconf 73' lang='lat' dir='ltr'><strong>Israc‘l</strong></span> <span class='ocrx_word' id='word_1_716' title='bbox 1148 1955 1246 1979; x_wconf 83' lang='lat' dir='ltr'><strong>autem</strong></span> <span class='ocrx_word' id='word_1_717' title='bbox 1266 1960 1311 1978; x_wconf 86' lang='lat' dir='ltr'>me</span> <span class='ocrx_word' id='word_1_718' title='bbox 1324 1959 1384 1978; x_wconf 89' lang='lat' dir='ltr'>non</span> <span class='ocrx_word' id='word_1_719' title='bbox 1397 1950 1537 1990; x_wconf 78' lang='lat' dir='ltr'><strong>cognovit.</strong></span> <span class='ocrx_word' id='word_1_720' title='bbox 1563 1949 1686 1979; x_wconf 85' lang='lat' dir='ltr'><strong>Accessio</strong></span> 
     </span>
     <span class='ocr_line' id='line_1_92' title="bbox 940 1994 1688 2035; baseline -0.004 -7"><span class='ocrx_word' id='word_1_721' title='bbox 940 1997 1049 2028; x_wconf 82' lang='lat' dir='ltr'><strong>malitiae</strong></span> <span class='ocrx_word' id='word_1_722' title='bbox 1060 2003 1110 2033; x_wconf 87' lang='lat' dir='ltr'><strong>est,</strong></span> <span class='ocrx_word' id='word_1_723' title='bbox 1123 2006 1186 2025; x_wconf 91' lang='lat' dir='ltr'>cum</span> <span class='ocrx_word' id='word_1_724' title='bbox 1211 1995 1232 2024; x_wconf 90' lang='lat' dir='ltr'>ii</span> <span class='ocrx_word' id='word_1_725' title='bbox 1244 1995 1292 2034; x_wconf 91' lang='lat' dir='ltr'>qui</span> <span class='ocrx_word' id='word_1_726' title='bbox 1315 1994 1462 2024; x_wconf 82' lang='lat' dir='ltr'><strong>familiares</strong></span> <span class='ocrx_word' id='word_1_727' title='bbox 1476 2001 1562 2031; x_wconf 87' lang='lat' dir='ltr'><strong>erant,</strong></span> <span class='ocrx_word' id='word_1_728' title='bbox 1578 2002 1638 2035; x_wconf 90' lang='lat' dir='ltr'><strong>post</strong></span> <span class='ocrx_word' id='word_1_729' title='bbox 1649 2002 1688 2025; x_wconf 92' lang='lat' dir='ltr'>tot</span> 
     </span>
     <span class='ocr_line' id='line_1_93' title="bbox 939 2038 1688 2079; baseline -0.005 -7"><span class='ocrx_word' id='word_1_730' title='bbox 939 2042 1054 2071; x_wconf 86' lang='lat' dir='ltr'><strong>honores</strong></span> <span class='ocrx_word' id='word_1_731' title='bbox 1069 2063 1077 2078; x_wconf 91' lang='lat'><strong><em>‚</em></strong></span> <span class='ocrx_word' id='word_1_732' title='bbox 1100 2050 1192 2069; x_wconf 86' lang='lat' dir='ltr'><strong>omnes</strong></span> <span class='ocrx_word' id='word_1_733' title='bbox 1212 2039 1352 2068; x_wconf 82' lang='lat' dir='ltr'><strong>confertim</strong></span> <span class='ocrx_word' id='word_1_734' title='bbox 1377 2038 1412 2068; x_wconf 88' lang='lat' dir='ltr'><strong>ad</strong></span> <span class='ocrx_word' id='word_1_735' title='bbox 1438 2038 1571 2068; x_wconf 82' lang='lat' dir='ltr'><strong>malitiam</strong></span> <span class='ocrx_word' id='word_1_736' title='bbox 1593 2046 1688 2079; x_wconf 87' lang='lat' dir='ltr'><strong>sponte</strong></span> 
     </span>
     <span class='ocr_line' id='line_1_94' title="bbox 906 2084 1688 2128; baseline -0.004 -10"><span class='ocrx_word' id='word_1_737' title='bbox 906 2101 926 2124; x_wconf 76' lang='grc' dir='ltr'>ι)</span> <span class='ocrx_word' id='word_1_738' title='bbox 940 2088 1107 2128; x_wconf 80' lang='lat' dir='ltr'><strong>confugiunt.</strong></span> <span class='ocrx_word' id='word_1_739' title='bbox 1120 2086 1182 2116; x_wconf 88' lang='lat' dir='ltr'>Non</span> <span class='ocrx_word' id='word_1_740' title='bbox 1203 2085 1285 2123; x_wconf 87' lang='lat' dir='ltr'><strong>dixit,</strong></span> <span class='ocrx_word' id='word_1_741' title='bbox 1300 2085 1394 2119; x_wconf 85' lang='lat' dir='ltr'><strong>Jacob,</strong></span> <span class='ocrx_word' id='word_1_742' title='bbox 1409 2084 1467 2122; x_wconf 90' lang='lat' dir='ltr'><strong>sed,</strong></span> <span class='ocrx_word' id='word_1_743' title='bbox 1481 2085 1588 2122; x_wconf 59' lang='lat' dir='ltr'><strong>Israel,</strong></span> <span class='ocrx_word' id='word_1_744' title='bbox 1605 2093 1635 2115; x_wconf 92' lang='lat' dir='ltr'>ut</span> <span class='ocrx_word' id='word_1_745' title='bbox 1654 2096 1688 2115; x_wconf 83' lang='lat' dir='ltr'>ex</span> 
     </span>
     <span class='ocr_line' id='line_1_95' title="bbox 939 2132 1687 2175; baseline -0.007 -9"><span class='ocrx_word' id='word_1_746' title='bbox 939 2136 1040 2166; x_wconf 81' lang='lat' dir='ltr'><strong>virtute</strong></span> <span class='ocrx_word' id='word_1_747' title='bbox 1052 2133 1230 2175; x_wconf 83' lang='lat' dir='ltr'><strong>progenitoris</strong></span> <span class='ocrx_word' id='word_1_748' title='bbox 1255 2132 1392 2172; x_wconf 87' lang='lat' dir='ltr'><strong>ingratum</strong></span> <span class='ocrx_word' id='word_1_749' title='bbox 1416 2139 1545 2172; x_wconf 87' lang='lat' dir='ltr'><strong>nepotum</strong></span> <span class='ocrx_word' id='word_1_750' title='bbox 1565 2132 1687 2161; x_wconf 82' lang='lat' dir='ltr'><strong>animum</strong></span> 
     </span>
     <span class='ocr_line' id='line_1_96' title="bbox 942 2177 1688 2221; baseline -0.005 -10"><span class='ocrx_word' id='word_1_751' title='bbox 942 2181 1026 2221; x_wconf 87' lang='lat' dir='ltr'><strong>magis</strong></span> <span class='ocrx_word' id='word_1_752' title='bbox 1040 2178 1199 2210; x_wconf 84' lang='lat' dir='ltr'><strong>ostenderet.</strong></span> <span class='ocrx_word' id='word_1_753' title='bbox 1214 2178 1266 2208; x_wconf 90' lang='lat' dir='ltr'><strong>Ille</strong></span> <span class='ocrx_word' id='word_1_754' title='bbox 1285 2177 1357 2207; x_wconf 89' lang='lat' dir='ltr'><strong>enim</strong></span> <span class='ocrx_word' id='word_1_755' title='bbox 1370 2177 1453 2207; x_wconf 88' lang='lat' dir='ltr'><strong>animi</strong></span> <span class='ocrx_word' id='word_1_756' title='bbox 1464 2178 1564 2208; x_wconf 78' lang='lat' dir='ltr'><strong>virtute</strong></span> <span class='ocrx_word' id='word_1_757' title='bbox 1576 2177 1688 2207; x_wconf 89' lang='lat' dir='ltr'><strong>benedi-</strong></span> 
     </span>
     <span class='ocr_line' id='line_1_97' title="bbox 941 2223 1690 2263; baseline -0.007 -6"><span class='ocrx_word' id='word_1_758' title='bbox 941 2228 1056 2257; x_wconf 86' lang='lat' dir='ltr'><strong>ctionem</strong></span> <span class='ocrx_word' id='word_1_759' title='bbox 1067 2225 1095 2254; x_wconf 93' lang='lat' dir='ltr'>in</span> <span class='ocrx_word' id='word_1_760' title='bbox 1106 2224 1214 2254; x_wconf 90' lang='lat' dir='ltr'><strong>nomine</strong></span> <span class='ocrx_word' id='word_1_761' title='bbox 1224 2233 1378 2263; x_wconf 86' lang='lat' dir='ltr'><strong>expressam</strong></span> <span class='ocrx_word' id='word_1_762' title='bbox 1387 2223 1537 2263; x_wconf 87' lang='lat' dir='ltr'><strong>promeruit</strong></span> <span class='ocrx_word' id='word_1_763' title='bbox 1552 2223 1611 2253; x_wconf 87' lang='lat' dir='ltr'><strong>:illi</strong></span> <span class='ocrx_word' id='word_1_764' title='bbox 1625 2234 1690 2254; x_wconf 89' lang='lat' dir='ltr'><strong>vero</strong></span> 
     </span>
     <span class='ocr_line' id='line_1_98' title="bbox 941 2268 1691 2311; baseline -0.007 -8"><span class='ocrx_word' id='word_1_765' title='bbox 941 2274 977 2303; x_wconf 90' lang='lat' dir='ltr'><strong>ob</strong></span> <span class='ocrx_word' id='word_1_766' title='bbox 987 2271 1155 2311; x_wconf 86' lang='lat' dir='ltr'><strong>iniquitatem</strong></span> <span class='ocrx_word' id='word_1_767' title='bbox 1175 2270 1262 2309; x_wconf 87' lang='lat' dir='ltr'><strong>ipsam</strong></span> <span class='ocrx_word' id='word_1_768' title='bbox 1285 2268 1478 2309; x_wconf 86' lang='lat' dir='ltr'><strong>prodiderunt.</strong></span> <span class='ocrx_word' id='word_1_769' title='bbox 1505 2269 1547 2297; x_wconf 86' lang='lat' dir='ltr'>Et</span> <span class='ocrx_word' id='word_1_770' title='bbox 1565 2269 1691 2309; x_wconf 84' lang='lat' dir='ltr'><strong>populus</strong></span> 
     </span>
     <span class='ocr_line' id='line_1_99' title="bbox 943 2314 1692 2354; baseline -0.008 -4"><span class='ocrx_word' id='word_1_771' title='bbox 943 2329 1022 2350; x_wconf 81' lang='lat' dir='ltr'><strong>meus</strong></span> <span class='ocrx_word' id='word_1_772' title='bbox 1046 2329 1090 2347; x_wconf 87' lang='lat' dir='ltr'>me</span> <span class='ocrx_word' id='word_1_773' title='bbox 1107 2327 1165 2346; x_wconf 89' lang='lat' dir='ltr'>non</span> <span class='ocrx_word' id='word_1_774' title='bbox 1180 2315 1346 2345; x_wconf 80' lang='lat' dir='ltr'><strong>intellexit:</strong></span> <span class='ocrx_word' id='word_1_775' title='bbox 1361 2316 1421 2351; x_wconf 83' lang='lat' dir='ltr'>Me,</span> <span class='ocrx_word' id='word_1_776' title='bbox 1442 2314 1546 2354; x_wconf 85' lang='lat' dir='ltr'><strong>inquit,</strong></span> <span class='ocrx_word' id='word_1_777' title='bbox 1562 2315 1618 2344; x_wconf 90' lang='lat' dir='ltr'><strong>sole</strong></span> <span class='ocrx_word' id='word_1_778' title='bbox 1634 2316 1692 2344; x_wconf 89' lang='lat' dir='ltr'><strong>cla-</strong></span> 
     </span>
     <span class='ocr_line' id='line_1_100' title="bbox 943 2361 1693 2402; baseline -0.011 -5"><span class='ocrx_word' id='word_1_779' title='bbox 943 2368 1051 2397; x_wconf 87' lang='lat' dir='ltr'><strong>riorem.</strong></span> <span class='ocrx_word' id='word_1_780' title='bbox 1063 2365 1094 2393; x_wconf 66' lang='lat' dir='ltr'>h.</span> <span class='ocrx_word' id='word_1_781' title='bbox 1111 2363 1141 2393; x_wconf 91' lang='lat' dir='ltr'><em>V</em></span> <span class='ocrx_word' id='word_1_782' title='bbox 1137 2373 1162 2392; x_wconf 86' lang='lat' dir='ltr'><em>ae</em></span> <span class='ocrx_word' id='word_1_783' title='bbox 1176 2363 1256 2402; x_wconf 86' lang='lat' dir='ltr'><strong>genti</strong></span> <span class='ocrx_word' id='word_1_784' title='bbox 1268 2363 1435 2400; x_wconf 81' lang='lat' dir='ltr'><strong>peccatrici.</strong></span> <span class='ocrx_word' id='word_1_785' title='bbox 1458 2362 1516 2390; x_wconf 86' lang='lat' dir='ltr'>Hoc</span> <span class='ocrx_word' id='word_1_786' title='bbox 1535 2361 1615 2389; x_wconf 83' lang='lat' dir='ltr'><strong>etiam</strong></span> <span class='ocrx_word' id='word_1_787' title='bbox 1628 2371 1693 2400; x_wconf 79' lang='lat' dir='ltr'><strong>pro-</strong></span> 
     </span>
    </p>
   </div>
   <div class='ocr_carea' id='block_1_17' title="bbox 928 2432 1695 2551">
    <p class='ocr_par' dir='ltr' id='par_1_18' title="bbox 928 2432 1695 2551">
     <span class='ocr_line' id='line_1_101' title="bbox 929 2432 1693 2480; baseline -0.01 -9"><span class='ocrx_word' id='word_1_788' title='bbox 929 2454 1002 2480; x_wconf 82' lang='lat' dir='ltr'><strong>posse</strong></span> <span class='ocrx_word' id='word_1_789' title='bbox 1013 2447 1111 2472; x_wconf 75' lang='grc' dir='ltr'>δοθείσης</span> <span class='ocrx_word' id='word_1_790' title='bbox 1123 2445 1205 2471; x_wconf 66' lang='grc' dir='ltr'>αὐτοῖς,</span> <span class='ocrx_word' id='word_1_791' title='bbox 1224 2446 1276 2466; x_wconf 81' lang='lat' dir='ltr'><strong>eto.</strong></span> <span class='ocrx_word' id='word_1_792' title='bbox 1290 2438 1360 2465; x_wconf 81' lang='lat' dir='ltr'><strong>Talis</strong></span> <span class='ocrx_word' id='word_1_793' title='bbox 1376 2432 1532 2472; x_wconf 78' lang='lat' dir='ltr'><strong>loquution&#39;is</strong></span> <span class='ocrx_word' id='word_1_794' title='bbox 1551 2439 1693 2472; x_wconf 87' lang='lat' dir='ltr'><strong>exemplum</strong></span> 
     </span>
     <span class='ocr_line' id='line_1_102' title="bbox 928 2481 1695 2514; baseline -0.01 -3"><span class='ocrx_word' id='word_1_795' title='bbox 928 2492 967 2511; x_wconf 78' lang='lat' dir='ltr'>est</span> <span class='ocrx_word' id='word_1_796' title='bbox 978 2486 1034 2510; x_wconf 78' lang='lat' dir='ltr'><strong>Act.</strong></span> <span class='ocrx_word' id='word_1_797' title='bbox 1048 2483 1074 2507; x_wconf 80' lang='grc' dir='ltr'>Η</span> <span class='ocrx_word' id='word_1_798' title='bbox 1083 2501 1089 2512; x_wconf 90' lang='grc'>,</span> <span class='ocrx_word' id='word_1_799' title='bbox 1104 2482 1144 2511; x_wconf 79' lang='lat'>⁴7,</span> <span class='ocrx_word' id='word_1_800' title='bbox 1157 2485 1201 2510; x_wconf 84' lang='grc' dir='ltr'>τὴν</span> <span class='ocrx_word' id='word_1_801' title='bbox 1214 2484 1262 2509; x_wconf 80' lang='grc' dir='ltr'>ἴσην</span> <span class='ocrx_word' id='word_1_802' title='bbox 1269 2482 1355 2514; x_wconf 78' lang='grc' dir='ltr'>δωρεὰν</span> <span class='ocrx_word' id='word_1_803' title='bbox 1361 2481 1442 2505; x_wconf 62' lang='grc' dir='ltr'>ἔδωκεν</span> <span class='ocrx_word' id='word_1_804' title='bbox 1451 2481 1526 2507; x_wconf 79' lang='grc' dir='ltr'>αὐτοῖς</span> <span class='ocrx_word' id='word_1_805' title='bbox 1534 2481 1546 2504; x_wconf 78' lang='grc' dir='ltr'><strong>ὁ</strong></span> <span class='ocrx_word' id='word_1_806' title='bbox 1555 2484 1619 2511; x_wconf 77' lang='grc' dir='ltr'>Θεός,</span> <span class='ocrx_word' id='word_1_807' title='bbox 1629 2485 1695 2504; x_wconf 79' lang='lat' dir='ltr'><strong>etc.»</strong></span> 
     </span>
     <span class='ocr_line' id='line_1_103' title="bbox 929 2516 1694 2551; baseline -0.009 -1"><span class='ocrx_word' id='word_1_808' title='bbox 929 2525 988 2551; x_wconf 82' lang='lat' dir='ltr'><strong>Sine</strong></span> <span class='ocrx_word' id='word_1_809' title='bbox 999 2523 1057 2548; x_wconf 81' lang='lat' dir='ltr'><strong>Mas.</strong></span> <span class='ocrx_word' id='word_1_810' title='bbox 1075 2520 1226 2545; x_wconf 80' lang='lat' dir='ltr'><strong>auctoritate</strong></span> <span class='ocrx_word' id='word_1_811' title='bbox 1249 2517 1311 2543; x_wconf 80' lang='lat' dir='ltr'><strong>nihil</strong></span> <span class='ocrx_word' id='word_1_812' title='bbox 1327 2516 1409 2542; x_wconf 81' lang='lat' dir='ltr'><strong>ausim</strong></span> <span class='ocrx_word' id='word_1_813' title='bbox 1427 2522 1529 2542; x_wconf 84' lang='lat' dir='ltr'><strong>mutare</strong></span> <span class='ocrx_word' id='word_1_814' title='bbox 1543 2525 1548 2540; x_wconf 95' lang='lat'><strong>:</strong></span> <span class='ocrx_word' id='word_1_815' title='bbox 1561 2518 1608 2542; x_wconf 75' lang='lat' dir='ltr'><strong>etsi</strong></span> <span class='ocrx_word' id='word_1_816' title='bbox 1625 2517 1694 2543; x_wconf 85' lang='lat' dir='ltr'><strong>locus</strong></span> 
     </span>
    </p>
   </div>
   <div class='ocr_carea' id='block_1_18' title="bbox 931 2556 1573 2620">
    <p class='ocr_par' dir='ltr' id='par_1_19' title="bbox 931 2556 1573 2620">
     <span class='ocr_line' id='line_1_104' title="bbox 931 2556 1330 2592; baseline -0.023 -2"><span class='ocrx_word' id='word_1_817' title='bbox 931 2572 982 2589; x_wconf 90' lang='lat' dir='ltr'>nou</span> <span class='ocrx_word' id='word_1_818' title='bbox 995 2566 1068 2590; x_wconf 77' lang='lat' dir='ltr'><strong>vacet</strong></span> <span class='ocrx_word' id='word_1_819' title='bbox 1080 2558 1220 2592; x_wconf 78' lang='lat' dir='ltr'><strong>suspicione</strong></span> <span class='ocrx_word' id='word_1_820' title='bbox 1233 2556 1330 2582; x_wconf 85' lang='lat' dir='ltr'><strong>mendi.</strong></span> 
     </span>
     <span class='ocr_line' id='line_1_105' title="bbox 1545 2600 1573 2620; baseline -0.071 0"><span class='ocrx_word' id='word_1_821' title='bbox 1545 2600 1560 2620; x_wconf 76' lang='lat'>2</span> <span class='ocrx_word' id='word_1_822' title='bbox 1567 2611 1573 2618; x_wconf 88' lang='lat'><strong>.</strong></span> 
     </span>
    </p>
   </div>
  </div>
 </body>
</html>
