1890 2826
693 186 724 209 m
755 185 880 216 isaiam,

115 246 212 287 ἐπάγον
227 246 271 276 τὸν
285 245 404 287 ἔλεγχον.
417 247 481 281 Πῶς
494 247 539 278 καὶ
559 247 611 277 τίνι
629 248 736 287 τρόπῳ;
751 249 813 277 Τῶν
829 249 879 286 ῥη-

115 293 205 332 μάτων
216 293 302 323 αὐτῶν
316 293 481 334 ἀκούσωμεν.
492 295 633 335 Προσῆλθε
645 294 711 335 γὰρ,
723 294 805 334 φησὶ,
815 294 879 333 πρὸς

113 339 162 376 τὴν
175 341 314 380 προφῆτιν.
327 339 386 376 Τὴν
397 345 509 380 γυναῖκα
521 340 569 377 τὴν
579 340 648 370 ἰδίαν
659 341 741 374 οὕτως
755 341 878 370 ἐκάλεσεν

113 386 190 423 ἴσως,
213 386 257 415 διὰ
279 385 311 415 τὸ
337 386 382 416 καὶ
395 386 477 423 αὐτὴν
502 386 656 428 Πνεύματος
671 386 798 423 ἠξιῶσθαι
809 398 878 427 προ-

110 435 224 472 φητικοῦ
232 445 239 451 ·
261 434 291 463 οὗ
315 432 367 474 γὰρ
387 434 415 463 ἐν
439 434 550 475 ἀνδράσι
575 433 609 463 τὰ
628 436 679 463 τῶν
703 434 877 474 χαρισμάτων

112 479 229 515 εἱστήκει
241 479 330 518 μόνον,
342 479 411 510 ἀλλὰ
430 480 476 510 καὶ
490 482 527 515 εἰς
546 480 577 509 τὸ
595 485 742 520 γυναικεῖον
763 481 877 510 διέὸαινε

111 526 202 567 φῦλον.
217 527 258 555 Οὐ
271 525 322 566 γὰρ
335 525 426 567 ὥσπερ
439 527 466 556 ἐν
479 531 537 561 ταῖς
551 529 687 567 βιωτικαῖς
701 527 804 568 χρείαις
816 527 877 567 διῄ-

111 573 190 611 ’ρηται
196 571 230 602 τὰ
238 571 302 612 γένη
308 595 318 609 ,
325 572 371 602 καὶ
379 572 448 602 ἄλλα
460 572 508 612 μὲν
517 574 628 613 ἀνδρῶν,
635 573 703 603 ἄλλα
713 574 740 604 δὲ
747 576 877 614 γυναικῶν

110 617 145 647 τὰ
157 617 354 658 ἐπιτηδεύματα
363 640 371 654 ,
384 619 430 649 καὶ
443 621 491 649 οὐκ
504 619 679 656 ἂνδυνηθεῖεν
700 620 734 650 τὰ
754 621 878 657 ἀλλήλων

111 663 337 699 ἀνταλΜξασθαι*
350 665 420 695 οὕτω
434 665 466 702 δὴ
480 666 526 695 καὶ
539 666 584 696 ἐπὶ
602 667 655 696 τῶν
674 668 860 706 πνευματικῶν
870 678 877 685 ·

111 711 170 740 ἀλλ’
184 710 238 741 ἶσοι
249 713 273 741 οἱ
284 713 383 751 ἀγῶνες
393 712 438 741 καὶ
452 712 533 742 κοινοὶ
546 713 571 742 οἱ
586 712 719 753 στέφανοι.
734 713 787 742 Καὶ
801 716 878 743 τοῦτο

60 785 71 789 ,
110 757 156 787 καὶ
172 759 200 787 ἐν
213 760 246 798 τῇ
260 759 370 799 Παλαιᾷ
383 758 429 789 καὶ
446 760 473 788 ἐν
488 761 521 798 τῇ
538 760 629 799 ,Καινῇ
655 759 722 799 μετὰ
742 760 878 801 ἀκριὸείας
893 771 910 794 Ε

110 803 161 832 ἴδοι
174 815 214 838 τις
232 803 274 840 ἂν,
293 804 340 834 καὶ
359 804 454 845 τ’παρὰ
470 805 558 835 πάντα
571 806 615 836 τὸν
644 806 700 846 βίον
723 807 876 846 συμὸαῖνον.

110 849 204 890 Ταύτῃ
222 850 308 879 τοίνυν
326 850 464 890 ὁμιλήσας,
477 852 550 893 νόμῳ
571 851 675 892 γάμου,
695 853 767 883 κύειν
792 866 877 894 παρε-

109 896 230 926 σκεύασε.
244 896 299 926 Καὶ
317 897 408 934 ἐπειδὴ
429 898 460 928 τὸ
481 898 586 929 παιδίον
607 898 716 939 ἐτέχθη,
729 901 877 936 ἐπιτίθησιν

109 944 181 982 αὐτῷ
194 942 276 982 ὄνομα
296 942 384 973 καινὸν
396 943 611 984 καὶζπαράδοξον,
624 945 804 986 τὴνξῖστορίαν
823 948 876 976 τῶν

107 987 239 1027 ἐσομένων
253 988 322 1030 ἔχον.
334 989 371 1019 Τί
384 990 436 1031 γάρ
455 1002 536 1031 φησι;
548 991 671 1021 Κάλεσον
680 992 710 1022 τὸ
725 993 808 1032 ὄνομα
826 994 876 1022 αὖ-

109 1037 169 1071 τοῧ,
182 1034 284 1075 ταχέως
299 1035 453 1072 σκύλευσον,
467 1036 545 1071 ὀξέως
563 1037 741 1077 προνόμευσον
751 1051 757 1057 ·
771 1038 813 1067 ἵνα
827 1039 875 1068 κᾶν

108 1082 142 1111 τὰ
163 1082 310 1122 γράμματα
323 1084 457 1122 ἀπιστηθῇ
471 1082 505 1111 τὰ
526 1084 553 1112 ἐν
567 1085 606 1123 τῷ
629 1084 703 1124 τόμῳ
720 1084 845 1123 κείμενα,
858 1087 875 1120 ἡ

109 1128 273 1168 προσηγορία
291 1131 337 1157 τοῦ
355 1128 460 1158 παιδίου
471 1128 520 1165 τὴν
534 1130 651 1169 ἱστορίαν
663 1131 715 1159 τῶν
729 1130 876 1169 ἐκβησομέ-

108 1224 228 1257 τεθεῖσα,
242 1221 287 1250 καὶ
306 1223 422 1261 συνεχῶς
437 1221 526 1261 ΙΙπαρὰ
549 1222 637 1252 πάντα
657 1222 807 1261 καλουμένη
832 1223 877 1252 τὸν

108 1267 210 1307 χρόνον,
222 1267 332 1297 καὶτῶν
352 1267 454 1308 σφόδρα
473 1269 654 1308 ἀναισχυντεῖν
673 1269 876 1309 ἐπιχειρούντων

108 1314 250 1353 ἀπορράψῃ
262 1313 297 1342 τὰ
310 1313 441 1353 στόματα.
456 1313 522 1343 ’Ότι
535 1314 586 1354 γὰρ
600 1317 629 1344 οὗ
646 1314 714 1354 μετὰ
727 1315 775 1351 τὴν
791 1316 875 1345 ἔκθα-

108 1372 150 1391 σιν
171 1359 269 1390 ἔπλασε
291 1362 376 1389 ταῦτα
397 1362 412 1389 ὁ
435 1360 590 1400 προφήτης,
605 1362 663 1391 ἀλλ’
686 1361 783 1391 ἄνωθεν
808 1363 875 1392 αὐτὰ

107 1407 232 1446 προεῖδε,
258 1405 303 1436 καὶ
325 1408 350 1435 οἱ
374 1406 473 1447 σφόδρα
500 1410 660 1447 ἀγνωμονεῖν
681 1409 875 1448 ἐπιχειροῦντες

107 1452 234 1488 ἠδύναντο
258 1452 408 1489 πείθεσθαι,
424 1455 448 1483 οἱ
474 1453 526 1493 πρὸ
555 1455 603 1489 τῆς
627 1455 679 1483 τῶν
709 1454 874 1494 πραγμάτων

107 1499 240 1533 έκὸάσεως
253 1499 317 1529 αὐτὸ
336 1499 367 1529 τὸ
378 1499 491 1540 ,παιδίον
509 1502 620 1540 ὁρῶντες
637 1500 808 1540 καλούμενον,
830 1501 875 1530 καὶ

107 1545 156 1581 τὴν
167 1546 338 1575 διδασκαλίαν
349 1547 402 1575 τῶν
416 1546 546 1585 ἐσομένων
564 1549 705 1586 συμφορῶν
726 1546 874 1586 ἀνακηρύτ-

108 1603 161 1621 τον.
174 1592 227 1621 Διά
239 1604 281 1621 τοι
294 1595 371 1622 τοῦτο
384 1591 430 1621 καὶ
443 1591 580 1632 ἑρμηνεύει
590 1594 639 1628 τῆς
653 1592 814 1633 προφητείας
826 1593 874 1630 τὴν

109 1636 229 1675 δύναμιν.
242 1637 288 1666 καὶ
306 1637 352 1666 τὸν
371 1637 464 1677 χρόνον
484 1638 686 1677 ἐπισημαίνεται
707 1638 774 1677 μετὰ
794 1640 874 1679 ἀκρι-

109 1682 195 1718 ὅείας,
209 1682 278 1712 οὕτω
293 1683 378 1722 λέγων
388 1696 395 1702 ·
409 1683 485 1713 Διότι
495 1684 556 1723 πρὶν
571 1684 589 1719 ἢ
609 1687 706 1723 γνῶναι
719 1685 750 1714 τὸ
769 1685 874 1714 παιδίον

109 1729 199 1758 καλεῖν
219 1728 323 1769 πατέρα
347 1728 366 1764 ἢ
384 1729 502 1769 μητέρα,
515 1729 630 1769 λήψεται
652 1729 762 1768 δύναμιν
782 1732 874 1769 Δαμα-
890 1738 908 1760 Β

109 1776 189 1811 emo„
203 1774 248 1804 καὶ
261 1774 295 1804 τὰ
308 1775 394 1804 σκῦλα
411 1774 564 1815 Σαμαρείας
580 1774 665 1804 ἔναντι
680 1775 808 1814 βασιλέως
818 1776 876 1805 Ἀσ-

109 1819 215 1860 συρίων.
233 1819 271 1850 Ὃ
284 1819 312 1849 δὲ
324 1819 409 1860 λέγει,
424 1819 540 1850 τοιοῦτόν
555 1822 635 1850 ἐστιν.
650 1820 698 1850 Ἐν
711 1822 749 1861 τῷ
770 1820 857 1862 χρόνῳ
866 1843 875 1857 ,

109 1865 188 1906 φησὶ,
198 1868 245 1902 τῆς
256 1866 360 1902 ἡλικίας
373 1869 421 1902 τῆς
433 1865 518 1906 ἀώρου
526 1888 534 1902 ,
546 1866 591 1895 καὶ
599 1866 711 1905 μηδέπω
720 1866 876 1906 φθέγγεσθαι

109 1912 272 1951 δυναμένης,
295 1911 330 1942 τὰ
345 1915 393 1948 τῆς
413 1912 487 1949 νίκης
498 1912 574 1942 ἔσται
595 1912 641 1942 καὶ
662 1914 714 1942 τῶν
733 1912 876 1952 τροπαίων,

109 1960 160 1999 οὗχ
182 1960 219 1992 ὥς
243 1961 289 1988 τοῦ
307 1958 413 1988 παιδίου
433 1956 575 1997 δυναμένου
595 1959 813 1997 παρατάξασθαι,
831 1960 875 1989 καὶ

110 2006 228 2035 καθελεῖν
240 2005 301 2038 τοὺς
319 2003 475 2044 πολεμίους,
491 2005 550 2034 ἀλλ’
570 2006 606 2038 ὥς
618 2007 666 2040 τῆς
685 2005 789 2041 ἡλικίας
809 2006 877 2035 ἐκεί-

109 2050 316 2088 msa-mntem,
329 2055 376 2081 τοῦ
389 2052 545 2092 χρόνου,τῶ
565 2051 617 2092 πρὸ
637 2053 686 2086 τῆς
707 2055 752 2081 τοῦ
770 2052 875 2081 παιδίου

110 2097 246 2132 διαλίξεως
256 2098 444 2138 παραδιδόντος
457 2099 562 2129 ἅπαντα
580 2102 634 2132 τοῖς
655 2098 801 2137 πολεμίοις.
823 2099 876 2128 Καὶ

110 2142 252 2181 προσέθετο
270 2142 367 2184 Κύριος
380 2143 496 2180 λαλῆσαί
520 2155 564 2183 μοι
587 2144 639 2174 ἔτι·
654 2143 698 2172 διὰ
711 2143 741 2173 τὸ
761 2143 798 2182 μὴ
812 2144 876 2183 βού-

111 2189 202 2218 λεσθαι
221 2189 265 2218 τὸν
285 2189 349 2219 λαὸν
367 2192 459 2220 τοῦτον
471 2189 501 2219 τὸ
520 2190 590 2230 ὕδωρ
610 2192 655 2219 τοῦ
668 2189 817 2228 Σιλωὰμτὸ
825 2201 874 2218 πο-

114 2233 250 2273 ρευόμενον
267 2237 375 2275 ἡσυχῇ,
389 2235 458 2266 ἀλλὰ
480 2235 619 2275 βούλεσθαι
639 2236 709 2276 ἔχειν
723 2235 766 2265 τὸν
784 2234 876 2264 Ῥασὶν

113 2279 158 2308 καὶ
170 2279 215 2309 τὸν
228 2280 283 2309 υἱὸν
302 2284 348 2310 τοῦ
368 2280 515 2320 Ῥωμελίου
539 2281 649 2321 βασιλέα
670 2283 710 2322 ἐφ’
735 2283 818 2320 ὑμῶν,
835 2281 878 2310 διὰ

109 1187 160 1204 νων
174 1174 287 1215 ἔχουσα,
300 1175 346 1204 καὶ
358 1175 411 1215 πρὸ
431 1177 479 1211 τῆς
503 1175 636 1210 ἐκὸάσεως
655 1178 707 1206 τῶν
731 1154 910 1216 γενομένωνῗὶ1

910 185 985 208 cxv.
1017 181 1088 208 vni.
1610 184 1672 208 103

898 250 914 271 D
930 248 1061 286 sequitur,
1075 249 1175 278 clarius
1190 249 1226 278 rei
1249 248 1434 288 probationem
1449 249 1571 278 inserens
1599 250 1673 286 Quo-

931 293 1010 323 modo
1023 302 1112 335 etqua
1132 297 1233 326 ratione
1245 296 1258 324 Ξ)
1273 297 1333 335 Ipsa
1345 296 1426 326 verba
1440 294 1590 324 audiamus.
1608 296 1672 323 Ac-

933 342 1017 369 cessit
1029 341 1112 379 enim,
1128 342 1176 378 ait,
1192 342 1233 371 ad
1245 343 1465 382 prophetissam.
1480 342 1599 370 Uxorem
1612 350 1674 379 pro-

931 387 1018 426 priam
1026 387 1064 417 sic
1077 389 1143 418 forte
1154 389 1271 426 vocavit,
1280 388 1353 428 quod
1367 388 1413 417 illa
1427 386 1507 417 etiam
1518 385 1673 427 prophetico

930 433 1034 473 Spiritu
1045 434 1153 474 dignata
1168 435 1260 465 fuisset
1273 447 1279 463 :
1297 445 1359 464 nam
1370 445 1423 464 non
1438 433 1504 465 viris
1519 432 1598 462 modo
1616 432 1672 461 lucc

931 490 1041 509 munera
1053 479 1199 518 dabantur,
1212 481 1259 510 scd
1271 481 1298 510 in
1312 480 1471 511 muliebrem
1486 479 1564 508 etiam
1579 489 1673 507 sexum

931 526 1099 556 transierant.
1114 529 1207 566 Neque
1220 527 1290 557 enim
1304 534 1334 556 ut
1351 527 1379 556 in
1395 525 1570 556 saecularibus
1589 534 1655 563 nego
1668 542 1673 547 -

930 571 975 601 tiis
994 572 1081 602 officia
1099 574 1315 614 distinguuntur,
1335 580 1360 603 et
1383 572 1437 602 alia
1449 571 1574 600 virorum
1587 577 1669 607 sunt,

931 618 983 647 alia
1006 619 1163 658 mulierum,
1178 631 1226 650 nec
1251 626 1363 660 possunt
1377 618 1431 647 illae
1438 614 1586 646 functiones
1604 616 1673 645 inter

929 675 957 693 se
969 667 1128 696 commutari
1145 679 1151 695 ε
1169 667 1206 696 ita
1217 677 1245 696 se
1260 677 1302 696 res
1320 665 1400 695 habet
1415 664 1442 693 in
1460 662 1648 703 spiritualibus
1661 674 1671 700 ᾖ

928 713 975 741 sed
994 712 1071 752 paria
1085 720 1147 742 sunt
1166 713 1325 749 certamina,
1341 721 1494 742 communes
1510 719 1622 738 corouoe.
1636 709 1672 738 Et

931 759 986 788 haec
1001 761 1094 799 utique
1104 760 1196 790 videre
1208 767 1247 789 cst
1260 760 1287 789 in
1302 758 1396 790 Veteri
1409 764 1435 787 et
1448 757 1475 786 in
1490 758 1568 786 Novo
1579 757 1671 785 Testa-

930 813 1030 842 mento‚
1047 806 1074 835 in
1096 813 1151 836 toto
1164 806 1283 835 humano
1305 815 1400 845 genere
1422 803 1584 842 contingere.
1600 803 1669 831 Cum

930 854 979 883 bac
992 853 1075 893 igitur
1088 865 1122 883 ex
1134 854 1191 893 lege
1211 852 1375 882 matrimonii
1389 859 1544 890 congressus
1555 859 1616 878 cum
1630 859 1670 877 es-

928 908 977 937 set,
990 907 1171 940 praegnantem
1183 899 1258 928 illam
1271 898 1369 927 effecit.
1386 897 1422 926 Et
1439 902 1580 935 postquam
1591 901 1669 923 natus

927 953 994 975 esset
1003 957 1079 986 puer,
1094 955 1190 974 nomen
1203 955 1304 974 novum
1317 951 1343 972 et
1352 941 1539 971 admirandum
1554 940 1605 980 ipsi
1615 940 1669 969 im-

928 993 1029 1032 posuit,
1039 991 1113 1031 quod
1119 992 1274 1021 futurorum
1284 989 1424 1019 historiam
1436 987 1668 1027 complecteretur.

927 1038 1002 1076 Quid
1014 1038 1086 1067 enim
1103 1038 1140 1067 ait
1151 1037 1165 1066 ‘x'
1180 1037 1261 1067 Voca
1278 1046 1383 1066 nomen
1392 1036 1464 1075 eju5‚
1483 1034 1547 1063 Cito
1561 1033 1668 1073 spolia,

929 1085 959 1112 V
955 1084 1074 1114 elociter
1092 1084 1224 1123 proedare
1237 1094 1245 1110 .·
1261 1089 1292 1112 ut
1304 1081 1408 1111 etiamsi
1421 1079 1528 1120 scriptis
1540 1078 1606 1108 fides
1617 1089 1670 1108 non

928 1131 1071 1160 haberetur
1081 1131 1108 1159 in
1122 1137 1193 1160 tomo
1206 1129 1310 1169 positis,
1321 1126 1466 1168 appellatio
1481 1125 1557 1166 pueri
1571 1126 1671 1154 futuro-

930 1189 991 1207 rum
1011 1177 1150 1207 historiam
1165 1176 1352 1215 complectenS,
1366 1180 1392 1204 ct
1415 1180 1475 1203 ante
1487 1179 1612 1203 eventum
1627 1182 1669 1201 re·

928 1235 990 1253 rum
1000 1223 1122 1264 imposita
1128 1245 1136 1259 ,
1144 1233 1175 1252 ac
1184 1223 1336 1260 frequenter
1346 1219 1420 1250 omni
1429 1227 1549 1259 tempore
1554 1219 1669 1259 prolata,

928 1271 971 1300 vel
981 1268 1276 1310 impudentissimorum
1287 1277 1333 1297 ora
1347 1272 1495 1296 consueret.
1506 1264 1587 1302 Quod
1598 1265 1669 1294 enim

927 1318 983 1347 haec
1007 1316 1137 1357 propbeta
1162 1325 1215 1344 non
1241 1320 1300 1354 post
1312 1319 1437 1343 eventum
1451 1311 1596 1347 effinxerit,
1622 1311 1670 1341 sed

927 1364 1006 1403 longe
1027 1369 1087 1392 ante
1111 1360 1275 1401 praeviderit,
1289 1359 1369 1388 etiam
1386 1358 1405 1387 ii
1418 1358 1465 1397 qui
1478 1368 1512 1387 ex
1525 1357 1613 1386 studio
1628 1358 1668 1386 in-

927 1410 996 1449 grati
1018 1408 1173 1448 stupidique
1188 1413 1263 1436 erant
1276 1406 1338 1434 hinc
1353 1411 1384 1434 ut
1406 1404 1544 1434 crederent
1566 1403 1668 1432 adduci

928 1462 1060 1496 poterant,
1080 1454 1128 1493 qui
1147 1460 1207 1483 ante
1227 1463 1316 1482 rerum
1330 1458 1454 1481 eventum
1469 1450 1540 1479 hunc
1555 1460 1668 1489 puerum

927 1502 1051 1531 viderant
1064 1501 1102 1530 sic
1125 1499 1267 1540 appellari,
1279 1505 1305 1527 et
1322 1498 1475 1526 suturarum
1488 1497 1669 1525 calamitatum

929 1548 1077 1577 doctrinam
1092 1548 1132 1576 sio
1148 1545 1303 1586 praedicare.
1322 1543 1438 1582 Ideoque
1452 1542 1598 1582 prophetia:
1615 1542 1670 1571 vim

927 1596 1126 1634 interpretatur,
1152 1599 1311 1631 tempusque
1334 1596 1455 1619 accurate
1477 1588 1609 1628 significat
1626 1588 1669 1618 his

928 1640 1018 1669 verbis
1033 1651 1040 1668 ε
1058 1640 1136 1677 Qm'a
1145 1645 1303 1676 antequam
1323 1638 1397 1665 sciat
1412 1645 1485 1674 puer
1496 1645 1603 1663 vocare
1615 1645 1669 1673 pa·
1696 1667 1698 1670 y

929 1692 1000 1714 trem
1009 1686 1061 1714 vel
1073 1691 1206 1720 matrem,
1215 1683 1336 1721 accipiet
1345 1682 1504 1721 potentiam.
1514 1681 1667 1715 Damasci,

928 1738 956 1760 et
977 1731 1071 1770 spolia
1090 1730 1230 1759 Samarioe
1257 1737 1356 1756 coram
1378 1737 1443 1765 rege
1463 1725 1666 1763 Assyriorum.

929 1777 1011 1814 Quod
1025 1776 1102 1812 dicit,
1127 1774 1286 1814 hujusmodi
1305 1780 1354 1802 est.
1370 1774 1400 1802 In
1423 1779 1553 1811 tempore,
1568 1772 1667 1811 inquit,

929 1824 1077 1853 immaturae
1089 1821 1184 1857 mutis,
1207 1831 1268 1850 cum
1282 1819 1401 1849 nondum
1425 1819 1510 1858 possit
1527 1818 1613 1857 loqui,
1626 1818 1669 1847 vi-

929 1870 1013 1900 ctoria
1036 1876 1062 1898 et
1083 1876 1181 1908 tropoea
1201 1873 1305 1904 erunt;
1331 1876 1382 1895 non
1394 1864 1468 1904 quod
1495 1875 1562 1904 puer
1585 1864 1670 1904 possit

930 1916 1013 1946 aciem
1026 1915 1167 1951 instruere,
1180 1913 1323 1951 hostesque
1345 1911 1513 1951 profligare:
1527 1909 1573 1939 sed
1595 1910 1669 1949 quod

930 1969 991 1992 aetas
1005 1962 1064 1999 illa,
1087 1962 1145 1991 sive
1171 1967 1275 1999 tempus
1295 1957 1365 1987 illud
1388 1957 1509 1997 elapsum
1528 1963 1669 1995 antequam

929 2020 997 2050 puer
1009 2008 1084 2048 loqui
1103 2007 1198 2048 possit,
1213 2005 1303 2035 omnia
1325 2004 1412 2034 tradat
1426 2003 1557 2033 hostibus.
1575 2005 1604 2033 5.
1628 2005 1670 2033 Et

929 2057 1037 2096 adjecit
1060 2055 1204 2084 Dominus
1217 2053 1259 2081 ad
1285 2062 1330 2080 me
1344 2051 1426 2090 loqui
1439 2051 1537 2078 adhuc
1552 2062 1559 2078 ε
1576 2049 1607 2080 6.
1622 2052 1669 2079 Eo

929 2103 1009 2143 quod
1023 2112 1082 2131 non
1088 2100 1163 2130 velit
1175 2100 1222 2128 hie
1228 2098 1351 2138 populus
1358 2107 1466 2136 aquam
1475 2096 1596 2132 Siloam,
1606 2107 1670 2136 quoe

930 2154 1032 2178 manat
1042 2149 1148 2187 quiete,
1165 2145 1217 2174 sed
1230 2145 1297 2173 vult
1310 2144 1416 2172 habere
1429 2143 1520 2171 Rasin
1534 2148 1562 2170 et
1572 2142 1670 2181 silium

929 2195 1068 2225 Romeliae
1079 2203 1174 2233 regem
1181 2201 1267 2231 super
1279 2200 1345 2227 vos,
1361 2191 1391 2218 7.
1404 2195 1521 2228 propter
1531 2189 1587 2217 hoc
1606 2199 1671 2218 ecce

930 2242 1049 2271 adducit
1064 2241 1209 2270 Dominus
1231 2247 1316 2276 super·
1335 2246 1389 2265 vos
1413 2245 1521 2274 aquam
1532 2235 1671 2276 fluminis

896 2300 898 2302 ’
920 2289 1045 2329 fortem,
1056 2286 1190 2321 multam,
1203 2294 1298 2323 regem
1319 2283 1523 2318 Assyriorum.
1539 2282 1611 2309 Deus
1622 2291 1670 2319 pro

113 2329 190 2358 τοῦτο
208 2327 263 2358 ἰδοὺ
285 2328 377 2369 ἀνάγει
390 2330 486 2370 Κύριος
498 2333 539 2371 ἐφ’
553 2333 621 2371 ὑμᾶς
633 2332 663 2361 τὸ
676 2331 745 2371 ὕδωρ
766 2333 812 2361 τοῦ
826 2342 877 2360 πο-
892 2339 911 2363 C
931 2344 1003 2363 more
1016 2343 1075 2368 suo,
1087 2342 1140 2361 non
1157 2331 1245 2360 solum
1258 2336 1349 2369 poenas
1363 2327 1484 2367 praedicit
1494 2349 1501 2361 ‚
1517 2326 1564 2355 sed
1578 2337 1670 2354 causas

113 2381 212 2418 ταμοῦ,
231 2378 261 2408 τὸ
279 2379 385 2420 ἰσχυρὸν
407 2379 453 2410 καὶ
472 2381 503 2411 τὸ
522 2380 607 2418 πολὺ,
621 2382 666 2411 τὸν
689 2380 799 2421 βασιλέα
825 2382 878 2410 τῶν

147 2479 159 2492 ⁸
175 2477 246 2507 Παρὰ
255 2476 330 2499 πάντα
346 2477 385 2499 τὸν
403 2477 461 2506 βῶν,
470 2482 514 2507 per
531 2479 605 2498 totum
616 2481 696 2506 genus
712 2472 863 2502 humanum,

113 2520 158 2544 per
171 2517 247 2537 totum
263 2513 390 2538 mundum.
404 2512 477 2545 Apud
490 2511 623 2538 Eusebium
643 2513 719 2544 Prasp.
734 2512 827 2544 Evang.
839 2512 864 2535 in

115 2552 190 2583 linem
201 2557 288 2586 σύμπας
298 2559 341 2579 τῶν
351 2557 474 2587 ἀνθρώπων
482 2556 539 2585 βίος,
546 2558 620 2577 tomm
632 2560 710 2584 genus
719 2549 864 2580 humanum,

116 2593 304 2619 winemandus.
314 2591 461 2618 Athanasius
469 2592 543 2616 Tom.
555 2592 577 2622 1,
588 2600 613 2623 p.
626 2591 698 2622 ¹233,
710 2590 730 2615 E
744 2599 748 2614 :
764 2593 863 2616 ›zatum-

931 2381 1018 2416 ass'ert,
1032 2385 1061 2407 ut
1075 2377 1113 2407 sic
1126 2376 1261 2406 auditores
1274 2374 1378 2404 erudiat
1393 2385 1398 2402 :
1414 2372 1442 2401 id
1456 2372 1505 2401 hoc
1521 2371 1599 2400 etiam
1613 2370 1670 2400 los-0

916 2476 1052 2503 ζονευόμενοι
1067 2473 1107 2496 τοῦ
1118 2473 1162 2494 τῶν
1178 2471 1301 2501 ἀνθρώπων
1312 2469 1363 2498 βίου
1372 2484 1378 2495 ,
1392 2462 1493 2495 superbe.
1508 2466 1607 2493 agentes
1620 2462 1668 2484 ml-

916 2519 1000 2535 versus
1010 2518 1088 2542 genus
1098 2507 1243 2531 luunmmm.

946 2559 956 2568 ⁸·
975 2549 1035 2579 Rvg.
1047 2552 1111 2581 παρὰ
1122 2550 1207 2573 πάντας
1223 2547 1347 2575 καλουμένη
1361 2548 1402 2567 τῶν
1411 2550 1495 2575 χρυ-ιω,
