1904 2840
130 218 251 250 merces?
265 217 409 248 promissio
423 218 483 247 vitae
492 225 605 247 aeternae.

135 268 187 288 nos
206 257 368 287 conduxit?
380 255 490 293 ld'est‚
506 258 592 286 Nemo
611 267 659 286 nos
678 257 786 295 docuit,
809 258 874 296 quin

27 304 119 334 ..πμ-ι.
130 299 203 326 Hoec
214 304 256 326 ese
274 298 338 326 vita
358 304 478 332 oeterna,
494 302 527 325 ut
548 304 724 336 cognoscant
739 304 766 326 te
779 299 874 327 solum

128 347 231 366 verum
240 337 345 373 Deum,
353 342 382 365 et
391 347 475 376 quern
487 338 591 365 misisti
598 337 702 367 Jesum
714 338 871 366 Christum.

25 375 67 400 'U‘-
82 384 119 407 ¹9·
129 376 222 405 Nemo
240 385 292 405 nos
306 376 457 412 conduxit,
472 375 564 405 dicens
579 387 587 405 ε
607 376 788 415 Quicumque
801 377 872 406 reli-

24 428 26 430 *
38 437 41 441 ›
129 417 224 455 querit
233 415 362 452 domum,
373 421 425 444 aut
434 415 555 451 villam,
562 421 614 444 aut
621 422 745 454 patrem,
755 423 805 445 aut
813 427 872 446 ma-

20 445 105 493 ffifm
129 461 211 492 trem,
219 461 272 484 aut
278 465 406 490 uxorem,
417 463 467 484 aut
475 455 564 494 filios,
573 457 738 495 centuplum
749 458 871 495 accipiet

16 500 26 526 ἕ
127 493 157 523 in
162 495 213 524 hoc
220 495 332 531 mundo,
340 502 368 523 et
375 495 402 523 in
407 495 499 524 futuro
506 496 599 523 vitam
607 497 871 535 ‹eternamposside-

42 538 65 561 Ιι.
74 537 118 568 μδ.
129 534 181 564 bit.
190 535 275 564 Nemo
282 545 330 564 nos
339 533 480 569 conduxit,
489 534 580 563 diceus
588 547 594 563 :
605 534 636 563 V
632 536 729 564 endite
735 545 800 575 quoe
805 545 871 574 pos·

126 574 238 609 sidetis,
250 581 279 604 et
289 575 358 604 date
371 574 597 611 eleemosynam,
611 580 640 602 et
651 574 793 604 habebitis
805 576 868 604 che-

125 621 246 643 saurum
265 616 298 643 in
318 613 400 643 coelo.
414 613 450 643 Et
463 620 536 650 nota,
550 613 678 652 quoniam
691 613 744 649 illi,
762 615 810 653 qui
821 621 869 643 aut

126 652 154 681 in
178 654 264 693 prima
287 654 352 683 hora
370 653 458 683 vocati
478 659 552 689 sunt,
566 653 652 682 autin
673 653 762 690 tertia,
775 653 820 683 vel
841 654 869 682 in

126 699 214 728 sexta,
228 693 272 723 vel
286 694 313 722 in
327 703 406 727 nona,
417 702 470 722 non
485 692 689 732 responderunt,
699 693 765 732 quia
775 694 869 722 Nemo

128 742 181 762 nos
195 734 346 765 conduxit.
361 733 462 762 Omnes
472 732 544 761 enim
557 732 599 761 illi
611 731 736 761 conducti
749 733 868 769 fuerunt,

126 778 153 801 et
165 772 317 802 habuerunt
337 771 457 802 notitiam
471 773 533 808 Dei,
548 778 574 800 et
591 772 728 800 sciverunt
742 772 792 801 Dei
806 783 869 813 pro-

125 811 218 841 missa.
233 813 332 842 Gentes
351 819 440 841 autem
453 811 516 840 solae
536 821 621 849 neque
634 812 723 840 Deum
742 812 870 847 sciebant,

126 861 212 890 neque
224 852 274 881 Dei
286 852 430 892 promissa,
444 850 505 881 ideo
516 850 706 880 excusabiliter
722 851 868 891 responde-

126 897 200 926 runt,
215 892 311 922 Nemo
322 902 375 921 nos
390 891 542 920 conduxit.
554 892 595 919 Et
614 891 690 919 dixit
707 893 748 920 eis
762 902 770 918 .·
782 893 829 920 Ite
842 898 870 920 et

125 941 181 962 vos
193 932 226 959 in.
238 933 358 961 vineam
378 941 483 966 meam,
497 936 526 959 et
544 931 624 969 quod
639 931 752 969 justum
764 932 867 970 fuerit,

125 971 203 1000 dabo
216 973 313 1000 vobis.
327 972 397 1001 Nota
411 970 474 1009 quia
488 980 550 999 cum
561 969 674 1010 *primis
687 970 751 999 solis
767 981 868 1000 convc-

125 1010 166 1039 nit
178 1020 191 1039 s
243 1010 250 1016 ‘
267 1011 328 1040 liter
340 1010 404 1040 dare
426 1010 579 1044 denarium,
592 1009 657 1038 istos
675 1016 764 1039 autem
777 1021 867 1040 omnes

124 1049 177 1079 sub
188 1054 288 1079 incerto
301 1057 378 1090 pacto
391 1049 532 1085 conduxit,
549 1049 578 1078 id
591 1056 640 1085 est,
659 1050 746 1088 Quod
755 1051 866 1089 justum

114 1090 225 1129 suerit.
238 1090 331 1119 Sciens
340 1090 411 1118 enim
425 1089 557 1118 Dominus
569 1089 632 1127 quia
646 1090 868 1128 praevaricaturus

124 1134 181 1158 erat
194 1128 292 1165 Adam,
306 1136 332 1158 et
345 1139 436 1158 omnes
449 1128 620 1170 postmodum
639 1129 667 1157 in
686 1125 793 1159 diluvio
806 1129 868 1158 fue-

125 1174 185 1198 rant
239 1168 329 1205 rituri,
346 1176 448 1198 certum
469 1175 576 1208 paetum
599 1168 661 1197 fecit
679 1168 714 1197 ad
738 1178 798 1198 eum
807 1191 815 1206 ,
835 1179 868 1198 ne

124 1178 238 1246 quandii²
250 1208 342 1238 dicant
364 1208 423 1238 ideo
436 1219 464 1238 se
484 1207 632 1246 neglexisse
646 1207 789 1248 justitiam,
804 1208 868 1247 quia

124 1246 276 1277 nesciebant
299 1259 360 1287 quae
382 1249 491 1288 praemia
511 1248 617 1278 fuerant
641 1248 783 1293 recepturi.
806 1248 868 1278 Istis

124 1292 214 1316 autem
231 1297 283 1316 non
302 1288 363 1318 fecit
376 1295 495 1328 pactum.
511 1287 648 1327 Benignus
666 1297 737 1316 enim
752 1288 867 1326 paterfa-

124 1326 214 1355 milias
226 1326 326 1357 sciebat
336 1328 486 1367 largitatem
497 1337 585 1362 suam,
598 1326 660 1364 quia
673 1333 777 1356 tantum
790 1337 868 1366 para-

123 1371 168 1394 tus
177 1366 378 1401 estretribuere‚
384 1374 514 1406 quantum
522 1365 678 1395 mercenarii
685 1365 803 1405 recipere
811 1376 867 1396 non

6 1323 25 1337 Ὠ

616 157 650 180 IN
676 157 887 182 MATTHAEUM.
915 154 1034 183 nomn.
1060 161 1181 185 XXXlV.

622 218 698 256 Quid
716 226 765 254 est,
779 220 873 250 Nemo
891 222 912 245 A

1595 155 1664 190 885

926 222 1009 259 piens
1021 232 1040 251 a
1049 225 1212 252 novissimis
1225 233 1316 263 usque
1325 225 1365 253 ad
1375 226 1494 264 primos.
1502 226 1592 263 Quare
1611 237 1664 257 non

928 270 942 288 a
957 261 1051 299 primis
1069 272 1154 300 usque
1165 263 1200 291 ad
1213 263 1382 300 novissimos,
1395 263 1574 304 sedprimum
1583 277 1598 295 a
1611 277 1664 296 no-

927 299 1064 330 vissimis?
1078 301 1200 339 Attende,
1208 303 1336 332 naturalis
1346 306 1385 333 est
1395 304 1577 334 ratio.0mnes
1588 316 1665 336 nam·

926 349 988 377 que,
1004 340 1051 378 qui
1066 347 1124 370 ante
1142 341 1287 372 adventum
1297 343 1398 372 Christi
1408 343 1526 380 fuerunt,
1540 346 1616 383 quasi
1626 355 1663 375 ex

925 379 1053 418 operibus
1065 380 1121 409 suis
1142 381 1204 410 facti
1223 388 1286 410 sunt
1297 382 1391 419 sancti,
1412 390 1502 421 gentes
1520 391 1609 414 autem
1625 396 1662 415 ex

923 418 1008 456 gratia
1020 419 1130 449 Christi.
1138 421 1249 461 Semper
1258 421 1384 451 libentius
1390 421 1493 461 aliquid
1503 423 1598 452 damus
1606 424 1660 460 his,

923 458 1023 495 quibus
1036 469 1085 498 pro
1108 459 1165 488 solo
1188 461 1289 489 honore
1311 468 1403 490 nostro
1426 464 1567 491 donamus.
1587 464 1661 503 Ergo

922 497 1048 527 omnibus
1064 499 1161 528 sanetis
1176 501 1248 529 Deus
1267 499 1381 529 reddens
1401 501 1560 537 mercedem,
1573 502 1661 542 justus

922 537 1087 574 ostenditur,
1110 539 1234 577 gentibus
1254 546 1344 567 autem
1365 539 1412 569 dat
1437 541 1658 579 misericordiam,

920 575 1024 605 dicente
1041 578 1160 616 apostolo
1176 589 1182 605 :
1207 579 1315 608 Gentes
1327 585 1425 608 autem
1447 590 1534 619 super
1547 583 1659 610 miseri·
1670 587 1810 619 Rom.15.9.

921 616 1022 644 cordia
1041 617 1187 646 honorare
1202 619 1307 647 Deum.
1329 620 1384 647 Aut
1403 626 1472 648 oerte
1486 627 1594 659 propter
1607 620 1660 650 de-

921 655 1119 685 monstrandam
1146 656 1301 686 immensam
1324 658 1536 687 misericordiam
1557 670 1633 688 suam
1650 683 1658 696 ‚

920 693 990 723 sicut
1015 702 1055 724 est
1078 696 1135 732 ibi,
1150 696 1197 725 ubi
1217 696 1255 725 ait
1279 697 1416 736 apostolus
1435 710 1441 727 ε
1464 699 1506 727 Et
1532 709 1584 728 nos
1610 702 1660 739 qui
1674 708 1809 737 1.1⁷hess.4.

921 735 1058 770 vivimus,
1074 737 1126 775 qui
1146 738 1354 773 remansimus,
1375 747 1434 766 non
1452 741 1660 776 praeveniemus
1674 737 1709 770 ¹4·

921 783 970 802 eoo·
983 776 1035 814 qui
1046 775 1234 806 dormierunt.
1249 776 1337 815 Magis
1359 776 1430 805 enim
1443 777 1591 806 secundum
1604 789 1661 807 rem

888 814 906 837 B
921 820 988 849 erat,
1000 821 1030 843 ut
1041 814 1118 854 prius
1130 815 1249 844 viventes
1261 816 1477 852 immutarentur,
1487 824 1576 856 postea
1589 828 1661 847 mor-

921 853 961 881 tui
974 861 1140 892 resurgerent
1153 854 1310 894 incorrupti.
1326 855 1380 885 Sed
1393 856 1457 894 quia
1469 866 1495 884 in
1507 863 1660 886 converten-

920 891 963 935 flis
975 893 1128 922 viventibus
1141 904 1194 923 una
1207 901 1246 923 est
1257 895 1353 932 virtus,
1369 895 1420 924 hoc
1433 896 1532 930 solum,
1541 895 1614 934 quod
1625 896 1660 925 ad

918 933 1144 962 immortalitatem
1168 940 1324 963 mutantur:
1351 935 1432 973 quod
1448 941 1537 964 autem
1560 936 1659 965 mortui

917 970 1066 1011 incorrupti
1079 980 1228 1012 resurgant,
1237 972 1292 1002 duo
1306 981 1368 1003 sunt
1379 985 1460 1014 opera
1470 996 1474 1001 .
1483 975 1584 1014 primo,
1595 975 1658 1013 quia

917 1018 1074 1051 rcsurgunt;
1089 1012 1205 1041 secundo
1217 1035 1223 1046 ,
1241 1012 1303 1051 quia
1326 1013 1433 1042 incorru
1456 1014 1476 1042 ti
1496 1021 1655 1053 resurgunt:

917 1059 980 1089 ergo
996 1058 1024 1080 ut
1041 1051 1162 1081 ostendat
1184 1053 1257 1086 Deus
1277 1024 1492 1084 inaestimabilem
1513 1054 1657 1093 potentiam

918 1099 1008 1126 suam,
1021 1090 1128 1129 quando
1139 1113 1147 1127 ,
1161 1091 1234 1130 quod
1253 1091 1448 1125 difficillimum
1466 1099 1522 1128 est,
1538 1100 1658 1122 mortuos

917 1130 1026 1159 suscitat
1039 1130 1216 1170 incorruptos,
1232 1137 1321 1171 postea
1337 1131 1455 1161 viventes
1466 1131 1597 1161 immutat.
1611 1133 1657 1163 Sic

918 1175 943 1196 et
966 1169 993 1198 in
1012 1170 1063 1199 hoc
1088 1171 1147 1199 loco
1168 1170 1316 1200 secundum
1337 1181 1394 1199 rem
1415 1170 1525 1209 quidem
1543 1179 1610 1207 erat,
1627 1179 1658 1202 ut

918 1208 1000 1247 primi
1015 1210 1116 1249 priores
1133 1210 1281 1250 acciperent
1294 1220 1370 1239 suam
1383 1210 1531 1240 mercedem
1544 1222 1550 1239 :
1567 1211 1615 1240 sed
1629 1218 1658 1240 ut

918 1248 1039 1278 ostendat
1063 1251 1141 1279 Deus¹
1156 1249 1320 1278 ineffabilem
1337 1249 1548 1279 misericordiam
1568 1261 1655 1287 suam,

918 1287 1036 1326 primum
1050 1288 1204 1318 novissimis
1222 1296 1248 1318 et
1261 1288 1460 1328 indignioribus
1482 1289 1570 1318 reddit
1583 1301 1658 1319 mer-

918 1326 1020 1363 cedem,
1033 1335 1122 1368 postea
1144 1328 1239 1374 primis
1252 1339 1259 1356 =
1276 1327 1344 1357 sicut
1361 1328 1419 1358 illic
1433 1329 1550 1368 potentia
1563 1329 1658 1359 immu-

918 1365 1062 1397 tandorum
1083 1367 1224 1397 hominum
1241 1367 1357 1396 exclusit
1369 1367 1502 1404 ordinem,
1518 1368 1554 1397 ita
1574 1376 1600 1398 et
1611 1369 1658 1398 hie

123 1405 274 1444 sperabant.
287 1407 328 1435 De
339 1406 402 1436 dato
415 1407 488 1436 enim
501 1406 560 1446 ejus
572 1415 650 1434 nemo
657 1405 730 1444 juste
742 1416 866 1436 murmu-
883 1409 902 1434 C
917 1405 1001 1435 nimia
1021 1407 1205 1436 misericordia
1227 1406 1350 1436 ordinem
1372 1417 1425 1436 non
1450 1408 1564 1447 aspexit.
1584 1409 1658 1437 Cum

123 1450 176 1479 rat,
189 1445 253 1482 quia
270 1446 387 1486 amplius
403 1445 461 1482 dat,
473 1457 555 1484 quam
566 1445 653 1474 omnis
667 1446 747 1474 homo
758 1445 864 1475 deside-

124 1490 176 1513 rat.
186 1484 260 1513 Cum
269 1492 367 1514 autem
375 1485 680 1527 serosactumfuisset,
690 1486 762 1514 dicit
770 1486 866 1521 domi·

125 1532 178 1552 nus
199 1525 296 1553 vineoe
312 1527 493 1563 procuratori
514 1535 566 1554 suo
583 1537 592 1553 :
608 1525 687 1553 Voca
707 1527 863 1563 operarios,

124 1569 152 1591 et
163 1563 252 1591 redde
263 1563 324 1592 illis
338 1565 505 1602 mercedem,
515 1565 657 1602 incipiens
670 1574 689 1592 a
703 1565 866 1593 novissimis

123 1610 216 1640 usque
225 1602 267 1630 ad
271 1605 392 1639 primos.
402 1603 547 1633 Considera
557 1603 620 1641 quia
629 1613 700 1637 sero,
710 1613 762 1632 non
776 1609 865 1632 autem

124 1650 202 1669 mane
215 1641 303 1670 reddit
314 1642 473 1672 mercedem.
489 1643 562 1681 Ergo
575 1641 665 1671 adhuc
676 1649 758 1671 stante
768 1642 866 1672 saeculo

124 1679 175 1708 isto
182 1679 312 1710 'udicium
320 1689 359 1711 est
371 1683 504 1718 futurum,
514 1688 540 1711 et
550 1681 695 1720 unicuique
705 1692 804 1711 merces
817 1693 866 1712 sua

123 1718 170 1747 red
191 1720 269 1749 enda.
284 1722 396 1761 Propter
413 1722 481 1751 duas
492 1721 608 1750 rationes
624 1720 759 1760 judicium
773 1722 800 1750 in
813 1721 865 1752 hoc

123 1759 222 1788 seculo
234 1760 273 1789 iit.
286 1760 420 1797 Primum,
431 1762 494 1800 quia
508 1761 566 1789 illic
579 1760 587 1789 i
609 1771 638 1789 sa
650 1760 787 1800 beatitudo
799 1771 864 1791 ven-

122 1805 184 1827 tura
198 1798 206 1827 i
227 1810 255 1828 sa
268 1806 308 1829 est
326 1811 425 1830 merces
440 1800 554 1830 'ustitiae.
570 1801 583 1829 1
603 1810 634 1828 eo
647 1810 699 1829 non
715 1800 742 1829 in
755 1801 804 1830 illo
817 1811 866 1830 sae-

123 1837 186 1866 culo
198 1810 228 1866 lii
237 1838 384 1878 judicium,
399 1812 446 1869 sed
455 1847 515 1869 ante
529 1839 609 1869 illud.
627 1839 734 1869 Deinde
747 1846 808 1869 ante
818 1840 865 1869 ad-

123 1884 235 1906 ventum
257 1878 312 1908 diei
331 1879 406 1909 illius
420 1880 590 1919 praemittitur
610 1879 745 1924 judicium
755 1901 762 1915 ,
776 1890 809 1909 ne
823 1880 865 1909 vi-

123 1914 204 1945 deant
214 1925 362 1956 peccatores
380 1918 572 1948 beatitudinem
591 1918 645 1948 diei
660 1919 746 1952 illius,
761 1918 865 1948 dicente

67 1961 105 1986 26.
125 1956 272 1995 propheta:
293 1958 428 1988 Tollatur
446 1960 566 1997 impius,
580 1969 617 1989 ne
628 1959 731 1987 videat
741 1957 865 1998 gloriam

125 1995 195 2024 Dei.
215 1997 296 2025 Dicit
320 1999 504 2036 procuratori
524 2007 587 2027 suo.
610 1998 661 2027 Cui
675 1998 864 2037 procuratori?

125 2034 190 2064 Sine
212 2034 297 2064 dubio
324 2037 412 2068 Filius
439 2037 505 2066 dicit
524 2037 640 2076 Spiritui
663 2044 764 2066 sancto.
781 2038 816 2067 Et
841 2038 864 2067 si

7 2085 9 2087 ¹
32 2081 115 2099 cum
126 2074 255 2112 volueris,
268 2076 384 2106 concedo
390 2077 440 2106 tibi
450 2084 481 2106 ut
490 2078 567 2106 Pater
575 2076 647 2106 Filio
656 2077 738 2106 dicat.
753 2076 774 2115 ἦ·
784 2078 864 2115 [Non

0 2088 75 2174 kal-12
94 2117 117 2137 in
127 2124 217 2152 quaero
231 2121 322 2146 utrum
334 2116 419 2146 Filius
429 2116 463 2146 sit
473 2116 559 2146 Patris
572 2123 739 2155 procurator,
748 2123 794 2146 aut
804 2117 865 2156 Spi-

0 1965 39 2031 ζα.

0 2045 9 2083 ἰ

0 2154 96 2207 '¹:¹35
128 2153 196 2182 ritus
208 2162 315 2185 sanctus
330 2155 394 2184 Filii
407 2166 413 2182 :
426 2155 472 2187 sed
487 2156 537 2187 hoc
550 2155 621 2190 dico,
652 2155 695 2184 uia
709 2163 866 2195 procurator

31 2186 72 2230 „¹22
127 2191 235 2227 domus,
250 2200 276 2222 et
295 2195 495 2234 paterfamilias,
509 2205 559 2224 nec
573 2166 693 2234 ejusdem
712 2195 865 2224 substantiae

0 2239 45 2268 με
84 2244 118 2262 21-
128 2238 241 2271 possunt
259 2244 326 2269 esse,
342 2243 391 2262 nec
412 2244 466 2262 una
480 2244 591 2273 persona
614 2244 681 2270 esse,
696 2244 744 2264 nec
756 2235 870 2273 aequalis

0 2270 100 2300 hiotege.
127 2271 256 2310 dignitas.
266 2273 296 2303 Si
309 2283 372 2312 ergo
386 2273 452 2301 alter
471 2273 670 2312 paterfamilias,
685 2273 752 2302 alter
767 2284 864 2313 procu-

126 2319 200 2342 rator
208 2313 416 2353 patrisfamilias,
428 2311 563 2350 quomodo
576 2312 666 2343 locum
679 2313 866 2342 habeather-

127 2353 197 2382 nitas
206 2353 272 2382 tua?
284 2353 307 2382 si
321 2359 410 2382 autem
422 2351 541 2392 ejusdem
555 2352 708 2381 substantiae
719 2352 766 2381 iste
780 2359 829 2388 est,
840 2359 866 2382 et

128 2399 168 2422 est
180 2392 276 2427 minor,
290 2392 418 2432 injuriam
435 2391 497 2420 facit
510 2390 662 2420 substantiae
678 2401 684 2418 ε
699 2391 722 2420 si
735 2402 798 2421 vero
814 2402 867 2421 non

129 2433 240 2470 aequalis
254 2433 381 2473 dignitas,
396 2432 444 2461 ubi
461 2438 500 2461 est
514 2441 566 2460 una
586 2431 751 2461 substantia?
764 2433 777 2470 J
790 2433 868 2462 Inci-

164 2532 174 2542 τ·
192 2524 222 2548 V.
236 2525 266 2549 D.
275 2526 363 2558 primis
372 2526 459 2550 sOIuM.

291 2574 364 2594 Tou.
387 2575 431 2595 Vl.

882 1997 900 2020 l!

920 1447 1068 1476 venissent
1082 1453 1179 1475 autem
1198 1448 1249 1485 qui
1262 1448 1341 1475 circa
1356 1447 1540 1475 undecimam
1555 1449 1658 1478 horam

918 1492 1072 1522 venerant,
1087 1492 1262 1524 acceperunt
1280 1486 1412 1524 singulos
1431 1486 1576 1516 denarios.
1599 1487 1656 1515 Ve-

919 1525 1031 1553 nientes
1049 1531 1146 1553 autem
1170 1531 1199 1553 et
1220 1525 1318 1562 primi,
1336 1525 1467 1553 arbitrati
1489 1532 1558 1554 sunt
1577 1527 1658 1565 quod

915 1563 983 1601 plus
995 1571 1090 1592 essent
1098 1565 1245 1602 accepturi
1253 1575 1262 1591 .-
1274 1569 1445 1600 acceperunt
1456 1570 1554 1592 autem
1565 1571 1593 1593 et
1601 1566 1657 1602 ipsi

918 1603 1048 1641 singulos
1062 1603 1208 1631 denarios.
1226 1603 1283 1631 Non
1309 1602 1415 1641 injuste.
1438 1604 1507 1632 Nam
1520 1609 1546 1631 et
1569 1604 1656 1642 quiin

918 1642 1004 1681 prima
1025 1649 1099 1681 parte
1119 1641 1209 1671 saeculi
1229 1648 1306 1670 natus
1320 1648 1369 1677 est,
1383 1651 1436 1670 non
1457 1642 1574 1681 amplius
1588 1643 1657 1672 vixit

917 1691 998 1718 quam
1011 1688 1142 1710 statutum
1156 1687 1260 1720 tempus
1272 1681 1334 1710 vitae
1348 1690 1412 1709 suae.
1425 1682 1461 1710 Et
1474 1681 1542 1719 quid
1553 1681 1594 1710 illi
1608 1693 1657 1711 no-

918 1720 984 1756 cuit,
998 1721 1022 1750 si
1034 1727 1095 1760 post
1105 1721 1181 1749 illius
1198 1720 1301 1749 exitum
1320 1720 1392 1749 stetit
1406 1720 1545 1749 mundus?
1563 1722 1598 1751 Et
1609 1722 1658 1760 qui

918 1759 988 1789 circa
1008 1760 1088 1790 finem
1112 1766 1274 1795 nascuntur,
1296 1769 1348 1788 non
1373 1759 1462 1789 minus
1481 1760 1588 1798 vivunt,
1604 1761 1656 1790 nisi

917 1800 1009 1837 quanti
1033 1799 1089 1828 dies
1106 1799 1239 1829 numerati
1252 1806 1315 1828 sunt
1330 1799 1380 1827 eis.
1393 1799 1429 1828 Et
1443 1799 1509 1837 quid
1522 1800 1578 1829 illis
1590 1810 1657 1839 pro-

917 1839 975 1868 dest
987 1839 1023 1868 ad
1033 1838 1222 1879 compendium
1236 1838 1346 1873 laboris,
1362 1838 1383 1867 si
1398 1839 1452 1867 cito
1466 1838 1583 1877 mundus
1596 1840 1656 1869 fini-

916 1885 971 1915 tur,
985 1889 1047 1908 cum
1059 1879 1149 1917 ipsum
1197 1888 1274 1907 nsum
1291 1878 1352 1907 vitae
1365 1887 1419 1906 suae
1432 1878 1582 1918 compleant
1594 1886 1655 1908 ante

916 1918 1069 1948 mundum?
1084 1917 1151 1947 Dein
1172 1929 1187 1947 e
1206 1918 1228 1947 si
1248 1917 1275 1946 in
1297 1917 1414 1946 hominis
1439 1924 1507 1946 esset
1526 1919 1654 1957 potentia,

916 1957 1022 1996 quando
1035 1963 1196 1993 nasceretur,
1206 1957 1282 1996 prius
1291 1963 1338 1985 aut
1350 1963 1440 1996 postea
1454 1969 1459 1985 :
1470 1956 1543 1996 justa
1555 1958 1656 1987 ratione

916 1998 1032 2037 primam
1045 1996 1156 2026 habebit
1169 1996 1317 2026 mercedem
1325 1995 1373 2034 qui
1383 1996 1459 2035 prius
1473 1996 1654 2033 nasci‘voluit,

917 2036 1061 2066 secundam
1074 2042 1162 2065 autem
1175 2036 1222 2075 qui
1237 2042 1327 2075 postea
1337 2035 1409 2064 venit
1420 2035 1454 2064 ad
1469 2035 1550 2064 vitam
1560 2048 1569 2072 3
1585 2045 1657 2065 nune

916 2083 1005 2106 autem
1016 2086 1078 2105 cum
1091 2077 1119 2110 ‚in
1139 2076 1190 2112 Dei
1204 2075 1239 2104 sit
1251 2081 1388 2115 potestate,
1400 2074 1507 2113 quando
1521 2075 1657 2104 hominem

917 2115 1047 2155 producat
1059 2115 1086 2144 in
1099 2113 1242 2151 mundum,
1258 2125 1306 2143 nec
1320 2114 1366 2143 ille
1379 2114 1431 2143 sibi
1442 2114 1558 2153 priorem
1568 2115 1656 2144 hono-

916 2165 973 2184 rem
986 2154 1127 2184 defendere
1138 2153 1227 2190 debet,
1240 2153 1289 2192 qui
1307 2154 1383 2193 prius
1395 2160 1473 2183 natus
1484 2161 1534 2189 est,
1549 2163 1596 2183 nec
1609 2154 1656 2182 ille

911 2194 1125 2224 ‘contemtibilior
1138 2193 1217 2222 debet
1229 2203 1294 2238 esse,
1303 2194 1351 2231 qui
1362 2200 1462 2232 postea.
1478 2193 1551 2222 Dicit
1565 2193 1635 2222 enim
1646 2204 1654 2221 ε

918 2235 953 2264 Et
960 2234 983 2263 si
993 2244 1035 2263 me
1042 2234 1118 2273 prius
1125 2240 1324 2272 creasset,prior
1331 2233 1602 2271 eram.Accipientes
1610 2235 1669 2260 att-⁴

920 2281 975 2302 tem
987 2279 1238 2306 murmuraverunt
1247 2273 1384 2301 adversus
1400 2271 1656 2311 patremfamilias,

918 2314 1045 2342 dicentes
1056 2323 1065 2339 .·
1083 2313 1227 2351 Quoniam
1243 2312 1275 2340 hi
1289 2312 1438 2339 novissimi
1461 2320 1521 2338 una
1544 2315 1658 2337 tantum

919 2353 992 2382 hora
1000 2352 1145 2391 fecerunt,
1161 2358 1189 2380 et
1203 2351 1330 2390 aequales
1352 2350 1420 2378 illos
1443 2350 1524 2377 nobis
1541 2348 1656 2387 fecisti,

919 2394 970 2432 qui
976 2393 1156 2431 portavimus
1162 2391 1276 2431 pondus
1285 2390 1354 2422 diei,
1362 2395 1389 2417 et
1401 2394 1485 2416 oestus
1493 2390 1506 2414 Ρ
1522 2386 1554 2416 Si
1562 2397 1658 2417 verum

918 2438 957 2461 est
971 2431 1044 2471 quod
1057 2431 1188 2467 diximus,
1198 2429 1260 2468 quia
1275 2434 1301 2457 et
1314 2427 1355 2456 illi
1368 2437 1449 2455 suum
1463 2433 1570 2465 tempus
1582 2427 1658 2457 vixe-

941 2526 954 2545 Ι)
973 2525 1001 2549 V.
1015 2524 1044 2549 D.
1062 2523 1180 2547 Trinitas,
1466 2559 1482 2586 5

1486 2584 1496 2597 l
