1890 2826
206 132 272 167 >108
893 142 1066 166 montrum.

202 204 348 235 obtinebat.
361 205 454 234 Fortes
467 211 556 234 autem
566 204 610 233 hic
623 204 691 234 dicit
707 213 760 234 non
773 213 884 245 corpore
897 215 948 234 ro-
1000 205 1128 244 μεγάλους
1141 205 1234 246 φησὶν,
1250 206 1318 236 ἀλλὰ
1333 205 1449 240 καὶτοὺς
1461 208 1488 236 ἐν
1508 209 1540 247 τῇ
1553 208 1607 236 τῶν
1625 207 1772 248 χρημάτων

202 252 307 288 hastos,
318 251 367 281 sed
384 262 430 281 eos
447 251 494 290 qui
517 251 692 291 pecuniarum
715 251 803 292 copia,
816 259 843 281 et
856 251 949 292 gloriae
999 251 1151 292 περιουσίᾳ,
1169 251 1214 282 καὶ
1232 253 1266 292 τῇ
1286 254 1334 289 τῆς
1355 251 1430 288 δόξης
1453 253 1619 294 περιφανείᾳ.
1641 253 1707 283 Ἐὰν
1720 254 1772 293 γὰρ

202 297 346 338 splendore
361 297 500 338 conspicui
517 304 601 326 erant.
614 297 645 327 Si
664 298 743 327 enim
761 299 865 327 iterum
877 308 950 338 proe-
1001 297 1081 327 πάλιν
1103 297 1245 338 ῖσχύσητε,
1268 298 1349 339 φησὶ,
1373 299 1454 328 πάλιν
1468 299 1668 336 ἡττηθήσεσθε,
1681 299 1726 329 καὶ
1739 299 1774 334 ἣν

207 345 368 381 valueritis,
385 343 485 383 inquit,
499 345 603 373 iterum
624 345 796 374 vincemini.
808 345 850 374 Et
860 345 952 383 quod-
1003 343 1036 372 ἂν
1049 342 1223 382 βουλεύσησθε
1239 344 1345 383 βουλὴν,
1362 345 1530 375 διασκεδάσει
1544 345 1654 386 Κύριος,
1667 345 1714 375 καὶ
1726 345 1772 375 λό-

204 401 328 431 cumque
351 392 506 421 consilium
522 392 661 429 inieritis,
681 392 835 431 dissipabit
849 392 951 421 Domi·
1002 400 1049 428 γον
1060 388 1088 418 ὃν
1099 389 1144 419 ἐὰν
1156 389 1300 426 λαλήσητε,
1314 391 1344 419 οὐ
1355 390 1392 429 μὴ
1407 390 1520 431 ἐμμείνῃ
1535 392 1562 420 ἐν
1578 393 1650 430 ὑμῖν,
1662 390 1703 421 ὅτι
1714 393 1771 430 μεθ’
1788 401 1791 405 “

204 448 278 468 nus:
289 444 318 467 et
333 440 454 468 verbum
469 438 673 478 quodcumque
691 439 806 478 loquuti
816 438 949 479 fueritis,
966 445 984 469 Β
1002 436 1079 474 ἡμῶν
1098 435 1206 482 δΫΘεός.
1227 436 1339 472 Ἐπειδὴ
1359 437 1463 477 πονηρὰ
1482 439 1546 477 παρ’
1561 439 1650 471 αὐτοῖς
1659 433 1692 474 ἦν
1708 439 1773 478 βου-

205 495 266 514 non
286 484 414 514 manebit
433 488 465 513 in
483 486 578 520 vobis,
603 485 675 524 quia
693 485 842 514 nobiscum
856 485 948 514 Deus.
1001 482 1131 520 λεύματα,
1145 481 1191 511 καὶ
1200 482 1367 522 προσεδόκων
1380 483 1429 519 τὴν
1442 482 1519 512 πόλιν
1533 483 1615 520 αὐτὴν
1625 484 1657 513 ἐκ
1669 482 1774 524 βάθρων

204 531 276 568 Quia
287 531 357 560 mala
369 530 443 571 apud
452 541 497 560 eos
506 537 581 560 erant
590 530 714 569 consilia,
728 538 754 561 et
766 531 909 571 sperabant
922 542 950 561 se
1002 530 1179 565 ἀνασπᾶσθαι,
1193 528 1239 558 καὶ
1250 528 1332 562 οὕτως
1347 529 1437 559 οἴκαδε
1451 529 1660 566 ἀπελεύσεσθαι,
1679 529 1725 559 καὶ
1739 530 1773 560 τὰ

205 577 301 606 urbem
311 577 417 617 ipsama
424 576 605 606 fundamentis
614 576 793 606 demolitums
801 588 868 614 esse,
875 585 901 607 et
911 578 950 608 sic
1003 574 1170 614 βουλεύματα
1190 575 1277 604 αὖτῶν
1299 577 1314 604 ὅ
1337 575 1476 616 προφήτης
1488 577 1525 610 εἷς
1540 576 1620 616 μέσον
1640 576 1714 616 ἄγει,
1728 576 1774 606 καί

205 623 317 652 domum
332 633 496 658 reversuros,
506 622 617 652 consilia
632 622 761 652 eorumin
769 623 890 653 medium
903 624 951 653 ad·
1002 631 1080 660 φησι·
1103 619 1182 661 μέχρῑ
1202 622 1254 650 τῶν
1276 621 1402 660 ῥημάτων
1424 621 1530 652 ἅπαντα
1551 622 1689 658 στήσεται.
1703 617 1773 652 Εἶτα

205 668 282 702 ducit
298 669 430 710 propheta
439 675 465 698 et
478 669 526 705 ait,
539 669 684 699 verborum
705 676 782 699 tenus
804 670 894 700 omnia
907 681 951 700 re·
1003 665 1094 703 ἐπειδὴ
1107 665 1252 706 πράγματα
1265 666 1412 706 ἀπήγγειλε
1421 667 1498 707 φύσιν
1512 668 1678 708 ἀνθρωπίνην
1690 669 1773 708 ὓπερ-

205 725 331 744 mansura
343 725 411 744 esse.
422 714 525 744 Deinde
536 715 599 754 quia
614 725 655 744 res
666 715 841 745 annuntiabat
854 715 951 746 huma·
1003 711 1136 747 ὅαίνοντα,
1150 711 1299 746 ἀξιόπιστον
1314 714 1397 742 ποιῶν
1406 713 1451 742 τὸν
1462 713 1555 753 λόγον,
1569 713 1613 743 ἐπὶ
1626 713 1657 743 τὸ
1669 713 1774 753 ἀξίωμα

206 771 268 790 nam
283 768 406 791 naturam
424 768 590 801 superantes,
609 768 638 790 ut
651 761 706 792 fide
719 761 833 801 dignum
848 772 951 792 sermo-
1002 761 1048 788 τοῦ
1061 760 1247 799 κατορθοῧὴτῠς
1266 758 1426 799 καταφεύγει
1442 760 1576 799 συνεχῶς,
1591 759 1690 799 λέγων,
1707 759 1772 790 Ὅτι

205 818 267 837 nem
281 808 407 838 exhibeat
417 830 426 844 ,
444 807 480 837 ad
500 807 657 847 dignitatem
671 809 800 848 praeclare
817 810 951 849 operantis
1003 803 1062 842 μεθ’
1073 806 1149 843 ἡμῶν
1163 805 1177 833 ὁ
1189 804 1272 842 Θεὸς,
1284 805 1329 834 καὶ
1345 805 1386 834 ὅτι
1398 804 1474 838 αὒτὸς
1490 805 1595 835 ἅπαντα
1617 808 1700 835 ταῦτα
1715 806 1772 835 δια-

205 855 357 893 l'requenter
365 853 485 894 confugit
491 853 593 892 dicens,
608 855 687 894 Quia
696 857 848 885 nobiscum
856 857 949 892 Deus,
1003 849 1125 879 σκδδάσέῑ
1137 849 1171 880 τὰ
1186 850 1376 890 μηχανήματα·
1392 853 1403 866 “
1413 850 1479 880 σΟὟ-’ῑ
1492 852 1564 891 αὖτῷ
1578 854 1595 887 ἦ
1611 851 1681 886 δόξα·

206 907 232 929 et
240 900 303 939 quia
310 899 368 930 haec
376 900 466 929 omnia
479 900 690 930 machinamenta
702 900 855 941 dissipabit.
873 903 950 939 Quo-
1125 908 1132 911 ”

207 946 279 975 niam
294 946 346 986 ipsi
358 946 455 986 gloria.

239 1045 250 1056 ·
273 1043 444 1071 Μηχανήματα.
462 1038 518 1062 Huc
538 1036 631 1063 desinit
656 1037 776 1069 savinus,
797 1045 823 1064 et
838 1036 970 1065 asteriscos
1018 1046 1068 1071 tur,
1081 1041 1267 1073 ignoraturque,
1276 1047 1394 1073 quorsum
1406 1039 1770 1075 processeritChrysostomus.

207 1075 308 1109 adjicit,
321 1077 392 1109 quasi
403 1075 506 1101 homilia
518 1077 550 1102 sit
562 1076 659 1103 mutila.
674 1078 709 1102 Ac
727 1086 784 1102 vere
800 1077 888 1104 mutila
901 1078 969 1105 vide-

773 1280 1185 1354 MONITUM

650 1431 716 1468 AD
751 1421 1020 1469 HOM1L1AS
1058 1434 1113 1470 1N
1149 1434 1341 1480 oziAM,

795 1561 867 1590 SEU
888 1560 938 1590 DE
959 1560 1141 1592 SERAPHIN
1143 1562 1186 1592 IS.

247 1668 288 1697 Ad
302 1668 434 1698 Homilias
455 1668 482 1696 in
503 1667 597 1697 Oziam
616 1667 672 1697 haec
686 1673 759 1697 notat
773 1667 904 1697 Henricus
918 1667 1055 1706 Savssius,
1068 1668 1154 1698 Tomo
1165 1669 1195 1705 8,
1210 1670 1237 1698 in
1251 1669 1321 1699 notis
1332 1670 1385 1700 col.
1403 1670 1481 1700 722.-
1498 1683 1513 1699 α
1524 1671 1568 1701 Ex
1586 1672 1630 1701 his
1652 1673 1772 1713 quinque

205 1715 399 1745 Orationibus
392 1725 420 1744 in
430 1715 520 1745 otiam
532 1715 676 1755 Catalogus
691 1716 876 1760 Augustanus,
893 1727 969 1746 num.
993 1717 1043 1753 50,
1065 1718 1115 1754 51,
1140 1718 1191 1755 52,
1213 1719 1264 1755 55,
1284 1717 1404 1758 agnoscit
1416 1725 1541 1757 quatuor,
1555 1719 1606 1749 hoc
1619 1727 1667 1757 est,
1681 1722 1771 1751 demta

204 1769 300 1801 quarta
314 1770 422 1791 caeteras
433 1771 536 1791 omnes.
551 1762 585 1791 Et
597 1769 660 1791 sunt
672 1754 854 1801 proculdubio
867 1773 959 1793 omnes
973 1763 1090 1802 γνήσιαι.
1107 1764 1228 1793 Primam
1240 1764 1310 1794 hanc
1321 1764 1365 1794 his
1386 1764 1486 1794 editam
1507 1767 1599 1795 Romae
1613 1767 1772 1798 emendavi-

203 1820 264 1838 inus
277 1820 311 1838 ex
323 1817 439 1848 quatuor
455 1808 563 1848 scriptis
579 1808 737 1846 Codicibus,
753 1819 870 1848 quorum
885 1813 990 1850 primus
1007 1810 1058 1840 fuit
1076 1810 1229 1851 interpretis
1250 1811 1364 1847 Erasini,
1389 1818 1415 1841 et
1425 1822 1497 1842 nunc
1510 1813 1590 1842 estin
1605 1813 1771 1844 Bibliotheca

203 1854 394 1884 Universitatis
403 1854 565 1884 Oxoniensis
577 1866 584 1883 ε
599 1854 733 1884 sccundus
746 1865 780 1884 ex
795 1855 963 1886 Bibliotheca
975 1856 1091 1896 Collegii
1104 1856 1176 1886 Novi
1186 1857 1348 1887 Oxoniensis
1358 1865 1480 1897 promtus
1495 1871 1501 1887 :
1513 1859 1608 1889 tertius
1621 1871 1656 1889 ex
1668 1860 1772 1889 Biblio—

202 1901 277 1929 theca
291 1899 481 1930 Universitatis
495 1899 741 1939 Cantabrigiensis.
755 1907 867 1939 quartus
878 1901 946 1931 mihi
959 1913 974 1931 a
987 1902 1144 1932 doctissimo
1159 1903 1308 1932 Croshavio
1331 1904 1533 1941 commodatus;
1548 1905 1678 1935 adhibitis
1690 1906 1772 1936 etiam

202 1947 238 1982 Q.
251 1944 375 1985 Septimii
387 1944 522 1974 Florentis
533 1944 691 1982 Christiani,
704 1946 759 1976 viri
772 1946 866 1976 multis
879 1948 1035 1978 nominibus
1054 1949 1114 1978 orbi
1128 1948 1282 1979 Christiano
1295 1950 1363 1986 noti,
1377 1950 1523 1990 ingeniosis
1536 1958 1562 1981 et
1575 1951 1662 1981 doctis
1677 1953 1771 1992 conje-

201 1992 305 2021 cturis.
319 2002 381 2020 nam
393 1991 473 2020 libris
487 1992 570 2027 Mss„
585 1998 616 2020 ut
628 1992 748 2030 videtur,
766 2004 877 2033 prorsus
890 1994 1094 2025 destituebatur.
1109 1997 1193 2025 Porro
1203 1995 1270 2025 sciat
1281 1995 1386 2026 lector
1378 2007 1406 2026 in
1429 1998 1554 2027 omnibus
1567 1999 1620 2028 sere
1634 1998 1771 2028 illustrio-

201 2037 277 2067 1ibus
288 2037 462 2067 bibliothecis
475 2036 559 2066 Italiae
573 2043 599 2066 et
611 2037 641 2066 in
654 2038 739 2078 Regia
751 2039 864 2068 Lutetiae
878 2041 990 2080 repetiti
1000 2041 1070 2071 inter
1083 2041 1270 2081 Chrysostomi
1282 2041 1468 2082 Manuscripta
1481 2043 1584 2072 librum
1598 2044 1771 2083 inscriptum,

201 2084 391 2125 Χρυσοστόμου
413 2084 596 2125 μαργαρίταις
612 2084 661 2124 qui
675 2085 761 2115 codex
773 2086 843 2116 nihil
857 2087 933 2117 aliud
948 2089 1075 2122 continet,
1087 2099 1168 2127 quam
1179 2089 1334 2128 συναγωγὴν
1344 2089 1488 2128 quamdam
1503 2090 1709 2120 lectissimarum
1725 2094 1772 2127 (ut

199 2141 253 2171 ipsi
262 2143 408 2170 συναγωγει
430 2130 520 2161 visum
534 2137 586 2168 est,
598 2141 650 2161 non
663 2132 752 2171 magni
767 2132 867 2172 judicii
878 2133 950 2170 viro,
966 2134 1056 2174 utqui
1075 2134 1201 2174 pleraque
1221 2134 1370 2174 collegerit,
1387 2135 1457 2164 inter
1470 2146 1519 2165 sua
1531 2136 1688 2176 margarita,
1704 2137 1770 2166 sub-

198 2178 273 2207 fusca
286 2189 316 2208 ac
325 2178 452 2214 liventia)
475 2177 627 2207 orationum
647 2177 856 2218 chrysostomi.
872 2191 926 2219 quo
939 2182 966 2209 in
978 2191 1089 2211 numero
1112 2187 1174 2211 sunt
1188 2181 1230 2210 hae
1250 2181 1370 2221 quinque
1382 2182 1410 2211 in
1424 2183 1530 2219 Oziam,
1545 2193 1593 2212 sex
1617 2190 1710 2212 contra
1720 2185 1771 2214 Ju-

198 2225 281 2262 doeos,
294 2231 320 2254 ct
331 2224 390 2253 aliae
405 2223 440 2253 ad
451 2225 502 2260 70,
525 2225 569 2254 vel
587 2225 627 2255 80
646 2235 774 2264 numero;
790 2237 856 2265 quas
875 2238 966 2257 omncs
988 2228 1044 2258 suis
1065 2228 1131 2258 locis
1147 2229 1408 2281 repraesentabimus.
1426 2229 1509 2266 Quod
1530 2229 1665 2259 monuisse
1684 2241 1772 2270 opcrae

198 2270 316 2309 pretium
330 2270 392 2305 fuit,
407 2280 440 2299 ne
451 2270 512 2309 quis
526 2270 554 2300 in
567 2271 643 2300 illam
654 2271 809 2311 συναγωγὴν
823 2272 955 2309 incidens,
972 2274 1077 2313 aliquid
1090 2275 1154 2304 novi
1166 2285 1195 2304 se
1207 2281 1283 2314 putet
1297 2275 1437 2314 reperisse.

238 2318 371 2347 Hactenus
383 2314 517 2352 Savilius,
530 2317 579 2356 qui
592 2325 663 2347 recte
673 2318 800 2348 observat
812 2320 946 2350 Homilias
959 2321 1021 2350 illas
1035 2329 1150 2360 quatuor
1163 2322 1191 2351 in
1202 2321 1320 2352 Oziam'
1312 2331 1340 2351 in
1355 2322 1484 2361 catalogo
1508 2324 1675 2362 Augustam,
1691 2333 1771 2362 quem

197 2363 323 2393 dedimus
339 2363 426 2392 Tomo
440 2364 470 2399 1,
482 2363 599 2415 13841,
624 2371 795 2402 memoratas,
819 2376 876 2395 esse
897 2366 1024 2406 primam,
1047 2366 1201 2404 secundam,
1221 2367 1327 2396 tertiam
1348 2374 1373 2396 et
1383 2367 1524 2407 quintam;
1543 2367 1615 2397 unde
1636 2367 1769 2406 sequitur,

197 2416 319 2447 quartam
332 2408 358 2437 in
370 2409 440 2448 ejus,
451 2409 499 2448 qui
512 2409 671 2448 Catalogum
683 2411 785 2440 illum
773 2422 831 2452 Jam
851 2412 919 2442 olim
937 2413 1116 2448 concinnavit,
1136 2413 1284 2453 exemplari
1303 2423 1356 2443 non
1376 2414 1469 2451 fuisse,
1492 2421 1538 2444 aut
1559 2414 1654 2444 saltem
1666 2413 1768 2443 nonibi

197 2455 278 2485 fuisse
299 2454 393 2485 eodem
413 2455 528 2495 positam
546 2455 652 2485 ordine.
676 2458 800 2497 Vercque
817 2458 987 2498 exploratum
1004 2466 1053 2497 est,
1078 2460 1158 2489 hasce
1177 2459 1302 2489 homilias
1314 2469 1367 2489 non
1378 2470 1436 2489 esse
1446 2470 1539 2490 omnes
1552 2471 1584 2490 eo
1597 2459 1703 2496 ordine,
1715 2470 1768 2498 quo

161 2505 184 2524 ’Δί
197 2501 221 2529 li
224 2501 293 2530 nbitae
303 2507 374 2535 sunt,
387 2501 497 2541 positas.
511 2501 600 2531 Prima
615 2502 687 2532 enim
698 2514 759 2533 cum
771 2504 887 2534 secunda
905 2515 958 2535 non
973 2506 1097 2542 cohaeret
1113 2506 1274 2545 videturque
1287 2505 1358 2535 dicta
1372 2506 1452 2546 longo
1466 2514 1525 2547 post
1538 2505 1682 2537 secundam
1698 2512 1767 2535 tem-

195 2558 276 2587 pot-3(-
291 2557 386 2587 nempe
400 2540 540 2586 quando,
532 2548 676 2587 imperium
691 2555 794 2580 tenente
804 2551 901 2590 ignavo
914 2552 1031 2591 quodam
1048 2559 1072 2581 et
1086 2552 1150 2582 boni
1169 2551 1277 2581 consilii
1297 2558 1407 2591 experte
1420 2552 1552 2592 principe,
1566 2550 1695 2581 barbari
1688 2561 1766 2580 inva-
