1890 2826
45 1304 127 1326 ΜιιιιΙι.
142 1305 179 1327 28.

42 1344 79 1358 20.

46 2047 169 2070 J·1‹111.1.6.

69 900 112 913 tun.
135 899 171 915 20,

204 169 277 214 604
602 222 619 230 N

200 243 335 282 propriam
349 242 487 271 stationem
509 247 660 281 separatum
674 252 740 272 esse.
760 243 829 285 Nam
841 242 865 271 si
877 252 940 272 cum

200 289 257 327 ipso
267 295 315 324 est,
327 297 552 327 supervacaneum
562 286 601 318 est
611 287 692 325 illud,
704 289 788 317 Misit
799 300 807 316 .·
819 289 862 318 sin
875 298 940 318 vero

200 333 282 370 misit,
295 343 399 364 necesse
408 341 447 363 est
459 341 610 374 separatum
627 344 694 371 esse,
705 334 728 363 si
742 331 941 372 quidem'verhi

197 381 255 409 vim
263 380 396 420 respicias.
404 382 437 410 At
445 390 612 419 nequaquam
623 380 755 411 serviliter
765 387 871 421 oportet
882 391 941 411 ver-

198 427 240 456 bis
252 427 359 463 haerere,
367 426 412 457 sed
425 437 486 456 cum
506 426 560 456 fide
579 426 730 467 procedere.
737 427 773 457 Et
786 426 848 466 quis
862 426 941 457 nobis

198 472 394 509 testificabitur,
407 482 480 509 eum,
493 472 541 511 qui
551 472 578 503 iu
588 479 657 502 terra
670 472 806 512 apparuit,
821 472 901 502 etiam
911 472 939 502 in

198 519 268 549 caelis
279 519 378 548 fuisse?
391 519 452 558 quis
463 529 550 549 sermo
558 518 755 555 testificabitur,
765 529 828 549 eum
838 531 854 550 a
863 520 940 550 Patre

197 565 309 595 missum
319 577 335 595 a
347 567 426 595 Patre
439 572 593 605 separatum
606 565 773 597 nonrsuisse?
792 565 823 596 Si
841 566 940 596 missus

196 619 235 641 cst
261 612 287 641 in
310 611 453 649 mundum,
480 618 509 641 ut
518 611 649 652 scriptum
662 618 712 649 est,
727 612 751 642 si
771 612 905 651 quimisit
922 623 937 642 a

46 669 54 703 γ
62 667 70 705 Ἰ
78 661 112 705 ,Ἄ
119 655 183 708 ὃξιιδ
196 655 277 686 misso
287 662 437 696 separatur,
447 655 581 695 quomodo
592 656 708 693 dicebat,
721 659 783 696 Ego
792 659 824 687 in
834 658 936 693 Patre,

195 710 224 732 et
236 704 328 732 Pater
346 705 378 732 in
391 706 455 733 me?
468 714 500 733 ac
511 714 605 734 rursus
619 704 754 743 quomodo
763 704 882 741 dicebat,
895 705 938 733 Et

194 751 246 789 qui
259 750 337 780 misit
347 760 393 780 me
405 751 508 786 Pater,
519 760 629 783 mecum
642 757 684 780 cst
691 753 704 779 Ρ
716 750 803 780 Vides
814 757 937 780 naturam

194 806 246 825 non
258 795 391 836 separari:
403 796 550 826 oeconomia
557 799 646 826 autem
657 796 714 827 sive
721 796 937 827 incarnatiomis-

195 842 277 872 sionis
283 842 399 883 speciem
406 842 530 872 ostendit.
544 841 620 880 Quid
640 852 704 882 ergo
717 842 771 872 sibi
784 843 844 873 vult
853 842 936 880 illud,

196 889 335 918 Ascendo
350 889 391 918 ad
402 889 523 918 Patrem
539 898 636 918 meum
644 891 657 916 P
670 888 701 919 Si
712 899 776 918 cum
785 888 845 928 ipso
858 890 937 919 Pater

194 941 243 972 est,
256 946 304 965 cur
318 935 455 965 ascendit?
466 936 594 966 Ascensio
611 935 660 966 illa
676 935 822 966 humanam
835 935 937 966 Christi

193 982 366 1011 oeconomiam
382 982 580 1022 interpretatur,
594 982 715 1021 corporis
734 981 935 1018 assumtionem,

193 1037 245 1056 non
258 1028 451 1068 separationem
462 1027 637 1073 edivinitate.
653 1027 739 1058 Visne
750 1026 864 1064 discere,
874 1038 937 1058 eum

192 1073 262 1103 sicut
273 1084 334 1103 cum
349 1074 484 1104 interram
496 1074 581 1111 venit,
592 1074 672 1103 caelos
691 1084 745 1104 non
758 1074 878 1113 reliquit,
889 1084 935 1104 ne-

191 1130 243 1158 que
257 1131 272 1149 a
285 1121 363 1150 Patre
375 1127 512 1160 separatus
525 1127 575 1157 est,
590 1121 628 1150 sic
638 1121 729 1155 etiam,
738 1130 801 1150 eum
815 1120 843 1149 in
857 1120 935 1150 caelos

191 1173 325 1196 assumtus
347 1174 396 1201 est,
418 1173 515 1196 terram
539 1176 591 1196 non
610 1166 771 1204 reliquisse?
788 1167 844 1203 Qui
863 1166 935 1197 dixit

191 1210 331 1250 discipulis
342 1212 409 1246 suis,
419 1213 461 1241 Et
473 1221 538 1241 ecce
551 1222 603 1251 ego
621 1214 774 1242 vobiscum
786 1222 860 1249 sum,
874 1212 933 1248 sed,

191 1257 330 1292 ascendo,
353 1256 424 1286 unde
442 1257 578 1294 descendi,
606 1258 647 1286 ad
670 1258 791 1287 Patrem
813 1268 907 1287 meum
923 1270 930 1286 ε

193 1302 264 1331 idem
277 1303 335 1342 ipse
350 1303 387 1332 ait
408 1303 475 1340 illis,
492 1305 534 1332 Et
554 1313 619 1333 ecce
633 1313 685 1343 ego
704 1305 855 1333 vobiscum
870 1314 933 1334 sum

193 1350 323 1378 omnibus
334 1349 434 1378 diebus
447 1359 538 1388 usque
548 1350 588 1378 ad
596 1351 875 1379 consummationem
883 1360 934 1379 soe—

192 1395 264 1424 culi.
278 1394 354 1424 Illud
372 1394 465 1434 igitur,
476 1396 516 1425 Ut
533 1402 711 1434 cognoscant
724 1402 752 1425 te
768 1396 864 1425 solum
881 1406 933 1425 ve-

191 1451 254 1470 rum
273 1442 380 1478 Deum,
399 1446 427 1470 et
441 1451 526 1480 quem
544 1442 646 1470 nu'sisti
658 1442 761 1470 Jesum
777 1442 934 1479 Christum,

191 1496 298 1515 sensum
316 1486 396 1517 habet
412 1486 561 1526 duplicem,
574 1486 764 1526 duplicemque
785 1487 907 1526 gladium
926 1500 943 1517 :-

191 1531 266 1560 aliud
282 1538 373 1561 contra
391 1531 574 1562 idololatriam
589 1539 734 1568 armatum,
747 1533 824 1562 aliud
841 1541 932 1564 contra

190 1578 207 1606 J
211 1577 331 1607 uda‘icam
337 1577 552 1608 incredulitatem
558 1588 651 1618 compa
655 1585 751 1609 ratum.
757 1579 852 1610 Solum
861 1581 933 1611 enim

190 1633 285 1652 verum
308 1624 397 1653 Deum
417 1623 495 1660 dicit,
520 1630 550 1653 ut
568 1632 673 1653 mot-tua
694 1623 767 1654 idola
791 1625 930 1665 traducat:

191 1669 300 1699 :nissum
314 1677 402 1699 autem
415 1671 509 1700 ¹Iesum
522 1671 677 1708 Christum;
694 1678 723 1700 ut
736 1671 770 1701 iis
783 1672 831 1711 qui
845 1673 932 1704 incar-

190 1715 323 1745 nationem
334 1723 440 1755 negant,
454 1727 483 1745 os
496 1717 627 1746 obstruat.
642 1717 733 1747 Verba
746 1717 829 1757 igitur
839 1728 932 1748 secun-

190 1761 257 1790 dum
276 1766 384 1791 sensum
404 1762 505 1802 accipe,
515 1773 544 1791 ac
556 1773 589 1792 ne
603 1770 714 1803 propter
734 1764 839 1794 literam
850 1766 932 1806 maje-

192 1808 252 1836 stati
265 1808 453 1839 contumeliam
465 1809 572 1838 inferas.
720 1835 722 1837 .

237 1859 265 1888 5.
285 1858 325 1886 Ut
335 1863 423 1885 autem
437 1862 557 1885 accurate
569 1855 667 1893 discas,
682 1857 836 1888 missionem
847 1870 863 1888 a
875 1860 933 1889 Deo

194 1914 247 1933 non
267 1902 443 1932 mutationem
456 1911 472 1930 a
485 1900 543 1930 loco
568 1900 694 1931 inlocum
711 1903 873 1942 significare,
885 1905 932 1934 sed

194 1948 402 1979 incarnafionem
427 1946 562 1976 declarare
586 1958 592 1974 :
616 1947 650 1976 de
673 1950 776 1979 Joanne
795 1951 913 1990 Baptista
923 1974 932 1988 ,

194 1996 240 2034 qui
255 1995 289 2024 de
299 2001 368 2023 terra
381 1999 437 2022 erat
449 1999 474 2021 et
486 1992 513 2021 in
525 1999 594 2022 terra
607 2002 778 2034 apparuerat,
794 1996 832 2025 ait
851 2007 933 2027 evan-

196 2041 297 2081 gelium
312 2052 318 2068 :
337 2040 409 2069 Fuit
432 2039 518 2067 homo
529 2040 632 2069 missus
641 2050 660 2068 a
673 2041 749 2070 Deo.
767 2043 842 2072 Num
853 2043 935 2073 Joan-

195 2098 241 2119 nes
251 2087 286 2116 de
299 2086 369 2116 caelo
376 2086 473 2114 missus
490 2085 548 2114 est?
564 2095 628 2114 num
643 2085 677 2115 de
697 2088 821 2127 supernis
841 2090 934 2120 venit?

195 2132 338 2171 Quomodo
354 2141 418 2170 ergo
439 2130 532 2159 venit?
547 2131 630 2169 Atqui
649 2131 729 2161 homo
751 2133 848 2163 missus
859 2157 866 2169 ,
881 2145 935 2165 non

195 2191 210 2208 a
221 2180 280 2208 loco
290 2179 317 2208 in
333 2178 424 2207 locum
437 2177 580 2206 translatus
593 2183 642 2213 est,
657 2177 704 2206 sed
714 2178 756 2207 illi
769 2180 874 2218 aliquid
886 2182 935 2211 ad-

197 2223 404 2254 ministrandum
432 2222 603 2252 commissum
631 2222 683 2252 fuit
690 2234 700 2264 5
713 2230 738 2253 et
765 2225 840 2255 Deus
864 2228 936 2257 Ver..

197 2271 274 2307 bum,
285 2269 333 2309 qui
347 2268 436 2298 omnia
455 2267 561 2307 implet,
572 2268 596 2296 si
611 2267 683 2297 dicat
695 2279 724 2298 se
737 2269 850 2300 missum
866 2283 933 2310 esse,

197 2323 320 2345 naturam
339 2325 415 2344 suam
433 2313 592 2343 contumelia
610 2314 719 2352 afficiet,
728 2325 813 2355 neque
839 2317 875 2347 ita
896 2319 936 2348 in-

197 2362 376 2391 carnationem
399 2369 475 2389 suam
501 2359 559 2389 sive
584 2361 758 2391 oeconomiam
784 2363 935 2394 indicabit?

196 2407 270 2438 Vide
278 2407 368 2443 illum,
380 2406 472 2442 frater,
485 2411 511 2434 et
521 2405 608 2434 carnis
626 2407 799 2438 oeconomiam
820 2409 935 2449 implen-

195 2457 260 2487 tem,
269 2458 295 2480 et
304 2451 404 2480 divinae
416 2449 551 2490 potestatis
562 2448 720 2489 dignitatem
732 2462 784 2481 non
798 2453 935 2483 tollentem

195 2494 229 2524 de
250 2494 348 2524 medio.
361 2495 397 2524 Et
417 2493 579 2522 sacerdotale
597 2504 696 2524 munus
714 2494 753 2524 sic
770 2495 932 2533 declaratur,

896 181 1075 205 SEVEtuAM

996 242 1095 272 στάσιν.
1111 244 1145 273 Εἰ
1157 243 1204 282 μὲν
1217 244 1267 283 γὰρ
1283 244 1410 284 uisitauit&
1422 246 1494 281 ἐστι,
1506 246 1629 286 περιττὸν
1642 246 1681 282 τὸ,
1691 245 1774 275 'Ans--

995 289 1096 318 στειλεν
1107 301 1114 308 ·
1127 290 1151 318 εἰ
1165 289 1192 319 δὲ
1204 290 1368 327 ἀπέστειλεν,
1388 290 1490 330 ἀνάγκη
1509 291 1682 331 κεχωρίσθαι,
1696 292 1765 321 κατὰ

995 333 1043 370 τὴν
1057 336 1103 370 τῆς
1124 334 1217 369 λέξεως
1239 334 1363 375 ἔμφασιν.
1376 335 1446 365 Ἀλλ’
1461 338 1491 366 οὗ
1511 337 1550 366 δεῖ
1567 339 1601 377 τῇ
1621 337 1689 372 λέξει
1704 338 1765 366 δου-

993 379 1089 415 λεύειν,
1104 381 1172 410 ἀλλὰ
1190 383 1224 420 τῇ
1239 381 1328 411 πίστει
1347 386 1475 422 στοιχεῖν.
1490 382 1545 413 Καὶ
1559 382 1599 417 τίς
1614 385 1679 422 ἡμῖν
1693 395 1763 423 μαρ-

993 425 1102 465 τυρήσει
1113 427 1188 466 λόγος
1197 450 1206 462 ,
1220 427 1261 457 ὅτι
1274 427 1319 458 ἐπὶ
1329 430 1378 468 γῆς
1391 428 1480 468 φανεὶς
1492 429 1521 458 ἐν
1533 429 1651 469 οὗρανοῑς
1661 425 1712 467 :dvi
1725 429 1765 463 τίς

995 471 1021 500 δὲ
1036 472 1199 512 μαρτυρήσει
1210 473 1300 512 λόγος,
1311 473 1353 504 ὅτι
1364 473 1439 514 παρὰ
1450 474 1555 515 Πατρὸς
1565 474 1764 514 ἀπεσταλμένος

993 517 1041 546 οὐκ
1058 518 1189 558 ἐχωρίσθη
1207 521 1254 548 τοῦ
1273 520 1377 559 Πατρός
1390 531 1398 556 ;
1411 521 1446 551 Εἰ
1459 519 1596 556 ἀπεστάλη
1611 521 1648 555 εἷς
1660 520 1706 550 τὸν
1719 521 1764 552 κό-

993 572 1069 600 σμον,
1083 562 1151 592 κατὰ
1163 564 1213 598 τὴν
1225 562 1305 601 λέξιν,
1317 565 1340 594 εἰ
1352 567 1367 594 ὁ
1380 563 1488 604 πέμψας
1504 567 1551 594 τοῦ
1563 564 1764 604 ἀπεσταλμένοι»

992 608 1146 647 χωρίζεται,
1161 610 1217 643 πῶς
1229 608 1327 649 ἔλεγεν,
1341 609 1413 650 Ἐγὼ
1424 611 1451 640 ἐν
1462 610 1551 650 Πατρὶ
1560 632 1568 647 ,
1582 610 1627 640 καὶ
1639 613 1654 641 ὁ
1667 611 1764 651 Πατὴρ

991 655 1017 682 ἐν
1034 654 1093 693 ε’μοί
1103 667 1112 692 ;
1126 657 1183 689 πῶς
1203 655 1231 685 δὲ
1246 656 1326 686 πάλιν
1340 656 1414 696 ἔλεγε
1425 679 1434 694 ,
1447 657 1501 687 Καὶ
1512 659 1527 686 ὁ
1538 655 1646 697 πέμψας
1658 669 1692 696 με
1704 658 1764 687 Πα-

991 699 1042 739 τὴρ
1054 702 1112 739 μετ’
1125 702 1189 739 ἐμοῦ
1201 703 1288 738 ἐστιν;
1300 701 1383 742 Ὁρᾷς
1392 702 1434 732 ὅτι
1444 704 1461 739 ἡ
1474 702 1551 742 φύσις
1561 704 1591 732 οὐ
1601 702 1745 742 χωρίζεται
1756 714 1763 720 ·

990 746 1007 780 ἡ
1023 745 1050 775 δὲ
1066 746 1200 785 οἰκονομία
1218 748 1250 777 τὸ
1262 749 1356 787 σχῆμα
1366 750 1415 784 τῆς
1428 749 1578 784 ἀποστολῆς
1591 747 1765 778 ἐνδείκνυται.

990 791 1026 821 Τί
1037 787 1081 821 οῧν
1097 792 1219 832 βούλεται
1229 792 1269 830 τὸ,
1279 793 1424 823 Ἀναὸαίνω
1437 794 1502 834 πρὸς
1513 793 1557 823 τὸν
1572 793 1684 833 Πατέρα
1694 806 1762 834 μου;

989 839 1024 867 Εἰ
1035 838 1086 878 γὰρ
1100 838 1147 868 σὺν
1159 840 1231 879 αὐτῷ
1240 841 1254 869 ὁ
1267 839 1377 879 Πατὴρ,
1389 839 1434 869 διὰ
1446 840 1472 869 τί
1483 839 1637 876 ἀναὸαίνει;
1653 839 1693 870 Ἢ,
1700 840 1764 870 ἀνοί-

990 883 1066 917 ὅασις
1082 885 1130 920 τὴν
1155 885 1304 924 οἰκονομίαν
1319 886 1474 925 ἑρμηνεύει,
1499 888 1545 915 τοῦ
1568 885 1692 925 σώματος
1713 885 1777 922 τὴνΔ

989 930 1130 970 ἀνάληψιν,
1145 932 1175 961 οὗ
1189 933 1237 967 τῆς
1255 931 1377 968 θεότητος
1392 931 1440 968 τὴν
1459 931 1605 962 διάστασιν.
1625 931 1720 965 Θέλεις
1734 931 1763 961 δὲ

953 991 972 1015 c
990 979 1092 1015 μαθεῖν,
1103 977 1144 1007 ὅτι
1154 977 1245 1017 ὥσπερ
1258 977 1426 1016 ἐπιδημήσας
1446 979 1481 1017 τῇ
1500 979 1551 1017 γῇ,
1566 977 1626 1011 τοὺς
1638 977 1762 1017 οὐρανοὺς

989 1023 1018 1051 οὖ
1037 1021 1188 1057 κατέλιπεν,
1201 1022 1261 1057 οὔτε
1280 1025 1327 1052 τοῦ
1341 1022 1446 1062 Πατρὸς
1465 1022 1598 1063 ἐχωρίσθη
1608 1045 1616 1059 ,
1630 1022 1700 1052 οὕτω
1716 1023 1763 1053 καὶ

989 1068 1026 1100 εἰς
1040 1067 1163 1106 οὐρανοὺς
1178 1068 1336 1108 ἀναληφθεὶς
1349 1090 1357 1105 ,
1373 1067 1421 1104 τὴν
1435 1069 1484 1107 γῆν
1498 1069 1528 1097 οὗ
1541 1068 1683 1098 κατέλιπεν
1698 1068 1761 1109 ἔρη-

989 1124 1038 1151 μον
1051 1124 1059 1149 ;
1075 1112 1109 1143 Ὁ
1123 1113 1205 1143 εἰπὼν
1219 1113 1285 1153 πρὸς
1297 1113 1357 1147 τοὺς
1372 1115 1466 1143 ἑαυτοῦ
1481 1114 1601 1154 μαθητὰς
1612 1137 1621 1151 ,
1636 1114 1689 1144 Καὶ
1705 1114 1761 1144 ἰδοὺ

988 1158 1041 1198 ἐγὼ
1053 1161 1110 1198 μεθ’
1124 1161 1198 1198 ὑμῶν
1212 1162 1284 1199 εἰμι,
1297 1159 1367 1190 ἀλλὰ
1377 1159 1538 1200 ἀνέρχομαι,
1550 1160 1608 1190 ὅθεν
1622 1162 1763 1196 κατῆλθον,

987 1204 1053 1244 πρὸς
1065 1205 1109 1234 τὸν
1122 1205 1233 1245 Πατέρα
1253 1217 1320 1245 μου·
1334 1208 1348 1236 ὁ
1366 1206 1443 1239 αὐτὸς
1462 1206 1544 1236 πάλιν
1563 1206 1629 1247 πρὸς
1649 1206 1763 1239 ἐκείνους

987 1250 1058 1289 λέγει
1068 1272 1077 1286 ,
1089 1250 1143 1280 Καὶ
1158 1250 1212 1280 ἰδοὺ
1227 1252 1280 1291 ἐγὼ
1292 1253 1350 1290 μεθ’
1364 1253 1439 1291 ὑμῶν
1450 1253 1507 1291 εἰμι
1525 1252 1612 1286 πάσας
1631 1252 1679 1286 τὰς
1691 1253 1762 1291 ἡμέ-

989 1307 1035 1335 ρας
1054 1296 1102 1330 ἕως
1115 1298 1163 1332 τῆς
1179 1297 1329 1330 συντελείας
1348 1300 1393 1326 τοῦ
1408 1299 1509 1331 αἰῶνος.
1525 1297 1566 1327 Τὸ
1581 1293 1636 1335 οἶν,
1648 1296 1709 1327 Ἵνα
1719 1310 1761 1337 γι-

987 1340 1108 1371 νώσκωσί
1126 1353 1156 1371 σε
1170 1342 1214 1371 τὸν
1238 1342 1316 1381 μόνον
1339 1343 1459 1379 ἀληθινὸν
1475 1342 1554 1378 Θεὸν,
1578 1343 1623 1373 καὶ
1645 1343 1673 1372 ὃν
1695 1344 1760 1373 ἀπέ-

986 1387 1091 1420 στειλας
1103 1386 1208 1423 Ἰησοῦν
1230 1388 1355 1428 Χριστὸν,
1377 1389 1473 1423 διπλῆν
1493 1387 1593 1417 ἔννοιαν
1615 1389 1670 1428 ἔχει
1680 1411 1689 1426 ,
1714 1389 1761 1418 καὶ

987 1432 1123 1472 μάχαιραν
1142 1434 1239 1469 διπλῆν
1249 1444 1256 1452 ·
1270 1433 1319 1469 τὴν
1334 1433 1382 1472 μὲν
1400 1433 1469 1463 κατὰ
1482 1435 1530 1469 τῆς
1544 1434 1761 1474 εἰδωλολατρείας

986 1479 1170 1517 ὁπλιζομένην,
1183 1478 1231 1514 τὴν
1254 1479 1282 1508 δὲ
1303 1479 1372 1509 κατὰ
1391 1481 1439 1515 τῆς
1456 1479 1603 1515 Ἰουδαϊκῆς
1621 1480 1759 1513 ’ἀπειθείας

985 1525 1230 1563 παραταττομένην.
1243 1525 1330 1554 Μόνον
1341 1525 1390 1564 μὲν
1400 1525 1453 1565 γὰρ
1465 1525 1586 1562 ἀληθινὸν
1596 1525 1665 1555 Θεὸν
1677 1525 1759 1566 λέγει,

985 1569 1029 1599 ἵνα
1051 1570 1085 1599 τὰ
1105 1571 1185 1610 νεκρὰ
1203 1571 1301 1600 εἴδωλα
1319 1571 1480 1610 στηλιτεύσῃ
1492 1582 1499 1589 ·
1520 1571 1718 1610 ἀπεσταλμένον
1732 1572 1760 1601 δὲ

985 1614 1089 1650 Ἰησοῦν
1101 1616 1226 1655 Χριστὸν,
1237 1616 1280 1645 ἵνα
1293 1615 1353 1650 τοὶις
1364 1616 1414 1652 τὴν
1425 1617 1574 1656 οἰκονομίαν
1586 1617 1759 1657 ἀρνουμένους
1786 1616 1788 1618 ’

971 1670 973 1673 ’
985 1661 1144 1701 ἐπιστομίσῃ
1155 1673 1161 1680 ·
1185 1662 1335 1700 ἐκλάμὸανε
1359 1662 1445 1691 τοίνυν
1458 1662 1493 1692 τὰ
1507 1662 1615 1703 ῥήματα
1633 1663 1699 1703 πρὸς
1709 1663 1767 1699 τὴν

985 1706 1095 1742 ἔννοιαν,
1109 1707 1154 1736 καὶ
1167 1707 1204 1745 μὴ
1219 1707 1308 1747 ὕὸριζε
1321 1707 1369 1744 τὴν
1381 1707 1456 1742 ἀξίαν
1470 1708 1513 1738 διὰ
1525 1708 1574 1744 τὴν
1588 1708 1667 1742 λέξιν.

1027 1855 1085 1884 Ἵνα
1107 1855 1134 1885 δὲ
1150 1855 1234 1895 μάθῃς
1248 1856 1379 1895 ἀκριὸῶς,
1394 1856 1434 1885 ὅτι
1449 1856 1480 1885 τὸ
1500 1857 1664 1887 ἀπεστάλθαι
1683 1857 1758 1898 παρὰ

986 1903 1031 1929 τοῦ
1045 1902 1115 1930 Θεοῦ
1135 1903 1165 1930 οὐ
1185 1901 1233 1937 τὴν
1247 1901 1300 1930 ἀπὸ
1318 1901 1405 1930 τόπων
1425 1903 1461 1934 εἰς
1480 1901 1577 1935 τόπους
1596 1902 1758 1940 μετάστασιν

986 1945 1125 1984 σημαίνει,
1138 1946 1207 1975 ἀλλὰ
1221 1949 1268 1982 τῆς
1289 1946 1437 1986 οἰκονομίας
1449 1947 1499 1983 τὴν
1518 1947 1665 1987 φανέρωσιν
1677 1960 1685 1967 ·
1695 1949 1758 1989 περὶ

985 1991 1108 2021 Ἰωάννου
1118 1994 1164 2021 τοῦ
1180 1993 1326 2031 βαπτιστοῦ
1339 1992 1412 2031 λέγει
1423 1993 1455 2022 τὸ
1468 1992 1631 2032 εὐαγγέλιον,
1642 1997 1688 2023 τοῦ
1703 1995 1757 2024 ἀπὸ

952 2056 971 2079 Ε
987 2041 1036 2078 γῆς
1048 2040 1135 2074 ὄντος,
1147 2039 1192 2068 καὶ
1206 2039 1250 2069 ἐπὶ
1271 2042 1320 2079 γῆς
1340 2039 1531 2080 φανερωθέντος
1543 2052 1550 2059 ·
1563 2040 1686 2079 Ἐγένετο
1708 2042 1757 2071 ἄν-

988 2087 1090 2124 θρωπος
1104 2085 1301 2123 ἀπεσταλμένος
1316 2085 1390 2125 παρὰ
1407 2087 1488 2115 Θεοῦ.
1501 2081 1569 2126 ’Ἆρα
1581 2088 1628 2115 ἀπ’
1639 2088 1757 2127 οὗρανῶν

988 2130 1124 2166 ἀπεστάλη
1136 2131 1279 2167 Ἰιι)άννης;
1294 2126 1345 2171 ’ἀρα
1365 2131 1461 2160 ἄνωθεν
1483 2132 1609 2170 ἐλήλυθε;
1632 2134 1697 2167 Πῶς
1712 2129 1758 2163 οἷον

988 2176 1135 2212 ἐλήλυθεν;
1161 2171 1229 2206 Ε’ἶτα
1247 2177 1382 2216 ἄνθρωπος
1402 2177 1451 2215 μὲν
1465 2177 1690 2217 ἀποστελλόμενος
1710 2180 1758 2209 οὖκ
1806 2218 1808 2220 ‚

989 2222 1041 2252 ἀπὸ
1050 2222 1138 2251 τόπων
1151 2224 1188 2255 εἰς
1201 2222 1296 2256 τόπους
1309 2222 1422 2261 μετέστη
1433 2244 1441 2258 ,
1455 2223 1524 2253 ἀλλὰ
1540 2224 1589 2260 τὴν
1607 2225 1758 2264 οἰκονομίαν

988 2267 1149 2308 ἐνεχειρίσθη
1162 2279 1169 2286 ·
1182 2270 1196 2297 ὁ
1211 2268 1238 2297 δὲ
1252 2268 1320 2302 Θεὸς
1331 2268 1431 2308 Λόγος,
1446 2271 1461 2299 ὁ
1473 2269 1559 2299 πάντα
1572 2271 1692 2310 πληρῶν,
1711 2272 1757 2301 ἐὰν

989 2313 1050 2353 εἴπῃ
1063 2313 1155 2342 ἑαυτὸν
1169 2313 1378 2352 ἀπεσταλμένον,
1390 2314 1438 2350 τὴν
1453 2314 1530 2354 φύσιν
1544 2315 1635 2356 ὖὸρισε
1645 2338 1653 2352 ,
1668 2316 1713 2346 καὶ
1726 2318 1756 2346 οὗ

988 2358 1037 2394 τὴν
1057 2358 1207 2397 οἰκονομίαν
1218 2359 1368 2397 ἐμήνυσεν;
1383 2359 1455 2399 σΟρα
1474 2360 1562 2396 αὐτὸν,
1582 2361 1694 2402 ἀδελφὲ,
1712 2362 1757 2391 καὶ

988 2405 1140 2443 πληροῦντα
1163 2407 1211 2440 τῆς
1229 2404 1325 2444 σαρκὸς
1347 2405 1396 2441 τὴν
1411 2405 1571 2445 οἰκονομίαν,
1589 2407 1635 2436 καὶ
1654 2407 1692 2446 μὴ
1705 2419 1757 2436 κα-

988 2452 1126 2488 θαιροῦντα
1149 2452 1196 2485 τῆς
1216 2453 1305 2486 θεϊκῆς
1326 2451 1461 2489 δυνάμεως
1479 2451 1529 2486 τὴν
1553 2451 1638 2486 ἀξίαν.
1659 2452 1713 2482 Καὶ
1727 2453 1758 2482 τὸ

989 2495 1118 2534 ἱερατικὸν
1132 2498 1225 2535 σχῆμα
1235 2517 1244 2532 ,
1263 2496 1407 2525 Ἀναὸαίνω
1427 2496 1491 2536 πρὸς
1504 2496 1548 2525 τὸν
1561 2497 1672 2537 Πατέρα
1686 2510 1754 2536 μου,

44 2545 113 2564 Jmn.
124 2550 160 2566 20.
196 2538 334 2570 Ascendo
362 2538 402 2567 nd
415 2538 532 2567 Patrem
559 2548 664 2574 meum,
674 2544 702 2567 et
725 2541 832 2579 rogabo
858 2552 932 2578 eum,
943 2562 979 2581 5¹9
988 2540 1032 2569 καὶ
1043 2541 1221 2579 παρακαλέσω
1235 2541 1322 2578 αὐτὸν,
1333 2542 1378 2571 καὶ
1391 2541 1568 2581 Παράκλητον
1582 2542 1682 2582 πέμψει
1693 2545 1754 2582 ὑμῖν

46 2583 80 2627 :Ji-
104 2580 124 2596 ⁰²
151 2574 184 2605 ¹4*
196 2588 223 2610 ct
235 2582 420 2610 Paracletum
435 2583 526 2611 mittet
540 2583 625 2610 vobis
638 2582 774 2621 Spiritum
791 2586 932 2614 veritalis.
953 2592 972 2614 A
988 2585 1018 2614 τὸ
1030 2587 1139 2624 Πνεῦμα
1154 2590 1200 2622 τῆς
1212 2587 1342 2623 ἀληθείας.
1358 2589 1391 2618 Εἰ
1406 2587 1554 2621 ἀναὸαίνεις
1567 2587 1637 2626 ἄνω,
1652 2589 1695 2618 καὶ
1707 2600 1758 2620 πα-
