1890 2826
257 171 328 215 400

255 242 370 273 Debora.
404 243 511 272 Rursus
537 243 682 274 traduntur
702 244 829 274 Israfflitae
851 244 879 272 in
905 253 1001 272 manus

255 288 378 319 Madiam
386 301 396 328 3
410 300 472 319 nam
494 291 645 329 frequenter
661 292 745 320 Deum
760 291 911 320 irritabant.
926 290 1003 318 Tunc

258 337 380 367 Gedeoni
393 337 469 365 visus
490 343 530 366 est
551 337 674 376 angelus,
696 337 742 376 qui
757 338 837 367 illum
851 337 884 366 ad
898 336 1002 366 bellum

257 384 410 413 concitavit.
435 383 538 412 Dehinc
558 383 680 424 praecipit
699 384 741 413 illi
755 383 887 413 Dominus
902 390 932 412 ut
946 383 1002 411 im-

257 430 372 458 molaret
385 429 502 458 vitulum
516 429 664 468 saginatum
678 429 761 470 patris
784 430 838 465 sui,
854 436 879 459 et
899 429 1004 458 afferret

257 477 455 511 holocaustum,
482 476 625 515 Baalisque
642 487 715 506 aram
730 476 888 505 destrueret.
912 475 1004 505 Paruit

258 523 316 560 ille,
326 530 352 552 et
363 522 462 552 obtulit
473 523 658 552 holocaustum
673 525 739 553 Deo.
757 523 925 562 Signumque
936 521 1004 562 petit

260 569 371 599 Gedeon
389 569 437 607 qui
458 575 484 598 et
499 569 624 599 Jerobaal
645 577 756 600 vocatus
779 576 830 606 est,
852 570 879 598 in
900 569 1003 598 vellere

259 615 371 644 editum.
391 615 559 654 Jubeturque
581 622 666 644 totum
687 615 821 645 dimittere
844 615 1003 648 exereitum,

260 668 443 700 trecentosque
457 668 558 691 tanturn
569 662 692 691 retinere.
705 661 736 691 Id
748 661 821 700 quod
831 661 878 690 ille
891 661 966 697 fecit,
979 667 1004 689 et
1020 669 1038 692 C

260 719 418 747 congressus
427 719 489 737 eum
500 708 674 749 lampadibus
693 716 718 738 et
731 709 815 740 tubis,
838 711 926 737 hostes
939 717 1003 747 pro-

260 755 375 793 fligavit.
400 755 478 784 Tunc
496 755 575 784 occisi
595 762 657 784 sunt
669 755 742 784 Oreb
754 761 780 784 et
799 755 855 784 Zeb
867 753 1004 794 principes

262 801 393 838 Madian»,
418 808 444 830 et
466 802 554 831 zebee
576 809 601 831 et
621 802 747 832 salmana
782 811 866 841 reges,
892 800 1004 829 Gedeon

261 847 377 877 moriens
391 847 501 886 reliquit
519 848 590 877 filios
615 848 792 888 septuaginta,
809 854 835 876 et
856 858 891 876 ex
906 857 1004 875 eoncu-

260 893 324 922 bina
338 904 423 923 unum
438 894 634 923 Abimeleeum.
659 894 709 923 Hic
729 893 823 923 occisis
837 892 1004 933 septuaginta

259 939 396 975 fratribus,
422 950 536 978 regnum
559 939 675 968 obtinuit
700 950 706 966 ι
729 950 776 968 nec
800 939 887 968 multo
913 939 1004 978 elapso

259 992 379 1025 tempore
398 985 540 1014 fratricidii
566 996 658 1025 poenas
680 984 765 1014 dedit.
791 986 861 1014 Cum
883 985 954 1013 enim
977 984 1004 1013 in

258 1031 513 1070 'praelioaccessisset
537 1031 571 1060 ad
581 1030 724 1070 quamdam
737 1031 845 1067 urbem,
857 1031 1005 1069 fragmento

259 1076 337 1106 molae
351 1083 430 1117 caput
441 1076 500 1116 ejus
513 1088 529 1106 a
541 1077 655 1106 muliere
663 1077 827 1106 confractum
839 1083 890 1111 est,
906 1076 1006 1115 illeque

260 1122 342 1151 vitam
355 1122 455 1152 amisit.
470 1124 533 1152 Post
545 1123 682 1152 Abimelec
687 1122 821 1163 judicavit
832 1122 930 1158 Thola,
946 1129 1007 1162 post

261 1169 375 1197 Tholam
388 1169 456 1198 Jair.
469 1170 504 1198 Et
518 1169 691 1198 irritaverunt
708 1171 796 1198 Deum
810 1169 862 1198 filii
874 1169 967 1205 Issaei,
981 1176 1007 1198 et
1023 1164 1043 1186 D

261 1213 352 1243 traditi
363 1221 426 1243 sunt
440 1215 467 1243 in
477 1225 571 1244 manus
580 1217 705 1244 Ammon.
718 1216 797 1244 Tunc
806 1215 939 1255 Jephthae
950 1226 1006 1244 me-

262 1261 367 1291 retricis
388 1261 476 1289 filium
491 1267 517 1290 et
531 1272 546 1290 a
560 1261 640 1290 domo
663 1268 770 1301 paterna
786 1272 833 1302 per
847 1262 939 1290 fratres
953 1262 1008 1302 eje-

260 1314 335 1337 ctum
346 1330 354 1344 ‚
369 1307 466 1337 ducem
484 1307 551 1336 belli
563 1314 654 1337 contra
673 1308 745 1336 filios
759 1309 874 1337 Ammon
894 1319 950 1337 esse
963 1319 1008 1338 ro-

259 1361 321 1392 gant
335 1353 469 1394 principes
483 1353 590 1393 populi,
607 1354 712 1394 ipsique
729 1353 872 1393 imperium
886 1354 1007 1384 tradunt.

258 1399 309 1429 Ille
316 1399 519 1439 obtemperavit,
527 1410 558 1428 ac
569 1399 663 1438 legatis
673 1399 708 1428 ad
718 1410 808 1439 regem
818 1400 939 1429 filiorum
946 1402 1009 1429 Am-

259 1457 322 1476 mon
344 1446 444 1482 missis,
469 1457 531 1476 eum
556 1446 626 1475 nihil
648 1446 784 1482 suasisset,
806 1453 889 1476 vovet
908 1457 936 1476 se
951 1446 1009 1476 Deo

259 1493 461 1521 immolaturum
475 1503 536 1521 eum
550 1493 598 1531 qui
612 1493 716 1533 primus
735 1493 788 1533 ipsi
801 1501 960 1530 occurreret,
985 1494 1008 1523 si

259 1538 358 1568 rediret
372 1549 407 1568 ex
429 1538 523 1568 bello:
543 1542 686 1569 commisso
706 1539 799 1579 praelio
825 1550 888 1568 cum
902 1540 1010 1570 vicisset

263 1584 363 1623 hostes,
377 1584 463 1613 filiam
477 1595 553 1614 suaru
567 1585 705 1614 immolat:
722 1585 780 1625 ipsa
791 1585 861 1614 enim
877 1585 951 1624 prior
964 1596 1010 1615 oc-

260 1631 347 1660 currit
364 1630 417 1659 illi.
433 1632 541 1660 Rursus
561 1631 737 1660 irritaverunt
751 1633 839 1660 Deum
852 1632 903 1661 filii
917 1633 1010 1670 Israel,

259 1683 284 1705 et
301 1675 393 1705 traditi
406 1684 468 1706 sunt
483 1677 510 1705 in
523 1687 618 1706 manus
633 1677 855 1716 aiienigenarum.
873 1678 950 1707 Tunc
966 1689 1009 1708 na—

259 1723 342 1752 scitur
366 1724 509 1763 Smnpson,
525 1730 551 1752 et
564 1723 622 1752 visa
641 1723 755 1754 muliere
773 1724 800 1752 iu
823 1725 1007 1762 Tliamnatha‚
1025 1729 1043 1752 t:

259 1769 318 1808 ejus
332 1780 422 1798 amore
444 1776 540 1809 captus
561 1776 611 1806 est,
627 1769 767 1809 ipsamque
785 1781 896 1800 uxorein
911 1770 1010 1801 ducere

259 1815 376 1844 volebat.
390 1816 514 1844 Parentes
528 1822 615 1844 autem
631 1815 719 1856 primo
729 1815 922 1856 impediebant,
935 1817 1009 1855 quod

260 1861 308 1890 illa
325 1861 473 1900 alienigena
494 1868 562 1890 esset
583 1874 590 1890 t
617 1868 646 1891 ut
658 1868 747 1891 autem
767 1861 896 1891 viderunt
919 1864 1008 1903 ipsum

261 1906 411 1941 instantem,
433 1917 485 1936 non
511 1907 580 1936 ultra
599 1908 807 1947 prohibuerunt.
832 1910 904 1937 Cum
923 1909 1009 1939 abiret

261 1960 349 1982 autem
360 1952 393 1981 de
402 1953 449 1981 illa
461 1953 678 1990 colloquuturus,
692 1954 810 1983 occurrit
823 1954 866 1983 illi
880 1955 1010 1994 leoquem

261 1999 385 2027 manibus
398 1998 453 2028 suis
463 1999 570 2028 occidit.
582 2001 652 2029 Cum
665 2006 754 2029 autem
763 2001 864 2040 nuptiae
872 2001 1008 2030 celebran-

261 2044 302 2073 dae
316 2051 412 2080 essent,
435 2056 546 2074 rursum
559 2046 704 2085 profectus,
726 2045 801 2075 videt
813 2047 905 2076 favum
919 2047 1008 2076 mellis

606 182 637 206 S·
664 183 800 207 somnis
826 179 1008 205 CHRYSOST.
1039 179 1192 203 Aucflmr’.
1219 179 1484 204 CONSTANTINOP-

1055 243 1143 271 αὐτοῦ.
1154 241 1207 271 Καὶ
1221 241 1302 275 οὕτως
1315 241 1429 271 ἀπέθανε
1444 240 1549 281 Σισάρα
1558 252 1565 259 ·
1579 240 1625 270 καὶ
1639 240 1756 270 ἐπελθὼν
1768 242 1826 271 Βα-

1055 287 1105 327 ρὰκ
1118 283 1184 317 εἶδεν
1199 287 1277 317 αὐτὸν
1293 287 1448 323 τεθνηκότα.
1462 286 1532 316 Τότε
1546 282 1610 326 ᾖσεν
1624 286 1695 327 ᾠδὴν
1715 286 1829 327 Δεὸώρα

1054 334 1191 363 ἐπινίκιον.
1207 333 1294 363 Πάλιν
1312 334 1502 373 παραδίδονται
1521 335 1558 367 εἷς
1570 337 1662 373 χεῖρας
1675 332 1791 371 Μαδιὰμ
1803 334 1828 362 οἱ

1055 380 1238 419 Ἰσραηλῖται·
1264 383 1382 420 συνεχῶς
1408 380 1460 420 γὰρ
1488 379 1654 420 παρώργιζον
1680 379 1725 409 τὸν
1748 379 1828 409 Θεόν.

1055 426 1123 456 Τότε
1135 429 1173 466 τῷ
1193 426 1294 456 Γεδεὼν
1310 427 1384 467 ὤφθη
1405 426 1524 466 ἄγγελος,
1538 426 1583 455 καὶ
1597 425 1779 466 παρώρμησεν
1793 427 1830 459 εἰς

1053 471 1179 510 πόλεμον.
1205 467 1273 502 Εἶτα
1297 475 1311 502 ὃ
1333 473 1431 512 Κύριος
1453 472 1554 501 κελεύει
1580 472 1657 501 αὐτὸν
1684 474 1762 501 θ’ῠσαι
1783 470 1830 500 τὸν

1055 518 1155 558 μόσχον
1166 518 1211 547 τὸν
1223 519 1340 548 σιτευτὸν
1353 522 1398 548 τοῦ
1411 518 1511 559 πατρὸς
1522 521 1614 556 αὐτοῦ,
1625 517 1671 548 καὶ
1682 519 1828 557 ἀνενεγκεῖν

1054 564 1245 603 δλοκαύτωμα,
1263 565 1309 594 καὶ
1332 565 1363 594 τὸ
1381 565 1566 605 θυσιαστήριον
1588 564 1759 604 κατασκάψαι
1783 565 1829 593 τοῦ

1056 610 1139 639 Βάαλ.
1155 610 1299 645 Ἐποίησεν
1317 611 1400 644 οὕτως
1410 633 1417 646 ,
1432 612 1476 640 καὶ
1498 611 1640 650 ἀνήνεγκεν
1653 609 1829 648 ὁλοκαύτωμα

1054 658 1092 696 τῷ
1106 658 1178 696 Θεῷ.
1194 656 1246 686 Καὶ
1261 659 1327 686 αἰτεῖ
1342 661 1450 696 σημεῖον
1465 659 1479 686 ὁ
1492 657 1593 687 Γεδεὼν
1606 659 1620 686 ὁ
1634 656 1679 686 καὶ
1692 655 1830 697 Ἱεροὸαὰλ

1054 702 1084 731 τὸ
1096 702 1140 731 ἐπὶ
1154 705 1200 732 τοῦ
1215 702 1297 732 πόκου
1311 702 1459 742 γενόμενον.
1470 702 1524 732 Καὶ
1534 703 1672 732 κελεύεται
1684 701 1754 732 ἅπαν
1766 703 1831 731 ἀπο·

1054 748 1159 789 πέμψαι
1175 749 1205 778 τὸ
1219 749 1397 788 στρατόπεδον
1406 771 1414 785 ,
1427 748 1595 789 τριακοσίους
1608 748 1636 778 δὲ
1653 745 1830 787 μόνονκατα-

1055 799 1138 835 σχεῖν.
1155 795 1208 824 Καὶ
1223 795 1346 830 ἐποίησεν
1361 795 1439 831 οὕτω,
1455 794 1501 824 καὶ
1513 794 1658 833 συμὸαλὼν
1671 793 1739 833 μετὰ
1755 795 1830 833 λαμ-

1054 841 1145 870 πάδων
1168 841 1213 870 καὶ
1238 841 1390 881 σαλπίγγων
1404 864 1411 876 ,
1434 837 1488 870 εἷλε
1509 840 1569 874 τοὺς
1588 839 1738 879 πολεμίους.
1761 839 1832 869 Τότε

1055 887 1226 927 ἀνῃρήθησαν
1240 887 1327 927 Ὠρὴὸ
1341 888 1386 917 καὶ
1400 887 1459 924 Ζὴὸ
1472 888 1496 916 οἱ
1515 887 1641 927 ἄρχοντες
1653 885 1775 925 Μαδιὰμ,
1785 885 1831 915 καὶ

1056 933 1137 962 Ζεὸεὲ
1151 934 1196 963 καὶ
1217 933 1347 973 Σαλμανὰ
1366 935 1390 963 οἱ
1413 935 1539 973 βασιλεῖς.
1559 932 1707 962 Ἀποθανὼν
1728 931 1830 961 Γεδεὼν

1055 979 1195 1008 κατέλιπεν
1217 979 1288 1013 υἱοὺς
1300 980 1510 1018 >ἑὸδομήχοντα,
1531 979 1576 1008 καὶ
1597 978 1650 1008 ἀπὸ
1669 978 1831 1010 παλλακίδος

1056 1025 1102 1054 ἕνα
1121 1026 1165 1055 τὸν
1178 1025 1327 1066 Ἀὸιμέλεκ.
1342 1022 1428 1060 olivo<
1447 1026 1508 1060 τοὺς
1521 1025 1702 1065 ἑὸδομῖήκοντα
1716 1024 1832 1059 ἀνελὼν,

1057 1071 1186 1111 ἐκράτησε
1210 1071 1259 1108 τὴν
1283 1072 1419 1111 βασιλείαν
1428 1084 1435 1091 ·
1460 1072 1506 1102 καὶ
1529 1074 1587 1111 μετ’
1614 1075 1643 1100 οὐ
1666 1070 1734 1101 πολὺ
1756 1070 1831 1107 δίκην

1057 1117 1140 1146 ἔδωκε
1152 1119 1200 1153 τῆς
1215 1118 1426 1158 ἀδελφοκτονίας.
1441 1117 1599 1158 Προσελθὼν
1618 1117 1669 1157 γὰρ
1684 1119 1710 1147 ἐν
1723 1116 1832 1156 πολέμῳ

1057 1163 1109 1192 τινὶ
1132 1163 1227 1201 πόλει,
1251 1164 1388 1203 κλάσματι
1409 1163 1492 1204 μύλου
1514 1164 1629 1199 ἐθλοῖσθη
1643 1163 1691 1199 τὴν
1714 1162 1832 1203 κεφαλὴν

1059 1209 1109 1238 ὑπὸ
1132 1209 1271 1248 γυναικὸς,
1298 1210 1343 1239 καὶΙ
1368 1209 1491 1240 ἀπέθανε.
1518 1210 1596 1240 Μετὰ
1622 1209 1667 1239 τὸν
1693 1208 1834 1248 ’Mus-§kx

1059 1255 1143 1295 ἔκρινε
1161 1256 1260 1292 Θωλὰ,
1277 1257 1344 1296 μετὰ
1358 1257 1402 1286 τὸν
1423 1256 1508 1286 Θωλᾶ
1522 1256 1612 1297 Ἰαείρ.
1627 1256 1680 1286 Καὶ
1694 1255 1834 1296 παρώργι-

1059 1313 1107 1331 σαν
1120 1301 1164 1331 τὸν
1174 1302 1243 1332 Θεὸν
1259 1304 1310 1332 υἱοὶ
1322 1302 1448 1343 Ἰσραὴλ,
1463 1303 1509 1333 καὶ
1523 1303 1706 1343 παρεδόθησαν
1722 1303 1759 1335 εἰς
1771 1305 1833 1341 χεῖ-

1060 1359 1106 1387 ρας
1123 1347 1240 1386 Ἄμμών.
1256 1348 1326 1378 Τότε
1343 1349 1387 1378 τὸν
1410 1349 1528 1389 Ἰεφθάε,
1548 1349 1604 1379 υἱὸν
1627 1349 1691 1378 ὄντα
1710 1346 1835 1388 γυναικὸς

1058 1394 1165 1434 πόρνης,
1180 1395 1225 1424 καὶ
1239 1395 1290 1424 ὑπὸ
1303 1397 1356 1424 τῶν
1369 1395 1488 1435 ἀδελφῶν
1500 1394 1666 1424 ἀπελαθέντα
1687 1395 1735 1429 τῆς
1749 1392 1832 1423 πατέ-

1061 1452 1112 1480 ρων
1124 1441 1216 1478 οἷκίας,
1229 1443 1252 1470 οἱ
1265 1441 1390 1481 ἄρχοντες
1401 1444 1446 1470 τοῦ
1460 1442 1525 1470 λαοῦ
1539 1440 1641 1475 ἀξιοῦσι
1650 1441 1835 1480 στρατηγῆσαι

1059 1490 1104 1516 τοῦ
1119 1487 1235 1524 πολέμου
1248 1490 1293 1516 τοῦ
1305 1487 1370 1526 πρὸς
1379 1486 1439 1521 τοὺς
1448 1486 1519 1520 υἱοὺς
1532 1486 1651 1525 Ἀμμὼν,
1660 1485 1706 1515 καὶ
1717 1486 1833 1514 διδόασιν

1060 1535 1131 1572 αὐτῷ
1143 1532 1191 1569 τὴν
1203 1533 1298 1573 ἀρχήν.
1309 1533 1343 1563 Ὁ
1353 1533 1381 1563 δὲ
1395 1533 1510 1567 πεισθεὶς
1518 1554 1526 1568 ,
1535 1533 1580 1562 καὶ
1590 1534 1695 1572 πρῶτον
1704 1531 1834 1571 πρεσὸευ-

1061 1579 1173 1617 σάμενος
1192 1579 1257 1619 πρὸς
1279 1579 1322 1609 τὸν
1346 1579 1460 1618 βασιλέα
1485 1580 1548 1617 υἱῶν
1576 1578 1684 1618 Ἀμμὼν
1695 1600 1703 1614 ,
1728 1579 1764 1611 ὣς
1787 1579 1834 1607 οὐκ

1061 1625 1172 1660 ἔπειθεν,
1187 1624 1326 1664 εὐξάμενος
1339 1627 1377 1665 τῷ
1389 1627 1453 1665 Θεῷ
1473 1624 1560 1655 θύσειν
1570 1625 1616 1654 τὸν
1629 1626 1734 1664 πρῶτον
1747 1625 1834 1653 ἀπαν-

1059 1671 1178 1707 τήσαντα
1190 1672 1261 1711 αὐτῷ
1270 1693 1278 1706 ,
1296 1673 1319 1701 εἰ
1331 1672 1469 1701 ἐπανέλθοι
1482 1673 1513 1700 ἐκ
1526 1674 1571 1700 τοῦ
1585 1670 1713 1709 πολέμου,
1726 1669 1835 1709 cup-Ga-

1059 1718 1112 1747 λὼν
1138 1722 1192 1751 τοῖς
1214 1719 1316 1758 ἐχθροῖς
1340 1718 1386 1748 καὶ
1405 1717 1532 1755 νικήσας,
1556 1717 1612 1747 θύει
1633 1717 1682 1753 τὴν
1704 1715 1835 1756 θυγατέρα

1060 1766 1140 1794 αὐτοῦ
1149 1776 1155 1783 ·
1177 1764 1271 1805 πρώτη
1296 1764 1347 1804 γὰρ
1374 1765 1444 1805 αὐτῷ
1467 1763 1620 1799 ἀπήντησεν
1644 1762 1721 1799 αὕτη.
1747 1762 1835 1792 Πάλιν

1060 1810 1233 1851 παρώργισαν
1253 1810 1297 1839 τὸν
1310 1810 1380 1840 Θεὸν
1394 1811 1418 1839 ot
1433 1809 1608 1850 Ἰσραηλῖται,
1621 1809 1666 1839 καὶ
1685 1808 1834 1849 παρεδόθη-

1060 1869 1108 1886 σαν
1123 1859 1160 1890 εἰς
1171 1861 1263 1897 χεῖρας
1277 1856 1440 1896 ἀλλοφύλων.
1456 1857 1482 1886 Τ
1483 1856 1526 1885 ότε
1540 1855 1659 1885 τίκτεται
1672 1857 1686 1885 ὁ
1698 1854 1837 1895 Σαμψὼν,

1059 1903 1104 1932 καὶ
1126 1903 1187 1932 ἰδὼν
1208 1906 1320 1942 γυναῖκα
1342 1903 1369 1931 ἐν
1388 1904 1536 1941 Θαμναθᾶ,
1551 1902 1654 1942 ἠράσθη
1674 1903 1773 1937 αὐτῆς,
1788 1900 1836 1930 καὶ

1059 1948 1150 1978 λαὸεἷν
1176 1949 1290 1984 ἠθέλησε
1312 1947 1386 1988 νόμῳ
1407 1948 1506 1987 γάμου.
1529 1949 1565 1977 Οἱ
1586 1947 1614 1977 δὲ
1634 1951 1718 1986 γονεῖς
1741 1945 1772 1975 τὸ
1785 1946 1835 1985 μὲν

1058 1996 1164 2033 πρῶτον
1186 1993 1326 2023 διεκώλυον
1351 1993 1395 2023 διὰ
1419 1993 1450 2023 τὸ
1473 1993 1618 2034 ἀλλόφυλον
1641 1988 1708 2022 εἶναι
1717 2004 1724 2011 ·
1747 1994 1782 2026 ὡς
1805 1991 1835 2021 δὲ

1059 2036 1126 2070 εἶδον
1136 2040 1310 2079 ἐπικείμενον,
1323 2042 1371 2070 οὐκ
1384 2039 1592 2076 ἠναντιώθησαν.
1605 2038 1702 2068 Ἥνίκα
1714 2039 1742 2068 δὲ
1752 2037 1836 2078 ἀπῄει

262 2090 290 2118 in
304 2101 350 2119 ore
363 2090 459 2127 leonis,
478 2101 556 2129 quem
571 2091 714 2128 occiderat,
730 2099 756 2121 et
767 2100 905 2133 acceptum
917 2104 1001 2123 come-
1015 2114 1052 2134 ³42
1060 2087 1230 2126 διαλεχθῆναι
1240 2086 1302 2127 περὶ
1317 2088 1414 2122 αὐτῆς,
1430 2085 1590 2121 συνήντησεν
1612 2085 1684 2124 αὐτῷ
1697 2084 1774 2121 λε’ων,
1788 2084 1834 2119 καὶ

265 2135 316 2174 dit,
338 2136 467 2175 deditque
483 2137 646 2176 parentibus
673 2144 699 2167 et
731 2138 891 2169 concivibus
920 2140 976 2169 suis
998 2152 1004 2169 ε
1024 2143 1044 2165 Δ
1060 2134 1159 2162 ἀνεῖλεν
1175 2132 1253 2162 αὖτὸν
1267 2137 1324 2166 ταῖς
1339 2132 1430 2172 χερσὶν
1444 2133 1535 2162 αὐτοῦ.
1558 2131 1636 2161 Ἐπεὶ
1652 2132 1680 2160 δὲ
1694 2131 1747 2161 ἔδει
1758 2130 1834 2170 γενέ-

108 2193 248 2226 Ι(,(ι,,4,,4,
259 2189 338 2222 atque
365 2183 478 2222 aenigma
503 2183 644 2222 proposuit
666 2183 732 2223 ipsis
747 2184 861 2214 dicens:
886 2187 935 2215 Ex
959 2197 1008 2216 ore

260 2230 436 2259 comedentis
457 2239 586 2269 egressus
608 2236 651 2267 est
674 2231 766 2266 cibus,
782 2230 812 2259 id
836 2238 887 2268 est,
909 2243 944 2262 ex
962 2243 1007 2262 ore

261 2277 364 2310 leonis,·
384 2284 410 2305 et
424 2287 461 2305 ex
470 2283 586 2305 austero
600 2286 653 2316 pro
663 2278 861 2307 amaritudine
870 2279 1006 2309 dulcedo.

259 2322 439 2361 Promisitque
447 2332 474 2351 se
479 2321 607 2351 daturum
613 2322 638 2351 ei
643 2322 690 2360 qui
696 2322 725 2351 id
733 2322 949 2362 interpretaretur
954 2325 1008 2354 tri-

262 2370 335 2409 ginta
344 2368 481 2404 sindonas,
495 2375 521 2398 et
530 2368 640 2407 triginta
651 2368 734 2398 stolas
746 2380 753 2402 3
768 2368 809 2398 sin
823 2379 877 2398 non
889 2378 1006 2410 possent,

293 2456 304 2467 n
314 2448 374 2472 Aliis
382 2448 451 2480 jacet
461 2446 545 2472 verbis
555 2447 660 2480 aenigma
670 2448 696 2472 in
704 2445 821 2472 Editione
830 2454 876 2474 τῶν
884 2448 919 2475 o'.
927 2449 1023 2475 Deinde

259 2492 298 2514 καὶ
309 2491 332 2513 ἐκ
350 2490 454 2522 σκληροῦ,
465 2487 492 2511 in
503 2485 621 2511 Editione
632 2493 676 2513 τῶν
691 2486 727 2513 0'.
741 2492 766 2512 et
781 2487 806 2512 in
816 2486 991 2514 Theodotione
1000 2493 1026 2520 ἐξ

259 2531 349 2562 ἰσχυροῦ
363 2532 389 2551 et
401 2530 446 2553 ἀπὸ
457 2530 549 2561 ἰσχυροῦ
558 2525 657 2559 legitur,
670 2535 703 2550 ex
710 2525 787 2559 fimi.
801 2527 832 2551 In
843 2526 968 2552 Hebraico
979 2537 1023 2552 au—

259 2572 311 2590 tem
329 2565 418 2599 legitur
436 2569 505 2600 tyn,
524 2563 594 2598 quod
610 2564 678 2590 idem
702 2563 833 2598 siguificat.
856 2565 1023 2599 Symmachus

260 2615 345 2634 tamen
363 2609 433 2633 Isaiae
454 2610 492 2641 ¹9,
510 2612 534 2640 4,
548 2613 592 2644 ty,
612 2611 706 2642 σκληρὸς
718 2609 852 2638 convertit,
866 2615 893 2634 ut
905 2610 982 2634 etiam
993 2618 1023 2634 eo

1059 2182 1120 2209 σθαι
1134 2178 1195 2212 τοὺς
1215 2178 1324 2218 γάμους,
1338 2178 1418 2208 πάλιν
1437 2177 1540 2214 ἀπιὼν,
1555 2179 1605 2217 δρᾷ
1622 2175 1714 2217 κηρίωι
1730 2176 1835 2215 μέλιτος

1059 2226 1086 2255 ἐν
1097 2227 1135 2265 τῷ
1144 2224 1258 2264 στόματι
1270 2227 1316 2255 τοῦ
1329 2226 1433 2258 λέοντος
1446 2226 1492 2254 τοῦ
1506 2222 1673 2264 ἀνῃρημένου
1687 2224 1732 2251 ὕπ’
1743 2223 1835 2258 αὐτοῦ,

1059 2271 1105 2301 καὶ
1119 2271 1208 2301 λαὸὼν
1222 2271 1311 2311 ἔφαγε,
1322 2271 1368 2301 καὶ
1380 2271 1461 2301 ἔδωκε
1475 2269 1521 2299 καὶ
1535 2273 1590 2303 τοῖς
1602 2271 1707 2309 γονεῦσι
1721 2268 1766 2298 καὶ
1779 2273 1846 2301 τοῖς

1060 2321 1234 2362 συμπολίταις
1248 2323 1327 2351 αὐτοῦ
1337 2334 1344 2341 ·
1359 2321 1404 2352 καὶ
1422 2320 1571 2362 προέτεινεν
1586 2322 1674 2353 αὐτοῖς
1687 2319 1832 2359 πρόὸλημα

1061 2372 1159 2412 λέγων·
1172 2375 1183 2389 “
1195 2373 1245 2403 Ἐκ
1261 2372 1390 2412 στόματος
1405 2372 1536 2409 ἐσθίοντος
1548 2370 1640 2407 ἐξῆλθε
1652 2372 1759 2411 βρῶσις,
1773 2381 1834 2399 του,

1071 2449 1129 2476 loco
1137 2451 1208 2476 Lxx
1222 2458 1227 2472 τ
1239 2450 1404 2484 quamobrem
1421 2451 1534 2483 suspicor
1548 2449 1615 2474 hanc
1628 2447 1763 2473 lectionem
1781 2456 1834 2473 esse
1880 2483 1883 2485 q

1072 2489 1268 2524 Symmachi,et
1283 2491 1309 2514 in
1327 2489 1472 2515 Editionem
1483 2495 1527 2515 τῶν
1545 2488 1578 2513 ο’.
1594 2496 1650 2512 eam
1663 2486 1771 2516 seilicet,
1783 2496 1833 2520 qua

1072 2529 1268 2564 Chrysostomus
1280 2528 1410 2559 utebatur,
1423 2528 1558 2560 irrepsisse.
1570 2526 1664 2559 [Supra
1671 2524 1706 2550 ad
1725 2529 1834 2559 συμπολὶ-
1883 2538 1889 2540 >

1072 2581 1120 2599 ταις
1131 2567 1212 2594 schol.
1225 2569 1327 2594 Codicis
1337 2568 1414 2595 Coisl.
1429 2573 1561 2601 συμπόταις,
1574 2568 1632 2592 δοκεῖ
1644 2567 1705 2599 pion]
