1890 2826
342 209 376 233 IN
403 208 520 240 tLLtm,
548 208 614 231 HOC
640 207 780 231 selToTE
807 206 897 238 QUOD
924 206 957 228 IN
986 206 1176 230 Nowssntns
1203 206 1341 239 mEBUS,
1359 206 1436 229 ETC.

113 274 171 303 κατ’
185 271 296 305 ἐκείνως
305 271 365 305 τοὺς
376 270 495 311 χρόνους,
509 269 577 300 ἀλλὰ
587 272 646 299 κατ’
661 269 739 299 αὖτὸν
750 269 877 308 ἐγένεσθε.

113 317 159 348 Ἂν
171 317 223 358 γὰρ
236 317 347 354 ἐθέλοις,
366 318 415 346 οὐκ
427 315 576 355 ἐζημιώθης
585 327 591 334 ·
606 314 697 355 ὥσπερ
719 310 764 345 οὗν
786 313 879 344 πολλοὶ

113 363 158 393 καὶ
170 365 222 392 τῶν
236 363 295 392 τότε
309 362 466 402 γενομένων,
480 361 571 397 ἐπειδὴ
584 360 622 400 μὴ
636 361 739 398 ἤθελον,
753 361 800 390 οὐκ
814 360 879 399 ὠφε-

112 409 240 446 λήθησαν.

154 456 191 486 Τί
207 451 252 485 οὖν
273 457 331 485 ἐστι
351 456 382 485 τὸ
406 455 522 495 σήμερον
548 452 727 493 ἄναγνωσθένς
749 453 836 482 Τοῦτο
854 451 881 480 δὲ

113 501 272 541 γινώσκετε,
299 501 341 531 ὅτι
367 503 394 531 ἐν
421 500 548 540 ἐσχάταις
575 498 687 539 ἡμέραις
709 498 882 534 ἐνστήσονται

1602 194 1669 228 333

930 274 1050 307 tempore
1063 267 1172 298 vivatis.
1188 269 1258 298 Nam
1277 269 1300 299 si
1318 268 1447 304 volueris,
1461 268 1531 297 nihil
1551 268 1615 297 hinc
1625 267 1673 297 de-

931 311 1049 340 tn'menti
1072 312 1203 352 percipies
1211 324 1220 351 5
1235 312 1462 351 quemadmodum
1475 311 1554 341 multi
1567 322 1672 346 eorum,

933 357 980 395 qui
995 364 1058 387 tunc
1077 358 1196 394 fuerunt,
1212 358 1276 398 quia
1297 358 1451 395 noluerunt,
1464 358 1533 387 nihil
1547 357 1610 386 hinc
1621 357 1674 386 uti-

932 403 1015 433 litatis
1029 415 1179 445 percepere.

973 451 1003 479 5.
1018 450 1155 487 Quidnam
1169 451 1252 491 igitur
1265 451 1347 481 hodie
1360 452 1459 481 lectum
1472 450 1531 480 est?
1543 451 1608 479 Hoc
1621 461 1675 480 au—
1687 457 1825 480 2.1'i1n.3.1.

934 500 991 523 tem
1004 498 1116 533 scitote,
1132 498 1213 536 quod
1233 499 1265 526 in
1286 499 1451 527 novissimis
1469 497 1571 526 diebus
1593 503 1676 526 erunt

113 547 200 587 καιροὶ
213 547 337 588 χαλεποί.
358 548 407 588 Τῷ
424 546 549 586 Τιμοθέῳ
569 545 649 575 πάλιν
664 547 678 574 ὀ
692 545 798 578 Παῦλος
821 545 881 573 ἔπι-
898 547 916 571 c
934 546 1063 580 tempora
1075 545 1190 581 gravia.
1210 542 1354 572 Timotheo
1370 553 1478 572 rursum
1499 542 1591 571 scribit
1604 543 1676 571 Pau-

115 593 230 623 στέλλει.
243 593 353 633 Φοὸερὰ
366 595 383 628 ἡ
398 592 495 628 ἀπειλή
504 604 511 611 ·
526 591 595 621 ἀλλὰ
607 592 788 629 διαναστῶμεν
797 601 804 608 ·
819 589 882 619 τού-

113 651 173 673 τους
181 640 233 679 γὰρ
245 642 309 678 ἡμῖν
319 638 380 673 τοὺς
393 638 499 678 καιροὺς
511 637 668 673 αἰνίττεται,
683 636 729 667 καὶ
740 636 799 670 τοὺς
814 635 882 675 μετὰ

113 685 220 718 τούτους
230 706 239 720 ,
252 684 368 718 καὶτοὺς
381 684 443 724 περὶ
457 684 504 720 τὴν
519 683 670 725 συντέλειαν
684 682 778 719 αὐτήν.
794 683 882 712 Τοῦτο

113 730 142 760 δὲ
154 730 313 770 γινώσκετε,
334 731 376 761 ὅτι
393 732 420 760 ἐν
440 730 565 770 ἐσχάταις
584 729 696 769 ἡμέραις
711 728 882 765 ἐνστήσονται

114 776 200 816 καιροὶ
213 775 335 817 χαλεποί.
346 775 437 816 Βραχὺ
451 775 482 805 τὸ
497 777 583 815 ρἥα,
597 775 642 804 καὶ
655 774 757 814 μεγαλὴ
768 776 785 810 ἡ
801 773 880 803 δύνα-

114 821 311 862 μις.“Καθάπερ
324 822 375 862 γὰρ
390 822 425 851 τὰ
442 821 572 862 ἀρώματα
589 822 619 851 οὗ
635 823 674 861 τῷ
688 820 799 857 πλήθει,
814 820 882 849 ἀλλὰ

113 869 146 907 τῇ
162 867 238 908 φύσει
251 867 300 904 τὴν
313 867 423 897 εὗωδίαν
444 867 618 897 ἐνδείκνυται·
632 867 700 896 οὕτω
714 866 759 896 καὶ
774 868 801 895 αἱ
815 868 882 895 θεῖαι

113 914 218 953 Γραφαὶ
229 915 259 943 οὗ
279 915 318 955 τῷ
337 913 432 950 πλήθει
445 915 496 943 τῶν
513 913 649 953 ῥημάτων,
666 911 735 942 ἀλλὰ
753 914 787 952 τῇ
803 912 883 942 δυνά-

113 970 157 997 μει
172 961 224 988 τῶν
238 959 396 999 ἐγκειμένων
412 964 502 989 πᾶσαν
511 961 577 998 ἡμῖν
592 958 740 998 παρέχουσι
751 958 800 994 τὴν
811 957 883 997 ὠφέ-

111 1006 195 1035 λειαν.
211 1005 292 1035 Οὕτω
315 1005 360 1035 καὶ
374 1005 539 1044 θυμιάματος
553 1004 629 1044 φύσις
644 1004 690 1033 καὶ
711 1006 770 1033 καθ’
786 1003 882 1039 ἑαυτὴν

112 1050 161 1090 μέν
175 1053 245 1081 ἐστιν
258 1051 357 1087 εὐώδης
366 1063 373 1070 ·
388 1051 455 1081 ἐπὰν
469 1051 497 1080 δὲ
519 1053 556 1084 εἷς
569 1053 623 1090 πῦρ
643 1050 725 1086 αὐτὴν
744 1050 880 1089 ἐμὸάλῃς,

111 1097 171 1126 τότε
185 1103 273 1127 πᾶσαν
287 1097 464 1127 ἐπιδείκνυται
476 1096 525 1132 τὴν
539 1095 566 1130 ἐξ
581 1097 661 1131 αὐτῆς
681 1095 786 1131 ἡδονήν.
802 1095 882 1125 Οὕτω

112 1142 158 1172 καὶ
169 1145 187 1178 ἡ
201 1142 259 1172 θεία
271 1142 364 1182 Γραφὴ
376 1142 421 1172 καὶ
439 1144 497 1171 καθ’
514 1141 610 1177 ἑαυτὴν
624 1141 672 1179 μέν
684 1142 755 1170 ἐστιν
767 1140 863 1177 ἡδίστη
874 1153 881 1160 ·

112 1187 219 1217 ἐπειδὰν
232 1187 260 1218 δὲ
280 1190 328 1224 τῆς
349 1189 423 1227 ὑμῶν
448 1187 612 1223 ἐπιλάὸηται
636 1188 737 1226 ψυχῆς,
762 1187 882 1227 καθάπερ

113 1235 149 1267 εἷς
176 1233 348 1273 θυμιατήριον
368 1235 534 1272 ἐμπεσοῦσα,
550 1232 654 1262 ἅπαντα
675 1231 720 1261 τὸν
746 1227 817 1261 οἷκον
835 1235 883 1268 τῆς

114 1279 223 1313 εὐωδίας
251 1279 411 1319 ἐμπίπλησι.
433 1280 520 1308 Τοῦτο
546 1278 574 1307 δὲ
601 1277 742 1318 γινώσκετε
751 1297 760 1314 ,
783 1278 823 1307 ὅτι
857 1280 884 1307 ἐν

113 1324 240 1365 ἐσχάταις
263 1325 375 1365 ἡμέραις
390 1324 562 1360 ἐνστήσονται
575 1322 663 1363 καιροὶ
681 1324 802 1364 χαλεποί.
815 1324 883 1364 Περὶ

113 1373 160 1407 τῆς
181 1371 330 1404 συντελείας
348 1370 430 1410 λέγει.
456 1370 492 1400 Τι’
516 1367 560 1400 οὖν
582 1369 647 1410 πρὸς
661 1364 742 1406 σὲ,ὦ
769 1370 882 1411 μακάριε

115 1417 223 1452 flamm
245 1417 272 1446 τί
298 1416 326 1446 δὲ
348 1416 414 1457 πρὸς
445 1416 591 1455 Τιμόθεον,
615 1416 641 1445 τί
667 1415 695 1445 δὲ
727 1416 792 1456 πρὸς
821 1416 882 1450 τοὺς

109 1462 170 1492 τότε
196 1462 358 1499 ἄκούονταςς
386 1462 489 1502 Μικρὸν
519 1462 570 1502 γὰρ
601 1460 709 1502 ὕστερον
743 1463 883 1501 μέλλουσιν

111 1508 296 1545 ἀποθνήσκειν,
314 1507 505 1548 ἐξαρπάζεσθαι
517 1510 570 1537 τῶν
587 1507 712 1537 ἐπιόντων
730 1508 820 1537 δεινῶν
837 1509 882 1537 καὶ

110 1555 232 1592 πονηρῶν
253 1553 406 1593 ἀνθρώπων.
418 1554 488 1583 Ἀλλ’
512 1553 573 1593 οὐχὶ
594 1553 628 1582 τὰ
650 1552 769 1593 παρόντα
792 1553 883 1592 βλέπω

111 1598 200 1637 μόνον,
214 1599 302 1638 φησὶν,
324 1599 392 1629 ἀλλὰ
418 1599 463 1628 καὶ
484 1599 518 1628 τὰ
538 1599 669 1637 μέλλοντα
683 1600 797 1638 προορῶ.
811 1598 884 1638 Οὐχὶ

113 1646 162 1679 τῆς
174 1644 310 1683 παρούσης
328 1645 451 1684 φείδομαι
468 1643 595 1683 ποίμνης,
610 1644 678 1673 ἀλλὰ
692 1644 736 1674 καὶ
757 1644 823 1684 ὓπὲρ
838 1648 885 1680 τῆς

113 1688 261 1727 μελλούσης
275 1691 379 1729 ἀγωνιῶ
396 1690 442 1719 καὶ
460 1689 576 1719 δέδοικα.
592 1689 688 1728 Ἡμεῖς
702 1689 750 1728 μὲν
763 1690 815 1729 γὰρ
831 1691 884 1719 τῶν

112 1734 242 1764 συνόντων
255 1737 320 1774 ἡμῖν
334 1734 477 1775 ἀνθρώπων
493 1735 567 1774 μόλις
586 1734 732 1774 ποιούμεθα
750 1735 884 1775 πρόνοιαν,

112 1781 210 1814 ἐκεῖνος
221 1780 249 1810 δὲ
263 1781 330 1821 ὑπὲρ
349 1782 402 1810 τῶν
417 1781 528 1820 μηδέπω
547 1780 693 1821 τεχθέντων
708 1780 809 1816 πολλὴν
823 1792 884 1810 ποι-

113 1830 180 1855 εῖται
204 1826 254 1862 τὴν
276 1826 402 1862 σπουδήν.
419 1826 499 1856 Οὕτω
521 1826 566 1856 καὶ
591 1826 689 1865 ποιμὴν
714 1826 818 1866 ἄριστος
837 1828 886 1866 οὐχ

113 1871 175 1901 ὅταν
199 1872 242 1912 ἴδῃ
255 1872 324 1905 τοὺς
349 1872 443 1906 λύκους
462 1872 582 1905 ἐπιόντας
596 1875 629 1912 τῇ
645 1871 744 1911 ποίμνῃ
768 1872 813 1901 καὶ
833 1874 886 1901 τῶν

112 1917 256 1958 προὸάτων
281 1918 358 1957 ἐγγὺς
378 1918 546 1958 γενομένους,
560 1918 619 1947 τότε
643 1917 768 1958 προλέγει
793 1918 886 1957 μόνον,

113 1962 183 1992 ἀλλὰ
207 1963 252 1993 καὶ
275 1963 410 2003 πόῤῥωθεν
424 1964 501 1997 ὄντας
514 1963 617 2002 μηνύει.
630 1962 710 1992 Οὕτω
723 1963 768 1993 καὶ
782 1965 796 1992 ὁ
810 1964 887 1993 Παῦ-

111 2009 172 2045 λος,
191 2009 310 2049 καθάπερ
339 2009 440 2048 ποιμὴν
465 2009 583 2049 ἄριστος,
604 2009 645 2049 ἐφ’
670 2010 771 2049 ὑψηλοῦ
788 2009 886 2049 χωρίου

932 586 986 615 lus.
1004 587 1147 617 Terribilis
1171 589 1340 619 comminatio
1347 600 1356 627 5
1381 588 1428 618 sed
1446 589 1566 618 animum
1588 588 1675 627 eriga-

934 643 994 662 mus
1007 644 1014 661 :
1025 633 1082 662 lime
1094 634 1196 674 quippe
1209 641 1328 674 tempora
1346 635 1425 665 nohis
1438 634 1591 664 subindicat
1603 635 1676 664 Scri-

933 685 1023 718 ptura,
1039 689 1139 709 necnon
1159 687 1219 720 post
1236 681 1337 717 sutura,
1350 681 1483 719 etiamque
1500 691 1529 710 ea
1541 691 1601 719 quae
1613 691 1677 710 con·

934 725 1140 754 summationem
1151 733 1280 765 spectant.
1292 727 1358 755 Hoc
1367 733 1464 755 autem
1477 729 1590 764 scitote,
1599 728 1678 766 quod

933 773 965 799 in
990 773 1156 801 novissimis
1174 773 1275 802 diebus
1298 779 1383 802 erunt
1408 778 1536 812 tempora
1560 775 1675 813 gravia.

933 818 1019 847 Breve
1035 817 1148 855 dictum,
1169 825 1195 848 et
1213 829 1309 858 magna
1325 819 1424 848 virtus.
1443 818 1677 856 Quemadmodum

932 864 1003 893 enim
1020 872 1138 894 aromata
1151 875 1203 894 non
1220 865 1296 905 copia
1310 872 1337 894 et
1350 865 1431 901 mole,
1450 865 1497 894 sed
1511 872 1603 894 natura
1621 866 1677 894 fra--

932 912 1065 951 grantiam
1081 912 1225 941 emittunt:
1238 912 1276 942 sic
1295 919 1321 941 et
1341 912 1441 941 divinae
1460 912 1607 951 Scripturae
1625 922 1677 941 non

933 956 1108 986 multitudine
1121 958 1278 994 verborum,
1299 957 1346 986 sed
1359 957 1437 986 insita
1461 958 1572 993 virtute,
1594 964 1677 987 totam

933 1003 1011 1031 nobis
1032 1003 1149 1042 praebent
1171 1003 1323 1032 utilitatem.
1345 1003 1390 1032 Sic
1403 1003 1503 1032 incensi
1521 1010 1614 1033 natura
1627 1014 1676 1043 per

899 1057 918 1080 Β
933 1048 1048 1087 seipsam
1064 1058 1174 1088 suavem
1185 1048 1283 1078 emittit
1295 1050 1420 1086 odorem;
1432 1049 1454 1078 si
1469 1055 1558 1078 autem
1571 1049 1676 1089 injicias

933 1093 961 1124 In
983 1095 1081 1134 ignem,
1098 1102 1161 1124 tunc
1183 1095 1362 1125 omnimodam
1383 1107 1460 1125 suam
1473 1096 1582 1126 exhibet
1594 1096 1675 1126 volu-

933 1147 1045 1180 ptatem·
1060 1142 1100 1170 Ita
1120 1141 1200 1171 etiam
1220 1141 1314 1171 divina
1334 1141 1474 1181 Scriptura
1495 1153 1544 1181 per
1561 1142 1674 1182 seipsam
1702 1146 1827 1182 ‘Syriissufffl

934 1186 1092 1216 suavissima
1104 1194 1160 1225 est3
1173 1198 1234 1216 cum
1245 1194 1334 1216 autem
1346 1187 1462 1216 aniinam
1474 1194 1590 1217 nostram
1601 1198 1676 1217 occu·
1685 1177 1764 1228 {¹4:¹2⁰ae
1783 1185 1827 1197 ’‘¹''

935 1233 1050 1273 paverit,
1065 1243 1095 1262 ac
1108 1233 1131 1262 si
1145 1233 1172 1262 in
1186 1233 1357 1262 thuribulum
1369 1233 1505 1270 inciderit,
1523 1241 1605 1264 totam
1620 1234 1676 1263 do-

934 1291 1009 1309 mum
1034 1279 1111 1309 suavi
1131 1279 1226 1319 implet
1248 1279 1341 1309 odoi-e.
1363 1281 1430 1309 Hoc
1449 1286 1545 1309 autem
1566 1283 1677 1317 scitote,

935 1327 1015 1366 quod
1023 1327 1055 1354 in
1070 1326 1233 1355 novissimis
1253 1327 1427 1365 temporibus
1449 1333 1534 1355 erunt
1549 1333 1677 1367 tempora

934 1372 1020 1400 dura.
1033 1373 1075 1401 De
1088 1371 1315 1401 consummatione
1334 1372 1465 1411 loquitur.
1491 1373 1565 1410 Quid
1579 1374 1630 1403 hoc
1642 1374 1677 1403 ad

934 1424 970 1454 te,
986 1418 1062 1447 beate
1085 1418 1185 1447 Paule?
1205 1417 1272 1457 quid
1294 1418 1328 1447 ad
1345 1419 1538 1448 Timotheum?
1552 1420 1619 1459 quid
1642 1420 1676 1449 ad

933 1463 995 1492 illos
1015 1464 1063 1502 qui
1086 1470 1149 1492 tunc
1167 1463 1332 1493 audiebant?
1345 1465 1426 1494 Brevi
1447 1472 1538 1505 postea
1559 1472 1677 1505 tempore

934 1509 1057 1538 morituri
1081 1515 1163 1544 erant,
1177 1509 1304 1538 afuturis
1328 1509 1384 1539 illis
1402 1511 1598 1540 calamitatibus
1619 1518 1643 1540 et
1662 1523 1677 1540 a

935 1555 1026 1594 pravis
1044 1554 1199 1584 hominibus
1215 1555 1356 1595 eripiendi.
1375 1557 1479 1586 Verum
1493 1567 1545 1586 non
1561 1568 1676 1596 praescn-

935 1600 972 1629 tia
987 1606 1089 1629 tantum
1103 1600 1228 1640 respicio,
1241 1600 1339 1639 inquit,
1354 1601 1402 1630 sed
1418 1602 1509 1630 futura
1529 1602 1676 1641 praevideo.

935 1647 995 1675 Non
1009 1655 1125 1685 praesens
1145 1652 1249 1674 tantum
1269 1657 1334 1685 grex
1355 1646 1424 1675 mibi
1440 1647 1618 1676 sollicitudini
1629 1655 1677 1684 est,

935 1691 983 1720 sed
1004 1691 1084 1720 etiam
1095 1701 1145 1730 pro
1165 1691 1257 1720 futuro
1271 1702 1349 1731 grege
1372 1702 1456 1731 angot-
1467 1699 1493 1722 et
1508 1693 1599 1722 timeo.
1621 1695 1677 1723 Nos
1686 1685 1830 1736 ζὲῗυΐῖγᾞζ

935 1736 984 1767 vix
1006 1736 1039 1765 iis
1057 1737 1104 1775 qui
1125 1736 1264 1765 nobiscum
1288 1744 1429 1766 versantur
1446 1738 1600 1767 hominibus
1620 1746 1725 1779 pro-sed
1762 1731 1828 1766 cunni

936 1782 1076 1821 spicimus,
1086 1781 1132 1811 ille
1147 1792 1211 1811 vero
1223 1792 1272 1821 pro
1282 1782 1316 1811 iis
1327 1782 1373 1820 qui
1388 1782 1508 1812 nondum
1522 1785 1575 1812 nati
1589 1791 1676 1821 erant,
1686 1777 1723 1827 δῖε
1738 1775 1830 1828 :¹2:11ss

937 1829 1049 1859 multam
1063 1829 1130 1869 gerit
1143 1828 1362 1859 sollicitudinem.
1373 1830 1417 1860 Sic
1424 1837 1448 1859 et
1457 1838 1548 1870 pastor
1560 1832 1678 1872 optimus
1687 1814 1752 1858 51:23⁵.

937 1886 990 1904 non
1004 1886 1066 1904 cum
1079 1874 1179 1905 viderit
1200 1874 1280 1915 lupos
1300 1875 1430 1905 irruentes
1444 1877 1472 1905 in
1493 1887 1609 1916 gregem,
1622 1877 1679 1917 jam

938 1934 1022 1964 prope
1035 1933 1098 1953 oves
1119 1922 1275 1959 accessisse,
1290 1929 1354 1952 tunc
1375 1922 1405 1952 id
1424 1923 1546 1963 praedicit
1566 1931 1679 1960 tantum,

937 1969 986 1999 sed
998 1969 1078 1999 etiam
1092 1968 1186 2009 procul
1200 1968 1290 1998 adhuc
1300 1976 1435 1998 versantes
1447 1969 1558 1999 indicat.
1570 1972 1609 2000 Ita
1617 1982 1680 2010 quo-

939 2025 992 2054 que
1005 2015 1116 2051 Paulus,
1127 2014 1197 2044 sient
1210 2020 1300 2054 pastor
1313 2014 1442 2054 optimus,
1454 2015 1481 2044 iu
1493 2016 1599 2046 excelso
1611 2017 1679 2052 loct),

1748 1654 1828 1674 Paulus

113 2057 160 2084 τοῦ
182 2057 231 2090 τῆς
241 2054 402 2095 προφητείας
422 2055 571 2094 ἀξιώματος
595 2054 755 2094 καθήμενος.
770 2055 814 2084 καὶ
833 2060 968 2095 voicmin
983 2060 1129 2101 prophetiae
1142 2070 1237 2100 nempe
1257 2059 1388 2099 dignitate
1404 2061 1508 2098 sedens,
1522 2072 1553 2091 ac
1566 2062 1680 2102 prophe-

113 2105 285 2141 προφητικῶς
294 2102 438 2141 ὀφθαλμοῖς
448 2101 546 2130 ἄνωθεν
556 2103 676 2140 προορῶν
688 2101 886 2141 κατατρέχοντα
902 2104 922 2127 Α
939 2107 999 2136 ticis
1012 2106 1098 2135 oculis
1116 2116 1224 2135 sursum
1242 2106 1357 2146 positus,
1371 2106 1510 2136 invasuras
1531 2108 1599 2137 seras
1613 2119 1681 2148 prae-

114 2145 148 2175 τὰ
169 2146 263 2186 θηρία,
287 2148 328 2176 ἐπ’
343 2148 424 2182 αὐτῆς
437 2148 486 2182 τῆς
510 2146 661 2179 συντελείας
683 2149 819 2186 ὁρμῶντας
841 2147 887 2176 καὶ

115 2191 332 2231 ἀποτεινομένους
344 2191 413 2221 κατὰ
425 2193 473 2227 τῆς
491 2192 605 2231 ποίμνης
623 2192 747 2232 προλέγει
760 2192 805 2222 καὶ
818 2203 886 2232 προ·
902 2198 904 2200 “

115 2237 383 2277 διαμαρτύρεται,ἵνα
395 2237 440 2267 καὶ
452 2236 512 2271 τοὺς
526 2238 637 2276 μηδέπω
649 2238 825 2278 γεννωμένους
838 2250 888 2268 πα·

116 2283 266 2322 ρασκευάσῃ
289 2282 391 2322 νήφειν,
412 2283 457 2312 καὶ
480 2288 568 2313 πᾶσαν
581 2284 687 2324 τειχίσῃ
701 2283 749 2319 τὴν
772 2283 887 2323 ποίμνην

114 2330 149 2368 τῇ
161 2328 316 2369 προφητείᾳ.
327 2329 380 2358 Καὶ
393 2328 445 2368 γὰρ
459 2328 504 2359 καὶ
517 2329 606 2370 πατὴρ
620 2330 790 2370 φιλόστοργος
803 2329 887 2359 οἰκίαν

116 2374 334 2413 οἰκοδομούμενος
347 2374 475 2407 πολλάκις
494 2378 548 2408 τοῖς
571 2377 650 2405 αὐτοῦ
672 2375 749 2404 παισὶ
762 2375 888 2415 λαμπρὰν

115 2420 161 2450 καὶ
174 2420 292 2460 μεγάλην
306 2420 388 2454 οὕτως
401 2421 548 2459 οἰκοδομεῖ,
558 2422 609 2460 οὐχ
621 2420 690 2450 ὥστε
704 2420 811 2454 ἐκείνοις
820 2432 886 2461 χρη-

63 2467 68 2470 ’
117 2465 198 2505 σίμην
221 2465 343 2506 γενέσθαι
367 2466 454 2505 μόνον,
470 2465 539 2495 ἀλλὰ
559 2466 605 2496 καὶ
626 2466 741 2506 ἐγγόνοις
765 2467 810 2496 καὶ
835 2470 890 2500 τοῖς

118 2513 176 2551 μετ’
190 2512 311 2546 ἐκείνους.
329 2511 409 2542 Οὕτω
428 2512 473 2541 καὶ
500 2511 622 2551 βασιλεὺς
643 2512 719 2541 πόλει
743 2512 889 2552 φιλουμένῃ

118 2561 268 2601 περιὸαλὼν
281 2566 369 2603 τεῖχος
392 2561 495 2599 ἔξωθεν,
510 2562 624 2601 ἀσφαλὲς
647 2565 724 2592 τοῦτο
750 2567 821 2592 ποιεῖ
845 2563 891 2592 καὶ

939 2152 1044 2188 videns,
1061 2151 1122 2181 illas
1145 2151 1173 2181 in
1197 2151 1254 2191 ipsa
1276 2152 1504 2182 consummatione
1525 2153 1553 2182 in
1575 2163 1681 2193 gregem

939 2198 1067 2238 impetum
1090 2198 1206 2227 facturas
1229 2204 1255 2227 et
1276 2197 1415 2227 invasuras
1438 2208 1494 2227 csse
1513 2198 1635 2238 praedicit
1656 2206 1681 2228 et

939 2243 1138 2284 praesignificat,
1150 2250 1180 2272 ut
1188 2253 1233 2272 eos
1242 2243 1333 2281 etiam,
1345 2244 1390 2282 qui
1403 2244 1523 2273 nondum
1531 2245 1585 2273 nati
1596 2251 1680 2279 erant,

940 2289 975 2319 ad
988 2289 1157 2329 vigilandum
1171 2288 1319 2326 induceret,
1332 2295 1359 2318 et
1373 2289 1511 2329 prophetia
1524 2296 1608 2319 totuin
1624 2300 1682 2318 mu-

941 2337 1010 2365 niret
1020 2346 1136 2375 gregem.
1148 2335 1255 2364 Etenim
1266 2341 1341 2374 pater
1351 2335 1435 2374 prolis
1445 2345 1546 2371 amans,
1559 2335 1605 2373 qui
1613 2335 1681 2363 aedcs

941 2381 1100 2418 exaedificat,
1113 2391 1184 2420 saepe
1198 2380 1263 2409 filiis
1276 2380 1333 2409 suis
1346 2380 1407 2409 illas
1423 2379 1575 2419 splendidas
1588 2386 1613 2408 et
1625 2390 1681 2408 am-

942 2428 1001 2468 plas
1024 2427 1164 2463 construit,
1187 2437 1239 2456 non
1260 2426 1340 2456 modo
1362 2433 1391 2455 ut
1404 2426 1460 2455 illis
1482 2432 1583 2454 tantum
1604 2426 1682 2455 utiles

943 2474 1142 2512 commodaeque
1160 2474 1223 2509 sint,
1238 2473 1285 2502 sed
1306 2473 1386 2501 etiam
1400 2471 1541 2510 nepotibus
1553 2477 1579 2500 et
1591 2478 1680 2511 poste-

943 2520 993 2550 ris.
1010 2521 1048 2550 lta
1069 2529 1177 2558 quoque
1198 2529 1245 2547 rex
1267 2518 1414 2546 adamatam
1436 2517 1527 2545 urbem
1550 2518 1682 2546 moenihus

945 2564 1146 2599 circummunit,
1172 2564 1258 2602 iisqne
1285 2562 1369 2591 firmis
1390 2562 1523 2600 tutisque,
1547 2573 1606 2600 quae
1632 2573 1682 2592 non

122 2613 228 2653 ἰσχυρὸν
243 2613 287 2642 καὶ
311 2613 429 2652 διαρκὲς,
443 2614 491 2652 οὐχ
514 2612 556 2642 ἵνα
572 2613 613 2643 ἐπὶ
634 2615 680 2648 τῆς
698 2619 788 2652 γενεᾶς
813 2614 892 2643 αὐτοῦ
911 2619 929 2642 Β
943 2618 1019 2643 aetatc
1033 2622 1080 2640 sua
1095 2609 1187 2646 modo,
1200 2608 1245 2638 sed
1260 2607 1338 2637 ctiam
1359 2607 1582 2647 subsequentibus
1596 2615 1620 2637 ct
1635 2619 1684 2649 pu-
