1890 2826
237 227 305 263 266

233 302 353 332 doeorum
377 308 506 343 peccata:
529 301 571 331 illi
583 311 676 342 poenas
693 300 836 332 deda-unt.
857 299 977 339 Quinam

577 238 607 263 S·
634 239 776 263 JoANle
803 236 988 262 CHRYSOST.

1019 238 1039 259 A
1046 237 1085 260 RC
1091 235 1182 261 utffl‘.
1211 239 1340 262 CONSTA
1347 237 1487 263 NTlNot‘.

1030 302 1127 330 ταῦτα·
1142 301 1242 331 ἔδωκαν
1264 301 1349 339 δίκην.
1370 302 1406 332 Τί
1420 302 1450 331 τὸ
1463 301 1546 342 πέρας
1564 300 1608 331 καὶ
1623 301 1690 341 μετὰ
1704 301 1736 331 τὰ
1751 312 1799 337 ση-

233 348 295 378 finis
304 349 384 379 etiam
389 355 450 390 post
461 348 582 379 ostenta?
593 359 647 387 quo
658 354 736 388 pacto
747 347 817 378 nihil
829 346 900 388 passi
914 353 977 376 sunt
996 354 1014 378 C
1031 350 1109 385 μεῐα;
1123 349 1181 381 πῶς
1189 347 1262 378 οὐδὲν
1276 348 1372 378 ἔπαθον
1384 349 1494 384 ἐκεῖνοι,
1510 349 1568 378 ἀλλ’
1584 350 1598 378 ὁ
1613 347 1734 387 βασιλεὺς
1750 347 1800 386 μό-

233 402 380 435 umgnates,
394 395 441 426 sed
462 395 536 426 solus
547 395 617 424 rex?
631 394 703 432 Quia
717 394 819 425 scilicet
830 394 878 425 ille
892 394 977 434 jusse-

231 447 283 478 rat,
299 441 346 471 ille
359 441 461 472 caeteris
470 448 563 471 auctor
574 442 671 471 fuerat.
685 440 975 480 Laudamnt‚inquit,

232 488 302 517 deos
315 498 418 518 aureos
432 495 460 517 et
474 494 636 528 argenteos.
652 489 743 527 Quare
758 488 816 518 haec
826 487 900 528 apud
914 487 975 516 illos

230 532 343 563 deorum
359 534 509 564 differentia
524 541 580 564 erat
593 534 608 563 Ξ)
629 534 762 564 Diabolus
778 535 888 574 cupiens
911 533 974 563 illos

230 580 303 609 omni
314 580 391 611 venia
402 581 518 621 privare,
534 591 603 621 saepe
612 580 737 621 praeeepit
748 587 778 611 ut
793 580 857 610 deos
871 579 972 620 ligneos

228 627 354 664 facerent,
373 637 406 657 ne
419 627 454 657 ab
468 627 526 667 ipsa
547 626 656 657 materia
670 637 798 667 magnum
811 633 930 657 sumtum
944 626 972 655 in

228 673 428 703 excusationem
453 673 626 703 adducerent.
641 672 782 703 Laudibus
802 671 972 702 celebrabant

228 720 303 749 deos.
319 719 393 751 Vide
406 721 494 750 Deum
517 730 651 759 nusquam
672 719 802 760 incipere,
818 719 866 749 sed
879 720 968 759 Sequi.

228 767 319 802 Quare
339 775 417 806 poena
434 765 599 805 subsequuta
623 772 662 796 cst
675 766 814 804 velociter,
824 776 855 796 ac
878 766 971 797 eadem

227 811 314 840 liora?
328 813 367 841 Ut
379 822 439 851 quae
448 822 483 841 ex
492 812 630 852 prioribus
646 811 786 842 miraculis
798 819 855 841 acta
866 812 972 843 fuerant

226 867 279 886 uon
284 857 505 888 dissolverentur.
511 859 586 887 Dum
596 858 670 887 Deus
677 858 705 887 in
713 857 784 888 vasis
789 858 905 888 afficitur
910 869 971 889 con-

1029 403 1088 429 νος;
1100 386 1186 428 Οὗτος
1195 394 1247 434 γὰρ
1261 388 1343 431 εἶπεν,
1353 395 1431 428 αὐτὸς
1442 395 1525 428 αἴτιος
1534 389 1576 430 ἦν.
1589 393 1714 436 ’ᾙνεσαη
1725 394 1799 434 φησὶ,

1028 438 1088 472 τοὺς
1101 438 1173 474 θεοὺς
1185 439 1245 474 τὼς
1254 444 1369 481 χρυσοῦς
1379 441 1426 471 καὶ
1438 443 1575 481 ἀργυροῦς.
1587 440 1668 474 Τίνος
1680 440 1768 470 ἕνεκεν
1782 443 1798 475 ἡ

1030 485 1142 525 διαφορὰ
1155 485 1223 522 αὕτη
1232 487 1285 516 τῶν
1299 488 1365 517 θεῶν
1376 485 1442 527 παρ’
1454 487 1542 520 αὐτοῖς
1554 482 1607 525 {u
1621 485 1658 515 Ὁ
1678 485 1800 519 mm:

1031 531 1188 570 βουλόμενος
1206 531 1299 567 αὖτοὺς
1314 532 1402 570 πάσης
1419 534 1600 572 ἀποστερῆσαι
1619 531 1780 582 συγγνώμης
1790 555 1798 568 ,
1815 526 1818 529 ,

1027 577 1156 611 πολλάκις
1172 577 1294 608 ἐκέλευσε
1311 578 1426 614 ξυλίνους
1439 578 1578 618 γενέσθαι,
1600 577 1644 608 ἵνα
1658 576 1726 617 μηδὲ
1747 577 1801 606 ἀπὸ

1027 626 1074 659 τῆς
1088 623 1153 661 ὕλης
1166 624 1338 654 πολυτέλειαν
1351 625 1448 665 ἔχωσιν
1462 626 1499 659 εἷς
1513 624 1666 664 ἀπολογίαν.
1679 622 1801 662 ’Υμνουν

1027 671 1064 703 εἷς
1086 670 1187 704 αὐτούς.
1206 669 1281 711 τὈρα
1302 671 1418 710 οὐδαμοῦ
1437 670 1482 700 τὸν
1502 670 1573 701 Θεὸν
1591 670 1717 710 ἄρχοντα,
1740 670 1798 699 ἀλλ’

1027 717 1163 756 ἑπόμενον.
1172 717 1250 751 Τίνος
1260 716 1346 746 ἕνεκεν
1358 716 1570 752 ἐπηκολούθησεν
1583 718 1599 752 ἠ
1614 715 1674 753 δίκη
1685 714 1799 756 ταχέως,

1026 763 1071 792 καὶ
1085 764 1152 803 αὐτῇ
1167 765 1200 803 τῇ
1215 764 1289 804 ὥρᾳ;
1309 763 1368 793 Ἵνα
1380 762 1417 802 μὴ
1435 762 1469 792 τὰ
1483 761 1612 801 γενόμενα
1622 763 1652 791 ἐκ
1663 763 1716 791 τῶν
1731 772 1799 801 προ-
1846 795 1850 799 Ι

1024 809 1106 850 τέρων
1132 810 1273 849 θαυμάτων
1302 810 1436 849 καταλυθῇ
1460 807 1630 849 ὗὸριζομένου
1654 810 1701 837 τοῦ
1726 809 1799 838 Θεοῦ

1025 855 1068 885 διὰ
1081 857 1134 885 τῶν
1149 858 1260 892 σκευῶν,
1274 855 1406 891 ἐδουλήθη
1421 855 1518 895 ἄνδρας
1528 853 1673 892 ἔνυὸρίσαι.
1685 853 1739 884 Καὶ
1750 853 1798 894 ὅρα

226 904 569 941 tumelia‚voluithomines
575 904 970 936 contumeliaaffieere.Etvide
989 907 1008 932 D
1023 901 1050 931 τί
1061 901 1170 941 γίνεται.
1184 901 1335 937 Ἐὅθυλῆθη
1350 901 1433 937 σκεύη
1445 913 1452 920 ·
1472 900 1518 930 καὶ
1529 902 1597 940 αὐτῇ
1611 902 1645 940 τῇ
1655 900 1712 941 ὥρᾳ
1724 902 1742 936 ἦ
1756 912 1798 929 τῖ’

225 950 293 989 quid
308 951 365 980 liat.
376 950 469 990 Gupiit
487 960 568 980 vasa:
583 957 610 979 et
621 959 652 980 eo
664 950 724 990 ipso
734 957 854 991 tempore
863 952 970 991 punitio

226 995 322 1026 adfuit.
341 998 398 1027 Cur
422 1006 476 1026 non
490 995 607 1025 mittitur
631 995 762 1036 propheta
786 995 867 1025 illum
881 1007 970 1038 repre-

224 1043 365 1080 hensurus,
379 1042 426 1072 sed
449 1041 581 1072 articulus
595 1041 716 1071 manust’
730 1042 770 1072 Ut
781 1042 868 1082 major
888 1042 971 1073 orire—

224 1095 269 1118 tur
285 1088 471 1118 consternatio.
489 1089 518 1119 5.
529 1090 567 1118 In
584 1088 685 1118 eadem
696 1088 770 1117 hora
780 1090 886 1128 egressi
902 1095 970 1118 sunt

222 1136 308 1175 digiti
321 1145 425 1165 manus
442 1136 577 1172 hominis,
593 1140 622 1164 et
635 1133 800 1164 smbebant
822 1144 838 1162 e
853 1136 970 1174 regione

224 1182 368 1222 lampadis
391 1185 423 1212 in
443 1183 562 1212 tectorio
582 1183 704 1221 parietis
732 1181 835 1211 domus
856 1183 943 1222 regiae
958 1194 969 1211 .-

224 1235 251 1258 et
268 1239 319 1258 rex
334 1230 492 1269 aspiciebat
515 1228 656 1257 articulos
679 1237 783 1257 manus
804 1229 968 1259 scribentis.

223 1275 301 1304 Adde
312 1282 337 1304 et
359 1285 496 1315 vesperam
509 1273 600 1304 fuisse.
615 1274 766 1314 Oportebat
790 1280 923 1305 tumorem
936 1286 970 1305 ex

174 1341 175 1344 η
223 1319 378 1349 temulentia
399 1326 488 1349 ortum
522 1318 676 1358 comprimi.
704 1317 812 1347 Deinde
837 1318 970 1350 debebant

224 1373 316 1393 omnes
329 1363 377 1402 qui
400 1362 510 1392 aderant
535 1361 652 1398 edoceri,
669 1372 757 1402 regem
779 1372 871 1403 poenas
892 1362 967 1393 dare.

1023 948 1119 989 μωρία.
1142 948 1221 982 Τίνος
1240 949 1327 978 ἕνεκεν
1350 949 1398 977 οὐκ
1420 946 1613 983 ἀποστέλλεται
1626 949 1640 976 ὁ
1659 946 1798 987 προφήτης

1022 994 1184 1033 ἐγκαλέσων,
1206 995 1276 1024 ἀλλὰ
1293 994 1459 1035 ἀστράγαλος
1481 992 1587 1033 χειρός;
1609 992 1696 1022 ιὭστε
1716 992 1799 1032 μείζω

1022 1041 1142 1080 γενέσθαι
1166 1041 1215 1077 τὴν
1236 1040 1372 1076 ἔκπληξιν.
1394 1040 1444 1070 Ἐν
1463 1041 1530 1080 αὐτῇ
1553 1040 1587 1080 τῇ
1610 1038 1668 1079 ὥρᾳ
1691 1037 1798 1074 ἐξῆλθον

1023 1086 1147 1116 δάκτυλοι
1156 1086 1243 1126 χειρὸς
1255 1085 1402 1126 ἀνθρώπω,
1414 1085 1460 1115 καὶ
1471 1085 1584 1125 ἔγραφον
1594 1084 1736 1114 nativum-rt
1749 1087 1798 1121 τῆς

1022 1133 1161 1172 λαμπάδος
1179 1134 1223 1163 ἐπὶ
1242 1133 1272 1163 τὸ
1287 1133 1402 1172 κονίαμα
1415 1135 1462 1162 τοῦ
1476 1130 1567 1171 τοίχου
1588 1133 1635 1161 τοῦ
1652 1131 1726 1160 οἴκου
1749 1133 1798 1161 τοῦ

1025 1180 1166 1220 βασιλέως
1189 1179 1235 1209 καὶ
1248 1181 1262 1209 ὁ
1275 1178 1398 1219 βασιλεὺς
1411 1178 1518 1216 ἐθεώρει
1535 1176 1596 1211 τοὺς
1615 1176 1799 1217 ἀστραγάλους

1024 1228 1071 1262 τῆς
1084 1226 1173 1266 χειρὸς
1189 1227 1236 1261 τῆς
1250 1224 1413 1266 γραφούσης.
1434 1224 1553 1264 Πρόσθες
1566 1223 1612 1253 καὶ
1625 1222 1740 1263 ἑσπέραν
1754 1218 1800 1253 οὗ·

1024 1284 1081 1302 σαν.
1098 1272 1176 1302 Ἔδει
1195 1271 1244 1307 τὴν
1257 1271 1359 1307 οἴδησιν
1375 1270 1424 1307 τὴν
1439 1269 1492 1300 ἀπὸ
1508 1271 1556 1306 τῆς
1571 1269 1652 1309 μέθης
1663 1279 1799 1299 καταστα-

1022 1320 1111 1354 λῆναι.
1125 1313 1194 1348 Εἶτα
1208 1318 1260 1348 ἔδει
1277 1320 1369 1357 μαθεῖν
1386 1316 1446 1351 τοὺς
1457 1316 1590 1356 παρόντας
1609 1315 1743 1352 ἅπαντας,
1757 1315 1798 1345 ὅτι

1023 1365 1098 1401 δίκην
1120 1365 1234 1395 δίδωσιν.
1249 1364 1301 1394 Διὰ
1313 1363 1340 1393 τί
1355 1363 1392 1403 μὴ
1405 1362 1525 1400 σκηπτὸν
1546 1363 1646 1403 ἀφῆκεν
1662 1362 1757 1396 εὖθέως
1767 1363 1798 1391 ἐκ

223 1410 280 1437 Cur
299 1418 351 1437 non
367 1409 440 1437 Deus
459 1408 562 1437 fulmen
573 1417 588 1436 e
614 1407 679 1436 caelo
695 1407 786 1436 statim
805 1407 917 1437 emisit?
934 1409 970 1438 Ut
988 1413 1007 1436 E
1022 1413 1068 1440 τοῦ
1081 1412 1208 1451 οὖρανοῦ;
1223 1410 1308 1440 Ὥστε
1317 1410 1397 1440 πάλιν
1408 1409 1510 1439 καὶτὸν
1521 1409 1627 1445 οἰκέτην
1639 1407 1797 1445 δοξασθῆναι

222 1453 321 1483 iterum
336 1464 430 1483 servus
442 1463 509 1483 suus
521 1452 606 1493 gloria
622 1453 773 1482 afficeretur
787 1464 794 1481 .·
809 1460 838 1482 ut
850 1453 971 1483 Baltasar

224 1500 330 1530 audiret
340 1510 388 1529 cur
400 1500 449 1529 ista
470 1506 614 1540 pateretur.
630 1501 699 1529 Nam
714 1499 810 1529 Daniel
834 1499 970 1540 ingressus

224 1556 277 1575 non
296 1553 399 1576 tantum
418 1546 578 1586 scripturam
592 1546 792 1586 interpretatur,
805 1545 852 1575 sed
866 1553 892 1575 et
911 1545 968 1576 lon-

226 1603 273 1631 gos
294 1593 375 1622 hahet
395 1590 539 1630 sermones{
561 1603 658 1632 eosque
677 1592 823 1628 suasorios,
835 1602 888 1622 non
903 1598 968 1622 tam-

223 1650 304 1678 quam
315 1639 372 1679 regi
391 1639 560 1679 profuturus,
575 1638 622 1668 sed
641 1645 670 1668 ut
684 1639 752 1668 alios
765 1638 966 1668 emendaturus.

225 1687 272 1714 15.
292 1686 373 1714 Tunc
387 1685 500 1714 Daniel
523 1686 669 1724 ingressus
683 1691 726 1714 est
736 1687 767 1714 in
783 1692 967 1726 conspectum

222 1731 307 1769 regis.
324 1730 367 1758 Et
387 1730 465 1758 dixit
487 1738 539 1758 rex
561 1729 684 1758 Danieli
698 1739 709 1756 .-
738 1730 764 1758 T
762 1740 780 1759 u
802 1739 832 1759 es
857 1731 968 1759 Daniel

223 1785 259 1803 ea:
274 1775 348 1815 filiis
362 1776 543 1814 captivitatis
565 1775 710 1810 Judai‘coes
735 1786 823 1816 quam
845 1776 967 1806 deduxit

222 1832 274 1850 rex
287 1827 372 1860 pater
382 1831 461 1851 meus
471 1831 508 1850 ex
520 1822 545 1851 J
544 1821 629 1851 udoea
636 1824 650 1849 Ρ
661 1821 757 1852 Veluti
767 1821 890 1851 territans
902 1833 965 1852 eum

220 1875 246 1896 ct
260 1867 295 1897 ad
308 1867 490 1897 necessitatem
509 1867 644 1907 redigens,
656 1867 714 1898 haec
733 1868 780 1898 ait.
795 1869 864 1898 Cum
876 1875 964 1898 autem
988 1899 999 1917 ὅ

1022 1457 1066 1487 τὸν
1081 1458 1160 1486 αὐτοῦ
1169 1469 1175 1475 ·
1192 1456 1260 1486 ὥστε
1275 1456 1353 1485 αὐτὸν
1365 1456 1476 1485 ἀκοῦσαι
1488 1455 1532 1484 διὰ
1543 1455 1570 1484 τί
1582 1457 1666 1484 ταῦτα
1679 1454 1791 1495 πάσχει.

1022 1502 1056 1533 Ὁ
1067 1503 1118 1543 γὰρ
1132 1503 1236 1539 Δανιὴλ
1249 1501 1372 1532 εἰσελθὼν
1387 1500 1448 1541 οὐχὶ
1462 1500 1510 1537 τὴν
1527 1500 1631 1541 γραφὴν
1652 1499 1793 1539 ἑρμηνεύει

1022 1548 1110 1587 μόνον,
1122 1548 1191 1578 ἀλλὰ
1204 1548 1250 1578 καὶ
1262 1547 1378 1588 μακροὺς
1391 1547 1524 1577 ἀποτείνει
1540 1545 1648 1584 λόγους,
1662 1545 1707 1575 καὶ
1721 1557 1793 1584 συμ-

1021 1593 1205 1628 δουλευτικοὺς
1214 1616 1222 1630 ,
1237 1595 1288 1634 οὐχ
1299 1595 1335 1627 ὣς
1347 1592 1490 1634 ὠφελήσων
1505 1591 1592 1628 αὐτὸν,
1606 1592 1666 1621 ἀλλ’
1677 1593 1714 1625 ὡς
1733 1591 1793 1625 τοὺς

1021 1641 1115 1675 ἄλλους
1127 1641 1245 1681 βελτίους
1255 1639 1384 1676 ποιήσων.
1399 1639 1469 1669 Τότε
1482 1637 1584 1675 Δανιὴλ
1598 1638 1719 1674 εἰσῆλθεν
1729 1638 1793 1667 ἐνώ-

1019 1698 1080 1716 πιον
1092 1690 1138 1716 τοῦ
1154 1686 1292 1726 βασιλέως.
1303 1685 1357 1716 Καὶ
1372 1681 1444 1715 εἶπεν
1456 1687 1470 1715 ὁ
1485 1683 1608 1724 βασιλεὺς
1619 1686 1658 1724 τῷ
1669 1683 1774 1720 Δανιήλ
1784 1695 1791 1702 ·

1020 1732 1051 1762 σὺ
1066 1728 1090 1762 εἶ
1102 1732 1213 1768 Δανιὴλ,
1225 1734 1243 1762 ὁ
1257 1731 1310 1761 ἀπὸ
1320 1733 1373 1761 τῶν
1391 1732 1454 1760 υἱῶν
1474 1732 1523 1767 τῆς
1543 1728 1730 1769 αἰχμαλωσίας
1743 1731 1793 1765 τῆς

1020 1778 1163 1816 Ἰουδαίας,
1177 1775 1209 1814 ἧς
1222 1777 1371 1818 κατήγαγεν
1384 1779 1398 1807 δ
1413 1775 1536 1817 βασιλεὺς
1547 1777 1562 1806 ὁ
1575 1775 1664 1815 πατήρ
1675 1786 1725 1814 μου
1739 1775 1793 1805 ἀπὸ

1018 1827 1066 1861 τῆς
1084 1825 1227 1861 Ἰουδαίας;
1248 1824 1296 1858 Ὡς
1316 1823 1567 1863 καταπληττόμενος
1588 1822 1667 1852 αὐτὸν
1690 1821 1735 1852 καὶ
1754 1824 1792 1856 εἰς

1000 1899 1010 1917 ¹
1019 1871 1136 1911 ἀνάγκην
1148 1873 1289 1906 καθιστῶν,
1303 1870 1387 1900 ταῦτά
1399 1882 1488 1911 φησιν.
1502 1869 1595 1900 Εἰπὼν
1608 1868 1646 1905 δὲ,
1658 1867 1712 1898 οΟν
1725 1868 1792 1907 ἤγα-

221 1913 287 1942 (licit
303 1925 309 1941 :
327 1915 420 1952 Quem
431 1914 558 1943 adduxit
570 1924 622 1942 rex
633 1920 719 1954 pater
731 1925 810 1944 meus
824 1925 861 1944 ex
874 1916 966 1954 capri-
982 1928 1002 1950 Α
1018 1929 1063 1957 γεν
1080 1920 1093 1947 ὁ
1109 1917 1231 1957 βασιλεὺς
1249 1919 1263 1947 ὁ
1280 1916 1371 1957 πατήρ
1390 1927 1441 1955 μου
1462 1915 1515 1945 ἀπὸ
1536 1916 1585 1950 τῆς
1605 1914 1791 1954 αἰχμαλωσίας

223 1963 311 1989 vitate
324 1961 449 1998 Judaeae,
459 1960 516 1990 haec
535 1967 627 1990 contra
640 1960 814 2000 semetipsum
832 1961 915 1991 verba
924 1962 966 1991 lo-

219 2007 323 2044 quitur,
335 2006 358 2035 si
371 2006 501 2035 nimirum
515 2006 684 2046 captivorum
709 2006 811 2045 ubique
834 2006 963 2047 indigeat.

223 2054 270 2082 14.
280 2053 363 2082 Audi
368 2054 436 2082 vide
445 2059 483 2090 te,
493 2053 572 2093 quod
577 2055 695 2093 spiritus
701 2054 759 2082 Dei
767 2061 887 2084 sanctus
894 2056 927 2084 in
937 2061 965 2085 te

219 2106 273 2137 est,
289 2106 317 2129 et
330 2100 501 2139 vigilantia,
517 2106 545 2128 et
557 2100 765 2141 intelligentia,
775 2106 804 2130 et
819 2103 964 2141 sapientia

221 2146 347 2185 anzplior
355 2147 477 2175 inventa
487 2153 528 2175 est
541 2148 572 2174 in
586 2152 623 2175 te.
639 2147 687 2176 15.
701 2147 744 2175 Et
755 2156 833 2176 nunc
843 2149 964 2187 ingressi

220 2200 287 2222 sunt
302 2194 333 2221 in
345 2197 498 2232 conspectu
511 2202 574 2221 meo
591 2194 748 2232 sapientes,
760 2196 849 2234 magi,
863 2195 959 2224 Gaza-

221 2240 293 2276 rem',
308 2239 452 2275 Chaldaei,
467 2240 678 2277 utscripturam
693 2240 771 2269 hanc
783 2240 920 2279 legerent,
934 2248 964 2271 et

220 2288 417 2326 conjecturam
433 2285 495 2324 ejus
509 2285 672 2314 indicarent
686 2286 759 2313 mihi
774 2298 781 2314 ε
799 2295 852 2314 nec
859 2293 960 2325 potue-

220 2338 288 2362 runt
311 2332 509 2371 conjecturam
523 2332 664 2359 sermonis
687 2330 770 2360 illius
792 2332 960 2361 renuntiare

221 2381 292 2409 mihi
295 2379 394 2408 .16.E
397 2384 408 2407 t
420 2388 472 2417 ego
484 2377 586 2406 audivi
597 2377 634 2406 de
647 2383 685 2414 te,
693 2378 763 2417 quia
772 2384 853 2417 potes
860 2380 958 2418 conje-

220 2432 316 2456 cturas
330 2425 485 2464 conjicere,
497 2429 525 2452 et
544 2423 634 2452 nodos
648 2423 771 2453 solvere.
783 2424 824 2454 Et
838 2434 917 2454 nunc
935 2427 960 2454 si

1017 1965 1064 1999 τῆς
1080 1963 1223 2000 Ἰουδαίας,
1242 1965 1327 1992 ταῦτα
1347 1963 1406 1991 κατ’
1422 1963 1502 1991 αὐτοῦ
1522 1959 1556 1990 τὰ
1570 1959 1678 2000 ῥήματα
1690 1959 1790 1998 ἔλεγεν,

1018 2011 1041 2039 εἰ
1054 2011 1106 2039 τῶν
1121 2008 1298 2049 αἰχμαλώτων
1317 2007 1404 2037 δέεται
1422 2008 1571 2047 πανταχοῦ.
1587 2005 1709 2035 Ἤκουσα
1727 2005 1789 2044 περὶ

1017 2058 1074 2093 σοῦ,
1087 2055 1128 2085 ὅτι
1140 2058 1245 2094 πνεῦμα
1254 2056 1324 2085 Θεοῦ
1336 2053 1410 2093 ἅγιον
1424 2055 1452 2083 ἐν
1463 2052 1515 2088 σοὶ,
1528 2051 1574 2082 καὶ
1584 2051 1727 2091 γρήγορσις
1740 2051 1786 2080 καὶ

1017 2103 1118 2135 σύνεσις
1130 2102 1174 2131 καὶ
1186 2101 1265 2141 σοφία
1274 2099 1388 2141 περισσὴ
1401 2098 1493 2139 εὑρέθη
1507 2099 1535 2128 ἐν
1546 2098 1598 2128 σοί.
1612 2097 1666 2127 Καὶ
1677 2101 1722 2127 νῦν
1734 2099 1789 2127 εἷσ-

1016 2150 1096 2185 ἢλθον
1118 2146 1230 2178 ἐνώπιόν
1248 2158 1304 2186 «μου
1329 2147 1355 2176 οἵ
1378 2144 1472 2186 σοφοὶ,
1499 2144 1597 2185 μα’γοι,
1630 2143 1788 2184 Γαζαρηνοὶ,

1016 2195 1162 2228 Χαλδαῖοι,
1171 2193 1215 2223 ἵνα
1229 2192 1277 2229 τὴν
1291 2191 1395 2233 γραφὴν
1410 2190 1510 2227 ταύτην
1521 2191 1664 2229 ἄναγνῶσι,
1681 2189 1727 2219 καὶ
1739 2189 1788 2226 τὴν

1015 2242 1152 2281 σύγκρισιν
1164 2241 1245 2276 αὖτῆς
1258 2238 1407 2279 γνωρίσωσί
1423 2250 1481 2278 μοι·
1495 2238 1541 2268 καὶ
1554 2239 1602 2268 οὔκ
1618 2237 1786 2275 ἠδυνήθησαν

1015 2288 1064 2324 τὴν
1078 2288 1215 2327 σύγκρισιν
1227 2289 1273 2316 τοῦ
1290 2285 1368 2325 λόγου
1380 2285 1474 2315 τούτου
1491 2284 1647 2324 ἀναγγεῖλαί
1663 2296 1718 2324 μοι.
1735 2284 1788 2314 Καὶ

1014 2334 1067 2374 ἐγὼ
1076 2334 1178 2370 ἤκουσα
1195 2332 1256 2373 περὶ
1277 2335 1324 2362 σοῦ
1334 2354 1342 2368 ,
1356 2331 1397 2361 ὅτι
1411 2331 1522 2361 δύνασαι
1536 2330 1706 2371 συγκρίματα
1725 2341 1788 2369 συγ-

1014 2384 1114 2420 κρῖναι,
1136 2379 1181 2409 καὶ
1199 2379 1270 2409 λύειν
1285 2378 1454 2417 συνδέσμους.
1475 2377 1530 2407 Καὶ
1546 2379 1592 2407 νῦν
1611 2377 1656 2407 ἐὰν
1675 2377 1788 2415 δυνηθῇς

1014 2428 1162 2466 ἀναγνῶναι
1175 2425 1224 2462 ἰ-ὴν
1235 2424 1350 2466 γραφὴν,
1363 2424 1409 2453 καὶ
1419 2424 1468 2460 τὴν
1479 2423 1615 2464 σύγκρισιν
1627 2424 1707 2459 αὐτῆς
1721 2434 1788 2461 γνω-

216 2473 334 2510 poteris,
344 2471 514 2510 scripturam
529 2469 674 2509 legere,·et
686 2470 884 2509 conjecturam
898 2472 959 2510 ejus
978 2480 993 2503 13
1015 2472 1085 2511 ρίσαι
1101 2483 1160 2510 μοι,
1176 2470 1312 2511 πορφύραν
1330 2470 1424 2509 ἐνδύσῃ
1433 2493 1441 2507 ,
1463 2469 1509 2500 καὶ
1522 2471 1537 2498 ὁ
1551 2469 1680 2508 μανιάκης
1691 2471 1706 2498 ὁ
1716 2479 1785 2508 χρυ-

218 2520 349 2548 indicare
369 2517 454 2555 mihi,
479 2525 608 2555 purpura
620 2517 772 2553 vestieris,
788 2523 815 2545 et
844 2523 959 2556 torques

1014 2520 1074 2551 σοῦς
1092 2517 1167 2547 ἔσται
1181 2518 1225 2547 ἐπὶ
1242 2517 1287 2547 τὸν
1304 2516 1439 2556 τράχηλον
1453 2527 1500 2545 σου
1510 2539 1518 2552 ,
1531 2519 1542 2531 “
1552 2515 1596 2544 καὶ
1609 2514 1696 2555 τρίτος
1709 2516 1736 2544 ἐν
1749 2516 1783 2552 τῇ

1691 2582 1703 2597 Χ

251 2618 260 2628 ⁴
280 2612 321 2634 καὶ
335 2613 409 2643 τρίτος
421 2612 443 2634 ἐν
456 2613 484 2641 τῇ
493 2610 599 2640 βασιλεία
609 2618 654 2640 μου
665 2610 747 2641 ἄρξεις.
761 2606 806 2631 Vel
820 2608 907 2632 tertius
920 2613 975 2640 post
1026 2610 1138 2638 Assucro,
1157 2614 1182 2632 et
1196 2609 1258 2633 Gen.
1275 2610 1316 2639 41,
1329 2608 1371 2638 43,
1385 2606 1508 2639 josephus
1519 2607 1544 2631 in
1560 2614 1660 2631 currum
1672 2605 1783 2630 Pharao-

217 2656 309 2679 regem,
321 2648 381 2672 sicu·
398 2646 467 2671 Esth.
485 2648 523 2676 ¹0,
541 2647 565 2679 3,
575 2644 748 2671 Mardochaeus
759 2645 881 2671 sccundus
895 2651 930 2670 cst
943 2647 975 2672 uh
1026 2649 1062 2672 uis
1074 2646 1211 2672 secuudum
1225 2647 1371 2679 imponitur.
1386 2646 1430 2671 vel
1443 2646 1537 2677 tertius,
1559 2644 1584 2670 id
1603 2651 1651 2675 est,
1664 2650 1692 2669 ut
1703 2652 1783 2678 expo-
