1890 2826
140 235 227 263 Schol.

85 274 223 305 προφητείας

86 307 134 332 εἴδη
174 305 228 334 δύο,

87 339 123 363 διὰ
160 339 230 370 ἔργων

87 374 125 396 καὶ
142 372 178 395 διὰ
193 372 230 395 λύ-

86 415 140 436 γων,
163 401 231 426 Pro·

85 435 179 469 plaezioe

87 469 146 493 duae
173 476 230 501 spe-

238 150 306 196 572

236 221 290 250 alia
312 220 407 260 figuris
421 243 429 258 ,
454 219 506 249 alia
520 220 621 250 verbis.
638 220 748 250 Etenim
769 219 824 249 duo
837 226 899 249 sunt
921 229 981 260 pro-

238 267 334 306 phetiae
347 276 442 306 genera
455 289 462 303 ,
476 273 501 295 et
519 266 646 305 operibus
660 272 686 295 et
702 265 793 296 verbis
805 266 896 295 futura
910 275 980 306 prae-

238 313 365 341 nunciare
381 323 388 340 :
406 312 496 342 verbis
508 311 635 350 quidem,
650 317 682 341 ut
693 322 755 341 cum
773 322 881 341 crucem
895 311 980 351 signi-

238 359 319 389 ficare
338 359 457 389 volentes
475 382 482 396 ‚
506 359 601 388 dicunt
617 371 624 388 ε
639 359 719 389 Sicut
735 360 798 389 υνίς
815 359 856 388 ad
874 359 983 389 coedem

239 407 343 436 ductus
364 412 416 443 est,
430 412 458 435 et
468 407 542 435 sicut
563 416 660 445 agnus
678 415 776 436 coram
795 416 826 435 se
845 406 983 435 tondente

239 454 303 481 sine
320 462 394 482 voce.
415 453 472 481 Huc
487 452 577 490 itaque
597 451 688 483 verbis
701 452 768 492 ipsis
780 452 920 482 vaticinari
933 462 983 482 vo-
998 459 1017 482 B

90 503 140 526 cies
153 522 159 533 ,
188 499 367 534 perluerunt3
381 498 509 538 operibus
520 508 585 528 vero
594 521 602 536 ,
618 509 680 528 cum
692 499 830 528 Abraham
840 499 983 529 exhibetur

88 543 164 568 opem
208 539 233 558 ει

86 577 133 601 ρει·
143 566 229 591 verba.

89 602 149 624 lsai.
159 601 188 623 53
194 617 199 622 .
207 607 230 629 7.

143 739 230 767 Schol.

90 777 227 810 προφητείας

89 813 115 836 οὐ
135 812 166 834 τὰ
177 809 234 839 μὲλ-

92 846 160 869 tom-2
187 845 232 872 μὸ-

91 888 139 904 vm,
174 875 235 898 ἀλλὰ

91 914 128 935 καὶ
140 912 170 935 τὰ
188 917 233 932 7²¹²-

90 946 201 979 ρελθόντα

93 975 233 1007 λέγειν,Ρνο-

90 1009 185 1044 phelioe
200 1015 236 1033 est

92 1051 143 1068 non
163 1042 235 1066 modo

86 1075 237 1106 futura,sed

94 1111 236 1141 etiamproe-

95 1143 168 1166 teriia
179 1150 237 1175 upe-

95 1176 151 1199 rire.

110 1722 128 1736 1.
145 1713 200 1735 cor.
221 1720 249 1735 2-

170 2228 256 2256 Schol.

115 2267 165 2294 νὲας
178 2267 258 2292 Διαθή-

116 2310 156 2327 κης
167 2299 244 2331 βιὸλίκ
251 2317 257 2328 ,

116 2332 181 2356 Novi
207 2330 258 2354 Te-

115 2363 236 2389 statuenti

117 2397 184 2422 libri.

173 2428 258 2454 Sehol.

117 2467 240 2495 σημείωσαι

239 544 329 573 filium
342 545 467 581 offerens,
480 551 506 573 et
521 542 631 574 arietem
641 545 781 586 jugulans.
794 545 846 576 Hie
860 546 931 575 enim
943 557 985 576 re—

239 590 291 618 bus
304 589 370 629 ipsis
383 589 470 619 crucis
481 589 626 630 imaginem
635 591 833 631 praesignificat,
846 598 926 631 atque
939 602 986 621 αε-

240 635 301 666 dem
323 646 371 675 pro
384 636 450 665 orbe
465 636 594 667 futuram.
614 637 717 667 Multas
730 645 801 668 eei-te
815 638 936 668 invenire
947 645 986 667 est

240 681 268 710 in
281 681 374 712 Veteri
389 682 558 711 Testamento
572 682 730 723 hujusmodi
744 683 854 723 figuras,
869 684 986 724 prophe-

241 727 343 766 tiasque
357 738 406 767 per
425 738 468 758 res
482 728 628 759 exhibitas.
648 730 799 771 Prophetiae
810 741 875 760 vero
888 741 987 760 munus

240 780 294 811 est,
308 784 359 803 uon
373 774 454 804 modo
466 776 557 805 futura
569 776 673 814 dicere,
685 776 733 806 sed
745 777 825 806 etiam
836 778 968 817 praeterita
977 800 987 814 ,

241 819 315 858 quod
324 820 440 850 maxime
449 821 523 861 apud
529 823 652 862 Moysem
660 822 880 863 deprehenditur.
895 825 989 861 Quan-

241 866 277 895 do
289 866 362 895 enim
374 866 409 896 de
423 867 488 897 eaelo
500 874 526 896 et
543 868 578 898 de
590 875 659 898 terra
671 869 810 908 loquitur,
825 880 867 899 res
877 870 988 908 quidem

242 912 308 941 dicit
328 912 475 953 praeteritas
491 920 515 943 et
538 920 656 954 tempore
670 915 824 944 obscuratas
836 938 844 953 ‚
860 915 908 945 sed
924 925 988 955 pro-

242 958 331 998 phetia
354 958 411 988 haee
423 959 558 989 enunciat.
578 961 815 997 Quemadmodum
835 961 907 990 enim
926 972 990 1001 pro·
1004 955 1023 979 c

243 1004 340 1044 phetiae
359 1011 399 1034 est
419 1015 460 1034 res
481 1005 602 1035 nondum
629 1013 714 1046 gestas
733 1029 741 1044 ‚
763 1017 879 1046 quaeque
901 1006 991 1036 adhuc

244 1051 353 1080 occultae
365 1058 427 1080 sunt
440 1052 612 1089 annunciare,
623 1053 661 1082 sic
674 1060 700 1082 et
711 1064 754 1083 res
767 1060 854 1093 gestas
867 1053 990 1094 quidem,

245 1096 291 1126 sed
296 1097 331 1126 ob
339 1103 443 1137 tempus
450 1098 567 1127 occultas
577 1099 732 1135 revelare‚et
742 1100 770 1128 in
779 1099 899 1129 medium
911 1099 994 1129 addu-

244 1153 313 1178 cere,
328 1153 418 1182 parem
429 1143 542 1182 gratiam
554 1145 682 1184 postulat.
694 1145 737 1174 Ad
745 1146 916 1186 prophetiam
923 1157 992 1185 quo-

227 1221 233 1228 *
245 1201 298 1229 que
318 1191 436 1230 pertinet
458 1201 501 1219 res
522 1199 664 1230 praesentes
683 1194 862 1230 annunciare,
885 1193 992 1233 quando

245 1235 388 1274 quidpiam
402 1236 536 1273 efficitur,
552 1237 599 1266 sed
618 1237 755 1266 occultum
777 1247 832 1275 est;
849 1246 879 1269 ut
895 1239 993 1269 accidit

244 1281 316 1311 circa
339 1281 469 1310 Ananiam
483 1289 509 1311 et
531 1283 705 1323 Sapphiram.
729 1285 792 1314 Illic
814 1285 886 1314 enim
907 1296 992 1325 neque

245 1329 420 1369 praeteritum,
437 1339 523 1368 neque
537 1330 671 1367 futurum,
686 1331 733 1361 sed
746 1343 787 1362 res
798 1343 913 1372 praesens
923 1356 931 1370 ,
943 1343 992 1363 oc—

247 1374 320 1404 culta
331 1381 426 1403 tamen.
439 1376 532 1404 Petrus
543 1386 606 1415 ergo
618 1377 675 1407 haec
683 1388 731 1418 per
739 1379 907 1418 prophetiam
919 1390 995 1409 reve-

248 1421 326 1458 lans,
352 1421 380 1450 in
403 1421 523 1450 medium
542 1422 663 1452 adducit.
681 1425 752 1454 Sane
774 1436 834 1464 quae
853 1426 889 1455 ad
907 1427 996 1456 Vetus

248 1467 449 1496 Testamentum
468 1470 613 1507 pertinent,
629 1477 659 1499 ut
675 1471 736 1509 quis
750 1471 892 1501 confertim
905 1471 977 1502 dieat
987 1495 996 1508 ,
1013 1465 1032 1489 Β

249 1513 384 1553 ejusmodi
403 1520 475 1543 sunt.
489 1514 519 1543 In
538 1516 615 1546 Novo
627 1523 717 1546 autem
730 1527 760 1546 ea
770 1540 778 1554 ,
791 1528 850 1556 quae
864 1517 891 1546 in
903 1518 998 1548 Veteri

248 1559 414 1598 aenigmatice
433 1560 504 1590 dicta
517 1569 580 1591 sunt
591 1585 599 1599 ,
623 1563 787 1593 exhihentur
800 1576 808 1592 .·
829 1563 864 1593 de
878 1564 997 1604 prophe-

252 1605 295 1634 tiis
315 1605 414 1643 loquor
427 1628 435 1643 ‚
457 1606 557 1645 quibus
578 1608 760 1638 testimonium
781 1609 924 1650 perhibent
943 1610 1002 1650 ipsa

253 1662 351 1691 opera,
371 1662 468 1692 nempe
487 1653 549 1682 vitae
570 1654 725 1684 institutum
745 1655 781 1684 ad
801 1656 897 1685 caelum
918 1667 1003 1696 usque

255 1698 418 1738 pertingens,
433 1709 529 1727 areana
540 1699 694 1730 futurorum
703 1701 784 1737 bona,
799 1702 871 1740 ροσε
879 1713 932 1732 nec
939 1713 1002 1732 ocu-

257 1744 304 1773 lus
317 1745 400 1781 vidit,
417 1754 469 1773 nec
482 1746 563 1774 auris
579 1746 696 1776 audivit
709 1770 717 1784 ,
734 1757 786 1778 nec
800 1749 831 1777 in
846 1758 897 1777 cor·
913 1749 1003 1778 homi-

257 1791 302 1819 nis
329 1790 533 1820 ascenderunt.
555 1792 664 1822 Novum
687 1794 789 1834 quippe
802 1795 1002 1825 Testamentum

256 1836 394 1865 hominem
406 1847 454 1876 per
460 1837 547 1867 Vetus
554 1845 704 1878 acceptum,
718 1840 854 1870 moderate
866 1847 893 1870 et
903 1842 1003 1871 sensim

258 1894 273 1911 a
289 1883 408 1921 nequitia
421 1882 456 1911 ad
469 1883 628 1923 angelorum
641 1885 796 1915 institutum
813 1886 934 1917 adducit.
947 1888 1003 1918 Ita-

259 1939 311 1967 que
332 1928 436 1958 Veteris
450 1928 560 1967 quidem
574 1930 739 1960 Testamenti
761 1942 830 1972 opus
842 1940 899 1962 erat
912 1933 1005 1963 homi-

260 1985 321 2003 nem
333 1975 427 2011 sacere;
435 1975 505 2004 Novi
512 1982 601 2004 autem
611 1976 747 2006 hominem
755 1978 859 2008 efficere
867 1979 1003 2018 angelum.

261 2020 487 2059 Quandoquidem
504 2021 575 2050 enim
598 2024 717 2062 nequitia
736 2024 765 2053 id
786 2025 873 2055 effecit
892 2033 921 2055 ut
937 2025 1006 2056 illud
1023 2021 1042 2045 Ε

263 2067 403 2108 perderent
417 2078 471 2106 quo
482 2067 604 2098 homines
615 2077 689 2099 erant
705 2093 712 2107 ‚
727 2071 853 2111 ipsosque
868 2073 896 2102 in
914 2073 1010 2102 bruto-

263 2127 326 2144 rum
335 2115 531 2154 ignobilitatem
543 2114 650 2155 dejecit,
665 2128 696 2147 ac
711 2118 806 2148 ferinos
820 2119 950 2159 reddidit;
964 2120 1009 2150 lex

263 2161 376 2201 quidem
395 2161 457 2190 illos
470 2172 485 2190 a
500 2161 547 2191 tali
560 2163 664 2192 malitia
678 2164 808 2195 liberabat
816 2177 825 2203 3
847 2167 932 2206 gratia
945 2177 1009 2198 vero

265 2208 331 2248 ipsis
341 2208 410 2237 hanc
424 2208 572 2247 angelicam
587 2209 715 2239 virtutem
728 2211 815 2242 addit.
832 2214 902 2243 Sunt
919 2220 1009 2243 autem

266 2254 336 2284 Novi
358 2255 520 2284 Testamenti
547 2255 629 2293 libri,
657 2257 785 2296 Epistolae
807 2260 1010 2298 quatuordecim

267 2300 356 2338 Pauli,
366 2308 480 2340 quatuor
486 2302 645 2341 Evangelia,
657 2302 711 2332 duo
725 2304 922 2346 discipulorum
934 2307 1011 2337 Chri-

267 2347 316 2385 sti,
331 2348 443 2378 Joannis
456 2355 482 2377 et
495 2348 627 2386 Matthaei,
642 2348 697 2379 duo
711 2352 800 2380 autem
813 2354 894 2382 Lucae
903 2359 929 2382 et
936 2355 1012 2383 Mar-

268 2395 291 2424 ci
309 2408 315 2424 :
331 2405 449 2434 quorum
472 2395 542 2424 alius
561 2397 652 2433 Petri,
674 2397 745 2427 alius
763 2399 841 2428 Pauli
861 2400 1013 2441 discipulus

268 2442 327 2471 fuit.
348 2441 394 2472 Illi
417 2442 488 2471 enim
512 2442 578 2482 ipsis
599 2443 685 2473 oculis
706 2445 847 2475 Christum
866 2446 1010 2483 viderant,

301 2546 312 2557 ··¹
330 2540 366 2563 De
382 2538 450 2564 hisee
460 2539 559 2565 duobus
569 2539 706 2573 prophetias
717 2541 848 2575 generibus
859 2543 967 2576 idipsum
979 2543 1031 2569 fere

269 2576 332 2601 dicit
349 2578 389 2602 Σο.
411 2577 606 2611 Chrysostomus
624 2580 655 2604 T.
678 2581 714 2613 11,
735 2581 844 2607 Romilia
862 2583 876 2606 6
901 2582 933 2608 de
948 2584 1030 2608 Poeni-

573 159 602 181 S.
630 158 772 182 JOANNIS
798 156 978 181 CRRYSOST-
1012 157 1166 182 ARcmEP.
1195 159 1466 184 CONSTANTINOP-

1033 222 1079 249 τοῦ
1091 221 1208 262 Χριστοῦ
1222 224 1459 262 προαναφωνῆσαι·
1478 221 1539 251 ἔνθα
1560 223 1617 261 μετ’
1630 220 1764 261 ἆκριὸείας
1777 221 1806 250 οὐ

1033 266 1095 307 περὶ
1107 270 1153 303 τ’ἠς
1165 267 1310 308 παρουσίας
1325 267 1420 307 μόνον,
1443 267 1512 297 ἀλλὰ
1522 267 1568 297 καὶ
1584 267 1646 308 περὶ
1660 263 1696 296 ὧν
1713 266 1809 306 ἔμελλε

1034 313 1244 354 παραγενόμενος
1257 314 1383 355 πράττειν
1395 336 1404 351 ,
1431 314 1476 344 καὶ
1488 314 1550 355 περὶ
1573 317 1619 344 τοῦ
1642 314 1736 349 τόκου,
1764 313 1809 343 καὶ

1033 359 1152 400 περὶτῆς
1164 360 1311 400 γεννήσεως
1320 384 1327 398 ,
1343 361 1387 390 καὶ
1401 360 1463 401 περὶ
1474 363 1519 390 τοῦ
1535 362 1648 401 σταυροῦ
1657 381 1667 397 ,
1687 360 1733 390 καὶ
1748 360 1810 400 περὶ

1034 407 1086 435 τῶν
1100 406 1242 445 θαυμάτων
1251 428 1259 443 ,
1274 407 1391 447 καὶπερὶ
1404 409 1452 443 τῆς
1473 409 1526 436 τῶν
1541 408 1667 446 μαθητῶν
1681 407 1810 445 ἐκλογῆς,

1034 451 1095 492 περὶ
1112 453 1160 487 τῆς
1184 454 1277 488 καινῆς
1298 452 1450 489 Διαθήκης,
1477 452 1539 492 περὶ
1553 453 1600 487 τῆς
1621 452 1743 484 παύσεως
1756 452 1810 483 τῶν

1035 499 1185 528 Ἰουδαϊκῶν
1194 519 1202 534 ,
1215 498 1260 528 καὶ
1275 499 1337 539 περὶ
1350 502 1396 529 τοῦ
1410 500 1559 539 ἀφανισμοῦ
1572 499 1624 528 τῶν
1636 497 1812 533 Ἑλληνικῶν,

1035 544 1079 573 καὶ
1094 544 1155 584 περὶ
1172 547 1220 580 τῆς
1231 545 1361 584 εὐγενείας
1372 547 1421 580 τῆς
1431 544 1500 574 κατὰ
1510 544 1558 580 τὴν
1573 544 1738 580 Ἐκκλησίαν
1746 565 1754 579 ,
1767 542 1812 573 καὶ

1035 590 1097 631 περὶ
1123 592 1176 620 τῶν
1197 591 1284 620 ἄλλων
1302 590 1426 621 ἁπάντων
1446 593 1499 620 τῶν
1519 590 1630 626 καθεξῆς
1643 591 1724 620 ὄντων
1740 600 1811 630 πρα-

1035 637 1156 677 γμάτων.
1178 638 1273 666 Ταῦτα
1286 637 1374 666 πάντα
1389 636 1457 676 μετὰ
1475 637 1617 677 σαφηνείας
1631 636 1737 672 ἁπάσης
1760 635 1813 676 πρὸ

1036 685 1135 713 πολλοῦ
1150 686 1196 714 τοῦ
1214 683 1309 724 χρόνου
1328 682 1552 724 προανεφώνησαν
1565 684 1589 712 οἱ
1602 685 1747 723 προφῆται,
1759 685 1771 699 ⁶
1781 682 1815 711 τὰ

1038 731 1085 770 μὲν
1101 730 1144 760 διὰ
1155 730 1245 761 τύπων
1253 754 1261 768 ,
1271 730 1306 760 τὰ
1320 731 1348 760 δὲ
1362 729 1406 759 διὰ
1417 729 1552 770 ῥημάτων.
1564 729 1618 759 Καὶ
1631 728 1682 769 γὰρ
1693 728 1741 758 δύο
1750 739 1816 769 προ-

1037 777 1147 818 φητείας
1159 776 1215 813 εἴδη
1224 800 1232 813 ,
1257 776 1303 807 καὶ
1317 776 1360 806 διὰ
1374 776 1458 816 ἔργων
1479 775 1525 804 καὶ
1539 775 1582 805 διὰ
1601 775 1686 814 λόγων
1699 786 1817 814 προανα-

1038 826 1132 863 φωνεῖν
1160 821 1194 851 τὰ
1215 821 1361 861 μέλλοντα·
1393 820 1436 850 διὰ
1459 819 1545 860 λόγων
1567 820 1629 859 μὲν,
1643 821 1680 853 ὡς
1692 819 1754 848 ὅταν
1772 818 1817 848 τὸν

1039 868 1151 908 σταυρὸν
1166 867 1318 907 βουλόμενοι
1341 868 1423 896 εἰπεῖν
1431 889 1439 903 ,
1464 866 1575 906 λέγωσιν
1584 887 1592 901 ,
1617 865 1666 899 Ὧς
1685 864 1818 905 πρόὸατον

1040 913 1084 944 ἐπὶ
1098 913 1201 954 σφαγὴν
1214 913 1298 953 ἤχθη,
1321 912 1367 942 καὶ
1377 914 1413 946 ὡς
1428 912 1510 952 ἀμνὸς
1524 911 1640 941 ἐναντίον
1655 913 1701 941 τοῦ
1716 910 1820 951 κείρον-

1040 971 1084 993 τος
1096 959 1174 988 αὐτὸν
1187 959 1297 997 ἄφωνος.
1311 959 1399 988 Τοῦτο
1409 958 1457 998 μὲν
1468 954 1511 988 οὖν
1525 957 1568 987 διὰ
1577 957 1662 997 λόγων
1674 953 1743 986 εἶλον
1751 968 1818 996 προ-

1042 1009 1185 1047 φητεῦσαι·
1203 1006 1235 1035 δι’
1252 1005 1335 1045 ἔργων
1350 1005 1394 1041 δὲ,
1421 1005 1482 1034 ὅταν
1497 1004 1624 1045 Ἀὅραὰμ
1638 1003 1763 1044 φαίνηται
1775 1002 1819 1032 τὸν

1042 1052 1098 1082 υἱὸν
1109 1051 1258 1092 ἀναφέρων,
1273 1051 1318 1081 καὶ
1331 1051 1376 1081 τὸν
1393 1051 1466 1091 κριὸν
1480 1050 1684 1091 κατασφάττων.
1704 1049 1756 1079 Διὰ
1769 1049 1821 1088 γὰρ

1043 1100 1095 1127 τῶν
1110 1097 1274 1138 πραγμάτων
1287 1101 1467 1137 προανατυποῖ
1481 1100 1527 1126 τοῦ
1539 1099 1652 1137 σταυροῦ
1665 1096 1713 1132 τὴν
1724 1095 1822 1131 εἰκόνα,

1042 1145 1088 1174 καὶ
1107 1143 1155 1180 τὴν
1176 1143 1242 1183 ὑπὲρ
1255 1145 1302 1179 τῆς
1316 1143 1471 1182 οἰκουμένης
1485 1142 1612 1182 ἐσομένην
1629 1141 1743 1183 σφαγήν.
1769 1139 1823 1170 Καὶ

1043 1189 1157 1224 πολλοὺς
1171 1190 1201 1219 ἄν
1216 1202 1256 1223 τις
1272 1190 1343 1230 εὕροι
1357 1189 1491 1223 τοιούτους
1503 1189 1600 1222 τύπους
1614 1189 1642 1218 ἐν
1655 1190 1690 1228 τῆ
1702 1189 1826 1228 Παλαιᾷ,

1044 1236 1090 1266 καὶ
1103 1235 1264 1277 προφητείας
1274 1235 1317 1265 διὰ
1330 1235 1506 1275 πραγμάτων.
1519 1235 1560 1264 Οὖ
1575 1233 1653 1274 μονὸν
1667 1233 1695 1263 δὲ
1708 1234 1743 1263 τὰ
1754 1233 1822 1273 μέλ-

1045 1283 1126 1312 λοντα
1139 1281 1302 1322 προφητείας
1315 1282 1386 1311 ἐστὶν
1402 1284 1498 1317 εἰπεῖν,
1523 1280 1593 1310 ἀλλὰ
1605 1280 1652 1310 καὶ
1665 1281 1699 1310 τὰ
1720 1281 1824 1320 παρελ-

1046 1328 1125 1358 θόντα
1136 1351 1144 1365 ,
1172 1328 1236 1367 ὅπερ
1251 1327 1352 1366 μᾶλλόν
1375 1328 1432 1357 ἐστι
1445 1327 1519 1368 παρὰ
1532 1328 1646 1367 Μωϋσῇ.
1672 1325 1762 1357 Ὅταν
1775 1325 1826 1366 γὰρ

1047 1374 1109 1414 περὶ
1136 1375 1246 1414 οὐρανοῦ
1271 1373 1317 1402 καὶ
1329 1376 1378 1412 γῆς
1397 1373 1552 1412 διαλέγηται
1564 1396 1572 1410 ,
1599 1373 1764 1413 παρελθόντα
1779 1373 1827 1412 μὲν

1048 1420 1120 1460 λέγει
1139 1419 1286 1460 πράγματα
1300 1419 1345 1449 καὶ
1358 1419 1530 1460 κεκρυμμένα
1540 1421 1578 1459 τῷ
1591 1418 1694 1459 χρόνῳ,
1718 1430 1826 1459 προφη-

1049 1466 1108 1495 τεία
1130 1465 1157 1495 δὲ
1170 1465 1237 1494 αὐτὰ
1251 1464 1400 1505 φθέγγεται.
1423 1465 1529 1504 Ὥσπερ
1541 1464 1593 1504 γὰρ
1603 1464 1637 1494 τὰ
1651 1464 1761 1504 μηδέπω
1784 1476 1828 1504 γε·

1051 1511 1148 1551 νόμενα
1158 1533 1165 1548 ,
1175 1510 1221 1541 καὶ
1234 1513 1321 1551 ἀφανῆ
1334 1510 1374 1540 ἔτι
1388 1510 1553 1551 τυγχάνοντα
1563 1532 1571 1547 ,
1583 1510 1744 1550 προφητείας
1757 1510 1828 1540 ἐστὶν

1051 1560 1134 1588 εἰπεῖν
1142 1580 1150 1595 ,
1172 1557 1241 1596 οὕτω
1260 1557 1295 1586 τὰ
1318 1557 1446 1596 γενόμενα
1471 1556 1533 1595 μὲν,
1557 1556 1728 1596 κεκρυμμένα
1741 1556 1770 1586 δὲ
1791 1558 1830 1597 τῷ

1051 1603 1155 1645 χρόνῳ,
1170 1606 1256 1632 ταῦτα
1270 1602 1438 1643 ἀνακαλύψαι
1457 1602 1502 1631 καὶ
1516 1604 1553 1636 εἷς
1566 1602 1645 1642 μέσον
1660 1604 1768 1642 ἀγαγεῖν
1781 1605 1830 1639 τῆς

1053 1651 1112 1686 ἴσης
1125 1648 1236 1690 χάριτός
1247 1650 1328 1678 ἐστιν.
1338 1648 1418 1679 Ἔστι
1432 1648 1459 1679 δὲ
1475 1648 1521 1678 καὶ
1540 1648 1575 1678 τὰ
1587 1648 1709 1689 παρόντα
1730 1660 1832 1690 προφη-

1053 1696 1125 1729 τείας
1139 1697 1221 1725 εἰπεῖν
1231 1717 1239 1732 ,
1252 1694 1315 1725 ὅταν
1329 1707 1356 1724 τι
1366 1694 1472 1735 γίνηται
1486 1694 1544 1734 μὲν,
1558 1694 1709 1735 upon-mvn:
1721 1694 1765 1732 δὲ,
1778 1691 1832 1724 οἷον

1054 1742 1099 1772 ἐπὶ
1112 1745 1158 1771 τοῦ
1185 1741 1301 1772 Ἀνανίου
1321 1741 1367 1771 καὶ
1380 1744 1428 1777 τῆς
1443 1740 1607 1782 Σαπφείρης.
1621 1741 1698 1771 Ἐκεῖ
1706 1741 1758 1782 γὰρ
1770 1741 1831 1771 οὔτε

1054 1788 1186 1829 παρελθὸν
1196 1811 1204 1826 ,
1220 1787 1279 1818 οὔτε
1295 1788 1391 1828 μέλλον
1409 1784 1441 1825 ἦν
1450 1812 1458 1826 ,
1473 1788 1542 1818 ἀλλὰ
1555 1788 1640 1829 παρὸν
1659 1788 1723 1829 μὲν,
1736 1789 1831 1825 ἄδηλον

1056 1835 1093 1865 δέ.
1107 1835 1142 1865 ‘O
1156 1834 1242 1864 τοίνυν
1254 1835 1355 1875 Πέτρος
1367 1835 1517 1875 προφητείᾳ
1529 1835 1597 1864 αὐτὰ
1610 1834 1761 1876 ἐκκαλύψας
1769 1858 1777 1872 ,
1795 1837 1834 1870 εἰς

1057 1882 1137 1921 μέσον
1152 1881 1219 1921 ἄγει.
1238 1881 1292 1911 Καὶ
1315 1881 1350 1910 τὰ
1375 1881 1423 1920 μὲν
1448 1883 1494 1917 τῆς
1516 1882 1655 1918 Παλαιᾶς,
1680 1885 1717 1916 ὥς
1739 1882 1771 1912 ἄν
1794 1894 1834 1916 τις

1058 1928 1209 1968 ἇδρομερῶς
1230 1926 1312 1962 εἴποι,
1339 1929 1432 1956 ταῦτα.
1461 1926 1526 1956 Ἐπὶ
1548 1926 1576 1956 δὲ
1595 1929 1644 1962 τῆς
1674 1929 1775 1963 Καινῆς
1801 1927 1835 1956 τὰ

1059 1975 1086 2003 ἐν
1103 1975 1137 2013 τῇ
1153 1974 1262 2013 Παλαιᾷ
1275 1973 1474 2012 αἰνιγματωδῶς
1484 1971 1626 2012 εἰρημένα,
1639 1975 1724 2002 ταῦτα
1737 1973 1836 2002 δείκνυ-

1060 2031 1120 2056 ται,
1137 2018 1184 2053 τὰς
1198 2017 1359 2059 προφητείας
1382 2017 1453 2058 λέγω
1472 2018 1519 2051 τὰς
1537 2018 1580 2048 διὰ
1600 2019 1653 2048 τῶν
1667 2018 1749 2059 ἔργων
1766 2031 1836 2059 μαρ-

1061 2064 1236 2105 τυρουμένας,
1251 2064 1300 2101 τὴν
1312 2065 1365 2093 τῶν
1376 2065 1492 2104 οὐρανῶν
1506 2062 1658 2102 ἁπτομένην
1679 2064 1817 2094 πολιτείαν
1827 2087 1836 2101 ,

1061 2111 1095 2141 τὰ
1109 2111 1247 2151 ἀπόρῤητα
1259 2112 1311 2139 τῶν
1327 2110 1476 2149 μελλόντων
1491 2109 1592 2149 ἀγαθὰ,
1600 2109 1633 2140 Ἃ
1646 2111 1779 2150 ὀφθαλμὸς
1791 2113 1839 2141 οὔκ

1062 2153 1128 2194 εἶδε,
1150 2158 1196 2187 καὶ
1215 2152 1259 2190 οῧς
1272 2159 1320 2186 οὐκ
1335 2156 1446 2194 ἤκουσε,
1460 2157 1505 2186 καὶ
1517 2156 1562 2186 ἐπὶ
1575 2156 1686 2197 καρδίαν
1700 2157 1837 2197 ἀνθρώπω

1063 2206 1111 2235 οὐκ
1122 2203 1212 2239 ἄνέὸη.
1227 2202 1426 2243 Παραλαὸοῦσα
1443 2202 1495 2243 γὰρ
1514 2202 1558 2232 τὸν
1573 2203 1709 2243 ἄνθρωπον
1730 2203 1773 2233 διὰ
1792 2205 1839 2239 τῆς

1063 2251 1186 2283 natata<
1203 2252 1221 2285 ἡ
1246 2248 1348 2286 Καινὴ,
1370 2248 1528 2289 συμμέτρως
1551 2261 1608 2283 πως
1620 2248 1666 2278 καὶ
1681 2251 1729 2284 τῆς
1745 2249 1840 2282 κακίας

1065 2296 1153 2338 ἠρέμα
1166 2294 1369 2335 ἀπαλλαγέντα,
1385 2294 1450 2335 πρὸς
1476 2295 1524 2331 τὴν
1544 2297 1597 2325 τῶν
1616 2294 1734 2335 ἀγγέλων
1748 2295 1840 2335 ἀνάγει

1066 2345 1211 2376 πολιτείαν.
1234 2344 1320 2374 Ὥστε
1333 2346 1382 2380 τῆς
1399 2345 1446 2384 μὲν
1460 2346 1583 2379 Παλαιᾶς
1598 2345 1673 2385 ἔργον
1685 2341 1717 2381 ἦν
1729 2347 1841 2381 ποιῆσαι

1067 2395 1202 2436 ἄνθρωπον
1212 2417 1220 2431 ,
1246 2397 1294 2430 τῆς
1309 2394 1337 2424 δὲ
1351 2396 1452 2431 Καινῆς
1466 2395 1510 2425 τὸν
1525 2395 1661 2436 ἄνθρωπον
1678 2396 1841 2436 ἐργάσασθαι

1067 2446 1187 2486 ἄγγελον.
1202 2445 1313 2482 Ἐπειδὴ
1327 2445 1379 2486 γὰρ
1394 2448 1412 2482 ἡ
1428 2446 1510 2476 κακία
1527 2446 1573 2476 καὶ
1591 2446 1622 2475 τὸ
1634 2446 1786 2487 ἀνθρώπους
1805 2442 1841 2476 εἶ-

1081 2545 1167 2575 tentia,
1180 2553 1206 2577 p.
1221 2545 1279 2576 323,
1294 2544 1325 2570 D.
