1904 2840
117 1634 169 1656 Jub.
189 1638 206 1656 l.
219 1638 256 1655 21.

263 208 334 243 686

262 282 336 310 diam
349 281 481 321 explicem
495 290 548 310 non
563 281 636 318 novi,
649 281 753 311 etiamsi
767 280 880 314 laudum
896 279 1004 309 culmen

263 323 290 350 in
308 331 354 350 ore
372 321 467 350 feram.
482 322 607 350 Parentes
629 320 779 350 secundum
800 330 919 357 carnem,
940 330 1004 349 cum

262 361 351 390 filium
364 360 463 390 habent
476 366 628 390 extremum
637 360 754 390 halitum
766 359 940 396 emittentem,
952 359 961 388 i
981 359 1005 389 si

262 400 390 437 assident,
402 400 499 430 ultima
509 400 592 430 verba
610 400 760 441 excipiunt,
774 409 871 429 manus
883 370 1004 439 compie-

262 447 382 477 ctuntur,
394 439 596 469 constitutiones
608 439 643 469 de
654 440 735 470 rebus
746 438 932 479 inexspectatis
941 448 1004 468 con-

263 481 382 517 cinnant,
397 490 426 509 os
435 479 626 509 deosculantur
639 479 737 510 ultimo
747 486 889 520 parentum
901 478 1004 508 osculo.

263 519 371 550 Exinde
390 530 453 549 cum
466 519 540 549 filius
561 519 678 549 animam
697 519 838 555 efflaverit,
849 519 928 559 jussu
947 519 1006 557 ejus

263 559 311 598 qui
332 558 452 595 dederat,
469 566 595 599 parentes
614 559 696 589 illum
718 564 892 600 componunt,
912 568 1007 588 manus

262 598 429 636 extendunt,
451 599 544 630 oculos
565 598 709 637 claudunt,
729 609 758 629 ca
781 606 810 628 ut
831 597 1005 634 concinnant,

263 638 344 679 pedes
353 638 512 676 extendunt,
528 638 632 675 lavant,
652 638 743 679 dignis
768 637 924 668 uneralibus
936 638 1005 667 ami-

263 678 352 714 ciunt,
365 685 445 717 atque
460 678 600 719 propriam
613 678 791 709 calamitatem
806 678 936 708 solantur.
952 677 1006 707 Sed

263 717 331 757 quid
350 718 439 749 simile
458 728 585 757 generoso
602 718 668 748 huic
684 717 809 748 athletae?
822 717 897 747 Abiit
911 716 946 747 ad
956 716 1006 746 do·

263 769 338 788 mum
352 768 413 797 quae
426 757 492 798 ipsis
512 768 566 789 una
579 758 725 797 eademque
737 758 804 787 hora
816 757 913 786 domus
926 764 952 786 et
965 767 1006 786 se-

261 798 401 837 pulcrum,
415 797 572 829 convivium
585 805 611 828 et
629 798 763 834 tumulus,
776 798 875 826 festum
887 803 914 826 et
928 796 1007 826 {letus

263 838 332 867 sacta
343 844 392 867 est.
405 837 584 867 Circumfudit
594 844 621 868 et
631 837 757 877 quaesivit
769 837 916 866 liberorum
927 847 1006 866 mem-

264 877 322 913 bra,
343 884 370 907 et
392 877 496 907 invenit
517 877 612 908 vinum
632 885 659 907 et
680 877 847 917 sanguinem,
866 886 963 916 panem
981 882 1008 904 et

263 927 385 954 manum,
399 916 510 950 oculum
529 925 555 948 et
573 917 726 957 pulverem.
745 917 781 947 Et
795 916 911 956 excepit,
927 915 1008 944 modo

263 967 384 994 manum,
396 956 478 986 modo
487 957 593 997 pedem,
605 967 670 986 mox
682 963 764 996 caput
776 966 838 986 cum
850 954 1006 992 ruderibus,

263 995 401 1035 lapidibus
412 1003 439 1026 et
452 996 533 1036 lignis
547 1008 555 1026 :
569 996 649 1026 modo
662 996 775 1034 ventris,
789 1005 855 1025 mox
866 994 1008 1024 intestino-

265 1046 325 1064 rum
339 1043 452 1076 partem,
466 1036 568 1067 viscera
585 1046 648 1066 cum
662 1035 776 1066 macerie
789 1035 908 1065 mnsusa.
924 1033 1008 1064 Sede-

263 1075 309 1104 hat
320 1082 408 1104 autem
422 1075 534 1113 athleta,
548 1076 648 1106 virtute
661 1075 696 1105 ad
709 1075 805 1105 caelum
816 1085 901 1114 usque
915 1084 1008 1104 assur-

264 1125 338 1153 gens,
351 1115 471 1155 dispersa
483 1115 632 1145 liberorum
642 1115 762 1145 membra
773 1114 879 1146 videns.
891 1112 1009 1144 Sedebat

264 1161 390 1194 coaptans
401 1155 520 1184 membra
527 1155 666 1192 membris,
675 1164 786 1184 manum
793 1154 918 1191 brachio,
928 1160 1009 1193 caput

265 1194 382 1232 pectori,
402 1204 471 1233 genu
489 1194 592 1224 femori.
615 1195 708 1234 Neque
724 1194 796 1224 enim
814 1193 936 1232 vulgaris
953 1200 1010 1223 erat

265 1232 419 1269 calamitas,
439 1233 488 1263 sed
505 1233 639 1262 diabolica
658 1233 812 1274 operatione
826 1240 852 1262 et
868 1232 1010 1273 tyrannide

265 1282 372 1301 omnem
386 1283 535 1302 sermonem
555 1272 687 1303 excedens
704 1271 874 1303 vicissitudo.
895 1271 1010 1302 Sedebat

265 1321 330 1350 ergo
348 1311 442 1341 beatus
461 1312 526 1348 Jub,
544 1322 607 1341 vere
627 1312 704 1342 sortis
721 1311 841 1348 adamas,
856 1311 1010 1341 discernens

267 1350 415 1380 liberorum
428 1362 540 1381 suorum
553 1351 684 1388 membra,
700 1361 796 1382 cavens
807 1361 841 1379 ne
853 1350 1010 1380 masculinis

267 1390 396 1420 membris
409 1391 521 1420 feminea
535 1392 718 1431 conjungeret,
733 1401 766 1420 ne
778 1391 891 1420 sormam
903 1389 1011 1420 virilem

267 1429 390 1459 femineis
397 1430 525 1460 membris
533 1437 676 1470 coaptaret.
685 1432 710 1460 Ο
721 1440 874 1469 generosam
881 1429 1009 1466 animam,

267 1469 426 1508 angelorum
443 1469 536 1499 laudes
556 1469 744 1510 superantem!
767 1469 880 1507 Quare?
898 1469 970 1506 Quia
983 1469 1011 1497 in

268 1508 395 1538 omnibus
414 1509 466 1539 sibi
482 1509 665 1539 accidentibus
687 1509 757 1538 nihil
778 1509 898 1549 peccavit
915 1508 969 1539 Job
983 1508 1011 1538 in

268 1554 410 1588 conspectu
421 1549 540 1578 Domini.
555 1548 610 1579 Sed
620 1559 670 1588 pro
680 1549 723 1578 his
733 1549 858 1578 omnibus
868 1548 1012 1588 perfectam

268 1587 416 1626 gratiarum
430 1588 560 1618 actionem
573 1588 699 1618 sacrificii
714 1589 773 1618 loco
785 1588 885 1617 obtulit
898 1588 957 1618 Deo
970 1587 1012 1616 di·

267 1637 330 1657 cens
346 1639 353 1656 :
368 1627 412 1657 Sit
433 1639 539 1657 nomen
556 1629 678 1657 Domini
695 1628 889 1666 benedictum,
903 1637 975 1657 nunc
986 1633 1013 1656 et

268 1677 384 1708 semper,
398 1674 424 1698 et
437 1667 465 1698 in
476 1668 572 1698 saecula
583 1667 754 1698 saeculorum.
773 1670 868 1698 Amen.

306 2206 460 2245 Injustum
473 2210 501 2234 et
508 2205 623 2234 beatum
636 2205 659 2234 J
659 2205 707 2242 ob,
717 2204 814 2234 Sermo
825 2204 981 2233 secundus.

317 2307 330 2334 t
339 2327 346 2334 .
369 2306 422 2334 Res
436 2313 538 2343 mngnae
551 2302 655 2342 magnis
668 2313 738 2340 opus
750 2302 850 2332 habent
860 2301 1018 2331 narrationi-

276 2345 339 2381 bus,
349 2343 552 2385 splendidaeque
562 2344 698 2382 justorum
717 2342 836 2372 historia:
849 2341 1020 2381 splendidam

277 2385 399 2424 linguam
416 2390 584 2421 mentemque
602 2382 739 2422 postulant
745 2394 754 2421 5
775 2387 893 2411 mentem
913 2380 1021 2411 divinas

277 2425 430 2464 Scripturas
453 2423 554 2453 sincere
575 2422 814 2462 contemplantem,
835 2421 953 2460 linguam
975 2421 1023 2450 di-

278 2464 341 2494 vina
361 2464 589 2504 interpretantem,
610 2461 691 2500 idque
712 2461 882 2501 potissimum
903 2461 931 2489 in
952 2471 1023 2500 prae-

280 2505 348 2532 senti
367 2513 487 2532 sermone
503 2502 537 2531 de
557 2501 630 2531 beati
652 2501 716 2532 Jobi
736 2500 886 2537 laboribus,
907 2510 1025 2539 quorum

280 2543 349 2571 sama
365 2543 521 2572 universum
542 2542 635 2571 orbem
654 2540 817 2580 peragravit,
825 2546 851 2569 et
870 2540 1025 2580 exemplum

281 2581 413 2621 patientioe
426 2581 599 2621 splendidum
616 2581 702 2610 essert.
714 2581 848 2610 Cmterum
863 2580 967 2609 tametsi
981 2591 1024 2609 ar-

283 2628 439 2659 gumentum
452 2627 570 2650 nostram
581 2620 666 2651 vincit
679 2619 947 2657 infirmitatcm‚bcnc
960 2620 1023 2648 novi

1303 194 1318 203 κ

979 217 1110 242 spuma,

1057 278 1114 319 ρίας
1131 280 1219 319 ψυχῆς
1228 302 1236 316 ,
1258 278 1281 308 ὢ
1306 278 1423 318 μεγάλης
1449 280 1583 318 ὑπομονῆς
1605 278 1753 320 ὓπερὸολὴν
1779 279 1827 308 οὔκ

1056 318 1176 359 ἐχούσης.
1187 318 1292 352 Ὄντως
1301 340 1309 354 ,
1322 318 1454 358 ἀγαπητοὶ
1462 340 1472 356 ,
1480 318 1654 359 ,συγκέχυμαι
1666 319 1714 356 τὴν
1727 318 1829 359 ψυχὴν,

1057 359 1266 399 διαταράττομαι
1287 358 1319 388 τὸ
1346 359 1461 392 συνειδὸς
1475 381 1483 395 ,
1516 359 1592 398 καίγε
1620 358 1828 399 στεφανούμενον

1058 398 1163 437 βλέπων
1170 398 1215 427 τὸν
1226 398 1299 429 Ἰώὸ.
1310 397 1390 428 Ἀλλὰ
1403 398 1569 438 συγκέχυμαι
1579 401 1612 435 τῆ
1623 399 1697 439 ψυχῇ
1705 401 1750 428 νῦν
1761 399 1829 437 μᾶλ-

1057 439 1101 468 λον
1117 437 1179 477 ἐγὼ,
1193 438 1238 468 τὸν
1253 437 1410 478 στεφανίτην
1423 440 1501 478 ὁρῶν,
1512 438 1581 478 ἤπερ
1597 431 1694 472 ἐκεῖνος
1706 438 1766 468 τότε
1779 437 1828 472 τὴν

1057 478 1194 518 συμφορὰν
1205 480 1258 507 τῶν
1271 477 1370 507 τέκνων
1384 477 1426 507 ἐπ’
1440 478 1515 518 ὄψεσι
1531 477 1650 517 βλέπων·
1661 478 1829 518 συγκέχυμαι

1060 519 1094 557 τῇ
1125 519 1213 569 ψξχῇ·
1234 517 1333 556 νομίζω
1358 517 1386 547 δὲ
1414 516 1460 547 καὶ
1485 518 1554 556 ὑμᾶς
1575 516 1649 547 οὕτω,
1673 518 1829 548 διακεῖσθαι.

1060 558 1124 591 Πῶς
1132 569 1176 586 ουν
1187 557 1282 591 ἐξείπω
1293 557 1341 593 τὴν
1355 556 1486 593 τοσαύτην
1498 557 1708 597 τραγῳδίαν-,οὒκ
1718 557 1829 587 ἐπίστα-

1061 609 1119 636 μαι,
1134 597 1209 636 καίγε
1225 596 1274 633 τὴν
1285 596 1415 637 κορωνίδα
1428 599 1481 627 τῶν
1499 597 1636 636 ἐγκωμίων
1648 597 1693 626 ἐπὶ
1705 597 1829 636 γλώσσης

1059 636 1155 706 ἷέρων.
1171 638 1207 667 Οἱ
1227 636 1294 666 κατὰ
1307 637 1394 678 σάρκα
1404 640 1489 676 γονεῖς
1498 658 1506 672 ,
1519 635 1582 666 ὅταν
1595 636 1691 677 ἔχωσιν
1705 637 1760 667 υἱὸν
1773 641 1830 669 ταῖς

1074 677 1186 716 οχάταις
1212 677 1354 710 ἀναπνοαῖς
1377 676 1550 717 συνεχόμενον
1559 697 1568 712 ,
1592 676 1807 716 περικαθέζονται
1821 699 1830 712 ,

1058 716 1143 756 λόγων
1156 716 1314 746 τελευταίων
1326 717 1482 756 ἀκροῶνται,
1493 719 1584 755 χεῖρας
1598 717 1678 746 αὐτοῦ
1688 717 1830 756 περιπτύσ-

1059 767 1150 786 σονται
1158 778 1166 792 ,
1188 755 1318 795 συνταγὰς
1339 756 1400 796 περὶ
1421 757 1473 785 τῶν
1496 755 1633 792 ἀδοκήτων
1651 755 1830 792 συνάπτουσι,

1059 795 1273 865 ἱέἶμῆῗῖἶέῗδῖῗ
1282 795 1474 875 ἷὰτῗλῷἶῗῖῗ
1484 795 1668 869 ἶῶξέατἭ
1678 796 1831 865 ἕῖῗεῗῖἓ“

1059 848 1206 912 ἐκέὶῗιευοίῖεν,
1215 877 1245 905 Δοἱ
1255 848 1339 915 γχονεῖς
1349 848 1546 916 ζτχηὲατίζουσι
1553 896 1561 909 ,
1571 847 1664 915 {gripu
1678 848 1832 905 ἀποτείνουῖ

1060 927 1112 951 σιν,
1131 915 1281 955 ὀφθαλμοὺς
1293 914 1477 950 ἀποκλείουσι,
1488 913 1538 950 τὴν
1552 914 1669 955 κεφαλὴν
1685 915 1832 956 διορθοῧσι,

1060 954 1121 988 τοὺς
1146 954 1228 988 πόδας
1255 954 1445 991 ἀποτείνουσιν,
1474 954 1647 991 ἀπολούουσι,
1674 959 1729 988 τοῖς
1753 955 1832 990 ἀξίοις

1060 994 1235 1035 ἀμφιάζουσιν
1249 995 1293 1024 ἐντ
1332 994 1397 1031 ίοις,
1417 994 1463 1024 καὶ
1475 993 1524 1030 τὴν
1538 994 1606 1023 ἷδίαν
1622 994 1758 1035 συμφορὰν
1778 1007 1832 1024 πα-

1062 1036 1251 1074 ραμυθοῦνται.
1275 1034 1320 1065 ’At
1338 1034 1354 1064 ὰ
1382 1034 1409 1063 τί
1433 1033 1498 1074 πρὸς
1529 1033 1575 1063 τὸν
1602 1038 1719 1074 γενναῖον
1741 1037 1832 1064 τοῦτον

1062 1073 1180 1110 ἀθλητήν
1191 1084 1200 1110 ;
1214 1074 1343 1109 Ἀπῆλθεν
1357 1075 1393 1107 εἰς
1411 1073 1457 1103 τὸν
1471 1068 1542 1103 οἶκον
1555 1073 1600 1103 τὸν
1612 1073 1681 1104 κατὰ
1694 1074 1775 1104 ταύτὸ
1787 1076 1832 1104 καὶ

1063 1113 1125 1152 μίαν
1140 1113 1185 1143 καὶ
1198 1113 1246 1150 τὴν
1258 1113 1340 1150 αὐτὴν
1353 1113 1424 1152 ὥραν
1438 1108 1508 1143 οἷκον
1523 1113 1568 1143 καὶ
1582 1113 1674 1155 τάφον,
1687 1114 1834 1153 συμπόσιον

1027 1155 1046 1180 C
1062 1153 1107 1183 καὶ
1137 1156 1214 1193 ῶμα,
1227 1153 1320 1192 ἑορτὴν
1331 1153 1376 1183 καὶ
1385 1153 1478 1186 πένθος
1489 1152 1638 1192 γενόμενον.
1648 1153 1834 1194 Περιέσκαπτε

1062 1193 1107 1223 καὶ
1118 1165 1218 1229 χἒζήτει
1231 1195 1284 1223 τῶν
1298 1193 1396 1223 τέκνων
1410 1192 1444 1222 τὰ
1459 1192 1526 1233 μέλη
1537 1214 1545 1228 ,
1566 1193 1612 1222 καὶ
1625 1192 1659 1229 ηὕ
1678 1205 1749 1223 ισκεν
1765 1189 1834 1224 οἶνον

1061 1232 1107 1262 καὶ
1120 1228 1188 1271 αἷμα
1197 1255 1204 1268 ,
1219 1233 1297 1272 ἄρτον
1311 1233 1356 1262 καὶ
1370 1237 1449 1274 χεῖρα
1457 1253 1466 1268 ,
1478 1232 1614 1273 ὀφθαλμὸν
1627 1204 1676 1262 καῖ
1685 1233 1766 1263 κόνιν.
1780 1234 1834 1263 Καὶ

1062 1272 1196 1311 ἐλάμὸανε
1214 1272 1279 1302 ποτὲ
1304 1272 1352 1312 μὲν
1374 1277 1453 1313 χεῖρα
1462 1294 1471 1309 ,
1496 1273 1561 1302 ποτὲ
1583 1272 1611 1302 δὲ
1635 1272 1722 1310 πόδα,
1740 1273 1835 1303 ἄλλοτε

1063 1311 1181 1379 κεξαζὴν
1188 1311 1297 1385 {zio-tro
1312 1312 1381 1380 μεὶτὰ
1401 1315 1447 1381 τέἰῡ
1462 1311 1588 1374 {thy-⁰510<
1597 1333 1605 1348 ,
1621 1312 1731 1382 καὶτῶν
1740 1312 1836 1382 ο’,λὶίλθωη

1062 1363 1116 1420 ξέιν
1121 1363 1288 1430 ἓῗζέρῒονωζὰ
1303 1363 1602 1431 ἶῗτλὲογὲναμμέτῗξτξν
1608 1363 1754 1431 κΞωμαοίςτῖυν
1769 1365 1837 1422 ‹iti-«itti

1064 1429 1208 1470 φυρόμενα.
1219 1429 1376 1464 Ἔχαθέζετο
1387 1430 1416 1460 δὲ
1429 1433 1443 1460 ὁ
1456 1432 1550 1471 οὖρανο
1572 1430 1639 1467 ήκης
1652 1432 1750 1466 ἐκεῖνος
1763 1433 1837 1471 ἀγω-

1063 1482 1089 1499 νι
1134 1482 1154 1506 ,ς
1166 1493 1174 1507 ,
1189 1469 1403 1510 διεσπαραγμένα
1416 1469 1521 1510 βλέπων
1534 1443 1572 1499 τί
1581 1470 1648 1509 μέλη
1660 1473 1713 1500 τῶν
1725 1471 1835 1501 τέκνων.

1064 1509 1222 1544 Ἐκαθέζετο
1244 1509 1372 1544 συντιθεὶς
1396 1509 1465 1548 μέλη
1483 1510 1548 1550 πρὸς
1569 1509 1638 1548 μέλη
1647 1531 1655 1547 ,
1679 1514 1758 1551 χεῖρα
1771 1512 1837 1552 πρὸς

1066 1548 1207 1589 βραχίονα·
1219 1548 1394 1580 ἀναπλάττων
1407 1549 1525 1590 κεφαλὴν
1536 1549 1602 1589 πρὸς
1615 1551 1726 1586 στῆθος,
1737 1551 1837 1591 γόνατα

1064 1588 1130 1628 πρὸς
1141 1589 1201 1623 τοὺς
1224 1588 1334 1628 μηρούς.
1350 1590 1391 1619 Οὔ
1404 1589 1456 1629 γὰρ
1468 1585 1501 1626 ἦν
1515 1589 1564 1628 μία
1585 1591 1637 1619 τῶν
1651 1590 1808 1628 συμὸάντων
1819 1594 1836 1627 ἡ

1065 1628 1190 1669 συμφορὰ
1200 1651 1208 1665 ,
1223 1629 1282 1658 ἀλλ’
1298 1629 1330 1658 ἐκ
1343 1628 1496 1668 διαὸολικῆς
1509 1628 1640 1669 ἐνεργείας
1661 1629 1707 1659 καὶ
1718 1631 1838 1680 τυραννί-

1066 1668 1109 1701 δος
1122 1671 1140 1704 ἡ
1153 1668 1241 1698 πάντα
1254 1667 1332 1707 λόγον
1345 1668 1540 1709 ὓπερὸαίνουσα
1561 1670 1742 1709 καταστροφή.
1765 1671 1839 1700 Εκα-

1067 1707 1156 1742 θέζετο
1169 1707 1233 1738 'hbe
1249 1708 1345 1745 τοίνυν,
1363 1710 1378 1738 ὁ
1398 1709 1502 1744 ἀληθῶς
1521 1708 1675 1749 καρτερικὸς
1688 1709 1792 1750 ἀδάμας
1802 1733 1811 1747 ,
1825 1713 1840 1740 ὃ

1068 1747 1196 1788 μακάριος
1206 1770 1215 1783 ,
1240 1747 1380 1788 διακρίνων
1403 1750 1456 1777 τῶν
1477 1747 1576 1778 τέκνων
1597 1749 1676 1778 αὐτοῦ
1700 1749 1734 1779 τὰ
1753 1749 1821 1789 μέλη
1831 1773 1840 1787 ,

1068 1787 1158 1826 μήπου
1169 1789 1222 1817 τῶν
1235 1789 1346 1823 θηλειῶν
1355 1786 1390 1816 τὰ
1400 1787 1469 1826 μέλη
1482 1787 1553 1818 κατὰ
1563 1790 1616 1817 τῶν
1627 1789 1771 1828 ἀρσενικῶν
1783 1790 1840 1820 δια-

1067 1827 1158 1866 πλάσῃ
1175 1829 1273 1866 μελῶν,
1287 1827 1376 1867 μήπου
1388 1827 1419 1857 τὸ
1434 1827 1570 1868 ἀρσενικὸν
1584 1830 1677 1868 σχῆμα
1693 1831 1730 1863 εἰς
1744 1830 1779 1860 τὰ
1793 1832 1841 1866 τῆς

1070 1867 1176 1901 θηλείας
1194 1866 1262 1911 μέλη
1284 1870 1463 1917 συναρμοσθῇ.
1474 1867 1512 1897 Ὦ
1529 1861 1648 1907 γενναίας
1669 1869 1773 1910 ψυχῆς,
1791 1869 1839 1906 τὴν

1069 1908 1123 1936 τῶν
1137 1907 1256 1946 ἀγγέλων
1275 1908 1407 1947 εὖφημιαν
1419 1906 1638 1947 ὑπερὸαινούσης.
1653 1908 1706 1938 Διὰ
1718 1909 1762 1946 τίς
1776 1909 1842 1940 ιὈϊι.

1070 1947 1096 1975 ἐν
1106 1951 1172 1975 πᾶσι
1181 1946 1283 1980 τούτοις
1291 1950 1345 1979 τοῖς
1353 1945 1550 1986 συμὸεὸηκόσιν
1558 1948 1630 1987 αὐτῷ
1640 1948 1714 1978 οὐδὲν
1722 1948 1841 1990 ἥμαρτεν

1071 1985 1135 2015 ’[ὼὸ
1157 1986 1272 2015 ἐναντίον
1296 1985 1405 2026 Κυρίου,
1429 1987 1488 2016 ἀλλ’
1512 1987 1571 2015 ἀντὶ
1597 1987 1697 2017 τούτων
1719 1989 1845 2019 ἁπάντων

1071 2025 1214 2066 ὁλόκληρον
1232 2025 1402 2075 εὐχαριστίαν
1414 2026 1473 2055 ἀντὶ
1486 2025 1576 2060 θυσίας
1593 2026 1687 2066 ἤνεγκε
1705 2030 1744 2068 τῷ
1761 2030 1844 2068 Θεῷ,

1070 2065 1154 2103 λέγων
1165 2077 1172 2084 ·
1186 2065 1239 2101 Εἴη
1256 2076 1287 2094 το
1309 2065 1391 2104 ὄνομα
1412 2064 1511 2104 Κυρίου
1530 2066 1715 2105 εὖλογημένον,
1735 2071 1780 2098 νῦν
1797 2069 1845 2097 καὶ

1070 2103 1127 2141 ἀεὶ,
1141 2105 1186 2135 καὶ
1200 2106 1237 2138 εἷς
1249 2104 1309 2138 τοὺς
1322 2106 1418 2140 αἰῶνας
1433 2106 1485 2134 τῶν
1499 2104 1611 2137 αἰώνων.
1626 2106 1721 2145 Ἀμήν.

1036 2211 1057 2234 Α
1130 2204 1178 2237 Εἰς
1191 2203 1236 2233 τὸν
1246 2203 1346 2233 δίκαιον
1357 2203 1402 2233 καὶ
1416 2203 1546 2244 μακάρων
1560 2203 1639 2241 mm,
1653 2204 1738 2244 Λόγος
1751 2204 1786 2245 β’.

1113 2302 1157 2331 Τὰ
1170 2301 1273 2342 μεγάλα
1286 2303 1339 2331 τῶν
1348 2313 1404 2341 πρα
1423 2301 1513 2341 μάτων
1525 2302 1648 2342 μεγάλων
1660 2303 1742 2332 δεῖται
1755 2303 1847 2342 διηγη-

1059 2341 1174 2380 ’μάτων,
1194 2341 1239 2371 καὶ
1254 2344 1282 2371 αἱ
1298 2342 1377 2381 λαμπ
1394 2313 1422 2370 αἶ
1440 2343 1493 2371 τῶν
1514 2341 1622 2371 δικαίων
1637 2342 1751 2383 ἱστορίαι
1775 2344 1847 2382 λαμ-

1073 2386 1142 2420 πρᾶς
1153 2381 1255 2411 δέονται
1268 2381 1314 2411 καὶ
1344 2382 1448 2417 λωττης
1460 2381 1505 2411 καὶ
1518 2381 1631 2415 διανοίας
1642 2393 1649 2399 ·
1669 2382 1784 2416 διανοίας
1793 2382 1849 2421 ’μὲν

1074 2422 1219 2461 εἰλικρινῶς
1238 2421 1286 2455 τὰς
1303 2425 1373 2455 θειας
1392 2422 1415 2451 Γ
1417 2420 1499 2471 ραρὰς
1511 2424 1562 2451 θεω
1579 2419 1674 2457 ούσης,
1686 2421 1806 2461 γλώττης
1820 2423 1848 2452 δὲ

1073 2463 1175 2501 τρανῶς
1185 2461 1219 2491 τὰ
1243 2464 1300 2491 θεῖα
1314 2463 1343 2501 ἐρ
1366 2472 1522 2496 ηνευουσης,
1534 2433 1580 2490 mii
1599 2461 1715 2500 μάλιστα
1735 2461 1780 2491 ἐπὶ
1802 2464 1850 2498 τῆς

1074 2500 1250 2540 προκειμένης
1269 2503 1336 2530 ὓποθ
1351 2512 1417 2533 σεως
1428 2522 1437 2536 ,
1459 2499 1529 2539 λέγω
1548 2500 1576 2530 δὲ
1596 2502 1649 2530 τῶν
1666 2503 1705 2541 τῷ
1727 2501 1850 2541 μακαρίῳ

1075 2539 1139 2569 ’1ὼὸ
1161 2541 1367 2579 πεπονημένων,
1394 2539 1412 2569 ἃ
1430 2539 1474 2569 διὰ
1492 2539 1581 2575 πάσης
1599 2541 1731 2580 φοιτῶντα
1743 2543 1790 2577 τῆς
1805 2542 1849 2571 ὑπ’

1075 2580 1197 2619 οὐρανὸν,
1213 2580 1257 2610 τὸν
1271 2583 1319 2616 τῆς
1330 2582 1463 2619 ὑπομονῆς
1475 2579 1660 2620 ἀπαστράπτει
1673 2580 1758 2620 λόγον.
1774 2580 1849 2616 Πλὴν

1077 2621 1099 2648 εἰ
1112 2620 1156 2649 καὶ
1168 2625 1229 2659 νικᾷ
1241 2619 1290 2656 τὴν
1311 2619 1442 2659 ἡμετέραν
1463 2619 1596 2649 ἀσθένειαν
1611 2623 1625 2650 ὁ
1638 2621 1685 2656 τῆς
1706 2621 1851 2653 ὑποθέσεως
