1890 2826
210 147 274 182 188

542 156 571 179 S.
599 155 740 180 ,10thle
766 152 950 192 CHRYSOST.
982 153 1134 176 ARCfflEP.
1164 154 1436 178 CONSTANTINOP-

204 221 254 249 hac
267 220 293 248 in
307 229 335 248 rc
349 224 516 259 praestamus.
532 219 612 250 Unde
625 229 688 258 ergo
702 218 744 256 m,
758 224 789 247 ut
802 216 945 252 iuisante-
997 216 1066 256 οχή;
1099 216 1149 246 Ἐκ
1162 219 1208 246 τοῦ
1222 218 1282 247 κατ’
1300 217 1387 247 εἰκόνα
1396 217 1469 247 Θεοῦ
1481 217 1600 258 γενέσθαι
1615 218 1660 248 καὶ
1671 217 1769 257 ὁμοίω-

204 265 350 296 cellamus?
364 265 446 304 Quod
459 265 590 296 nimirum
603 265 638 296 ad
652 265 797 305 imaginem
810 271 838 294 et
848 262 945 294 simili-

205 313 325 342 tudinem
335 312 386 342 Dei
399 312 502 342 conditi
515 313 608 342 simus.
624 313 665 342 Ne
678 312 762 351 igitur
772 310 948 351 defatigemur

203 359 269 388 dum
289 369 437 389 sermonem
454 358 488 388 de
507 359 607 388 virtute
626 358 801 393 instituimus,
813 356 864 387 sed
882 356 949 386 alla-

203 413 258 437 tam
271 406 299 436 in
310 404 428 434 medium
441 405 626 446 propheticam
645 405 715 436 hanc
734 405 891 435 sententiam
902 403 947 433 di-

203 452 317 491 ligenter
329 451 523 491 expendamus,
536 451 599 490 quis
611 462 671 480 eam
682 450 869 491 protulerit,et
882 460 949 489 quo-

205 508 266 526 rum
276 508 368 533 causa,
388 508 443 537 quo
460 504 590 538 tempore,
612 504 639 527 et
658 507 739 536 quem
758 496 909 536 alloquens,
923 502 949 525 et

204 554 259 582 quo
275 543 302 572 in
315 549 386 572 statu
400 553 442 572 res
457 550 515 575 tum
525 550 623 580 essent,
632 542 721 573 omnia
732 542 842 573 demum
855 552 949 582 perve-

205 589 342 629 sfigcmus,
353 600 412 629 quae
423 589 458 619 ad
472 589 663 620 inveniendum
677 588 738 619 usui
752 598 808 618 esse
826 594 947 628 possunt.

205 637 231 666 Is
241 635 363 675 quidem,
382 635 430 674 qui
453 635 577 676 protulit,
595 635 726 666 Jeremias
749 642 790 664 est
806 634 948 675 propheta,

205 682 270 711 dum
284 692 339 711 non
353 681 463 721 quidem
480 692 530 722 pro
549 692 588 720 se,
609 692 704 711 verum
715 692 765 721 pro
778 680 840 710 aliis
859 691 951 720 preces

204 729 320 763 offerret,
333 738 383 768 pro
399 727 502 758 Judaeis
523 727 644 768 ingratis,
665 727 798 768 stupidis,
813 726 860 766 qui
874 726 950 756 nullo

205 772 286 802 modo
309 772 408 812 corrigi
426 779 558 813 poterant,
579 772 628 811 qui
650 771 741 812 puniri
761 771 904 806 debebant,
925 778 952 800 et

205 825 324 848 extremo
343 818 480 859 supplicio
501 818 637 856 mulctari,
655 817 690 847 de
707 818 807 857 quibus
828 817 895 847 dicit
908 817 951 846 illi

58 879 106 900 Jer.
123 883 145 905 7.
161 866 279 898 16.Dcus
295 876 301 893 ε
317 865 390 894 Noli
404 874 486 894 orare
505 875 559 904 pro
580 864 689 904 populo
710 865 776 900 hoc,
803 865 874 904 quia
892 873 951 893 non

205 911 363 940 exaudiam
383 917 420 939 te.
443 914 482 940 Ac
502 910 626 940 nonnulli
645 909 755 950 quidem
775 909 827 939 hoc
844 909 878 940 de
896 910 952 940 Na·-

206 956 428 987 buchodonosore
440 956 495 986 dici
509 963 665 987 autumant:
676 966 738 987 nam
753 956 883 995 quoniam
895 956 954 985 bel-v

999 274 1049 292 σιν.
1061 262 1109 298 Μὴ
1119 262 1204 293 τοίνυν
1217 263 1398 302 ἀποκάμωμεν
1410 262 1469 297 τοὺς
1478 263 1547 303 ὑπὲρ
1558 265 1654 303 ἄρετ’-ἧς
1665 267 1770 294 κινοῦν-

1001 320 1042 342 τες
1062 308 1171 347 λόγους,
1190 310 1248 339 ἀλλ’
1267 309 1408 349 ἀγαγόντες
1425 308 1475 346 τὴν
1488 309 1654 350 προφητικὴν
1672 309 1772 345 ταύτην

1002 358 1077 395 ῥῆσιν
1102 357 1140 389 εἷς
1154 355 1244 395 μέσον,
1259 355 1327 395 μετὰ
1350 355 1485 396 ἀκριὸείας
1503 355 1585 392 αὐτὴν
1599 355 1773 396 διερευνησώ-

1003 404 1069 440 μεθα
1079 424 1087 438 ,
1098 398 1164 431 ”nod
1179 401 1305 441 μάθωμεν
1318 401 1358 435 τίς
1369 403 1384 431 ὁ
1400 401 1528 442 εἰρηκὼς,
1542 401 1588 432 καὶ
1605 402 1672 442 ὑπὲρ
1685 401 1773 438 τίνων,

1002 448 1046 477 καὶ
1058 447 1141 484 πότε,
1164 449 1288 489 καὶπρὸς
1311 447 1381 485 τίνα,
1400 448 1446 478 καὶ
1465 450 1523 482 ταῖς
1543 449 1595 478 ὀὖν
1609 448 1773 488 πραγμάτων

1003 494 1186 533 διακειμένων,
1204 494 1249 524 καὶ
1268 494 1356 524 πάντα
1375 494 1466 528 ἅπλῶς
1481 494 1643 529 ἐξετάζοντες
1662 493 1697 523 τὰ
1709 494 1775 536 πρὸς

1002 540 1049 576 τὴν
1061 540 1161 581 εὕρεσιν
1169 542 1353 572 συντελοῦντα.
1360 541 1396 572 Ὁ
1405 542 1454 581 μὲν
1465 537 1510 571 οὗν
1521 541 1634 582 εἰρηκὼς
1645 541 1776 581 Ἱερεμίας

1003 586 1073 616 ἐστὶν
1093 589 1107 616 ὁ
1130 586 1283 627 προφήτης,
1304 589 1334 619 οὔ
1353 587 1406 627 μὴν
1427 587 1494 628 ὑπὲρ
1512 590 1615 624 ἑαυτοῦ,
1629 588 1689 618 ἀλλ’
1708 587 1776 628 ὑπὲρ

1004 633 1099 673 ἑτέρων
1123 633 1172 670 τὴν
1198 634 1334 675 ἱκετηρίαν
1360 634 1531 672 ποιούμενος,
1550 634 1618 675 ὑπὲρ
1641 634 1776 665 Ἰουδαίων

1003 682 1056 713 τῶν
1080 679 1249 719 ἀγνωμόνων,
1270 681 1323 709 τῶν
1342 680 1522 716 ἀναισθήτων,
1544 682 1597 711 τῶν
1611 680 1776 720 ἅδιορθώτως

1004 725 1126 765 ἐχόντων,
1139 727 1191 755 τῶν
1207 725 1363 766 ὀφειλόντων
1375 727 1536 762 κολασθῆναι
1549 726 1594 757 καὶ
1607 730 1619 745 ‘³
1627 726 1677 762 τὴν
1690 727 1775 766 ἐσχάε

1004 784 1051 808 την
1065 773 1205 810 ὑπομεῖναι
1215 771 1356 811 τιμωρίαν,
1369 772 1430 813 περὶ
1443 767 1481 802 ὧν
1491 784 1572 813 φησιν
1584 773 1657 813 αὖαῖ)
1669 774 1684 801 ὁ
1695 772 1777 806 Θιός·

1005 818 1051 854 Μὴ
1065 818 1213 859 προσεύχου
1227 818 1288 859 περὶ
1299 822 1344 848 τοῦ
1355 820 1420 849 λαοῦ
1430 817 1533 854 τούτου,
1545 818 1586 848 ὅτι
1597 819 1645 849 οὐκ
1655 818 1778 849 εἰσακού-

1005 865 1086 904 σομαί
1109 877 1156 895 σου
1166 877 1172 884 ·
1192 865 1238 895 καί
1251 877 1319 899 τινες
1338 865 1385 904 μέν
1400 876 1465 905 φασι
1487 867 1565 896 τοῦτο
1578 865 1640 906 περὶ
1654 867 1701 895 τοῦ
1718 865 1777 895 Να-

1006 911 1195 952 ὅουχοδονόσορ
1205 911 1328 951 λέγεσθαι
1337 923 1343 929 ·
1360 911 1452 948 ἐπειδὴ
1464 910 1515 951 γὰρ
1529 911 1638 950 ἔμελλεν
1650 912 1776 951 ἐπιστρα-

1007 958 1090 989 τεύειν
1103 959 1191 992 αὐτοῖς
1204 961 1218 988 ὁ
1231 958 1364 998 βάρὸαρος
1373 981 1381 995 ,
1399 958 1445 987 καὶ
1464 958 1512 995 τὴν
1535 957 1612 988 πόλιν
1634 957 1777 998 ἀφανίζειν,

207 1003 264 1032 lum
284 1003 341 1033 illis
361 1009 417 1032 erat
435 1002 568 1044 barbarus
586 1002 723 1039 illaturus,
747 1002 897 1041 urbemque
910 1000 1000 1048 (ie-1⁶4
1008 1004 1053 1034 καὶ
1065 1004 1155 1034 λαὸὼν
1170 1004 1355 1044 αἰχμαλώτους
1368 1004 1491 1041 ἀπιέναι,
1511 1004 1667 1044 βουλόμενος
1687 1009 1779 1034 πεῖσαι

206 1050 327 1087 loturus,
346 1056 426 1089 atque
445 1047 571 1082 abductis
591 1048 706 1089 captivis
727 1048 851 1078 abiturus
862 1071 870 1086 ,
891 1059 955 1079 cum
973 1055 992 1081 Α
1008 1050 1124 1085 πάντας,
1145 1050 1185 1080 ὅτι
1198 1052 1228 1080 οὐ
1246 1050 1320 1090 παρὰ
1333 1050 1381 1086 τὴν
1401 1050 1500 1082 οἰκείαν
1515 1050 1592 1091 ἰσχὺν
1608 1050 1654 1080 καὶ
1667 1050 1778 1089 δύναμιν

206 1095 368 1137 persuadere
385 1095 510 1125 omnibns
525 1095 617 1131 vellet,
630 1105 683 1124 non
704 1105 766 1125 eum
781 1095 890 1135 propria
903 1095 956 1126 vir·

207 1150 264 1172 tute
283 1142 328 1171 vel
346 1142 463 1183 potentia
489 1141 625 1172 civitatem
650 1148 888 1181 expugnaturum,
909 1141 957 1172 sed

207 1189 242 1218 ob
254 1189 367 1219 istorum
376 1194 495 1228 peccata,
508 1188 567 1218 Deo
578 1187 682 1217 bellum
702 1186 774 1217 illud
786 1194 905 1227 gerente,
917 1194 958 1218 at-

207 1245 260 1273 quc
270 1234 400 1264 adversus
412 1234 507 1263 urbem
521 1244 597 1264 suam
612 1233 691 1264 illurn
706 1232 864 1270 deducente,
879 1235 956 1272 Scio,

209 1280 347 1315 Domine,
371 1277 470 1317 inquit,
495 1279 566 1317 quia
584 1288 644 1306 non
662 1283 705 1306 est
720 1279 752 1306 in
774 1278 892 1308 homine
905 1281 957 1308 via

208 1328 281 1366 ejus,
291 1336 384 1365 neque
395 1322 482 1354 hoino
493 1325 555 1360 ibit,
565 1331 592 1353 el
605 1324 711 1364 diriget
720 1335 850 1365 gressum
860 1335 955 1356 suum.

208 1374 334 1409 Quorum
350 1371 496 1401 verborum
515 1370 561 1401 hic
582 1381 677 1400 sensus
689 1377 729 1401 est
744 1382 751 1399 ι
766 1372 829 1402 Haec
845 1372 901 1408 via,
918 1372 958 1401 in-

209 1418 279 1458 quit,
295 1429 348 1457 qua
366 1427 438 1446 nunc
456 1417 588 1450 barbarus
603 1416 715 1452 incedit,
735 1416 803 1447 dum
817 1417 894 1447 nohis
907 1417 959 1448 hoc

208 1464 313 1493 bellum
326 1464 415 1500 infert,
429 1473 483 1492 non
496 1463 531 1492 ab
543 1462 602 1505 ipso
614 1469 664 1500 est,
680 1473 767 1502 neque
779 1463 894 1494 feliciter
904 1464 960 1495 hel-

209 1510 268 1539 lum
284 1509 358 1539 istud
378 1508 508 1545 confecit,
529 1519 560 1539 ac
577 1508 718 1538 victoriam
743 1509 890 1549 reportavit
907 1522 913 1539 :
928 1521 960 1540 ac

210 1556 262 1585 nisi
276 1563 306 1584 tu
315 1565 363 1584 nos
372 1555 400 1584 iu
411 1554 470 1594 ejus
477 1565 571 1584 manus
583 1553 751 1591 tradidisses,
762 1565 911 1594 numquam
917 1567 960 1586 ex-

209 1609 367 1643 pugnasset,
383 1607 430 1631 aut
442 1601 561 1633 vicisset.
574 1600 679 1632 Idcirco
694 1611 800 1641 precor,
816 1601 915 1641 inquit,
930 1613 961 1633 ae

210 1648 328 1688 supplex
345 1658 411 1685 oro,
432 1647 540 1686 quando
558 1648 595 1679 ita
612 1647 663 1677 tibi
683 1646 734 1678 hoc
755 1647 847 1678 visum
863 1656 912 1685 est,
932 1657 963 1680 ut

64 1701 111 1722 Jer,
123 1697 204 1729 10.24.
212 1693 347 1735 supplicio
381 1692 479 1723 modus
505 1692 676 1723 adhibeatur.
705 1693 825 1733 Corripe
847 1704 963 1734 namque

212 1751 272 1777 nos,
291 1739 391 1779 inquit,
414 1745 621 1770 verumtamen
631 1741 664 1768 in
682 1739 807 1779 judicio,
823 1748 850 1770 et
866 1743 963 1771 nonin

205 1787 324 1827 furore.
345 1786 400 1818 Sed
417 1785 547 1825 quoniam
563 1786 629 1816 huic
648 1785 811 1826 expositioni
827 1788 963 1818 contradi-

213 1841 277 1864 cunt
289 1833 428 1870 nonnulli,
452 1843 538 1871 neque
560 1833 669 1863 barbari
694 1843 774 1863 causa
795 1833 899 1864 dictum
913 1835 964 1865 hoc

212 1891 269 1909 esse
280 1879 387 1916 volunt,
409 1878 458 1908 sed
474 1877 509 1907 de
525 1879 662 1909 communi
686 1878 830 1909 hominum
855 1887 962 1917 natura,

213 1924 393 1956 necessarium
412 1931 462 1961 est,
478 1930 508 1966 ut
530 1934 593 1955 cum
614 1923 673 1954 istis
695 1923 872 1957 decertemus.
889 1927 965 1965 Quid

213 1981 277 2010 ergo
292 1980 436 2011 possumus
449 1969 492 1998 his
502 1969 656 2010 opponere?
664 1970 800 2008 Quoniam
810 1982 860 2012 pro
874 1972 963 2004 homi-

1007 1098 1054 1132 τῆς
1064 1096 1165 1130 πόλεως
1175 1096 1352 1136 περιγίνεται,
1368 1097 1436 1127 ἀλλὰ
1449 1096 1523 1137 παρὰ
1531 1097 1567 1127 τὰ
1579 1096 1678 1127 τούτων
1692 1097 1779 1136 ἆμαρ-

1008 1142 1114 1181 τήματα
1125 1165 1133 1179 ,
1147 1146 1194 1173 τοῦ
1215 1144 1286 1174 θεοῦ
1308 1146 1516 1183 στρατηγῶν-τος
1535 1143 1580 1173 τὸν
1593 1143 1720 1182 πόλεμον,
1735 1143 1780 1172 καὶ

1008 1189 1232 1230 χειραγωγοῦντος
1255 1189 1333 1219 αὐτὸν
1345 1189 1390 1220 ἰπὶ
1411 1189 1459 1225 τὴν
1470 1189 1568 1219 οἰκείαν
1586 1188 1674 1224 πόλιν,
1686 1188 1779 1229 φησίν·

1009 1230 1078 1265 Οἶδα
1088 1258 1095 1272 ,
1110 1235 1206 1275 Κύριε,
1221 1235 1262 1264 ὅτι
1275 1235 1336 1275 οὐχὶ
1356 1238 1402 1264 τοῦ
1427 1234 1564 1275 ἀνθρώπω
1581 1237 1599 1270 ἡ
1612 1235 1669 1268 ὁδὸς
1682 1235 1762 1264 αὐτοῦ
1773 1256 1781 1270 ,

1009 1281 1067 1312 οὐδὲ
1090 1281 1224 1321 ἄνθρωπος
1245 1281 1415 1322 πορεύσεται,
1430 1281 1475 1310 καὶ
1488 1280 1651 1321 κατορθώσει
1663 1281 1712 1317 τὴν
1729 1293 1780 1310 πο-

1010 1327 1081 1367 ρείαν
1094 1328 1185 1357 αὐτοῦ.
1199 1326 1236 1357 ⁶0
1248 1327 1276 1357 δὲ
1289 1327 1361 1366 λέγει
1374 1327 1490 1357 τοιοῦτόν
1504 1328 1590 1356 ἔστιν·
1599 1330 1617 1363 ἡ
1630 1327 1689 1360 ὁδὸς
1703 1327 1782 1362 αὕτη,

1009 1372 1099 1413 φησὶν,
1109 1373 1142 1408 ἣν
1152 1375 1167 1402 ὁ
1180 1373 1312 1413 βάρὸαρος
1322 1373 1422 1413 βαδίζει
1432 1375 1478 1403 νῦν
1490 1372 1687 1413 ἐπωτρατεύων
1703 1375 1780 1412 ἡμῖν,

1009 1419 1069 1459 οὐχὶ
1082 1421 1146 1460 παρ’
1162 1421 1255 1449 ἑαυτοῦ
1267 1421 1349 1458 ἐστιν,
1366 1419 1425 1450 οὐδὲ
1445 1421 1542 1453 ἐκεῖνος
1564 1419 1724 1459 κατώρθωσε
1737 1419 1781 1449 τὸν

1009 1465 1125 1504 πόλεμον
1147 1468 1238 1495 τοῦτον
1262 1466 1308 1495 καὶ
1326 1465 1376 1502 τὴν
1388 1465 1471 1502 νίκην,
1486 1467 1545 1496 ἀλλ’
1559 1467 1583 1494 εἰ
1598 1465 1635 1505 μὴ
1651 1465 1682 1495 σὺ
1696 1465 1783 1505 παρέ-

1011 1511 1096 1544 δωκας
1117 1513 1188 1549 ἡμᾶς
1201 1515 1258 1546 ταῖς
1271 1511 1370 1542 ἐκείνου
1383 1511 1485 1552 χερσὶν,
1507 1512 1555 1541 οὐκ
1574 1511 1604 1540 ἂν
1627 1510 1782 1551 ἐκράτησεν,

977 1560 995 1584 Β
1012 1557 1070 1587 οὐδὲ
1087 1557 1260 1597 περιεγένετο.
1273 1557 1326 1587 Διὰ
1338 1561 1415 1588 τοῦτο
1424 1581 1432 1595 ,
1443 1558 1525 1598 φησὶ,
1538 1557 1632 1597 δέομαι
1644 1557 1690 1587 καὶ
1708 1558 1782 1587 ἀντι-

1012 1603 1098 1640 Gom,
1111 1603 1201 1640 ἐπειδὴ
1215 1606 1293 1634 τοῦτο
1304 1604 1388 1640 ἔδοξε,
1402 1604 1470 1644 μετὰ
1483 1603 1580 1644 μέτρου
1594 1604 1716 1644 γενέσθαι
1734 1603 1782 1639 τὴν

1013 1649 1151 1690 τιμωρίαν.
1171 1650 1318 1680 Παίδευσον
1339 1654 1426 1690 ἡμᾶς,
1447 1651 1517 1688 πλὴν
1532 1652 1575 1681 ’ἐν
1595 1651 1725 1691 κρίματι,
1739 1650 1784 1680 καὶ

1015 1695 1052 1734 μὴ
1068 1697 1095 1724 ἐν
1108 1698 1194 1736 θυμῷ.
1211 1697 1280 1726 Ἀλλ’
1297 1697 1388 1733 ἐπειδή
1410 1709 1478 1730 τινες
1492 1697 1557 1737 πρὸς
1577 1700 1655 1726 τοῦτο
1678 1696 1784 1726 ἀντιλέ-

1014 1753 1103 1780 γουσι,
1125 1741 1171 1771 καὶ
1185 1742 1243 1782 οὔχὶ
1257 1742 1318 1783 περὶ
1339 1745 1385 1772 τοῦ
1401 1742 1535 1783 βαρὸάρου
1551 1742 1629 1783 φασὶν
1642 1744 1762 1783 εἰρῆσθαι
1775 1764 1782 1779 ,

1015 1787 1084 1816 ἀλλὰ
1095 1787 1214 1827 περὶτῆς
1227 1790 1316 1824 κοινῆς
1329 1789 1430 1829 φύσεως
1443 1791 1495 1818 τῶν
1508 1789 1652 1828 ἀνθρώπων
1662 1812 1670 1826 ,
1682 1788 1784 1827 ἀνάγκη

1015 1833 1060 1862 καὶ
1073 1833 1138 1874 πρὸς
1151 1834 1257 1868 τούτους
1279 1835 1514 1875 ἀπομαχῆσασθαι.
1529 1834 1565 1864 Τί
1584 1831 1628 1864 οὖν
1649 1836 1707 1865 ἐστι
1719 1835 1786 1875 πρὸς

1014 1879 1121 1914 τούτους
1143 1882 1243 1917 εἰπεῖν,
1258 1881 1322 1911 “Ort
1342 1882 1408 1921 ὑπὲρ
1426 1881 1570 1921 ἀνθρώπων
1590 1880 1785 1922 ἡμαρτηκότων

1014 1925 1087 1962 ἠξίου
1096 1947 1104 1962 ,
1119 1926 1185 1966 ὑπὲρ
1196 1922 1233 1955 ὧν
1246 1927 1365 1963 ἐκωλύθη
1380 1927 1508 1961 πολλάκις
1526 1927 1613 1962 ἀξιοῦν
1625 1939 1631 1945 ·
1647 1927 1691 1956 διὰ
1709 1929 1786 1956 τοῦτο

1015 1971 1064 2007 τὴν
1087 1972 1163 2001 πόλιν
1184 1973 1378 2012 παρασκευάζει
1400 1975 1529 2012 θρηνῆσαι
1552 1974 1674 2013 πρῶτον·
1693 1972 1785 2008 ἐπειδὴ

213 2017 293 2047 nibus
308 2016 412 2051 orabat,
425 2015 475 2055 qui
496 2022 685 2056 peccaverunt,
699 2027 750 2056 pro
769 2017 869 2055 quihus
887 2029 964 2051 orare
981 2021 1001 2046 C
1016 2017 1067 2057 γὰρ
1081 2020 1197 2058 συνεχῶς
1218 2018 1306 2058 ἔλεγε,
1321 2019 1359 2058 μὴ
1381 2018 1453 2053 ἀξίου
1467 2019 1533 2059 ὓπὲρ
1547 2021 1648 2054 αὗτῶν,
1669 2018 1718 2055 τὴν
1732 2019 1787 2048 δεθ-

212 2073 281 2102 saepe
295 2061 449 2102 prohibitus
462 2068 518 2090 erat
534 2072 542 2090 .·
555 2068 698 2101 propterea
720 2070 807 2100 curat,
821 2071 851 2094 ut
868 2065 964 2097 civitas

213 2108 289 2148 prior
302 2108 393 2147 lugeat
410 2119 417 2136 ε
430 2117 493 2137 nam
506 2107 635 2147 quoniam
647 2107 755 2138 assidue
766 2108 884 2148 dicebat,
899 2113 963 2142 Noli

213 2165 291 2184 orare
304 2164 354 2196 pro
366 2153 434 2190 illis,
449 2163 507 2183 eam
521 2153 608 2193 ipsam
627 2164 687 2192 quae
706 2154 870 2194 benignitate
888 2157 961 2188 indi-

214 2201 292 2240 gebat
302 2200 420 2240 priorem
436 2199 581 2235 submittit,
598 2205 629 2231 ut
649 2210 742 2232 ansam
765 2199 828 2231 inde
843 2202 963 2242 aliquam

213 2254 240 2277 ct
255 2247 403 2289 speciosam
427 2245 593 2276 occasionem
614 2245 726 2287 arripiat
747 2258 797 2287 pro
825 2248 882 2279 illis
905 2251 963 2280 Deo

213 2304 305 2334 preces
331 2291 471 2329 offerendi,
494 2298 574 2330 atque
593 2291 628 2321 ad
647 2292 734 2333 ipsam
750 2293 847 2334 dirigit
866 2297 963 2327 oratio-

63 2349 114 2370 ,Ιι-κ.
126 2354 161 2370 ιο.
170 2355 204 2379 ¹9·
215 2351 286 2378 nem,
297 2339 398 2379 aitque,
409 2339 440 2368 V
435 2349 459 2367 oe
471 2339 642 2367 contritioni
667 2345 723 2368 tuoe
733 2351 744 2368 .-
756 2341 866 2371 doloris
875 2342 966 2382 plena

213 2393 256 2417 est
276 2386 367 2426 plaga
390 2391 452 2416 tua.
474 2384 546 2413 Tum
565 2382 625 2412 infit
638 2383 687 2413 illa
704 2396 711 2412 :
727 2386 826 2416 Plane
847 2388 903 2418 boc
920 2396 964 2419 est

243 2479 256 2497 b
274 2480 317 2503 Καὶ
326 2480 438 2509 μάθωμεν
446 2474 517 2500 deest
526 2474 553 2499 iu
564 2473 663 2499 duobus
672 2475 740 2508 Mss.,
752 2485 832 2510 neque
843 2478 933 2513 legitur
944 2481 970 2506 in

209 2522 278 2542 textu
288 2515 388 2546 Savilii,
402 2514 446 2540 sed
460 2515 487 2539 in
504 2515 616 2547 margine
634 2513 676 2539 ille
693 2517 779 2552 ponit,
794 2519 866 2552 quasi
877 2528 907 2545 ex
920 2520 969 2546 alio

206 2556 349 2581 ‹lcsummm
357 2553 505 2586 exemplari,
519 2559 544 2578 et
557 2552 619 2578 bene
631 2552 672 2578 hic
683 2552 768 2580 habet.

1017 2063 1098 2101 μένην
1113 2064 1195 2100 αὐτὴν
1210 2066 1257 2100 τῆς
1268 2064 1464 2105 φιλανθρωπίας
1486 2065 1594 2100 καθίησι
1605 2064 1713 2104 πρώτην
1723 2086 1731 2100 ,
1743 2063 1787 2093 ἵνα

1016 2110 1113 2139 ἐκεῖθεν
1129 2110 1251 2150 ἀφορμήν
1263 2123 1322 2141 τινα
1335 2111 1381 2140 καὶ
1393 2110 1525 2150 πρόφασιν
1537 2110 1643 2149 εὔλογον
1656 2109 1726 2150 λᾶὅῃ
1740 2112 1788 2146 τῆς

1015 2154 1081 2194 πρὸς
1093 2154 1136 2184 τὸν
1151 2156 1221 2186 Θεὸν
1234 2156 1301 2196 ὑπὲρ
1313 2158 1400 2186 αὐτῶν
1413 2155 1557 2196 ἱκετηρίας,
1568 2155 1614 2187 καὶ
1627 2155 1692 2196 πρὸς
1705 2155 1789 2192 αὐτὴν

1017 2200 1149 2231 ἀποτείνει
1163 2201 1207 2230 τὸν
1226 2202 1312 2241 λόγον,
1333 2201 1378 2232 καί
1398 2213 1477 2242 φησιν
1489 2213 1495 2220 ·
1509 2201 1580 2231 Οὐαὶ
1602 2203 1640 2242 τῷ
1660 2200 1787 2242 συντρίμ-

1017 2246 1082 2285 ματί
1096 2259 1155 2277 σου·
1169 2247 1275 2289 ἀλγηρὰ
1286 2250 1303 2284 ἡ
1319 2248 1409 2287 πληγή
1424 2259 1479 2278 σου.
1501 2243 1570 2279 Εἶτα
1591 2247 1678 2284 ἐκείνη
1691 2247 1771 2288 φησίν
1782 2259 1789 2268 ·

1017 2292 1121 2327 Ὄντως
1140 2293 1218 2324 τοῦτό
1238 2306 1288 2333 μου
1312 2294 1343 2324 τὸ
1356 2293 1462 2334 τραῦμά
1476 2295 1547 2324 ἔστιν
1557 2316 1565 2332 ,
1587 2296 1604 2330 ἡ
1633 2294 1718 2330 σκηνή
1738 2305 1790 2332 μου

1016 2339 1108 2377 ὤλετο,
1122 2342 1150 2370 αἱ
1164 2340 1262 2381 δέρῤεις
1279 2351 1328 2380 μου
1349 2340 1556 2378 διεσπάσθησαν,
1574 2341 1602 2372 οῖ’
1614 2340 1666 2370 υἱοί
1679 2352 1730 2379 μου
1743 2340 1789 2370 καὶ

1018 2391 1049 2421 τὰ
1068 2392 1191 2432 πρόὸατά
1207 2405 1256 2432 μου
1270 2394 1376 2429 ἐξῆλθεν
1391 2394 1530 2432 ἀπ’·ἒμοῦ,
1544 2393 1591 2423 καὶ
1604 2394 1652 2426 οὔκ
1663 2393 1739 2424 εἰσίν.
1752 2394 1789 2423 Οἱ

1053 2492 1062 2503 v
1081 2484 1151 2509 Unus
1159 2490 1200 2515 τὴν
1209 2489 1306 2519 ἐσχάτην
1317 2488 1438 2517 ὑποστῆναι
1450 2498 1500 2519 τ’μ-

1053 2531 1062 2541 ἢ
1081 2523 1150 2548 Unus
1163 2528 1185 2550 ἐν
1195 2529 1274 2559 κρίσει-
