1904 2840
622 167 656 190 IN
681 166 892 191 MATTHAEUM.
921 167 1038 191 nomn..
1067 168 1137 192 xm.

1537 162 1608 209 913

74 236 136 260 neat
153 238 202 259 nos
221 229 312 269 ipsum
329 237 425 258 nomen
446 228 591 268 requirere,
613 228 682 267 quid
693 235 734 257 est
745 228 809 263 hoc,
829 230 850 254 Α
867 227 914 257 sed
935 229 1029 258 nullus
1048 229 1130 259 homo
1153 236 1238 270 potest
1260 231 1302 261 lac
1322 237 1349 261 et
1372 232 1426 262 mel
1447 232 1609 264 manducare

75 269 148 308 quod
161 268 308 298 audimus?
323 269 357 298 Et
367 269 436 297 sicut
447 268 540 297 cibum
553 274 697 308 postquam
720 267 812 296 masti-

74 308 234 342 caverimus,
246 308 409 337 dimittimus
421 307 450 336 in
460 308 627 337 stomachum
640 319 647 335 :
662 307 699 336 ita
710 313 736 336 et
749 317 812 336 ver-

74 348 140 377 bum
161 354 301 388 postquam
314 348 382 377 bene
402 348 615 384 tractaverimus,
643 346 813 376 commenda-

74 387 154 416 musi
174 398 234 417 sum
249 387 382 416 memoriae
393 387 470 426 quasi
481 387 628 416 stomacho.
639 387 710 416 Nam
721 396 813 425 quem-

74 426 138 457 adm
176 437 221 456 um
245 437 298 455 non
324 426 432 467 prodest
454 426 542 462 cibus,
570 426 623 455 nisi
647 436 710 455 cum
731 425 813 454 suerit

63 466 238 502 &masticatum
252 473 278 496 et
287 467 315 496 in
329 467 495 496 stomachum
505 465 689 496 descenderit:
704 464 743 494 sic
758 474 812 493 non

95 506 182 536 roficit
193 505 229 535 ad
238 506 352 535 salutem
363 506 487 542 verbum,
500 506 553 535 uisi
566 516 626 535 cum
641 504 721 534 fuerit
734 503 813 533 intel-

86 546 158 575 ectui
182 552 209 574 et
233 545 367 575 memoriae
386 545 524 575 traditum.
554 546 625 575 Nam
647 545 717 573 sicut
736 543 813 572 cibus

74 585 144 614 nihil
154 584 273 625 prodest,
285 585 308 614 si
322 585 585 621 manducaverimus,
603 591 629 613 et
638 584 735 613 iterum
747 592 816 627 evo-

75 624 175 654 mimus
196 635 259 654 eum
280 624 314 654 de
337 625 474 654 stomacho
496 636 503 653 =
526 625 564 654 sic
585 624 655 653 nihil
681 623 709 652 in
735 622 814 651 nobis

75 664 184 704 prodest
200 664 325 701 verbum,
344 664 417 703 quod
436 663 573 700 audimus,
589 670 615 693 et
629 662 815 692 obliviscimur

75 703 161 733 illico.
176 704 272 741 Cibus,
284 706 331 743 qui
343 705 370 732 in
383 704 519 733 stomacho
533 710 595 738 stat,
608 703 656 732 ille
666 702 812 732 confortat:

75 750 102 772 et
114 753 212 780 sermo,
226 743 310 782 quiin
320 744 448 773 memoria
461 750 559 779 manet,
572 743 619 772 ille
627 743 724 772 salvat.
734 740 816 771 Unde

50 803 56 809 ·
77 789 103 812 et
115 783 189 823 apud
202 782 311 813 Judaeos
331 783 378 813 illa
398 783 524 812 animalia
545 789 608 812 sunt
620 781 734 816 munda,
755 791 815 819 quae

77 830 203 852 revocant
218 822 320 860 cibum,
343 830 369 852 et
390 823 537 852 ruminant.
549 823 622 867 Ergo
633 821 732 851 animal
744 819 816 849 illud

75 869 116 901 est
128 862 270 898 mundum,
281 862 356 902 quod
365 863 486 892 masticat
495 868 522 891 et
531 861 613 891 tradit
627 868 712 897 utero,
726 867 752 889 et
765 860 815 889 ite-

77 912 139 931 rum
152 901 187 932 de
198 909 275 931 utero
287 909 405 939 revocat,
426 909 452 932 et
467 901 595 931 ruminat.
614 902 648 931 Et
666 901 747 930 homo
768 899 816 929 ille

77 948 117 971 est
135 941 284 982 spiritualis
309 948 335 971 et
354 949 472 978 sanctus,
494 941 541 980 qui
567 940 678 970 audiens
700 939 815 969 verbum

77 987 182 1019 tractat,
197 988 224 1011 et
233 991 295 1011 cum
308 981 480 1018 intellexerit,
494 981 628 1010 memoriae
642 979 718 1019 quasi
738 986 815 1008 utero

76 1021 171 1059 tradit,
184 1028 211 1051 et
224 1021 323 1051 iterum
332 1021 367 1051 de
377 1021 505 1051 memoria
518 1020 594 1059 quasi
605 1020 640 1050 de
653 1027 729 1049 utero
740 1029 816 1060 revo-

76 1068 130 1098 cat,
142 1068 169 1091 et
179 1061 307 1098 ruminat,
322 1068 347 1090 et
361 1068 495 1090 retractat.
509 1060 561 1090 Ille
571 1067 660 1089 autem
672 1059 752 1089 homo
761 1059 814 1087 im-

76 1100 194 1130 mundus
207 1107 247 1130 est
267 1107 328 1130 ante
351 1102 450 1137 Deum,
465 1100 512 1139 qui
525 1110 578 1128 non
592 1099 747 1129 recordatur
765 1098 816 1127 ali—

76 1140 195 1179 quando,
220 1150 268 1170 nec
288 1147 412 1170 retractat
434 1139 508 1178 quod
531 1139 615 1168 audit.
644 1139 700 1176 Qui
726 1144 815 1167 autem

76 1180 220 1210 manducat
230 1179 265 1209 de
274 1180 408 1225 spirituali
420 1179 556 1214 convivio,
568 1179 696 1218 impletur
705 1178 813 1222 spiritu,

76 1219 206 1249 dilatatur
226 1220 359 1256 senslbus,
384 1220 504 1249 nutritur
515 1219 543 1247 in
557 1220 678 1256 veritate,
699 1228 746 1256 pm
768 1227 811 1246 ue·

76 1259 126 1289 scit
143 1259 170 1289 in
182 1259 248 1297 fide,
262 1266 289 1289 et
304 1259 343 1289 sic
357 1259 507 1299 ingreditur
528 1258 562 1287 ad
575 1258 702 1287 interiora
716 1228 816 1302 voiun-

75 1299 138 1329 tatis
154 1299 215 1335 Dei,
236 1306 262 1329 et
284 1309 393 1328 manens
411 1299 439 1328 in
461 1298 498 1327 eis
521 1298 636 1336 acquirit
658 1297 710 1326 sibi
732 1303 816 1326 vitam

75 1345 210 1368 aeternam.
244 1338 300 1376 Qui
333 1346 422 1368 autem
446 1338 481 1367 ah
507 1338 559 1367 hoc
587 1337 713 1367 convivio
739 1336 816 1365 verbi

75 1377 154 1419 longe
179 1378 261 1407 fuerit
285 1378 387 1413 sactus,
414 1384 559 1407 evacuatur
587 1376 702 1417 spiritu,
728 1386 816 1414 angu-

75 1423 162 1447 statur
193 1418 333 1454 sensibus,
357 1417 448 1446 deficit
470 1428 486 1446 a
513 1417 638 1452 veritate,
665 1415 779 1445 distillat
801 1426 816 1444 a

0 1471 64 1489 xxm
74 1457 140 1494 fide,
150 1465 176 1487 et
187 1457 225 1487 sic
236 1457 374 1497 egrediens
384 1457 418 1486 ab
429 1457 555 1485 omnibus
567 1456 754 1487 voluntatibus
766 1455 814 1484 Dei

0 2099 53 2124 118.

75 1496 109 1526 ad
123 1497 259 1532 inferiora,
274 1497 419 1526 novissime
435 1495 507 1525 cadit
519 1495 547 1524 in
561 1502 684 1525 mortem.
700 1494 816 1531 Quando

75 1543 137 1565 sunt
150 1535 276 1566 invitati?
290 1536 323 1565 In
343 1543 463 1575 tempore
485 1534 609 1572 Abrahae,
623 1533 731 1573 quando
746 1533 818 1562 dixit

74 1576 110 1605 ad
128 1586 191 1605 eum
203 1577 277 1605 Deus
293 1587 300 1603 ε
313 1576 376 1605 Exi
394 1575 430 1603 de
450 1582 526 1603 terra
538 1581 600 1611 tua,
615 1581 643 1603 et
657 1575 693 1602 de
707 1583 817 1613 cogna-

76 1617 155 1645 tione
168 1622 231 1651 tua,
244 1621 273 1643 et
284 1617 356 1644 veni
364 1616 397 1643 in
408 1620 514 1643 terr-am
531 1624 620 1653 quam
632 1613 683 1642 tihi
697 1614 817 1642 demon-

73 1656 261 1685 straveram
271 1665 385 1684 omnem
399 1661 515 1689 ter-ram,
527 1663 739 1693 quamcumque
749 1654 815 1682 teti-

73 1696 148 1735 geris
163 1696 286 1735 pedibus
310 1696 378 1730 tuis,
398 1695 450 1723 tibi
471 1694 548 1722 dabo
572 1703 649 1729 eam,
669 1699 698 1722 et
712 1694 819 1721 semini

75 1741 125 1764 tuo
144 1736 176 1763 in
199 1741 348 1764 oeternum.
360 1735 450 1771 Quam
462 1733 580 1762 terram?
592 1735 706 1762 Terram
726 1732 816 1761 orien-

74 1774 166 1811 talem,
182 1774 308 1803 ssuentem
322 1774 364 1803 lac
376 1780 403 1803 et
421 1773 486 1802 mel.
498 1772 580 1810 Quod
591 1783 686 1803 verum
707 1781 759 1801 non
777 1778 816 1801 est

73 1813 109 1843 de
118 1820 187 1843 terra
202 1813 250 1843 illa
263 1813 376 1848 Judaeae,
390 1813 515 1853 quoniam
529 1812 577 1841 illa
587 1819 658 1842 terra
668 1822 816 1850 numquam

74 1853 155 1883 fluxit
176 1853 244 1883 lacte
268 1860 294 1883 et
318 1853 408 1890 melle,
431 1852 479 1881 sed
498 1858 595 1881 terram
617 1851 814 1886 rationabilem,

73 1904 155 1932 quam
170 1893 294 1923 Christus
312 1893 438 1933 suscepit.
453 1893 494 1921 De
511 1891 586 1920 illius
602 1892 674 1921 enim
688 1892 815 1920 incarna-

73 1934 146 1962 tione
163 1932 205 1962 lac
221 1939 248 1962 et
262 1932 315 1962 mel
334 1938 530 1972 processerunt.
547 1932 602 1961 Lac
614 1931 686 1960 enim
699 1941 767 1976 opus
777 1937 815 1960 est

73 1972 277 2010 miraculorum,
291 1973 418 2011 quoniam
432 1977 458 2000 et
471 1971 528 2000 sine
542 1971 633 2000 labore
645 1971 776 2006 dentium,
790 1977 816 1999 et

73 2022 136 2041 cum
156 2012 288 2042 suavitate
309 2011 468 2045 comeditur,
479 2022 528 2050 per
542 2010 615 2049 quod
628 2010 708 2039 rudes
722 2010 748 2038 in
760 2009 815 2039 fide

73 2051 149 2090 quasi
163 2052 239 2092 pueri
247 2058 438 2081 sustentantur.
452 2051 507 2080 Mel
515 2057 604 2080 autem
616 2050 722 2089 eloquia
732 2056 758 2079 et
766 2049 813 2078 do-

74 2091 166 2120 ctrinae
177 2090 315 2126 dicuntur,
330 2091 401 2120 sicut
419 2091 456 2120 ait
466 2090 596 2131 propheta
609 2100 617 2117 ε
635 2091 730 2130 Quam
744 2090 813 2118 dul-

74 2132 122 2159 cia
130 2131 267 2170 saucibus
275 2133 346 2160 meis
358 2131 477 2170 eloquia
489 2137 551 2165 tua,
563 2140 649 2169 super
662 2130 720 2158 mel
729 2130 815 2169 etfa-

77 2181 143 2199 vum
155 2173 200 2200 ori
213 2180 286 2199 tneo.
303 2171 376 2209 Ergo
395 2169 499 2200 Christi
512 2169 658 2198 incarnatio
672 2169 814 2209 promitte—

71 2210 163 2246 batur,
177 2210 226 2249 qui
248 2209 316 2238 lacte
336 2209 528 2238 miraculorum
547 2215 573 2237 et
590 2209 670 2237 melle
686 2207 814 2237 doctrinae

71 2250 223 2279 nutriturus
239 2249 325 2278 suerat
345 2255 434 2288 gentes
448 2247 529 2276 rudes
545 2247 571 2276 in
585 2248 649 2277 fide.
665 2247 737 2277 Vide
751 2257 813 2286 ergo

70 2289 198 2327 quoniam
207 2290 263 2328 jam
273 2299 309 2317 ex
319 2298 350 2317 eo
359 2287 514 2317 ostendebat
523 2287 608 2323 Deus,
621 2287 748 2325 quoniam
758 2296 811 2315 non

71 2328 149 2358 aliter
163 2329 252 2359 Judaei
266 2334 388 2367 poterant
398 2327 505 2356 Christo
527 2326 645 2362 credere,
659 2326 711 2355 nisi
728 2333 757 2354 ut
771 2336 814 2355 re-

70 2367 221 2406 linquerent
237 2367 418 2403 JudaIsmum,
431 2365 504 2404 quod
513 2372 563 2402 est,
578 2367 639 2394 Exi
658 2366 695 2394 de
706 2376 812 2405 cogna-

72 2409 151 2436 tione
172 2413 223 2436 tua
236 2419 247 2436 .-
262 2414 288 2436 ct
301 2407 323 2445 ἦ·
337 2417 405 2446 opus
425 2404 647 2439 circumcisionis,
669 2404 742 2443 quod
762 2411 811 2441 est,

71 2447 133 2475 Exi
146 2447 183 2474 de
193 2453 270 2475 terra
285 2453 346 2476 tua.
364 2446 435 2485 Ergo
449 2455 483 2473 ex
497 2455 528 2473 eo
538 2444 595 2483 jam
608 2444 765 2474 Juda'i‘smus
777 2455 814 2473 re-

72 2485 237 2524 linquendus
244 2485 442 2515 ostendebatur.
452 2485 511 2513 Non
521 2484 609 2512 solum
619 2487 707 2513 autem
715 2485 733 2514 J
735 2483 814 2522 udoei,

102 2586 113 2597 ³
131 2578 161 2603 V.
175 2579 205 2604 D.
217 2587 269 2603 suoe
278 2586 409 2611 nunquam
420 2577 531 2611 sequitur
540 2576 692 2609 voluptates.

867 267 980 303 Christi,
993 268 1044 298 nisi
1064 271 1245 308 cognationem
1266 281 1342 300 suam
1365 279 1390 301 ct
1412 279 1510 302 terram
1531 284 1608 304 suam

867 306 1016 353 reliquerit,
1031 308 1101 337 sicut
1110 309 1239 348 scriptum
1253 317 1292 339 est
1305 323 1311 339 ε
1327 312 1395 340 Nisi
1406 313 1471 351 quis
1484 313 1608 353 relique·
1617 323 1703 346 ΜαιιΙι.
1722 328 1758 352 ¹9·

867 352 906 375 rit
924 353 1037 385 patrem
1058 354 1111 376 aut
1126 355 1258 385 matrem,
1269 356 1319 378 etc.
1345 351 1423 388 Item,
1451 352 1509 390 Qui
1529 363 1608 383 meus
1619 361 1657 385 ²9·

867 386 936 414 vul!
946 396 1008 415 esse
1028 388 1197 426 discipulus,
1211 390 1333 429 abneget
1351 393 1541 436 semetipsum}
1555 393 1609 422 Re·
1617 387 1708 415 ‘'⁴⁶4'‘
1718 384 1758 408 ²³·

865 424 965 464 linquit
975 436 1038 466 ergo
1047 428 1229 466 cognationem
1241 439 1327 464 suam,
1338 439 1389 458 non
1404 441 1450 469 qut
1465 432 1610 461 contemnit

865 474 935 499 eam,
951 464 997 493 sed
1009 465 1056 504 qui
1070 467 1187 506 amplius
1200 467 1292 507 diligit
1300 469 1399 506 Deum,
1414 480 1495 508 quam
1509 481 1606 510 paren-

865 510 914 532 tes.
931 504 1072 543 Relinquit
1092 512 1190 535 terram
1209 517 1297 544 suam,
1312 509 1358 546 qui
1373 509 1460 538 carnis
1470 513 1544 539 ‘suae
1554 520 1609 539 non

864 543 986 581 sequitur
1007 544 1171 574 voluntatem
1186 557 1193 574 ε
1210 546 1258 585 qui
1276 553 1365 576 autem
1382 549 1609 588 concupiscentias

865 582 887 620 †
899 583 1017 612 carnales
1030 583 1125 623 exigit,
1133 591 1230 614 terram
1243 595 1363 626 corporis
1375 587 1418 616 sui
1432 595 1546 624 exercet,
1561 589 1610 618 sic-
1618 601 1632 628 †
1646 607 1696 624 ων,
1717 610 1761 625 non

866 628 897 651 ut
911 623 989 652 Ca'i'n.
1005 623 1059 660 Qui
1075 634 1139 652 vero
1158 625 1274 664 perfecte
1291 626 1474 665 cognationem
1489 638 1565 657 suam
1583 636 1610 658 et
1619 632 1678 655 exit.

867 668 964 691 terram
974 662 1111 701 relinquit,
1121 663 1165 693 hic
1177 664 1219 693 lac
1228 670 1253 693 et
1262 665 1314 693 mel
1329 665 1483 703 manducat,
1498 678 1560 696 cum
1569 668 1609 697 le-

871 701 910 740 git
918 701 1054 730 mirabilia
1063 708 1110 731 aut
1116 703 1221 742 eloquia
1228 703 1458 742 Christi.Quando
1468 706 1550 746 coepit
1560 707 1612 737 hoc

868 741 1024 771 convivium
1044 743 1208 782 praeparari?
1230 746 1253 772 A
1270 750 1389 784 tempore
1406 745 1489 780 Mosi,
1504 746 1613 784 quando

869 779 915 809 lex
929 781 1038 810 Domini
1051 781 1113 810 data
1127 789 1167 811 est
1185 783 1439 828 irreprehensibilis,
1453 792 1611 816 convertens

835 829 853 852 Β
869 819 988 858 animas;
998 820 1106 859 quando
1115 822 1298 852 testimonium
1308 823 1416 852 Domini
1428 820 1611 855 fideledafum

869 866 919 896 est,
932 860 1088 899 sapientiam
1108 868 1235 900 praestans
1253 863 1392 902 parvulis;
1408 863 1515 902 quando
1531 865 1612 904 justi-

869 899 913 928 tiae
926 900 1035 928 Domini
1050 907 1127 929 rectae
1141 901 1303 931 laetifieantes
1311 902 1406 938 corda;
1422 903 1530 941 quando
1540 915 1610 944 prae-

869 945 976 978 ceptum
985 940 1094 969 Domini
1104 940 1236 978 luc'idum,
1244 942 1398 971 illuminans
1407 942 1498 972 oculos
1507 954 1514 977 3
1523 954 1610 982 quan-

868 978 904 1007 do
925 978 1006 1008 timor
1025 979 1133 1009 Domini
1150 987 1256 1010 sanctus
1273 988 1410 1022 permanet
1432 981 1460 1010 in
1481 983 1611 1013 saeculum

868 1018 959 1046 saeculi
967 1029 977 1057 3
991 1019 1098 1057 quaudo
1119 1020 1223 1059 judicia
1245 1021 1355 1050 Domini
1377 1031 1448 1057 vera,
1464 1022 1609 1061 justificata

868 1057 896 1086 in
909 1058 1063 1098 semetipsa;
1073 1059 1186 1127 1quando
1205 1070 1240 1090 ex
1260 1060 1352 1090 decem
1365 1060 1504 1106 speciebus
1517 1063 1611 1092 confe-

867 1104 926 1126 ctus
935 1104 975 1126 est
987 1098 1064 1127 cibus
1093 1099 1193 1138 ecalogi
1205 1100 1339 1130 salutaris.
1355 1101 1431 1130 Sicut
1442 1101 1512 1130 enim
1523 1102 1611 1142 regale

867 1136 1013 1176 prandium
1026 1138 1120 1167 multis
1139 1139 1261 1168 ciborum
1279 1140 1418 1180 speciebus
1435 1148 1558 1178 ornatur,
1574 1142 1610 1171 ita

869 1183 895 1205 et
907 1176 959 1206 hoc
972 1177 1128 1207 convivium
1141 1179 1343 1218 Scripturarum
1355 1179 1471 1209 diversis
1488 1180 1610 1220 justitia-

869 1226 931 1245 rum
944 1217 1083 1255 speciebus
1095 1224 1133 1247 est
1143 1217 1308 1248 decoratum.
1318 1220 1362 1248 Ex
1375 1230 1406 1249 eo
1419 1220 1498 1249 etiam
1513 1227 1611 1260 tempo-

869 1266 898 1284 re
912 1255 1067 1285 invitatores
1080 1257 1204 1286 exierunt
1218 1258 1366 1298 prophetae,
1381 1259 1428 1297 qui
1442 1259 1562 1289 homines
1575 1259 1612 1289 ad

869 1295 977 1334 nuptias
998 1296 1082 1324 futuri
1102 1297 1193 1336 sponsi
1214 1305 1351 1334 vocarent,
1367 1298 1395 1327 id
1409 1305 1458 1334 est,
1474 1298 1510 1328 ad
1529 1299 1611 1328 fidem

869 1334 982 1370 Christi,
998 1335 1185 1375 prophetantes
1207 1336 1246 1366 eis
1267 1337 1301 1366 de
1314 1338 1382 1377 ipso.
1399 1340 1434 1366 At
1450 1338 1492 1367 illi
1512 1339 1611 1368 nolue-

869 1381 933 1402 runt
945 1375 1047 1403 venire.
1058 1376 1088 1404 4.
1097 1378 1172 1404 Item
1186 1377 1263 1406 misit
1277 1377 1353 1406 alios
1366 1387 1472 1413 servos,
1486 1379 1584 1408 dicens
1600 1391 1608 1407 .-

834 1423 852 1447 c
870 1414 967 1442 Dicite
981 1416 1123 1451 invitatis,
1132 1417 1211 1444 Ecce
1223 1418 1379 1456 prandium
1390 1428 1485 1446 meum
1494 1421 1610 1457 paravi,

870 1454 947 1482 tauri
968 1455 1025 1482 mei
1043 1459 1070 1482 et
1086 1456 1223 1494 saginata
1247 1458 1343 1484 occisa
1359 1463 1437 1492 sunt,
1459 1464 1488 1486 et
1511 1460 1611 1487 omnia

863 1494 938 1536 jam·
948 1500 1070 1552 par-acm
1084 1495 1185 1523 venite
1204 1495 1245 1523 ad
1266 1498 1392 1533 nuptias.
1404 1496 1459 1532 Qui
1479 1503 1541 1525 sunt
1562 1497 1610 1526 alii

869 1542 955 1560 servi.

980 1532 1116 1571 Apostoli,
1136 1543 1203 1571 quos
1222 1540 1248 1562 et
1268 1534 1315 1563 ille
1340 1535 1424 1571 misit,
1446 1535 1538 1565 dicens
1550 1548 1557 1565 :
1571 1538 1609 1565 In
1620 1543 1705 1566 Manli.
1723 1550 1759 1567 ιο.

868 1572 951 1599 viam
971 1573 1100 1610 gentium
1119 1582 1155 1600 ne
1172 1574 1312 1609 abieritis,
1324 1580 1352 1603 et
1364 1576 1397 1603 in
1413 1576 1544 1604 civitates
1555 1575 1607 1604 Sa·
1619 1573 1701 1603 5·-7·

869 1612 1078 1640 maritanorum
1094 1622 1130 1639 ne
1143 1612 1320 1642 intraveritis
1322 1624 1336 1650 ;
1346 1614 1399 1643 sed
1408 1616 1505 1653 potius
1517 1616 1556 1644 ite
1569 1616 1611 1644 ad

869 1660 936 1679 oves
953 1660 1018 1689 quoe
1033 1653 1178 1690 perierunt
1191 1653 1293 1681 domus
1309 1654 1414 1682 Israe'l.
1424 1656 1536 1683 Euntes
1553 1665 1609 1684 au-

870 1695 927 1719 tem
939 1690 1106 1729 proedicate,
1115 1692 1254 1728 dicentes,
1276 1695 1352 1732 Quia
1366 1695 1609 1733 appropinquavit

868 1739 989 1768 regnum
1002 1731 1149 1759 coelorum.
1158 1732 1215 1761 Hoc
1226 1738 1265 1761 est
1277 1731 1349 1770 quod
1359 1732 1437 1770 dicit,
1446 1734 1610 1763 Prandium

869 1779 962 1798 meum
970 1771 1076 1808 paravi
1091 1782 1099 1799 z
1115 1770 1144 1799 id
1154 1777 1202 1808 est,
1215 1771 1259 1800 Ex
1272 1771 1345 1800 omni
1357 1771 1425 1811 lege,
1441 1779 1508 1802 etex
1518 1774 1609 1802 omni-

868 1808 920 1837 hus
944 1809 1082 1848 prophetis
1098 1810 1297 1850 Scripturarum
1310 1822 1414 1840 mensas
1426 1813 1530 1842 ornavi.
1552 1813 1608 1849 Qui

868 1855 930 1877 sunt
943 1849 1011 1877 tauri
1024 1856 1050 1878 et
1062 1850 1180 1888 saginata
1195 1850 1300 1879 occisa?
1311 1851 1513 1891 Prophetae‚qui
1527 1852 1609 1882 occisi

867 1894 930 1916 sunt
945 1899 994 1928 pro
1012 1889 1097 1917 salute
1117 1890 1222 1930 populi.
1235 1891 1325 1920 Sancti
1334 1901 1440 1929 quoque
1453 1892 1533 1921 occisi
1546 1898 1609 1921 sunt

868 1937 918 1966 pro
936 1927 1022 1957 salute
1035 1928 1157 1968 ejusdem
1171 1929 1276 1969 populi,
1292 1930 1518 1968 quemadmodum
1531 1931 1609 1961 docet

868 1977 916 1996 nos
929 1967 1076 2006 apostolus,
1091 1968 1182 1998 dicens
1194 1979 1202 1996 ε
1215 1970 1279 2009 Ego
1293 1976 1390 1998 autem
1410 1971 1564 2010 impendar
1579 1977 1608 2000 et
1617 1993 1639 2008 2,
1653 1986 1706 2009 Cor,
1721 1993 1730 2009 ι
1739 1994 1758 2010 ,-

833 2014 853 2037 D
868 2009 1107 2046 superimpendar
1117 2019 1170 2047 pro
1187 2010 1342 2038 animabus
1358 2013 1471 2039 vestris.
1481 2011 1547 2039 Item
1561 2011 1607 2040 ali·
1622 2017 1656 2040 ι5.

867 2047 910 2076 bi:
920 2047 985 2086 Ego
994 2049 1071 2075 enim
1082 2049 1146 2087 jam
1158 2049 1280 2078 delibor.
1290 2049 1410 2079 Hominis
1420 2050 1514 2079 libatio
1525 2050 1606 2079 alicui
1618 2070 1640 2085 2,
1658 2064 1717 2085 Tim.
1734 2061 1756 2091 4.

868 2097 916 2127 pro
930 2087 1021 2125 aliquo
1032 2087 1153 2116 offertur.
1173 2089 1229 2117 Deo
1244 2098 1307 2127 ergo
1322 2089 1502 2118 immolandus
1519 2090 1606 2119 fuerat
1617 2095 1639 2118 6.

868 2126 967 2155 Paulus
980 2137 1030 2165 pro
1043 2127 1144 2166 populo
1162 2138 1242 2165 quem
1255 2127 1376 2158 docebat.
1392 2130 1436 2159 Sic
1450 2136 1475 2158 et
1488 2129 1605 2169 prophe-

867 2173 899 2195 tae
922 2166 1002 2195 occisi
1026 2173 1099 2203 sunt,
1123 2168 1306 2206 unusquisque
1329 2179 1379 2208 pro
1402 2169 1486 2198 salute
1511 2169 1606 2208 populi

839 2225 842 2227 -
866 2216 947 2244 quem
955 2205 1076 2235 docebat.
1086 2207 1121 2236 Et
1130 2217 1201 2245 quon
1206 2207 1259 2236 iam
1270 2218 1340 2236 mors
1349 2208 1540 2247 prophetarum
1550 2218 1605 2236 sus-

867 2245 984 2274 tentabat
996 2245 1106 2284 quidem
1119 2257 1153 2275 ex
1165 2253 1241 2286 parte
1256 2247 1368 2276 salutem
1383 2247 1535 2282 humanam,
1551 2256 1604 2274 non

866 2291 953 2314 tamen
966 2284 1045 2324 plene
1055 2285 1159 2315 salvare
1173 2293 1276 2325 poterat
1284 2292 1369 2315 totum
1382 2285 1512 2315 muudum
1525 2297 1531 2313 :
1544 2284 1603 2314 ideo

865 2324 1008 2354 novissime
1022 2325 1175 2354 immolatus
1188 2332 1227 2354 est
1242 2327 1345 2363 Agnus,
1361 2325 1407 2362 qui
1421 2325 1501 2353 totius
1509 2323 1604 2352 mundi

863 2370 967 2393 reatum
980 2364 1130 2394 innocentia
1142 2375 1190 2393 sua
1207 2364 1362 2402 detergeret.
1383 2365 1524 2402 Propterea
1536 2369 1562 2391 et
1575 2363 1603 2391 in

863 2403 960 2433 diebus
982 2404 1163 2449 Scenopegiae,
1182 2413 1241 2441 quae
1264 2402 1452 2441 interpretatur
1476 2402 1541 2430 fixio
1564 2408 1604 2430 ta-

863 2443 1002 2473 bernaculi
1012 2466 1019 2480 ,
1045 2443 1158 2473 diversae
1186 2442 1278 2471 hostiae
1299 2441 1489 2470 occidebantur
1516 2441 1543 2469 in
1567 2441 1603 2469 fi-

865 2493 932 2523 gura
945 2490 1107 2520 sanctorum,
1119 2481 1263 2511 novissime
1283 2487 1372 2509 autem
1388 2479 1557 2509 occidebatur
1577 2487 1603 2510 ct
