1890 2826
227 165 295 200 232

488 208 493 213 .
543 175 573 199 S.
603 176 739 200 soANle
766 175 949 200 CHRYSOST.
979 174 1134 199 Ant-:timna
1162 175 1427 201 CONSTANTINOP-

224 238 341 278 alicujus
355 239 451 277 gratia,
464 245 512 268 aut
525 248 559 267 ex
575 238 670 267 timore
690 244 803 273 tantum,
812 256 814 258 ·
824 237 870 268 sed
889 237 968 267 etiam
983 240 1003 263 D
1021 237 1101 267 Οὕτω
1113 237 1230 277 μάλιστα
1245 238 1341 278 ἔμαθεν
1349 238 1380 268 ἂν
1392 238 1440 275 τὴν
1451 237 1543 279 σοφίαν
1557 238 1606 275 τὴν
1617 239 1682 279 παρ’
1693 239 1801 280 ἑαυτῷ·

224 295 258 314 ex
282 284 390 314 caritate
407 286 463 314 Deo
485 285 626 315 serviebat.
643 285 732 314 Multa
753 294 818 314 cura
841 284 969 314 educatus

225 337 274 366 est,
290 341 338 359 nec
358 331 441 361 breve
462 338 567 370 tempus
589 331 615 359 in
642 330 732 360 studia
751 330 885 360 insumsit.
902 331 969 359 Tres

198 374 212 389 ‘
223 385 308 405 annos
319 376 579 418 philosophabantur
592 384 618 406 et
632 383 685 406 tres
700 386 794 406 annos.
797 376 966 416 jejunabant.

223 423 310 454 Vides
323 423 515 463 prudentiam?
526 423 582 453 Ubi
599 422 722 452 cautione
736 433 804 463 opus
822 429 873 459 est,
888 422 980 452 valder

212 476 331 498 «exactus
344 476 394 507 est,
405 469 531 509 provisus
541 479 572 498 ac
582 468 801 509 circumspectus;
813 479 860 499 nec
871 475 969 498 temere

222 515 341 556 seipsum
355 516 474 556 conjicit,
491 516 539 545 sed
557 515 693 555 supplicat
712 525 744 544 ac
756 522 881 555 precatur
895 527 904 544 ε
919 515 966 544 ubi

222 573 287 592 vero
304 562 411 591 nullum
425 561 615 591 detrimentum
627 569 678 596 est,
691 561 813 601 linguam
824 562 967 591 barbaram
979 585 981 587 .

222 615 248 637 et
272 607 406 648 ejusmodi
424 607 582 647 sapientiam
601 607 704 637 discere
718 618 770 636 non
790 608 889 637 renuit.
905 609 966 638 Non

1021 284 1074 313 ἄπὸ
1087 283 1248 324 συγκρίσεως
1260 284 1350 321 πάλιν,
1361 284 1404 314 ἵνα
1425 284 1495 324 μάθῃ
1510 284 1550 314 ὅτι
1564 286 1612 315 οὐκ
1632 285 1688 315 ἔστι
1711 285 1791 325 σοφία

1020 330 1097 370 ἑτέρα
1117 330 1160 360 οἵα
1172 333 1189 366 ἡ
1204 330 1347 371 Ἑὸραίων,
1359 330 1402 360 ἵνα
1417 330 1584 371 ἰσχυρότερος
1597 331 1652 368 εἴη.
1668 332 1722 362 Καὶ
1737 332 1792 371 μὴν

1021 378 1044 406 εἷ
1057 376 1103 406 καὶ
1113 377 1266 417 παράνομον
1279 373 1322 414 ἦν,
1335 378 1381 407 καὶ
1396 379 1508 408 ἐνταῦθα
1519 378 1584 414 ἔστη
1599 377 1631 407 ἂν
1652 378 1697 408 καὶ
1715 381 1790 418 ἠγω-
1809 401 1811 403 -

1019 422 1120 452 νίσατο.
1137 418 1213 457 Εἶδες
1226 422 1267 452 ὅτι
1279 423 1371 453 τούτου
1387 426 1415 453 αἱ
1435 424 1540 464 ἀρεταὶ,
1560 423 1618 454 ὅθεν
1638 426 1663 454 οἱ
1682 424 1792 465 γαστρί-

1020 480 1132 508 μαργοι,
1150 469 1208 499 ὅθεν
1234 471 1258 499 οἱ
1281 470 1381 510 σκόρδα
1406 472 1588 510 προτιμῶντες
1613 473 1660 500 τοῦ
1689 470 1790 510 μάννας

1019 513 1156 544 Ἐντεῦθεν
1166 517 1180 544 ὁ
1189 515 1292 551 Δανιὴλ
1304 515 1341 545 ὢν
1353 515 1492 556 φιλόσοφος
1503 515 1596 555 ἐφάνη.
1608 515 1663 546 Καὶ
1672 516 1792 555 ἐγένοντο

1018 561 1045 590 ἐν
1060 562 1147 595 αὐτοῖς
1161 563 1191 591 ἐκ
1202 563 1256 591 τῶν
1269 564 1333 591 υἱῶν
1346 562 1435 592 Ἰούδα
1444 583 1452 597 ,
1465 562 1584 600 Δανιὴλ,
1597 562 1642 592 καὶ
1657 561 1791 597 Ἀνανίας,
1804 578 1806 581 ·

1017 606 1062 636 καὶ
1076 607 1210 647 Ἀζαρίας,
1234 608 1279 637 καὶ
1300 608 1421 644 Μισαήλ.
1436 608 1490 638 Καὶ
1511 608 1640 644 ἐπέθηκεν
1667 608 1756 644 αὐτοῖς
1777 609 1807 638 ὁ>

221 654 292 684 enim
306 654 407 683 crimen
419 661 474 683 erat
488 654 558 683 hanc
571 653 686 691 discere,
701 665 797 685 verum
810 665 841 684 ea
855 655 906 684 uti.
921 654 966 685 Sic
982 656 1001 679 E
1018 653 1204 693 ἀρχιευνοῦχος
1214 653 1345 692 ὀνόματα,
1357 656 1396 694 τῷ
1405 654 1453 694 μὲν
1465 654 1568 690 Δανιὴλ
1579 654 1734 694 Βαλτάσαρ,
1745 652 1792 683 καὶ

214 700 356 740 ‚praecipue
368 699 535 740 intelligebat
547 700 707 741 sapientiam
719 697 812 730 suani:
827 708 907 740 atque
919 701 965 731 ite-

221 757 283 775 rum
302 757 336 775 ex
358 747 556 786 comparatione
566 767 575 782 ‚
601 753 630 776 ut
652 746 766 776 disceret
787 747 890 776 nullam
912 758 968 777 esse

221 793 378 832 sapientiam
390 794 528 824 Hebra'icae
538 793 666 835 similem,
678 800 760 832 utque
769 793 864 823 sortior
874 793 969 824 evade-

220 845 270 868 ret.
285 839 367 876 Quod
380 840 404 869 si
414 840 443 869 id
456 841 550 870 fuisset
562 839 696 879 iniquum,
711 840 749 870 ibi
761 841 878 881 profecto
891 841 968 870 resti-

220 883 304 921 tisset,
313 891 393 924 atque
400 885 466 915 adeo
474 893 656 926 repugnasset.
667 886 756 916 Vides
767 886 842 916 illins
853 886 967 916 virtutes

1017 701 1056 738 τῷ
1070 698 1173 739 Ἀνανίᾳ
1182 700 1302 740 Σεδρὰχ,
1318 700 1363 729 καὶ
1376 701 1415 740 τῷ
1426 700 1532 741 Ἀζαρία
1540 699 1734 739 *Ἀδδεναγὼη
1745 698 1791 729 καὶ

1018 748 1056 785 τῷ
1079 746 1191 782 Μισαὴλ
1209 746 1313 786 Μισάχ.
1333 747 1382 787 Τῷ
1402 747 1521 783 Δανιὴλ,
1545 746 1625 787 φησὶ,
1647 746 1792 786 Βαλτάσαρ

1018 791 1147 828 ἐπέθηκεν
1169 792 1262 830 ὄνομα.
1280 792 1332 822 Καὶ
1346 794 1360 821 ὁ
1389 793 1446 827 θεὸς
1461 794 1548 822 αὐτῶν
1562 792 1644 826 οὕτως
1666 793 1772 832 ἐλέγετο
1782 813 1791 828 ,

1019 839 1119 877 μᾶλλον
1134 837 1161 867 δὲ
1174 840 1188 866 ὁ
1196 838 1250 871 υἱὸς
1262 841 1307 868 τοῦ
1324 839 1453 878 βασιλέως
1466 838 1548 872 οὕτως
1563 838 1676 879 ἐλέγετο.
1691 839 1792 869 Ἒτόλ-

1019 896 1089 924 μησε
1102 883 1151 914 κᾶν
1165 879 1210 913 οῧν
1227 884 1272 914 τὸν
1292 885 1462 925 αἰχμάλωτον
1477 884 1546 914 οὕτω
1561 884 1686 922 καλέσας
1700 885 1790 915 Μάλι-

220 929 254 958 ab
263 929 356 959 eadem
368 931 472 970 origine
486 931 659 971 profluxisse,
672 942 706 961 ex
717 942 771 970 qua
785 932 804 961 ii
818 932 866 971 qui
879 933 966 962 ventri
975 952 1011 971 203
1017 943 1068 960 στα
1083 930 1130 970 μὲν
1148 927 1192 960 οῧν
1207 930 1354 970 ἐτόλμησεν
1376 931 1408 960 ἄν
1419 943 1425 949 ·
1440 931 1510 967 πλὴν
1523 933 1591 961 ‘ov-’m
1605 931 1663 961 ἔστι
1682 931 1713 961 τὸ
1727 931 1792 962 αὐτὸ

220 975 372 1014 indulgent,
392 987 427 1006 cx
440 987 492 1018 qna
512 977 532 1006 ii
551 976 599 1016 qui
618 976 671 1005 alia
685 977 830 1016 praeferunt
843 978 967 1007 mannae?
983 980 1002 1002 A
1017 977 1114 1015 ὄνομα,
1143 976 1212 1006 ἀλλὰ
1238 977 1324 1013 πολλὴ
1352 979 1369 1012 ἡ
1400 977 1527 1018 διαφορὰ,
1551 977 1642 1017 ὥσπερ
1671 978 1716 1008 ἐπὶ
1744 981 1809 1008 τοῦ·

219 1021 286 1051 lnde
298 1023 395 1052 Daniel
409 1034 471 1052 cum
486 1030 554 1053 esset
566 1030 652 1058 ortus,
663 1022 858 1063 philosophum
869 1034 897 1053 sc
911 1035 968 1054 esse

218 1068 392 1100 ostenditrfi.
410 1071 449 1099 Ec
468 1072 500 1099 in
518 1071 564 1100 his
597 1071 720 1110 suerunt
739 1071 776 1099 de
785 1070 859 1110 siliis
872 1071 965 1107 Juda,

219 1115 344 1153 Daniel,
368 1123 396 1145 et
413 1118 564 1153 Ananias,
587 1123 616 1146 et
635 1116 793 1152 Azarias,·
804 1122 833 1146 et
846 1117 966 1147 Misael.

220 1162 249 1191 7.
261 1163 302 1190 Ee
312 1163 448 1202 imposuit
455 1165 496 1192 eis
511 1165 631 1192 nomina
638 1164 809 1203 praeposilus
823 1164 968 1192 eunucho-

219 1218 299 1244 rum;
314 1209 438 1238 Danieli
459 1211 588 1247 quidem,
602 1210 760 1246 Baltazar;
778 1215 807 1238 et
823 1210 967 1247 Ananiae,

218 1253 375 1291 Sedracus‚·
386 1272 389 1279 ,-
400 1262 428 1285 et
438 1256 571 1290 Auria»,
598 1255 779 1295 Abdenago;
796 1262 824 1285 et
835 1256 966 1293 Misaeti,

220 1301 386 1339 Misachus.
398 1301 515 1339 Danieli,
527 1301 624 1340 inquit,
634 1301 762 1342 imposuit
773 1311 869 1330 nomen
879 1302 968 1331 Balta-

219 1356 275 1376 sar.
287 1347 328 1376 Ita
351 1358 459 1387 qnoque
477 1348 549 1377 deus
575 1348 687 1377 illorum
707 1348 856 1378 vocabatur
873 1361 879 1377 :
900 1348 967 1388 quin

218 1393 309 1431 potius
319 1394 357 1423 sic
363 1394 551 1434 appellabatur
561 1394 634 1423 filius
643 1394 723 1434 regis.
734 1395 858 1423 Aususne
865 1401 905 1424 est
914 1394 967 1434 igi-

218 1445 263 1468 tur
281 1439 419 1479 captivum
439 1440 534 1470 eodem
555 1441 664 1470 nomine
685 1440 836 1480 insignire?
851 1442 967 1470 Prorsus

218 1484 247 1514 id
261 1495 354 1515 ‘ausus
380 1493 431 1524 est;
456 1486 509 1516 nisi
533 1486 606 1525 quod
632 1496 686 1515 non
713 1492 753 1515 est
775 1485 847 1515 idem
867 1496 965 1516 nomen

218 1542 251 1561 ac
261 1531 355 1569 decus,
375 1532 423 1562 sed
447 1533 533 1562 multa
556 1532 697 1562 intercedit
718 1532 882 1568 differentia,
897 1533 967 1563 sicut

218 1577 247 1606 in
267 1578 396 1618 Josepho,
419 1578 542 1609 adoravit
555 1589 615 1608 eum
632 1584 706 1618 pater
720 1577 815 1618 ipsius.
831 1577 886 1607 Sed
898 1578 967 1618 quid

218 1625 321 1663 magni,
337 1635 433 1655 nomen
446 1625 517 1655 illud
531 1627 554 1654 ei
565 1625 685 1654 inditum
695 1625 775 1654 esse?
787 1635 873 1654 nonne
887 1625 967 1655 etiam

219 1670 300 1700 lter
320 1671 389 1701 inter
411 1672 530 1711 plebeios
550 1671 676 1702 videmus
696 1681 790 1710 regum
810 1672 967 1702 nominibus

219 1716 351 1756 appellari
371 1717 494 1746 multos?
508 1719 544 1747 At
563 1727 616 1747 non
630 1716 658 1746 in
672 1717 756 1756 regia,
772 1716 845 1746 dioet
856 1717 966 1756 aliquis.

219 1762 306 1802 Cujus
318 1770 408 1795 autem
419 1764 466 1792 rei
475 1763 559 1803 gratia
571 1763 710 1792 nominum
723 1762 773 1792 ista
785 1763 900 1792 mutatio
913 1763 944 1792 fit
954 1763 969 1792 Ξ)

219 1809 317 1848 Aspice
330 1820 372 1839 res
394 1810 512 1848 undiquc
525 1809 644 1849 disponi.
656 1809 716 1839 Non
735 1808 811 1838 videt
832 1809 967 1838 somnium

219 1865 279 1892 rex,
300 1856 459 1896 priusquam
473 1863 527 1885 tres
548 1855 590 1885 illi
609 1855 673 1884 anni
691 1855 818 1894 completi
832 1855 896 1887 sint.
912 1855 967 1886 Vi-

219 1900 267 1930 des
286 1901 484 1941 providentiam
503 1901 555 1931 Dei
565 1902 584 1930 2³·
601 1902 662 1931 Cur
682 1901 787 1940 igitur?
806 1902 845 1930 Ut
871 1901 968 1941 majori

1018 1022 1132 1062 Ἰωσὴφ,
1147 1022 1343 1068 προσεκύνησεν
1356 1023 1434 1052 αὐτὸν
1453 1026 1468 1053 ὁ
1481 1023 1570 1081 πατὴρ
1585 1026 1674 1054 αὐτου
1689 1025 1743 1054 Καὶ
1764 1024 1792 1054 τί

1020 1067 1088 1107 μέγα
1106 1068 1137 1098 τὸ
1158 1069 1242 1107 ὄνομα
1263 1080 1341 1098 τουτο
1356 1070 1486 1105 κληθῆναι
1499 1069 1594 1106 αὖτόνς
1615 1072 1666 1111 οὐχ
1687 1072 1791 1110 ὁρῶμεν

1018 1113 1064 1143 καὶ
1077 1117 1122 1143 νῦν
1133 1118 1188 1147 τοῖς
1199 1117 1252 1143 τῶν
1271 1114 1401 1153 βασιλέων
1414 1114 1553 1154 ὀνόμασιν
1562 1115 1670 1150 ἰδιώτας
1690 1117 1791 1146 καλου-

1019 1160 1112 1199 μένους
1125 1160 1251 1198 πολλούς;
1261 1162 1332 1191 ”Αλλ
1348 1162 1396 1191 οὐκ
1417 1162 1444 1190 ἐν
1467 1165 1522 1195 τοῖς
1542 1162 1699 1201 βασιλείοις,
1712 1162 1790 1203 φησί.

1019 1207 1098 1241 Τίνος
1118 1207 1146 1238 δὲ
1160 1207 1247 1237 ἕνεκεν
1265 1209 1283 1244 ἡ
1305 1209 1358 1237 τῶν
1377 1207 1513 1247 ὀνομάτων
1527 1208 1663 1246 μεταὸολὴ
1675 1209 1790 1249 γίνεται;
1803 1231 1805 1234 >

1019 1253 1091 1294 “Ope
1101 1254 1230 1284 πάντοθεν
1244 1253 1449 1293 οἷκονομούμενα
1460 1254 1495 1284 τὰ
1503 1254 1660 1295 πράγματα.
1669 1256 1711 1286 Οὐ
1722 1257 1792 1296 πρῶ-

1018 1312 1062 1330 τον
1075 1303 1126 1341 ὁρᾷ
1134 1300 1165 1330 τὸ
1177 1300 1305 1336 ἐνύπνιον,
1319 1300 1368 1334 ἕως
1377 1303 1423 1330 τοῦ
1430 1302 1603 1341 πληρωθῆναι
1613 1301 1648 1331 τὰ
1659 1301 1720 1341 τρία
1730 1301 1790 1338 ἔτη.

1017 1346 1100 1386 Ὁρᾷς
1123 1347 1165 1376 ὅτι
1187 1346 1256 1380 Θεὸς
1270 1348 1420 1385 οἷκονομεῑ;
1439 1346 1518 1380 Τίνος
1540 1342 1585 1377 οὖν
1609 1347 1710 1384 {ventu
1730 1347 1806 1377 Ἵνα-

1017 1392 1136 1426 πλείονος
1150 1392 1301 1433 παῤῥησίας
1314 1392 1464 1433 ἀπολαύσῃ.
1476 1393 1531 1423 Καὶ
1553 1393 1606 1432 μὴν
1629 1393 1806 1434 σαφέστερον-

1017 1439 1170 1478 ἐθαυμάσθη
1183 1439 1226 1474 ἂν,
1240 1439 1285 1469 καὶ
1299 1439 1393 1479 ἐφάνη.
1408 1439 1478 1469 εἴποι
1501 1451 1541 1473 τις
1562 1439 1603 1476 ἂν,
1628 1441 1651 1469 εἰ
1674 1439 1805 1480 πρᾶτῶν-

1016 1487 1097 1526 τριῶν
1118 1487 1183 1515 ἐτῶν
1199 1481 1250 1515 εἶδε
1263 1485 1295 1514 τὸ
1317 1485 1446 1515 ἐνύπνιον.
1465 1485 1535 1515 Ἀλλ’
1551 1487 1600 1515 οὐκ
1613 1485 1646 1515 ἂν
1665 1479 1729 1522 ἦλθε
1744 1485 1790 1515 καὶ

1016 1533 1077 1561 κατ’
1093 1533 1180 1560 αὐτῶν
1202 1531 1234 1560 τὸ
1257 1531 1357 1570 δόγμα,
1372 1531 1459 1564 ἄλλως
1479 1531 1507 1560 δὲ
1531 1532 1585 1561 οὖδ’
1613 1531 1754 1568 ἐπιστεύθη
1776 1534 1791 1561 ὁ

1017 1577 1130 1613 Δανιήλ.
1144 1576 1197 1606 Διὰ
1209 1579 1286 1606 τοῦτο
1300 1578 1327 1606 ἐν
1340 1581 1394 1610 τοῖς
1406 1581 1509 1617 μικροῖς
1525 1577 1570 1607 καὶ
1585 1576 1707 1607 ἐλάττοσι
1717 1578 1791 1616 λαμ-

1016 1623 1090 1653 eave:
1104 1627 1198 1663 πεῖραν
1213 1624 1261 1658 τῆς
1280 1622 1380 1656 εὐνοίας
1403 1626 1448 1652 τοῦ
1468 1625 1539 1653 Θεοῦ
1552 1625 1600 1659 τῆς
1612 1623 1675 1663 περὶ
1697 1622 1804 1657 αὐτοὺς»

1015 1670 1030 1697 ὁ
1041 1666 1178 1708 εὐνοῦχος,
1191 1669 1224 1697 ἵν’
1238 1667 1300 1698 ὅταν
1314 1668 1382 1708 ὑπὲρ
1405 1671 1458 1698 τῶν
1476 1668 1601 1708 μειζόνων
1613 1668 1722 1703 ἀξιῶσιν
1741 1669 1802 1700 uio-1

1015 1714 1071 1750 τὸν,
1087 1714 1124 1753 μὴ
1149 1714 1325 1750 διαπιστήσας
1347 1714 1476 1755 διαπτύῃ,
1490 1715 1536 1744 καὶ
1558 1714 1602 1744 ἶνα
1622 1714 1728 1754 μα’θωσι
1738 1726 1790 1744 κα·-

1016 1761 1069 1793 λῶς
1089 1759 1327 1800 διαλέγεσθαι,ἵνα
1350 1760 1471 1794 πλείονος
1495 1761 1646 1802 παῤῥησίας
1669 1761 1789 1792 ἀπολαύ-

1017 1819 1109 1837 σωσιν.
1125 1809 1186 1847 Οὐχ
1199 1809 1261 1848 ὁρᾷς
1273 1807 1344 1837 *aab
1362 1810 1408 1837 τοῦ
1428 1807 1513 1837 Δαυὶδ
1534 1811 1612 1838 τοῦτο
1631 1808 1802 1848 γενόμενονς·

1016 1856 1074 1887 πῶς
1090 1853 1264 1889 διηπίστησεν
1286 1855 1358 1894 αὐτῷ
1382 1855 1396 1882 ὁ
1425 1853 1548 1893 βασιλεὺς
1568 1854 1790 1895 ἐπαγγελλομένῳ

1017 1899 1164 1940 ἀλλόφυλον
1175 1898 1305 1939 αἱρήσειν,
1319 1899 1372 1929 ἀπὸ
1384 1902 1433 1935 τῆς
1446 1900 1552 1935 ἡλικίας
1562 1900 1657 1940 κρίνων
1671 1900 1706 1930 τὰ
1721 1901 1799 1941 πρά-,

219 1947 342 1977 libertate
361 1947 490 1987 loquendi
508 1947 607 1977 Daniel
626 1947 773 1977 frueretur.
798 1948 843 1984 At,
866 1947 969 1977 dixerit
982 1959 1002 1983 c
1017 1957 1121 1986 γματα;
1136 1944 1210 1985 Ὅρα
1222 1945 1314 1974 λοιπὸν
1329 1948 1376 1981 τῆς
1390 1946 1450 1974 ὁδοῦ
1463 1944 1512 1981 τὴν
1533 1945 1620 1975 αἰτίαν
1633 1948 1724 1976 τοῦτον
1739 1957 1791 1984 μα-

219 1994 334 2034 aliquis,
356 1994 524 2023 manifestius
545 1994 572 2023 in
599 1993 777 2024 admiratione
800 2004 830 2022 ac
849 1993 968 2023 claritate

218 2040 314 2070 suisset
331 2039 438 2076 Daniel,
458 2040 481 2069 si
493 2046 554 2069 ante
570 2046 624 2068 tres
637 2039 699 2068 illos
717 2038 966 2069 Nabuchodonosor

220 2087 356 2116 somnium
380 2085 502 2115 vidisset.
526 2085 611 2124 Atqui
635 2084 751 2114 edictum
780 2085 852 2114 illud
875 2091 965 2115 contra

218 2142 318 2173 pueros
337 2132 474 2174 prolatum
499 2141 553 2161 non
576 2131 670 2161 fuisset
691 2142 697 2159 ε
717 2130 795 2161 aliter
815 2138 903 2162 autem
919 2142 967 2162 nec

249 2237 267 2251 '⁴
281 2235 371 2263 Scribe
385 2234 511 2270 Ᾰὸδεναγώ.

251 2284 262 2296 ⁶
280 2280 344 2307 mhi·
355 2279 394 2302 οὐκ
407 2279 489 2302 ἔστιτὸ
502 2277 557 2301 αὐτὸ
571 2277 650 2307 ὄνομα.
664 2275 712 2298 Hic
725 2273 786 2299 mihi
797 2274 913 2301 tenebrce.
926 2275 979 2299 Nec

219 2315 289 2345 aliud
306 2316 332 2340 ia
351 2320 461 2342 mentem
477 2315 555 2344 venit,
565 2322 640 2346 quam
653 2314 814 2346 exscriptoris
824 2313 979 2346 indiligentia

219 2355 316 2380 factum
326 2363 392 2386 esse,
405 2359 434 2379 ut.
447 2352 482 2378 ad
495 2361 541 2378 nos
551 2361 642 2377 manca
659 2353 818 2385 pervenerint
828 2352 981 2386 eloquentis-

219 2387 281 2419 simi'
295 2394 374 2427 patris
391 2391 476 2419 verba.
489 2391 592 2417 Scilicet
607 2390 668 2416 dum
685 2390 817 2416 ostendere
835 2391 889 2417 vult
906 2391 980 2425 longe

219 2434 369 2467 ampliorem
379 2432 453 2458 fuisse
466 2431 560 2457 famam
572 2430 706 2456 Balmsaris
717 2431 732 2455 J
736 2429 799 2455 uda-i
810 2430 877 2456 fama
894 2430 981 2456 Balta-

219 2476 281 2499 saris
293 2472 441 2507 Babylonii,
453 2467 594 2504 exemplum
609 2469 713 2503 josephi
727 2469 867 2495 adduxerat
876 2470 980 2496 eximius

220 2514 321 2539 doctor.
331 2514 443 2546 Uterque
459 2511 539 2542 enim,
552 2509 675 2543 Josephus
690 2518 720 2534 ac
730 2508 833 2542 Daniel,
845 2511 910 2535 servi
922 2519 979 2536 cum

218 2554 338 2584 fuissent,
355 2561 412 2577 eum
428 2551 551 2576 honorem
568 2550 716 2582 consequuti
730 2554 803 2581 sunt,
817 2555 845 2573 ut
862 2549 978 2582 adorari,

220 2602 290 2619 more
302 2601 387 2617 earum
397 2591 517 2625 gentium,
525 2590 674 2622 meruerint5
683 2587 724 2614 hic
734 2597 748 2614 a
761 2596 824 2622 rege,
833 2589 897 2616 Dan.
909 2590 977 2622 2316,-

1017 1992 1104 2022 θόντα.
1122 1993 1184 2021 Τῶν
1205 1991 1346 2031 βαρὸάρων
1362 1990 1460 2030 ἔμαθον
1478 1991 1595 2032 ἀκριὸῶς
1615 1993 1734 2029 Μωῦσῆς
1744 1992 1790 2022 καὶ

1017 2038 1130 2074 Δανιήλ.
1143 2037 1203 2067 Ἵνα
1227 2037 1279 2077 γὰρ
1307 2037 1345 2076 μὴ
1368 2036 1460 2077 ἀγνοίᾳ
1482 2037 1579 2067 δοκῶσι
1602 2042 1736 2078 προτιμᾷν
1756 2038 1790 2067 τὰ

1017 2086 1101 2114 οἰκεῖα
1112 2085 1165 2113 τῶν
1189 2082 1344 2123 ἀλλοτρίων,
1358 2082 1451 2112 τούτου
1473 2082 1551 2123 χάριν
1572 2083 1681 2123 ἀφίησιν
1696 2082 1791 2117 αὐτοὺς

1018 2130 1138 2171 μετέχειν
1152 2129 1292 2167 κάκείνων,
1303 2128 1337 2158 ἶν’
1353 2128 1415 2158 ὅταν
1433 2128 1508 2169 ἴδῃς,
1523 2129 1624 2168 μᾶλλον
1635 2130 1659 2159 δ’
1673 2129 1797 2183 ἀκούσῃς-

1028 2234 1070 2260 ille
1081 2243 1096 2260 a
1106 2240 1188 2268 patre,
1199 2234 1262 2259 Gen.
1273 2234 1315 2264 37,
1329 2235 1353 2266 9,
1364 2239 1390 2259 et
1402 2235 1444 2264 47,
1457 2234 1485 2259 31
1504 2241 1510 2257 z
1523 2238 1551 2258 at
1566 2234 1680 2260 notarius
1694 2242 1790 2268 prope-

1029 2283 1088 2300 rans
1097 2294 1104 2305 ‚
1115 2283 1168 2300 rem
1184 2273 1296 2300 indicare
1313 2279 1464 2305 contentus,
1475 2282 1549 2299 voces
1565 2273 1658 2300 omisit.
1672 2274 1733 2299 Hac
1750 2279 1792 2299 est

1028 2320 1115 2339 nostra
1135 2315 1256 2347 suspicio,
1268 2322 1311 2338 seu
1328 2314 1412 2346 potius
1428 2313 1568 2346 divinatio,
1579 2321 1654 2346 quam
1667 2313 1693 2338 in
1706 2313 1790 2340 medio

1029 2354 1199 2386 relinquimus.
1216 2353 1341 2378 Caeterum
1354 2352 1386 2377 de
1404 2352 1507 2385 Josephi
1519 2352 1668 2378 adoratione
1687 2351 1789 2385 abunde

1028 2391 1203 2418 Theodoretus
1221 2392 1316 2423 Quaest.
1327 2393 1358 2416 ⁴9
1377 2392 1403 2416 in
1420 2391 1554 2423 Genesim,
1565 2397 1592 2417 et
1610 2397 1695 2417 noster
1715 2391 1788 2417 initio

1028 2433 1156 2458 Orationis
1169 2433 1200 2457 26
1213 2433 1239 2457 in
1250 2430 1389 2464 Epistulam
1403 2430 1437 2455 ad
1448 2430 1580 2463 Isthmos,
1591 2429 1619 2456 'et
1631 2431 1741 2457 Humilia
1756 2433 1787 2458 66

1028 2470 1055 2498 in
1066 2472 1191 2498 Genesim.

1061 2511 1138 2539 ⁸*Arre
1150 2515 1190 2538 τοῦ
1200 2512 1278 2537 Δαυίὃ.
1283 2510 1338 2536 Ser.
1352 2511 1403 2537 ὑπό
1413 2509 1788 2568 1b.1i·6⁹ss1p60¹zpoev.1’raepoue

1028 2555 1067 2578 τά.
1081 2550 1150 2578 Infra
1162 2559 1209 2584 pro
1219 2554 1286 2584 ἄχθος
1294 2549 1359 2575 forte
1370 2547 1446 2575 scrib.
1458 2552 1529 2582 ἔχθος.
