1904 2840
257 190 327 223 822

258 260 381 302 pandatis
390 258 440 294 eis,
452 257 499 296 qui
512 257 630 286 nolentes
644 264 688 286 me
707 255 787 292 scire,
797 241 858 284 blas
877 254 997 286 bemant.
1016 256 1038 279 Α

261 309 288 330 et
312 303 450 339 spernunt.
465 295 565 327 Videte
585 297 691 326 Patrem
710 301 832 325 vestrum
893 304 952 330 um,
965 292 1002 322 ad

260 340 337 370 cu'us
346 337 500 376 exemplum
510 335 587 365 volui
597 345 646 366 vos
657 345 715 364 esse
724 332 913 364 misericordes
923 346 930 362 z
943 343 1002 362 car-

260 351 332 408 nalia
342 376 471 406 beneficia
484 375 585 415 dignis,
597 381 624 404 et
633 384 688 404 non
695 373 786 414 dignis
797 373 922 403 similiter
934 382 1002 411 prae-

261 425 324 454 stat,
336 415 469 454 numquid
482 414 580 454 gratias
594 413 766 454 spirituales?
789 414 845 444 Nec
857 412 930 442 enim
943 410 1004 440 dixi

262 457 339 487 vobis
353 455 387 484 de
399 455 457 491 illo,
469 455 517 494 qui
530 454 664 494 Spiritum
675 460 797 483 sanctum
809 452 882 481 'ubet
894 451 1004 480 descen-

263 497 326 526 dere
337 506 418 535 super
432 501 520 534 gratos
533 501 559 523 et
570 493 698 532 ingratos,
713 500 739 522 et
752 492 798 522 dat
843 490 1006 520 nedictiones

265 546 326 566 suas
337 545 418 574 super
427 536 514 574 justos
527 540 553 563 et
565 533 679 573 injustos
690 544 696 561 :
707 543 756 572 pro
776 539 816 561 ter
828 530 902 570 quod
914 530 943 559 in
957 540 1006 560 ve-

266 576 328 605 stris
348 573 457 612 quidem
476 580 559 603 estote
571 572 706 618 simplices
719 579 745 601 et
811 566 878 610 igni,
892 570 927 606 ⁴in
941 568 1007 598 meis

266 621 353 644 autem
369 613 513 653 prudentes
526 619 553 642 et
567 618 649 652 cauti.
668 612 698 642 Si
716 613 748 640 t'u
761 610 917 641 vestiarium
931 616 1008 638 tuum

267 653 429 690 studiosum,
450 659 477 682 et
494 651 700 683 clavicularium
719 650 822 680 cellarii
839 649 880 679 tui
902 648 1009 678 fidelem

267 694 318 722 tibi
342 692 458 731 requiris
471 704 477 720 :
493 698 593 731 quanto
606 691 691 731 magis
707 691 788 727 Deus,
799 690 881 719 talem
898 688 1012 728 requirit

267 733 476 772 dispensatorem
493 731 640 770 gratiarum
657 730 782 767 suarum&
798 730 846 768 qui
865 729 933 758 bene
950 734 1011 756 tra-

259 772 364 812 Actando
388 770 487 810 gratias
508 770 578 810 ejus,
598 769 836 808 faciatgratiores,
856 778 921 803 non,
941 767 1012 798 male

268 811 458 851 dispensando,
475 809 570 839 reddat
581 809 718 849 ingratas?
728 809 805 842 Sicut
816 808 888 838 enim
901 807 925 836 si
936 806 1012 836 cani-

270 850 440 888 busvdederis
460 851 591 891 sanetum'⁹
609 855 656 878 aut
672 848 761 888 porcis
774 847 941 893 margaritas,
964 855 1047 884 necn

269 897 480 925 sanctumvcanes
490 888 648 924 sanctificat,
667 898 716 917 nec
727 887 878 926 margaritae
890 886 1015 915 nutriunt

270 940 376 970 porcos,
390 929 438 958 sed
447 939 462 958 e
472 935 563 958 contra
574 938 652 957 canes
662 927 835 966 coinquinant
846 932 978 960 sanctum,
989 931 1015 954 et

271 969 345 1010 porci
368 968 525 1007 margaritas
539 966 690 1004 sordidant,
709 966 753 996 vel
770 966 960 1005 confringunt:
977 964 1014 993 ita

272 1009 294 1038 si
307 1008 462 1038 hominibus
476 1007 584 1037 caninos
597 1006 640 1036 vel
654 1006 778 1046 porcinus
789 1016 876 1035 mores
888 1004 1015 1033 habenti-

271 1049 323 1078 bus
335 1055 457 1077 sanctum
470 1046 588 1082 dederis,
609 1053 656 1075 aut
676 1045 801 1085 mysteria
815 1051 914 1074 secreta
926 1042 1015 1073 credi—
1029 1069 1033 1073 .

273 1087 355 1124 deris,
371 1097 419 1116 nec
431 1093 551 1116 sanctum
566 1086 628 1115 illos
643 1085 798 1120 sanctificat,
818 1094 868 1114 nec
890 1082 1017 1123 mysteria

272 1127 391 1157 veritatis
403 1137 448 1156 eos
461 1125 626 1161 illuminant,
639 1125 687 1154 sed
699 1131 818 1154 econtra
831 1124 882 1163 ipsi
896 1129 1017 1153 sanetum

273 1166 456 1205 coinquinant,
482 1173 508 1195 et
534 1176 559 1195 m
581 1165 661 1194 steria
681 1164 801 1195 veritatis
818 1163 1015 1203 blasphemant.

273 1206 353 1236 Canis
365 1213 391 1234 et
423 1215 502 1234 orcus
519 1215 562 1234 am
617 1203 729 1243 quidem
741 1203 880 1232 immunda
891 1202 1018 1232 animalia

237 1267 241 1272 .
274 1252 355 1275 sunt:
371 1217 421 1275 seii
436 1244 510 1274 canis
530 1254 564 1273 ex
587 1243 660 1279 omni
682 1250 758 1282 parte
778 1242 934 1271 immundus
957 1248 1014 1270 est:

275 1295 336 1314 nam
358 1295 407 1314 nec
433 1283 560 1318 ruminat,
585 1292 633 1311 nec
657 1282 787 1321 ungulam
810 1282 890 1311 habet
915 1281 1016 1310 fissam.

275 1326 377 1354 Porcus
396 1330 484 1353 autem
498 1333 532 1352 ex
545 1328 621 1362 parte
632 1321 788 1350 immundus
802 1328 857 1350 est:
873 1330 936 1349 nam
948 1330 1018 1358 quo-

275 1364 347 1392 niam
359 1363 488 1403 ungulam
493 1362 575 1391 habet
583 1361 685 1396 fissam,
695 1359 814 1389 mundus
823 1366 862 1389 est
873 1371 879 1387 :
892 1359 1019 1397 qnoniam

275 1410 364 1432 autem
378 1413 432 1432 non
447 1401 575 1436 ruminat,
589 1399 747 1429 immundus
765 1399 888 1428 babetur.
906 1399 1020 1437 Propter

275 1442 349 1481 quod
360 1452 437 1486 canes
450 1447 516 1486 puto
529 1439 716 1479 intelligendos
730 1438 852 1478 gentiles,
867 1437 912 1467 vel
931 1436 1020 1465 haere-
1036 1445 1054 1468 c

277 1483 343 1511 ticos
357 1491 466 1511 ommno
479 1478 650 1509 unmundos:
666 1488 728 1508 nam
741 1477 789 1507 etsi
811 1483 918 1517 propter
946 1482 1020 1505 actus

277 1531 338 1550 suos
352 1521 438 1550 malos
457 1518 592 1549 immundi
608 1525 682 1554 sunt,
702 1524 729 1547 et
752 1523 862 1557 propter
878 1515 1020 1555 perfidiam

277 1571 353 1589 suam
377 1560 420 1590 vel
442 1556 621 1588 idololatriam
643 1556 761 1596 amplius
784 1562 846 1585 sunt
870 1554 1019 1591 immundi3

277 1610 372 1639 porcos
382 1606 482 1634 autem,
492 1597 658 1627 Christianos
670 1595 823 1626 carnalibus
834 1601 860 1624 et
873 1594 1021 1625 immundis

278 1639 462 1678 voluptatibus
471 1637 586 1671 deditos,
598 1636 725 1675 quoniam
736 1641 845 1675 propter
859 1634 940 1663 fidem
953 1634 1019 1672 qui-

277 1677 337 1707 dem
355 1688 430 1707 suam
442 1675 537 1706 mundi
548 1681 620 1711 sunt,
640 1685 689 1714 pro
711 1682 749 1704 ter
761 1681 836 1703 actus
857 1680 946 1703 autem
957 1684 1021 1703 suos

277 1717 401 1746 sordidos
420 1716 553 1746 habentur
575 1715 678 1744 immun
703 1714 717 1743 '.
738 1717 793 1743 Aut
813 1724 890 1742 canes
911 1712 1020 1751 quidem

279 1756 407 1796 gentiles:
421 1766 516 1795 porcos
527 1760 616 1784 autem
629 1753 778 1788 baereticos,
792 1759 901 1793 propter
915 1752 1020 1791 aliquid

278 1802 370 1824 eorum
391 1795 525 1824 modicum
545 1793 678 1828 mundum
690 1805 695 1821 :
707 1793 770 1831 qnia
783 1793 826 1822 vel
847 1802 942 1821 nomen
966 1793 1020 1822 Do-

278 1835 345 1865 mini
357 1835 481 1865 invocare
493 1833 630 1869 videntur,
645 1832 691 1861 sed
699 1842 734 1861 ex
747 1832 867 1861 moribus
879 1831 1018 1870 intelligis,

278 1874 399 1912 quisunt
411 1883 498 1908 canes,
513 1873 557 1903 vel
575 1871 660 1912 porci.
680 1871 759 1901 Canis
775 1871 895 1900 naturale
915 1878 954 1900 est
967 1871 1018 1900 im-

278 1913 396 1952 probum
405 1923 471 1948 esse,
483 1922 627 1950 numquam
640 1921 733 1940 vocem
742 1911 844 1940 mittere
852 1917 960 1950 propter
970 1911 1020 1940 ali-

278 1963 359 1989 quam
371 1952 482 1980 altcram
495 1960 612 1987 causam,
625 1950 694 1980 sicut
707 1957 799 1979 caetera
812 1951 865 1979 alia
878 1950 1017 1987 animalia,

273 1991 329 2024 *nisi
340 1991 373 2020 ad
384 1989 529 2029 abigendos
539 1989 752 2030 supervenientes
762 2002 770 2026 ;
785 1990 919 2019 interdum
930 1996 1018 2020 autem

277 2029 347 2058 etde
358 2029 496 2068 superfluo
511 2029 537 2057 in
554 2040 641 2058 aerem
655 2029 743 2059 latrat.
759 2029 839 2059 Tales
851 2037 914 2059 sunt
926 2040 1018 2060 omnes
1034 2043 1054 2066 D

255 2089 257 2091 -
278 2069 399 2107 gentiles,
427 2068 469 2097 vel
495 2068 612 2098 haeretici
638 2069 864 2109 inapprobabiles,
892 2069 1017 2100 latrantes

299 2107 427 2137 lui-imum
438 2107 565 2137 adversus
576 2119 665 2138 servos
676 2109 740 2145 Dei,
756 2109 879 2138 latrantes
896 2109 1018 2148 aliquan-

296 2157 312 2175 ο
339 2154 364 2176 et
389 2146 516 2177 adversus
548 2149 633 2177 Deum
656 2147 830 2188 blasphemiis
849 2160 855 2176 :
882 2148 1016 2178 ululantes

277 2193 377 2226 aperte,
402 2194 428 2215 et
445 2194 592 2225 numquam
605 2198 635 2216 os
647 2198 726 2216 suum
740 2189 885 2227 aperientes
906 2188 942 2217 ad
964 2188 1014 2218 bo-

276 2235 352 2262 nnm,
367 2226 414 2255 sed
426 2236 531 2266 semper
540 2226 574 2256 ad
584 2227 696 2256 malum.
709 2228 777 2258 Item
788 2228 863 2267 porci
876 2228 1016 2268 proprium

276 2271 314 2294 est
328 2265 355 2294 in
369 2275 442 2294 coeno
461 2276 489 2294 se
502 2267 634 2301 volutare,
656 2273 682 2296 et
701 2277 848 2308 numquam
869 2268 896 2296 in
918 2268 1015 2297 caelum

274 2304 400 2343 aspicere,
416 2315 463 2333 nec
482 2316 599 2344 quaerere
612 2304 754 2335 dominum
767 2317 856 2343 sunm,
878 2307 930 2336 nisi
951 2318 1014 2336 cum

274 2344 407 2374 esurierit.
422 2344 501 2373 Tales
514 2353 576 2375 sunt
591 2345 671 2374 etiam
681 2346 839 2381 Christiani,
854 2346 901 2384 qui
914 2346 942 2375 in
956 2357 1014 2376 car-

274 2383 380 2412 nalibus
390 2383 568 2414 immunditiis
577 2384 754 2421 delectantur,
767 2395 814 2414 nec
823 2385 956 2430 aspiciunt
966 2386 1015 2414 ali-

272 2422 379 2460 quando
392 2423 479 2458 caelos,
493 2434 540 2453 nec
553 2431 675 2462 quaerunt
691 2425 789 2461 Deum,
808 2425 861 2453 nist
882 2435 943 2453 cum
965 2436 1014 2454 ne-

272 2462 377 2491 cessitas
385 2462 423 2491 eis
432 2462 587 2496 advenerit:
598 2470 624 2492 et
635 2463 689 2499 illi,
705 2464 752 2502 qui
804 2462 875 2492 idem
887 2471 1016 2494 evomunt

272 2501 382 2538 malum,
398 2502 505 2540 quando
521 2503 587 2532 bene
596 2502 755 2542 judicantur
786 2513 800 2532 e
818 2503 890 2533 malo
902 2515 912 2533 t.
925 2514 1014 2534 rever-
1025 2506 1032 2511 ‘

305 2605 315 2615 v
333 2596 413 2621 Iidem
425 2599 450 2623 'tn
463 2607 541 2632 marg.
557 2600 581 2624 ἰη
595 2599 665 2624 libris
678 2600 786 2625 inclusa.

819 198 831 210 a
851 192 938 215 OPUS
959 189 1200 214 ·1MPERFECTuu

1052 250 1146 281 tuntur
1164 248 1254 280 autem
1277 249 1314 279 ad
1333 248 1468 280 vomitum
1493 258 1584 284 suum,
1613 246 1685 277 sicut
1708 256 1799 283 canet,

1053 289 1162 330 quando
1176 289 1354 319 nihilominus
1366 295 1450 328 agunt
1467 287 1588 318 malum:
1603 293 1629 316 et
1647 287 1695 317 isti
1713 287 1801 327 proji÷

1054 331 1129 360 ciunt
1141 336 1258 360 stercora
1268 336 1440 368 peccatorum
1456 338 1579 364 suorum,
1591 326 1699 366 quando
1714 326 1801 367 poeni-

1055 376 1129 400 tent:
1150 375 1323 399 revertuntur
1344 375 1434 398 autem
1453 368 1500 405 ad·
1511 374 1628 397 stercora
1649 377 1708 402 sua,
1733 366 1802 396 sicut

1058 408 1145 478 gerni,
1159 407 1270 447 quando
1282 408 1408 445 omissam
1421 413 1545 447 repetunt
1556 407 1650 437 vitam.
1664 405 1804 446 Nunc.vi-.

1079 459 1182 484 eamus,
1195 458 1255 486 quae
1266 454 1328 477 sunt
1341 453 1442 484 sancta,
1457 454 1484 477 et
1495 456 1555 486 quat
1565 452 1628 476 sunt
1640 446 1801 486 margaritae.

1059 490 1121 519 Non
1131 487 1204 517 enim
1215 486 1352 523 distinxit,
1364 485 1434 526 quid
1443 487 1495 524 οἰκἸ
1503 493 1625 516 sanctum
1636 485 1712 521 dare,
1743 485 1803 521 uid,

1045 549 1051 557 1
1061 527 1114 558 non
1122 527 1202 564 dare,
1215 537 1278 560 cum
1287 526 1322 556 sit
1334 526 1406 556 inter
1418 531 1713 559 sanctumetsanctum
1746 525 1805 554 'ffe-

1045 579 1047 581 ·
1061 567 1144 597 renti'a
1157 566 1319 596 sanctitatis:
1330 565 1380 596 sed
1393 565 1552 606 generaliter
1564 575 1643 596 omne
1659 564 1734 604 quod
1745 575 1807 594 san-

1063 614 1138 637 ctum
1150 613 1201 643 est,
1216 606 1304 636 vetuit
1323 605 1398 635 dare.
1425 606 1499 646 Ergo
1519 612 1642 634 sanctum
1660 611 1701 634 est
1719 605 1755 635 ba
1774 605 1805 634 ti-

1063 658 1150 677 smum
1161 658 1167 677 ;
1181 651 1321 686 propterea
1335 655 1388 675 non
1398 652 1438 676 est
1449 644 1581 680 dandum,
1593 644 1647 674 nisi
1655 644 1714 684 jam
1724 615 1808 674 &iim

1063 686 1235 716 habentibus.
1261 686 1359 716 Sancta
1377 692 1418 714 est
1439 684 1523 725 gratia
1544 683 1666 729 corporis
1687 683 1806 718 Chi-ism

1065 733 1205 766 propterea
1219 725 1275 754 illis
1288 725 1352 754 solis
1365 724 1455 754 danda
1468 730 1518 760 est,
1531 723 1579 762 qui
1591 733 1649 764 Jam
1661 733 1709 763 per
1720 722 1810 763 bapti-

1066 776 1155 795 smum
1178 765 1240 794 facti
1259 771 1322 794 sunt
1344 764 1396 794 filii
1415 764 1478 800 Dei,
1497 771 1524 793 et
1540 773 1588 803 per
1610 762 1810 803 impositionem
1835 770 1838 772 ’

1066 815 1172 834 manus.
1191 804 1354 835 Benedictus
1369 804 1446 843 panis
1458 810 1550 834 sancta
1567 809 1647 837 sunt3
1669 813 1719 842 pro
1738 808 1812 832 tem

1066 844 1123 874 illis
1137 843 1298 885 porrigenda
1310 850 1385 879 sunt,
1398 844 1446 882 qui
1459 853 1568 883 capaces
1581 842 1645 872 facti
1655 848 1719 872 sunt
1763 851 1810 873 ue-

1066 883 1215 914 dictionum
1226 894 1275 924 per
1290 883 1383 913 fidem.
1395 885 1463 913 Item
1475 882 1602 922 mysteria
1611 880 1731 921 veritatis
1744 887 1812 911 inar-

1069 924 1160 963 garitae
1171 930 1242 960 sunt,
1255 923 1320 967 quia
1333 923 1402 952 sicut
1413 922 1562 962 margaritae
1573 921 1684 951 inclusae
1695 920 1812 952 cochleis

1069 962 1161 1002 positae
1183 969 1246 992 sunt
1264 973 1293 992 iu
1315 962 1481 1002 profundum
1502 961 1600 991 marist
1616 961 1654 990 sie
1673 967 1700 991 et
1718 960 1814 991 divina

1069 1002 1208 1043 mysteria,
1223 1003 1270 1032 ein
1282 1002 1373 1032 verbis
1392 1001 1506 1037 inclusa,
1520 1001 1606 1041 posita
1616 1007 1681 1033 sunt
1693 1000 1767 1030 intus
1784 999 1813 1028 in

1069 1042 1240 1071 altitudinem
1261 1051 1354 1071 sensus
1372 1042 1574 1081 Scripturarum
1594 1046 1754 1072 sanctarum.
1777 1039 1814 1069 Et

1070 1081 1142 1111 sicut
1160 1091 1212 1110 non
1225 1081 1313 1110 omnis
1326 1080 1407 1110 homo
1425 1087 1510 1126 potest
1531 1090 1560 1110 se
1582 1090 1712 1119 mergere,
1736 1086 1763 1109 et
1779 1078 1904 1109 dccxxxv

1071 1121 1205 1161 profundo
1216 1121 1309 1150 tollere
1322 1127 1487 1160 margaritas,
1497 1119 1549 1150 nisi
1557 1119 1664 1156 artifex,
1676 1119 1725 1158 qui
1735 1118 1815 1149 babet

1074 1171 1151 1190 usum
1164 1160 1203 1190 rei
1216 1160 1292 1190 illins
1305 1173 1312 1189 ι
1325 1160 1364 1190 sic
1381 1170 1435 1189 non
1452 1159 1540 1189 omnis
1555 1159 1637 1189 bomo
1658 1165 1745 1199 potat
1767 1159 1815 1189 de-

1072 1200 1197 1230 scendere
1209 1200 1235 1229 in
1246 1200 1417 1229 altitudinem
1427 1210 1566 1235 sensuum,
1580 1205 1606 1228 et
1618 1196 1816 1230 illic'invenire
1840 1225 1843 1227 Α

1073 1237 1260 1280 mysteriorum
1271 1239 1440 1269 absconditas
1452 1239 1619 1278 margaritas,
1637 1238 1689 1268 nisi
1700 1237 1745 1269 vir
1756 1238 1814 1278 spi-

1071 1279 1187 1314 ritualis,
1213 1279 1260 1318 qui
1286 1279 1366 1308 habet
1391 1279 1606 1308 exercitationem
1632 1277 1816 1318 spiritualium
1851 1280 1854 1282 ’

1072 1318 1258 1347 narrationum
1271 1319 1333 1348 Dei.
1354 1320 1495 1363 Propterea
1514 1317 1665 1357 margaritae
1679 1321 1738 1347 'non
1755 1323 1818 1348 sunt

1073 1357 1178 1392 dandae.
1194 1357 1246 1386 nisi
1259 1357 1474 1387 desiderantibus
1487 1357 1639 1393 veritatem,
1659 1363 1684 1386 et
1697 1368 1760 1388 cum
1771 1367 1816 1387 ra—

1073 1396 1145 1425 tione
1163 1396 1280 1425 humana
1298 1397 1462 1426 viventibus.
1483 1397 1514 1426 Si
1533 1407 1596 1435 ergo
1608 1396 1709 1426 talibus
1727 1396 1816 1436 porcis

1073 1443 1233 1465 secretorum
1254 1436 1442 1475 mysteriorum
1458 1435 1565 1464 miseris
1575 1434 1742 1474 margaritas,
1763 1446 1816 1465 coe-

1073 1485 1144 1504 nosae
1157 1475 1218 1504 vitae
1233 1474 1408 1504 delectatione
1418 1482 1507 1505 mente
1538 1475 1634 1511 ravati,
1645 1484 1700 1504 nou
1714 1474 1816 1505 intelli-

1074 1521 1141 1554 gunt
1153 1514 1343 1554 pretiositatem
1363 1524 1472 1544 earum:
1551 1514 1709 1544 aestimantes
1722 1525 1768 1545 eas
1778 1515 1816 1544 si-

1073 1554 1152 1583 miles
1170 1556 1227 1583 esse
1241 1555 1342 1584 caeteris
1360 1554 1460 1583 fabulis
1481 1553 1677 1590 mundialibus,
1691 1553 1818 1585 similiter·

1074 1603 1118 1622 eas
1131 1593 1284 1623 carnalibus
1301 1594 1404 1622 actibus
1421 1593 1595 1623 conculcant:
1611 1599 1638 1622 et
1656 1600 1717 1633 post
1727 1593 1816 1624 mndi-

1073 1643 1136 1662 cum
1148 1632 1273 1662 conversi
1284 1643 1332 1672 per
1343 1632 1561 1669 inobedientiam,
1574 1639 1704 1672 rumpunt
1714 1633 1816 1672 praebi—

1073 1679 1143 1702 tores
1156 1683 1249 1701 earum
1263 1685 1269 1701 :
1283 1673 1435 1711 frequenter
1448 1679 1538 1702 autem
1555 1678 1582 1701 et
1603 1672 1776 1703 scandalizati
1789 1673 1817 1704 in

1072 1712 1121 1748 eis,
1132 1712 1330 1741 calumniantur
1339 1712 1504 1754 expositores
1513 1722 1615 1747 earum,
1623 1704 1700 1749 quasi
1707 1711 1818 1751 dogma-

1072 1758 1131 1781 tum
1144 1762 1275 1781 novorum
1289 1751 1469 1782 seminatores.
1493 1752 1529 1782 Et
1544 1753 1569 1782 si
1581 1751 1681 1781 talibus
1693 1751 1817 1789 canibus,

1073 1791 1199 1830 qualibus
1222 1791 1343 1821 diximus
1353 1813 1360 1827 ‚
1388 1791 1507 1821 dederis
1518 1798 1623 1827 sancta,
1649 1791 1817 1831 suscipiunt,

1073 1831 1149 1869 quasi
1163 1841 1251 1867 canes,
1270 1831 1328 1861 sine
1342 1831 1514 1867 discretione,
1534 1837 1561 1861 et
1583 1830 1701 1862 sordidis
1714 1831 1818 1862 actibus

1072 1871 1129 1900 suis
1140 1871 1296 1900 conculcant
1315 1881 1355 1907 ea,
1373 1878 1398 1900 et
1433 1881 1463 1900 ro
1479 1870 1567 1900 nihilo
1585 1870 1745 1901 aestimantes
1757 1881 1817 1910 qua:

1073 1917 1242 1950 acceperunt,
1265 1910 1387 1940 conversi
1401 1882 1629 1950 disputationibus
1646 1910 1715 1946 suis,
1739 1910 1816 1948 quasi

1072 1949 1214 1980 latratibus
1226 1950 1464 1986 irrationabilibus,
1477 1956 1608 1989 rumpunt
1618 1949 1738 1980 veritatis
1748 1960 1817 1989 prae-

1072 1989 1227 2020 dicatorem.
1243 1990 1280 2020 Et
1290 1996 1366 2029 puto,
1381 2000 1434 2019 non
1448 1991 1505 2019 sine
1518 1989 1671 2019 rationabili
1688 1988 1818 2019 differen—

1073 2026 1109 2059 tia
1122 2036 1243 2059 sanctum
1254 2029 1365 2067 quidem
1374 2029 1486 2058 canibus
1497 2029 1562 2061 dare
1574 2029 1659 2058 vetuit
1671 2026 1814 2066 Dominus,
1832 2054 1834 2056 .
1876 2048 1895 2055 ..

1071 2069 1229 2108 margaritas
1242 2075 1331 2098 autem
1346 2079 1399 2098 non
1412 2068 1477 2098 dare
1491 2068 1590 2107 porcis.
1607 2068 1643 2097 Et
1661 2066 1696 2096 de
1709 2065 1815 2107 marga*-

1071 2109 1130 2138 ritis
1154 2107 1263 2147 quidem
1287 2118 1435 2147 possumus*
1453 2107 1558 2143 dicere,
1590 2106 1654 2146 quia
1677 2107 1701 2136 si
1723 2107 1815 2146 porcis

1072 2147 1141 2177 mitti
1151 2154 1275 2176 vetantur
1286 2147 1377 2176 minus
1390 2145 1546 2182 immundis,
1561 2153 1660 2185 quanto
1672 2146 1757 2185 magis
1769 2157 1813 2176 ca-

1071 2187 1153 2217 nibus
1173 2187 1237 2226 plus
1256 2186 1482 2216 immundis?'De
1507 2192 1597 2216 sancte
1615 2192 1705 2215 autem
1724 2185 1814 2216 dando

1071 2226 1144 2257 idem
1157 2226 1288 2267 aestimare
1305 2236 1358 2255 non
1371 2236 1525 2266 possumus.
1540 2224 1616 2262 Quid
1635 2232 1675 2255 est
1692 2225 1775 2262 enim,
1790 2225 1814 2255 si

1072 2267 1135 2312 plns
1154 2265 1300 2295 immundis
1314 2265 1379 2294 dare
1398 2276 1451 2295 non
1471 2265 1606 2301 convenit,
1622 2265 1712 2294 minus
1724 2270 1813 2294 autem

1071 2305 1218 2336 immundis
1231 2305 1355 2345 oportet?
1366 2305 1471 2335 Idcirco
1484 2315 1571 2343 neque
1585 2304 1699 2335 vetitum
1710 2303 1812 2332 intelli-

1072 2346 1171 2386 gimus,
1187 2355 1272 2384 neque
1283 2345 1439 2374 mandatum
1452 2358 1458 2374 z
1472 2345 1540 2374 forte
1549 2344 1615 2383 quia
1627 2344 1778 2381 frequenter
1787 2351 1814 2373 et

1071 2384 1364 2424 manum¹imponimus‚
1371 2392 1398 2414 et
1404 2383 1617 2416 benedictionem
1628 2382 1723 2412 damus
1732 2381 1812 2412 etiam

1072 2435 1214 2470 porcorum
1227 2433 1303 2454 more
1315 2424 1469 2455 viventibus
1487 2419 1656 2458 Christianis,
1678 2432 1731 2454 non
1748 2422 1813 2460 quia

1071 2465 1113 2494 111i
1127 2470 1262 2502 merentur
1280 2465 1408 2504 accipere,
1432 2462 1483 2493 sed:
1499 2473 1546 2492 nos
1562 2472 1597 2492 ex
1620 2461 1698 2491 nobis
1718 2468 1811 2491 contra

1067 2504 1211 2544 justitiam,
1224 2503 1289 2534 dare
1303 2513 1473 2543 usurpamus,
1488 2512 1522 2532 ne
1531 2502 1600 2531 forte
1613 2501 1719 2541 plenius
1732 2508 1810 2541 sean-
