1890 2826
76 308 172 330 [wazo.
195 312 213 328 Ι.

227 181 291 216 152

222 254 318 283 (liebus
332 276 339 290 ,
360 252 454 282 mortis
475 251 566 281 fecerit
588 250 749 279 mentionem
772 248 807 278 ita
836 248 967 286 loquens:

226 300 329 337 Anno,
343 310 401 342 quo
428 305 558 328 mortuus
572 303 613 326 est
638 297 727 326 Ozias
741 305 805 324 rex.
822 295 885 325 Haec
899 293 970 322 enim

225 357 305 376 causa
331 346 382 375 fuit
396 355 446 375 cur
458 351 540 374 totam
563 343 597 373 ab
619 341 731 372 exordio
753 340 894 371 historiam
915 345 971 367 tra-

545 190 575 213 S.
602 187 745 212 JoANNis
771 183 957 210 CHRYSOST·
986 181 1146 205 Anculm’.
1174 183 1446 210 CONSTANTlNOP.

1023 238 1052 300 iii
1066 243 1194 274 ἀπέθανεν
1208 247 1299 280 Ὀζίας
1313 249 1327 276 ὁ
1345 248 1476 286 βασιλεύς.
1497 249 1583 279 Τοῦτο
1597 250 1647 291 γάρ
1670 252 1743 288 ἔστι,
1757 253 1792 281 δι’

1024 299 1038 318 ο
1057 294 1146 327 πᾶσαν
1164 290 1192 325 ἐξ
1214 292 1299 337 ἀρχῆς
1321 293 1370 328 τὴν
1392 294 1509 334 ἱστορίαν
1527 296 1702 336 ἕκινήσαμεν·
1725 297 1794 327 ἀλλὰ

1025 335 1171 375 προσέχετε
1182 337 1308 377 ἄκριὸῶς.
1318 338 1332 355 “’
1341 339 1395 369 Καὶ
1409 339 1521 379 ἐγένετο,
1532 342 1621 382 φησὶν,
1632 342 1710 379 ἡνίκα
1722 343 1796 383 ἴσχδ-

77 406 98 420 2,
135 397 216 419 paral.
226 400 367 428 ctaremus3
381 390 428 421 sed
451 390 600 420 auscultate
621 388 778 428 diligenter.
804 387 846 416 Et
850 386 972 427 factum
983 401 1019 420 ‚32
1028 393 1071 410 σεν
1083 384 1098 411 ὁ
1112 381 1202 416 Ὀζίας
1213 386 1228 413 ὁ
1242 385 1379 423 βασιλεὺς,
1398 386 1490 426 ὑψώθη
1505 389 1522 423 ἡ
1537 387 1632 428 καρδία
1653 390 1732 419 αὐτοῦ
1746 389 1796 423 ἕως

227 444 279 473 est,
290 436 388 475 inquit,
401 446 467 465 cum
487 434 661 463 invaluisset
677 433 765 462 Ozias
777 441 840 466 rex,
860 429 972 459 elatum
992 431 1011 452 Α
1027 431 1074 457 τοῦ
1088 428 1251 470 διαφθεῖραι,
1265 431 1310 460 καὶ
1333 432 1460 467 ἠδίκησεν
1474 433 1504 462 ἐν·
1515 433 1606 474 Κυρίῳ
1619 434 1682 474 Θεῷ
1702 435 1794 467 aaron,

78 429 115 451 26.
132 430 166 451 16.

228 490 271 512 est
290 493 341 513 cor
350 483 422 522 ejus,
434 491 526 521 usque
550 480 591 509 ad
611 482 836 518 corruptionem,
852 482 881 505 et
894 477 974 515 inju-

230 533 306 558 rtam
326 529 399 569 fecit
419 530 451 556 in
467 528 602 557 -Domino
627 521 698 555 Deo'
716 535 781 555 suo.
803 523 874 561 Quis
899 522 974 562 inju—

229 577 275 605 ria·
289 575 387 605 modus
400 574 414 603 Ξ)
433 577 584 614 Ingressus
609 579 663 609 est,
677 572 776 611 inquit,
790 572 823 599 in
838 569 975 608 templum

231 624 364 658 Domini,
390 628 422 651 ut
449 620 582 650 adoleret
606 621 757 648 incensum
782 626 868 657 super
879 616 976 645 altare

108 679 171 707 uagis
186 672 447 709 Sa-thymiamaeis.
483 670 508 698 Ο
533 666 694 697 audaciam!
715 676 732 695 o
753 663 948 705 impudentiam
967 661 974 690 l

83 711 209 762 :slssfflffiffl
234 717 372 747 Adversus
386 717 443 756 ipsa
458 726 533 745 sacra
554 714 636 754 adyta
649 723 743 750 ausus,
760 712 788 741 in
812 717 900 741 sancta
915 719 976 738 san-

84 774 124 793 ³⁴12!
131 775 182 792 :ici-t.

234 771 339 793 ctorum
363 762 481 803 irrupit,
505 760 553 800 qui
577 761 654 789 locus
675 758 803 788 omnibus
828 763 884 786 erat
905 756 977 785 inac-

233 820 333 846 cessus,
347 816 526 849 praeterquam
544 816 649 836 summo
667 804 810 842 sacerdoti,
823 804 896 833 hunc
915 813 977 842 pro-

233 856 323 884 fanare
336 861 447 884 conatus
455 861 506 883 est.
519 852 595 882 Talis
606 858 648 881 est
659 851 748 880 anima
759 851 787 880 in
801 849 979 889 arrogantiam

234 901 350 929 sublata.
383 899 471 930 Semel
493 898 566 929 euim
597 897 736 936 desperata
769 896 855 926 salute
878 905 979 934 nequa-

234 957 316 985 quam
329 945 429 975 desinit
442 945 544 979 furere,
568 953 663 974 verum
675 943 793 972 habenas
808 941 902 971 salutis
925 951 980 970 suae

235 993 329 1022 laxans
358 990 586 1021 irrationabilibus
612 987 806 1028 cupiditatibus
825 986 923 1026 quovis
936 997 981 1015 ra·
999 988 1018 1011 B

237 1040 321 1080 phur,
337 1050 384 1069 nec
405 1038 483 1067 aliter
502 1046 584 1076 quam
609 1046 694 1075 equus
713 1034 853 1070 ferociens,
867 1032 915 1062 ubi
929 1033 982 1062 sre-

236 1097 303 1116 num
317 1097 374 1122 ore,
389 1095 520 1114 sessorem
542 1090 616 1122 tergo
640 1081 768 1118 excussit,
789 1081 873 1110 fertur
886 1079 983 1118 quovis

236 1140 316 1163 vento
330 1132 461 1169 velocius,
482 1129 608 1160 omnibus
622 1128 711 1159 obviis
724 1126 914 1162 intolerabilis,
928 1125 982 1155 dif-

238 1178 404 1218 fugientibus
428 1176 542 1212 cuncfis,
558 1186 644 1214 neque
655 1184 792 1213 quoquam
810 1172 924 1202 audente
937 1182 984 1201 co-

238 1224 331 1253 hibere
345 1222 401 1252 :sic
411 1228 437 1251 et
448 1221 536 1251 anima
549 1219 597 1249 ubi
611 1218 665 1248 Dei
678 1218 799 1247 timorem
810 1217 895 1257 ipsam
905 1216 984 1246 refre-

239 1274 345 1296 nantem
354 1265 483 1300 excussit,
494 1271 521 1294 et
531 1264 660 1294 rationem
673 1262 790 1292 habenas
804 1261 984 1290 moderantem

238 1311 328 1351 ejecit,
342 1309 376 1339 ad
390 1308 494 1349 quaevis
507 1307 616 1337 malitiae
636 1307 695 1336 loca
716 1305 846 1341 decurrit,
861 1304 945 1334 donec
956 1305 983 1333 in

241 1357 317 1387 exitii
330 1356 487 1386 barathrum
503 1355 600 1390 delata,
611 1351 785 1394 praecipitarit
803 1362 880 1381 suam
900 1350 986 1391 ipsius

240 1402 366 1431 salutem.
382 1401 554 1440 Quapropter
575 1403 678 1437 oportet
691 1395 798 1425 assidue
811 1395 888 1424 illam
902 1395 984 1424 refre-

240 1459 314 1483 nare,
329 1458 360 1476 ac
374 1446 479 1486 pietatis
492 1445 593 1475 ratione
607 1454 656 1473 ceu
666 1443 740 1472 freno
753 1441 871 1480 quodam
882 1441 987 1470 irratio—

242 1494 358 1523 nabilem
370 1492 445 1521 illius
461 1492 591 1531 impetum
606 1489 728 1519 inhibere
744 1499 750 1517 :
765 1486 839 1526 quod
860 1497 912 1516 non
924 1487 986 1516 fecit

242 1539 333 1575 Ozias,
356 1537 404 1567 sed
427 1537 556 1566 adversus
582 1536 672 1575 ipsum
696 1533 817 1563 omnium
830 1543 987 1573 supremum

243 1585 424 1625 principatum
435 1584 521 1623 legem
532 1589 713 1621 transgressus
725 1586 776 1608 cst.
790 1578 931 1617 Siquidem
945 1589 986 1608 sa-

243 1630 393 1661 cerdotium
406 1629 574 1670 principatus
596 1634 646 1664 est,
668 1627 727 1666 ipso
741 1626 822 1656 etiam
843 1635 925 1664 reguo
939 1635 986 1655 ve-

243 1677 390 1707 nerabilius
414 1686 445 1705 ac
459 1675 557 1715 majus.
570 1675 611 1704 Ne
632 1672 700 1702 mihi
720 1682 811 1701 narres
824 1682 986 1711 purpuram,

244 1735 329 1764 neque
341 1723 476 1759 diadema,
484 1732 570 1760 neque
581 1727 665 1751 vestes
678 1729 785 1748 aureas.
799 1717 912 1748 Umbrae
926 1726 989 1748 sunt

96 1789 152 1810 hm,
165 1787 202 1819 40·
211 1788 234 1811 6,
245 1772 335 1802 isthaec
344 1770 445 1806 omnia,
459 1770 604 1807 vernisque
618 1765 739 1796 flosculis
752 1764 865 1796 leviora.
887 1765 989 1795 Omnis

113 2065 237 2087 Sacerdotis

242 1818 326 1854 enim,
336 1816 435 1856 inquit,
444 1814 670 1854 hominisgloria
676 1811 897 1854 sicutflossoeni,
908 1811 989 1841 etiam

244 1865 266 1893 si
275 1864 360 1904 ipsam
368 1861 482 1902 gloriam
490 1860 609 1900 regalem
615 1858 728 1888 dixeris.
737 1859 787 1894 Ne,
794 1857 912 1896 inquam,
920 1857 988 1887 mihi

244 1919 335 1938 narres
346 1908 395 1937 ista
398 1919 407 1946 5
420 1906 468 1936 sed
480 1907 501 1935 si
508 1906 549 1936 vis
561 1904 654 1935 videre
663 1903 807 1933 discrimen
815 1909 945 1942 quantum
953 1903 987 1933 sit

244 1965 333 1995 regem
342 1955 411 1983 inter
422 1959 448 1982 et
459 1952 635 1988 sacerdotem,
647 1949 769 1990 expende
780 1949 891 1978 modum
911 1957 987 1990 pote,-

245 2001 319 2031 statis
335 2000 443 2038 utrique
464 1998 579 2035 traditas,
593 1996 699 2027 videbis
720 1995 883 2026 sacerdotem
903 1996 987 2026 multo

244 2047 390 2077 sublimius
409 2056 470 2085 rege
487 2044 633 2074 sedentem.
646 2043 817 2080 Quamquam
827 2042 899 2071 enim
910 2043 988 2072 nobis

96 2102 176 2125 quamn
198 2105 236 2126 po·
246 2091 428 2124 venerandum
450 2090 558 2121 videtur
576 2089 674 2119 solium
692 2088 796 2127 regium
810 2089 845 2117 ob
869 2099 987 2128 gemmas

97 2133 168 2149 testas.

244 2140 268 2168 ei
282 2138 388 2174 affixas,
398 2144 426 2166 et
439 2147 536 2166 aurum
557 2146 611 2174 quo
625 2134 744 2164 cinctum
757 2140 796 2163 est
812 2145 818 2162 :
842 2140 929 2164 tamen
943 2145 987 2164 re-

245 2197 306 2218 rum
329 2192 493 2214 terrenarum
515 2179 775 2211 administrationem
799 2181 908 2210 sortitus
939 2192 987 2211 rex

245 2238 295 2269 est,
310 2241 358 2260 uec
386 2229 457 2258 ultra
472 2233 629 2268 potestatem
655 2226 723 2255 lianc
738 2225 887 2264 quidquam
907 2227 988 2257 babet

243 2275 425 2307 auctoritatis:
442 2284 536 2305 verum
547 2271 690 2302 sacerdotii
702 2272 802 2301 solium
811 2271 921 2301 incaelis
932 2273 988 2302 col.

243 2324 360 2353 locatum
372 2328 422 2358 est,
436 2327 462 2350 et
483 2319 596 2349 caelestia
616 2317 821 2348 administrandi
843 2318 924 2348 habet
936 2330 985 2348 au-

244 2370 401 2400 ctoritatem.
419 2366 489 2405 Quis
507 2365 566 2395 baec
579 2364 645 2394 dicit
658 2364 672 2393 Ρ
693 2365 754 2404 Ipse
767 2363 894 2394 caelorum
913 2365 984 2394 Rex.

276 2475 290 2493 12
308 2474 323 2498 2
340 2468 548 2503 Paralipomenon
564 2468 605 2499 26,
618 2468 658 2497 ⁴6,
673 2466 742 2492 locus
758 2467 793 2492 sic
812 2467 889 2492 habet
902 2480 907 2495 ς
922 2472 964 2495 Kal
977 2472 1006 2498 ὡς

244 2517 382 2545 κατίσχυσεν,
398 2514 474 2545 ὑψώθη
488 2513 502 2539 ἡ
515 2510 597 2543 καρδία
608 2510 678 2533 αὐτοῦ
690 2511 730 2533 τοῦ
741 2511 898 2542 καταφθεῖραι,
908 2512 945 2534 καὶ
957 2511 1005 2538 ἡδί-

244 2564 308 2581 κησεν
320 2556 342 2577 ἐν
357 2554 431 2586 Κυρίῳ
442 2556 491 2583 Θεῷ
503 2551 580 2578 αὐτοῦ,
591 2550 628 2573 καὶ
646 2549 745 2576 εἰσῆλθεν
757 2551 787 2575 εἰς
800 2551 838 2573 τὸν
855 2551 905 2574 ναὸν
924 2552 1004 2582 κυρίου

245 2596 350 2624 θυμιᾶσαι
361 2594 395 2616 ἐπὶ
406 2594 431 2615 τὸ
445 2593 597 2622 θυσιαστήριον
607 2592 651 2612 τῶν
662 2589 819 2619 θυμιαμάτων.

1029 473 1079 507 Τίς
1096 475 1111 504 ὁ
1129 475 1226 515 τρόπος
1245 479 1293 513 τῆς
1310 477 1425 515 ἀδικίας
1441 479 1574 515 Εἶσῆλθε,
1588 479 1681 520 φησὶν,
1701 482 1738 515 εἷς
1751 481 1796 511 τὸν

1028 519 1090 549 ναὸν
1103 521 1216 561 Κυρίου,
1235 525 1362 562 θυμιᾶσαι
1376 524 1420 553 ἐπὶ
1439 524 1469 554 τὸ
1489 525 1673 566 θυσιαστήριον
1690 529 1736 557 τοῦ
1750 529 1797 556 θυ-

1030 567 1173 606 μιάματος.
1199 568 1236 598 Ὦ
1262 571 1311 605 τῆς
1334 570 1435 609 τόλμης
1444 593 1454 608 ,
1477 570 1500 600 ὧ
1528 573 1577 607 τῆς
1603 573 1797 614 ἀναισχυντίας-

1030 615 1124 644 Αὐτῶν
1136 617 1190 645 τῶν
1203 617 1279 656 ἱερῶν
1294 617 1395 647 ἀδύτων
1409 618 1606 658 κατετόλμησεν
1615 642 1622 655 ,
1643 621 1680 654 εἷς
1692 619 1726 649 τὰ
1737 620 1799 660 ἅγια

1030 662 1083 689 τῶν
1099 661 1181 700 ἁγίων
1194 662 1383 700 εἰσεπήδησεν,
1397 663 1500 694 ὃπδίσιν
1519 665 1617 695 ἄὸατον
1631 661 1664 702 ἦν
1683 665 1798 706 χωρίον,

1026 706 1101 756 Υπλὴν
1120 710 1166 736 τοῦ
1188 707 1343 748 ἀρχιερέως,
1358 711 1435 738 τοῦτο
1457 709 1610 749 βεὸηλῶσαι
1633 711 1800 751 ἐπεχείρησε.

1032 752 1158 782 Τοιοῦτόν
1172 754 1243 783 ἐστιν
1262 756 1299 794 εἷς
1311 754 1435 784 ἀπόνοιαν
1449 756 1593 795 ἐπαρθεῖσα
1611 757 1695 797 ψυχή.
1710 757 1802 787 Καθά-

1032 797 1085 832 παξ
1098 798 1150 838 γὰρ
1162 801 1210 834 τῆς
1230 799 1328 833 οἰκείας
1349 802 1500 840 ἀπογνοῦσα
1519 791 1668 843 σωτηρίας,
1684 803 1801 841 οὐδαμοῦ

1032 845 1080 879 τῆς
1094 845 1188 883 μανίας
1207 845 1329 883 ἵσταται,
1353 847 1421 877 ἀλλὰ
1444 847 1491 882 τὰς
1511 848 1587 884 ἡνίας
1605 851 1652 885 τῆς
1671 848 1803 889 σωτηρίας

1034 891 1115 926 αὐτῆς
1127 894 1138 906 “
1148 892 1283 922 ἐνδιδοῦσα
1301 898 1357 927 ταῖς
1372 894 1476 933 ἀλόγοις
1495 894 1646 933 ἐπιθυμίαις
1665 897 1802 936 πανταχοῦ

1033 939 1156 979 φέρεται,
1177 938 1224 967 καὶ
1245 939 1364 979 καθάπερ
1378 939 1457 973 ἵππος
1480 940 1616 978 δυσ-ἤνιος,
1631 941 1676 970 τὸν
1694 941 1803 981 χαλινὸν

1035 984 1088 1014 ἀπὸ
1100 987 1146 1013 τοῦ
1160 984 1291 1023 στόματος
1301 986 1422 1015 ε’κὸαλὼν
1431 1008 1438 1022 ,
1453 986 1498 1015 καὶ
1513 987 1556 1015 τὸν
1575 986 1711 1022 ἀναὸάτην
1726 986 1804 1027 ῥίψας

1037 1029 1088 1058 ἀπὸ
1101 1032 1147 1059 τοῦ
1159 1030 1253 1066 νώτου,
1267 1031 1365 1065 παντὸς
1377 1031 1474 1071 ἀνέμου
1495 1032 1667 1073 σφοδρότερον
1681 1032 1803 1073 φέρεται,

1037 1075 1082 1104 καὶ
1101 1079 1156 1109 τοῖς
1173 1077 1324 1106 ἀπαντῶσίν
1345 1078 1416 1107 ἔστιν
1434 1078 1582 1118 ἀφόρητος,
1603 1077 1804 1119 ὑποφευγόντων

1038 1120 1175 1158 ἁπάντων,
1184 1127 1328 1162 κατασχεῖν
1342 1122 1370 1152 δὲ
1387 1124 1537 1163 τολμῶντος
1549 1124 1663 1158 οὐδενός·
1678 1124 1747 1154 οὕτω
1760 1125 1805 1154 καὶ

1037 1167 1122 1207 ψυχὴ,
1138 1168 1183 1197 τὸν
1195 1170 1355 1209 χαλινοῦντα
1381 1170 1462 1206 αὐτὴν
1484 1173 1528 1200 τοῦ
1547 1172 1618 1201 Θεοῦ
1631 1170 1712 1211 φόόον
1726 1170 1806 1200 ἐκδα-

1037 1215 1134 1249 λοῦσα,
1149 1214 1194 1243 καὶ
1207 1214 1251 1244 τὸν
1264 1217 1419 1256 ἡνιοχοῦντα
1435 1216 1534 1256 ῥίψασα
1546 1217 1673 1256 λογισμὸν
1687 1217 1806 1253 ἅπαντα,

1038 1259 1071 1288 τὰ
1084 1261 1132 1295 τῆς
1154 1260 1249 1294 κακίας
1269 1262 1403 1302 ἐπιτρέχει
1424 1263 1525 1302 χωρία,
1541 1263 1589 1296 ἕως
1604 1263 1636 1292 ἂν
1657 1264 1694 1297 εἰς
1712 1262 1747 1292 τὰ
1759 1265 1807 1299 τῆς

1038 1305 1170 1340 ἀπωλείας
1180 1307 1300 1347 βάραθρα
1311 1307 1426 1347 φέρουσα
1437 1309 1640 1349 κατακρημνίσῃ
1652 1308 1701 1344 τὴν
1712 1311 1807 1344 ἑαυτῆς

1038 1352 1182 1392 σωτηρίαν.
1195 1353 1244 1382 Διὸ
1254 1353 1307 1393 χρὴ
1323 1355 1440 1394 συνεχῶς
1449 1354 1530 1390 αὓτὴν
1542 1355 1740 1395 ἀνακρούεσθαι,
1751 1355 1807 1391 καὶ,

1038 1398 1157 1438 καθάπερ
1175 1399 1226 1428 τινὶ
1236 1401 1348 1440 χαλινῷ,
1362 1403 1400 1440 τῷ
1413 1402 1461 1436 τῆς
1474 1401 1607 1434 εὖσεὸείας
1623 1402 1744 1441 λογισμῷ
1757 1400 1806 1436 τὴν

1039 1445 1133 1483 ἄλογον
1145 1447 1225 1482 αὐτῆς
1240 1446 1416 1486 ἀναχαιτίζειν
1428 1447 1527 1486 ὁρμήν·
1546 1446 1611 1487 ὅπερ
1624 1449 1638 1476 ὁ
1653 1446 1743 1480 Ὀζίας
1761 1447 1809 1476 οὔκ

1039 1491 1170 1529 ἐποίησεν,
1187 1493 1245 1522 ἀλλ’
1260 1493 1295 1526 εἷς
1308 1492 1390 1528 αὐτὴν
1402 1492 1451 1529 τὴν
1462 1493 1590 1522 ἀνωτάτω
1601 1492 1707 1522 πάντων
1721 1492 1808 1532 ἀρχὴν

1005 1537 1023 1560 C
1038 1537 1236 1577 παρηνόμησεν.
1249 1537 1389 1578 Ἱερωσύνη
1401 1538 1453 1578 γὰρ
1463 1538 1508 1567 καὶ
1523 1540 1604 1574 αὐτῆς
1614 1540 1663 1573 τῆς
1674 1537 1808 1574 βασιλείας

1039 1583 1195 1623 σεμνοτέρα,
1210 1583 1256 1613 καὶ
1270 1583 1365 1623 μείζων
1386 1584 1457 1613 ἐστὶν
1478 1584 1559 1624 ἀρχή.
1574 1583 1622 1620 Μὴ
1636 1584 1688 1624 γάρ
1701 1595 1748 1623 μοι
1759 1583 1808 1620 τὴν

1039 1629 1182 1669 ἁλουργίδα
1202 1629 1294 1670 εἴπῃς,
1308 1630 1375 1668 μηδὲ
1390 1630 1420 1659 τὸ
1434 1630 1566 1669 διάδημα,
1582 1631 1649 1670 μηδὲ
1668 1630 1702 1659 τὰ
1715 1630 1810 1669 ἱμάτια

1039 1674 1073 1703 τὰ
1085 1680 1181 1715 χρυσᾶ.
1195 1675 1265 1705 Σκιὰ
1277 1675 1365 1705 πάντα
1376 1677 1472 1712 ἐκεῖνα,
1483 1676 1528 1705 καὶ
1539 1678 1593 1706 τῶν
1605 1677 1715 1716 ἐαρινῶν
1725 1677 1809 1705 ἀνθῶν

1041 1721 1219 1761 εὐτελέστερα.
1233 1723 1315 1752 Πᾶσα
1335 1722 1387 1763 γὰρ
1411 1722 1472 1757 δόξα
1493 1722 1631 1763 ἀνθρώπου
1642 1745 1650 1759 ,
1666 1722 1762 1763 φησὶν,
1773 1724 1810 1755 ὧς

1040 1768 1115 1801 ἄνθος
1127 1768 1236 1808 χόρτου,
1250 1768 1300 1798 κᾶν
1313 1769 1395 1805 αὐτὴν
1403 1768 1483 1809 λέγῃς
1495 1769 1543 1805 τὴν
1558 1768 1708 1808 βασιλικήν.
1724 1768 1772 1804 Μὴ
1781 1767 1810 1798 δὲ

1040 1813 1124 1842 ταῦτά
1144 1826 1189 1853 μοι
1204 1814 1266 1854 λέγε
1274 1836 1283 1851 ,
1305 1814 1365 1844 ἀλλ’
1378 1815 1401 1843 εἷ
1416 1814 1504 1854 βούλει
1517 1814 1607 1853 ἱερέως
1619 1814 1684 1854 πρὸς
1695 1813 1810 1854 βασιλέα

1039 1859 1070 1888 τὸ
1083 1860 1205 1900 διάφορον
1220 1861 1299 1898 ἰδεῖν,
1312 1862 1361 1895 τῆς
1374 1860 1478 1900 ἑκάστῳ
1498 1859 1635 1899 διδομένης
1648 1859 1766 1894 ἔξουσίας
1779 1859 1809 1888 τὸ

1041 1905 1136 1945 μέτρον
1156 1905 1169 1921 b
1179 1905 1300 1940 ἐξέτασον
1309 1929 1317 1942 ,
1332 1906 1377 1935 καὶ
1398 1907 1490 1946 πολλῷ
1511 1908 1556 1934 τοῦ
1572 1905 1700 1945 βασιλέως
1711 1905 1809 1945 ὑψηλό-

1039 1963 1104 1991 τερα
1117 1951 1177 1991 ὄψει
1197 1951 1242 1981 τὸν
1264 1953 1336 1991 ἱερέα
1350 1951 1507 1990 καθήμενον.
1522 1953 1556 1982 Εἰ
1574 1951 1627 1991 γὰρ
1647 1951 1693 1980 καὶ
1715 1951 1810 1991 σεμνὸς

1039 1999 1104 2035 ἡμῖν
1118 1998 1132 2026 ὁ
1147 1997 1236 2036 θρόνος
1249 1997 1369 2037 φαίνεται
1383 1999 1397 2027 ὁ
1417 1998 1552 2037 βασιλικὸς
1564 1998 1617 2027 ἀπὸ
1630 2000 1683 2027 τῶν
1695 2009 1809 2037 προσπε-

1006 2046 1025 2069 Ῑ)
1040 2043 1163 2083 πηγότων
1178 2044 1250 2083 αὐτῷ
1263 2045 1358 2078 λίθων,
1378 2044 1423 2073 καὶ
1436 2046 1482 2073 τοῦ
1502 2043 1717 2085 περισφίγγοντος
1731 2043 1809 2073 αὐτὸν

1040 2088 1163 2127 χρυσίον
1176 2089 1233 2118 ἀλλ’
1244 2088 1315 2127 ὅμως
1326 2088 1360 2118 τὰ
1372 2089 1416 2118 ἐπὶ
1429 2092 1476 2125 τῆς
1489 2091 1537 2128 γῆς
1547 2088 1642 2129 ἔλαχεν
1653 2091 1809 2128 οἰκονομεῖν,

1040 2134 1085 2163 καὶ
1098 2135 1188 2164 πλεῖον
1201 2134 1257 2175 ἔχει
1270 2137 1318 2170 τῆς
1334 2134 1451 2169 ἐξουσίας
1463 2135 1563 2171 ταύτης
1575 2135 1664 2165 οὐδέν·
1684 2137 1698 2164 ὁ
1713 2135 1740 2164 δὲ
1761 2137 1810 2170 τῆς

1041 2180 1183 2220 ἱερωσύνης
1207 2180 1295 2221 θρόνος
1314 2182 1341 2210 ἐν
1363 2186 1417 2215 τοῖς
1438 2182 1555 2220 οὐρανοῖς
1578 2180 1697 2221 ἵδρυται,
1717 2181 1763 2210 καὶ
1775 2181 1810 2210 τὰ

1041 2227 1096 2255 ἐκεῖ
1110 2226 1207 2256 διέπειν
1218 2227 1418 2267 ἐπιτέτραπται.
1435 2227 1484 2260 Τίς
1495 2227 1579 2256 ταῦτά
1593 2239 1686 2267 φησιν;
1701 2227 1810 2261 Abx-bct>

1041 2274 1093 2302 τῶν
1107 2274 1223 2313 οὐρανῶν
1238 2273 1376 2313 βασιλεύς·
1388 2272 1462 2303 “Οσα
1477 2273 1527 2314 γὰρ
1541 2274 1571 2302 ἂν
1586 2274 1700 2310 δήσητε,
1713 2273 1792 2313 φησὶν
1801 2294 1809 2308 ,

1041 2319 1085 2348 ἐπὶ
1099 2321 1147 2355 τῆς
1166 2321 1231 2359 γῆς,
1252 2319 1326 2349 ἔσται
1345 2319 1471 2358 δεδεμένα
1488 2322 1514 2349 ἐν
1537 2324 1591 2353 τοῖς
1612 2320 1742 2359 οὐρανοῖς·
1764 2319 1809 2348 καὶ

1040 2366 1089 2396 ὅσα
1103 2365 1134 2395 ἂν
1145 2365 1243 2402 λύσητε
1253 2365 1307 2395 ιἐπὶ
1327 2368 1375 2401 τῆς
1388 2368 1437 2405 γ’ῆς
1447 2388 1455 2402 ,
1470 2365 1543 2395 ἔσται
1565 2366 1696 2405 λελυμένα
1715 2367 1741 2395 ἐν
1755 2369 1809 2398 τοῖς

1087 2477 1097 2488 ²
1116 2470 1232 2502 Quinque
1241 2469 1298 2494 Mas.
1313 2471 1411 2496 ἐνδοῦσα.

1088 2510 1100 2528 11
1118 2510 1234 2542 Quinque
1244 2510 1302 2536 uss.
1316 2513 1417 2542 ἐξέταζε,
1428 2514 1454 2535 et
1464 2517 1524 2535 mox
1537 2511 1682 2544 ὑψηλότερον,
1694 2516 1750 2542 que
1761 2517 1809 2542 po-

1054 2554 1146 2573 strema
1159 2549 1235 2574 etiam
1246 2548 1320 2574 lectio
1329 2559 1381 2575 nou
1393 2548 1540 2582 spernenda.
