1890 2826
161 429 196 448 255

54 786 193 818 lone-¹5³9.

57 1710 115 1731 lsai.
133 1708 154 1730 3.
171 1709 194 1731 3.

210 189 278 236 296

322 417 474 447 SANCTI
502 406 650 445 PATRIS
677 414 834 444 nostin

389 508 770 580 JOANNJS

456 655 705 683 Cunx'sosrolm,

205 743 242 770 ln
257 750 363 780 magna
382 740 514 775 ecclesia,
530 749 595 768 cum
607 748 703 778 pauca
721 737 861 777 praesalus
875 743 945 769 esset
961 739 982 763 Λ

243 789 403 826 episcopus,
426 787 456 814 in
477 785 555 814 illud
577 784 733 825 evangelii,
753 783 840 813 Filius
865 794 899 813 ex
919 794 946 812 se

245 834 303 872 ipso
331 831 401 861 nihil
434 829 514 868 facit,
542 830 594 859 nisi
617 829 691 868 quod
719 829 819 860 viderit
841 831 946 858 Patrem

243 878 388 908 facientem.

244 973 256 1000 1
267 994 273 1000 .
296 972 321 1000 Ο
331 969 486 1001 violentiam
497 968 504 997 l
517 979 533 998 o
540 967 727 1009 tyrannidem!
739 969 839 998 Doctor
849 975 947 1004 noster,

203 1018 251 1056 qui
269 1024 329 1046 ante
352 1027 401 1045 nos
424 1015 548 1056 praefatus
568 1021 618 1051 est,
634 1014 740 1054 plenam
758 1025 819 1043 eum
838 1014 949 1044 haberet

204 1063 335 1103 phialam,
353 1061 464 1091 summis
484 1068 590 1090 tantum
610 1060 694 1089 labris
713 1060 841 1100 poculum
861 1060 947 1099 degu-

203 1109 329 1138 standum
349 1108 427 1138 nobis
449 1107 604 1148 propinavit
621 1119 627 1135 ε
644 1106 672 1136 id
694 1113 784 1136 autem
810 1107 872 1136 fecit
896 1117 948 1136 non

203 1155 239 1183 ob
261 1154 389 1184 doetrinae
408 1153 565 1194 penuriam;
581 1163 641 1182 nam
663 1153 743 1182 fontis
760 1152 844 1182 instar
858 1160 947 1182 scatu-

204 1201 258 1229 rire
270 1200 350 1236 solet;
363 1199 411 1229 sed
425 1198 652 1238 quemadmodum
666 1197 736 1235 dixi,
751 1205 781 1227 nt
794 1205 889 1228 vestra:
901 1209 948 1228 ca-

203 1246 290 1275 ritatis
310 1245 480 1285 tyrannidem
501 1245 591 1285 palam
614 1245 720 1279 faceret,
735 1256 815 1283 quam
830 1256 891 1285 erga
907 1252 948 1274 tc-

204 1287 334 1320 nuitatem
354 1298 471 1320 nostram
492 1290 619 1320 exhibere
640 1290 751 1319 soletis:
766 1301 795 1319 ea
812 1290 846 1319 de
868 1297 947 1319 cansa

202 1337 257 1366 cito
272 1337 355 1366 tacuit
374 1346 576 1375 sermonemque
589 1335 731 1373 conclusit,
747 1343 777 1365 ut
791 1342 879 1367 vestro
901 1335 950 1364 de-

203 1382 304 1412 siderio
326 1383 540 1424 gratificaretur3
558 1389 583 1412 et
594 1381 641 1412 toti
651 1381 780 1412 solvendo
799 1381 889 1411 debito
902 1391 950 1411 nos

202 1429 336 1459 obnoxios
344 1429 493 1459 constituit.
503 1428 574 1466 Quia
585 1428 668 1469 igitur
677 1436 704 1458 et
714 1428 737 1458 is
748 1428 825 1458 nobis
839 1427 948 1458 dicendi
965 1437 981 1460 Β

203 1475 264 1504 loco
286 1475 376 1512 cessit,
390 1468 418 1504 et
432 1485 480 1505 vos
500 1481 591 1504 nostro
611 1474 646 1503 ab
659 1484 706 1504 ore
724 1474 842 1514 pendere
856 1473 946 1511 video,

203 1531 308 1550 necesse
318 1520 427 1550 tandem
439 1527 517 1550 estut
530 1519 565 1549 ad
578 1519 720 1549 certamina
735 1530 784 1549 nos
793 1530 923 1549 exuamus
939 1532 946 1548 ε

203 1577 252 1597 vos
274 1574 363 1596 autem
376 1567 444 1596 mihi
464 1577 543 1607 opem
555 1566 634 1602 ferte,
644 1565 672 1595 >et
683 1576 793 1595 manum
805 1565 948 1606 porrigite,

204 1613 328 1653 precibus
351 1619 468 1642 nostram
488 1612 634 1642 excitantes
660 1611 793 1651 linguam,
814 1618 840 1640 et
864 1617 949 1641 atten-

203 1659 275 1688 tione
286 1659 368 1688 auimi
376 1658 481 1688 facilem
490 1665 613 1699 parantes
627 1657 754 1687 doctrinae
762 1656 846 1687 viam.
856 1658 950 1695 Quan-

205 1704 351 1745 doquidem
362 1705 493 1745 propheta
503 1714 556 1733 non
568 1703 757 1733 admirabilem
770 1703 850 1733 modo
864 1703 950 1733 consi-

205 1750 378 1787 liariurn‚sed
389 1750 468 1780 etiam
480 1748 639 1790 prudentem
659 1749 807 1783 auditorem
821 1749 949 1789 postulat.

203 1797 265 1826 Non
279 1796 351 1825 enim
362 1795 422 1826 leve
434 1795 511 1824 nobis
524 1801 657 1825 certamen
670 1794 752 1824 hodie
762 1801 885 1834 paratum
899 1802 949 1832 est,

204 1843 253 1871 sed
264 1841 338 1881 quod
357 1841 450 1871 multis
462 1847 537 1881 egeat
550 1841 685 1881 precibus,
697 1841 782 1870 multa
796 1840 951 1871 auditorum

207 1888 358 1927 vigilantia,
373 1887 459 1916 multa
480 1886 660 1916 concionantis
680 1886 833 1926 diligentia,
849 1894 879 1917 ut
891 1899 951 1927 quae

207 1934 320 1963 dicenda
343 1941 406 1963 sunt
426 1940 452 1963 et
474 1939 596 1963 accurate
617 1933 799 1973 proferantur,
813 1940 839 1963 et
852 1941 909 1963 tuto
923 1934 951 1963 in
967 1934 986 1958 C

208 1979 324 2009 caritatis
339 1986 432 2009 vcstrae
452 1979 549 2007 animis
574 1978 831 2019 inserantur-Cupio
839 1990 953 2020 namque

209 2035 259 2054 vos
274 2035 327 2053 non
349 2024 444 2053 andire
459 2030 576 2060 tantum,
602 2023 650 2053 sed
670 2024 751 2053 etiam
766 2025 868 2054 institui
877 2037 884 2063 ς
899 2036 953 2055 non

209 2069 311 2099 discere
333 2069 424 2106 modo,
443 2069 491 2098 sed
517 2069 596 2098 etiam
619 2069 733 2107 docere;
753 2081 805 2099 non
834 2071 953 2111 accipere

209 2115 309 2152 solum,
325 2115 372 2144 sed
389 2115 470 2144 etiam
488 2114 515 2143 in
532 2114 600 2143 alios
618 2115 804 2145 transmittere.
821 2116 866 2146 Sic
880 2117 952 2146 enim

209 2167 235 2190 et
254 2160 422 2201 splendidius
445 2160 522 2188 nohis
546 2159 690 2197 theatrum,
710 2167 735 2189 et
759 2162 844 2201 major
867 2169 952 2192 coetus

210 2207 271 2245 erit,
291 2206 398 2246 quando
422 2216 471 2237 vos
497 2215 545 2246 per
569 2216 598 2235 ea
622 2215 682 2244 quae
707 2205 857 2244 audieritis,
884 2207 951 2237 alios

242 2319 254 2331 «ι
269 2310 369 2336 Titulus
381 2310 417 2336 sic
429 2309 525 2343 plenior
537 2315 575 2335 est
590 2309 658 2342 apud
670 2309 771 2336 Benzel.
783 2310 844 2335 Post
855 2322 965 2347 προειρη-

210 2356 274 2380 κότος
281 2350 343 2375 nihil
350 2349 457 2375 habetur
465 2349 490 2375 in
497 2347 742 2382 Anglicanocodice,
749 2348 793 2373 sed
798 2355 836 2374 est
842 2349 966 2381 sphalma.

243 2391 256 2409 ¹¹
275 2388 373 2414 Benzel.
385 2391 463 2421 γεὺσας
472 2391 531 2421 ὑμᾶς
539 2393 663 2421 ἀπήγαγεν,
673 2390 755 2414 minus
767 2394 844 2415 recte.
857 2389 968 2414 Ottobo-

209 2430 277 2454 niani
289 2428 355 2454 cod.
365 2427 500 2452 lectionem
513 2426 650 2460 sequimur.

241 2476 251 2487 c
269 2469 310 2493 Sic
318 2466 505 2492 ottobonianus
516 2465 581 2492 Cod.
591 2472 666 2491 recte.
680 2466 775 2499 Angue.
785 2475 844 2493 vero
853 2466 917 2492 male
929 2472 966 2494 καὶ

209 2512 247 2534 τὸν
260 2511 323 2539 λόγου
336 2511 421 2540 ἐσίγησε
443 2505 514 2530 Infra
533 2509 693 2539 παλαίσματα,
707 2506 806 2532 Benzel.
824 2511 964 2540 σκάμματα,

207 2546 275 2577 quod
295 2545 403 2578 idipsum
416 2551 462 2571 est.
481 2544 580 2570 Ibidem
593 2544 690 2570 Benzel.
705 2551 754 2574 ταῖς
766 2549 816 2578 γοῦν
827 2549 916 2579 εὐχαῖς,
930 2546 963 2571 ad

205 2584 279 2610 fidem
296 2584 424 2617 Anglicani
436 2584 545 2610 Codicis.
559 2583 609 2609 Sed
626 2583 680 2609 haec
692 2584 766 2609 lectio
779 2593 829 2609 non
841 2585 958 2618 quadrat.

542 198 570 220 S.
599 197 739 220 JOANNIS
766 195 949 219 cnRYSOS'r.
976 194 1131 218 AchmP.
1160 193 1432 217 CONSTANTINOP-

1087 414 1164 443 ΤΟΥ
1185 414 1234 443 EN
1257 414 1385 443 ΑΙῚΟΙΣ
1404 413 1561 444 ΠΛΤΡΟΣ
1580 413 1686 445 ΗΜΩΝ

1177 519 1591 582 ΙΩΑΝΝΟΥ

1255 653 1308 673 ΤΟΥ
1326 654 1344 673 Χ
1348 653 1536 678 ΡΥΣΟΣΤΟΜΟΥ,

1001 740 1010 753 “
1019 738 1066 767 Ἐν
1081 739 1115 778 τῇ
1129 738 1233 779 μεγάλῃ
1243 739 1386 779 ἐκκλησίᾳ,
1401 738 1587 779 προειρηκότος
1600 737 1768 778 (ἐπισκόπου)

1039 784 1116 823 ὀλίγα
1142 787 1178 818 εἷς
1201 785 1231 815 τὸ
1249 785 1410 825 εὐαγγέλιον,
1437 784 1474 819 εἷς
1500 780 1545 820 τδ,
1569 783 1704 814 Οὐδέποτε
1723 785 1768 824 ἀφ’

1040 831 1133 860 ἑαυτοῦ
1147 835 1216 862 ποιεῖ
1230 834 1244 861 ὃ
1259 832 1320 865 Υἱὸς
1334 831 1422 868 οὐδὲν,
1444 831 1489 860 ἐὰν
1511 831 1549 871 μή
1570 843 1595 861 τι
1619 830 1704 871 βλέπῃ
1724 830 1770 861 τὸν

1040 876 1149 917 Πατέρα
1160 879 1294 907 ποιοῦντα.

1038 967 1077 998 Ὦ
1086 970 1133 1005 τῆς
1143 969 1202 1009 βίας
1212 992 1220 1007 =
1233 969 1255 998 ὢ
1267 970 1315 1005 τῆς
1323 969 1480 1009 τυραννίδος.
1489 968 1709 1010 Πεπληρωμὲνην
1721 967 1770 1004 τὴν

999 1015 1097 1055 φιάλην
1120 1014 1189 1055 ἔχων
1208 1017 1222 1045 ὁ
1236 1015 1393 1049 διδάσκαλος
1410 1015 1590 1055 προειρηκὼς,
1610 1015 1699 1055 ἄκροις
1716 1017 1771 1047 τοῖς

998 1061 1115 1101 χείλεσιν
1140 1060 1152 1077 ¹³
1161 1061 1305 1100 γεύσασθαι
1319 1063 1391 1101 ἡμᾶς
1408 1061 1526 1102 ἐπήγαγε
1541 1061 1572 1091 τὸ
1584 1061 1674 1101 πόμα·
1687 1062 1764 1090 τοῦτο

1001 1105 1030 1136 δὲ
1041 1105 1197 1143 πεποίηκεν,
1209 1108 1238 1135 οὖ
1249 1107 1282 1135 δι’
1296 1106 1396 1135 ἔνδειαν
1410 1106 1581 1139 διδασκαλίας
1588 1118 1595 1125 ·
1606 1105 1714 1145 καὶγὰρ
1724 1104 1770 1135 καὶ

1001 1154 1089 1191 πηγῆς
1101 1153 1148 1182 οὐκ
1162 1151 1270 1181 ἔλαττον
1286 1150 1373 1192 βρύειν
1385 1151 1475 1182 εἴωθεν
1486 1164 1492 1170 ·
1507 1153 1577 1190 ἀλλ’,
1589 1151 1680 1192 ὥσπερ
1691 1151 1771 1191 ἔφθην

1001 1198 1092 1235 εἰπὼν,
1104 1199 1153 1234 τῆς
1163 1197 1293 1239 ὑμετέρας
1305 1198 1410 1238 ἀγάπης
1423 1199 1541 1239 φανερῶν
1556 1197 1772 1238 τὴνπυραννίδα,

1000 1243 1032 1279 ἣν
1046 1243 1106 1283 περὶ
1120 1243 1169 1280 τὴν
1183 1244 1314 1284 ἡμετέραν
1327 1244 1493 1285 ψικρότητα
1508 1243 1701 1274 ἐπιδείκνυσθαι
1717 1254 1768 1283 με·

1001 1290 1178 1328 μελετήκατε’
1199 1290 1242 1320 διὰ
1254 1293 1331 1321 τοῦτο
1344 1290 1447 1331 ταχέως
1464 1290 1596 1331 ἐσίγησεν,
1611 1290 1656 1321 καὶ
1669 1290 1714 1320 τὸν
1725 1289 1771 1320 λό-

1000 1347 1047 1375 γον
1061 1339 1072 1352 ⁶
1082 1336 1246 1372 κατέκλεισε,
1257 1338 1292 1376 τῇ
1302 1337 1428 1377 ἐπιθυμίᾳ
1439 1339 1473 1377 τῇ
1486 1336 1601 1377 ὑμετέρᾳ
1610 1336 1772 1378 χαρίσασθαι

1002 1382 1171 1421 βουλόμενος,
1199 1382 1244 1411 καὶ
1271 1383 1414 1423 ὁλοκλήρου
1441 1385 1487 1412 τοῦ
1518 1382 1671 1423 ὀφλήματος
1701 1385 1775 1421 ἡμᾶς

1002 1427 1158 1461 ὑπευθύνους
1165 1428 1298 1461 καθιστάς.
1306 1427 1385 1457 Ἐπεὶ
1390 1423 1434 1457 οὗν
1441 1428 1486 1458 καὶ
1495 1428 1572 1461 αὐτὸς
1579 1430 1645 1467 ἡμῖν
1652 1429 1691 1467 τῷ
1699 1427 1770 1467 λόγῳ

1000 1473 1208 1515 παρεχώρησεν,
1233 1474 1278 1503 καὶ
1306 1475 1374 1513 ὑμᾶς
1398 1473 1610 1515 ἐκκρεμαμένους
1639 1475 1693 1512 ὁρῶ
1721 1475 1772 1508 τῆς

1000 1520 1120 1559 γλώττης
1133 1521 1181 1555 τῆς
1193 1519 1340 1561 ἡμετέρας,
1360 1519 1462 1560 ἀνάγκη
1479 1519 1571 1549 λοιπὸν
1588 1519 1770 1549 ἀποδύσασθαι

1002 1565 1066 1605 πρὸς
1074 1564 1108 1594 τὰ
1119 1565 1305 1605 παλαίσματα·
1318 1565 1387 1596 ἀλλὰ
1401 1564 1547 1606 συνᾶρασθέ
1562 1577 1607 1604 μοι
1613 1589 1622 1602 ,
1635 1565 1680 1595 καὶ
1692 1569 1771 1605 χεῖρα

1002 1610 1108 1651 ὀρέξατε
1116 1632 1124 1647 ,
1137 1615 1194 1645 ταῖς
1208 1612 1297 1652 εὐχαῖς
1309 1611 1477 1652 διεγείροντες
1488 1612 1564 1651 ἡμῶν
1577 1610 1626 1647 τὴν
1637 1611 1770 1651 γλῶσσαν,

1002 1657 1048 1687 καὶ
1064 1659 1098 1697 τῇ
1116 1657 1219 1687 συνέσει
1237 1660 1284 1694 τῆς
1305 1657 1455 1698 ἀκροάσεως
1474 1657 1581 1687 εὔκολον
1600 1656 1776 1700 ἐργαζόμενοι·

1002 1702 1050 1739 τὴν
1065 1703 1245 1734 διδασκαλίαν.
1258 1702 1337 1733 Ἐπεὶ
1349 1703 1394 1733 καὶ
1406 1704 1568 1744 ὁ“προφήτης
1578 1704 1607 1733 οὐ
1619 1701 1771 1742 θαυμαστὸν

1003 1751 1078 1785 ζητεῖ
1091 1749 1169 1788 μόνον
1186 1749 1344 1789 σύμὸουλον,
1364 1750 1434 1780 ἀλλὰ
1450 1749 1495 1779 καὶ
1509 1750 1614 1780 συνετὸν
1628 1748 1772 1789 ἀκροατήν.

1003 1797 1044 1825 Οὔ
1055 1792 1107 1835 γὰρ
1120 1797 1135 1825 ὁ
1148 1797 1237 1836 τυχὼν
1248 1798 1314 1835 ἡμῖν
1332 1796 1404 1834 ἀγὼν
1416 1796 1554 1837 πρόκειται
1563 1795 1689 1835 σήμερον,
1703 1794 1772 1825 ἀλλὰ

1003 1842 1109 1870 πολλῶν
1130 1841 1250 1880 δεόμενος
1271 1843 1356 1882 εὗχῶν
1363 1864 1372 1878 ,
1394 1843 1494 1878 πολλῆς
1515 1841 1543 1871 δὲ
1563 1840 1708 1881 ἀγρυπνίας
1726 1842 1775 1876 τῆς

1004 1887 1057 1915 τῶν
1071 1887 1262 1927 ἀκροωμένων,
1285 1888 1386 1923 πολλῆς
1403 1888 1430 1917 δὲ
1451 1888 1566 1923 σπουδῆς
1580 1889 1626 1916 τοῦ
1638 1887 1772 1925 λέγοντος,

1003 1932 1047 1962 ἵνα
1066 1932 1110 1961 καὶ
1126 1931 1209 1973 λεχθῇ
1231 1932 1299 1972 μετὰ
1313 1932 1448 1973 ἀκριὸείας
1460 1933 1494 1962 τὰ
1504 1932 1649 1972 λεγόμενα,
1663 1931 1710 1961 καὶ
1722 1943 1774 1971 φυ-

1004 1979 1083 2017 τευθῇ
1103 1978 1171 2018 μετὰ
1191 1978 1335 2019 ἀσφαλείας
1354 1979 1381 2007 ἐν
1401 1981 1434 2018 τῇ
1456 1978 1558 2018 διανοίᾳ
1575 1980 1622 2013 τῆς
1644 1976 1774 2017 ὑμετέρας

1004 2024 1119 2063 ἀγάπης.
1132 2024 1173 2053 Οὐ
1185 2023 1235 2064 γὰρ
1251 2025 1362 2053 ἀκοῦσαι
1376 2023 1508 2063 βούλομαι
1522 2024 1601 2062 μόνον
1610 2024 1689 2063 ὗμᾶς,
1703 2022 1773 2052 ἀλλὰ

1005 2069 1050 2099 καὶ
1072 2071 1258 2105 παιδευθῆναι·
1275 2071 1304 2099 οὗ
1319 2072 1411 2109 μαθεῖν
1429 2070 1519 2109 μόνον,
1542 2069 1611 2099 ἀλλὰ
1630 2069 1676 2099 καὶ
1696 2069 1778 2098 διδά-“

1005 2127 1093 2145 σκειν·
1117 2116 1165 2144 οὔκ
1185 2114 1280 2148 αὖτοὺς
1300 2114 1443 2154 Ἰδέχεσθαι
1461 2115 1557 2154 μόνον,
1577 2114 1646 2144 ἀλλὰ
1667 2115 1712 2144 καὶ
1734 2117 1773 2149 εἷς

1006 2161 1108 2201 ἑτέρους
1129 2161 1299 2195 διαὸιὲἄζειν.
1324 2161 1405 2189 Οὕτω
1426 2160 1478 2201 γὰρ
1501 2163 1566 2199 ἡμῖν
1589 2160 1774 2201 λαμπρότερον

1004 2207 1079 2237 ἔσται
1093 2207 1123 2237 τὸ
1133 2206 1256 2248 θέατρον,
1271 2207 1318 2236 καὶ
1330 2206 1429 2236 πλείων
1443 2210 1457 2236 ὁ
1472 2206 1613 2246 σύλλογος,
1623 2206 1686 2237 ὅταν
1699 2209 1774 2246 ὑμεῖς

1015 2310 1083 2338 Ibid.
1097 2311 1188 2338 ottob.
1200 2316 1241 2343 τήν
1251 2315 1360 2345 γλῶσσαν,
1373 2311 1470 2345 Anglic.
1486 2316 1527 2342 τὴν
1538 2314 1644 2339 διάνοιαν.
1660 2311 1774 2345 Utraque

1016 2351 1091 2376 lectio
1099 2351 1167 2376 bona
1178 2360 1184 2375 :
1196 2351 1272 2384 paulo
1283 2356 1342 2376 ante
1353 2353 1516 2384 ἀποδύσασθαι,
1526 2350 1674 2384 metaphora
1687 2356 1773 2375 sumta

1016 2399 1046 2415 ex
1057 2390 1168 2422 athletis,
1187 2392 1231 2424 qui
1247 2395 1327 2416 vestes
1345 2389 1470 2415 exuebant
1486 2396 1514 2415 ut
1529 2390 1564 2416 ad
1580 2395 1708 2415 certamen
1724 2388 1773 2414 de-

1016 2430 1174 2456 scendet-ent.

1048 2470 1061 2488 «Ι
1078 2469 1167 2496 Ottob.
1179 2472 1333 2504 ὑποδέχεσθαι.
1342 2468 1412 2495 Infra
1423 2468 1521 2494 Beuzel.
1535 2470 1624 2503 ὃτέρους
1635 2472 1768 2501 ἐπεισάγειν.

1013 2508 1125 2541 Utraque
1135 2508 1210 2535 lectio
1218 2508 1292 2536 bona.
1307 2507 1374 2534 thid.
1389 2515 1418 2543 τῇ
1428 2511 1471 2542 μὲν
1489 2509 1526 2535 οὖν
1537 2511 1646 2543 προτέρᾳ.
1664 2506 1728 2533 vide
1740 2507 1766 2532 in

1013 2547 1115 2572 Monito.
