1890 2826
721 183 757 205 m
783 179 914 211 isaiam,
944 179 1021 203 cm».
1046 180 1092 204 ιιι.

1637 170 1684 215 49

121 250 165 280 τὸν
177 251 267 279 δοῦλον
284 247 423 289 εἰργάσατο
434 247 478 277 τὸν
500 246 548 283 τὴν
572 245 679 285 πληγὴν
699 242 867 283 ἐπαγαγόντα
880 263 887 276 ,
904 258 930 280 4²
948 246 1031 278 retur,
1045 241 1116 271 nihil
1129 251 1206 272 servo
1223 242 1384 282 percutienti
1396 242 1500 271 malum
1516 241 1622 279 retulit,
1642 240 1687 270 sed

121 295 189 326 ἀλλὰ
201 295 246 325 καὶ
260 293 351 335 πράως
372 292 532 333 ἀπεκρίνατο
555 291 640 331 λέγων
652 303 660 309 ·
679 291 714 320 Εἰ
730 289 780 329 μὲν
801 288 890 320 κακῶς

120 341 253 376 ἐλάλησα,
268 339 434 380 μαρτύρησον
447 338 509 378 περὶ
527 340 572 367 τοῦ
588 338 670 367 κακοῦ
681 348 687 354 ·
702 337 725 365 εῖ
739 334 766 364 δὲ
785 335 888 368 καλῶς,

119 387 146 416 τί
160 398 194 425 με
209 386 307 426 δέρεις;
321 385 387 415 Ὅτε
397 384 424 414 δὲ
437 386 451 414 ὁ
463 382 604 424 Ἱεροὸοὰμ
614 382 663 418 τὴν
676 385 755 422 χεῖρα
773 379 889 412 ἐκτείνας

120 431 291 462 ἐπιλαθέσθαι
304 435 350 461 τοῦ
362 430 498 471 προφήτου
510 432 555 459 τοῦ
572 429 632 458 τότε
646 427 797 468 ἐλέγξαντος
811 425 889 455 αὐτὸν

121 477 292 519 ἐπεχείρησε,
305 476 384 517 ξηρὰν
404 476 454 512 τὴν
479 479 558 516 χεῖρα
578 474 736 515 εῖργάσατο,
758 471 888 502 παιδεύων

121 524 166 554 καὶ
176 524 206 554 σὲ
219 523 255 554 τὰ
275 523 322 563 μὲν
343 524 435 552 ἑαυτοῦ
449 521 544 562 πράως
565 520 664 561 φέρειν,
678 519 713 549 τὰ
737 519 765 548 δὲ
788 520 824 551 εἷς
845 517 889 547 τὸν

121 569 260 605 Δεσπότην
271 567 339 608 μετὰ
347 569 448 604 πολλῆς
458 568 569 597 ἐκδικεῖν
583 569 631 603 τῆς
645 564 829 606 σφοδρότητος.
839 562 891 592 Διὰ

120 618 198 645 τοῦτο
204 615 250 645 καὶ
256 616 413 654 νομοθετῶν,
423 615 445 643 εἴ
454 613 499 643 καὶ
508 613 630 653 δευτέραν
640 611 734 652 ἔφησεν
743 610 792 647 τὴν
803 611 839 643 εἰς
846 609 891 639 τὸν

121 661 233 697 πλησίον
246 661 353 700 ἀγάπην
364 655 433 690 εἶναι
441 682 450 698 ,
463 659 524 689 ἀλλ’
539 659 632 699 ὁμοίαν
645 660 678 698 τῇ
692 657 809 697 προτέρᾳ
817 668 824 675 ·
845 655 891 685 καὶ

122 708 212 748 ὥσπερ
230 706 332 742 ἐκείνην
350 706 418 745 μετὰ
431 706 519 742 πάσης
534 707 639 734 ἀπαιτεῖ
658 706 706 739 τῆς
729 702 889 742 ὓπερὸολῆς,

122 754 192 784 οὕτω
202 754 248 784 καὶ
255 753 365 789 ταύτην.
373 752 435 782 Ἐπ’
445 751 543 782 ἐκείνου
556 751 603 791 μὲν
611 750 662 790 γάρ
673 761 763 790 φησιν,
773 748 821 782 Ἐξ
828 747 891 784 ὅλης

121 802 170 835 τῆς
179 799 288 839 καρδίας
297 810 358 835 σου,
368 799 414 828 καὶ
428 798 454 833 ἐξ
466 799 529 834 ὅλης
550 799 596 833 τῆς
610 797 698 837 ψυχῆς
716 806 762 825 σου
775 807 781 813 ·
801 794 845 823 ἐπὶ
863 793 889 823 δὲ

123 845 235 881 ταύτης,
245 844 292 878 Ὡς
303 843 403 873 ἑαυτόν.
414 844 468 873 Καὶ
476 843 602 883 ἑτέρωθεν
612 842 659 882 μὲν
668 840 832 880 πολλαχόθεν
842 840 890 869 ἴδοι

122 903 161 925 τις
175 891 216 928 ἂν,
231 890 294 927 ὅσην
307 890 443 930 ἄκρίὸειαν
456 889 523 929 ὅπερ
537 890 590 918 τῶν
603 888 668 928 πρὸς
679 886 810 922 ἀλλήλους
820 888 890 924 ἡμᾶς

123 939 230 967 ἀπαιτεῖ
252 936 360 966 δικαίων
381 938 395 965 ὁ
409 934 487 969 Θεός.
500 934 575 975 ‘'Opet
598 937 661 974 γοῦν
684 932 762 962 αὐτὸν
783 931 828 961 καὶ
851 933 891 961 ἐν·

122 986 206 1013 ταῧθα
219 984 336 1023 σφοδρῶς
351 981 515 1021 ἐπικείμενον
528 981 573 1011 καὶ
587 980 697 1015 αὔξοντα
710 978 760 1015 τὴν
773 989 890 1017 κατηγο-

124 1029 181 1068 ρίαν
197 1027 352 1069 βαρυτάτοις
361 1026 492 1067 ’ῥήμασιν-
507 1026 600 1065 Ὑμεῖς
614 1025 655 1062 δὲ,
668 1023 749 1064 φησὶ,
761 1022 787 1052 τί
799 1024 893 1052 ἐνεπυ-

124 1075 214 1114 ρίσατε
233 1074 277 1103 τὸν
301 1072 446 1112 ἀμπελῶνά
472 1083 537 1111 μου,
549 1071 656 1110 ιὨσπερ
680 1070 711 1098 ἂν
738 1068 894 1109 εἰργάσαντο

123 1119 264 1159 ’πολέμιοι
276 1118 404 1159 βάρὸαροί
418 1130 486 1151 τινες
498 1120 607 1153 ἀπηνεῖς
616 1139 624 1152 ,
634 1118 719 1146 ταῦτα
739 1117 814 1154 ὑμεῖς
833 1114 893 1148 τοὺς

123 1165 233 1199 οἰκείους
246 1164 395 1200 διεθήκατε.
409 1164 566 1203 Ἀμπελῶνα
580 1162 608 1191 δὲ
622 1162 699 1191 καλεῖ
707 1160 752 1190 τὸν
764 1160 838 1196 λαὸν,
850 1160 894 1189 διὰ

125 1212 173 1248 τὴν
192 1211 293 1247 πολλὴν
322 1209 384 1250 περὶ
407 1209 485 1239 αὐτὸν
507 1208 623 1244 σπουδὴν
650 1207 695 1237 καὶ
718 1206 767 1242 τὴν
796 1206 893 1236 ἄνωθεν

124 1257 286 1296 ἐπιμέλειαν.
304 1256 359 1286 Καὶ
381 1255 465 1289 αὔξων
487 1254 518 1284 τὸ
537 1254 672 1293 ἔγκλημα,
691 1254 740 1282 οὐκ
766 1247 823 1282 εἶπε
835 1273 842 1287 ,
866 1251 893 1280 τί

124 1303 184 1338 τοὺς
197 1302 353 1343 ὁμοδούλους
362 1325 370 1339 ,
381 1301 442 1335 τοὺς
451 1300 573 1337 πλησίον,
586 1300 646 1333 τοὺς
660 1298 800 1339 ἀδελφοὺς,
808 1297 876 1328 ἀλλὰ
884 1320 892 1334 ,

122 1350 157 1379 τὰ
179 1349 231 1388 ἐμὰ
241 1371 249 1385 ,
263 1348 352 1388 φησὶν,
381 1346 549 1383 ἀπωλέσατε,
572 1345 606 1375 τὰ
631 1345 684 1385 ἐμὰ
711 1344 872 1385 διεφθείρατε
885 1355 892 1376 3

127 1391 193 1425 Εἶτα
205 1395 292 1430 δηλῶν
305 1397 350 1423 τοῦ
370 1395 529 1433 ἐμπρησμοῦ
543 1391 574 1421 τὸ
586 1387 666 1428 εἶδος,
678 1390 757 1431 φησίν
768 1403 776 1409 ·
795 1390 831 1420 Ἡ
845 1391 892 1430 ἁρ-

124 1441 198 1481 παγὴ
213 1443 257 1471 τοῦ
275 1443 384 1480 πτωχοῦ
398 1441 425 1469 ἐν
439 1443 493 1472 τοῖς
515 1438 595 1471 οἴκοις
606 1439 689 1477 ὐμῶν.
701 1438 742 1467 Οὔ
759 1436 811 1477 γὰρ
825 1437 894 1466 οὕτω

123 1487 296 1527 λυμαίνεσθαι
309 1486 356 1520 τὰς
379 1485 513 1525 ἀμπέλους
525 1484 600 1514 εἴωθε
617 1483 735 1524 χάλαζα,
749 1485 785 1516 ὣς
796 1486 814 1519 ἡ
837 1483 894 1512 ἀδι-

126 1533 171 1562 κία
184 1535 229 1562 τοῦ
243 1534 353 1572 πτωχοῦ
367 1531 412 1561 καὶ
433 1531 543 1566 πένητος
562 1531 698 1570 ἐμπιπρᾷν
721 1529 823 1569 πέφυκε
845 1528 894 1565 τὴν

125 1578 222 1619 ψυχὴν,
237 1577 348 1607 θανάτου
361 1577 458 1610 παντὸς
468 1574 644 1616 χαλεπωτέρᾳ
652 1574 841 1605 κατατείνουσα
849 1576 894 1604 αὓ-

126 1625 175 1661 -ι-ὴν
189 1624 296 1664 ἀθυμίᾳ.
309 1624 454 1662 Πανταχοῦ
477 1622 524 1661 μὲν
547 1616 592 1651 οὖν
605 1621 636 1650 τὸ
656 1621 783 1660 ἁρπάζειν
796 1621 876 1650 κακόν
887 1633 894 1639 ·

129 1669 246 1708 μάλιστα
257 1669 286 1698 δὲ
297 1669 359 1698 ὅταν
372 1670 386 1697 ὁ
400 1666 607 1707 ἐπηρεαζόμενος
621 1668 647 1695 ἐν
661 1666 762 1706 ἐσχάτῃ
775 1666 896 1706 πτωχεία

128 1711 156 1755 ᾖ.
179 1717 238 1744 Οὖκ
262 1715 372 1752 ἐπιτιμᾷ
393 1709 422 1742 δὲ
441 1715 518 1742 τοῦτο
543 1712 621 1750 μόνον
641 1711 735 1748 λέγων,
759 1711 828 1740 ἀλλὰ
851 1711 897 1741 καὶ

129 1761 290 1800 διορθοῦται,
307 1759 372 1798 πρὸς
392 1758 441 1793 τὴν
465 1757 574 1797 Θεωρίαν
598 1756 691 1789 αὐτοὺς
711 1756 898 1796 παραπέμπων

130 1808 178 1842 τῆς
191 1806 320 1845 ἁρπαγῆς.
333 1803 423 1839 Ἱκανὴ
440 1802 487 1842 μὲν
498 1802 550 1842 γὰρ
570 1802 638 1840 μετὰ
657 1801 706 1838 τὴν
727 1803 801 1841 ῥῆσιν
816 1801 897 1838 αὐτὴν

129 1855 146 1887 ἡ
159 1852 218 1891 ὄψις
230 1851 282 1891 πρὸ
295 1852 348 1879 τῶν
363 1850 504 1890 ὀφθαλμῶν
518 1847 626 1887 κειμένη
647 1847 790 1882 κατανύξαι
802 1847 847 1877 τὸν
860 1848 897 1887 μὴ

130 1897 229 1937 σφόδρα
256 1895 421 1931 ἀναισθήτως
439 1893 612 1933 διακείμενον.
635 1893 671 1923 Τί
690 1895 765 1932 ὑμεῖς
783 1894 898 1923 ἀδικεῖτε

130 1943 174 1972 τὸν
186 1942 250 1972 λαόν
265 1952 333 1981 μους
346 1942 394 1981 Τῷ
408 1941 480 1980 αὐτῷ
492 1939 572 1969 πάλιν
592 1939 713 1978 ἐπέμεινε
726 1939 830 1980 τρόπῳ,
842 1940 898 1969 ὥσ-

129 2001 180 2029 περ
191 1990 260 2025 ἐκεῖ,
268 1988 323 2018 Τὸν
335 1986 481 2026 ἀμπελῶνά
494 1997 543 2025 μου
552 2008 560 2022 ,
571 1985 640 2016 οὕτω
649 1985 694 2015 καὶ
706 1987 818 2016 ἐνταῦθα
825 2008 833 2023 ,
845 1987 899 2016 Τὸν

129 2035 192 2064 λαόν
213 2046 279 2073 μου,
303 2033 397 2072 λέγων.
410 2032 464 2062 Καὶ
485 2032 520 2061 τὰ
539 2031 671 2072 πρόσωπα
687 2034 740 2061 τῶν
766 2034 897 2061 ταπεινῶν

131 2080 334 2120 καταισχύνετη
356 2078 400 2112 οὓς
423 2080 515 2118 ὀρθοῦν
542 2077 607 2114 ἔδει,
626 2077 733 2112 τούτους
756 2078 883 2112 ὠθοῦντες
892 2101 900 2115 ,

131 2126 174 2160 οὓς
200 2128 323 2166 ἀνιστᾷν,
351 2124 457 2157 τούτους
490 2123 725 2164 καταρῤηγνύντες.
749 2124 827 2153 Μετὰ
849 2124 901 2165 γὰρ

131 2175 178 2208 τῆς
210 2173 332 2213 ἁρπαγῆς
342 2195 350 2208 ,
376 2171 421 2200 καὶ
453 2170 574 2200 διέπτυον
600 2170 659 2204 τοὺς
692 2171 901 2211 εὐτελεστέρους,

131 2218 177 2247 καὶ
215 2217 382 2257 ἀνδραπόδων
418 2215 604 2256 χαλεπώτερον
634 2218 722 2250 αὐτοῖς
742 2216 885 2256 ἐκέχρηντο
894 2237 902 2252 ,

133 2264 198 2302 πρὸς
215 2265 248 2303 τη’“’
271 2262 407 2302 πλεονεξίᾳ
420 2262 464 2291 καὶ
482 2261 531 2298 τὴν
553 2262 707 2296 ἀλαζονείαν
722 2262 901 2299 ἐπιτείνοντες,

135 2309 179 2338 καὶ
206 2309 258 2338 ἀπὸ
281 2310 329 2344 τῆς
351 2308 453 2341 ἀδικίας
473 2310 518 2337 τοῦ
547 2307 662 2337 πλούτου
687 2307 780 2338 τούτου
800 2309 901 2346 πολλὴν

134 2354 182 2390 τὴν
202 2354 327 2383 ἀπόνοιαν
340 2353 480 2392 κτώμενοι.
497 2353 672 2387 Συνέζευκται
686 2353 737 2393 γὰρ
758 2356 791 2394 τῆ
819 2356 902 2385 πλεο-

134 2403 205 2443 νεξίᾳ
229 2404 260 2433 τὸ
277 2406 323 2439 τῆς
346 2403 524 2443 ὑπερηφανίας
546 2403 666 2442 νόσημα·
683 2404 728 2433 καὶ
749 2403 803 2444 ὅσῳ
814 2405 845 2434 ἄν
864 2418 903 2439 τις

135 2454 250 2493 ἐπιτείνῃ
264 2453 308 2483 τὸν
324 2453 446 2488 πλοῦτον,
455 2456 578 2483 τοσοῦτον
598 2454 643 2482 καὶ
658 2453 688 2482 τὸ
709 2453 813 2493 νόσημα
826 2458 904 2485 τοῦτο

168 2553 179 2564 ²
197 2546 258 2578 Reg.
271 2550 296 2569 et
308 2543 384 2570 Savil.
406 2547 509 2577 πολέμιοι
528 2548 565 2570 καὶ
585 2547 708 2580 βάρὲαροι.
728 2544 796 2570 Ibid.
819 2550 893 2573 ταῦτα

136 2587 197 2618 ὑμεῖς
208 2587 258 2613 τοὺς
267 2588 358 2613 οἰκείους
370 2586 486 2614 &coaxat-z
502 2596 505 2608 z
520 2582 562 2608 hic
574 2585 663 2609 vitium
675 2583 778 2617 aliquod
790 2586 816 2611 in
830 2595 891 2611 con-

908 286 927 308 Α
946 285 1026 315 etiam
1034 293 1172 317 mansuete
1179 286 1327 328 respondit:
1339 287 1370 317 Si
1381 288 1459 317 male
1468 288 1605 327 loquutus
1613 297 1688 325 sum,
1699 296 1769 318 Joan.
1778 297 1812 319 ¹8.

947 333 1142 361 testimonium
1154 334 1275 372 perhibe
1288 333 1325 361 de
1338 333 1418 362 malo
1423 344 1437 370 ,·
1453 333 1481 362 si
1492 339 1589 363 autem
1605 334 1687 369 bene,

945 378 1019 416 quid
1025 388 1070 407 me
1080 379 1182 407 coedis?
1192 380 1263 408 Cum
1272 385 1361 409 autem
1374 379 1518 409 Jeroboam
1527 389 1636 408 manum
1644 390 1690 409 ex-
1700 382 1722 407 ³.
1732 383 1789 411 ltes’·
1804 382 1831 404 ¹3

946 423 1054 453 tendens
1073 425 1233 464 prophetam
1251 424 1300 464 qui
1313 435 1341 455 se
1358 432 1423 455 tunc
1441 426 1570 465 arguebat
1591 436 1689 466 appre-
1700 414 1724 443 4*

944 469 1060 499 bendere
1076 471 1232 509 conabatur,
1245 481 1355 502 manum
1369 473 1428 513 ejus
1444 471 1549 502 aridam
1559 472 1689 510 reddidit,

943 521 971 545 te
982 515 1119 554 erudiens,
1135 523 1165 546 ut
1178 517 1215 557 inj
1219 516 1291 547 urias
1304 517 1354 548 tibi
1365 518 1454 548 illatas
1464 525 1601 553 mansuete
1608 519 1688 556 feras,

945 571 990 590 eas
1002 572 1068 592 vero
1089 572 1149 601 quae
1162 564 1280 593 Domino
1291 563 1445 594 inferuntur
1457 564 1691 595 vehementissime

947 606 1094 637 ulciscaris.
1101 608 1166 638 Ideo
1173 609 1223 638 etsi
1233 620 1296 639 cum
1303 610 1390 650 legem
1402 611 1494 649 ferret,
1504 610 1621 640 secundo
1630 611 1690 641 loco

947 654 1069 692 posuerit
1081 665 1200 684 amorem
1214 665 1278 695 erga
1290 656 1457 696 proximum,
1472 663 1559 686 tamen
1573 656 1689 686 similem

945 698 1017 727 dixit
1030 699 1116 739 priori
1133 712 1139 729 :
1155 711 1185 730 ac
1205 700 1275 730 sicut
1288 701 1368 731 illum
1381 702 1580 732 accuratissime
1593 702 1688 742 exigit,

944 836 1026 865 Sicut
1038 838 1170 877 teipsum.
1186 839 1222 868 Et
1235 838 1301 868 alibi
1315 850 1422 878 quoque
1434 851 1503 880 saepe
1519 840 1609 871 videre
1619 841 1690 880 quis-

946 894 998 922 que
1010 884 1095 923 possit
1109 890 1237 922 quantam
1256 886 1350 915 Deusa
1365 885 1443 915 nobis
1462 886 1552 925 exigat
1571 886 1689 926 diligen—

945 929 1010 958 tiam
1025 929 1095 959 circa
1109 940 1139 958 ea
1153 940 1212 968 quae
1229 931 1308 960 nobis
1325 939 1421 960 mutuo
1442 931 1571 961 debemus
1589 932 1688 962 officia.

945 976 1067 1006 Observa
1078 976 1162 1015 igitur
1174 976 1219 1005 hic
1229 977 1325 1006 acriter
1337 978 1490 1017 instantem,
1503 985 1529 1009 et
1541 980 1686 1010 accusatio-

945 1031 1007 1050 nem
1021 1021 1158 1050 acerrimis
1170 1022 1259 1051 verbis
1275 1030 1424 1063 augentem,
1437 1023 1531 1054 dicens
1545 1036 1552 1054 ι
1567 1025 1626 1055 Vos
1639 1036 1692 1055 au-

948 1075 1005 1098 tem
1015 1078 1068 1098 eur
1076 1070 1245 1099 incendistis
1255 1073 1375 1100 vineam
1383 1083 1477 1102 meam
1487 1075 1500 1101 P
1508 1073 1590 1110 Quod
1596 1073 1692 1103 imma-

945 1124 995 1144 nes
1003 1114 1113 1153 quidam
1123 1115 1211 1145 hostes
1221 1123 1248 1146 et
1255 1116 1365 1147 barbari
1378 1118 1498 1157 fecerint,
1509 1120 1562 1149 boc
1569 1130 1619 1151 vos
1629 1130 1691 1159 erga

947 1160 1093 1190 familiares
1109 1168 1211 1193 vestros
1226 1161 1378 1193 admittitis.
1390 1165 1506 1196 Vineam
1517 1176 1599 1206 porro
1613 1173 1691 1196 vocat

948 1209 1092 1248 populum,
1106 1207 1180 1247 quod
1193 1219 1255 1238 eum
1266 1210 1352 1240 multo
1363 1211 1454 1242 studio
1464 1219 1489 1242 et
1503 1223 1619 1253 superna
1628 1224 1691 1254 pro-

949 1254 1067 1284 videntia
1083 1262 1229 1286 conservet.
1246 1257 1282 1286 Et
1295 1268 1395 1298 augens
1413 1260 1618 1297 accusationem,
1637 1270 1690 1289 non

947 1300 1092 1339 dixit,Cur
1101 1311 1255 1340 conservoS,
1267 1305 1418 1343 proximos,
1428 1306 1539 1345 fratres,
1549 1306 1608 1341 sed,
1616 1306 1692 1344 Quid

949 1358 1018 1384 mea,
1029 1347 1118 1386 inquit
1131 1347 1299 1388 perdidistis,
1309 1361 1368 1381 mea
1377 1352 1575 1382 labefactastis?
1586 1353 1691 1382 Deinde

949 1393 1066 1423 incendii
1078 1394 1194 1434 speciem
1209 1396 1349 1427 ostendeus
1362 1398 1414 1427 ait:
1428 1400 1545 1438 Rapina
1555 1401 1692 1439 pauperis

949 1446 992 1469 est
1002 1442 1034 1469 in
1045 1441 1179 1470 domibus
1192 1444 1309 1473 vestris.
1326 1445 1386 1474 Non
1397 1446 1470 1474 enim
1483 1445 1520 1475 ita
1533 1446 1600 1475 solet
1612 1456 1691 1486 gran-

949 1487 985 1516 do
1004 1487 1096 1517 vineas
1115 1494 1233 1526 vastare,
1253 1496 1282 1519 ut
1301 1490 1429 1530 iniquitas
1447 1493 1573 1532 pauperis
1590 1500 1617 1523 et
1631 1493 1692 1522 ino-

949 1533 991 1573 pis
1001 1533 1122 1562 animum
1130 1534 1301 1573 succendere,
1314 1544 1399 1567 morte
1408 1538 1558 1578 graviorem
1567 1539 1620 1579 ipsi
1629 1550 1694 1569 moe-

948 1589 1035 1609 rorem
1046 1579 1171 1609 inferens.
1188 1581 1299 1621 Ubique
1312 1582 1395 1623 igitur
1408 1584 1502 1624 rapina
1516 1585 1619 1614 malum
1632 1592 1671 1615 est
1682 1599 1690 1621 ;

950 1625 1067 1655 maxime
1079 1636 1144 1656 vero
1154 1636 1215 1655 cum
1229 1627 1253 1656 is
1266 1628 1310 1657 cui
1323 1628 1454 1659 damnum
1474 1630 1587 1661 infertur
1599 1631 1628 1660 in
1643 1642 1693 1660 ex-

950 1678 1062 1700 tremam
1082 1671 1205 1701 redactus
1224 1680 1263 1702 est
1276 1682 1468 1715 paupertatem.
1485 1677 1578 1716 Neque
1591 1684 1694 1706 tantum

951 1717 1072 1757 increpat
1083 1718 1140 1747 baec
1152 1717 1278 1757 dicendo,
1298 1720 1345 1750 sed
1358 1721 1440 1751 etiam
1454 1723 1575 1763 corrigit,
1587 1723 1694 1753 mittens

952 1773 997 1792 eos
1010 1763 1046 1792 ad
1057 1763 1158 1803 rapinae
1183 1766 1377 1804 spectaculum.
1393 1768 1457 1796 Post
1478 1768 1636 1808 hujusmodi
1650 1769 1693 1799 di-

952 1815 1026 1838 ctum
1040 1809 1124 1845 enim,
1143 1817 1265 1850 aspectus
1284 1811 1323 1840 rei
1343 1812 1395 1842 sub
1412 1813 1499 1843 oculis
1515 1814 1609 1854 positae
1623 1825 1694 1845 com-

952 1865 1072 1895 pungere
1081 1861 1168 1895 potest
1178 1866 1251 1893 eum,
1264 1858 1313 1896 qui
1327 1868 1381 1888 non
1395 1859 1627 1899 impudentissimo
1634 1862 1693 1891 fue-

952 1902 989 1931 rit
1000 1901 1099 1931 animo.
1114 1903 1162 1933 15.
1186 1903 1247 1933 Cur
1269 1915 1323 1934 vos
1338 1907 1450 1946 injuria
1463 1906 1584 1947 afficitis
1601 1918 1694 1948 popu-

954 1949 1015 1978 lum
1028 1958 1122 1977 meum
1130 1951 1143 1976 Ρ
1153 1950 1186 1978 In
1199 1949 1293 1980 eodem
1306 1962 1400 1982 rursus
1422 1959 1573 1993 perseverat
1587 1953 1696 1984 dicendi

953 2004 1047 2034 genere
1060 2005 1068 2022 :
1083 1995 1154 2024 sicut
1166 1995 1235 2033 illic,
1252 1997 1375 2027 Vineam
1389 2009 1499 2036 meam,
1515 1999 1552 2028 ita
1565 1999 1622 2037 hic,
1637 2001 1696 2030 Po-

952 2041 1056 2078 pulum
1078 2052 1185 2079 meum,
1201 2042 1277 2072 dicit.
1295 2044 1442 2086 Etsacies
1457 2046 1613 2075 humilium
1628 2056 1696 2075 con-

955 2087 1102 2126 funditis?
1117 2090 1192 2126 Quos
1206 2090 1340 2130 corrigere
1352 2091 1502 2131 oportebat,
1516 2092 1566 2122 hos
1579 2093 1697 2133 impelli-

956 2133 1007 2171 tis;
1027 2144 1095 2173 quos
1117 2134 1236 2174 erigere,
1262 2135 1311 2165 hos
1337 2137 1515 2177 confringitis.
1543 2139 1614 2168 Nam
1638 2146 1699 2179 post

956 2181 1088 2219 rapinam,
1102 2180 1213 2211 viliores
1232 2182 1404 2222 respuebant,
1414 2190 1445 2212 vet
1465 2183 1603 2224 indignius
1617 2194 1698 2223 quam

957 2227 1099 2268 mancipiis
1119 2227 1175 2257 illis
1188 2229 1342 2267 utebantur,
1357 2237 1453 2270 praeter
1465 2231 1605 2261 avaritiam
1625 2242 1699 2261 arro-

956 2273 1074 2313 gantiam
1084 2284 1191 2313 quoque
1210 2282 1352 2315 augentes,
1373 2283 1400 2306 et
1419 2287 1467 2317 per
1484 2277 1593 2307 divitias
1608 2277 1699 2316 inique

957 2326 1046 2358 partas
1063 2320 1148 2349 multa
1167 2320 1275 2361 insuper
1295 2332 1350 2351 sese
1367 2323 1504 2352 efferentes
1535 2323 1697 2362 arrogantia.

919 2367 938 2390 Ε
960 2366 1085 2395 Avaritiae
1105 2366 1176 2395 enim
1198 2367 1331 2407 superbiae
1346 2368 1457 2397 morbus
1475 2368 1634 2409 adjungitur
1652 2381 1658 2398 z
1674 2376 1700 2399 et

958 2418 1057 2450 quanto
1074 2412 1138 2451 plus
1155 2412 1264 2442 divitias
1279 2413 1340 2452 quis
1353 2414 1507 2450 cumularit,
1521 2421 1594 2443 tanto
1615 2415 1700 2455 magis

958 2457 1070 2487 morbus
1081 2458 1126 2488 hic
1138 2458 1289 2490 increverit.
1307 2460 1373 2488 Hoc
1386 2460 1458 2489 dicit
1470 2459 1623 2498 Dominus,
1638 2461 1700 2490 Do-

943 2549 1081 2574 structione
1093 2549 1215 2582 suspicor.
1228 2550 1287 2575 Mox
1296 2551 1358 2583 Reg.
1373 2556 1398 2575 et
1410 2550 1486 2576 Savil.
1502 2554 1553 2586 περὶ
1566 2554 1647 2578 αὐτῶν.

945 743 983 773 sic
995 751 1021 774 et
1035 745 1107 774 hunc
1121 756 1238 785 quoque.
1263 748 1304 776 De
1322 747 1371 777 illo
1389 747 1460 777 enim
1480 748 1537 777 ait:
1555 749 1605 778 Ex
1629 754 1689 778 toto
1701 757 1784 778 Μηιιιι,
1801 763 1839 777 22.

945 791 1032 820 corde
1046 797 1107 829 tuo,
1122 797 1198 821 etex
1211 798 1273 822 tota
1285 794 1385 822 anima
1396 801 1448 823 tua
1456 805 1470 831 ;
1480 793 1515 823 de
1525 794 1578 823 hoc
1591 800 1689 831 autem,
1699 788 1738 816 ³⁷·
1751 788 1789 818 39.
