1890 2826
552 166 596 188 ΒΕ
621 165 728 188 uuum
755 158 946 188 CREATIONE
974 165 1076 188 oum.
1110 165 1142 188 v.
1238 164 1240 166 ’
1567 153 1632 188 56ι

75 227 142 266 μὴν,
161 226 285 266 ἀδελφοὶ,
309 225 378 255 κατὰ
390 228 436 255 τοῦ
451 225 488 264 μὴ
503 225 671 261 νηστεύοντος
693 225 778 265 κρίσις
792 227 843 265 οὐχ

73 272 200 311 ὥρισται·
214 271 282 301 κατὰ
307 271 335 301 δὲ
357 273 403 300 τοῖἷ
417 272 568 305 ἀδικοῦντος
585 271 714 311 τιμωρίαν
728 271 843 307 ἠπείλη-

73 328 129 346 σεν.
158 317 202 346 Τὰ
231 316 357 346 ἀνεύθυνα
379 317 527 357 φεύγομεν,
549 317 594 346 καὶ
619 316 654 346 τὰ
676 317 789 347 ὑπόδικοι
812 318 842 346 οὔ

74 362 217 402 φεύγομεν;
236 362 343 402 Ἀγαθὸν
356 365 374 399 ἡ
388 362 551 402 ἐλεημοσύνη
562 374 568 381 ·
586 364 620 403 τῇ
648 362 695 402 μὲν
714 362 766 403 γὰρ
784 363 842 403 ὄψει

74 408 268 449 σκορπιζομένη
279 431 287 445 ,
303 410 336 448 τῇ
353 409 381 438 δὲ
407 408 517 449 ἄληθείᾳ
538 408 654 448 συνάγει.
671 408 777 449 Ὥσπερ
789 408 842 448 γὰρ

73 455 187 496 γεωργὸς
209 456 243 495 τῇ
263 456 299 494 γῇ
314 454 438 491 δανείζει,
452 454 498 495 ἀφ’
510 450 543 491 ἧς
560 454 697 495 ἐκδέχεται
712 455 746 484 τὰ
759 454 843 495 σπέρ-

75 513 147 540 ματα
159 513 166 519 ·
180 500 262 534 οὕτως
285 503 303 537 ἡ
326 501 490 540 ἐλεημοσύνη
505 501 576 530 δοκεῖ
597 501 645 540 μὲν
666 500 755 535 ἄλλοις
772 500 841 531 δίδο-

74 549 150 582 σθαι,
162 548 196 586 τῇ
210 545 236 575 δὲ
247 546 357 586 ἀληθείᾳ
368 549 408 587 τῷ
422 546 546 576 δεδωκότι
559 547 722 586 ταμιεύεται.
730 546 844 587 Ἐσκόρ-

74 604 136 623 πισε
158 593 229 633 γὰρ,
256 593 335 633 φησὶν
355 595 370 622 ὁ
391 592 483 629 Δαυὶδ,
497 593 579 622 ἔδωκε
601 596 655 626 τοῖς
679 592 805 629 πένησιν,
825 595 843 635 ἡ

75 638 226 675 δικαιοσύνη
241 640 320 668 αὐτοῦ
338 638 411 678 με’νει
425 639 462 672 εἷς
473 638 519 667 τὸν
530 640 623 668 αἰῶνα.
638 637 718 668 Οὕτω
732 637 843 675 νηστεύ-

75 696 174 723 σωμεν,
185 684 254 713 οὕτω
266 684 500 724 προσκυνήσωμεν,
512 683 581 713 οὕτω
593 683 786 722 πιστεύσωμεν,
798 683 843 713 τὸν

75 730 185 770 Πατέρα
203 730 366 767 δοξάζοντες,
378 730 423 760 τὸν
435 729 500 759 Υἱὸν
510 731 652 768 ὑμνοῦντες
660 751 668 766 ,
682 729 713 759 τὸ
730 730 843 769 Πνεῦμα

75 777 105 806 τὸ
118 777 192 816 ἅγιον
205 778 424 816 προσκυνοῦντες,
444 775 485 805 ὅτι
509 771 622 815 αὗτῷἡ
647 775 708 810 δόξα
727 777 764 810 εἷς
783 775 843 809 τοὺς

76 825 183 857 αἰῶνας.
198 823 293 862 Ἀμήν.

76 967 132 995 Τοῦ
146 967 225 995 αὐτοῦ
238 967 276 999 εἷς
289 965 338 1002 τὴν
350 965 476 1005 πέμπτην
491 965 593 1006 ἡμέραν
604 968 651 1002 τῆς
662 964 843 1004 κοσμοποιίας.

114 1056 208 1087 Πολλὰ
222 1056 270 1096 μὲν
284 1057 329 1086 καὶ
344 1057 449 1096 μεγάλα
466 1057 500 1087 τὰ
513 1056 587 1097 παρὰ
602 1059 646 1086 τοῦ
661 1056 846 1096 φιλανθρώπου

74 1104 144 1132 Θεοῦ
158 1106 213 1135 τοῖς
231 1101 377 1142 ἀνθρώποις
398 1102 585 1142 δεδωρημένα·
603 1101 698 1142 πρώτη
724 1102 751 1131 δὲ
767 1103 846 1132 αὐτοῦ

75 1149 120 1178 ml
132 1148 245 1187 μεγίστη
259 1150 352 1178 πασῶν
372 1149 475 1189 δωρεῶν
488 1151 505 1184 ἡ
518 1150 570 1178 τῶν
587 1149 702 1189 Γραφῶν
720 1149 846 1178 διδασκα-

75 1193 131 1223 λία.
151 1193 247 1228 Ἥλιος
269 1193 316 1232 μὲν
339 1193 391 1234 γὰρ
414 1194 460 1224 καὶ
483 1194 582 1230 σελήνη
594 1216 602 1232 ,
626 1194 672 1224 καὶ
695 1198 748 1228 πᾶς
761 1196 775 1223 ὁ
794 1195 847 1223 τῶν

76 1239 179 1279 ἄστρων
201 1239 295 1280 χορὸς,
316 1239 362 1269 καὶ
374 1240 490 1279 ποταμοὶ
511 1240 556 1269 καὶ
577 1239 662 1279 πηγαὶ
685 1240 731 1269 καὶ
754 1239 847 1279 λίμναι

76 1285 141 1325 πρὸς
152 1285 200 1321 τὴν
218 1287 271 1314 τῶν
290 1284 420 1324 σωμάτων
435 1284 576 1325 θεραπείαν
591 1284 760 1326 γεγένηνται·
777 1287 804 1315 αἱ
818 1285 846 1315 δὲ

75 1331 149 1369 ἅγιαι
166 1329 270 1370 Γραφαὶ
284 1330 349 1371 πρὸς
366 1330 416 1366 τὴν
429 1333 483 1361 τῶν
500 1332 594 1371 ψυχῶν
604 1331 740 1372 διόρθωσιν
754 1331 846 1367 ἐδόθη-

75 1387 135 1405 σαν.
150 1375 229 1416 ΙὈιιῳ
243 1375 271 1405 δὲ
285 1375 416 1415 σωμάτων
429 1377 549 1417 ἀνωτέρα
559 1377 650 1417 ψυχὴ,
662 1377 780 1417 τοσούτῳ
792 1378 845 1406 τῶν

75 1422 163 1451 ἄλλων
186 1422 289 1462 δωρεῶν
312 1421 431 1463 ἀνωτέρα
445 1423 463 1458 ἡ
480 1425 533 1452 τῶν
556 1422 631 1452 θείων
651 1424 778 1464 Γραφῶν.
793 1423 845 1453 Διὰ

75 1469 152 1497 τοῦτο
164 1467 236 1507 λέγει
249 1470 264 1497 ὁ
276 1467 374 1508 Σιικήρ
383 1480 390 1487 ·
407 1468 550 1508 Ἐρευνᾶτε
563 1468 610 1502 τὰς
628 1468 752 1509 Γραφὰς,
763 1470 790 1498 ἐν
805 1465 846 1503 αἷς

75 1514 175 1543 δοκεῖτε
199 1513 268 1550 ζωὴν
293 1513 397 1543 αἰώνιον
420 1513 502 1554 ἔχειν.
530 1514 733 1554 Ἐρευνήσωμεν
759 1514 846 1544 τοίνυν

75 1559 135 1592 τοὺς
155 1559 300 1600 θησαυροὺς
319 1560 372 1588 τῶν
394 1560 416 1589 Γ
419 1562 523 1599 ραφῶν,
548 1559 594 1589 καὶ
614 1561 663 1594 τῆς
686 1560 846 1599 ἐπαγγελίας

76 1605 219 1644 ἁψώμεθα,
232 1605 277 1634 καὶ
297 1608 343 1634 τοῦ
364 1605 501 1644 ἀνθρῶπου
523 1605 572 1642 τὴν
591 1605 764 1645 δημιουργίαν
778 1606 847 1635 κατὰ

76 1649 185 1687 δύναμιν
205 1648 316 1682 ἐξειπεῖν
337 1648 559 1688 ἐπιχειρήσωμεν.
583 1649 686 1686 Μηδεὶς
708 1650 736 1679 δὲ
764 1650 844 1680 πάλιν

77 1694 220 1734 μεμφέσθω
231 1698 284 1726 τοῖς
297 1693 365 1733 μετὰ
379 1693 515 1733 ἄκριὸείας
527 1694 709 1734 ζητουμένοις·
720 1695 785 1724 ἴδιον
794 1695 844 1736 γὰρ

76 1743 128 1769 τῶν
148 1740 272 1780 φλυαρεῖν
296 1738 498 1779 ἐπιχειρούντων
512 1740 542 1769 τὸ
562 1740 711 1780 μέμφεσθαι
725 1746 783 1774 ταῖς
797 1744 843 1771 τοῦ

76 1787 147 1816 Θεοῦ
160 1784 293 1818 διατάξεσι
306 1785 351 1814 καὶ
364 1786 486 1824 ἐγκαλεῖν
499 1790 552 1818 τοῖς
568 1786 636 1824 μετὰ
649 1786 785 1826 ἀκριὸείας
799 1787 846 1815 λε-

75 1831 204 1871 γομένοις.
218 1830 341 1861 Ἧκουσά
353 1843 430 1860 τινων
444 1831 641 1870 ἐγκαλούντων,
657 1832 699 1862 ὅτι
716 1832 755 1866 τίς
766 1833 845 1874 χρεία

76 1874 109 1914 ἧν
128 1879 211 1907 εἰπεῖν
230 1877 292 1916 περὶ
304 1877 385 1917 πυρὸς
405 1877 451 1907 καὶ
471 1877 582 1914 ὕδατος,
593 1878 634 1908 ὅτι
652 1878 735 1919 τρίζει
748 1878 779 1908 τὸ
791 1881 845 1919 πῦρ

75 1923 169 1957 ὕδατος
183 1922 406 1962 ἐπιὸαλλομένου;
420 1923 530 1963 Ἡμεῖς,
542 1923 621 1964 φησὶ,
635 1924 804 1964 φυσιολογίαν
815 1926 845 1954 οὗ

76 1969 185 2008 θέλομεν
206 1969 361 2008 μανθάνειν,
375 1969 444 1999 ἀλλὰ
466 1969 610 2009 θεολογίαν.
624 1972 671 2000 Δεῖ
686 1970 713 2000 δὲ
734 1970 846 2007 εἰδέναι,

75 2016 116 2045 ὅτι
126 2017 211 2045 ταῦτα
221 2015 255 2045 τὰ
269 2015 377 2055 ῥήματα
390 2016 479 2055 ἀργῶν
491 2016 549 2045 ἐστι
560 2015 606 2045 καὶ
620 2016 753 2056 ῥᾳθύμων.
769 2016 845 2046 Μετὰ

75 2061 127 2101 γὰρ
139 2061 188 2097 τὴν
202 2061 336 2100 θεολογίαν
348 2063 365 2096 ἡ
382 2061 535 2101 φυσιολογία
554 2063 671 2101 κρηπῖδα
686 2062 797 2103 παρέχει
811 2066 844 2104 τῇ

76 2107 212 2147 εὗσεὸείᾳ·
228 2108 251 2136 εἶ
265 2107 293 2136 δὲ
306 2105 465 2136 ἐκὸάλλουσι
478 2107 656 2147 φυσιολογίαν,
668 2108 846 2147 ἐγκαλείσθω-

76 2163 124 2181 σαν
136 2157 189 2184 τοῖς
200 2151 356 2191 προφήταις,
364 2152 557 2192 μεμφέσθωσαν
567 2157 621 2187 τοῖς
633 2154 800 2187 ἀποστόλοις.
811 2154 846 2185 Ὁ

77 2197 220 2230 ἀπόστολος
226 2198 383 2236 φυσιολογεῖ·
390 2199 431 2227 Οὐ
443 2203 516 2228 πᾶσα
525 2198 589 2238 σὰρξ
598 2201 616 2235 ἡ
626 2199 693 2235 αὐτὴ
702 2200 775 2239 σάρξ·
786 2201 845 2229 ἀλλ’

77 2243 145 2278 ἄλλη
153 2243 201 2281 μὲν
211 2241 276 2282 σὰρξ
290 2242 518 2282 ἅνθρώπων,ἄλλη
534 2244 562 2273 δὲ
575 2244 639 2284 σὰρξ
654 2247 768 2282 κτηνῶν,
778 2246 846 2282 ἄλλη

77 2289 104 2320 δὲ
118 2288 223 2329 ἰχθύων,
238 2288 305 2323 ἄλλη
320 2288 348 2318 δὲ
362 2290 502 2317 πετεινῶν·
513 2289 558 2318 καὶ
567 2290 679 2329 σώματα
693 2291 846 2331 ἐπουράνια,

77 2335 122 2364 καὶ
136 2334 248 2374 σώματα
269 2333 382 2373 ἐπίγεια.
403 2334 481 2363 Διατί
503 2337 653 2375 φυσιολογεῖ
666 2337 788 2371 Παῦλος,
802 2337 847 2366 καὶ

78 2380 132 2410 ἀπὸ
144 2381 277 2419 μουσικῶν
290 2379 406 2420 ὀργάνων
422 2381 539 2418 ἐγκαλεῖ,
554 2381 599 2410 καὶ
613 2380 698 2420 λέγει·
713 2383 738 2411 Τ
739 2385 847 2418 ‹maz-ea,

78 2428 102 2455 εἷ
113 2426 199 2465 τύγοι,
212 2426 276 2465 γένη
290 2428 382 2466 φωνῶν
394 2427 464 2455 ἐστιν
478 2427 505 2455 ἐν
517 2426 620 2467 κόσμω,
634 2427 679 2456 καὶ
689 2427 796 2458 οὖδὲν”
778 2440 849 2469 αφω-

896 225 1024 264 operibus
1038 224 1140 254 diaboli
1161 235 1212 254 non
1233 225 1349 256 abstines
1369 232 1478 266 propter
1495 226 1638 267 pietatem?

896 271 991 310 Atqui,
1004 271 1109 308 fratres,
1123 271 1251 302 adversus
1262 281 1323 301 eum
1336 271 1385 312 qui
1398 282 1451 301 non
1460 272 1576 313 jejunat,
1584 282 1638 301 non

896 316 1000 357 prolata
1022 317 1152 346 sententia
1173 324 1223 354 est,
1244 316 1374 347 adversus
1392 328 1454 347 eum
1476 324 1576 354 autem,
1591 318 1638 357 qui

896 361 988 400 inique
1000 362 1067 402 agit,
1082 373 1189 403 poenam
1204 363 1401 393 interminatur.
1418 363 1460 392 Ab
1474 363 1507 392 iis
1521 373 1581 402 quae
1595 364 1637 392 in-

861 412 879 435 B
896 408 976 437 noxia
999 415 1062 436 sunt
1082 418 1219 444 cavemus,
1243 418 1290 437 nec
1312 419 1437 439 cavemus
1454 408 1489 438 ab
1510 408 1562 446 iis,
1580 419 1640 447 quae

894 460 955 482 sunt
967 453 1055 493 culpae
1065 453 1192 483 obnoxia.
1202 454 1276 483 Bona
1289 464 1331 483 res
1342 461 1381 483 est
1392 454 1571 494 eleemosyna,
1580 464 1640 493 quae

894 498 983 538 specie
1003 498 1114 538 quidem
1135 498 1287 539 dispergit,
1311 510 1341 528 re
1364 506 1453 529 autem
1481 502 1637 540 congregat.

895 543 1131 582 Quemadmodum
1151 544 1223 573 enim
1242 545 1360 584 agricola
1381 552 1459 574 terrae
1478 545 1639 582 foeneratur,

894 601 929 620 ex
941 600 995 629 qua
1004 589 1104 618 semina
1114 596 1259 629 exspectat:
1269 590 1307 619 sic
1318 590 1489 630 eleemosyna
1500 589 1568 622 dum
1578 590 1642 619 aliis

894 634 954 664 duri
961 635 1082 673 videtur,
1091 646 1154 665 vere
1169 635 1246 664 danti
1256 635 1388 665 recondit.
1403 636 1473 665 Nam
1484 635 1521 665 ait
1535 636 1637 667 David:

895 681 1050 722 Dispersa,
1066 682 1148 711 dedic
1163 683 1356 721 pauperibus,
1366 683 1485 721 justitia
1503 683 1566 721 ejus
1578 692 1641 711 ma-
1652 692 1720 715 ΡΜ.
1743 699 1793 716 ι...

895 735 944 758 net
957 730 990 757 in
1008 728 1158 758 soeculum.
1173 728 1218 758 Sic
1232 729 1400 768 jejunemus,
1416 728 1456 758 sic
1476 727 1619 758 adoremus
1631 751 1638 766 ,
1650 729 1675 752 9·

893 775 932 804 sic
945 773 1096 812 credamus,
1103 775 1209 804 Patrem
1218 774 1409 813 glorificantes,
1419 774 1523 804 Filium
1533 774 1642 814 hymnis

894 820 1075 857 celebrantes,
1098 820 1233 860 Spiritum
1257 827 1378 850 sanctum
1396 820 1556 857 adorantes,
1576 820 1641 860 quia

895 865 949 906 ipsi
961 865 1048 906 gloria
1062 867 1090 895 in
1102 866 1211 895 saecula.
1227 867 1324 895 Amen.

862 968 881 991 c
963 962 1103 1002 Ejusdem
1117 963 1148 991 in
1161 963 1295 1001 quintam
1311 963 1388 992 diem
1406 964 1573 993 creationis.

936 1056 949 1083 1
959 1076 966 1083 .
988 1054 1077 1084 Multa
1104 1053 1214 1093 quidem
1231 1064 1380 1094 magnaque
1404 1065 1420 1084 a
1442 1055 1637 1095 benignissimo

897 1102 953 1130 Deo
971 1099 1128 1130 hominibus
1147 1110 1270 1130 concessa
1290 1110 1400 1131 munera
1419 1108 1498 1136 sunt;
1521 1101 1641 1142 primum

897 1153 985 1176 autem
999 1147 1058 1186 ejus
1066 1145 1269 1184 maximumque
1277 1145 1379 1175 donum
1391 1153 1430 1176 est
1439 1147 1643 1188 scripturarum

897 1192 1031 1223 doctrina.
1046 1191 1094 1222 Sol
1107 1191 1179 1220 euim
1201 1198 1229 1221 et
1244 1191 1320 1228 luna,
1339 1192 1480 1232 omnisque
1499 1193 1640 1223 stellarum

897 1238 1007 1276 chorus,
1020 1238 1132 1267 flumina
1151 1236 1226 1272 item,
1241 1237 1337 1275 fontes,
1352 1244 1379 1268 et
1398 1238 1484 1276 lacus,
1494 1238 1529 1269 ad
1546 1250 1642 1280 corpo-

899 1295 962 1314 rum
975 1295 1054 1314 usum
1072 1284 1141 1313 facta
1153 1290 1217 1313 sunt
1224 1295 1234 1322 5
1250 1294 1331 1313 sacrae
1354 1295 1420 1314 vero
1434 1286 1592 1326 scripturae,
1607 1287 1643 1317 ad

899 1330 1051 1360 animarum
1073 1329 1286 1359 emendationem
1298 1337 1361 1360 suut
1379 1330 1572 1369 datae.Quanto
1590 1343 1641 1362 au-

900 1383 954 1407 tem
974 1376 1064 1406 anima
1081 1387 1194 1417 corpore
1215 1377 1339 1417 superior
1357 1384 1407 1415 est,
1423 1385 1496 1408 tanto
1517 1379 1643 1420 superius

898 1423 960 1452 aliis
972 1429 1012 1452 est
1021 1422 1180 1453 divinarum
1193 1423 1393 1462 Scripturarum
1404 1423 1517 1454 donum.
1528 1425 1594 1454 Ideo
1605 1425 1643 1455 ait

898 1469 1042 1499 Servatur:
1056 1468 1235 1498 Scrutamini
1246 1468 1422 1508 Scripturas,
1436 1471 1468 1498 in
1481 1471 1586 1510 quibus
1599 1473 1643 1500 vi·
1651 1477 1791 1508 Joan.5,39.

864 1512 884 1535 ⁰
898 1515 1009 1544 demini
1019 1517 1115 1544 vitam
1126 1521 1265 1544 aeternam
1279 1515 1395 1544 habere.
1410 1516 1568 1545 Scrutemur
1578 1527 1642 1557 ergo

897 1560 1037 1590 thesauros
1058 1560 1271 1600 Scripturarum,
1285 1567 1311 1589 et
1331 1570 1391 1599 quae
1411 1561 1528 1601 polliciti
1548 1572 1642 1593 sumus

897 1605 1097 1646 aggrediamur,
1119 1605 1290 1645 hominisque
1314 1606 1474 1636 creationem
1494 1618 1544 1647 pro
1565 1609 1641 1638 virili

897 1659 986 1681 nostra
1000 1651 1151 1680 ordiamur.
1163 1652 1250 1681 Nemo
1264 1661 1326 1681 vero
1341 1662 1450 1681 rursum
1462 1653 1641 1693 reprehendat

898 1708 928 1727 ea
938 1708 999 1736 quae
1015 1697 1166 1727 accuratius
1177 1697 1350 1737 exploramus
1362 1710 1368 1727 :
1380 1697 1431 1727 hoc
1442 1699 1514 1728 enim
1528 1700 1640 1731 illorum

897 1744 1038 1784 proprium
1050 1749 1090 1772 est
1102 1742 1149 1781 qui
1167 1743 1264 1782 nugari
1279 1743 1398 1781 student,
1412 1755 1443 1774 ca
1460 1755 1568 1786 carpere
1580 1757 1641 1785 quae

896 1800 912 1818 a
925 1791 983 1819 Deo
1002 1795 1098 1819 statuta
1115 1796 1189 1826 sunt,
1203 1796 1230 1818 et
1241 1800 1272 1818 ea
1292 1800 1352 1829 quae
1372 1798 1495 1821 accurate
1512 1791 1642 1822 dicuntur

897 1834 1101 1876 reprehendere.
1115 1834 1218 1865 Audivi
1230 1835 1269 1864 sic
1282 1835 1432 1866 incusantes
1444 1847 1451 1864 :
1465 1839 1532 1874 Quae
1546 1848 1639 1868 neces-

897 1882 962 1912 sitas
971 1889 1028 1911 erat
1037 1881 1072 1911 de
1082 1882 1143 1922 igue
1152 1888 1178 1910 et
1186 1891 1254 1920 aqua
1264 1881 1322 1910 haec
1330 1881 1419 1912 dicere
1432 1894 1439 1911 τ
1450 1883 1545 1914 stridet
1555 1884 1637 1924 ignis,

897 1939 960 1958 cum
968 1938 1037 1967 aqua
1050 1927 1078 1956 in
1094 1938 1157 1957 eum
1167 1927 1309 1967 injicitur?
1321 1929 1388 1965 Nos,
1404 1928 1518 1965 aiebant,
1530 1940 1584 1960 non
1595 1941 1640 1960 re·

897 1984 959 2003 rum
972 1973 1136 2003 naturalium
1147 1973 1362 2012 disquisitionem
1375 1975 1532 2013 quaerimus,
1540 1976 1588 2006 sed
1600 1977 1640 2006 di-

865 2016 882 2038 E
899 2020 1032 2051 vinarum.
1047 2019 1122 2050 Scias
1132 2026 1220 2049 autem
1235 2027 1348 2060 oportet,
1360 2020 1418 2050 haec
1431 2022 1513 2051 verba
1526 2022 1640 2063 ignavo-

899 2077 959 2096 rum
975 2073 1002 2096 et
1019 2065 1145 2095 inertium
1163 2076 1220 2095 esse
1232 2066 1384 2095 hominum.
1399 2068 1462 2096 Post
1476 2068 1639 2109 theologiam

898 2113 969 2142 enim
990 2123 1082 2142 rerum
1099 2112 1263 2142 naturalium
1284 2113 1416 2143 enarratio
1429 2114 1522 2154 pietati
1542 2116 1639 2145 funda-

887 2166 1018 2200 ·meutum
1029 2159 1129 2199 praebet
1141 2170 1148 2187 :
1161 2158 1234 2197 quod
1248 2158 1271 2188 si
1285 2159 1449 2189 naturalium
1462 2171 1554 2191 rerum
1565 2172 1642 2191 com—-

900 2205 1117 2234 memorationem
1129 2204 1279 2241 eliminant,
1288 2212 1411 2235 accusent
1420 2207 1573 2246 prophetas,
1581 2217 1642 2247 apo-

899 2251 982 2281 stolos
1001 2257 1124 2305 arguant.
1140 2251 1286 2291 Apostolus
1306 2261 1347 2280 res
1367 2252 1502 2282 naturales
1522 2259 1639 2282 tractat:

900 2299 969 2327 Non
979 2299 1072 2327 omnis
1083 2308 1152 2327 caro
1161 2298 1264 2326 eadem
1273 2307 1358 2335 σαι-0,·
1369 2298 1493 2327 sedulia
1506 2308 1575 2327 caro
1588 2299 1640 2326 ho-
1654 2311 1673 2326 ι.
1686 2305 1726 2326 Cm
1735 2321 1739 2327 .
1755 2305 1779 2327 15
1785 2322 1790 2326 .

902 2345 1025 2381 minum,
1042 2344 1107 2373 alia
1120 2344 1329 2383 jumentorum,
1346 2343 1409 2372 alia
1427 2345 1562 2382 piscium,
1578 2334 1710 2372 αἰι“”α39
1699 2343 1730 2365 ⁴⁰

900 2392 1013 2427 avium‚·
1027 2397 1055 2419 et
1066 2400 1187 2429 corpora
1197 2390 1334 2425 caelestia,
1350 2395 1378 2418 et
1385 2399 1505 2428 corpora
1513 2395 1638 2418 terrena.

899 2435 956 2465 Cur
967 2434 1099 2464 naturalia
1115 2434 1237 2463 edisserit
1252 2433 1361 2468 Paulus,
1377 2439 1403 2461 et
1416 2443 1450 2461 ex
1471 2432 1580 2462 musicis
1596 2433 1640 2462 in-

78 2471 121 2501 νᾶν
129 2473 198 2508 ἔστη
215 2472 326 2511 Καῑγὰρ
340 2472 385 2501 ἐὰν
401 2472 497 2507 ἄδηλον
515 2472 604 2512 φωνὴν
620 2472 733 2513 σάλπῑγξ
748 2475 794 2514 δῳ,
809 2474 848 2508 τίς
857 2495 891 2516 4³1
900 2478 1054 2508 strumentis
1078 2478 1271 2507 accusationem
1295 2476 1420 2512 instituit,
1442 2482 1468 2504 et
1493 2476 1550 2505 ait:
1569 2478 1640 2506 Tam
1654 2496 1674 2512 ,
1688 2489 1734 2511 cnr
1722 2499 1740 2511 ,
1756 2490 1791 2521 nl.

79 2518 306 2557 παρασκευάζεται
315 2520 350 2551 εἰς
361 2518 490 2556 πόλεμον,
503 2518 565 2547 Εἴτε
577 2518 654 2552 αὐλὸς
662 2541 669 2555 ,
681 2520 733 2549 εἴτε
743 2520 846 2560 κιθαρα,

77 2564 123 2593 ἐὰν
143 2563 281 2600 διαστολὴν
303 2568 355 2597 τοῖς
371 2564 467 2603 φθόγγσ
461 2576 491 2597 ις
506 2563 572 2602 μὴ
558 2566 608 2603 οῶ,
623 2566 679 2598 πῶς
693 2566 845 2604 γνωσθήσε-

866 2523 884 2545 Λ
901 2523 1005 2560 multa,
1030 2529 1062 2552 ut
1084 2529 1167 2561 puta,
1191 2531 1297 2561 genera
1326 2520 1491 2559 linguarum
1514 2527 1582 2549 sunt
1609 2524 1688 2550 in¹⁰·
1701 2521 1723 2545 8·
1736 2529 1759 2551 7

901 2568 1020 2603 mundo,
1029 2574 1057 2597 et
1072 2566 1215 2596 nillilsine
1229 2575 1300 2594 voce
1310 2570 1365 2594 est
1362 2566 1373 2584 9
1384 2565 1502 2594 Etenim
1511 2566 1535 2593 si
1547 2566 1638 2597 incer-
