1890 2826
268 197 309 232 16

262 271 378 300 mixtum
394 277 444 308 est,
459 270 498 301 sic
513 270 707 300 accusationem
721 269 887 299 accusatione
896 269 1004 308 gravio-

262 328 319 347 rem
339 317 448 347 faciens.
473 317 535 346 Non
548 317 619 346 enim
645 316 683 346 ita
705 315 873 356 exagitamus
893 326 938 345 eos
958 315 1004 354 qui

261 364 366 393 nullius
391 370 453 393 sunt
477 363 569 404 pretii,
593 363 732 402 vitamque
751 362 847 402 ignave
865 369 958 402 agunt,
971 369 1006 392 *ut

261 421 307 440 eos
320 410 368 449 qui
381 410 458 450 prius
470 410 580 439 virtutis
597 409 711 439 studiosi
726 407 897 445 videbantur,
915 415 942 438 et
952 409 1006 438 im-

261 457 409 497 proborum
421 456 547 496 deinceps
560 466 661 485 morem
679 455 784 494 sequuti
798 461 869 484 sunt.
881 454 1005 484 Meretri-

261 513 319 532 cem
327 510 418 532 autem
427 502 473 532 hic
483 509 570 538 vocat,
593 511 646 530 non
659 511 816 541 corpoream
829 499 1004 530 subindicans

261 548 400 578 lasciviam
411 571 420 586 ‚
438 547 486 578 sed
502 548 637 588 ingratum
664 557 727 587 erga
748 548 835 577 Deum
857 547 976 576 animum
994 569 1002 584 ‚

260 606 321 634 qua:
343 594 483 624 fornicatio
501 593 610 634 gravior
622 599 663 623 est
682 593 741 623 illa.
756 592 818 623 Illic
831 593 903 622 euim
923 592 1005 622 homo

260 641 424 672 contumelia
447 640 575 678 afficitur,
597 640 643 669 hic
666 641 741 669 Deus
759 639 948 669 contemnitur.
974 638 1006 668 ld

262 695 350 719 autem
362 695 388 718 et
402 688 447 718 hic
461 694 488 717 et
501 687 548 716 alii
561 697 652 716 omnes
663 685 800 727 prophetae
813 686 913 715 faciunt
925 685 1007 724 :quia

261 736 336 765 Deus
348 734 438 764 mariti
451 735 511 764 loco
524 734 589 763 huic
601 732 705 763 civitati
713 732 839 773 dignatus
849 739 888 762 est
898 732 1004 769 haberi,

262 781 426 811 ineffabilem
436 791 512 810 suam
525 791 588 820 erga
602 779 665 809 illos
682 779 853 809 dilectionem
866 788 1005 808 common-

261 835 366 858 strans:
382 827 478 866 illique
489 833 519 857 ut
530 826 564 856 de
578 825 637 856 viro
650 832 676 855 et
691 836 774 855 uxore
782 835 851 865 saepe
858 825 1004 864 loqueban-

260 880 314 911 tur,
329 884 382 902 non
395 873 465 903 utin
477 873 624 902 humanam
638 871 784 901 crassitiem
801 881 949 900 sermonem
961 870 1005 900 de

261 922 418 962 primercnt,
432 920 480 951 sed
499 927 530 950 ut
543 920 606 949 illos
622 931 670 960 per
683 930 725 949 res
743 919 793 948 sibi
805 918 949 948 familiares
969 918 1005 948 ad

260 967 440 1007 cognitionem
453 966 552 996 amoris
566 965 617 995 Dei
637 965 820 1002 deducerent3
850 964 929 994 simul
941 975 1004 994 vcro

261 1013 439 1053 turpitudinis
451 1011 630 1052 appellatione
649 1011 712 1040 illos
725 1011 855 1040 incessere
865 1010 1003 1040 volebant.

263 1060 376 1089 Fidelis
386 1073 400 1096 ;
419 1059 471 1089 hoc
499 1065 539 1088 cst
561 1057 624 1098 pia,
641 1063 668 1087 et
692 1056 766 1086 omni
792 1056 892 1086 virtute
913 1056 1002 1097 plena,

263 1106 335 1136 unde
353 1106 435 1135 etiam
453 1104 543 1145 palam
556 1110 595 1133 est
617 1114 681 1133 eum
702 1113 756 1132 non
774 1101 810 1132 de
833 1101 1006 1131 fornicatione

262 1165 390 1195 corporea
403 1153 496 1193 loqui;
508 1153 575 1182 alias
587 1152 659 1182 enim
669 1151 793 1189 dixisset,
807 1150 911 1182 Civitas
922 1157 1004 1189 casta;

262 1201 292 1231 id
304 1201 375 1231 enim
390 1200 484 1230 fuisset
495 1198 628 1229 meretrici
641 1198 795 1238 oppositum
812 1209 818 1226 :
833 1208 905 1226 nunc
917 1203 1007 1226 autem

262 1248 404 1278 ostendens
428 1258 456 1277 se
471 1258 520 1287 per
536 1243 738 1275 fornicationem
761 1244 932 1274 subindicare
953 1243 1005 1272 im-

263 1294 399 1335 pietatem,
418 1292 501 1322 fidem
520 1291 573 1332 ipsi
591 1290 771 1321 adversariam
788 1290 888 1330 posuit.
907 1290 1006 1319 Plena

259 1341 386 1381 judicii;
404 1339 434 1369 id
445 1346 496 1376 est,
512 1338 591 1379 plena
599 1337 720 1378 justitiae.
737 1338 843 1367 Rursus
855 1336 1004 1366 maximum

263 1387 376 1424 crimen,
391 1396 444 1415 non
455 1384 530 1425 quod
552 1384 588 1413 ad
601 1384 756 1414 universam
767 1382 913 1421 nequitiam
926 1382 1006 1412 defe-

262 1432 370 1469 cissent,
381 1432 428 1461 sed
437 1430 512 1471 quod
519 1430 670 1460 universam
677 1430 805 1460 virtutem
812 1427 1005 1468 prodidissent,

262 1485 289 1507 ct
302 1489 392 1508 omnes
405 1478 539 1507 bonorum
559 1476 670 1506 divitias
695 1475 835 1505 confertim
848 1485 863 1504 e
882 1474 1007 1503 manibus

263 1525 438 1564 abjecissent,
457 1523 493 1553 ad
506 1530 652 1553 extremam
671 1521 804 1551 malorum
824 1527 1006 1561 paupertatem

261 1570 370 1610 dejecti.
388 1572 427 1600 In
439 1580 500 1611 qua
508 1570 629 1610 justitia
640 1569 781 1608 requievit
790 1569 822 1595 in
833 1577 879 1596 ea.
894 1566 1006 1604 Mansit,

263 1616 372 1655 iuquit,
391 1616 533 1652 habitavit,
554 1615 584 1644 id
606 1621 663 1652 est,
687 1614 804 1654 plantata
825 1620 875 1649 oet,
903 1612 1007 1642 radices

264 1663 364 1703 posuit,
378 1674 441 1693 cum
453 1662 590 1692 alacritate
598 1661 632 1690 ab
643 1660 769 1690 omnibus
778 1660 884 1690 civibus
894 1670 1005 1689 exerce-

263 1709 352 1739 batur.
366 1710 398 1739 In
418 1708 555 1750 prioribus
582 1707 711 1737 laudibus
731 1706 904 1743 immoratur,
924 1706 1007 1735 simul

263 1765 364 1795 augens
392 1754 587 1785 accusationem
606 1753 641 1783 de
666 1752 812 1782 mutatione
827 1775 835 1790 ‚
861 1759 887 1782 et
908 1752 1006 1782 bonam

264 1812 339 1842 spem
362 1801 520 1842 subjiciens,
535 1800 727 1839 ostendensque
747 1799 826 1829 facile
844 1798 917 1839 ipsos
930 1809 1008 1839 posse

264 1849 290 1877 in
305 1848 448 1888 pristinum
469 1855 567 1878 statum
583 1846 699 1876 restitui.
714 1846 803 1876 Nunc
811 1852 908 1874 autem
917 1846 1007 1874 ineer—

253 1893 395 1933 fectores.
412 1892 571 1927 Homicidae,
581 1891 629 1920 ait.
644 1892 693 1920 22.
705 1890 871 1930 Argentum
878 1895 1008 1919 vestrum

262 1942 424 1980 reprobum.
450 1938 482 1968 Id
506 1945 556 1975 est,
578 1937 648 1966 male
661 1936 807 1976 signatum,
824 1935 1007 1975 illegitimum,

261 1987 371 2016 salsum.
398 1986 550 2025 Caupones
573 1985 615 2013 tui
642 1983 763 2012 miscent
785 1983 892 2011 vinum
917 1993 1006 2022 aqua.

263 2033 334 2070 Quia
348 2032 376 2061 in
400 2031 512 2061 exordio
525 2041 620 2060 eorum
635 2028 782 2068 nequitiam
802 2039 853 2057 non
868 2028 1007 2069 speciatim

263 2078 415 2112 recensuit;
440 2077 488 2107 sed
500 2077 538 2106 ait
558 2076 620 2106 illos
636 2074 816 2111 contemsisse,
836 2085 926 2104 semen
947 2076 1006 2104 im-

262 2126 378 2166 probum
403 2135 475 2162 csse,
489 2131 515 2153 et
528 2123 599 2153 filios
618 2123 742 2160 iniquos,
756 2121 830 2161 quod
853 2122 1007 2152 convicium

261 2172 405 2203 videbatur
415 2182 472 2201 esse
491 2170 592 2210 potius,
607 2179 687 2208 quam
703 2168 836 2197 accusatio
850 2179 857 2195 ε
872 2168 916 2198 hic
924 2179 1006 2198 accu-

262 2220 377 2249 sationes
399 2218 537 2259 speciatim
551 2217 683 2252 enuntiat,
704 2222 730 2245 ct
748 2215 848 2255 primo,
872 2215 945 2255 qnod
966 2223 1007 2246 est

261 2273 288 2295 ct
310 2266 429 2306 primum
453 2264 588 2293 malorum
606 2269 632 2292 et
654 2261 775 2291 medium
798 2268 825 2291 ct
841 2268 1004 2299 extremum,

261 2311 414 2347 avaritiam,
442 2317 468 2339 et
481 2309 552 2339 circa
565 2315 640 2349 pacta
654 2307 843 2348 cauponariam
862 2314 956 2337 artem.
974 2310 1008 2338 At

261 2357 373 2397 quidam
394 2355 556 2386 ineffabilem
580 2354 631 2383 'Dei
652 2353 810 2393 sapientiam
826 2363 878 2382 non
905 2353 1005 2383 intelli-

262 2411 363 2444 gentes,
371 2402 423 2432 hoc
446 2412 494 2442 per
507 2410 642 2440 anagogen
654 2399 757 2429 dictum
770 2407 940 2439 acceperunt.
952 2400 978 2430 N
979 2411 1009 2429 e—

262 2462 315 2491 que
336 2450 420 2487 enim,
442 2449 528 2486 aiunt,
549 2457 663 2486 magnus
678 2447 725 2476 ille
739 2453 765 2476 et
779 2446 906 2476 sublimis
927 2447 1009 2476 isaias

603 207 632 231 S.
661 207 802 232 JOANMS
832 208 1015 231 CHRYSOST.

295 2544 310 2562 b
326 2543 388 2575 Reg.
398 2545 449 2575 περὶ
459 2543 535 2570 αὑτοῦ,
547 2537 624 2563 male:
634 2542 685 2572 περὶ
695 2540 764 2567 αὐτήν
771 2536 858 2561 melius
868 2542 948 2562 esset:
962 2546 1021 2562 nam

263 2581 303 2606 hic
318 2581 350 2606 de
361 2581 464 2605 civitate
486 2579 606 2612 loquitur.
627 2576 677 2602 Sed
691 2580 743 2610 resp}
755 2579 833 2605 αὐτοὺς
846 2575 908 2601 bene
927 2576 1002 2602 habet
1014 2597 1019 2605 ,

263 2626 395 2653 possetque
407 2618 461 2644 haec
473 2617 627 2643 constructio
637 2615 759 2648 exemplis
771 2615 922 2640 confirmari.

1025 643 1043 664 1)

1023 1150 1042 1174 E

1020 1493 1044 1515 {4

1045 208 1198 232 anctum&
1226 210 1498 233 CONSTANTINOP.

1062 272 1162 299 ποιοῦν.
1178 271 1219 300 Οὐ
1231 270 1281 310 γὰρ
1294 270 1363 300 οὕτω
1375 263 1517 310 κακίζομεΑν
1531 270 1590 304 τοὺς
1601 271 1674 301 οὐδὲν
1686 272 1770 307 ὄντας,
1785 272 1829 301 καὶ

1061 317 1159 355 φαῦλον
1171 316 1308 355 μετιόντας
1324 316 1390 356 βίον,
1408 318 1445 350 ὡς
1460 316 1520 350 τοὺς
1532 317 1687 351 σπουδαίους
1701 317 1749 357 μὲν
1763 313 1830 347 εἶναι

1060 361 1182 396 δόξαντας
1195 362 1351 402 ἔμπροσθεν,
1365 361 1399 391 τὰ
1413 362 1440 392 δὲ
1454 365 1507 392 τῶν
1517 366 1638 403 πονηρῶν
1651 363 1759 404 ὕστερον
1771 365 1829 392 ἑπι-

1060 408 1251 447 δεικνυμένους.
1268 409 1373 449 Πόρνην
1388 409 1416 438 δὲ
1430 410 1541 439 ἐνταῦθα
1554 410 1648 445 καλεῖ,
1661 411 1690 439 οὗ
1705 422 1827 450 σωματι-

1059 453 1109 490 κὴν
1133 454 1271 494 ἀσέλγειαν
1294 454 1484 494 αἰνιττόμενος,
1511 455 1580 485 ἀλλὰ
1605 455 1653 492 τὴν
1675 456 1736 496 περὶ
1759 456 1828 485 Θεὸν

1060 500 1259 539 ἀγνωμοσύνην,
1275 500 1289 530 ὃ
1308 501 1430 541 πορνείας
1447 501 1549 537 ἐκείνης
1564 502 1620 532 ἐστὶ
1632 502 1830 542 χαλεπώτερον.

1059 545 1134 575 Ἐκεῖ
1160 546 1207 584 μὲν
1227 546 1278 586 γὰρ
1299 547 1434 586 ἄνθρωπος
1457 547 1642 587 ὗὸριζόμενος,
1664 550 1776 578 ἐνταῦθα
1800 547 1828 576 δὲ

1058 591 1126 626 Θεὸς
1145 595 1160 622 δ
1179 592 1358 632 ἄθετούμενος.
1378 595 1455 623 Ποιεῖ
1469 593 1496 623 δὲ
1516 595 1561 623 καὶ
1581 595 1644 624 αὐτὸ
1658 589 1731 628 οὗτος
1745 594 1790 623 καὶ
1803 595 1827 623 οἱ

1063 639 1140 668 ἄλλοι
1152 639 1250 673 πάντες
1263 641 1398 680 προφῆται
1408 652 1414 659 ·
1430 640 1521 677 ἐπειδὴ
1532 641 1578 670 καὶ
1588 643 1602 670 ὁ
1613 641 1682 675 Θεὸς
1699 641 1827 677 κατηξίω-

1059 696 1103 715 σεν
1116 686 1144 714 ἐν
1158 686 1250 725 ἀνδρὸς
1263 685 1335 719 τάξει
1353 687 1387 725 τῇ
1401 687 1477 716 πόλει
1497 686 1618 726 γενέσθαι
1627 709 1635 723 ,
1657 687 1706 723 τὴν
1727 687 1827 727 ἄφατον

1058 731 1164 771 ἀγάπην
1190 732 1239 768 τὴν
1261 732 1273 748 ¹¹
1283 732 1345 772 περὶ
1369 732 1462 766 αὐτοὺς
1488 733 1682 772 ἐνδεικνύμενος
1692 745 1699 752 ·
1722 734 1767 763 καὶ
1791 735 1827 766 ὡς

1057 777 1118 817 περὶ
1131 778 1223 818 ἀνδρὸς
1237 778 1281 807 καὶ
1299 778 1420 818 γυναικὸς
1433 780 1569 819 πολλαχοῦ
1584 779 1761 819 διαλέγονται,
1775 781 1826 819 οὐχ

1057 822 1102 853 ἵνα
1114 825 1150 857 εἰς
1160 824 1325 864 ἀνθρωπίνην
1334 824 1477 864 παχύτητα
1486 825 1664 864 κατενέγκωσι
1677 825 1721 855 τὸν
1736 825 1826 865 λόγον,

1057 870 1115 898 ἀλλ’
1131 869 1173 899 ἵνα
1187 869 1231 899 διὰ
1252 872 1304 899 τῶν
1328 870 1477 910 συντρόφων
1498 872 1588 904 αὐτοῖς
1604 871 1769 912 πραγμάτων
1782 872 1826 901 ἐπὶ

1058 914 1107 951 τὴν
1130 917 1227 955 γνῶσιν
1247 917 1296 951 τῆς
1314 919 1359 945 τοῦ
1387 918 1458 946 Θεοῦ
1472 917 1707 957 χειραγωγήσωσιν
1736 917 1829 951 αὐτοὺς

1056 961 1238 1002 φιλοστοργίας
1248 974 1256 980 ·
1269 965 1334 1001 ὁμοῦ
1350 962 1377 992 δὲ
1392 963 1436 992 καὶ
1455 965 1493 1003 τῷ
1507 966 1611 1004 αἰσχρῷ
1624 966 1671 1000 τῆς
1689 975 1824 1004 προσηγο-

1058 1007 1114 1047 ρίας
1136 1007 1303 1047 καθάψασθαι
1326 1008 1472 1048 βούλονται.
1499 1010 1588 1046 Πιστή
1600 1021 1607 1028 ·
1631 1010 1766 1039 τουτέστιν
1775 1032 1783 1046 ,
1806 1013 1823 1045 ἠ

1056 1052 1165 1089 εὖσεὸἢς
1185 1053 1230 1082 καὶ
1242 1053 1331 1089 πάσης
1344 1056 1440 1094 ἀρετῆς
1453 1054 1571 1094 γέμουσα
1582 1068 1588 1074 ·
1603 1055 1671 1085 ὥστε
1686 1058 1825 1086 κάντεῦθεν

1057 1099 1146 1136 δῆλον,
1157 1098 1197 1128 ὅτι
1210 1099 1331 1139 πορνείαν
1345 1101 1374 1129 οὖ
1390 1100 1439 1136 τὴν
1453 1103 1504 1130 τῶν
1520 1101 1651 1140 σωμάτων
1664 1101 1736 1141 λέγει
1748 1115 1754 1120 ·
1766 1103 1824 1132 ἐπεὶ

1058 1139 1129 1174 εἶπεν
1149 1144 1190 1182 ἂν,
1203 1145 1279 1178 πόλις
1291 1147 1308 1181 ἡ
1322 1145 1432 1186 σώφρων
1443 1158 1451 1165 ·
1464 1146 1532 1176 οὕτω
1548 1147 1598 1187 γὰρ
1611 1143 1644 1183 ἦν
1663 1148 1693 1178 τὸ
1706 1149 1824 1178 ἀντιδια-

1057 1190 1231 1230 στελλόμενον
1247 1193 1281 1231 ἰ-’ᾗ
1294 1191 1377 1232 πόρνῃ
1389 1204 1396 1210 ·
1415 1195 1460 1222 νῦν
1475 1192 1502 1221 δὲ
1517 1193 1630 1229 δεικνὺς,
1647 1193 1687 1223 ὅτι
1699 1193 1747 1230 τὴν
1761 1195 1824 1224 ἀσέ-

1058 1236 1130 1265 ὅειαν
1145 1236 1288 1266 αἰνίττεται
1312 1237 1355 1267 διὰ
1372 1239 1420 1274 τῆς
1439 1239 1577 1277 πορνείας,
1591 1239 1622 1269 τὸ
1646 1240 1824 1280 ἀντικείμενον

1057 1284 1123 1323 αὐτῇ
1135 1283 1243 1321 τέθεικε,
1254 1287 1265 1300 ⁰
1274 1284 1322 1319 τὴν
1331 1283 1430 1314 πίστιν.
1441 1285 1552 1325 Πλήρης
1563 1285 1686 1325 κρίσεως·
1695 1287 1824 1323 τουτέστι,

1055 1329 1159 1369 πλήρης
1179 1329 1352 1366 δικαιοσύνης.
1373 1330 1459 1360 Πάλιν
1483 1331 1606 1370 μέγιστον
1620 1331 1743 1371 ἔγκλημα
1754 1355 1762 1369 ,
1775 1335 1824 1372 οὐχ

1056 1376 1096 1405 ὅτι
1116 1375 1181 1415 πρὸς
1198 1375 1340 1416 ὁλόκληρον
1362 1376 1411 1412 τὴν
1430 1377 1526 1406 κακίαν
1545 1378 1741 1416 ηὐτομόλησαν,
1764 1380 1823 1408 ἀλλ’

1056 1423 1097 1452 ὅτι
1119 1422 1165 1451 καὶ
1186 1421 1328 1462 ὀλόκληρον
1347 1423 1499 1463 προέδωκαν
1522 1424 1570 1459 τὴν
1593 1424 1698 1464 ἀρετὴν,
1716 1425 1761 1454 καὶ
1779 1426 1823 1455 τὸν

1056 1469 1170 1498 πλοῦτον
1183 1468 1287 1498 ἅπαντα
1302 1470 1354 1498 τῶν
1373 1471 1476 1508 ἀγαθῶν
1489 1470 1580 1509 ἀθρόον
1595 1470 1648 1500 ἀπὸ
1661 1473 1714 1500 τῶν
1728 1473 1823 1511 χειρῶν

1023 1523 1043 1545 Δ
1059 1514 1187 1555 ῥίψαντες,
1200 1513 1244 1544 καὶ
1257 1514 1322 1554 πρὸς
1334 1514 1450 1554 ἐσχάτην
1460 1517 1512 1545 τῶν
1526 1518 1614 1545 κακῶν
1626 1518 1823 1557 κατενεχθέντες

1058 1560 1160 1590 πενίαν.
1171 1559 1217 1590 Ἐν
1230 1556 1249 1600 ᾗ
1260 1560 1411 1596 δικαιοσύνη
1425 1562 1551 1600 ἐκοιμήθη
1564 1563 1591 1591 ἓν
1605 1563 1682 1602 αὐτῇ.
1695 1564 1823 1600 Ηύλίσθη,

1058 1606 1136 1647 φησὶ,
1149 1606 1346 1642 κατεσκήνωσε,
1359 1606 1494 1645 τουτέστι,
1509 1608 1678 1648 πεφύτευται,
1690 1609 1823 1649 ε’ῤῥίζωτο,

1060 1652 1127 1692 μετὰ
1133 1652 1276 1693 προθυμίας
1287 1652 1338 1681 ὑπὸ
1346 1652 1452 1682 πάντων
1461 1656 1628 1693 κατωρθοῦτο
1636 1656 1689 1683 τῶν
1700 1657 1823 1685 πολιτῶν.

1059 1698 1234 1739 Ἐνδιατρίὸει
1251 1702 1306 1731 τοῖς
1318 1697 1459 1737 ἐγκωμίοις
1472 1703 1526 1732 τοῖς
1540 1700 1685 1740 προτέρως,
1700 1702 1765 1740 ὁμοῦ
1779 1702 1827 1741 μὲν

1059 1745 1142 1780 αὔξων
1161 1744 1209 1781 τὴν
1228 1743 1386 1783 κατηγορίαν
1400 1743 1449 1780 τὴν
1470 1746 1501 1773 ἐκ
1519 1747 1567 1780 τ’ἥς
1581 1746 1744 1784 μεταὸολῆς,
1760 1750 1829 1786 ὁμοῦ

1060 1790 1088 1820 δὲ
1102 1789 1220 1831 χρηστὰς
1232 1789 1373 1819 ὑποτείνων
1387 1789 1434 1823 τὰς
1449 1790 1556 1824 ἐλπίδας
1567 1814 1575 1828 ,
1590 1791 1636 1820 καὶ
1656 1792 1771 1828 δεικνὺς,
1785 1794 1827 1822 ὅτι

1061 1836 1148 1878 ῥᾴδιον
1161 1835 1255 1870 αὖτοὺς
1265 1835 1463 1871 ἀνακτήσασθαι
1475 1836 1566 1866 πάλιν.
1584 1838 1639 1867 Νῦν
1654 1837 1682 1867 δὲ
1694 1840 1825 1878 φονευταί.

1060 1882 1230 1924 Ἀνδροφόνοι,
1241 1881 1316 1923 φησί.
1330 1882 1370 1911 Τὸ
1381 1882 1504 1922 ἀργύριον
1519 1884 1593 1921 ὑμῶν
1606 1883 1740 1923 ἀδόκιμον.
1753 1887 1779 1914 Τ
1779 1897 1825 1915 ου-

1059 1929 1146 1965 τέοτι,
1163 1928 1331 1970 παράσημον,
1343 1927 1426 1963 νόθον,
1445 1928 1579 1964 κίὸδηλον.
1593 1930 1629 1958 Οἱ
1643 1930 1760 1966 κάπηλοί
1779 1943 1826 1961 σου

1025 1987 1044 2010 Β
1059 1975 1182 2015 μίσγουσι
1193 1974 1238 2004 τὸν
1253 1969 1320 2003 οἶνον
1333 1973 1417 2003 ὕδατι.
1429 1973 1539 2010 Ἐπειδὴ
1553 1976 1785 2015 προοιμιαζόμενος
1796 1979 1826 2007 οὔ

1049 2023 1117 2051 κατ’
1130 2015 1198 2054 εἶδος
1209 2015 1280 2050 εἶπεν
1289 2020 1375 2048 αὐτῶν
1384 2018 1433 2055 τὴν
1446 2019 1551 2056 κακίαν,
1564 2022 1622 2050 ἀλλ’
1631 2021 1670 2050 ὅτι
1683 2022 1824 2059 ἠθέτησαν,

1059 2067 1104 2097 καὶ
1115 2067 1156 2097 ὅτι
1169 2066 1275 2106 σπέρμα
1285 2065 1398 2105 πονηρὸν
1415 2060 1493 2101 ἦσαν,
1504 2066 1549 2095 καὶ
1561 2067 1611 2095 υἱοὶ
1626 2067 1728 2107 ἄνομοι,
1742 2069 1756 2098 ὃ
1767 2071 1824 2099 λοι-

1060 2113 1146 2153 δορίας
1156 2112 1239 2142 ἐδόκει
1251 2113 1361 2151 μᾶλλον,
1371 2110 1389 2147 ἢ
1399 2111 1558 2151 κατηγορίας
1568 2108 1647 2142 εἶναι’
1658 2115 1769 2144 ἐνταῦθα
1780 2116 1825 2145 καὶ

1059 2159 1126 2190 αὐτὰ
1136 2158 1223 2195 τίθησι
1237 2159 1296 2188 κατ’
1309 2153 1375 2191 εἶδος
1385 2157 1419 2187 τὰ
1436 2158 1591 2197 ἐγκλήματα
1599 2182 1607 2196 ,
1621 2159 1667 2189 καὶ
1677 2164 1793 2201 πρῶτον,
1811 2163 1825 2191 ὃ

1059 2205 1162 2247 πρῶτόν
1173 2206 1229 2235 ἐστι
1237 2203 1282 2234 καὶ
1293 2203 1373 2242 μέσον
1382 2203 1427 2233 καὶ
1438 2204 1587 2234 τελευταῖον
1600 2208 1653 2235 τῶν
1666 2209 1765 2243 κακῶν,
1776 2208 1824 2244 τὴν

1059 2250 1238 2293 φιλαργυρίαν,
1256 2249 1301 2279 καὶ
1313 2249 1361 2286 τὴν
1376 2249 1436 2290 περὶ
1452 2249 1486 2279 τὰ
1502 2250 1652 2289 συμόόλαια
1664 2254 1822 2289 καπηλείαν.

1060 2298 1139 2328 Ἀλλά
1145 2308 1212 2330 τινες
1221 2297 1237 2313 *
1245 2297 1274 2325 οὗ
1282 2294 1411 2328 συνιέντες
1420 2295 1468 2331 τὴν
1477 2295 1576 2335 ἄφατον
1587 2299 1632 2326 τοῦ
1642 2299 1712 2327 Θεοῦ
1721 2300 1825 2339 σοφίαν,

1060 2347 1119 2375 κατ’
1142 2341 1279 2383 ἀναγωγὴν
1299 2341 1330 2371 τὸ
1350 2341 1488 2381 εἰρημένον
1506 2342 1638 2376 ἔξέλαὸον.
1658 2345 1698 2374 Οὔ
1719 2346 1769 2386 γὰρ
1784 2346 1824 2383 ἂν,

1060 2394 1149 2436 φησὶν,
1161 2395 1176 2423 ὁ
1189 2393 1270 2433 μέγας
1282 2391 1327 2422 καὶ
1340 2391 1439 2432 ὖψηλὸς
1451 2391 1564 2426 ξΗσαΐας
1577 2393 1643 2434 ὑπὲρ
1661 2397 1824 2435 τραπεζιτῶν

1060 2443 1216 2485 κακουργίας
1225 2467 1233 2480 ,
1245 2439 1290 2473 καὶ
1307 2441 1434 2477 καπήλων
1447 2442 1584 2482 διαφθορᾶς
1599 2444 1720 2484 διελέχθη
1733 2457 1739 2463 ·
1756 2446 1825 2476 ἀλλὰ

1103 2544 1114 2556 e
1132 2534 1202 2561 Editi
1214 2533 1279 2560 male
1296 2539 1325 2568 τῇ·
1338 2537 1418 2560 πίστει.
1435 2528 1569 2559 Bavaricus
1584 2536 1681 2569 optimc
1695 2541 1735 2566 τὴν
1744 2542 1822 2563 πίστιν.

1104 2576 1116 2588 ⁸
1134 2578 1164 2601 Οὐ
1175 2578 1285 2603 συνιέντες.
1294 2571 1336 2598 Sic
1348 2573 1493 2597 Bavar'mus,
1505 2572 1644 2606 [Etlcbatur
1655 2575 1748 2600 omisso
1762 2588 1785 2602 ω
1799 2578 1807 2608 ]
