1890 2826
652 167 685 190 m
713 166 846 198 ιεΑιΑΜ,
875 167 952 190 CAP.
980 168 1030 190 111.
1574 158 1617 200 37

58 237 111 266 τοῖς
125 231 243 271 ματαίοις
258 231 343 260 αὐτῶν
357 230 401 259 καὶ
415 233 471 262 ταῖς
479 230 610 268 νυκτερίσι
619 252 626 265 ,
641 231 686 257 τοῦ
699 227 855 263 εἷσελθεῑνΙΟ
876 230 943 267 ipsis
954 236 985 258 ut
1000 231 1156 260 adorarent
1164 233 1268 260 inania
1279 240 1333 260 sua
1343 238 1370 260 et
1385 231 1616 270 vespertiliones,

59 279 96 311 εἷς
108 277 155 310 τὰς
168 276 275 317 στερεὰς
288 275 386 315 πέτρας
405 275 449 304 καὶ
463 276 499 308 εἰς
513 274 560 308 τὰς
573 274 689 315 σχισμὰς
711 276 763 303 τῶν
778 286 827 303 πε·-

59 325 128 363 τρῶν
143 322 196 352 ἀπὸ
213 321 355 362 προσώπου
369 323 414 351 τοῦ
427 320 508 361 φόὸου
521 321 630 360 Κυρίου,
650 320 695 349 καὶ
710 319 762 349 ἀπὸ
781 321 828 354 τ’ῆς

59 369 134 406 δόξης
147 371 195 405 τῆς
218 368 309 408 ἰσχύος
331 369 411 397 αὐτοῦ
420 390 428 405 ,
442 367 503 397 ὅταν
529 369 629 403 ἀναστῇ
650 368 761 406 θραῦσαι
779 365 827 401 τὴν

60 417 118 454 γῆν.
132 415 240 448 Ἱκανῶς
263 413 357 447 αὐτοὺς
379 413 557 454 ἐκωμῴδησε,
572 411 673 445 δεικνὺς
696 410 763 451 μετὰ
776 411 828 440 τῶν

59 463 125 491 θεῶν
143 460 354 502 κρυπτομένους,
369 460 414 489 καὶ
427 461 464 494 εἰς
476 459 524 496 τὴν
539 462 588 499 γῆν
605 457 828 497 καταδυομένους,

62 507 107 538 καὶ
121 507 180 537 οὔτε
199 507 247 543 τὴν
257 506 428 543 πολυτέλειαν
441 508 489 541 τῆς
509 505 574 542 ὕλης
587 505 697 546 ἀρκέσαι
710 516 736 533 τι
751 505 827 533 δυνα-

61 553 142 592 μένην
157 553 221 593 πρὸς
231 553 280 589 τὴν
291 552 459 591 ἐπικειμένην
469 552 615 592 συμφοράν.
628 550 790 590 Νυκτερίδας
802 550 828 579 δὲ

59 599 168 629 ἐκάλεσε
181 599 215 629 τὰ
229 599 341 635 εἴδωλα,
350 598 368 634 ἢ
379 598 422 628 διὰ
432 598 481 634 τὴν
499 598 645 634 ἀσθένειαν,
655 597 672 633 ἢ
687 597 731 626 διὰ
741 597 772 626 τὸ
782 598 829 632 τῆς

60 645 162 681 πλάνης
174 644 368 684 ἐσκοτισμένον,
382 644 427 674 καὶ
441 644 472 674 τὸ
489 644 577 674 πάντα
592 643 678 684 λάθρα
690 643 764 682 παρὰ
775 644 828 672 τῶν

61 692 190 731 δαιμόνων
203 691 377 731 πράττεσθαι.
394 690 499 731 Ὥσπερ
519 691 571 731 γὰρ
584 695 642 723 ταῖς
657 689 804 729 νυκτερίσιν
816 691 829 718 ὁ

63 737 110 776 μὲν
121 738 194 774 ἥλιος
204 737 330 776 πολέμιον
345 737 390 767 καὶ
403 737 434 766 τὸ
446 738 516 776 φῶς,
525 740 542 773 ἡ
558 736 585 766 δὲ
597 736 642 770 νὺξ
655 736 700 765 καὶ
719 735 749 765 τὸ
764 735 828 764 σκό-

62 794 104 817 τος
118 783 192 823 φίλον
201 794 208 801 ·
223 782 291 812 οὕτω
305 782 351 812 καὶ
364 787 418 816 τοῖς
431 785 443 799 ⁶
452 782 560 822 δαίμοσι
573 782 618 812 καὶ
632 785 686 815 τοῖς
700 782 744 810 ὑπ’
761 781 829 810 ἐκεί-

62 842 113 859 νων
134 829 315 868 πλανωμένοις
328 832 346 865 ἡ
359 828 475 869 πονηρία
496 829 543 868 μὲν
565 829 610 858 καὶ
634 827 667 857 τὰ
686 827 828 867 παράνομα

62 875 166 904 ἅπαντα
178 874 277 912 συνήθη
291 875 336 904 καὶ
349 875 430 915 φίλα,
456 875 539 916 ἐχθρὰ
554 874 582 904 δὲ
596 877 612 910 ἡ
637 873 718 914 ἀρετὴ
734 873 779 903 καὶ
795 873 828 903 τὰ

62 923 108 950 τοῦ
121 921 206 961 φωτὸς
216 920 295 961 ἔργα,
306 921 352 950 καὶ
371 921 533 961 λαμψάντων
547 922 644 956 αὐτῶν,
659 919 754 954 εὐθέως
768 931 829 949 σκο-

61 966 175 1001 τίζονται
183 989 192 1003 ,
201 968 230 996 οὗ
240 967 362 1006 δεομένου
373 970 418 996 τοῦ
433 968 460 996 ἐν
474 968 555 1007 ἀρετῇ
565 967 660 1000 ζῶντος
669 965 749 995 πόνου
763 965 833 998 τινὸς

62 1012 107 1042 καὶ
119 1013 250 1052 καμάτου.
269 1013 354 1054 Ἀρκεῖ
368 1013 419 1054 γὰρ
442 1015 555 1053 φανῆναι
570 1012 656 1051 μόνον,
682 1012 727 1041 καὶ
745 1011 832 1040 πάντα

22 1080 26 1086 .
61 1058 223 1088 ακαταλύσει
246 1061 343 1089 ἐκεῖνα.
359 1058 502 1089 Παύσασθε
518 1060 579 1097 ὑμῖν
595 1058 648 1087 ἀπὺ
663 1060 708 1086 τοῦ
730 1057 832 1096 ἀνθρώ-

62 1116 112 1134 που
121 1126 129 1140 ,
141 1100 171 1135 οἶ
185 1106 256 1134 ἐστιν
270 1105 388 1140 ἀναπνοὴ
403 1106 430 1133 ἐν
446 1106 560 1144 μυκτῆρι
579 1105 657 1144 αὐτοῦ
668 1115 674 1121 ·
689 1103 729 1132 ὅτι
740 1104 767 1131 ἐν
780 1102 832 1131 τίνι

63 1150 186 1189 ἐλογίσθη
200 1151 288 1183 αὐτοῖς
306 1146 398 1187 οὗτοςς
411 1149 543 1179 Ἐνταῦθά
558 1161 605 1188 μοι
618 1150 688 1178 δοκεῖ
699 1149 744 1178 τὸν
758 1149 831 1182 Ἐζε-

63 1196 125 1235 χίαν
138 1195 313 1232 αἰνίττεσθαι,
326 1197 356 1226 ἐκ
369 1198 414 1225 τοῦ
431 1195 503 1228 δέους
516 1195 561 1224 καὶ
580 1197 628 1230 τῆς
645 1195 745 1229 πολλῆς
759 1195 831 1233 ἀγω-

66 1241 122 1275 νίας
137 1241 202 1282 πρὸς
213 1241 327 1281 ἐσχάτας
348 1241 410 1271 ὄντα
424 1241 566 1274 ἀναπνοάς.
581 1240 660 1270 Ἐπεὶ
682 1236 726 1269 οῧν
740 1239 831 1279 ὥσπερ

64 1289 91 1317 ἐν
106 1288 219 1322 δικτύοις
229 1287 307 1317 αὐτὸν
319 1287 444 1321 λαὸόντες
456 1288 481 1316 οἱ
496 1286 640 1327 βάρὸαροι,
658 1286 761 1324 ἕτοιμον
776 1285 831 1315 ἐνό-

65 1335 138 1373 μιζον
155 1334 236 1374 θήραν
247 1333 330 1373 ἔχειν,
344 1333 388 1363 καὶ
400 1332 458 1362 οὐδὲ
470 1333 550 1363 πόνου
565 1333 665 1362 δεῖσθαι
678 1333 715 1366 εἷς
725 1332 774 1368 τὴν
783 1334 830 1367 τῆς
847 1335 866 1359 F·

63 1380 165 1413 πόλεως
178 1379 286 1416 ἅλωσιν,
300 1379 346 1409 καὶ
358 1378 407 1417 τὴν
429 1378 616 1418 αἰχμαλωσίαν
643 1377 691 1413 τὴν
714 1377 830 1414 ἐκείνου,

64 1426 161 1462 συνίὸη
175 1425 324 1455 τοῦναντίον
338 1430 392 1458 τοῖς
418 1424 567 1465 βαρὸάροις.
580 1423 632 1454 Διὰ
644 1423 722 1453 τοῦτό
747 1435 829 1464 φησι·

64 1472 206 1503 Παύσασθε
222 1472 274 1502 ἀπὸ
287 1474 333 1501 τοῦ
359 1470 510 1510 ἀνθρώπου,
524 1466 554 1499 οῧ
577 1471 647 1500 ἐστιν
663 1469 780 1505 ἀναπνοὴ
804 1471 830 1499 ἐν

65 1520 180 1558 μυκτῆρι
194 1519 287 1548 αὐτοῦ·
301 1517 342 1547 ὅτι
355 1518 382 1547 ἐν
408 1517 461 1545 τίνι
482 1515 604 1555 ἐλογίσθη
629 1517 717 1548 αὐτοῖς
742 1510 830 1551 οὗτος
847 1544 871 1562 3²

64 1564 218 1601 Τουτέστιν,
233 1566 260 1593 ἐν
275 1563 366 1594 οὐδενὶ,
374 1563 507 1602 ἐλογίσθη.
518 1562 571 1592 Καὶ
578 1562 629 1602 γὰρ
641 1563 676 1595 ὧς
689 1561 716 1595 ἐξ
728 1562 831 1601 ἐπιδρο-
848 1572 868 1594 Α

67 1611 119 1648 μῆς
131 1609 218 1639 πάντα
237 1609 355 1645 ἤλπισαν
369 1609 557 1648 ἀναιρήσεσθαι
566 1620 572 1625 ·
587 1607 663 1643 ἐξέὸη
687 1607 714 1636 δὲ
727 1608 832 1636 τοῦναν-

66 1654 121 1684 τίον
135 1655 218 1685 ἅπαν·
232 1655 278 1684 καὶ
290 1658 305 1685 ὁ
319 1654 401 1693 μηδὲν
415 1650 483 1683 εἶναι
495 1653 662 1692 νομιζόμενος
681 1653 745 1692 παρ’
760 1654 832 1691 ὑμῖν,

64 1701 122 1730 ἀλλ’
135 1701 372 1740 εὖκαταγώνιστος,
384 1696 458 1733 οὗτος
469 1699 653 1738 λαμπρότερος
663 1698 769 1727 πάντων
784 1710 832 1738 φα-

66 1751 147 1775 νεῖται
156 1769 164 1783 ,
178 1747 225 1781 τῆς
236 1746 308 1786 παρὰ
319 1749 364 1775 τοῦ
376 1747 446 1775 Θεοῦ
461 1744 600 1774 ἀπολαύων
619 1746 710 1783 ῥοπῆς.

356 1890 486 1920 ΚΕΦΑΛ
505 1888 539 1928 γ’.

107 1985 174 2015 Ἰδοὺ
185 1987 199 2014 ὁ
213 1984 350 2019 Δεσπότης
365 1983 462 2023 Κύριος
476 1981 591 2012 Σαὸαὼθ
605 1982 696 2021 ἀφελεῖ
711 1981 764 2011 ἀπὸ
785 1983 832 2017 τῆς

106 2031 235 2064 Ἰουδαίας
267 2030 313 2059 καὶ
344 2029 396 2058 ἀπὸ
429 2028 604 2069 Ἰερουσαλὴμ
632 2027 757 2067 ἰσχύοντα
788 2028 832 2056 καὶ

106 2077 256 2118 ἰσχύουσαν.

106 2168 234 2209 Καθάπερ
256 2168 343 2208 ἰατρὸς
364 2169 484 2208 ἄριστος,
499 2169 542 2196 νῦν
569 2166 616 2205 μὲν
639 2166 730 2202 καίων,
746 2168 790 2195 νῦν
804 2165 831 2196 δὲ

67 2214 178 2253 τίμνων,
186 2217 232 2244 νῦν
243 2214 271 2243 δὲ
285 2214 367 2255 πικρὰ
379 2213 465 2247 διδοὺς
478 2213 606 2253 φάρμακα
614 2235 621 2248 ,
635 2211 769 2251 μεθοδεύει
780 2214 832 2241 τῶν

68 2259 271 2299 ἅῤῥακτσῦντων
283 2259 332 2296 τὴν
345 2259 445 2299 ὑγίειαν
454 2271 460 2277 ·
475 2258 544 2288 οὕτω
557 2259 589 2294 δὴ
600 2258 644 2288 καὶ
657 2260 671 2287 ὃ
684 2257 832 2298 φιλάνθρω-

67 2317 117 2339 πος
129 2305 210 2341 Θεὸς,
223 2305 354 2339 ποικίλαις
364 2305 410 2335 καὶ
421 2305 553 2345 διαφόροις
566 2304 705 2343 τιμωρίαις
718 2304 748 2333 τὸ
758 2305 833 2344 διαῤ-

70 2351 127 2392 ῥίον
140 2351 185 2381 καὶ
199 2351 386 2385 ἀναπεπτωκὸς
396 2352 450 2380 τῶν
464 2351 596 2381 Ἰουδαίων
607 2349 777 2390 ἔπισφίγγων,
789 2353 832 2379 νῦν

69 2398 118 2436 μὲν
131 2399 164 2437 τῇ
181 2399 234 2427 τῶν
249 2396 388 2437 βαρὸἄρων
403 2396 488 2437 ἐφόδῳ
502 2396 577 2437 φοὸεἷ
590 2396 650 2429 τοὺς
668 2396 834 2436 ἀγνώμονας,

68 2445 112 2472 νῦν
129 2443 156 2472 δὲ
170 2443 214 2472 καὶ
229 2442 281 2482 πρὸ
293 2444 339 2478 τῆς
353 2442 457 2472 ἐκείνων
473 2442 613 2474 ἐπιθέσεως
631 2441 731 2481 ἑτέραις
745 2441 837 2475 αὐτοὺς

102 2535 112 2547 2
130 2528 199 2559 naec,
210 2529 299 2560 δαίμοσι
317 2530 353 2552 καὶ
363 2532 416 2558 τοῖς,
426 2526 559 2552 ‹leet-autin
569 2525 655 2551 Mon-et.
667 2524 717 2551 Sed
725 2534 755 2551 ex
764 2526 823 2559 neg,

71 2573 96 2592 et
106 2567 182 2593 Suvil¹
198 2566 313 2591 restituta
326 2572 392 2590 sum.
424 2572 453 2602 *χ

211 2610 285 2629 Tou.
310 2609 352 2627 vr.

877 277 927 304 21.
949 276 988 304 ad
1004 277 1223 317 ingrediendum
1243 279 1275 306 in
1288 277 1399 306 solidas
1419 283 1528 316 petras,
1543 282 1571 306 et
1585 278 1616 304 in

878 324 1016 351 scissuras
1025 328 1173 362 petrarum
1187 323 1298 364 asacie
1316 325 1426 352 timoris
1441 323 1574 360 Domini,
1590 329 1619 352 et

878 377 897 397 a
907 369 1002 408 gloria
1005 370 1197 411 fortitudinis
1213 371 1286 410 ejus,
1299 380 1365 399 cum
1378 372 1568 401 resurrexerit
1579 370 1619 398 ad

876 417 1094 454 percutiendam
1104 424 1220 447 terram.
1235 417 1306 448 Satis
1322 416 1443 446 traduxit
1464 427 1517 453 eos,
1534 423 1620 446 osten—

877 461 944 492 dens
955 462 1027 502 ipsos
1036 474 1098 493 cum
1105 464 1159 493 diis
1170 464 1226 493 suis
1240 463 1389 501 delituisse,
1402 470 1428 493 et
1442 464 1470 493 in
1482 471 1579 494 terram
1592 474 1620 492 se

877 507 1025 546 abdidisse,
1047 519 1131 548 neque
1153 512 1269 540 materiae
1291 510 1410 550 pretium
1430 509 1535 548 aliquid
1561 509 1620 548 opis

878 555 996 585 conferre
1031 556 1149 596 potuisse
1178 557 1334 587 imminente
1359 555 1518 585 calamitate.
1544 555 1620 585 Idola

879 612 961 641 porro
974 602 1176 642 vespertiliones
1190 603 1306 638 vocavit,
1320 602 1377 633 sive
1395 601 1431 631 ob
1448 600 1620 631 imbecillita-

879 654 942 684 tem,
958 647 1014 677 s1ve
1027 648 1062 677 ob
1075 648 1173 678 erroris
1183 648 1316 685 tenebras,
1328 654 1354 678 et
1365 647 1429 687 quia
1438 647 1527 677 omnia
1539 658 1554 676 a
1567 646 1621 676 dae-

878 694 1004 723 monibus
1029 695 1098 724 clam
1124 702 1262 734 geruntur.
1286 693 1521 732 Quemadmodum
1550 694 1620 723 enim

879 741 1115 780 vespertilionibus
1129 741 1169 778 sol
1186 741 1311 770 inimicus
1329 748 1368 770 est
1387 747 1412 770 et
1433 740 1482 770 lux
1505 751 1620 779 quoque,

879 797 934 815 nox
944 793 1033 816 autem
1046 794 1072 816 et
1080 787 1194 816 tenebrae
1206 787 1297 817 amicae
1308 793 1371 816 sunt
1387 799 1392 815 :
1409 787 1448 816 sic
1461 793 1487 816 et
1497 786 1624 815 daemoni-

879 833 939 869 bus,
952 841 978 863 et
991 834 1024 863 iis
1034 845 1102 872 quos
1112 834 1140 863 in
1152 844 1270 863 errorem
1281 833 1461 870 deduxerunt,
1472 832 1589 871 nequitia
1597 839 1622 861 ct

880 880 971 919 iniqua
980 881 1070 910 omnia
1079 880 1221 910 familiaria
1228 888 1290 910 sunt
1299 887 1325 910 et
1334 878 1430 915 amica,
1440 881 1527 909 virtus
1533 886 1621 908 autem

880 934 906 956 et
919 937 997 966 opera
1012 927 1081 956 lucis
1100 927 1207 957 inimica
1224 934 1295 964 sunt,
1309 927 1395 965 iisque
1408 925 1621 965 splendentibus,

881 974 970 1003 statim
990 974 1032 1002 illi
1045 973 1263 1010 obtenebrantur,
1275 983 1336 1001 cum
1353 980 1444 1002 contra
1458 973 1481 1001 is
1494 972 1542 1011 qui
1563 973 1621 1001 vir-

881 1025 937 1048 tute
949 1018 1078 1058 praeditus
1091 1018 1161 1048 vivit
1172 1018 1248 1047 nullo
1262 1018 1354 1048 labore
1370 1018 1414 1048 vel
1425 1017 1523 1047 sudore
1536 1025 1620 1057 egeat.

881 1065 988 1094 Sufficit
996 1065 1067 1094 enim
1076 1072 1106 1094 ut
1116 1065 1163 1094 ille
1169 1069 1305 1105 appareat,
1310 1066 1453 1104 omniaque
1460 1065 1508 1094 illa
1527 1065 1623 1094 dissol-

882 1117 993 1140 vuntur.
1002 1112 1050 1140 aa.
1062 1111 1205 1149 Quiescite
1214 1112 1298 1140 vobis
1307 1107 1343 1140 ab
1354 1112 1482 1145 homine,
1491 1113 1573 1151 cujus
1581 1117 1623 1140 est

882 1158 1032 1196 respiratio
1048 1158 1081 1184 in
1092 1157 1212 1185 naribus
1233 1157 1321 1196 ejus.-
1338 1158 1409 1196 quia
1425 1159 1456 1186 in
1476 1167 1533 1197 quo
1554 1158 1623 1196 ipsis

881 1209 1030 1243 reputatus
1049 1208 1093 1231 est
1114 1204 1181 1231 hic?
1201 1203 1252 1232 Hic
1265 1203 1333 1232 mihi
1352 1203 1462 1233 videtur
1481 1204 1624 1234 Ezechiam

881 1249 1062 1287 subindicare,
1076 1249 1124 1288 qui
1146 1259 1200 1289 prae
1216 1249 1311 1279 timore
1329 1257 1354 1280 et
1372 1261 1473 1291 angore
1490 1257 1624 1281 extremos

881 1296 982 1325 halitus
1002 1296 1121 1325 afflabat.
1144 1295 1216 1333 Quia
1236 1296 1319 1335 igitur
1337 1296 1445 1326 barbari
1465 1307 1527 1326 eum
1547 1299 1623 1336 quasi

881 1342 984 1371 retibus
994 1342 1170 1382 interceptum
1178 1341 1313 1378 habentes,
1321 1349 1440 1382 paratam
1449 1342 1500 1371 sibi
1507 1342 1624 1383 praedam

882 1396 970 1418 tenere
982 1388 1125 1428 putabant,
1141 1398 1227 1426 neque
1245 1387 1298 1417 sibi
1319 1388 1410 1418 labore
1426 1399 1495 1428 opus
1513 1399 1570 1419 esse
1590 1389 1623 1418 ad

882 1435 977 1465 urbem
987 1434 1154 1475 capiendam,
1166 1441 1192 1464 et
1202 1445 1265 1464 eum
1279 1434 1416 1474 captivum
1426 1434 1623 1470 abducendum,

883 1481 1047 1514 contrarium
1065 1480 1191 1510 barbaris
1209 1480 1320 1510 aceedit.
1338 1480 1403 1511 Ideo
1415 1481 1464 1518 ait,
1481 1482 1625 1520 Quiescite

884 1529 920 1557 ab
930 1528 1057 1564 homine,
1066 1528 1150 1566 cujus
1158 1532 1201 1555 est
1208 1528 1358 1565 respiratio
1368 1529 1400 1555 in
1410 1528 1530 1557 naribus
1541 1529 1602 1567 ejus
1615 1540 1622 1555 .—

884 1575 955 1614 quia
967 1575 998 1603 in
1015 1583 1072 1613 quo
1087 1575 1156 1612 ipsis
1176 1579 1324 1612 reputatus
1342 1580 1385 1602 est
1399 1574 1447 1602 hic
1457 1575 1472 1604 P
1485 1573 1518 1603 Id
1531 1581 1581 1611 est,
1594 1574 1622 1602 in

883 1621 959 1650 nullo
970 1627 1107 1660 reputatus
1117 1626 1166 1649 est.
1179 1619 1287 1649 Etenim
1295 1620 1371 1658 quasi
1383 1630 1431 1660 per
1438 1620 1623 1649 excursionem

884 1677 911 1696 se
925 1667 1014 1696 omnia
1035 1666 1187 1695 sublaturos
1201 1675 1257 1695 esse
1279 1666 1435 1705 sperabant;
1451 1665 1498 1695 sed
1517 1673 1622 1695 contra-

883 1713 957 1742 rium
978 1721 1088 1751 prorsus
1106 1711 1220 1749 accidit5
1241 1717 1267 1740 et
1279 1711 1357 1750 quia
1370 1712 1447 1741 vobis
1465 1722 1514 1752 pro
1536 1712 1623 1741 nihilo

884 1757 1056 1797 reputabatur
1081 1763 1288 1795 expugnataque
1313 1756 1409 1794 facilis,
1438 1757 1489 1786 Dei
1521 1757 1623 1786 auxilio

884 1805 976 1840 fretus,
989 1803 1109 1832 omnium
1122 1801 1356 1842 splendidissimus
1366 1803 1514 1843 apparebit.

1158 1896 1282 1926 CAPUT
1302 1896 1353 1925 111.

886 1988 915 2015 1.
939 1984 1009 2014 Ecce
1028 1982 1186 2012 nominator
1196 1981 1329 2011 Dominus
1343 1972 1461 2011 Sabaoth
1476 1982 1575 2012 auferet
1591 1982 1624 2011 de

925 2030 1018 2061 Judaea
1031 2035 1057 2058 et
1067 2028 1101 2058 de
1114 2027 1262 2058 Jerusalem
1279 2026 1399 2057 validum
1414 2034 1439 2057 et
1453 2027 1581 2058 validam.

926 2173 954 2200 1.
979 2167 1214 2207 Quemadmodum
1242 2167 1360 2206 optimus
1390 2166 1520 2204 medicus,
1546 2166 1626 2196 modo

887 2226 977 2254 urens,
991 2214 1072 2245 modo
1081 2224 1181 2251 secans,
1190 2213 1270 2243 modo
1277 2223 1366 2242 amara
1377 2213 1487 2242 afferens
1497 2212 1625 2249 remedia,

885 2269 1047 2303 aegrotorum
1057 2259 1164 2291 sanitati
1176 2266 1232 2289 arte
1244 2259 1374 2300 prospicit
1387 2270 1394 2293 3
1407 2259 1445 2289 sic
1453 2266 1479 2288 et
1495 2259 1627 2298 benignus

885 2311 971 2347 Deus,
980 2307 1063 2339 variis
1075 2314 1100 2336 et
1113 2305 1227 2336 diversis
1238 2304 1390 2345 suppliciis,
1401 2304 1475 2343 quod
1488 2304 1627 2334 diffluebat

886 2363 912 2386 et
923 2355 1029 2395 lapsum
1048 2359 1105 2382 erat
1118 2350 1192 2392 apud
1209 2350 1318 2381 Judaeos
1340 2350 1532 2390 constringens,
1547 2348 1626 2379 modo

886 2401 1065 2431 barbarorum
1082 2396 1233 2427 incursione
1252 2397 1370 2435 ingratos
1387 2395 1534 2429 terrefacit,
1546 2394 1626 2423 modo

888 2454 948 2477 ante
963 2446 1074 2475 illorum
1094 2443 1258 2473 invasionem
1277 2441 1337 2470 aliis
1355 2441 1416 2470 illos
1429 2440 1626 2469 interminatio-

908 2525 921 2544 ἃ
938 2525 999 2556 Reg.
1015 2525 1147 2553 καταλῦσαι,
1159 2524 1212 2553 ([υἳε
1224 2519 1297 2544 lectio
1308 2526 1358 2543 non
1371 2517 1520 2549 spernenda.

1453 2590 1473 2625 4
