1890 2826
253 164 323 209 548

253 237 354 277 prodiit
375 237 417 266 ico
440 237 560 276 rugiens,
583 243 630 267 aut
651 247 737 276 equus
760 246 880 274 currens,
892 243 939 266 aut
948 236 997 266 bos

252 284 414 320 laboriosus,
427 290 475 313 aut
492 283 605 313 sarcinis
627 290 707 324 aptus
723 282 836 312 asinus?
857 282 929 312 unde
939 283 997 312 ani-

253 329 366 360 malium
378 330 534 359 differentiae
544 330 558 359 ἱ)
568 329 640 359 unde
652 340 687 359 ex
699 329 817 359 inanima
829 335 869 359 tot
879 329 996 359 animae?

253 377 310 406 Nec
323 376 407 416 pudet
426 374 670 415 haereticos,.quod
685 374 803 405 inanima
821 381 891 405 terra
914 385 996 414 quam

950 175 1130 199 SEVERIAM

1052 237 1152 278 ἄψυχος
1164 240 1199 277 γῆ
1211 238 1290 267 πόθεν
1307 243 1386 278 γεννᾷ
1397 238 1486 279 ψυχὴν
1502 240 1602 276 ζῶσαν;
1614 239 1693 270 πόθεν
1706 242 1822 281 προῆλθε

1050 283 1117 313 λέων
1137 283 1323 324 βρυχώμενος,
1336 283 1354 319 ἢ
1366 283 1447 318 ἵππος
1460 283 1572 325 τρέχων,
1583 284 1601 321 ἢ
1617 287 1679 325 βοῦς
1691 287 1820 326 ἐργάτης,

1050 329 1068 364 ἢ
1083 329 1228 370 ἀχθοφόρος
1241 330 1313 366 ὄνος;
1328 329 1407 360 πόθεν
1421 331 1447 360 αἱ
1468 331 1589 372 διαφοραὶ
1600 333 1653 361 τῶν
1671 331 1758 369 ζώων;
1772 333 1820 362 πό-

1051 378 1093 405 θεν
1106 377 1137 405 ἐκ
1150 379 1198 412 τῆς
1214 375 1318 416 ἀψύχου
1338 379 1466 406 τοσαῦται
1477 377 1578 417 ψυχαί;
1593 378 1647 408 Καὶ
1659 379 1708 408 οὐκ
1723 378 1820 418 αἰσχύ-

109 432 246 454 Aria-:orum
253 433 307 453 non
329 423 410 453 habet
432 423 549 452 animam
572 423 688 463 proferat
700 434 709 461 ;
724 423 812 452 Deum
835 433 899 453 vero
911 422 935 452 si
948 433 994 462 ge·
1004 445 1041 466 4⁵⁹
1051 433 1139 451 νονται
1151 423 1290 461 αἱρετικῶν
1303 423 1405 457 παῖδες,
1417 422 1459 453 ὅτι
1468 425 1485 459 ἡ
1501 423 1549 462 μὲν
1562 424 1664 464 ἄψυχος
1676 426 1711 463 γῆ
1723 423 1757 460 ἣν
1772 425 1820 454 οὐκ

252 470 343 499 nuisse
355 469 466 498 audiant
475 479 509 498 ex
520 469 630 509 propria
640 468 800 506 substantia,
813 468 903 498 statim
915 469 996 498 ratio-
1012 477 1032 495 Α
1051 466 1106 507 ἔχει
1119 467 1245 508 προφέρει
1266 468 1371 508 ψυχήν·
1390 469 1459 499 Θεὸν
1483 468 1510 499 δὲ
1532 469 1577 499 ἐὰν
1599 470 1762 507 ἀκούσωσιν,
1779 471 1820 501 ὅτι

106 462 215 493 objectio-

133 502 142 516 ³

252 515 385 545 ciniorum
398 514 480 544 tricas
493 522 628 552 moveant,
642 521 669 545 et
681 515 795 545 inferant
810 527 817 544 ι
833 514 906 554 Ergo
919 514 994 544 divi-

251 571 297 590 sus
311 568 360 597 est,
379 570 442 600 ergo
455 560 597 596 dissectus,
613 571 678 601 ergo
691 571 786 602 passus
797 567 846 597 est,
856 567 883 590 et
895 560 995 590 similia

251 618 310 646 quae
320 607 410 636 dicere
423 606 518 636 solent.
534 608 628 646 Neque
639 608 713 637 enim
724 608 862 648 praesentis
873 614 913 637 est
925 614 994 637 tem-

250 653 324 693 poris
341 653 431 682 omnia
451 664 512 692 quae
531 660 623 683 contra
636 654 822 694 Unigenitum,
834 654 888 684 imo
903 661 992 684 contra

249 710 325 729 suam
338 699 450 729 salntem
461 699 565 735 dicunt,
578 701 727 730 confutare.
742 701 815 730 Deus
828 701 900 730 enim
911 711 958 729 nec
971 701 993 730 si

249 745 385 783 laudetur,
400 745 505 785 aliquid
518 746 588 776 lucri
606 746 731 787 percipit,
748 756 796 776 nec
807 747 830 776 si
843 746 993 776 maVedictis

247 794 404 834 impetatur,
427 794 532 833 aliquid
553 794 645 824 damni
662 807 670 824 ε
686 795 739 824 nisi
756 795 867 825 fortasse
879 795 992 830 dixeris,

247 840 362 870 salutem
382 847 500 870 nostram
522 840 628 870 lucrum
647 851 704 871 esse
714 841 776 871 Dei.
797 842 858 881 lpse
877 851 993 880 namque

247 886 344 926 plenus
367 893 407 916 est
427 886 500 915 omni
521 886 609 924 bono,
630 887 759 926 nullaque
783 897 812 916 re
834 893 894 926 eget
914 899 921 916 :
944 886 991 926 qui

1050 513 1186 551 ἐγέννησεν
1200 515 1231 543 ἐκ
1245 516 1294 550 τῆς
1307 514 1374 548 ἰδίας
1387 514 1476 549 οὐσίας
1483 537 1494 550 ‚
1507 514 1601 549 εὐθέως
1619 518 1672 546 τῶν
1685 517 1819 556 λογισμῶν

1049 558 1096 593 τὰς
1111 560 1212 593 πλοκὰς
1222 562 1233 576 “
1242 562 1351 596 κινῶσι,
1366 560 1411 590 καὶ
1424 561 1600 601 ἕπεισάγωσιν
1609 573 1617 582 ·
1630 564 1723 592 οὐκοῦν
1735 562 1815 602 ἐτμή-

1049 607 1081 642 θη
1092 628 1100 643 ,
1119 606 1214 635 οὐκοῦν
1228 606 1336 646 διῃρέθη
1345 629 1353 642 ,
1371 608 1464 637 οὐκοῦν
1477 607 1571 644 ἔπαθε,
1590 607 1637 638 καὶ
1649 611 1758 638 τοιαῦτα
1770 608 1820 639 ὅσα

1048 651 1104 685 ἔθος
1118 653 1207 685 αὐτοῖς
1216 652 1312 689 λέγειν.
1330 654 1371 682 Οὖ
1385 652 1436 693 γὰρ
1453 656 1499 683 τοῦ
1512 653 1642 694 παρόντος
1656 654 1713 684 ἐστὶ
1726 657 1818 695 καιροῦ

1047 703 1114 728 πᾶσι
1133 702 1188 731 τοῖς
1206 700 1269 738 παρ’
1285 700 1371 728 αὐτῶν
1387 699 1538 739 λεγομένοις
1550 700 1620 730 κατὰ
1638 703 1685 730 τοῦ
1699 702 1818 741 Μονογε-

1047 746 1106 777 νοῦς
1119 743 1259 780 ἐπεξιέναι,
1270 746 1369 783 μᾶλλον
1383 745 1411 775 δὲ
1424 744 1494 775 κατὰ
1504 747 1552 782 τῆς
1564 747 1663 775 ἑαυτῶν
1675 746 1816 786 σωτηρίας.

1047 789 1118 819 Οὔτε
1129 790 1181 830 γὰρ
1190 790 1388 830 εὐφημούμενος
1401 791 1532 831 κερδαίνει
1542 792 1619 827 Θεὸς,
1629 791 1688 822 οὔτε
1699 794 1820 834 βλασφη-

1047 835 1177 874 μούμενος
1192 836 1340 875 βλάπτεται
1353 836 1458 871 πάντως
1467 849 1474 856 ·
1489 839 1511 867 εἰ
1525 837 1563 876 μὴ
1578 838 1610 868 ἄν
1621 850 1662 873 τις
1674 839 1745 879 τάχα
1757 838 1819 879 κέρ-

1047 881 1090 914 δος
1110 881 1183 921 λέγοι
1200 883 1271 912 Θεοῦ
1287 882 1336 918 τὴν
1354 883 1487 923 ἡμετέραν
1509 884 1651 924 σωτηρίαν.
1671 885 1754 919 Αὐτὸς
1767 885 1819 925 γὰρ

246 942 337 961 omnes
349 931 426 968 ditet,
436 931 566 971 nulloque
574 942 643 972 opus
653 933 760 962 habeat.
773 932 920 963 Enimvero
930 932 992 971 quis
1009 930 1028 954 Β
1046 926 1150 967 πλήρης
1170 927 1227 957 ἐπὶ
1243 928 1341 962 παντὸς
1363 930 1477 967 ἀγαθῶ,
1499 929 1622 966 ἀνενδεὴς
1645 930 1772 971 ὑπάρχων
1790 932 1819 961 ἓν

245 977 351 1008 dederit
366 977 506 1018 quidpiam
519 977 556 1015 ei,
571 978 620 1017 qui
638 978 759 1008 omniurn
779 984 819 1007 est
832 979 890 1008 fons
902 978 991 1007 bono-
1047 973 1161 1002 ἅπασιν·
1176 973 1254 1007 αὐτὸς
1277 973 1325 1012 μὲν
1344 974 1446 1008 πάντας
1467 975 1629 1012 πλουτίζων,
1655 977 1766 1015 μηδενὸς
1789 977 1818 1007 δὲ

248 1036 319 1062 rum,
332 1036 367 1054 ex
379 1025 457 1064 cujus
469 1025 550 1054 unius
563 1025 727 1064 benignitate
738 1025 827 1055 omnia
839 1024 990 1065 pendeant?

96 1073 237 1103 Ps·¹03-²7-
246 1071 482 1109 Quemadmodum
496 1071 532 1100 ait
549 1071 640 1102 David
655 1084 663 1101 ε
679 1072 786 1101 Omnia
801 1072 842 1100 ad
852 1078 880 1100 te
890 1082 990 1111 exspe-

97 1120 236 1150 Ps.1l,4.16.
248 1124 340 1147 etant.
355 1119 462 1157 Aperis
479 1125 510 1147 tu
521 1129 640 1148 manum
650 1125 741 1155 tuam,
752 1125 781 1148 et
793 1119 896 1158 imples
905 1129 991 1149 omne

1045 1018 1245 1058 προσδεόμενος.
1264 1019 1361 1059 Ὅμως
1385 1020 1412 1049 τί
1431 1020 1484 1061 γὰρ
1503 1021 1534 1051 ἄν
1554 1034 1594 1056 τις
1615 1022 1660 1052 καὶ
1676 1023 1733 1059 δοίη
1756 1022 1817 1064 ”sifi

1045 1063 1150 1094 πάντων
1162 1066 1215 1094 τῶν
1228 1066 1332 1104 ἀγαθῶν
1343 1069 1418 1107 πηγῇ
1429 1069 1586 1104 καθεστῶτι,
1599 1064 1630 1098 οὗ
1641 1069 1719 1108 μόνον
1730 1070 1817 1100 πάντα

1044 1112 1092 1146 τ’ἠς
1106 1110 1302 1151 φιλανθρωπίας
1316 1111 1475 1152 ἐξήρτηται;
1490 1113 1586 1147 Καθώς
1599 1125 1679 1155 φησιν
1692 1117 1706 1144 ὁ
1719 1116 1817 1146 Δαυίδ·

246 1165 360 1194 animal
378 1165 585 1194 benedictione.
601 1164 656 1195 Sed
669 1176 749 1204 quem
764 1165 882 1204 aggressi
895 1176 990 1195 sumus

245 1220 396 1240 sermonem
409 1210 444 1239 ad
461 1210 541 1239 finem
559 1210 701 1240 ducamus.
717 1212 776 1240 Hoc
788 1211 859 1240 enim
872 1218 898 1240 et
913 1211 990 1240 nobis

245 1263 351 1295 gratum
365 1262 414 1291 est,
430 1262 456 1285 et
468 1256 535 1285 ordo
554 1257 682 1296 postulat.
705 1256 738 1286 Id
759 1257 832 1295 quod
846 1267 899 1286 non
911 1257 991 1286 habet

245 1310 314 1332 terra
331 1303 444 1342 profert,
465 1303 584 1342 jubentis
607 1303 721 1343 imperio
744 1303 909 1342 obsequens;
923 1310 949 1333 et
961 1303 991 1333 id

245 1343 408 1387 quod'habet
415 1348 510 1379 divina
517 1355 543 1377 ct
551 1349 703 1378 intemerata
715 1355 810 1378 natura
821 1359 872 1378 non
884 1349 990 1389 gignit?

245 1396 350 1424 Verum
372 1405 404 1424 ne
425 1395 487 1433 quis
508 1404 615 1424 rursum
635 1405 727 1424 vocem
751 1395 849 1424 habere
873 1395 991 1425 humano

244 1440 358 1480 accipiat
373 1451 446 1470 more
459 1440 551 1470 dicens
567 1452 574 1468 :
590 1439 689 1470 Viden'
711 1440 846 1479 quomodo
868 1441 927 1481 ipse
938 1440 991 1471 do-

246 1494 304 1516 ctor
322 1486 481 1516 concesserit
502 1488 607 1516 Patrem
630 1486 702 1516 Filio
722 1487 840 1527 priorem
853 1487 930 1518 esse?
943 1487 991 1517 sed

246 1533 336 1574 potius
354 1533 470 1562 sermoni
485 1532 592 1562 veniam
611 1533 726 1571 tribuas,
741 1544 803 1563 cum
817 1533 939 1564 homines
950 1534 991 1564 si-

246 1590 317 1616 mus,
336 1579 461 1618 luteaque
481 1579 575 1618 lingua
597 1586 716 1616 utamur,
737 1587 816 1619 atque
835 1580 993 1610 hominibus

245 1626 328 1655 verba
339 1625 468 1655 faciamus
479 1624 514 1653 de
527 1624 619 1654 divina
633 1635 793 1665 omnemque
806 1627 935 1656 rationem
949 1639 993 1658 su-

245 1678 354 1712 perante
366 1678 473 1700 natura.
489 1670 617 1701 Homines
627 1671 699 1700 enim
710 1682 771 1700 cum
785 1672 881 1710 simus,
895 1680 926 1703 ut
938 1667 992 1705 iio-

246 1718 331 1747 mines
343 1717 419 1756 loqui
433 1716 588 1747 didicimus.
611 1718 671 1746 Non
686 1717 758 1746 enim
781 1719 869 1748 sciunt
887 1720 990 1757 miseri,

245 1774 274 1793 se
294 1763 328 1793 de
342 1765 399 1793 Deo
418 1762 558 1796 disserere,
579 1763 663 1792 verba
682 1764 855 1802 proferentes,
875 1776 935 1804 quae
957 1767 992 1797 de

245 1811 303 1839 Deo
313 1809 402 1839 dicere
416 1819 468 1838 non
483 1814 688 1837 consentaneum
702 1816 751 1838 est.
769 1810 804 1839 Et
819 1810 880 1840 vide
898 1823 991 1842 eorum

244 1855 389 1886 vafritiem.
403 1856 472 1885 Cum
489 1854 650 1893 quaestiones
663 1862 827 1894 proponunt,
846 1867 880 1886 ex
891 1857 991 1888 huma-

245 1902 287 1931 nis
300 1901 448 1940 loquuntur
467 1901 628 1937 ratiociniis;
646 1901 763 1941 exempii
785 1913 864 1932 causa
881 1916 888 1933 :
904 1906 992 1935 Omne

245 1947 319 1985 quod
347 1947 477 1987 gignitur,
498 1946 635 1985 inquiunt,
656 1947 800 1977 exsistendi
825 1949 991 1990 principium

245 1994 336 2022 habet.
354 1993 494 2023 Undenam
508 1992 594 2022 vero?
610 1992 704 2022 Statim
720 2003 868 2033 reponunt:
884 1997 928 2025 Tu
942 1997 990 2036 qui

244 2046 322 2068 natus
334 2049 373 2074 es,
388 2049 475 2068 annon
493 2038 659 2078 principium
680 2040 815 2070 habuisti:
837 2052 902 2071 num
916 2050 991 2082 pater

245 2085 328 2114 tuus?
344 2095 409 2114 num
430 2095 497 2114 avus
518 2084 604 2114 tuus?
624 2085 654 2114 Si
678 2086 796 2125 proferas
814 2087 855 2116 illi
875 2099 910 2118 ex
930 2088 990 2129 ipso

245 2144 339 2163 eorum
349 2132 489 2162 ratiocinio
502 2132 631 2161 rationem
643 2132 734 2170 aliam,
748 2144 808 2172 quae
821 2134 945 2165 insanum
958 2137 990 2166 il-

245 2180 299 2209 lius
322 2185 502 2209 commentum
520 2178 604 2218 possit
622 2178 746 2216 obruere,
760 2181 850 2210 statim
872 2183 990 2222 captiose

245 2226 312 2255 dicit
327 2238 335 2254 .-
351 2227 391 2255 De
406 2227 463 2255 Deo
476 2225 578 2265 agitur,
605 2231 630 2254 et
648 2225 765 2254 humana
788 2227 857 2256 mihi
882 2229 989 2259 ratioci-

244 2273 289 2302 nia
302 2272 427 2302 inducis?
440 2278 467 2301 et
480 2272 522 2301 illi
543 2270 652 2310 quidem
670 2271 787 2301 radicem
807 2274 940 2305 malorum
954 2286 988 2306 ex

244 2318 434 2348 communibus
467 2317 613 2347 ratiociniis
647 2317 788 2357 proferunt
818 2331 825 2347 :
854 2321 987 2352 malorum

245 2374 310 2394 vero
329 2364 491 2394 solutionem
507 2363 603 2394 nolunt
615 2373 650 2392 ex
661 2362 755 2393 iisdem
778 2364 925 2396 ratiociniis
939 2367 989 2397 ad-

245 2410 360 2440 mittere.

287 2457 317 2486 4.
334 2456 378 2486 Ait
387 2466 457 2496 saepe
466 2456 606 2486 haereticus
618 2468 625 2485 :
638 2457 677 2485 An
689 2463 775 2496 potest
788 2457 886 2497 aliquis
899 2470 954 2489 csse
964 2467 990 2490 ct

278 2562 287 2570 α
306 2553 395 2584 [Savil-
410 2558 500 2585 κινοῦσι,
510 2557 546 2580 καὶ
558 2555 726 2587 ἐπεισάγουσιν]

1045 1156 1139 1186 Πάντα
1157 1156 1223 1196 πρὸς
1241 1157 1271 1186 σὲ
1290 1159 1483 1197 προσδοκῶσιν.
1498 1159 1620 1200 Ἀνοίγεις
1633 1159 1666 1190 σὺ
1679 1160 1727 1198 τὴν
1738 1162 1818 1202 χεῖρά

1045 1214 1102 1237 σου,
1119 1202 1164 1231 καὶ
1177 1203 1313 1244 ἐμπιπλᾷς
1327 1209 1380 1233 πᾶν
1402 1205 1468 1238 ζῶον
1481 1205 1608 1240 εὐδοκίας.
1623 1206 1703 1236 Ἀλλὰ
1715 1206 1760 1237 τὸν
1769 1207 1819 1236 λό-

1044 1259 1090 1287 γον
1100 1248 1145 1277 τὸν
1160 1249 1186 1277 ἐν
1198 1248 1290 1288 χερσὶν
1302 1251 1338 1283 εἷς
1353 1249 1436 1289 πέρας
1447 1250 1597 1290 ἀγάγωμεν.
1612 1253 1699 1282 Τοῦτο
1712 1253 1763 1293 γὰρ
1772 1253 1818 1283 καὶ

1045 1297 1109 1332 ἡμῖν
1128 1293 1203 1334 φίλον
1222 1294 1267 1324 καὶ
1280 1297 1314 1334 τῇ
1335 1295 1407 1330 τάξει
1431 1296 1602 1334 καθέστηκεν.
1616 1297 1654 1329 Ὃ
1668 1300 1717 1328 οὐκ
1727 1299 1784 1339 ἔχει
1799 1301 1816 1335 ἡ

1045 1342 1080 1378 γῆ
1098 1340 1241 1380 προφέρει,
1262 1343 1301 1381 τῷ
1322 1341 1509 1381 προστάγματι
1529 1344 1672 1383 πειθομένη
1683 1357 1690 1363 ·
1704 1345 1719 1374 ὃ
1730 1345 1786 1386 ἔχει
1799 1349 1817 1382 ἡ

1007 1383 1028 1408 G
1047 1386 1104 1416 θεία
1117 1386 1162 1415 καὶ
1177 1386 1306 1426 ἄχραντος
1327 1388 1375 1416 οὐκ
1389 1389 1520 1428 ἄπογεννᾷ
1535 1389 1624 1429 φύσις
1639 1390 1719 1421 Ἀλλὰ
1736 1392 1817 1421 πάλιν

1047 1432 1084 1470 μή
1104 1444 1144 1469 τις
1156 1431 1186 1461 τὸ
1199 1432 1270 1472 ἔχειν
1295 1433 1525 1474 ἀνθρωπινώτερον
1538 1436 1697 1475 λαμὸανέτω
1715 1436 1799 1477 λέγων
1810 1450 1816 1457 ·

1045 1480 1107 1518 ὁρᾷς
1117 1479 1173 1511 πῶς
1184 1477 1229 1507 καὶ
1243 1478 1321 1512 αὐτὸς
1330 1481 1344 1508 ὃ
1354 1479 1512 1514 διδάσκαλος
1522 1481 1604 1511 ἔδωκε
1612 1482 1817 1524 προγενέστερον

1045 1524 1176 1564 ὑπάρχειν
1196 1526 1242 1553 τοῦ
1263 1525 1328 1554 Υἱοῦ
1351 1524 1396 1554 τὸν
1410 1526 1536 1565 Πατέρα;
1549 1527 1618 1557 ἀλλὰ
1640 1529 1741 1567 μᾶλλον
1752 1541 1817 1569 συγ-

1046 1568 1156 1608 γνώμην
1169 1569 1312 1608 ἀπόνειμαι
1325 1571 1363 1610 τῷ
1376 1570 1460 1611 λόγῳ,
1474 1572 1620 1612 ἀνθρώποις
1633 1569 1692 1603 οἶσι
1706 1574 1751 1604 καὶ
1761 1587 1818 1611 πη-

1046 1615 1122 1651 λίνην
1152 1614 1323 1654 κεκτημένοις
1345 1617 1469 1655 γλῶσσαν
1477 1639 1486 1653 ,
1508 1618 1554 1647 καὶ
1578 1619 1643 1659 πρὸς
1666 1620 1819 1660 ἀνθρώπους

1047 1660 1212 1699 ποιουμένοις
1229 1661 1307 1700 λόγον
1324 1662 1385 1702 περὶ
1399 1662 1469 1697 θείας
1486 1663 1531 1693 καὶ
1544 1664 1632 1694 πάντα
1644 1666 1722 1705 λόγον
1735 1669 1818 1708 ὕπερ-

1048 1706 1188 1742 δαινούσης
1200 1706 1311 1747 φύσεως.
1324 1707 1471 1748 Ἄνθρωποι
1481 1709 1533 1750 γὰρ
1546 1711 1627 1745 ὄντες,
1638 1713 1674 1746 ὡς
1685 1712 1818 1753 ἄνθρακι-οι

1046 1753 1136 1782 λαλεῖν
1155 1752 1340 1793 ἐδιδάχθημεν.
1363 1753 1410 1790 Μὴ
1424 1754 1476 1794 γὰρ
1500 1755 1588 1786 ἴσασιν
1610 1758 1634 1786 οἱ
1653 1757 1754 1794 ἄθλιοι,
1777 1759 1819 1789 ὅτι

1046 1799 1108 1839 περὶ
1120 1800 1190 1829 Θεοῦ
1205 1798 1388 1838 διαλέγονται,
1404 1801 1577 1841 προφέροντες
1593 1803 1686 1843 λόγους
1699 1804 1758 1839 τοὺς
1772 1806 1818 1835 ἐπὶ

1009 1842 1029 1866 D
1047 1846 1118 1877 Θεοῦ
1133 1843 1170 1883 μὴ
1188 1844 1349 1884 ἁρμόζοντας
1365 1845 1497 1886 λέγεσθαι.
1510 1848 1564 1878 Καὶ
1583 1846 1815 1891 δροῖκακουργίαν.

1045 1890 1114 1921 (Ὅτε
1133 1890 1167 1920 τὰ
1186 1890 1327 1929 ζητήματα
1344 1892 1539 1931 προτείνουσιν,
1554 1895 1607 1925 ἀπὸ
1620 1897 1673 1926 τῶν
1687 1897 1818 1937 ἀνθρωπί-

1045 1948 1096 1966 νων
1105 1938 1239 1976 λογισμῶν
1252 1938 1377 1967 λαλοῦσιν
1386 1950 1392 1956 ·
1405 1934 1457 1967 οἷον
1466 1950 1473 1957 ·
1486 1944 1549 1976 πᾶν,
1564 1940 1638 1980 φησὶ,
1648 1942 1678 1971 τὸ
1688 1943 1816 1981 γεννώμε-

1045 1993 1088 2010 νον
1103 1981 1189 2021 ἀρχὴν
1207 1982 1263 2022 ἔχει
1281 1986 1327 2012 τοῦ
1341 1978 1418 2012 εἶναι.
1435 1985 1489 2014 Καὶ
1509 1985 1604 2023 πόθεν;
1617 1987 1704 2016 Τοῦτο
1722 1988 1816 2022 εὐθέως

1045 2027 1164 2066 λέγουσι·
1180 2027 1212 2057 σὺ
1225 2028 1358 2067 γεννηθεὶς
1371 2031 1419 2059 οὐκ
1430 2029 1516 2070 ἀρχὴν
1529 2030 1618 2071 ἔσχες
1629 2034 1643 2061 ὁ
1657 2033 1746 2073 πατήρ
1760 2046 1816 2069 σου,

1045 2075 1060 2102 ὁ
1071 2073 1180 2106 πάππος
1195 2085 1258 2109 σονς
1272 2074 1337 2104 Ἐὰν
1349 2075 1523 2115 παραστήσῃς
1539 2079 1610 2118 αὐτῷ
1624 2077 1651 2112 ἐξ
1665 2079 1751 2108 αὐτῶν
1762 2082 1816 2109 τῶν

1043 2120 1178 2159 λογισμῦν
1190 2120 1316 2159 λογισμὸν
1329 2120 1417 2161 ἕτερον
1429 2122 1551 2152 διαλῦσαι
1563 2124 1643 2153 αὐτοῦ
1656 2124 1705 2161 τὴν
1720 2126 1815 2164 μανίαν

1045 2166 1196 2203 δυνάμενον,
1211 2166 1286 2199 εὐθὺς
1295 2167 1429 2207 σοφίζεται
1439 2180 1445 2186 ·
1458 2168 1519 2209 περὶ
1532 2170 1604 2199 Θεοῦ
1617 2170 1702 2210 λόγος,
1716 2172 1761 2201 καὶ
1772 2174 1816 2202 ἄν·

1044 2212 1188 2253 θρωπίνους
1202 2224 1248 2251 μοι
1267 2213 1409 2252 λογισμοὺς
1426 2214 1612 2255 παρεισάγεις;
1634 2217 1679 2246 καὶ
1698 2217 1747 2254 τὴν
1767 2218 1816 2257 μὲν

1045 2259 1118 2300 ῥίζαν
1136 2261 1189 2288 τῶν
1210 2260 1299 2288 κακῶν
1314 2259 1366 2288 ἀπὸ
1380 2262 1473 2289 κοινῶν
1488 2261 1647 2301 προφέρουσι
1664 2264 1798 2302 λογισμῶν
1807 2275 1814 2282 ·

1008 2310 1025 2333 Ε
1043 2305 1091 2341 τὴν
1111 2304 1139 2334 δὲ
1162 2304 1280 2334 διάλυσιν
1301 2306 1354 2333 τῶν
1378 2306 1468 2335 κακῶν
1486 2307 1515 2336 οὐ
1539 2306 1675 2346 βούλονται
1695 2309 1748 2338 ἀπὸ
1761 2311 1814 2338 τῶν

1044 2354 1131 2382 αὐτῶν
1145 2352 1268 2392 δέχεσθαι
1281 2353 1425 2391 λογισμῶν.

1084 2460 1164 2500 Λέγει
1176 2459 1316 2494 πολλάκις·
1338 2460 1447 2491 δύναταί
1459 2473 1498 2495 τις
1515 2457 1581 2491 εἶναι
1601 2462 1646 2492 καὶ
1659 2467 1814 2502 γεννᾶσθαι;

1090 2558 1104 2577 b
1121 2557 1216 2589 [Savil.
1230 2564 1290 2592 τῇ...
1299 2565 1368 2593 πηγῇ,
1380 2558 1474 2585 omisso
1483 2561 1628 2592 notri-forn]
