1890 2826
70 250 157 270 (Ii’nizi
172 253 206 277 17.

68 611 120 633 Act.
132 613 154 633 (ἱ.
168 610 191 633 8.

69 1217 155 1238 Nalm.
186 1215 209 1237 Β.

70 1254 106 1276 29.

69 1401 181 1429 Jonn.17
186 1399 208 1422 3.

68 1631 123 1653 lsai.
133 1631 160 1660 Διΐ,
167 1647 172 1651 .
183 1630 206 1654 6.

66 1662 137 1689 οι45.
152 1668 190 1684 21.

66 1699 103 1714 22.
122 1692 159 1714 23.

63 2088 120 2108 lsai.
134 2086 173 2118 Η

66 2117 102 2147 z'q.

220 162 288 197 500

219 235 242 264 si
252 233 410 264 credidisset
428 234 485 262 Deo
506 232 819 272 dicenti,Quocumque
845 232 892 261 die
913 242 961 261 co-

219 281 483 315 medentia-morte
502 280 676 314 moriemini,
701 289 753 308 non
777 278 869 318 lapsus
890 277 961 310 suis-

218 333 272 363 set,
297 326 345 356 sed
365 326 504 355 habuisset
524 324 623 361 fidem,
646 324 747 362 fidem,
767 324 895 363 inquam,
912 331 957 354 tu-

218 379 273 402 tam
294 373 329 402 ad
347 372 471 402 salutem.
484 371 549 401 Noli
572 381 701 410 umquam
716 370 779 400 fidei
802 380 897 400 nomen
913 381 960 399 ca-

218 418 357 447 lumniari.
374 419 434 448 Non
447 418 519 447 enim
533 417 580 446 illc
593 418 642 456 qui
655 417 766 446 cuilibet
780 416 874 452 credit,
889 416 958 446 fide-

219 466 253 495 lis
265 473 319 501 est;
329 464 376 494 sed
389 465 436 504 qui
451 465 505 494 Deo
519 463 614 499 credit,
626 463 648 494 is
661 463 749 493 fidelis
760 470 800 493 est
812 470 840 493 et
850 463 960 493 dicitur.

220 512 330 541 Abstine
342 522 356 540 a
369 510 574 549 quaestionibus,
587 517 614 540 et
631 509 791 550 amplectere
804 509 896 538 fidem.
911 508 961 538 Fi-

218 557 266 587 des
278 557 367 586 omnia
380 556 527 594 illuminat,
543 555 609 586 fides
624 556 712 586 omnia
726 555 884 591 sanctificat,
895 554 962 584 fides

218 603 323 643 Spiritu
336 610 426 632 sancto
445 602 582 643 dignatur.
596 604 666 633 Nam
678 603 842 643 Stephanus
854 602 962 642 plenus

219 652 317 691 gratia.
326 656 354 678 et
359 650 553 691 fortitudine.
567 649 626 680 Nisi
634 649 804 689 praeluxisset
817 648 895 685 fides,
910 649 963 677 sor-

219 696 307 726 titudo
323 697 350 725 in
365 703 456 725 sancto
470 696 530 727 viro
541 706 594 725 non
613 702 725 734 sequuta
732 696 842 729 fuisset.
858 694 915 724 Ubi
929 694 963 723 fi-

219 742 275 779 des,
286 742 343 771 illic
356 749 382 771 et
394 742 482 772 virtus
490 752 536 771 seu
550 741 681 771 fortitudo
689 753 698 779 5
714 741 761 770 ubi
775 739 962 776 incredulitas,

220 788 277 818 illic
295 788 447 818 infirmitas.
464 787 632 828 Principium
645 787 795 823 honorum,
809 786 890 822 fides;
906 788 965 815 fons

218 835 365 871 bonorum,
381 834 460 864 fides.
477 835 621 864 Sumamus
634 844 708 862 arma
724 834 830 863 salutis.
847 834 906 863 Cur
919 832 964 862 di-

218 881 355 910 ctionibus
373 880 470 917 servis,
486 887 513 910 et
525 880 664 910 veritatem
686 880 777 919 fugis?
789 891 839 912 cur
863 879 966 919 profers

219 937 261 964 ea,
278 938 337 965 qum
350 937 384 956 ne
397 927 554 966 angelorum
567 925 677 965 quidem
691 933 788 955 natura
806 925 967 964 investigare

220 972 322 1003 audet?
345 973 420 1011 Quid
441 972 503 1002 dico
526 972 684 1011 angelorum
708 972 822 1001 natura?
840 973 906 1009 Quae
933 981 967 1000 ne

220 1018 355 1049 daemones
368 1018 481 1058 quidem
491 1018 602 1048 audent.
618 1018 678 1047 Nou
691 1018 736 1048 vis
749 1017 827 1056 sequi
838 1016 967 1046 Petrum?

221 1076 274 1095 non
295 1066 338 1095 vis
359 1065 433 1104 sequi
452 1064 588 1095 Paulum?
600 1074 653 1093 non
674 1064 804 1103 angelos?
823 1073 875 1093 non
893 1063 967 1093 Che-

221 1112 334 1141 rubim?
358 1122 411 1141 non
429 1110 590 1151 Seraphim?
611 1111 677 1140 Esto
698 1110 791 1140 saltem
814 1109 966 1139 daemonum

221 1158 383 1198 discipulus.
409 1157 545 1189 Viderunt
566 1158 700 1187 daemones
727 1158 897 1187 Servatorem
908 1177 916 1192 ‚
942 1162 968 1185 et

221 1204 327 1233 aiebant
336 1204 378 1233 illi
391 1217 398 1233 z
414 1205 494 1241 Sine,
507 1204 582 1244 quid
594 1205 677 1233 nobis
692 1210 719 1233 et
736 1204 802 1240 tibi,
814 1203 876 1232 Fili
888 1204 967 1231 Dei?

222 1252 363 1280 Daemones
376 1251 478 1280 Filium
489 1251 661 1286 confitentur,
673 1257 699 1279 et
712 1257 753 1285 tu,
764 1249 898 1286 haeretice,
906 1248 966 1278 bla-

222 1297 363 1337 sphemas?
378 1297 511 1326 daemones
525 1296 655 1335 oequalem
672 1295 788 1332 faciunt,
803 1302 830 1324 et
848 1302 879 1324 tu
899 1294 965 1324 inae-

221 1344 376 1383 qualitatem
396 1343 533 1373 adstruis?
548 1342 653 1381 Ecquid
670 1342 784 1379 faciam,
798 1342 836 1370 ait
858 1341 965 1371 haereti-

220 1402 278 1428 cus,
293 1402 355 1420 cum
370 1390 502 1420 Dominus
516 1389 610 1419 dicat:
631 1390 670 1418 Ut
685 1394 863 1428 cognoscant
880 1394 907 1417 te
919 1399 966 1418 so-

221 1439 282 1467 lum
295 1448 398 1467 ‘verum
418 1438 531 1466 Deum.
528 1439 539 1458 ἱ)
553 1437 649 1466 Solum
666 1435 748 1471 dixit,
763 1434 852 1464 solum
865 1434 966 1474 praedi-

219 1485 291 1514 cavit
304 1494 398 1514 verum
413 1485 501 1513 Deum
521 1483 636 1512 Patrem.
651 1481 801 1512 Veritatem
819 1488 905 1510 sector
918 1491 965 1520 pe›
974 1483 1011 1504 ¹⁵²⁸
1019 1467 1052 1504 τῇ

982 1511 1000 1533 Α
1019 1516 1183 1553 ἀκολουθεῐς,
1182 1516 1241 1574 Νῗιιιιὶ
1258 1518 1292 1555 τῇ
1312 1517 1380 1551 λέξει
1397 1517 1543 1554 ὂουλεύειςς
1565 1519 1649 1559 Τήρει
1669 1531 1715 1559 μοι
1732 1519 1792 1554 τοὺς

219 1532 308 1560 Deum
329 1529 523 1560 annuntiatam.
540 1530 644 1559 Vocem
656 1527 741 1558 solius
754 1527 873 1563 sectaris,
888 1534 914 1556 et
927 1527 963 1556 li-

219 1584 282 1605 ιρι-αι
303 1575 406 1606 servis?
417 1576 500 1606 Serva
526 1574 655 1604 terminos
676 1574 705 1603 in
723 1584 814 1603 rernm
831 1572 962 1613 disquisi-

217 1624 300 1652 tione.
332 1622 405 1652 Dicit
440 1623 513 1651 Deus
537 1631 585 1661 per
614 1620 774 1660 prophetam
790 1629 797 1645 ι
812 1620 877 1658 Ego
900 1629 964 1649 sum

214 1671 337 1708 primus,
351 1674 379 1698 et
394 1679 446 1708 ego
462 1674 574 1708 postea,
590 1674 618 1696 et
637 1666 715 1695 alius
728 1672 835 1705 proeter
846 1676 892 1694 me
903 1676 963 1694 non

217 1723 268 1746 est.
277 1717 382 1746 Iustus
403 1722 431 1745 et
443 1715 576 1744 salvator
591 1721 697 1753 proeter
714 1723 760 1742 me
775 1723 834 1741 non
850 1719 904 1742 est.
919 1714 962 1742 Et

217 1763 420 1792 convertimini
433 1762 473 1790 ad
484 1771 540 1796 me,
553 1766 581 1789 et
591 1760 668 1789 salvi
680 1761 760 1789 eritis
774 1759 810 1788 ab
824 1762 962 1789 extremis

218 1816 311 1839 εει-ναι.
324 1810 390 1849 Ego
402 1818 468 1837 sum
478 1808 559 1836 Deus
569 1813 597 1835 et
608 1817 668 1835 non
679 1814 719 1836 est
731 1807 820 1836 alius.
834 1807 895 1837 Per
903 1818 962 1836 me—

218 1860 370 1895 metipsum
376 1857 456 1895 juro.
473 1855 538 1891 Ego
547 1854 669 1893 primus,
681 1859 710 1882 et
722 1863 774 1893 ego
785 1859 851 1893 post
869 1854 932 1884 haec
947 1864 960 1885 .·

217 1910 296 1940 atque
310 1901 412 1937 intulit,
426 1902 467 1930 Ec
489 1911 548 1929 non
562 1905 603 1928 est
624 1900 702 1929 alius
713 1904 820 1939 proeter
838 1911 894 1930 me.
907 1901 960 1931 Vi-

216 1948 276 1977 dete
295 1947 431 1987 quomodo
446 1946 566 1976 ostendat
584 1946 732 1976 solitariam
753 1953 885 1984 naturam,
902 1957 962 1986 quae

216 1994 286 2023 nihil
305 2004 446 2023 commune
458 1993 555 2022 habeat
573 2004 635 2022 cum
644 1992 697 2021 alia
721 1999 815 2022 natura
827 2000 958 2033 separata.

217 2041 280 2069 Haec
291 2050 372 2079 porro
384 2041 458 2068 Deus
471 2039 508 2067 ait
524 2051 530 2067 z
547 2040 612 2078 Ego
628 2049 703 2076 sum,
711 2045 738 2068 et
749 2049 809 2068 non
819 2046 860 2068 est
871 2039 963 2076 alius,-

217 2087 264 2126 qui
278 2097 325 2126 per
344 2086 503 2126 prophetam
517 2085 554 2114 ait
571 2096 576 2111 :
595 2086 726 2114 Extendi
749 2086 853 2115 coelum
870 2086 960 2116 solus.

218 2132 331 2162 Attende
350 2140 378 2160 tu
405 2131 466 2161 voci
494 2130 592 2167 folus,
613 2131 834 2170 quandoquidem
860 2132 963 2172 profers

216 2179 316 2209 Solum
327 2189 431 2207 verum
444 2178 549 2206 Deum.
561 2178 690 2205 Extendi
702 2178 804 2207 coelum
819 2179 911 2208 solus.
924 2179 965 2209 Si-

217 2225 320 2254 militer
333 2234 439 2263 quoque
453 2223 508 2257 hic,
524 2224 588 2263 Ego
599 2233 675 2259 sum,
689 2229 716 2252 et
734 2231 843 2252 nonest
861 2225 937 2254 alius
953 2236 961 2252 .-

216 2282 270 2310 per
289 2272 487 2309 memetipsum
503 2270 583 2308 juro·
597 2268 726 2297 Animum
749 2268 847 2298 adhibe
865 2271 964 2309 pariter

216 2314 368 2344 auctoritati
381 2321 406 2343 et
426 2313 550 2354 potentiae
581 2312 713 2351 loquentis
723 2335 730 2349 ,
743 2313 817 2351 quod
847 2313 961 2351 dixerit,

218 2360 287 2389 Non
295 2365 339 2388 est
347 2359 423 2388 alius
429 2371 441 2394 ;
451 2365 486 2394 et,
495 2357 581 2386 Solus
590 2367 663 2391 sum,
671 2363 697 2385 et
706 2357 768 2393 hoc,
776 2357 837 2385 Per
847 2365 963 2387 memet-

217 2405 310 2443 ipsum
322 2404 422 2443 juravi
430 2416 442 2438 ‚·
454 2401 640 2442 significatque
653 2400 786 2430 neminem
797 2411 824 2430 se
839 2401 963 2440 loquente

219 2448 346 2488 majorem
365 2458 434 2479 esse,
449 2445 529 2476 Unde
547 2445 583 2475 ait
604 2445 684 2475 etiam
706 2445 844 2485 apostolus
860 2458 866 2474 z
883 2445 962 2484 Quo-

66 2478 163 2502 Halunti.
172 2478 206 2501 13.
245 2496 250 2500 .

69 2581 125 2601 lsai.
137 2579 174 2608 (05,

67 2612 104 2631 2¹3.

219 2506 299 2524 mam
310 2495 454 2523 neminem
465 2493 579 2528 habuit,
599 2502 748 2531 perquem
760 2493 887 2531 juraret,
903 2503 963 2521 ma-

215 2545 321 2582 jorem,
333 2544 446 2581 juravit
460 2550 512 2580 per
522 2541 717 2578 semetipsum.
733 2539 793 2568 Non
808 2538 888 2568 habet
898 2550 962 2578 ergo

220 2589 348 2627 majorem
362 2587 409 2626 qni
433 2585 499 2615 dicit
515 2598 522 2613 :
539 2585 600 2614 Per
617 2586 814 2623 memetipsum
833 2586 913 2624 jum,
938 2588 962 2614 si

932 170 1066 195 lsscssn'rt

1017 232 1049 261 ἂν
1075 233 1163 273 ἡμέρᾳ
1185 233 1319 273 φάγησθε,
1342 234 1446 274 θανάτῳ
1472 236 1661 273 ἀποθανεῖσθε,
1685 239 1733 267 οὐκ
1755 237 1786 268 ἂν

1017 278 1173 318 ὠλίσθησεν,
1191 280 1249 309 ἀλλ’
1265 275 1336 320 εἶχεν
1351 280 1381 309 ἂν
1396 280 1564 319 τὴν’πίστιν,
1576 283 1667 313 πίστιν
1680 283 1786 324 ἄσφαλῆ

1017 325 1081 365 πρὸς
1095 326 1236 366 σωτηρίαν.
1252 327 1322 357 Ποτὲ
1345 327 1382 366 μὴ
1402 327 1511 358 διάὸαλε
1525 329 1556 359 τὸ
1577 330 1660 370 ὄνομα
1679 333 1726 367 τῆς
1739 331 1787 361 πί-

1018 382 1106 404 στεως.
1119 372 1159 401 Οὔ
1174 371 1226 412 γὰρ
1237 374 1251 402 ὁ
1262 373 1341 402 παντὶ
1353 374 1484 404 πιστεύων
1498 375 1606 412 πιστὸς,
1623 377 1681 406 ἀλλ’
1697 379 1710 406 ὁ
1724 378 1788 417 Θεῷ

1017 417 1164 454 πιστεύων,
1179 414 1253 453 οὗτος
1269 419 1346 459 μόνος
1365 432 1410 449 και
1428 420 1486 450 ἔστι
1504 421 1548 450 καὶ
1564 421 1679 461 λέγεται.
1693 423 1786 453 Κατά-

1017 464 1091 492 λειπε
1113 464 1251 501 ζητήσεις,
1264 465 1341 495 καὶ
1323 477 1444 496 ασπασαι
1464 466 1563 497 πίστιν.
1583 467 1679 502 Πίστις
1699 470 1786 499 πάντα

1017 508 1141 549 φωτίζει,
1163 510 1252 545 πίστις
1271 512 1359 541 πάντα
1383 512 1501 552 ἁγιάζει,
1520 513 1610 547 πίστις
1632 515 1788 554 Πνεύματος

1017 555 1092 595 ἁγίου
1115 556 1243 591 καταξιοῖ.
1257 558 1390 598 Στέφανος
1410 558 1462 599 γὰρ
1485 560 1588 600 πλήρης
1611 560 1725 595 πίστεως
1742 562 1788 591 καὶ

1018 602 1162 641 δυνάμεως.
1179 604 1214 633 El
1233 603 1271 642 μὴ
1290 604 1460 644 προίλαμπεν
1473 607 1490 641 ἡ
1504 606 1603 643 πίστις,
1619 607 1728 646 δύναμις
1740 609 1788 637 οὐκ

982 650 1000 672 D
1018 648 1156 683 ἠκολούθει
1169 650 1207 689 τῷ
1222 649 1299 690 ἁγίῳ.
1319 649 1409 680 “o-nou
1422 651 1520 688 πίστις,
1535 654 1589 682 ἐκεῖ
1604 653 1648 683 καὶ
1663 653 1772 693 δύναμις
1783 665 1789 671 ·

1018 693 1082 723 ὅπου
1099 694 1222 730 ἀπιστία,
1237 696 1292 725 ἐκεῖ
1309 695 1356 724 καὶ
1377 697 1507 727 ἀσθένεια.
1522 697 1602 738 Ἀρχὴ
1616 701 1669 728 τῶν
1684 701 1788 738 ἀγαθῶν

1018 740 1120 773 πίστις·
1135 741 1209 780 πηγὴ
1222 743 1274 771 τῶν
1287 743 1392 781 ἀγαθῶν
1407 742 1504 776 πίστις.
1522 743 1652 783 Λάὸωμεν
1665 744 1696 774 τὸ
1709 745 1789 775 ὅπλον

1018 788 1066 822 τῆς
1080 787 1220 827 σωτηρίας.
1236 788 1272 817 Τί
1284 788 1370 823 λέξεσι
1389 788 1532 824 δουλεύεις,
1546 790 1592 820 καὶ
1603 790 1652 827 τὴν
1665 791 1790 827 ἀλήθειαν

1019 832 1138 872 φεύγεις,
1154 834 1223 863 διατί
1237 834 1393 874 προσφέρεις
1405 835 1422 864 ἃ
1435 835 1473 874 μὴ
1488 837 1575 876 τολμᾷ
1588 837 1656 876 μήτε
1669 839 1723 867 τῶν
1743 839 1791 878 ἀγ-

1018 878 1103 918 γέλων
1114 880 1191 919 φύσις
1201 881 1355 919 ἐρευνῆσαι;
1370 881 1406 910 Τί
1421 882 1490 921 λέγω
1502 885 1519 918 ἡ
1534 884 1587 911 τῶν
1603 883 1722 923 ἀγγέλων
1739 884 1791 924 φύ-

1019 936 1077 962 σις;
1093 924 1123 955 Ἃ
1139 926 1207 964 μήτε
1221 926 1342 965 δαίμονες
1353 928 1496 966 τολμῶσιν.
1522 930 1563 958 Οὐ
1578 928 1662 963 θέλεις
1678 930 1791 959 ἀκολου-

1020 973 1099 1006 θησαι
1113 971 1222 1012 Πέτρῳ;
1239 974 1268 1002 οὐ
1282 973 1365 1006 θέλεις
1379 974 1555 1010 ἀκολουθῆσαι
1569 975 1683 1015 Παύλῳ;
1696 977 1725 1005 οὖ
1738 980 1791 1009 τοῖς

1019 1016 1155 1056 ἀγγέλοις·
1148 1039 1156 1054 ,
1170 1019 1200 1048 οὐ
1213 1022 1268 1052 τοῖς
1281 1019 1434 1059 Χερουὸίμς
1445 1022 1474 1050 οὗ
1487 1025 1543 1054 τοῖς
1555 1022 1695 1062 Σεραφίμ;
1710 1023 1791 1051 remu*

1019 1062 1068 1092 κᾶν
1084 1063 1205 1102 μαθητὴς
1226 1066 1279 1093 τῶν
1295 1065 1438 1103 δαιμόνων.
1461 1061 1539 1096 Εἶδον
1558 1069 1583 1096 οἱ
1605 1067 1726 1107 δαίμονες
1747 1068 1792 1097 τὸν

986 1104 1002 1127 Ε
1019 1109 1152 1148 Σωτῆρα,
1166 1109 1211 1139 καὶ
1224 1110 1255 1139 λέ
1242 1122 1344 1149 -γουσιν
1358 1112 1444 1151 αὐτῷ·
1456 1111 1526 1148 Ἔα,
1547 1112 1574 1141 τί
1587 1115 1652 1152 ἡμῖν
1674 1113 1719 1143 καὶ
1732 1114 1791 1149 σοὶ,

1020 1159 1068 1189 Υἱὲ
1081 1163 1127 1189 τοῦ
1139 1162 1224 1190 Θεοῦ·
1202 1182 1226 1209 ‚
1235 1162 1275 1190 Οἱ
1286 1161 1406 1200 δαίμονες
1421 1161 1485 1191 Υἱὸν
1500 1164 1672 1202 ὁμολογοῦσι,
1685 1163 1731 1193 καὶ
1744 1163 1792 1200 συ,

1020 1211 1150 1251 αἱρετικὲ,
1162 1213 1344 1252 βλασφημεῖςς
1359 1212 1480 1252 δαίμονες
1494 1214 1550 1243 ἶσον
1562 1218 1685 1253 ποιοῦσι,
1700 1215 1745 1245 καὶ
1760 1215 1792 1245 σὺ

1019 1262 1068 1297 τὴν
1080 1262 1222 1299 ἀνισότητα
1236 1264 1453 1301 κατασκευάζεις
1469 1265 1521 1295 Καὶ
1539 1265 1566 1295 τί
1576 1265 1697 1303 ποιήσω,
1714 1263 1792 1307 φησὶν

1020 1315 1034 1342 ὃ
1049 1314 1194 1353 αἱρετικὸς,
1207 1316 1245 1354 τῷ
1261 1315 1351 1355 Κυρίῳ
1374 1315 1491 1355 λέγοντι·
1506 1316 1565 1346 Ἵνα
1588 1317 1740 1357 γινώσκωσί
1762 1329 1792 1346 σε

1020 1361 1064 1391 τὸν
1079 1362 1157 1400 μόνον
1172 1364 1293 1399 ἀληθινὸν
1307 1364 1394 1400 Θεόν;
1410 1364 1497 1394 Μόνον
1509 1360 1579 1402 εἷπε,
1593 1366 1670 1405 μόνον
1682 1366 1792 1406 ἐκήρυξε

1019 1413 1064 1442 τὸν
1077 1414 1197 1451 ἀληθινὸν
1217 1414 1285 1444 Θεὸν
1304 1415 1349 1444 τὸν
1362 1415 1482 1455 Πατέρα.
1498 1418 1604 1457 Στοιχῶ
1618 1420 1652 1457 τῇ
1666 1417 1792 1458 ἀληθείᾳ,

1073 1464 1148 1504 παρὰ
1168 1466 1239 1494 Θεοῦ
1253 1466 1466 1505 κατηγγελμένῃ.
1489 1468 1532 1506 Τῃ
1527 1470 1620 1508 ,φωνῇ
1642 1465 1688 1497 τοῦ
1711 1468 1791 1507 μόνου

1019 1564 1093 1605 ὅρους
1107 1565 1151 1594 ἐπὶ
1163 1567 1216 1595 τῶν
1237 1566 1439 1606 ἐξεταζομένων.
1464 1567 1544 1608 Λέγει
1566 1571 1580 1598 ὁ
1601 1569 1671 1603 Θεὸς
1689 1569 1732 1600 διὰ
1745 1573 1790 1600 τοῦ

1017 1616 1167 1656 προφήτου·
1183 1616 1256 1656 Ἐγώ
1274 1618 1329 1656 εἰμι
1349 1619 1468 1658 πρῶτος,
1482 1619 1527 1648 καὶ
1543 1619 1596 1659 ἐγὼ
1611 1620 1680 1659 μετὰ
1690 1623 1787 1657 ταῦτα,
1816 1620 1819 1622 ’

1016 1666 1061 1695 καὶ
1083 1666 1171 1707 ἔτερος
1193 1667 1263 1704 πλὴν
1284 1669 1348 1707 ἐμοῦ
1370 1670 1418 1698 οὐκ
1439 1669 1505 1699 ἔστι.
1520 1670 1627 1705 Δίκαιος
1642 1671 1687 1701 καὶ
1701 1673 1790 1713 σωτὴρ

1015 1716 1098 1758 παρὲξ
1112 1720 1176 1757 ἐμοῦ
1191 1720 1239 1748 οὐκ
1252 1718 1318 1748 ἔστι.
1336 1720 1389 1749 Καὶ
1407 1721 1586 1761 ἐπιστράφητε
1600 1722 1666 1762 πρός
1684 1735 1717 1762 με
1727 1745 1735 1758 ,
1745 1723 1791 1753 καὶ

1016 1769 1164 1805 σωθήσεσθε
1179 1769 1232 1798 ἀπὸ
1246 1770 1366 1810 ἐσχάτων
1381 1773 1430 1807 τῆς
1442 1773 1500 1811 γῆς.
1517 1771 1591 1812 Ἐγώ
1604 1774 1660 1812 εἶμι
1672 1774 1687 1803 ὃ
1705 1773 1790 1810 Θεὸς,

1015 1820 1060 1850 καὶ
1080 1822 1128 1850 οὐκ
1151 1820 1222 1850 ἔστιν
1247 1821 1334 1855 ἄλλος.
1356 1819 1422 1851 Κατ’
1447 1823 1562 1861 ἐμαυτοῦ
1587 1823 1686 1862 ὀμνύω.
1716 1824 1789 1864 Ἐγὼ

1015 1874 1128 1912 πρῶτος,
1141 1871 1186 1901 καὶ
1205 1871 1258 1911 ἐγὼ
1273 1872 1341 1912 μετὰ
1354 1875 1446 1902 ταῦτα.
1461 1873 1513 1902 Καὶ
1526 1874 1643 1914 ἐπήγαγε
1653 1897 1660 1911 ,
1676 1871 1729 1904 Καὶ
1741 1877 1789 1905 οὔκ

1016 1922 1086 1952 ἔστιν
1100 1922 1186 1962 ἕτερος
1197 1921 1267 1959 πλὴν
1282 1924 1356 1961 ἐμοῦ.
1374 1921 1491 1952 Βλέπετε
1505 1925 1562 1957 πῶς
1580 1923 1690 1960 δεικγύει
1703 1937 1789 1964 μεμο-

1015 1973 1134 2012 νωμένην
1149 1973 1242 2013 φύσιν,
1267 1972 1350 2012 μηδὲν
1374 1972 1486 2013 ἔχουσαν
1511 1974 1596 2004 κοινὸν
1618 1974 1683 2015 πρὸς
1697 1975 1788 2015 ἑτέραν

1017 2023 1254 2063 ἀπεσχοινισμένην
1280 2023 1367 2063 φύσιν.
1395 2024 1475 2063 Λέγει
1502 2024 1530 2054 δὲ
1557 2027 1642 2054 ταῦτα
1665 2028 1679 2055 ὁ
1702 2026 1771 2059 Θεός
1781 2038 1788 2044 ·

981 2075 999 2098 Β
1017 2074 1090 2114 Ἐγώ
1101 2076 1172 2113 εἶμι,
1185 2074 1230 2103 καὶ
1250 2074 1298 2103 οὐκ
1309 2073 1380 2103 ἔστιν
1392 2074 1484 2108 ἄλλος·
1499 2077 1513 2104 ὁ
1525 2075 1569 2104 διὰ
1585 2079 1630 2105 τοῦ
1652 2075 1789 2116 προφήτου

1016 2126 1114 2166 λέγων’
1130 2125 1262 2160 Ἐξέτεινα
1278 2125 1322 2155 τὸν
1337 2125 1445 2166 οὐρανὸν
1460 2126 1545 2165 μόνος.
1566 2127 1688 2168 Πρόσεχε
1704 2127 1789 2161 obsta

1016 2177 1063 2210 τὸ,
1083 2176 1188 2210 Μόνος,
1212 2175 1304 2212 ἐπειδὴ
1327 2175 1465 2216 προφέρεις
1489 2178 1543 2207 Τὸν
1566 2178 1644 2216 μόνον
1666 2178 1789 2215 ἀληθινὸν

1015 2227 1094 2257 Θεόν.
1116 2226 1252 2270 ’ξξέτεινα
1279 2226 1323 2255 τὸν
1347 2227 1456 2266 οὐρανὸν
1486 2227 1580 2267 μόνος·
1607 2228 1653 2258 καὶ
1678 2230 1791 2258 ἐνταῦθα

1015 2277 1111 2316 ὁμοίως
1126 2277 1169 2314 τὸ,
1184 2276 1256 2315 Ἐγώ
1276 2278 1350 2315 εἶμι,
1375 2276 1420 2306 καὶ
1444 2278 1492 2307 οὐκ
1515 2278 1586 2308 ἔστιν
1611 2279 1704 2312 ἄλλος·
1727 2281 1788 2308 κατ’

1016 2330 1130 2368 ἐμαυτοῦ
1152 2327 1249 2368 ὀμνύω.
1273 2321 1394 2368 ΙΪρόσεχε
1418 2329 1464 2358 καὶ
1486 2332 1519 2369 τῇ
1534 2329 1674 2370 αὖθεντίᾳ,
1688 2329 1734 2359 καὶ
1754 2332 1788 2370 τῇ

1017 2380 1125 2419 δυνάμει
1142 2382 1188 2408 τοῦ
1209 2378 1344 2418 λέγοντος·
1359 2379 1400 2409 ὅτι
1422 2375 1511 2416 εἶπεν,
1525 2381 1584 2410 Οὔκ
1602 2380 1673 2409 ἔστιν
1696 2381 1788 2414 ἄλλος·

1017 2432 1062 2461 καὶ
1075 2431 1114 2466 τὸ,
1129 2431 1216 2465 Μόνος
1230 2431 1300 2470 εἷμὶ,
1315 2431 1360 2460 καὶ
1374 2434 1467 2468 τοῦτο,
1487 2433 1555 2461 Καθ’
1570 2434 1663 2461 ἑαυτοῦ
1677 2432 1771 2472 ὤμοσα
1780 2445 1787 2451 ·

1017 2485 1062 2515 καὶ
1077 2484 1171 2524 μηνύει
1185 2485 1223 2524 μὴ
1246 2479 1313 2514 εἶναί
1327 2496 1387 2514 τινα
1408 2483 1514 2522 μείζονα
1537 2484 1616 2514 αὐτοῦ
1637 2485 1787 2518 λαλοῦντος.
1834 2480 1836 2485 X

1016 2535 1100 2565 “Ωστε
1121 2535 1166 2565 καὶ
1186 2537 1200 2564 ὁ
1223 2534 1369 2568 ἀπόστολός
1390 2546 1485 2575 φησιν·
1507 2533 1587 2564 Ἐπεὶ
1606 2537 1666 2564 κατ’
1686 2534 1788 2568 οὖδίνος

1021 2581 1078 2625 εἶχε
1091 2585 1205 2624 μείζονος
1222 2585 1333 2624 ὀμόσαι,
1348 2587 1407 2614 καθ’
1423 2586 1515 2614 ἑαυτοῦ
1529 2584 1641 2624 ὤμοσεν.
1655 2587 1714 2615 Οὐκ
1732 2585 1789 2625 ἔχει
