1904 2840
0 598 103 628 Effera.
113 605 134 620 ι.

0 1268 81 1290 nauh.
93 1267 117 1291 6.

0 1305 35 1322 ιε.

0 1501 64 1532 nom.
74 1507 138 1537 7.25.

0 1586 52 1610 col.
66 1595 88 1610 2.
102 1587 139 1611 18.

1 1622 40 1648 ις.

652 216 683 237 ΙΝ
713 213 917 238 ΜΑΤἸῊΕΠΜ.
946 213 1064 237 notun..
1094 215 1155 237 XH-

1611 214 1631 254 7
1634 218 1682 255 99

143 280 200 308 mei
210 278 321 318 impleti
333 282 402 306 mut
413 276 611 313 illusionibus,
626 282 654 306 et
669 286 728 306 non
749 282 792 306 ese
805 278 880 306 sani-
899 279 920 302 Α
936 275 1035 305 dalizat
1046 286 1095 305 nos
1108 288 1115 304 ε
1128 275 1157 305 id
1168 282 1218 313 est,
1228 286 1303 306 mens
1313 276 1411 315 carnis,
1425 285 1478 307 non
1489 285 1564 308 mens
1572 279 1680 310 animae.

143 325 188 348 tas
201 320 232 347 in
246 326 333 346 carne
345 326 420 345 inea.
438 317 468 347 Si
480 326 544 355 ergo
562 316 709 346 secundum
723 316 880 356 prophetam

142 366 195 386 non
217 363 256 386 est
276 357 377 386 sanitas
391 356 418 385 in
431 364 510 385 carne
523 362 624 393 nostra,
636 363 702 395 quot
715 357 808 385 oculos
821 356 883 394 quis

142 397 233 433 habet,
247 403 295 425 aut
307 402 372 435 quot
385 395 494 425 dextras
505 396 532 424 in
545 406 657 436 corpore
669 407 729 430 suo,
745 402 775 425 ιιι
788 406 882 425 secun-

142 436 208 466 dum
219 436 349 467 malitiam
364 435 452 465 carnis
465 435 580 464 sufficiat
593 446 670 476 poena
679 435 883 465 membrorum?

142 475 196 506 Sed
207 475 357 511 videamus,
373 485 406 504 ne
418 475 486 504 sorte
497 475 540 505 vel
556 475 594 504 sic
610 475 736 515 possibile
749 481 788 504 est
802 474 884 503 intel-

143 515 227 555 ligere
237 514 272 544 de
282 515 360 544 oculo
367 515 511 554 corporali,
523 514 567 543 vel
577 514 611 544 de
620 525 713 544 manu.
725 514 802 544 Sicut
812 513 883 543 enim

143 562 215 585 totus
231 555 312 584 homo
333 554 463 594 quamdiu
482 560 584 594 peccat,
598 554 668 584 vivit
679 560 797 593 peccato,
812 557 886 582 mor-'-

143 601 208 624 tuus
225 601 264 624 est
285 601 374 624 autem
393 594 516 633 justitiae,
531 594 601 622 sicut
619 594 750 633 scriptum
766 599 825 622 oet:
843 593 871 621 Ε
874 599 885 621 t

145 644 210 669 vos,
228 643 294 663 cum
314 636 413 663 essetis
435 636 540 663 mortui
561 635 703 673 peccatis‚·
720 643 782 662 cum
795 638 885 661 autem

143 673 226 703 homo
234 683 377 703 conversus
390 674 471 703 fuerit
485 672 519 701 ad
529 672 672 712 justitiam,
686 672 756 702 vivit
762 672 884 712 justitiae‚

145 720 267 742 mortuus
287 720 326 743 est
346 719 434 742 autem
448 719 572 753 peccato;
587 712 625 742 sic
637 719 664 742 et
676 711 886 751 unumquodque

145 753 307 788 membrum,
322 759 417 793 utputa
429 752 533 789 oculus,
546 752 676 791 quamdiu
689 751 798 790 quidem
817 750 887 780 male

146 792 252 832 aspicit,
274 793 377 838 integer
398 792 508 831 quidem
529 798 568 821 est
608 798 706 827 eccato,
723 792 824 832 ejectus
847 797 887 819 est

146 838 235 861 autem
255 832 384 872 Justitiaet
400 841 461 860 cum
480 838 568 860 autem
607 831 697 860 esierit
716 831 786 860 male
809 830 885 870 aspi-

146 880 215 908 cere,
227 871 326 911 ejectus
335 878 375 901 est
387 882 402 900 a
414 877 533 911 peccato,
546 870 647 910 integer
659 877 698 900 est
708 876 796 900 autem
806 870 887 909 justi-

146 911 201 939 tiae.
215 910 269 941 Sed
282 920 368 949 neque
381 911 419 940 sic
438 910 571 940 convenit.
587 911 643 940 Nec
657 910 728 939 enim
748 910 829 939 habet
841 920 885 938 ra-

146 950 245 979 tionem
266 950 323 979 haec
343 950 528 990 interpretatio
546 950 665 990 plenam,
685 957 794 989 propter
814 949 887 988 quod

146 989 224 1025 dicit,
237 989 269 1019 St
281 991 384 1020 dexter
395 990 497 1019 oculus
509 996 574 1019 tuus
587 989 833 1019 scandalizaverit
847 996 885 1018 te.

146 1029 220 1066 Quid
241 1029 336 1059 enim?
348 1029 456 1068 quando
477 1028 571 1058 dexter
591 1029 764 1064 scandalizat,
781 1028 888 1058 sinister

145 1068 211 1107 quid
224 1069 309 1098 facit?
323 1068 456 1107 numquid
466 1067 624 1097 contradicit
633 1068 739 1104 dextro,
751 1075 781 1097 ut
793 1068 887 1098 dexter

145 1108 254 1146 quidem
269 1109 345 1147 quasi
361 1119 423 1137 reus
436 1108 569 1145 ejiciatur,
584 1107 690 1137 sinister
708 1114 796 1136 autem
809 1107 886 1146 quasi

146 1147 271 1177 innocens
290 1147 461 1177 reservetur?
474 1147 528 1177 Sed
546 1153 612 1187 puto
633 1146 667 1176 ad
691 1147 807 1176 animam
830 1147 887 1176 haec

146 1194 241 1216 cuncta
255 1188 358 1223 referri,
374 1187 445 1216 sicut
457 1186 577 1216 diximus
590 1196 683 1226 supra.
696 1187 815 1216 Oculum
834 1187 885 1226 igi-

146 1233 191 1255 tur
203 1226 270 1256 dicit
282 1227 386 1260 animae,
396 1226 424 1255 id
442 1233 491 1258 est.
508 1233 621 1255 mentem
641 1236 687 1266 per
700 1236 780 1265 quarn
798 1227 887 1255 anima

146 1265 231 1295 videt.
247 1268 287 1295 De
297 1277 351 1305 quo
364 1272 390 1295 et
402 1266 469 1295 alibi
482 1265 549 1295 dicit
564 1278 570 1295 ε
585 1266 618 1295 Si
630 1266 732 1295 oculus
746 1266 887 1306 ωας-[αε-

147 1306 185 1334 rit
197 1306 330 1345 simplex,
345 1311 396 1335 etc.
412 1305 516 1335 Oculus
529 1312 617 1341 autem
635 1305 684 1334 iste
704 1305 820 1334 carnalis
833 1313 885 1334 non

146 1351 187 1373 est
199 1346 305 1380 oculus,
317 1345 364 1374 sed
373 1351 412 1374 est
423 1345 563 1384 speculum
573 1344 644 1374 oculi
656 1344 731 1374 illius
740 1344 886 1386 ipterioris,

146 1382 176 1413 id
190 1391 230 1413 est
248 1384 354 1414 mentis.
377 1382 463 1414 Habet
484 1386 556 1413 enim
569 1391 595 1413 et
609 1394 707 1424 corpus
720 1394 796 1413 suam
817 1393 887 1413 men·

145 1429 210 1460 tem,
225 1424 294 1453 sicut
302 1430 327 1453 ει
340 1423 456 1453 animam
467 1434 543 1453 suam
557 1435 563 1452 :
580 1423 649 1453 sicut
662 1430 773 1453 testatur
784 1431 888 1463 aposto-

148 1462 203 1499 lus,
217 1463 251 1492 de
265 1469 352 1493 mente
367 1460 481 1502 'quidem
503 1463 599 1492 animae
615 1463 707 1492 dicens
719 1463 771 1492 hoc
784 1462 864 1492 modo
877 1475 885 1492 .-
906 1467 924 1491 C

149 1504 246 1542 Igitur
256 1513 308 1543 ego
323 1505 382 1542 ipse
398 1508 494 1531 mente
507 1504 624 1542 quidem
638 1505 732 1531 servio
749 1503 805 1542 legi
818 1503 886 1539 Dei,

151 1550 238 1571 carne
261 1549 356 1572 aulem
383 1543 440 1582 legi
461 1544 583 1581 peccati.
605 1543 645 1571 De
658 1541 784 1581 corporis·
799 1548 887 1571 autem

150 1588 238 1610 mente
250 1583 289 1611 sic
302 1594 310 1610 ε
326 1582 451 1623 Inflatus
467 1587 563 1610 mente
583 1584 680 1609 carnis
701 1590 772 1615 suoe,
786 1587 815 1609 ει
829 1591 889 1609 ηοη,

150 1626 252 1650 tenens
263 1626 360 1660 caput.
375 1620 505 1650 Similiter
515 1626 540 1648 et
553 1619 588 1648 de
600 1629 692 1655 manu,
707 1619 750 1648 vel
764 1619 798 1648 de
810 1619 886 1659 pede.

148 1661 250 1689 Dextra
264 1669 358 1689 manus
370 1659 488 1689 hominis
501 1665 541 1688 est
553 1658 677 1688 voluntas
689 1658 783 1687 animae
799 1671 806 1686 z
821 1659 888 1688 sini·

148 1706 202 1728 stra
215 1706 304 1728 autem
317 1705 412 1728 manus
426 1699 550 1728 voluntas
563 1698 684 1738 corporis
696 1703 744 1727 est.
761 1699 823 1727 Haec
836 1709 888 1727 au-

149 1745 201 1767 tem
215 1749 341 1778 corporea
353 1748 448 1768 manus
461 1748 513 1767 non
528 1744 567 1767 est
581 1747 685 1775 manus,
700 1737 747 1766 sed
759 1747 889 1777 organum

148 1788 244 1808 manus
265 1778 350 1807 illius.
365 1778 424 1807 Nisi
439 1778 510 1807 enim
525 1777 663 1814 voluntas,
681 1783 727 1806 aut
742 1777 823 1813 bona,
842 1784 890 1807 aut

149 1817 231 1852 mala,
242 1816 357 1847 moverit
367 1827 436 1852 eam,
451 1817 485 1846 ad
498 1817 566 1846 nibil
579 1823 710 1846 movetur.
725 1817 823 1846 Dextra
834 1817 887 1846 ita-

149 1867 202 1896 que
215 1867 309 1887 manus
322 1857 438 1886 hominis
458 1863 497 1886 est
514 1856 637 1886 voluntas
652 1856 746 1885 animae
758 1868 766 1884 ι
781 1856 887 1886 sinistra

147 1903 237 1926 autem
258 1907 352 1926 manus
372 1903 412 1926 est
433 1896 558 1926 voluntas
582 1895 712 1935 corporis.
727 1895 790 1925 Ideo
814 1896 886 1926 enim

148 1943 237 1976 partes
260 1937 355 1965 animae
374 1935 476 1965 dextrae
494 1941 633 1971 vocantur,
660 1935 779 1975 corporis
797 1942 887 1965 autem

148 1976 282 2005 sinistrae:
299 1975 426 2015 quoniam
440 1975 527 2004 anima
549 1975 576 2003 in
596 1975 709 2004 arbitrio
730 1985 778 2004 suo
800 1982 887 2005 creata

147 2021 196 2050 est,
212 2015 246 2044 ad
257 2015 331 2055 quod
347 2015 463 2044 voluerit
474 2014 620 2050 declinare,
640 2015 697 2043 sive
714 2014 748 2043 ad
771 2015 883 2051 honum,

147 2055 205 2084 sive
222 2055 257 2084 ad
275 2055 377 2084 malum
393 2067 399 2082 :
417 2061 442 2083 et
460 2054 511 2083 sub
536 2054 592 2093 lege
612 2054 724 2094 justitiae
737 2060 823 2083 creata
837 2061 884 2090 est,

147 2100 178 2123 nt
190 2102 260 2124 recta
274 2094 375 2131 videat,
388 2100 457 2123 reeta
480 2093 582 2129 audiat,
593 2100 619 2122 et
633 2100 704 2132 agat,
716 2100 741 2122 et
754 2093 882 2123 ambulet.

147 2135 237 2163 Partes
249 2141 336 2163 autem
350 2133 469 2173 corporis
482 2133 595 2162 sinistrae
608 2133 746 2169 dicuntur,
758 2133 820 2171 quia
832 2143 884 2162 non

146 2179 186 2201 est
199 2172 226 2201 in
237 2173 350 2202 arbitrio
362 2183 411 2202 suo
424 2179 510 2201 creata
521 2183 592 2206 caro,
603 2179 643 2208 ut,
657 2172 714 2202 sive
724 2172 759 2201 ad
770 2173 884 2209 bonum,

147 2211 205 2240 sive
217 2211 253 2240 ad
267 2211 369 2240 malum
383 2210 518 2240 declinare
533 2211 660 2247 voluerit,
675 2211 759 2250 possit
774 2224 781 2240 t
797 2211 843 2240 sed
857 2213 884 2241 in

146 2250 218 2279 malo
230 2257 315 2280 creata
335 2257 374 2280 est
394 2250 445 2279 sub
467 2250 525 2289 lege
547 2251 658 2290 peccati,
674 2261 722 2280 nec
743 2257 827 2290 potest
840 2258 886 2280 aut

145 2289 248 2327 videre,
258 2296 304 2319 aut
314 2289 419 2325 audire,
431 2295 478 2317 aut
489 2299 566 2328 agere
580 2296 687 2319 rectum.
703 2291 748 2320 Sic
759 2297 785 2318 et
795 2300 894 2319 omnes-

145 2330 229 2358 sancti
243 2329 332 2358 dextri
350 2328 488 2363 dicuntur,
504 2334 651 2367 peccatores
668 2336 756 2358 autem
772 2328 883 2359 sinistri.

145 2369 339 2407 Unusquisque
348 2378 411 2406 ergo
420 2374 542 2396 nostrum
551 2367 631 2396 habet
641 2367 767 2397 dextrum
776 2369 884 2398 oculum

144 2415 170 2438 et
185 2408 323 2438 sinistrum
338 2419 345 2436 ε
360 2406 486 2436 dextrum
507 2406 626 2445 quidem,
642 2414 757 2436 mentem
777 2407 882 2445 animae,

144 2447 281 2477 sinistrum
295 2454 394 2483 autem,
412 2453 524 2475 mentem
543 2445 641 2484 carnis;
661 2446 783 2476 dextram
795 2454 882 2476 autem

144 2496 265 2523 manum,
278 2487 443 2517 voluntatem
456 2485 561 2522 animae,
576 2485 710 2515 sinistram
722 2493 819 2522 autem,
833 2497 882 2516 vo-

146 2526 272 2555 luntatem
290 2527 389 2555 caruis.
402 2526 518 2562 Quando
538 2535 601 2564 ergo
615 2535 649 2554 ex
663 2525 783 2564 passione
796 2527 883 2555 carnis

143 2565 356 2604 concupiscimus
365 2565 434 2594 sicut
443 2564 575 2599 homines,
588 2574 620 2593 an
625 2564 677 2593 imo
685 2571 772 2594 autem
783 2565 882 2595 resisti-

144 2614 204 2632 mus
217 2604 435 2643 concupiscentiae
455 2610 562 2640 nostrae,
575 2603 682 2633 sinister
700 2604 794 2634 oculus
807 2615 882 2634 scan-

909 2057 911 2060 “
941 2051 1058 2081 dicentes
1071 2063 1078 2080 ε

935 315 1048 345 Sinistra
1063 325 1159 345 manus
1172 315 1342 353 scandalizat,
1355 323 1381 346 et
1394 327 1445 347 non
1459 317 1553 347 dextra
1568 329 1575 347 ι
1591 318 1620 348 id
1629 325 1679 357 est,

936 354 1062 384 voluntas
1074 355 1173 390 carnis,
1190 365 1242 385 non
1255 356 1380 386 voluntas
1393 357 1500 386 animae.
1511 357 1586 388 Vide
1610 369 1683 389 nunc

937 394 1000 433 quia
1023 405 1075 423 non
1097 395 1175 434 jubet
1188 395 1275 424 carnis
1289 403 1403 426 mentem
1416 397 1522 437 ejicere,
1537 398 1580 427 vel
1594 398 1683 428 carnis

938 434 1083 473 praecidere
1108 435 1283 464 voluntatem.
1298 436 1354 465 Nec
1375 436 1446 472 enim
1468 437 1526 466 fieri
1540 443 1636 477 potest,
1653 444 1684 467 ut

938 483 1000 502 caro
1013 473 1159 512 aliquando
1173 481 1255 504 cesset
1269 485 1283 503 a
1298 474 1432 505 desiderio
1446 477 1527 506 malo.
1545 475 1684 507 Desideria

939 519 1027 542 autem
1042 514 1130 543 carnis
1150 514 1263 543 retinere
1282 514 1391 552 quidem
1412 525 1565 555 possumus,
1581 522 1610 546 ιιι
1631 527 1684 546 non

938 552 1069 582 faciamus
1081 553 1155 591 quod
1175 553 1309 583 desiderat
1327 564 1388 583 caro
1404 567 1411 583 ε
1429 555 1573 594 praecidere
1596 563 1686 585 autem

940 601 992 620 non
1007 602 1161 631 possumus,
1178 599 1207 621 ut
1221 602 1273 622 nou
1299 592 1440 623 desideret.
1457 594 1572 631 Quando
1596 602 1686 625 autem

940 641 974 660 ex
988 632 1125 671 proposito
1137 632 1232 661 animae
1246 632 1373 662 volumus
1387 633 1500 670 malum,
1514 640 1578 664 tunc
1591 634 1686 664 dextra

942 680 1047 708 manus,
1064 670 1094 700 id
1105 677 1155 707 est,
1177 672 1273 701 oculus
1295 671 1389 701 dexter
1411 682 1460 702 nos
1477 674 1649 710 scandalizat,
1660 681 1687 704 et

941 709 1035 739 dextra
1048 711 1183 740 voluntas.
1199 712 1278 741 Hunc
1296 712 1405 741 oculum
1427 719 1452 741 et
1474 712 1553 742 istam
1576 724 1686 743 manum

942 749 1086 789 praecidere
1104 750 1191 790 jubet,
1206 761 1288 790 quam
1307 758 1333 780 et
1355 762 1498 791 possumus
1517 753 1662 792 praecidere
1676 764 1686 782 ε

941 789 1068 827 quoniam
1091 790 1180 820 anima
1203 791 1230 819 in
1245 790 1357 820 arbitrio
1371 801 1420 820 suo
1441 798 1490 828 est,
1511 799 1541 821 ut
1563 792 1598 822 ad
1613 792 1687 832 quod

940 828 1069 864 voluerit,
1084 829 1172 859 valeat
1186 830 1329 860 declinare.
1347 831 1416 860 Caro
1431 837 1519 860 autem
1533 842 1585 861 non
1604 832 1631 861 in
1643 843 1687 861 ar-

942 867 1024 897 bitrio
1043 878 1093 898 suo
1105 876 1155 906 est,
1170 869 1216 899 sed
1232 870 1260 899 in
1274 870 1345 899 malo
1360 881 1367 899 ι
1381 870 1489 899 vendita
1504 877 1543 900 est
1558 872 1609 901 sub
1623 881 1686 911 pec-

942 914 1014 944 cato,
1029 915 1055 937 et
1068 918 1120 937 non
1134 916 1221 948 potest
1233 909 1334 938 bonum
1347 909 1428 939 velle.
1444 910 1508 939 Ideo
1521 917 1611 940 autem
1625 919 1689 940 caro

941 947 1048 977 sinistra
1071 947 1184 985 dicitur,
1206 949 1294 978 anima
1319 955 1408 978 autem
1431 949 1538 985 dextra,
1561 950 1688 989 quoniam

942 996 1003 1016 caro
1017 987 1052 1016 ad
1063 987 1232 1017 tentationem
1244 988 1322 1018 nobis
1335 995 1421 1018 creata
1433 995 1482 1026 est,
1496 989 1583 1019 anima
1599 996 1688 1019 autem

943 1026 977 1055 ad
991 1027 1113 1056 salutem.
1131 1028 1193 1057 Haec
1215 1035 1264 1064 est,
1289 1028 1359 1058 sicut
1380 1028 1509 1066 arbitror,
1532 1029 1585 1059 loci
1609 1029 1689 1059 istius

943 1065 1125 1105 interpretatio
1145 1077 1217 1096 vera.
1241 1069 1387 1097 Possumus
1400 1074 1490 1097 tamen
1509 1075 1535 1097 et
1548 1069 1633 1098 alium
1647 1070 1690 1098 in·-

943 1105 1035 1134 venire
1048 1106 1175 1135 colorem.
1190 1108 1336 1146 Respectus
1348 1107 1391 1137 vel
1403 1107 1580 1138 consideratio
1592 1108 1689 1138 mentis

944 1145 1038 1174 oculus
1051 1151 1090 1174 est
1103 1146 1208 1183 animae,
1222 1146 1347 1176 videlicet
1359 1147 1484 1176 voluutas
1497 1148 1614 1188 alicujus
1627 1158 1690 1188 ope-

943 1184 980 1213 ris
994 1184 1118 1219 faciendi,
1133 1192 1160 1214 et
1172 1196 1281 1215 movens
1303 1195 1414 1215 manum
1427 1186 1460 1216 ad
1475 1186 1586 1226 aliquod
1607 1197 1686 1228 opus.

943 1225 1042 1253 Manus
1052 1224 1147 1254 animae
1157 1231 1197 1255 est
1210 1225 1357 1255 secuudum
1371 1236 1400 1254 ea
1415 1236 1475 1264 quae
1488 1226 1620 1256 diximus.
1633 1229 1689 1257 Ut-

943 1270 1007 1303 puta
1022 1270 1077 1293 erat
1090 1264 1188 1294 mulier
1198 1264 1321 1303 quaedam
1335 1265 1472 1304 religiosa,
1484 1266 1528 1295 vel
1539 1267 1627 1306 virgo,
1643 1268 1690 1297 vel

943 1302 1026 1331 vidua
1044 1304 1174 1343 :respexi
1195 1311 1222 1333 et
1243 1304 1422 1341 consideravi,
1444 1311 1470 1334 et
1491 1305 1550 1335 dixi
1565 1307 1688 1336 :Debeo

942 1342 1052 1371 visitare
1075 1343 1149 1372 illam
1170 1343 1310 1373 mulierem
1325 1344 1441 1382 assidue,
1456 1352 1486 1374 ut
1500 1345 1523 1374 si
1543 1345 1611 1384 quid
1625 1347 1688 1376 reli-

943 1381 1028 1421 gionis
1055 1382 1160 1421 ignoret
1184 1383 1262 1422 quasi
1287 1384 1396 1421 mulier,
1419 1385 1556 1414 instruam
1572 1396 1640 1421 eam,
1661 1393 1688 1416 ct

942 1421 1097 1451 confirmem
1122 1422 1208 1462 ipsam
1231 1423 1258 1451 in
1284 1423 1343 1463 ipso
1370 1423 1442 1453 bono
1464 1426 1602 1464 proposito
1615 1427 1685 1466 ejus.

942 1461 1033 1490 Bonus
1047 1469 1183 1500 respectus
1196 1468 1236 1491 est
1257 1463 1316 1499 iste,
1339 1469 1364 1492 et
1387 1463 1482 1492 dexter
1505 1465 1600 1493 oculus
1617 1477 1624 1493 z
1640 1465 1688 1494 sed

942 1499 1008 1529 dum
1022 1501 1128 1530 assidue
1141 1501 1221 1530 visito
1239 1512 1309 1537 eam,
1323 1502 1413 1531 decidi
1434 1502 1461 1531 in
1477 1503 1602 1542 laqueum
1616 1503 1688 1534 desi-

943 1538 1013 1568 derii
1024 1540 1082 1579 ejus
1098 1551 1105 1567 ε
1120 1546 1144 1569 ει
1163 1540 1210 1568 ille
1222 1541 1309 1569 bonus
1324 1552 1365 1570 res
1385 1548 1459 1570 ectus
1477 1552 1562 1576 meus.
1579 1550 1604 1572 et
1617 1542 1687 1572 dex·-

943 1584 993 1614 ter,
1007 1579 1092 1607 factus
1103 1585 1142 1607 est
1151 1579 1218 1607 mihi
1228 1579 1255 1607 in
1269 1579 1364 1609 scanda
1380 1591 1434 1609 um.
1447 1580 1522 1617 Quid
1533 1591 1563 1610 er
1582 1593 1597 1610 ο
1609 1592 1688 1622 opor·-

943 1623 979 1646 tet
992 1617 1073 1646 fieri?
1088 1618 1193 1656 Ejicere
1211 1618 1291 1647 talem
1306 1619 1384 1648 illum
1403 1626 1550 1660 respectum
1601 1631 1665 1651 num
1677 1645 1689 1658 ‚

942 1657 990 1695 qui
1011 1663 1184 1695 generaturus
1201 1664 1240 1686 est
1260 1658 1328 1688 mihi
1355 1659 1466 1688 malum.
1484 1660 1538 1688 Αιιι
1552 1661 1599 1690 sic.
1618 1661 1689 1692 Vidi

943 1696 1090 1735 orphanam
1099 1697 1254 1735 quamdam,
1265 1705 1291 1727 et
1300 1697 1371 1733 dixi,
1383 1700 1474 1728 Debeo
1485 1698 1594 1729 illamin
1605 1700 1691 1730 domo

942 1745 1000 1764 mea
1021 1736 1148 1776 accipere,
1167 1743 1193 1766 ει
1212 1735 1336 1774 educare,
1361 1737 1445 1767 donec
1468 1738 1559 1768 veniat
1580 1746 1691 1780 tempus

941 1774 1060 1804 nubendi
1079 1789 1084 1803 :
1100 1783 1126 1805 et
1145 1776 1246 1805 vadens
1268 1778 1336 1816 coepi
1361 1777 1385 1807 ei
1407 1778 1611 1809 subministrare
1624 1787 1690 1820 quae

941 1815 1086 1844 necessaria
1106 1822 1189 1844 erant.
1203 1816 1308 1845 Bonum
1322 1827 1390 1856 opus
1402 1817 1463 1853 hoc,
1479 1824 1505 1846 et
1518 1817 1611 1848 dextra
1626 1830 1686 1848 ma-

941 1864 992 1883 nus
1014 1854 1069 1883 haec
1092 1861 1151 1891 est:
1168 1855 1214 1884 sed
1238 1855 1304 1885 dum
1329 1866 1406 1886 causa
1432 1857 1692 1889 subministrationis.

941 1893 1020 1923 video
1034 1904 1103 1928 eam,
1119 1894 1209 1924 decidi
1231 1894 1259 1924 in
1283 1895 1409 1934 laqueum
1423 1896 1550 1926 desiderii
1563 1897 1621 1937 ejus
1639 1905 1686 1928 :et

943 1933 1012 1962 illud
1025 1934 1128 1962 honum
1141 1943 1209 1973 opus
1223 1945 1321 1970 meum,
1339 1942 1365 1965 et
1383 1935 1477 1965 dextra
1502 1947 1596 1966 manus
1616 1938 1685 1968 facta

941 1979 980 2001 εει
994 1973 1059 2002 mihi
1071 1973 1098 2001 in
1111 1973 1277 2003 scandalum.
1294 1975 1347 2004 Vel
1361 1974 1407 2004 ita.
1425 1974 1554 2005 Videntes
1568 1987 1610 2006 me
1622 1977 1684 2016 qui-

941 2011 1003 2041 dam
1018 2023 1096 2051 agere
1117 2012 1280 2043 fiducialiter
1292 2024 1354 2043 cum
1367 2025 1408 2052 ea,
1424 2014 1594 2045 scandalizati
1610 2024 1683 2052 sunt,

1093 2051 1169 2089 Quid
1190 2052 1241 2082 sihi
1265 2053 1327 2083 vult
1346 2054 1397 2083 hoc
1410 2065 1477 2090 esse,
1491 2054 1565 2093 quod
1584 2055 1631 2086 iste
1645 2056 1684 2086 sic

941 2091 1108 2120 familiariter
1127 2091 1246 2131 loquitur
1269 2103 1331 2122 cum
1349 2094 1464 2134 puella?
1485 2095 1597 2133 Oportet
1620 2106 1684 2135 ergo

941 2130 1086 2170 praecidere
1105 2131 1156 2160 tale
1169 2142 1185 2160 o
1207 2142 1237 2161 us
1260 2131 1373 2170 honum,
1389 2133 1462 2172 quod
1487 2133 1532 2162 vel
1552 2135 1620 2163 mihi
1640 2135 1684 2164 vel

941 2170 1018 2199 alteri
1031 2177 1137 2210 generat
1148 2181 1190 2199 ma
1204 2181 1259 2200 um.
1276 2172 1345 2201 Nam
1361 2179 1386 2202 et
1401 2172 1474 2211 quod
1487 2173 1564 2202 alteri
1578 2181 1685 2212 generat

942 2209 1056 2246 malum,
1070 2210 1138 2239 mihi
1158 2217 1264 2278 qenerat
1278 2223 1284 2239 :
1299 2211 1362 2250 quia
1381 2222 1430 2252 per
1452 2222 1494 2240 me
1518 2212 1617 2241 sactum
1632 2220 1681 2249 est,

942 2255 971 2277 ut
985 2249 1052 2278 alter
1065 2248 1163 2278 scanda
1176 2250 1290 2279 izai-etur
1310 2251 1336 2279 in
1352 2261 1403 2280 me.
1421 2251 1457 2280 Et
1481 2251 1537 2280 haec
1560 2252 1682 2290 proposi-

941 2287 1021 2317 tionis
1044 2289 1128 2328 gratia
1149 2288 1269 2319 diximus
1293 2301 1299 2318 ε
1320 2297 1503 2319 verumtamen
1526 2290 1683 2328 generaliter

941 2338 1019 2356 omne
1030 2328 1141 2364 bonum,
1156 2328 1226 2367 quod
1241 2329 1285 2358 vel
1301 2339 1347 2358 nos
1359 2329 1403 2358 vel
1417 2329 1484 2357 alios
1505 2328 1678 2364 scandalizat,

960 2367 1085 2397 taecidvre
1101 2368 1230 2397 debemus
1243 2378 1257 2396 a
1269 2368 1356 2397 nobis.
1371 2369 1440 2397 Nam
1460 2367 1539 2404 quale
1559 2374 1598 2395 est
1611 2367 1682 2397 illud

939 2378 1052 2443 Bonum,
1062 2417 1097 2437 ex
1109 2418 1163 2446 quo
1174 2407 1291 2437 nascitur
1301 2406 1402 2435 malum
1410 2406 1424 2434 Ξ)
1435 2406 1533 2434 Melius
1546 2412 1585 2434 est
1595 2406 1680 2444 enim,

940 2452 970 2475 ut
982 2447 1039 2476 sine
1053 2457 1106 2476 uuo
1122 2453 1240 2487 respectu
1261 2452 1308 2475 aut
1329 2455 1381 2474 uno
1403 2454 1482 2483 opere
1504 2444 1575 2473 hono
1591 2445 1679 2475 salve·

939 2496 1011 2522 mur,
1023 2496 1103 2525 quam
1116 2492 1156 2522 ut,
1168 2486 1234 2515 dum
1245 2485 1333 2514 omnia
1343 2493 1422 2523 opera
1433 2483 1502 2512 bona
1512 2483 1686 2514 voluerimus

938 2525 1035 2562 facere,
1048 2536 1109 2554 cum
1123 2525 1250 2554 omnibus
1264 2533 1412 2563 pereamus.
1427 2522 1480 2552 Sed
1494 2529 1520 2552 et
1537 2523 1583 2551 alii
1602 2523 1684 2553 aliter

939 2564 1146 2604 interpretantur
1160 2564 1232 2592 hunc
1245 2563 1344 2592 locum.
1361 2561 1441 2596 Vult,
1455 2561 1589 2600 inquiunt,
1601 2563 1683 2592 Chri-

940 2610 1007 2641 stus,
1033 2610 1061 2632 ut
1080 2613 1131 2631 non
1157 2603 1244 2632 solum
1271 2599 1305 2630 de
1330 2600 1449 2640 periculo
1472 2601 1555 2630 nostri
1579 2603 1681 2641 pcccati
