1904 2840
0 1839 61 1874 [nan.
72 1839 95 1862 3.
107 1837 130 1860 5.

382 385 755 445 “ERUDITI
797 372 1386 443 COMMENTARH

135 571 246 675 ΙΝ
307 567 1036 650 EVANGELIUM
1089 566 1659 673 MATTHAE1‚

618 777 853 815 INCERTO
889 777 1157 822 AUCTORE,

729 943 1066 993 PROLOGUS.

160 1118 250 1152 *Sicut
263 1120 391 1156 referunt,
412 1118 572 1149 Matthaeum
594 1117 762 1147 conscribere
781 1117 873 1147 Evan-
890 1120 910 1143 Δ
927 1117 977 1147 hoc
990 1117 1076 1147 stadio
1094 1118 1200 1149 mundi.
1213 1120 1249 1149 Et
1265 1120 1395 1159 quoniam
1409 1123 1495 1151 omnis
1511 1123 1566 1152 vita
1579 1131 1668 1154 nostra

153 1161 236 1190 elium
249 1170 328 1189 causa
340 1158 471 1199 compulit
483 1158 554 1187 talis.
571 1158 642 1187 Cum
654 1157 722 1186 sacta
743 1156 835 1186 fuisset
848 1157 875 1185 in

134 1172 275 1230 {aiaesfina
291 1199 468 1239 persequutio
485 1197 585 1237 gravis,
606 1203 636 1225 ut
659 1196 876 1237 periclitarentur

135 1239 149 1256 l’
167 1238 286 1279 dispergi
311 1248 420 1273 omnes,
438 1244 469 1267 ut
487 1243 604 1266 carentes
630 1236 696 1266 forte
721 1235 878 1265 doctoribus

135 1279 211 1315 fidei,
225 1288 278 1308 non
289 1284 409 1308 carerent
420 1276 553 1313 doctrina,
564 1276 698 1317 petierunt
707 1276 875 1312 Matthaeum‚

136 1326 167 1348 ut
179 1317 300 1347 omnium
312 1317 459 1347 verborum
472 1322 499 1346 et
514 1326 627 1361 operum
641 1315 746 1345 Christi
759 1315 876 1344 conscri-

135 1358 211 1387 beret
228 1357 267 1386 eis
279 1356 429 1390 historiam,
452 1363 482 1385 ut
494 1356 660 1394 ubicumque
673 1361 758 1384 essent
778 1353 875 1391 futuri,

136 1397 219 1427 totius
236 1407 326 1426 secum
342 1396 470 1431 haberent
487 1394 551 1424 fidei
565 1402 673 1424 statum.
689 1393 770 1431 Quod
788 1400 877 1422 autem

137 1437 172 1466 ab
183 1437 299 1466 humana
310 1436 371 1476 ejus
377 1435 458 1475 coepit
468 1434 615 1470 nativitate,
627 1441 653 1463 et
662 1434 808 1463 humanam
820 1434 878 1473 ejus

138 1475 332 1515 generationem
399 1474 481 1511 osuit,
496 1474 625 1514 compulit
641 1474 724 1514 impia
737 1472 879 1512 impuden-

137 1515 175 1545 tia
188 1515 356 1552 Judaeomm,
390 1513 558 1552 enegantium
578 1514 671 1544 Jesum
689 1513 828 1543 Christum
844 1511 879 1541 de

137 1554 228 1584 David
240 1554 340 1584 semine
351 1553 449 1583 ducere
462 1563 554 1592 genus.
570 1554 676 1593 Corpus
686 1559 775 1581 autem
788 1562 881 1580 narra-

139 1594 218 1623 tionis
228 1604 282 1623 suae
295 1592 430 1622 ordinavit
444 1592 495 1621 hoc
504 1591 584 1621 modo
595 1604 602 1620 ι
617 1591 736 1631 primum
750 1590 879 1620 nativita—

139 1640 204 1670 tem,
226 1632 324 1662 deinde
345 1631 527 1671 baptismum,
550 1631 629 1660 tertio
646 1630 827 1664 tentationem,
851 1629 878 1658 in

139 1679 235 1711 quarto
245 1671 408 1706 doctrinam,
433 1670 460 1699 in
481 1670 575 1709 quinto
595 1669 736 1706 miracula,
759 1669 787 1697 in
804 1675 879 1698 sexto

139 1711 298 1751 passionem,
320 1710 349 1738 in
371 1709 484 1749 septimo
499 1710 731 1744 resurrectionem,
746 1714 772 1737 et
788 1718 878 1737 ascen·
895 1714 912 1737 Β

139 1751 242 1780 sionem
253 1751 328 1790 ejus;
343 1759 396 1778 non
409 1748 498 1778 solum
511 1748 651 1777 historiam
664 1748 698 1777 de
708 1747 815 1777 Christo
830 1758 879 1776 ex-

140 1800 239 1830 ponere
251 1789 342 1819 volens
361 1799 409 1828 per
421 1788 489 1825 haec,
511 1798 607 1817 verum
624 1789 704 1817 etiam
722 1786 880 1826 evangelicae

141 1830 203 1859 vita!
214 1835 312 1858 statum
330 1827 426 1856 docere
441 1839 448 1855 :
463 1827 590 1866 quoniam
610 1827 680 1856 nihil
699 1833 738 1855 est
760 1825 834 1865 quod
847 1836 881 1855 cx

141 1869 296 1909 parentibus
314 1867 457 1903 nascimur,
479 1866 531 1895 nisi
553 1866 649 1896 iterum
670 1876 718 1906 per
741 1875 838 1904 aquam
856 1872 882 1894 et

141 1908 274 1954 Spiritum
287 1913 408 1936 sanctum
421 1905 505 1935 renati
526 1905 656 1935 fuerimus
678 1916 712 1934 ex
725 1906 794 1940 Deo,
810 1915 881 1943 quo-

141 1958 214 1977 niam
226 1946 299 1986 quod
321 1956 355 1975 ex
367 1944 445 1975 carne
457 1945 585 1981 nascitur,
601 1955 662 1974 caro
676 1951 713 1974 est
721 1955 730 1981 ;
745 1943 818 1983 quod
831 1954 882 1972 au-

141 1994 196 2019 tem
205 1986 239 2016 de
249 1986 357 2026 spiritu,
369 1985 480 2025 spiritus
491 1991 539 2014 est.
548 1986 612 2014 Post
619 1984 783 2024 baptismum
793 1990 883 2012 autem

142 2036 246 2057 neeesse
256 2032 296 2054 est
305 2032 394 2054 contra
404 2024 545 2054 diabolum
556 2030 635 2060 stare,
651 2024 778 2061 quoniam
787 2022 821 2052 ad
833 2022 884 2052 hoe
919 2019 922 2022 ’

143 2065 257 2105 quisque
271 2065 390 2104 ungitur.
404 2065 438 2093 Ei
458 2063 635 2094 reaedificatur
652 2063 679 2092 in
694 2063 728 2092 ba
749 2063 839 2098 tismo,
855 2069 885 2091 ut

144 2112 235 2135 contra
245 2112 389 2144 tyrannum
397 2103 526 2143 susm'piat
532 2102 646 2132 bellum.
659 2104 720 2132 Post
750 2113 797 2138 «τε,
808 2101 885 2140 quasi

144 2144 217 2174 omni
228 2151 353 2184 superata
363 2143 516 2179 tentatione,
525 2143 610 2171 factus
620 2142 731 2171 idoneus
745 2141 779 2170 ad
789 2141 886 2170 decen·-

145 2183 222 2218 dum,
237 2183 260 2212 si
271 2182 514 2222 quidemsaoerdos
526 2188 576 2218 est,
590 2181 683 2211 doceat
698 2193 704 2210 ε
720 2187 746 2210 et
758 2180 821 2220 quia
835 2180 886 2209 mi-

145 2222 299 2252 mentorum
311 2221 494 2251 faciendorum
504 2231 557 2250 non
568 2227 607 2250 est
621 2231 725 2261 semper
735 2220 897 2256 necessitas,x

146 2261 295 2291 doctrinam
310 2271 386 2290 suam
397 2261 474 2289 bona:
493 2261 566 2296 vitae,
586 2261 663 2298 quasi
678 2259 826 2295 miraculis,
846 2259 887 2287 fa-

147 2301 196 2330 ctis
207 2299 382 2330 commendet.
398 2299 427 2330 Si
439 2306 527 2329 autem
540 2299 626 2328 la'i'cus
638 2306 686 2334 est,
697 2298 823 2338 operibus
836 2297 886 2326 do-

147 2347 204 2370 ceat
218 2339 298 2368 fldem
309 2352 315 2368 ε
327 2350 343 2368 o
363 2338 453 2368 eribus
466 2349 494 2368 se
508 2345 533 2367 et
546 2338 702 2367 hominihus
711 2336 886 2372 commendet,

148 2386 175 2409 et
185 2381 252 2409 Deo.
268 2350 371 2408 Deincli:
384 2377 447 2416 quia
461 2387 512 2406 non
528 2387 669 2417 possumus
680 2377 757 2406 aliter
767 2376 842 2405 exire
854 2375 888 2405 de

150 2418 261 2454 mundo,
274 2417 325 2447 nisi
345 2417 463 2446 solutum
479 2416 560 2445 fuerit
571 2426 679 2456 corpus,
692 2426 740 2455 per
760 2414 834 2454 quod
846 2415 888 2444 in-

150 2458 233 2497 gressi
243 2468 336 2487 sumus
349 2457 377 2486 in
390 2455 532 2492 mundum,
543 2465 647 2485 necesse
660 2461 699 2484 est
709 2454 782 2486 exire
795 2465 843 2484 rios
854 2453 889 2484 de

186 2556 196 2567 ⁸
214 2547 313 2573 Titulus
331 2549 357 2573 in
376 2547 470 2573 Codice
490 2546 569 2572 Vallis
592 2546 637 2572 Dei
656 2545 879 2572 Carthusianorum

155 2587 252 2619 Incipit
267 2586 391 2619 originale
403 2586 430 2611 S.
443 2585 553 2610 Joannis
566 2585 737 2619 chrysostomi
751 2594 825 2619 snper
834 2586 907 2610 Mat-

927 1157 1036 1203 tentatio
1047 1157 1109 1196 fuit,
1123 1166 1203 1188 restat
1214 1166 1243 1188 ut
1254 1160 1404 1190 tentationis
1416 1161 1557 1191 victoriam
1578 1174 1667 1192 resur-

926 1204 1051 1237 rectionis
1082 1209 1181 1228 merces
1209 1207 1335 1238 sequatur
1358 1207 1383 1229 et
1409 1201 1503 1240 gloria.
1525 1203 1669 1232 Matthaeus

927 1243 1079 1266 sanctorum
1093 1238 1215 1276 quidem,
1240 1238 1374 1279 praecipue
1388 1247 1475 1269 tamen
1516 1249 1668 1271 eccatorum

927 1276 1100 1321 eyangelista,
1107 1277 1155 1316 qui
1165 1288 1216 1307 non
1226 1278 1314 1308 solum
1324 1286 1455 1317 sermone,
1464 1251 1514 1309 sed
1521 1281 1600 1310 etiam
1612 1281 1669 1321 ipsa

927 1322 989 1361 vitaz
1002 1326 1056 1361 suae
1064 1317 1224 1347 correctione
1236 1318 1418 1358 peccatoribus
1425 1320 1594 1359 evangelium
1603 1332 1671 1361 pra:-

927 1354 1040 1400 dicaVit.
1055 1357 1210 1395 Numquam
1230 1358 1301 1387 enim
1320 1358 1480 1388 telonearius
1501 1361 1669 1397 constitutus,

927 1405 975 1440 qui
984 1403 1156 1426 consueverat
1164 1398 1293 1437 pecunias
1303 1397 1428 1437 colligere
1435 1399 1578 1438 perituras,
1585 1401 1670 1430 factus

926 1434 1021 1464 fuisset
1041 1436 1213 1475 evangelista,
1239 1444 1268 1466 ut
1292 1447 1426 1467 sermones
1446 1440 1623 1469 conscriberet
1642 1440 1670 1469 in

928 1481 1055 1504 aeternum
1069 1485 1218 1513 mansuros,
1234 1476 1286 1506 nisi
1306 1483 1335 1505 ut
1349 1488 1398 1506 suo
1410 1478 1535 1517 exemplo
1548 1486 1670 1519 peccato-

928 1524 970 1542 res
984 1514 1018 1543 ad
1039 1514 1251 1545 misericordiam
1288 1516 1429 1546 oenitcntiae
1449 1517 1574 1547 invitaret
1596 1530 1602 1547 :
1624 1519 1671 1557 qui

929 1552 1074 1591 aliquando
1087 1554 1248 1583 fuit'cautus
1273 1555 1395 1594 ogotheta
1408 1556 1542 1585 rationum
1551 1564 1670 1586 terrena-

929 1602 1002 1628 rum,
1016 1602 1088 1621 nunc
1100 1600 1188 1622 autem
1202 1593 1425 1631 diligentissimus
1445 1602 1484 1624 est
1504 1595 1671 1635 dispensator

929 1631 1113 1670 spiritualium
1124 1639 1338 1700 cpraeceptorum.
1354 1634 1432 1663 Tunc
1449 1634 1548 1664 multos
1565 1646 1671 1676 paupe-

929 1680 970 1698 res
983 1670 1043 1699 fecit
1063 1671 1122 1699 frau
1143 1671 1212 1700 ando
1233 1672 1382 1711 pecuniam,
1401 1683 1472 1702 nunc
1487 1681 1576 1703 autem
1589 1675 1671 1704 innu-

930 1709 1070 1738 merabiles
1090 1709 1188 1740 divites
1206 1711 1269 1741 facit
1294 1711 1463 1751 praedicando
1482 1714 1630 1753 justifiam,
1642 1722 1672 1744 ut

930 1749 1130 1788 magnificemus
1147 1750 1293 1780 Dominum
1312 1758 1420 1791 propter
1433 1763 1495 1781 eum
1514 1764 1579 1783 voce
1606 1765 1664 1794 pro-

930 1788 1035 1827 phetica
1051 1811 1058 1824 ,
1076 1788 1193 1819 dicentes
1214 1802 1221 1818 ε
1241 1791 1314 1819 Haec
1339 1794 1526 1822 commutatio
1551 1794 1671 1823 dextera
1681 1803 1744 1826 psal.
1753 1802 1789 1832 76.

930 1828 1060 1858 Excelsi.

1043 1925 1177 1955 Humilia
1188 1926 1284 1965 prima
1297 1936 1333 1955 ex
1349 1929 1444 1967 capite
1452 1931 1557 1968 primo.

973 2021 1061 2050 Liber
1069 2020 1264 2059 generationis
1276 2020 1348 2049 Jesu
1359 2020 1546 2062 Chri'sli‚filii
1559 2024 1671 2059 David,

931 2059 1165 2098 filiiAbraham.
1184 2059 1266 2089 Liber
1284 2066 1323 2088 est
1342 2060 1418 2099 quasi
1435 2072 1449 2089 a
1471 2062 1562 2091 otheca
1597 2063 1676 2092 rati-'i-

935 2110 1006 2129 rum.
1032 2099 1108 2128 Sicut
1136 2099 1206 2127 enim
1232 2098 1260 2127 in
1283 2100 1411 2139 apotheca
1445 2071 1538 2131 divitis
1561 2073 1675 2141 alicujus

935 2139 1022 2168 omnis
1035 2138 1115 2167 homo
1126 2137 1199 2177 quod
1208 2137 1340 2168 desiderat
1354 2139 1456 2169 invenit
1470 2152 1476 2169 ε
1493 2140 1531 2170 sic
1542 2148 1568 2170 et
1586 2142 1612 2170 in
1625 2142 1676 2171 isto

935 2179 1007 2207 libro
1020 2177 1107 2207 omnis
1125 2177 1212 2206 anima
1225 2177 1299 2216 quod
1312 2179 1490 2208 necessarium
1503 2180 1583 2209 habet
1596 2181 1674 2209 inve-

935 2217 985 2247 nit.
997 2216 1073 2254 Quid
1083 2223 1123 2246 est
1142 2216 1214 2254 quod
1230 2217 1277 2252 ait,
1294 2218 1380 2247 Liber
1393 2220 1586 2258 generationis
1604 2221 1676 2249 Jesu

938 2258 1057 2292 Christi,
1061 2256 1127 2296 filii
1136 2257 1247 2292 David,
1256 2257 1316 2296 filii
1329 2259 1480 2287 Abrahae?
1496 2259 1532 2288 Et
1543 2257 1676 2296 quomodo

938 2336 1106 2365 enar-rabit?
1200 2335 1247 2364 illc
1268 2335 1389 2365 divinam
1410 2343 1601 2375 generationem
1620 2346 1677 2373 cJus

939 2374 1143 2404 inenarrabilem
1157 2385 1213 2404 esse
1232 2375 1397 2414 pronuntiat,
1418 2375 1467 2404 iste
1483 2381 1571 2403 autem
1584 2385 1677 2403 carna-

939 2414 993 2444 lem
1013 2414 1132 2459 exponit.
1150 2415 1292 2453 Propterea
1317 2423 1368 2442 non
1391 2413 1472 2450 dixit,
1494 2414 1559 2442 Jesu
1578 2413 1680 2442 Christi

940 2454 992 2483 filii
1004 2453 1056 2483 Dei
1079 2452 1147 2483 :sed
1169 2453 1240 2483 Filii
1256 2453 1365 2489 David,
1383 2453 1442 2491 filii
1464 2452 1631 2480 Abraham.
1647 2453 1682 2482 Et

899 2558 903 2572 :
931 2546 1015 2570 eancu'
1026 2545 1136 2570 Joannt's
1148 2545 1257 2577 episcopi
1274 2545 1300 2567 in
1319 2542 1346 2568 S.
1360 2541 1486 2566 Mauhaeo
1505 2541 1682 2575 Evangeli'sla.

967 2586 980 2604 ¹¹
997 2584 1062 2610 Cod.
1075 2585 1106 2609 V.
1120 2584 1151 2608 D.
1164 2583 1270 2615 dispersi
1287 2590 1387 2613 onmes,
1397 2588 1450 2613 quae
1462 2580 1536 2605 lcctio
1549 2589 1600 2606 nou
1618 2590 1686 2614 sper-

156 2625 257 2650 tliaeum.
281 2624 349 2650 Alter
368 2624 454 2650 titulus
473 2624 583 2651 ibidem:
598 2624 693 2658 Incipit
711 2623 909 2651 Commentarius
934 2623 1024 2651 nenda.
1037 2622 1086 2654 Alii,
1095 2623 1207 2655 dispergi
1215 2628 1307 2645 omnes.

315 2667 387 2686 Tou.
412 2668 455 2686 Vi.

1510 2653 1547 2689 [38

1686 1840 1721 1856 tt.

904 2306 923 2329 c
937 2296 1004 2326 dicit
1014 2296 1105 2326 Esaias
1113 2295 1253 2365 pggghetm
1264 2296 1304 2325 Et
1314 2299 1527 2342 generationem
1540 2299 1601 2336 ejus
1613 2298 1676 2341 qais
1687 2303 1819 2327 Esat.53.8.
