1890 2826
595 200 730 224 CONTRA
757 201 927 232 THEATRA,
956 201 1031 224 ETc.
1062 202 1184 225 SLRMO.

95 263 162 294 ,ἀπὸ
172 263 287 299 σπουδῆς
299 262 443 298 τοσαύτης,
455 264 491 295 ὡς
504 262 549 291 καὶ
562 263 610 298 τῆς
621 262 784 297 Ἐκκλησίας
798 264 877 302 ὑπερ-

110 305 182 339 ιδεῖν,
194 303 240 332 καὶ
253 302 297 332 διὰ
309 304 386 332 τοῦτο
400 301 543 335 ἀναὸάντες
556 302 619 336 ἐκεῖ,
633 302 678 331 καὶ
690 301 877 342 διημερεύσαν-

106 354 163 378 τες,
182 342 227 371 καὶ
246 346 304 375 ταῖς
325 342 401 382 ὄψεσι
419 343 465 377 ἠτι
510 341 595 380 μένων
617 343 747 380 γυναικῶν
771 341 876 371 ἐκείνων

105 381 322 421 προσηλωμένοι,
331 383 388 414 πῶς
407 381 562 416 δυνησονται
581 380 678 420 λέγειν,
700 380 740 410 ὅτι
761 383 791 411 οὗ
811 381 877 420 πρὸς

106 421 246 460 ἐπιθυμίαν
258 417 335 456 εἶδον,
343 420 409 450 ὅπου
421 420 466 450 καὶ
477 420 585 460 ῥήματα
598 420 819 460 διακεκλασμένα,
831 420 876 449 καὶ

105 459 742 540 {Zizssaffiffxgssfflffffl{4232ss
755 460 875 540 «ἷέζῖῗὲἐ

474 520 482 534 7
867 521 875 535 2

106 539 151 569 καὶ
164 529 402 579 στολὴιπεριέργως
415 538 583 579 συγκειμένη,
590 538 635 568 καὶ
648 541 743 579 σχῆμα
755 539 876 578 γοητείας

106 578 196 618 γε’μον,
210 579 256 608 καὶ
273 579 362 619 ἕτεραι
381 578 479 608 πολλαὶ
503 582 660 618 μαγγανεῖαι
683 578 748 619 πρὸς
769 578 874 614 ἀπάτην

106 619 152 649 καὶ
164 618 258 659 δέλεαρ
267 620 320 648 τῶν
333 617 454 658 δρώντων
471 618 723 657 κατεσκευασμέναι,
733 618 779 648 καὶ
794 620 872 658 ῥᾳθυ-

107 658 155 697 μία
167 659 254 698 ψυχῆς
266 659 319 687 τῶν
332 657 479 696 θεωμένων,
490 658 535 687 καὶ
553 657 640 693 πολλὴ
653 660 672 694 ἡ
683 657 817 698 διάχυσις,
829 658 875 688 καὶ

105 701 123 733 ἡ
136 698 210 738 παρὰ
222 701 269 727 τοῦ
281 697 363 727 τόπου
376 696 442 737 πρὸς
454 697 592 737 ἀσέλγειαν
604 697 781 738 παράκλησις,
794 698 839 727 καὶ
856 700 872 734 ἡ

106 740 159 768 τῶν
173 737 337 778 φθασάντων,
349 737 394 767 καὶ
407 739 424 773 ἡ
438 738 491 766 τῶν
504 737 573 776 μετὰ
591 740 675 773 ταῦτα
689 737 873 776 ἀκουσμάτων,

106 780 123 813 ἠ
136 777 180 807 διὰ
192 779 245 807 τῶν
256 776 398 817 συρίγγων,
406 778 423 812 ἦ
438 775 481 805 διὰ
495 778 548 806 τῶν
561 777 648 806 αὐλῶν
663 776 708 806 καὶ
722 779 774 806 τῶν
786 777 873 807 ἄλλων

106 819 159 846 τῶν
172 815 296 846 τοιούτων
311 815 428 856 μελῳδία
440 816 680 855 καταγοητεύουσα,
693 816 738 845 καὶ
752 816 782 845 τὸ
797 818 874 857 στεῤ-

1602 194 1671 230 653

930 262 982 291 bus
1001 261 1084 292 defixi
1104 269 1168 292 sunt
1190 263 1287 301 oculis,
1301 265 1436 303 quomodo
1448 273 1572 306 poterunt
1584 267 1674 298 dicere

930 312 958 330 se
971 311 1023 331 non
1041 301 1076 331 ad
1089 302 1331 343 concupiscentiam
1345 305 1453 342 vidisse,
1466 306 1513 336 ubi
1532 307 1615 336 verba
1631 308 1672 337 la-

929 341 1003 371 sciva
1015 348 1042 370 et
1054 342 1155 371 cantica
1169 343 1328 380 meretricia,
1336 351 1362 373 et
1374 355 1429 374 vox
1439 346 1530 375 multae
1540 346 1619 385 plena
1632 358 1674 377 ve-

930 379 1052 420 luptatiS‚
1061 388 1087 410 et
1099 382 1240 411 oculorum
1257 383 1402 427 pigmenta,
1415 391 1441 414 et
1453 385 1569 414 miniatae
1587 397 1672 425 gente,

930 420 1011 450 vestis
1037 428 1160 451 accurate
1181 432 1240 451 com
1261 429 1339 457 osrta,
1358 423 1674 463 habitusque'lenocinio

929 459 1040 498 plenus,
1063 460 1173 499 aliaeque
1191 472 1238 490 mu
1251 469 1283 491 toe
1311 462 1444 492 illecebrae
1458 464 1503 493 ‘ad
1525 464 1674 494 fallendum

929 498 1192 538 demulcendumque
1213 508 1372 540 spectatores
1393 503 1546 543 compositae
1567 515 1574 532 :
1595 504 1674 544 igna-

928 537 1027 583 viaque
1039 538 1124 576 animi
1136 539 1312 575 intuentibus,
1325 541 1463 580 multaque
1472 543 1579 580 effusio,
1594 552 1675 583 atque

929 577 973 607 vel
983 578 1068 618 ipsius
1079 578 1142 614 loci,
1151 589 1199 608 nec
1208 589 1261 608 non
1270 590 1365 609 eorum
1374 592 1433 619 quae
1443 582 1529 622 prius,
1537 593 1596 622 quae
1606 591 1675 624 post-

928 628 958 646 ea
981 617 1127 647 recitantur
1140 618 1174 647 ad
1184 618 1323 648 lasciviam
1347 621 1447 656 suasio,
1461 629 1554 651 cantus
1570 622 1674 652 demul-

927 667 990 686 cens
1003 657 1167 695 fistularum,
1182 658 1312 688 tibiarum
1328 666 1354 688 et
1370 660 1512 696 similium,
1522 661 1568 700 qui
1588 662 1672 691 animi

928 696 1014 726 robur
1036 697 1152 736 frangit,
1174 697 1377 737 sedendumque
1397 700 1478 729 corda
1505 701 1673 731 meretricum

927 735 1035 765 insidiis
1073 736 1225 766 invadenda
1256 745 1386 778 apparat,
1413 746 1547 779 captuque
1584 741 1673 770 facilia

927 774 1034 811 reddit,
1056 786 1202 815 earumque
1227 787 1309 821 opera
1331 788 1347 806 a
1367 778 1476 808 Christo
1498 781 1622 819 separat?
1642 782 1672 811 Si

926 814 998 844 enim
1014 815 1070 851 hic,
1089 815 1134 845 ubi
1159 816 1270 856 psalmi,
1290 824 1316 846 ct
1336 818 1480 855 orationes,
1500 819 1670 849 divinorum-

108 857 151 896 ῥὸν
165 858 213 892 τῆς
226 857 340 889 διανοίας
352 855 601 895 καταμαλάττωσα,
613 856 658 885 καὶ
672 861 729 889 ταῖς
743 857 796 886 τῶν
807 868 872 896 ‘nop-
881 873 916 892 553
927 865 979 893 que
1005 855 1175 894 eloquiorum
1201 856 1357 891 conciones,
1383 858 1433 886 Dei
1458 858 1539 888 timor
1565 866 1591 888 et
1612 863 1672 899 pie—

106 898 158 926 νῶν
175 896 327 929 ἐπιὸουλαῖς
341 894 581 935 προευτρεπίζουσα
597 895 644 928 τὰς
652 898 705 925 τῶν
718 895 873 935 καθημένων
889 901 909 923 Α
928 900 967 923 tas
983 895 1079 930 multa,
1089 905 1124 923 sae

105 935 201 976 ψυχὰς,
215 935 261 965 καὶ
268 934 414 968 εὐαλώτους
427 937 548 970 ποιοῦσα,
558 936 591 964 δι’
607 936 694 964 αὐτῶν
708 935 874 971 διαστήσασα

105 978 151 1004 τοῦ
171 976 303 1015 Χριστοῦ,
316 975 350 1004 Εἰ
360 974 412 1014 γὰρ
429 975 555 1009 ἐντῶθα,
568 975 632 1004 ὅπου
646 974 760 1014 ψαλμοὶ,
771 975 817 1004 καὶ
831 976 873 1004 εὗ-

105 1014 165 1054 χαὶ,
179 1015 224 1044 καὶ
237 1014 313 1044 θείων
326 1013 422 1053 λογίων
434 1013 568 1053 ἀκρόασις,
580 1014 625 1043 καὶ
639 1015 710 1044 Θεοῦ
724 1014 813 1054 φόὸος,
828 1015 874 1044 καὶ

105 1054 228 1085 effidem
246 1053 347 1089 πολλὴ,
367 1053 510 1089 πολλάκις,
525 1053 616 1093 ὥσπερ
639 1065 679 1087 τις
701 1053 802 1093 λῃστὴς
821 1066 874 1083 κα-

104 1096 228 1134 κοῦργος,
249 1094 365 1123 λαθοῦσα
389 1093 542 1128 ἐπεισῆλθεν
563 1092 703 1132 ἐπιθυμία·
723 1095 781 1126 πῶς
801 1095 826 1123 οἱ
847 1095 874 1123 ἐν

106 1133 206 1174 θεάτρῳ
228 1133 296 1169 καθή
333 1144 387 1167 νοι,
405 1132 450 1161 καὶ
471 1132 552 1171 μηδὲν
595 1132 643 1167 ήτε
665 1134 790 1172 ὁρῶντες,
805 1132 873 1171 μήτε

106 1173 243 1205 ἀκούοντες
255 1174 288 1211 tay
313 1184 339 1207 ς,
348 1170 417 1201 ἀλλὰ
433 1172 534 1206 πολλῆς
547 1182 671 1210 γεμοντες
686 1171 873 1212 αἰσχρότητος,

105 1213 205 1247 πολλῆς
217 1214 266 1247 τῆς
274 1211 408 1251 βλακείας,
416 1210 463 1240 καὶ
479 1211 521 1240 διὰ
532 1210 638 1240 πάντων
649 1211 874 1251 πολιορκούμενοι,

105 1251 152 1280 καὶ
164 1252 198 1280 δι’
208 1251 293 1288 ὤτων,
304 1250 349 1280 καὶ
363 1251 396 1280 δι’
409 1251 561 1290 ὀφθαλμῶν,
574 1250 686 1280 δύναιντ’
702 1250 734 1279 ἂν
749 1251 875 1291 ἀνώτεροι

105 1290 225 1329 γενέσθαι
236 1293 284 1327 τῆς
296 1294 413 1330 πονηρᾶς
425 1288 525 1325 ἐκείνης
538 1289 693 1329 ἐπιθυμίας;
708 1289 745 1328 μὴ
760 1290 873 1329 δυνάμι-

104 1342 144 1359 νοι
156 1330 195 1365 δὲ,
205 1332 262 1364 πῶς
273 1329 429 1366 δυνήσονται
442 1331 494 1358 τῶν
505 1331 552 1365 τῆς
567 1329 687 1369 μοιχείας
699 1329 874 1368 ἐγκλημάτων

106 1370 291 1410 ἀπηλλάχθαι,
305 1370 330 1398 οἱ
347 1368 374 1398 δὲ
385 1370 437 1397 τῶν
449 1370 496 1404 τ’ἧς
509 1368 630 1408 μοιχείας
643 1369 818 1408 ἐγκλημάτων
829 1371 876 1400 οὐκ

105 1409 318 1448 ἀπηλλαγμένοι,
331 1410 388 1442 πῶς
401 1408 556 1444 δυνήσονται
574 1409 655 1448 χωρὶς
671 1409 809 1446 μετανοίας
822 1411 874 1439 τῶν

105 1447 187 1487 ἇγίων
218 1448 317 1478 τούτων
342 1447 468 1482 ἕπιὸἧναι
485 1447 636 1487 προθύρων,
659 1447 704 1478 καὶ
726 1451 771 1477 τοῦ
793 1450 874 1478 καλοῦ

105 1488 198 1517 τούτου
226 1492 368 1528 μετασχεῖν
396 1486 540 1525 συλλόγου;
562 1487 610 1517 Διὸ
630 1486 662 1523 δὴ
684 1489 806 1555 παραινῶ
829 1489 875 1517 καὶ

106 1526 875 1604 π”ἶρόπρῖπῖἓομέᾚιῗῖζζἜνμῗὶᾜςέἔὲὶοῖῗῗ

108 1606 164 1644 ρίας
172 1579 318 1646 {te-affluit,
328 1577 463 1634 οὕτωμζιῶν
476 1604 550 1633 θείων
565 1605 710 1644 ἀκροᾶσθαι
720 1605 824 1644 λογίων.
833 1607 874 1635 Οὐ

105 1644 158 1684 γὰρ
174 1645 205 1674 τὸ
216 1644 296 1684 τυχὸν
310 1646 375 1683 ἡμῖν
385 1643 626 1682 πεπλημμέληται·
637 1643 682 1672 καὶ
695 1646 773 1673 τοῦτο
786 1644 831 1673 καὶ
845 1646 875 1673 ἐκ

105 1684 325 1733 παραδειγμάτων
336 1683 386 1713 ἴδοι
399 1695 439 1716 τις
452 1682 483 1712 ἂν
497 1684 595 1722 σαφῶς.
608 1683 641 1712 Εἰ
655 1682 706 1722 γάρ
719 1694 758 1716 τις
772 1683 876 1719 οἰκέτης

107 1725 143 1756 εἶς
164 1723 297 1758 κιὸωτιον,
311 1723 372 1752 ἔνθα
390 1722 424 1751 τὰ
442 1721 586 1751 δεσποτικὰ
608 1722 703 1760 ἱμάτια
723 1722 876 1752 ἐναπέκειτο

106 1763 237 1797 πολυτελῆ
256 1762 302 1791 καὶ
320 1762 463 1802 διάχρυσα,
478 1760 582 1800 ἱμάτιον
601 1761 718 1791 δουλικὸν
734 1761 815 1801 ῥύπου
847 1762 873 1791 έ-

107 1813 155 1839 μον
168 1801 214 1831 καὶ
222 1802 327 1831 πολλῶν
337 1803 390 1830 τῶν
399 1803 510 1841 φθειρῶν
524 1800 673 1837 ἐναπέθετο,
679 1796 731 1840 ἆρα
742 1801 773 1829 ἂν
784 1812 875 1841 πραως

105 1841 217 1880 ἤνεγκας
228 1841 278 1877 τὴν
292 1840 441 1881 ὕὸριν,εἶπέ
456 1851 514 1878 μοι,
525 1839 563 1869 Τί
576 1839 614 1875 δὲ,
628 1839 704 1874 εἴτις
718 1841 755 1874 εἰς
768 1842 872 1909 ἀγγεῖον
884 1854 889 1856 ·

105 1884 218 1949 {pff}
231 1881 302 1931 ἐώρα
314 1880 439 1949 ῗὲηἜκῶς
450 1880 521 1948 ‘iffi'
536 1879 875 1948 εἷωθῖῗιέοκόῇροῖεῗαπλβόῗ

106 1931 367 1997 fflwtssffi’uw’ss
378 1931 453 1988 ἔτῖἷ
469 1930 601 1988 ,ἶῖεῗῖτιὶἱν
627 1931 742 1997 μιῗ,χὶι
756 1931 873 1995 mviii,

106 1999 150 2028 καὶ
168 1999 290 2038 ἱματίων,
307 1999 352 2027 καὶ
370 1998 459 2039 μύρων
478 1997 608 2033 τοσαύτην
622 1997 786 2036 ποιησόμεθα
806 1999 872 2039 πρό-

106 2050 186 2075 νοιαν,
206 2038 254 2075 τὴν
273 2039 300 2068 δὲ
317 2050 322 2059 ”
354 2038 406 2078 χὴν
425 2036 474 2072 τὴν
495 2037 626 2077 ἡμετέραν
646 2037 752 2067 πάντων
773 2037 873 2067 τούτων
887 2041 906 2071 c

106 2078 288 2118 εὐτελεστέραν
308 2090 320 2106 ε
331 2090 375 2107 ναι
389 2079 545 2116 νομιοῦμενς
559 2076 604 2106 καὶ
617 2076 678 2106 ἔνθα
695 2077 725 2106 τὸ
744 2077 826 2117 μύρον
843 2077 873 2107 τὸ

105 2118 282 2156 πνευματικὸν
298 2116 437 2157 εἰσεχύθη,
461 2115 611 2150 διαὸολικὰς
629 2116 739 2155 πομπὰς
753 2117 873 2156 ἐπεμὸα-

105 2157 211 2195 λοῦμεν,
224 2157 269 2186 καὶ
287 2158 370 2186 ἀκούσ
425 2168 443 2185 α
464 2155 602 2190 σατανικὰ,
616 2155 662 2184 καὶ
681 2155 788 2196 ᾄσματα
805 2168 873 2196 πορ-

105 2194 174 2228 νείας
187 2196 315 2234 γέμοντα;
329 2167 451 2228 Καΐῒτιιὶκ
460 2197 543 2224 ταῦτα
552 2196 566 2223 ὁ
579 2194 647 2228 Θεὸς
660 2194 735 2231 οἴσει,
741 2196 799 2224 εἶπέ
810 2207 872 2245 μοις

107 2234 200 2264 Καίτοι
216 2236 246 2264 οὖ
271 2237 393 2263 τοσοῦτον
417 2233 448 2263 τὸ
466 2233 546 2271 μέσον
565 2234 647 2273 μύρου
667 2234 713 2263 καὶ
735 2234 873 2274 βορὸορου,

105 2273 151 2302 καὶ
162 2273 274 2313 ἱματίων
286 2274 446 2303 δεσποτικῶν
464 2272 509 2302 καὶ
523 2273 659 2309 δουλικῶν,
673 2273 732 2303 ὅσον
748 2274 778 2303 τὸ
793 2274 873 2312 μέσον

104 2314 152 2348 τῆς
172 2315 352 2352 πνευματικῆς
371 2312 479 2352 χάριτος
499 2311 545 2340 καὶ
564 2311 664 2347 ταύτης
682 2314 731 2348 τῆς
756 2318 873 2353 πονηρᾶς

105 2353 244 2392 ἐνεργείας.
261 2353 302 2382 Οὔ
321 2351 448 2385 δέδοικας,
462 2350 593 2389 ἄνθρωπε,
606 2355 659 2384 τοῖς
673 2352 760 2384 αὐτοῖς
774 2353 873 2392 ὀφθαλ-

107 2396 165 2429 μοῖς
177 2392 227 2422 καὶ·
239 2392 287 2428 τὴν
301 2391 392 2427 κλίνην
406 2390 453 2426 τὴν
469 2391 513 2419 ἐπὶ
527 2392 574 2425 τῆς
592 2389 741 2430 ὀρχήστρας
756 2391 870 2430 βλέπων,

107 2430 167 2461 ἔνθα
183 2432 218 2461 τὰ
236 2430 342 2471 μυσαρὰ
355 2432 468 2460 τελεῖται
481 2431 529 2465 τ’ἥς
543 2429 662 2469 μοιχείας
671 2429 813 2469 δράματα,
827 2431 873 2461 καὶ

106 2469 154 2505 τὴν
166 2470 296 2510 τράπεζαν
307 2470 405 2506 ταύτην
413 2469 461 2505 τὴν
472 2469 554 2508 ἱερὰν,
566 2468 626 2498 ἔνθα
634 2468 667 2498 τὰ
678 2469 775 2518 φρικτὰ
788 2471 874 2500 τελεῖ-

107 2521 151 2539 ται
174 2510 320 2549 μυστήρια,
339 2514 396 2542 ταῖς
419 2510 511 2541 αὐταῖς
536 2509 626 2541 ἀκοαῖς
653 2519 750 2548 πορνης
772 2509 873 2540 ἀκούων

108 2549 338 2589 αἰσχρολογούσης,
352 2549 396 2578 καὶ
411 2547 545 2587 προφήτου
559 2547 604 2576 καὶ
618 2549 763 2578 ἀποστόλου
778 2561 807 2578 σε
821 2562 871 2588 μυ-

108 2584 362 2628 σταγιι)γοῦντος·,τῇ
380 2589 445 2626 αὐτῇ
467 2587 561 2627 καρδία
580 2586 612 2616 τὰ
627 2587 774 2627 δηλητήρια
796 2589 871 2629 δεχό-

1162 895 1247 933 ,quasi
1265 896 1401 936 quispiam
1417 898 1461 926 fur
1471 898 1597 934 callidus,
1609 910 1671 929 con-

927 933 1092 973 cupiscentia
1109 945 1124 963 c
1153 945 1179 968 m
1199 934 1350 973 ingreditur
1365 946 1371 963 ε
1386 937 1520 975 quomodo
1535 938 1565 974 ii,
1577 939 1624 976 qui
1642 940 1670 968 in

926 972 1030 1002 theatro
1043 973 1145 1009 sedent,
1157 974 1205 1012 qui
1223 974 1292 1003 nihil
1306 975 1363 1004 sani
1385 976 1477 1006 vident
1488 977 1531 1006 vel
1543 978 1669 1014 audiunt,

926 1011 974 1041 sed
995 1013 1081 1042 multa
1102 1012 1279 1052 turpitudine,
1301 1014 1386 1043 multa
1406 1015 1516 1046 lascivia
1536 1017 1621 1057 pleni,
1640 1029 1671 1047 ac

926 1062 975 1091 per
990 1052 1083 1081 omnia
1103 1052 1216 1088 obsessi,
1227 1063 1372 1092 perantes,
1384 1065 1432 1094 per
1450 1055 1553 1092 oculos,
1569 1057 1672 1096 possint

926 1091 1025 1120 malam
1038 1091 1114 1120 illam
1127 1092 1370 1131 concupiscentiam
1382 1096 1528 1134 superare?
1541 1107 1603 1126 eum
1617 1107 1670 1126 non

927 1130 1030 1169 possint
1056 1137 1156 1166 autem,
1175 1131 1310 1169 quomodo
1334 1139 1461 1172 poterunt
1486 1135 1521 1164 ab
1542 1135 1669 1166 adulterii

926 1169 1038 1199 crimine
1047 1170 1152 1199 innoxii
1161 1171 1238 1199 esse?
1249 1171 1296 1209 qui
1311 1182 1373 1202 vero
1379 1173 1414 1202 ab
1423 1173 1548 1204 adulterii
1559 1176 1671 1205 crimine

927 1208 1006 1238 liberi
1020 1219 1073 1238 non
1087 1216 1160 1245 sunt,
1172 1210 1307 1248 quomodo
1322 1218 1446 1251 poterunt
1465 1213 1523 1243 sine
1538 1215 1670 1254 poeniten-

926 1249 963 1276 tia
983 1248 1039 1277 haec
1053 1255 1142 1278 sancta
1156 1248 1249 1278 limina
1271 1249 1387 1289 ingredi,
1402 1259 1428 1281 et
1446 1252 1529 1292 hujus
1548 1255 1670 1294 praeclari

926 1294 1010 1317 coetus
1019 1295 1153 1318 consortes
1163 1288 1238 1317 esse?
1251 1288 1369 1329 Ideoque
1382 1290 1512 1321 admoneo
1525 1300 1552 1323 et
1562 1305 1667 1334 precor,

927 1333 957 1355 ut
983 1334 1124 1366 postquam
1144 1327 1308 1358 confessione
1330 1336 1356 1358 et
1379 1331 1533 1370 poenitentia
1556 1334 1670 1372 aliisque

925 1366 1052 1395 omnibus
1063 1374 1200 1407 peccatum
1216 1367 1372 1412 hujusmodi
1392 1371 1544 1410 spectaculo
1565 1380 1670 1402 contra-

926 1411 1000 1435 ctum
1018 1406 1163 1442 abluerint,
1176 1406 1215 1436 sic
1233 1407 1326 1437 divina
1343 1408 1448 1448 eloquia
1470 1410 1592 1442 audiant.
1609 1414 1669 1442 Non

925 1445 996 1474 enim
1010 1445 1068 1475 leve
1081 1452 1219 1484 peccatum
1231 1446 1376 1477 admisistis
1393 1461 1399 1477 :
1415 1449 1442 1478 id
1451 1450 1524 1488 quod
1538 1452 1671 1492 exemplis

926 1484 998 1513 clare
1017 1485 1175 1514 ostenditur.
1194 1485 1224 1515 Si
1244 1487 1305 1524 quis
1322 1487 1393 1516 enim
1412 1499 1506 1518 servus
1523 1490 1551 1520 in
1569 1502 1669 1526 arcam,

927 1523 973 1552 ubi
995 1523 1054 1552 heri
1076 1524 1231 1553 vestimenta
1255 1525 1369 1564 pretiosa
1391 1534 1417 1556 et
1437 1538 1516 1557 aurea
1533 1530 1667 1568 jacebant,

926 1562 1052 1591 servilem
1063 1569 1162 1591 vestem
1174 1563 1252 1592 sorde
1266 1564 1452 1604 pediculisque
1465 1567 1571 1606 plenam
1584 1568 1669 1614 depo·

926 1607 1011 1636 neret,
1025 1611 1070 1637 an,
1085 1611 1186 1639 qnoeso,
1203 1604 1390 1633 contumeliam
1409 1605 1477 1635 hanc
1490 1617 1566 1645 aequo
1579 1618 1670 1637 ammo

926 1640 1028 1669 serres?
1042 1640 1117 1677 Quid
1137 1651 1211 1677 vern,
1231 1642 1255 1670 si
1274 1642 1336 1680 quis
1349 1642 1376 1671 in
1389 1654 1436 1673 vas
1458 1655 1580 1683 aureum,
1594 1648 1668 1686 quod

927 1686 1061 1718 unguenta
1101 1686 1212 1719 erpetuo
1233 1680 1331 1711 habere
1350 1682 1458 1718 soleret,
1471 1691 1572 1715 stercus
1585 1693 1611 1716 et
1625 1687 1668 1716 lu-

926 1725 985 1747 tum
1004 1690 1166 1755 insungeret,
1182 1730 1269 1749 nonne
1288 1730 1350 1750 eum
1368 1721 1414 1760 qui
1438 1722 1467 1752 id
1490 1732 1669 1764 perpetrasset

926 1757 1015 1797 plagis
1037 1758 1182 1787 onerates?
1200 1759 1307 1798 Ergone
1334 1761 1507 1799 arcularum,
1527 1775 1666 1801 vasorum,

926 1797 1053 1834 vestium,
1068 1804 1262 1836 unguentorum
1275 1805 1374 1829 tantam
1387 1811 1479 1831 curam
1498 1803 1667 1840 habebimus,

926 1836 1043 1866 animam
1067 1847 1131 1866 vero
1157 1844 1276 1867 nostram
1307 1839 1364 1869 illis
1395 1841 1520 1871 omnibus
1542 1843 1667 1874 viliorem

926 1885 983 1905 esse
997 1876 1185 1906 censebimus?
1198 1884 1224 1906 et
1237 1877 1285 1907 ubi
1294 1878 1434 1918 spirituale
1447 1889 1615 1921 unguentum
1625 1884 1667 1913 in—

925 1915 1016 1944 fusum
1026 1922 1075 1946 est,
1083 1914 1230 1949 diabolicas
1237 1927 1298 1956 pom
1319 1928 1348 1947 as
1357 1918 1542 1956 immittemus,
1552 1923 1668 1953 satanica

927 1954 1060 1993 colloquia
1070 1977 1078 1991 ‚
1102 1962 1128 1984 et
1156 1956 1258 1985 cantica
1303 1957 1465 1988 ornicatione
1491 1961 1610 1991 referta?
1632 1964 1668 1993 Et

924 1993 1059 2032 quomodo
1076 1995 1149 2024 Deus
1168 1994 1224 2024 haec
1239 1996 1315 2033 ferat,
1331 1996 1376 2027 dic
1390 1998 1479 2028 mihi?
1495 2001 1666 2040 Quamquam

926 2043 978 2062 non
997 2040 1099 2062 tantum
1119 2033 1155 2063 sit
1175 2034 1349 2065 intervallum
1368 2045 1534 2077 unguentum
1551 2040 1620 2070 inter
1641 2049 1667 2071 et

925 2072 1025 2109 lutum,
1036 2072 1244 2112 vestimentaque
1255 2075 1351 2104 herilia
1362 2083 1387 2105 et
1399 2078 1520 2115 servilia,
1535 2087 1666 2118 quantum
1679 2083 1686 2087 '

925 2113 996 2141 inter
1004 2111 1172 2151 spiritualem
1185 2113 1297 2153 gratiam
1307 2122 1332 2144 et
1342 2115 1410 2145 hanc
1424 2118 1521 2147 malam
1534 2121 1666 2158 operatio-

925 2162 997 2180 nem.
1011 2153 1072 2181 Non
1087 2151 1173 2187 timet,
1184 2163 1200 2182 o
1216 2152 1307 2189 homo,
1321 2154 1388 2184 dum
1411 2155 1507 2186 iisdem
1526 2159 1611 2188 oculis
1626 2160 1666 2189 lc-

925 2197 998 2220 ctum
1011 2190 1039 2219 in
1052 2190 1188 2221 orchestra
1199 2191 1287 2230 vides,
1304 2193 1350 2223 ubi
1364 2196 1526 2226 exsecranda
1540 2197 1667 2228 adulterii

925 2229 1076 2270 spectacula
1094 2238 1326 2271 repraesentantur,
1341 2239 1367 2262 et
1385 2234 1454 2265 hanc
1472 2246 1574 2265 sacram
1592 2248 1666 2266 men-

925 2279 993 2306 sam,
1002 2269 1051 2299 ubi
1063 2269 1198 2300 horrenda
1209 2271 1333 2311 mysteria
1345 2276 1585 2304 consummantur?
1599 2276 1666 2305 dum

925 2307 1020 2339 iisdem
1037 2309 1149 2339 auribus
1163 2311 1330 2341 meretricem
1341 2312 1420 2342 audis
1441 2314 1531 2353 turpia
1553 2315 1665 2353 loquen-

925 2355 989 2385 tem,
1019 2355 1045 2378 et
1078 2349 1236 2389 prophetam
1266 2351 1471 2391 apostolumque
1493 2359 1518 2381 te
1538 2354 1664 2392 mysteria

925 2387 1161 2418 docentemzdum
1189 2389 1283 2418 eodem
1301 2389 1381 2419 corde
1402 2391 1503 2419 letifera
1522 2391 1665 2430 pharmaca

925 2434 952 2457 et
969 2428 1136 2457 tremendum
1156 2428 1318 2457 sacrificium
1343 2429 1463 2468 excipis?
1481 2430 1578 2458 Annon
1601 2431 1665 2462 hinc

924 2466 1088 2496 familiarum
1097 2467 1258 2503 eversiones,
1265 2468 1461 2497 connubiorum
1468 2470 1663 2508 corruptiones,

925 2506 996 2535 bella
1012 2528 1019 2542 ‚
1035 2506 1096 2536 lites
1117 2506 1144 2535 in
1164 2506 1311 2535 domibus?
1324 2507 1393 2536 Cum
1407 2507 1477 2536 enim
1488 2518 1522 2536 cx
1535 2508 1583 2538 illo
1600 2520 1674 2549 spe-,

926 2546 1029 2575 ctaculo
1051 2545 1186 2575 emollitus
1203 2545 1295 2580 fueris,
1310 2552 1388 2583 atquc
1410 2546 1545 2576 remissior
1566 2548 1662 2585 thenas,

926 2589 1052 2619 lascivior
1073 2588 1211 2627 omnisque
1233 2588 1399 2617 continentiae
1419 2588 1556 2628 inimicus,
1575 2602 1664 2623 rever-
