1904 2840
73 398 161 427 Gen.7.

76 749 141 770 Esar.
158 754 192 768 ii.

77 779 135 801 23.

78 830 183 859 Pto-no.
196 837 216 853 1.

94 1742 230 1772 Lus-¹735-

94 2058 181 2096 itlaiih.
199 2057 235 2080 13.

99 2414 185 2436 Manli.
202 2414 236 2436 13.

213 152 285 202 956

806 157 888 181 OPUS
914 155 1155 179 iMPERFEcTum

215 228 316 256 bonum
331 231 438 266 propter
450 223 571 252 hommes
583 220 673 258 faciat,
684 220 885 250 inveniturcsse
898 229 958 248 ear·
974 221 994 244 Α
1010 218 1061 248 bus
1073 223 1211 263 ponuntur
1225 218 1362 258 personis:
1378 217 1417 247 sic
1430 223 1456 246 et
1474 216 1603 246 Eeclesiae
1621 215 1754 245 han-esum

216 267 290 296 nale:
299 273 325 295 et
335 263 458 303 quamvis
472 262 506 291 sit
515 261 632 296 carnale,
641 259 664 290 si
671 266 780 300 propter
788 269 896 288 causam
903 258 958 298 spi-

217 306 342 335 ritualem
368 302 449 332 fuerit
470 302 583 337 facium,
603 300 632 329 id
645 307 695 335 est,
709 305 820 340 propter
844 298 959 337 gloriam

217 346 280 382 Dei,
294 343 430 373 invenitur
438 339 578 382 spirituale
591 350 647 370 esse
661 340 771 379 propter
783 348 891 367 eausam
901 336 960 376 spi-

219 384 352 414 ritualem.
369 383 449 411 Sicut
463 381 531 423 suit
544 382 577 409 in
595 379 695 409 diebus
714 378 789 408 Noe'.
805 377 837 407 ld
859 383 910 413 est,
922 377 962 405 sic

220 424 270 454 erit
288 422 418 463 generalis
432 420 565 456 interitus,
579 419 618 449 sic
631 418 798 448 subitaneus.
811 418 887 447 Sicut
899 423 963 445 tunc

221 464 308 493 omnis
324 469 445 492 creatura
461 460 548 490 deleta
559 466 610 496 est,
624 458 681 488 sola
694 464 783 487 autem
795 466 856 486 arca
866 455 961 490 evasit,

221 503 255 533 de
268 503 391 532 trabibus
402 500 540 540 quadratis
546 499 625 535 sacta,
639 505 698 527 octo
706 497 808 526 animas
819 495 961 535 bajulans:

224 544 260 572 ita
270 543 330 572 etin
342 540 569 571 consummatione
579 548 672 567 omnes
681 538 793 567 liaereses
803 535 963 571 interibunt,

224 593 276 612 una
290 579 475 612 tantummodo
490 590 552 608 arca
565 577 726 612 salvabitur,
741 575 771 605 id
783 582 834 612 est,
846 573 966 604 Ecclesia

224 621 346 658 Christi,
362 620 396 650 de
424 619 504 648 ‘ustis
522 617 678 648 hominibus
701 621 870 655 congregata.
887 614 965 644 Sicut

224 669 287 691 tunc
306 659 417 700 quicqui
458 659 511 688 fuit
525 665 601 687 extra
618 667 723 693 arcam,
739 655 831 695 periit,
846 653 885 683 sic
898 660 925 682 et
940 653 967 681 in

224 702 277 731 fine
290 700 453 740 quicumque
466 698 550 728 suerit
570 703 644 726 extra
661 706 743 725 unam
756 693 905 725 Ecclesiam
917 703 967 722 ve-

225 741 328 776 ritatis,
344 739 455 780 peribit.
470 739 538 775 Quae
556 735 679 767 Ecclesia
698 734 779 764 habet
798 740 859 763 octo
879 739 967 762 recto-

227 792 269 811 res
280 803 287 815 ,
301 787 401 820 septem
422 778 550 818 spiritus,
576 786 644 815 quos
665 780 803 804 enumerat
822 772 928 809 Esaias,
943 779 969 801 et

227 821 380 861 unigenitus
393 820 479 848 Deus:
489 817 527 846 sic
540 823 566 846 et
580 815 706 846 Salomon
718 813 786 842 dicit
799 825 805 841 ε
818 812 970 852 Sapientia

228 861 385 901 aedificavit
406 859 462 888 sibi
482 857 614 892 domum,
630 861 658 884 et
674 853 810 895 suffulsit
827 851 970 881 columnis

227 907 334 939 septem
345 910 353 927 :
364 905 390 928 et
402 899 461 938 ipse
472 896 520 935 qui
533 894 664 931 suffulsit,
676 899 798 923 octavus.
808 891 971 922 Subitaneus

228 947 328 975 autem,
337 949 390 968 non
409 944 469 966 ante
485 935 635 970 nuntiatus,
645 933 702 963 sive
716 933 751 961 ab
770 931 828 961 ullo
841 930 969 960 creditus.

229 980 265 1010 Et
283 978 350 1018 quid
370 977 480 1012 mii-um,
495 975 518 1005 si
533 974 685 1015 pei-iturum
705 971 839 1001 mundum
858 969 973 999 audiunt

231 1027 257 1048 et
270 1029 322 1048 non
340 1016 470 1048 credunt?
485 1016 557 1046 Ecce
575 1013 719 1043 morituros
742 1022 770 1040 se
783 1021 840 1040 esse
853 1009 974 1048 quotidie

230 1058 345 1088 audiunt
363 1056 497 1091 homines,
516 1053 637 1093 quotidie
656 1052 724 1081 alios
737 1057 856 1080 mortuos
867 1049 971 1086 vident,

230 1105 356 1128 ettamen
375 1107 428 1126 non
448 1094 559 1125 credunt
583 1104 610 1123 sc
634 1091 788 1121 morituros.
803 1089 833 1120 Si
843 1095 934 1118 autem
946 1099 974 1118 se

231 1137 368 1167 crederent
380 1135 536 1171 morituros,
556 1143 610 1162 non
624 1132 738 1161 facerent
757 1140 788 1159 ea
830 1139 861 1158 ro
875 1129 975 1167 quibus

232 1178 395 1213 moriuntur,
410 1175 441 1205 id
463 1181 513 1211 est,
527 1180 612 1202 morte
626 1171 709 1210 digna
728 1179 781 1199 non
815 1175 930 1198 acerent.
944 1168 974 1198 Si

233 1228 296 1256 ergo
309 1216 390 1252 illud,
400 1213 473 1254 quod
483 1212 606 1253 quotidie
614 1212 671 1241 fieri
683 1209 775 1241 vident
785 1208 812 1237 in
826 1209 897 1245 aliis,
902 1207 937 1237 de
947 1218 975 1237 se

232 1258 353 1286 futurum
368 1266 424 1284 esse
435 1264 489 1282 non
503 1252 627 1288 credunt,
639 1248 774 1289 quomodo
786 1247 857 1277 illud
868 1246 977 1277 credent

233 1297 356 1325 futurum
370 1317 377 1331 ,
403 1294 477 1332 quod
503 1292 592 1321 adhuc
618 1299 766 1328 numquam
788 1288 888 1317 facium
911 1293 950 1316 est
962 1286 976 1315 Ξ)

235 1337 285 1365 40.
302 1336 381 1364 Tunc
395 1334 453 1362 duo
466 1338 551 1361 erunt
564 1333 596 1359 in
607 1340 677 1369 agro
683 1341 695 1364 ;
712 1338 787 1357 unus
802 1332 976 1363 assumetur,

236 1382 265 1405 et
286 1375 362 1404 alter
376 1373 566 1411 relinquetur.
581 1369 695 1399 AEsiimo
708 1367 841 1396 neminem
853 1366 978 1395 dubitare

1010 268 1134 296 quamvis
1147 258 1239 287 multae
1251 257 1316 295 sint,
1327 264 1415 287 tamen
1423 256 1544 287 omnium
1555 256 1691 285 haeresum
1701 265 1755 285 una

1012 297 1132 327 Ecclesia
1142 297 1254 334 dicitur,
1270 305 1297 327 et
1310 307 1364 326 una
1375 296 1602 327 Christianorum.
1617 297 1680 326 Una
1691 305 1755 334 ergo

1013 337 1110 366 mulier
1120 337 1223 366 molens
1234 343 1272 366 est
1285 337 1407 367 Ecclesia
1420 336 1533 368 Christi.
1546 336 1620 366 Mola
1628 342 1667 365 est
1680 335 1754 364 orbis

1013 383 1156 413 terrarum,
1191 383 1280 416 ropter
1299 376 1490 406 rotunditatem
1506 387 1593 412 suam,
1608 376 1677 406 sicut
1689 374 1750 405 scri-

1014 423 1092 456 ptum
1105 423 1144 446 est
1176 427 1228 445 eea
1245 427 1251 443 z
1269 417 1306 447 V
1303 426 1342 445 ox
1355 418 1475 446 tonitrui
1489 419 1531 446 tui
1541 418 1574 445 in
1587 422 1660 446 rota.
1673 415 1756 456 Lapis
1764 415 1832 438 psai.
1844 414 1884 444 76-

1014 466 1046 485 su
1067 457 1139 485 erior
1149 462 1189 485 est
1205 456 1319 486 verbum
1338 456 1470 491 veritatis,
1484 455 1560 495 quod
1572 454 1710 485 deseendit
1721 454 1803 485 de19·

1015 506 1051 525 cae
1063 506 1090 533 o,
1104 503 1134 526 iit
1144 502 1250 525 terrena
1273 496 1362 525 omnia
1379 495 1582 536 complectatur,
1596 502 1623 525 et
1635 501 1759 536 protegat

1016 536 1144 572 simul‚et
1163 542 1275 575 premat,
1290 542 1317 565 et
1331 535 1414 565 molat
1427 547 1435 565 ε
1451 536 1551 566 dicitur
1564 543 1655 565 autem
1676 534 1757 575 lapis,

1016 583 1126 615 propter
1136 574 1320 605 fortitudinem
1329 586 1417 605 suam.
1433 576 1575 606 Subterior
1583 582 1673 605 autem
1689 575 1762 615 lapis

1018 622 1058 644 est
1070 625 1148 645 omne
1170 615 1285 645 verbum
1300 615 1455 655 impietatis,
1469 615 1544 655 quod
1567 615 1637 655 lapis
1659 614 1763 644 dicitur

1020 662 1130 695 propter
1140 654 1273 684 duritiam
1290 665 1378 692 suam,
1393 655 1468 694 quod
1477 655 1512 685 de
1525 654 1623 695 spiritu
1637 653 1734 684 muudi
1746 665 1762 683 a

1019 695 1145 724 deorsum
1170 694 1299 732 ascendit,
1314 702 1344 724 ut
1360 696 1490 736 suscipiat
1513 694 1602 724 omnia
1621 694 1764 724 desursum

1019 734 1153 764 venientia
1165 745 1259 775 grana,
1270 741 1296 764 et
1306 734 1464 765 adversetur
1470 735 1553 766 verbo
1562 734 1764 764 veritatis.Haec

1019 785 1083 814 ergo
1097 774 1218 804 Ecclesia
1239 774 1353 810 molens,
1370 774 1399 804 id
1413 782 1462 813 est,
1477 774 1637 815 praedicans,
1649 774 1764 804 circinn—

1020 813 1096 843 ducit
1108 814 1223 844 verbum
1237 814 1366 849 veritatis,
1378 815 1407 844 id
1414 822 1464 852 est,
1472 814 1637 855 superiorem
1645 812 1763 853 lapidem

1021 853 1151 898 caelestem
1168 865 1174 881 :
1188 860 1217 883 et
1233 853 1411 885 circumducit
1429 866 1477 895 per
1496 855 1589 884 orbem
1612 860 1743 883 terrarum
1753 874 1762 890 ,

1022 899 1049 922 et
1061 892 1240 922 circumducit
1256 903 1339 934 super
1359 905 1436 924 omne
1453 905 1537 934 genus
1557 895 1718 930 humanum,
1734 899 1766 922 ut

1022 933 1261 971 quotienscumque
1270 934 1322 962 sub
1333 934 1435 973 gremio
1448 934 1525 964 verbi
1535 933 1651 974 desuper
1662 933 1766 962 miserit

1023 974 1107 1008 Deus,
1122 972 1204 1002 molat
1214 983 1269 1009 eos,
1285 972 1314 1002 id
1324 980 1374 1011 est,
1388 974 1539 1010 catechizet,
1547 980 1573 1003 et
1585 979 1714 1013 eogateos
1721 972 1766 1001 de-

1024 1023 1123 1052 ponere
1137 1012 1261 1042 corticem
1270 1012 1367 1043 veteris
1379 1013 1496 1043 hominis
1505 1013 1628 1043 inutilem
1638 1019 1665 1042 et
1675 1012 1766 1041 insua-

1025 1063 1086 1081 vem
1097 1063 1105 1081 ε
1115 1058 1144 1082 ut
1152 1053 1227 1082 exuti
1238 1053 1303 1082 fiant
1310 1064 1378 1093 pura
1389 1052 1509 1083 medulla
1516 1060 1542 1083 et
1552 1051 1711 1093 spiritus,id
1717 1058 1766 1088 est,

1027 1098 1056 1121 ut
1067 1092 1124 1131 jani
1135 1102 1188 1137 non
1201 1093 1255 1122 sint
1265 1103 1342 1128 earo,
1350 1092 1398 1123 sed
1407 1093 1519 1133 spiritus
1529 1100 1573 1123 :et
1585 1092 1632 1122 fiat
1644 1091 1768 1131 similago

1026 1131 1212 1166 mundisSima,
1227 1139 1253 1161 et
1273 1131 1356 1172 digna
1365 1132 1400 1162 ad
1419 1133 1581 1163 sacrificium
1594 1132 1658 1168 Dei,
1672 1141 1768 1161 secun·

1026 1171 1093 1200 dum
1109 1171 1183 1210 quod
1203 1171 1364 1202 admonebat
1379 1173 1527 1212 apostolus,
1536 1173 1628 1202 dicens
1640 1182 1647 1199 τ
1659 1172 1769 1201 Exuit«
1779 1182 1852 1212 ephes
1871 1174 1904 1210 4.i

1028 1221 1082 1240 vos
1108 1218 1238 1241 veterem
1262 1213 1426 1247 hominem,
1450 1215 1502 1252 qui
1525 1214 1718 1252 corrumpitur
1736 1213 1769 1241 in
1779 1220 1815 1235 ²2-
1832 1213 1869 1236 23-
1902 1210 1904 1213 ’

1028 1253 1280 1290 concupiscentiis,
1289 1254 1470 1283 renovamini
1484 1259 1580 1282 autem
1592 1254 1694 1292 spiritu
1704 1262 1769 1282 sen-

1027 1301 1076 1320 sus
1087 1293 1188 1336 pestri.
1196 1292 1272 1321 Sicut
1285 1302 1350 1332 ergo
1363 1303 1444 1332 grana
1456 1292 1482 1322 in
1494 1293 1602 1328 cortice,
1610 1291 1664 1321 nisi
1677 1291 1770 1321 molita

1028 1331 1139 1375 suerint,
1150 1337 1176 1359 et
1188 1332 1360 1371 deposuerint
1369 1334 1489 1367 cortices,
1503 1339 1529 1361 et
1539 1333 1667 1368 furfures,
1675 1338 1701 1361 et
1708 1342 1771 1372 pro-

1028 1377 1154 1399 cesserint
1173 1371 1321 1400 secundum
1345 1372 1419 1410 quod
1430 1378 1492 1402 sunt
1513 1373 1631 1407 abintus,
1646 1371 1771 1410 quamvis

236 1421 381 1449 sensatum,
394 1413 450 1442 liaec
463 1410 597 1451 praecipue
619 1409 648 1438 in
671 1406 807 1448 parabolis
825 1416 881 1435 csse
893 1405 976 1449 dict-¹3,
994 1414 1012 1437 c
1027 1420 1124 1448 aquam
1148 1410 1308 1450 acceperint,
1321 1421 1373 1440 non
1388 1413 1588 1452 conjunguntur
1610 1411 1645 1440 ad
1667 1411 1770 1440 alteru-

237 1461 263 1484 et
275 1452 452 1494 spiritualiter
463 1462 493 1480 ea
505 1449 758 1488 intelligioporiere.
773 1446 809 1475 Et
817 1445 902 1485 prima
913 1455 978 1483 qui-

237 1494 299 1523 dem
313 1492 440 1533 parabola
450 1490 537 1530 posita
552 1495 591 1518 est
603 1487 637 1517 dc
662 1485 838 1527 popularibus
849 1484 941 1524 justis,
954 1491 980 1513 et

238 1532 433 1574 peccatoribus.
441 1528 565 1561 Secunda
574 1527 608 1557 de
618 1526 773 1557 doctoribus
782 1525 834 1565 piis
843 1530 869 1553 et
876 1523 978 1564 impiis,

238 1572 346 1612 quando
355 1582 446 1601 omues
457 1569 578 1600 homines
592 1574 638 1597 aut
650 1566 781 1596 discentes
793 1570 866 1601 sunt,
874 1570 921 1592 aut
931 1563 980 1592 do-

239 1620 335 1643 centes.
353 1612 388 1641 Et
411 1613 498 1641 Lucas
511 1608 622 1648 quidem
639 1605 804 1646 evangelista
821 1603 931 1644 exponit
946 1603 980 1632 de

239 1653 347 1682 duobus
356 1652 384 1680 in
397 1651 476 1687 lecto,
491 1649 561 1679 etde
573 1648 680 1677 duobus
690 1647 724 1675 ad
735 1645 852 1675 molam:
865 1653 981 1683 praesens

240 1700 328 1722 amem
341 1691 484 1721 Matthaeus
495 1689 529 1718 de
542 1688 648 1718 duobus
663 1687 690 1716 in
704 1696 779 1726 agro,
792 1683 862 1715 etde
875 1683 982 1713 duobus

240 1731 277 1762 ad
286 1732 396 1761 molam.
412 1731 469 1760 Uti
489 1729 560 1758 enim
573 1730 660 1758 Lucas
681 1725 772 1766 posuit
792 1724 846 1754 duo
860 1724 887 1753 in
901 1723 981 1758 lecto,

242 1772 282 1801 ibi
299 1771 443 1801 Matthaeus
457 1769 545 1810 posuit
557 1767 613 1796 duo
626 1767 655 1796 in
666 1776 741 1805 agi-o.
758 1765 802 1794 Ex
815 1774 868 1803 quo
881 1763 983 1793 intelli·

242 1822 303 1850 gcre
317 1810 395 1840 nobis
405 1809 495 1846 datur,
511 1807 637 1848 quoniam
651 1806 749 1835 lectum
763 1811 788 1833 et
802 1814 897 1843 agrum
904 1803 984 1832 ambo

243 1851 411 1890 evangelistae
425 1849 455 1878 id
468 1849 557 1888 ipsum
571 1846 720 1885 intelligere
738 1844 882 1874 voluerunt
897 1854 903 1870 :
916 1853 983 1882 quo-

243 1891 316 1919 niam
331 1890 378 1929 qui
398 1889 426 1918 in
449 1898 560 1927 corpore
573 1892 645 1922 sunt,
658 1892 684 1914 et
697 1884 724 1912 in
746 1883 847 1912 mundo
859 1890 941 1912 sunt:
959 1889 985 1912 et

243 1929 328 1968 quiin
339 1927 440 1958 mundo
452 1934 524 1963 suut,
534 1927 561 1955 in
573 1934 684 1964 corpore
698 1930 770 1952 sunt.
787 1922 984 1952 Mundusenim

244 1969 315 1998 nihil
331 1967 408 1997 aliud
431 1966 600 2006 intelligitur,
614 1964 665 1993 nisi
677 1964 771 2001 hoin0;
788 1969 897 2002 propter
911 1962 985 2007 quod

1028 1455 1112 1485 trum,
1130 1455 1160 1478 ut
1171 1449 1217 1478 fiat
1235 1460 1271 1479 ex
1283 1451 1410 1481 omnibus
1420 1461 1492 1480 unus
1509 1451 1597 1491 panis,
1609 1461 1734 1490 quamws
1745 1457 1771 1479 et

1028 1489 1215 1533 fermentatum
1229 1490 1390 1530 acceperint,
1403 1501 1454 1520 non
1469 1491 1677 1520 fermentantur:
1688 1490 1728 1519 sie
1745 1497 1771 1519 et

1029 1528 1151 1557 homines
1161 1551 1170 1563 ‚
1185 1529 1236 1558 nisi
1263 1529 1351 1559 moliti
1373 1530 1474 1560 fuerint
1490 1530 1541 1560 sub
1560 1530 1643 1560 verbo
1654 1552 1662 1566 ‚
1673 1528 1703 1559 id
1713 1536 1771 1565 est,

1028 1567 1198 1613 catechizati,
1218 1575 1247 1598 ut
1268 1568 1397 1614 depositis
1417 1570 1576 1610 corporibus
1588 1593 1596 1606 ‚
1619 1569 1771 1610 spirituales

1030 1607 1191 1652 efficiantur,
1199 1619 1324 1653 quamvis
1335 1616 1360 1639 et
1371 1621 1470 1649 aquam
1479 1610 1647 1650 baptismatis
1660 1620 1771 1650 aecepe-

1030 1654 1093 1691 rint,
1107 1658 1230 1686 quamws
1252 1649 1366 1678 verbum
1379 1650 1443 1679 fidei
1453 1650 1534 1679 fuerit
1547 1649 1661 1679 missum
1673 1649 1701 1678 in
1713 1660 1769 1686 eos,

1031 1694 1100 1718 sicut
1111 1688 1269 1717 fermentum
1283 1700 1290 1718 ε
1302 1699 1353 1719 non
1365 1690 1527 1720 conveniunt
1541 1689 1568 1719 in
1582 1689 1772 1729 idipsum‚nee

1033 1735 1143 1774 possunt
1157 1739 1248 1773 sapere
1257 1739 1352 1766 unum,
1364 1737 1394 1760 ut
1403 1741 1487 1760 unum
1497 1741 1595 1776 corpus
1608 1730 1770 1766 efficiantur,

1033 1779 1096 1807 quia
1111 1768 1199 1798 moliti
1218 1779 1271 1798 non
1286 1776 1358 1799 sunt.
1373 1771 1450 1800 Sicut
1462 1781 1525 1810 ergo
1540 1776 1608 1799 inter
1621 1769 1690 1799 duos
1703 1769 1776 1809 lapi-

1033 1808 1080 1838 des
1091 1809 1206 1837 molares
1219 1808 1315 1838 teritur
1325 1810 1456 1847 triticum,
1470 1817 1534 1839 etse
1554 1816 1667 1839 aratura
1677 1810 1775 1839 cortice

1033 1859 1094 1883 suo,
1106 1854 1132 1877 et
1146 1848 1176 1877 fit
1193 1848 1318 1889 similago
1344 1850 1445 1879 munda
1460 1850 1517 1879 :sic
1541 1849 1623 1879 ideles
1637 1849 1666 1878 in
1686 1848 1776 1878 medio

1035 1887 1149 1932 desuper
1162 1888 1271 1926 quidem
1287 1896 1396 1928 urgente
1409 1900 1438 1919 se
1449 1890 1532 1919 verbo
1545 1889 1596 1919 Dei
1607 1889 1643 1918 ad
1656 1888 1738 1918 fidem
1750 1896 1778 1918 et

1032 1929 1173 1973 justitiam,
1186 1927 1249 1958 iude
1261 1935 1350 1957 autem
1364 1929 1447 1959 verbo
1462 1929 1546 1969 impio
1559 1939 1588 1958 se
1601 1929 1777 1969 compellente

1036 1967 1071 1996 ad
1090 1967 1274 1997 infidelitatem
1291 1974 1371 2006 atque
1391 1976 1538 2009 peccatum,
1552 1975 1738 2005 conteruntur,
1751 1976 1778 1999 et

244 2019 339 2048 agl-um
352 2007 501 2046 intelligere
514 2004 637 2035 convenit
655 2002 789 2032 mundum
803 2002 875 2031 hunc
885 2025 893 2037 ‚
916 2009 985 2031 sicut
1001 2012 1021 2034 D
1036 2007 1154 2036 earnalia
1165 2018 1214 2036 sua
1228 2008 1352 2037 universa
1363 2008 1512 2048 deponunt,
1521 2015 1547 2038 et
1556 2008 1709 2048 spirituales
1719 2009 1777 2038 effi-

246 2047 380 2077 Dominus
390 2047 576 2085 interpretatus
589 2050 629 2073 est
641 2054 723 2083 supra
735 2042 762 2071 in
776 2041 904 2082 parabola
916 2042 985 2071 ziza-

246 2087 353 2117 niorum
367 2086 558 2116 seminatorum
571 2084 597 2112 in
619 2093 695 2122 agro.
711 2084 772 2111 Duo
794 2091 857 2120 ergo
868 2082 896 2110 in
910 2091 986 2120 agro,

247 2137 338 2156 omnes
353 2125 499 2156 Christiani
515 2124 544 2152 in
558 2122 660 2152 mundo
671 2122 792 2152 viventes
811 2120 917 2158 eodem,
931 2131 987 2150 nou

245 2174 333 2196 tamen
353 2165 449 2194 iisdem
467 2163 571 2193 actibus
590 2168 783 2191 conversantes.
798 2161 834 2189 Et
843 2161 912 2200 justi
925 2161 987 2198 qui-

247 2206 308 2235 dem
316 2211 494 2240 assumentur,
501 2209 651 2243 peccatores
658 2208 746 2230 autem
757 2199 985 2238 derelinquentur.

247 2247 347 2276 Omnes
357 2244 425 2284 justi
446 2243 474 2272 in
496 2253 549 2272 uno
563 2241 671 2270 homine
682 2240 844 2279 figurantur,
855 2247 881 2269 et
896 2250 988 2270 omnes

246 2291 397 2325 peccatores
406 2283 435 2312 in
443 2293 508 2312 uno.
519 2283 567 2312 tt.
581 2282 655 2310 Duae
666 2280 806 2309 molentes
815 2281 854 2308 ad
864 2280 971 2309 molam
973 2293 987 2316 ,-

248 2335 308 2355 una
325 2329 499 2359 assumetur,
513 2328 541 2350 et
554 2331 614 2361 una
630 2320 822 2359 relinquetur.
843 2320 911 2356 Quae
925 2327 988 2349 sunt

248 2365 304 2394 istae
318 2363 443 2392 mulieres
457 2360 605 2397 molentes?
621 2361 700 2396 pute,
716 2358 842 2388 Ecclesiae
851 2381 859 2395 ,
872 2370 987 2397 quarum

248 2414 301 2433 una
320 2410 369 2440 est,
385 2403 419 2432 de
432 2412 484 2441 qua
504 2400 637 2430 Dominus
651 2399 717 2428 dicit
734 2409 740 2425 :
755 2397 857 2428 Simile
876 2405 919 2428 esc
941 2410 985 2428 re-

247 2454 336 2483 gnum
350 2443 486 2472 eaelorum
488 2441 650 2482 fermento,
666 2439 745 2478 quod
765 2440 909 2478 accipiens
924 2450 985 2468 mu-

247 2485 302 2512 lier
316 2484 431 2512 miscuit
444 2483 475 2510 in
487 2480 729 2520 tribuisset-menti
743 2480 895 2508 mensuris.
911 2479 986 2508 Sicut

245 2523 328 2560 enim,
343 2522 465 2561 quamvis
481 2519 560 2549 multi
574 2520 627 2549 sint
637 2519 714 2559 justi,
727 2524 753 2547 et
767 2525 928 2557 peccatores,
943 2525 986 2548 ta-

245 2573 304 2592 iueii
320 2563 446 2602 quoniam
467 2559 586 2590 omnium
600 2558 660 2588 duae
679 2564 742 2588 sunt
754 2565 853 2598 pai-te5‚
869 2558 897 2587 in
921 2558 984 2587 diia-

1036 2046 1155 2075 ciuntur.
1182 2047 1236 2077 Sed
1256 2054 1283 2076 et
1306 2047 1354 2076 illa
1378 2048 1476 2077 mulier
1496 2048 1605 2078 videtur
1628 2047 1738 2084 molere,
1752 2054 1778 2077 et

1037 2086 1152 2115 verbum
1173 2085 1305 2116 mendacii
1332 2086 1391 2117 leve
1413 2094 1440 2116 et
1458 2087 1553 2126 fragile
1576 2086 1775 2117 circumducit:

1038 2132 1178 2170 propterea
1197 2136 1283 2164 neque
1300 2126 1392 2163 molet,
1409 2126 1472 2165 quia
1488 2137 1540 2156 non
1560 2127 1640 2156 babet
1652 2126 1779 2157 virtutem

1037 2165 1160 2194 divmam
1179 2167 1298 2198 verbum
1317 2176 1420 2202 eoi-um,
1434 2176 1483 2196 nec
1496 2174 1535 2196 est
1560 2166 1630 2206 lapis
1644 2167 1778 2206 superior.

1038 2204 1181 2241 Quomodo
1192 2205 1265 2234 enim
1276 2205 1446 2236 mendacium
1458 2206 1598 2236 mendacio
1610 2205 1779 2244 adversatur,

1038 2251 1085 2273 aut
1108 2244 1239 2283 iniquitas
1249 2245 1397 2284 iniquitati,
1414 2253 1443 2275 ut
1462 2246 1579 2276 molatur
1597 2246 1697 2285 aliquis
1713 2246 1782 2277 inter

1039 2283 1260 2329 east-Propterea
1281 2286 1399 2325 populus
1419 2296 1512 2315 eorum
1530 2286 1640 2315 molitus
1658 2296 1710 2316 non
1729 2293 1779 2316 est.

1038 2322 1184 2353 Considera
1197 2331 1287 2354 autem
1302 2331 1329 2353 et
1342 2325 1486 2365 intelliges.
1501 2326 1531 2355 Si
1542 2325 1681 2365 deponunt
1693 2336 1782 2355 carna-

1039 2363 1086 2399 lia,
1099 2363 1168 2392 fiunt
1178 2363 1342 2408 spirituales,
1357 2373 1384 2394 et
1395 2365 1483 2395 moliti
1493 2372 1565 2394 sunt.
1580 2365 1611 2395 Si
1624 2365 1724 2394 suntin
1738 2364 1780 2394 id·
1793 2372 1866 2389 CCXW
1896 2367 1904 2377 ‘⁷

1039 2402 1129 2442 ipsum
1140 2402 1215 2439 fidei,
1223 2414 1314 2433 omnes
1321 2405 1407 2434 moliti
1421 2405 1525 2435 sunt.Si
1536 2411 1625 2434 autem
1635 2404 1783 2434 secundum

1038 2449 1155 2471 veterem
1168 2442 1306 2473 hominem
1323 2451 1395 2479 sunt,
1409 2445 1433 2474 si
1449 2444 1533 2474 altera
1552 2444 1649 2473 iterum
1662 2444 1781 2483 sapiunt,

1039 2481 1175 2527 quomodo
1198 2483 1286 2512 moliti
1299 2484 1383 2512 sunt?
1395 2485 1467 2513 Desu
1488 2494 1517 2513 er
1528 2483 1600 2513 enim
1614 2483 1727 2513 verbum
1736 2495 1783 2514 ve-

1039 2527 1124 2565 ritatis
1139 2532 1190 2550 non
1202 2523 1339 2562 compellit
1353 2534 1398 2553 eos
1411 2523 1446 2553 ad
1479 2523 1552 2560 dem,
1567 2523 1643 2562 quasi
1653 2523 1722 2563 lapis
1735 2534 1783 2552 su-

1043 2571 1148 2599 perioi'5
1165 2572 1212 2590 nec
1232 2563 1302 2591 enim
1325 2563 1424 2592 habent
1443 2574 1524 2592 eum:
1541 2562 1671 2593 desubtus
1695 2570 1786 2592 autem

1896 999 1901 1006 ι
1899 982 1901 988 -
1896 966 1904 974 2
1889 902 1904 948 ema,
1889 778 1904 894 ff...‘.f>«'.2
1890 762 1892 765 “
