1890 2826
231 164 298 199 106

222 237 296 267 facit.
310 237 366 268 Ubi
379 237 452 267 enim
469 237 596 278 praedixit
612 237 822 268 devastationem
841 247 889 277 per
899 236 968 266 alie-

222 284 331 323 nigenas
356 284 486 321 futuram,
510 284 621 324 abrepta
635 283 732 324 spolia,
742 290 771 313 et
789 283 967 312 barbarorum

220 329 398 370 irruptionem
424 330 638 371 praenuntiavit,
664 341 773 360 causam
797 329 865 360 belli
887 329 965 360 dicit.

220 382 351 419 Quaenam
373 383 456 412 baec?
477 384 603 423 Ingratus
636 382 772 412 civitatem
792 382 967 413 incolentium

219 428 337 459 animus.
359 429 511 467 Quoniam,
540 429 639 469 inquit,
661 439 724 459 cum
738 439 829 470 regem
851 429 968 460 habeant

218 475 396 512 moderatum,
411 476 502 506 mitem
522 482 549 506 ct
562 482 744 514 mansuetum,
757 476 793 506 ab
805 487 837 507 eo
859 477 965 507 resilie-

217 529 481 563 runt,tyrannosquc
493 529 630 564 optarunt,
637 529 663 553 et
676 523 728 553 sub
741 523 863 554 alienum
877 524 965 565 impe-

216 568 289 598 rium
312 569 478 610 transfugere
502 570 591 599 conati
610 577 688 607 sunt,
707 570 863 600 felicitatem
887 575 964 600 Suam

216 625 269 645 non
276 615 571 654 ferentes,desiderium
585 626 678 646 eorum
689 617 823 657 copiosius
837 616 964 657 explebo,

214 661 361 691 barbarum
388 661 531 700 quemdam
557 669 583 692 et
607 662 787 692 inhumanum
813 662 961 693 adducens.

214 709 400 749 Metapborice
414 720 494 749 porro
509 709 598 739 verbis
611 709 706 746 utitur,
721 720 809 739 mores
831 709 963 750 indigenae

214 755 285 793 regis
297 755 460 792 describens,
474 763 500 785 et
522 755 630 785 barbari
653 756 801 797 potentiam
817 768 824 786 ε
844 756 874 786 id
897 767 962 787 vero

213 801 287 835 facit,
301 801 375 840 quod
401 811 506 843 semper
521 801 592 838 dixi,
622 809 652 832 ut
675 803 804 843 majorem
832 803 962 833 sermonis

213 846 354 887 emphasin
378 846 515 877 exhibeat.
530 847 594 878 Ideo
622 847 671 885 ait,
683 849 732 878 Eo
757 850 838 889 quod
865 850 963 879 nolint

213 903 324 932 aquam
341 893 453 923 Siloam
468 906 475 923 ι
490 903 542 924 non
560 893 595 924 de
617 904 687 934 aqua
707 894 811 932 dicens,
836 895 884 925 sed
897 897 962 935 quia

211 940 271 969 sons
285 939 383 969 sensim
398 946 424 969 et
437 940 494 970 sine
517 939 632 980 strepitu
660 948 760 977 manat,
776 941 914 972 lenitatem
936 949 962 972 et

211 986 502 1026 moderationem-ejus,
518 986 566 1026 qui
583 994 646 1016 tunc
659 988 799 1027 regnabat,
813 989 961 1028 tranquillo

209 1040 342 1069 aquarum
353 1031 444 1060 cursui
459 1037 606 1071 comparat,
618 1037 644 1060 et
656 1030 759 1061 Siloam
772 1032 863 1072 ipsum
870 1041 958 1071 vocat,

209 1073 283 1113 quod
295 1074 362 1104 lenis
375 1075 410 1105 sit
422 1082 448 1104 et
470 1082 626 1105 mansuetus
643 1086 650 1103 ε
677 1075 707 1105 id
718 1076 792 1115 quod
813 1077 960 1108 maximam

208 1119 325 1150 subditis
337 1121 415 1150 affert
428 1120 653 1159 criminationem,
669 1122 717 1161 qui
730 1134 793 1152 cum
811 1133 865 1153 non
877 1135 960 1164 grave

205 1164 304 1204 jugum
312 1165 451 1202 haberent,
462 1176 504 1194 res
513 1176 597 1195 novas
611 1166 722 1206 aggredi
731 1167 879 1205 tentabant,
887 1168 957 1198 alie-

207 1211 304 1250 nisque
317 1211 427 1251 regihus
438 1221 495 1241 sese
503 1211 612 1242 dedere.
621 1212 759 1250 Quoniam
769 1224 844 1254 ergo,
855 1214 955 1254 inquit,

209 1257 289 1286 illum
300 1257 394 1286 mitem
407 1257 628 1297 moderatumque
644 1257 741 1288 nolunt
754 1281 762 1296 ,
778 1258 826 1288 sed
839 1261 921 1289 Rasin
930 1267 957 1290 et
973 1260 992 1283 E

209 1302 297 1332 filium
310 1302 450 1338 Romeliae,
459 1303 586 1333 inducam
594 1304 775 1344 Babylonium
783 1316 792 1343 ς
809 1305 955 1346 impetum-

207 1360 260 1388 que
273 1350 407 1380 exercitus
429 1350 506 1379 illius
523 1361 621 1390 aquam
635 1350 758 1381 fluminis
771 1359 849 1382 vocat
861 1353 956 1394 copio-

208 1407 264 1425 sam
278 1403 303 1426 et
323 1396 518 1427 vehementem.

979 705 1000 728 Β

245 1628 275 1656 3.
289 1627 393 1656 Deinde
415 1628 599 1668 metaphoram
619 1628 757 1668 explicans
770 1628 821 1663 nit,
843 1630 950 1669 Regem

204 1672 408 1710 Assyriorum.
422 1673 521 1704 Viden'
534 1683 615 1713 quam
627 1674 811 1703 indubitatum
822 1683 950 1714 appareat

203 1718 232 1748 id
252 1719 326 1758 quod
348 1730 431 1760 supra
454 1720 586 1758 diximus,
611 1720 640 1749 in
665 1720 831 1760 metaphoris
855 1731 950 1762 nempe

203 1765 371 1806 scripturam
385 1777 413 1796 se
434 1778 540 1807 semper
557 1766 727 1807 interpretari
739 1766 825 1797 solere
838 1767 853 1797 3³
866 1769 950 1805 Quod

201 1811 282 1841 ctiam
297 1812 342 1842 hic
368 1813 439 1842 fecit.
454 1814 524 1843 Cum
547 1814 619 1842 enirn
643 1813 745 1843 flumen
758 1813 882 1851 dixisset,
894 1825 947 1845 non

202 1857 229 1886 in
252 1858 408 1898 metaphora
423 1859 554 1896 substitit,
567 1859 614 1888 sed
624 1859 761 1898 quodnam
771 1859 871 1889 flumen
881 1868 949 1891 esset
959 1875 983 1894 92

200 1903 283 1941 dixit,
295 1906 402 1944 Regem
425 1905 632 1943 Assyriorum,
646 1911 676 1934 et
690 1915 806 1934 omnem
818 1906 946 1943 gloriam
961 1903 980 1926 Λ

199 1950 272 1988 ejus.
287 1951 331 1980 Et
351 1960 385 1979 as
419 1951 489 1980 πᾶσι
507 1960 594 1989 super·
615 1961 730 1980 omnem
755 1952 869 1981 vallem
895 1963 946 1982 ve-

198 2003 300 2033 stram,
320 2002 350 2026 et
410 1997 572 2026 ambulabit
591 2007 679 2037 super
700 2008 814 2027 omnem
830 2009 945 2029 murum

196 2048 336 2072 vestrum.
361 2043 391 2073 8.
419 2044 462 2072 Et
481 2043 597 2084 auferet
615 2053 635 2073 a
649 2044 760 2073 Judaea
783 2045 942 2083 hominem,

197 2091 249 2128 qui
266 2091 357 2129 possit
369 2090 468 2120 levare
480 2097 578 2129 caput,
594 2096 647 2119 aut
657 2092 711 2130 qui
719 2092 811 2130 possit
827 2091 946 2131 aliquid

192 2136 340 2175 perficere.
355 2137 398 2165 Et
406 2142 492 2165 erunt
502 2142 602 2166 castra
611 2138 687 2176 ejus,
700 2138 744 2166 ita
753 2143 786 2166 ut
799 2138 943 2175 impleant

195 2184 382 2212 latitudinem
395 2184 520 2222 regionis
532 2190 599 2212 tuoe.
614 2183 765 2220 Ostendens
779 2194 832 2213 non
847 2184 942 2215 huma·

193 2241 227 2260 na
245 2230 356 2267 virtute,
367 2230 415 2260 sed
428 2230 469 2260 ira
487 2230 538 2260 Dei
549 2232 673 2261 saeviente
687 2231 755 2268 haec,
769 2241 829 2270 quae
841 2231 939 2262 dicun-

193 2285 248 2313 tur,
261 2283 388 2307 eventura
402 2286 469 2311 esse,
483 2286 536 2305 non
550 2277 630 2307 illum
652 2284 683 2307 ut
706 2277 810 2307 hostem
823 2278 880 2308 acie
892 2279 938 2308 in-

192 2329 291 2353 structa
315 2322 453 2359 describit,
485 2321 533 2351 sed
557 2329 587 2352 ut
603 2322 646 2352 ‘ad
671 2330 793 2363 paratam
819 2324 937 2364 praedam

191 2369 351 2399 venientem.
364 2369 425 2398 Non
445 2368 518 2397 enim
530 2368 622 2405 stabit,
634 2368 734 2407 inquit,
747 2376 773 2399 et
793 2370 878 2399 aciem
889 2370 935 2400 in·-

191 2423 285 2453 struet,
312 2415 359 2445 sed
383 2423 528 2455 corporum
552 2414 726 2444 multitudine
749 2422 825 2445 terrae
838 2417 933 2447 faciem
950 2418 968 2442 Β

190 2462 305 2502 obteget,
318 2462 446 2501 facileque
455 2460 550 2490 aderit.
568 2460 610 2489 Ad
623 2461 679 2490 haec
692 2461 720 2489 in
731 2461 770 2490 ira
781 2462 861 2491 etiam
873 2473 930 2492 ma-

223 2541 235 2559 ι.
252 2540 294 2565 Sic
304 2539 382 2566 Savil.
396 2545 422 2565 et
432 2539 493 2573 ch.
507 2539 539 2564 At
548 2537 635 2565 florel.
649 2544 675 2564 et
687 2540 777 2566 Bavar.
791 2545 853 2573 μετὰ
865 2544 950 2571 πολλῆς

194 2592 227 2608 :⁴15
239 2591 372 2614 περιουσιας.

221 2628 230 2638 ι·
249 2620 307 2652 1103
327 2625 355 2653 τῇ
377 2622 460 2654 ἐρημίᾳ
479 2624 522 2644 τῶν
542 2621 636 2649 &Ed-mv,
658 2619 739 2644 minus
759 2625 834 2646 recte.
852 2619 949 2654 [Paulo

555 176 585 199 S.
612 175 754 200 JOANNIS
779 163 1149 199 caRYSOSTsARCfflEP.
1176 175 1449 199 CONSTANTINOP·

1020 235 1173 277 Ἀσσυρίων.
1187 237 1277 278 Ὅπερ
1292 239 1348 272 ἔθος
1367 238 1423 268 ἐστὶ
1443 239 1484 280 τῷ
1500 239 1563 279 Θεῷ
1574 260 1583 275 ‚
1597 239 1635 278 μὴ
1650 239 1728 278 μόνον
1744 240 1794 274 τὰς

1019 283 1149 324 τιμωρίας
1172 285 1328 324 προλέγειν,
1350 284 1478 315 ἀλλὰκαὶ
1502 285 1550 319 τὰς
1572 285 1658 320 αἰτίας
1680 286 1792 322 τιθέναι,

1020 329 1090 359 ὥστε
1103 330 1240 371 καὶταύτῃ
1255 332 1397 362 παιδεῦσαι
1411 331 1471 366 τοὺς
1484 331 1644 370 ἀκούοντας,
1653 335 1732 363 τοῦτο
1747 333 1793 363 καὶ

1020 377 1131 406 ἐνταῦθα
1144 382 1224 408 ποιεῖ.
1240 377 1332 408 Εἰπὼν
1352 378 1404 418 γὰρ
1425 378 1473 415 τὴν
1494 380 1546 408 τῶν
1560 378 1715 419 ἀλλοφύλων
1737 379 1794 409 δια-

1019 422 1113 461 νομὴν,
1128 423 1175 453 καὶ
1190 423 1225 453 τὰ
1239 425 1324 454 σκῦλα
1332 446 1340 460 ,
1352 424 1399 454 καὶ
1411 424 1548 465 προλέγων
1560 424 1610 461 τὴν
1622 426 1676 455 τῶν
1689 425 1794 466 βαρὸά-

1019 479 1071 507 ρων
1082 468 1185 509 ἱφοδον,
1204 468 1278 510 λέγει
1292 469 1338 500 καὶ
1354 470 1404 506 τὴν
1425 470 1511 501 αἰτίαν
1531 473 1578 501 τοῦ
1602 471 1730 511 πολέμου.
1743 471 1794 506 Τίς

1019 513 1048 543 δέ
1073 515 1146 544 ἐστιν
1169 514 1253 552 αὖτη;
1268 514 1303 545 Ἡ
1317 516 1493 555 ἀγνωμοσύνη
1517 519 1572 547 τῶν
1595 517 1644 554 τὴν
1659 517 1736 547 πόλιν
1755 519 1794 547 οἰ-

1017 560 1142 590 κούντων.
1157 561 1237 592 Ἐπεὶ
1255 561 1307 603 γὰρ
1323 562 1436 602 βασιλέα
1449 563 1570 604 ἔχοντες,
1581 564 1674 605 φησὶν,
1686 565 1793 601 ἔπιεικῆ

1016 607 1061 636 καὶ
1073 611 1157 647 πρᾶον
1176 607 1222 638 καὶ
1242 608 1352 649 ἥμερον,
1367 609 1579 650 ἄπεσκίρτησαν,
1591 610 1638 640 καὶ
1658 610 1793 651 τυράννων

1014 653 1194 693 ἐπεθύμησαν,
1206 654 1252 684 καὶ
1265 655 1331 696 πρὸς
1344 656 1486 695 ἀλλοτρίαν
1498 656 1587 697 ἀρχὴν
1601 658 1789 697 αὐτομολῆσαι

1014 700 1191 740 ἠπείχθησαν,
1216 701 1266 738 τὴν
1293 701 1391 731 οἰκείαν
1419 702 1564 743 εὐπραγίαν
1591 704 1622 733 οὗ
1649 705 1786 744 φέροντες,

1013 746 1082 785 μετὰ
1096 745 1234 781 Ι’πλείονος
1244 749 1293 783 τῆς
1305 747 1459 788 περιουσίας
1477 747 1614 789 πληρώσω
1627 749 1677 785 τὴν
1691 750 1785 779 ἐπιθυ-

1013 791 1076 831 μίαν
1100 794 1197 831 αὐτῶν,
1217 793 1351 835 βᾶρὸαρόν
1369 806 1430 824 τινα
1450 794 1495 824 καὶ
1510 794 1643 835 ἀνήμερον
1658 795 1728 835 ἄγων
1743 795 1789 825 ἄν·

1011 841 1125 878 Operm.
1141 839 1281 880 Κέχρηται
1295 840 1323 870 δὲ
1333 843 1516 881 μεταφορικῶς
1528 845 1586 874 ταῖς
1599 840 1701 878 λέξεσι,
1715 841 1746 871 τό
1757 852 1787 871 τε

1010 880 1072 922 ἦθος
1091 888 1137 915 τοῦ
1153 885 1282 927 ἐγχωρίου
1297 887 1385 922 δηλῶν
1397 887 1528 926 βασιλέως
1534 887 1596 923 ,καὶ
1615 886 1665 923 τὴν
1676 887 1790 927 δύναμιν

1011 934 1057 961 τοῦ
1072 932 1206 973 βαρὸάρου
1215 944 1223 952 ·
1237 937 1308 963 ποιεῖ
1323 932 1352 962 δὲ
1365 932 1445 970 αὖτὸ,
1460 932 1525 974 ὅπερ
1538 932 1604 973 ἔφην
1618 933 1674 971 ἀεὶ,
1688 933 1732 964 τὸν
1742 933 1789 963 λό-

1011 989 1057 1017 γον
1073 978 1302 1019 ἐμφαντικώτερον
1321 979 1539 1013 κατασχευάζων.
1552 978 1606 1009 Διὰ
1618 979 1696 1009 τοῦτό
1710 991 1789 1020 φησι,

1010 1023 1063 1055 Διὰ
1080 1024 1111 1054 τὸ
1130 1024 1167 1064 μὴ
1188 1025 1328 1065 βούλεσθαι
1347 1024 1442 1059 αὐτοὺς
1463 1025 1494 1055 τὸ
1507 1024 1577 1066 ὕδωρ
1593 1028 1639 1055 τοῦ
1657 1026 1786 1065 Σιλωάμ·

1010 1071 1040 1099 οὖ
1061 1070 1122 1111 περὶ
1135 1070 1229 1105 ὕδατος
1250 1070 1346 1111 λέγων,
1367 1071 1426 1100 ἀλλ’
1445 1070 1538 1108 ἐπειδὴ
1562 1073 1579 1107 ἡ
1601 1071 1676 1110 πηγὴ
1698 1071 1787 1112 ἠρέμα

1009 1117 1055 1146 καὶ
1070 1117 1186 1158 ἀψοφητὶ
1199 1117 1321 1158 πρόεισι,
1333 1117 1364 1147 τὸ
1383 1117 1532 1158 ἀτάραχτον
1554 1118 1600 1148 καὶ
1621 1120 1726 1154 ἐπιεικῆ
1740 1118 1785 1148 τὸν

1009 1163 1106 1202 τρόπον
1119 1167 1166 1193 τοῦ
1179 1163 1239 1194 τότε
1254 1162 1438 1203 βασιλεύοντος
1449 1166 1499 1204 οτῇ
1512 1163 1600 1204 ἠρέμῃ
1616 1165 1669 1193 τῶν
1681 1163 1784 1193 ὑδάτων

1011 1208 1116 1250 διεξόδῳ
1137 1209 1321 1250 παραὸάλλει,
1335 1209 1381 1239 καὶ
1398 1210 1512 1249 Σιλωὰμ
1534 1210 1611 1239 αὐτὸν
1631 1211 1725 1247 καλεῖ,
1741 1210 1786 1239 διὰ

1009 1254 1040 1284 τὸ
1064 1255 1211 1296 ἀνεπαχθὲς
1230 1255 1276 1285 καὶ
1299 1255 1398 1295 ἤρεμον
1409 1267 1415 1274 ·
1438 1255 1453 1286 ὃ
1477 1255 1606 1295 μεγίστην
1626 1256 1701 1296 φέρει
1730 1261 1785 1290 τοῖς

1008 1301 1163 1341 ἀρχομένοις
1173 1301 1344 1342 κατηγορίαν,
1357 1301 1445 1340 ὅτιμὴ
1465 1300 1547 1341 βαρὺν
1567 1301 1673 1342 ἔχοντες
1693 1302 1782 1342 ζυγὸν,

1006 1347 1168 1388 νεωτερίζειν
1183 1347 1348 1388 ἐπεχείρουν,
1360 1347 1406 1378 καὶ
1420 1347 1568 1388 ἀλλοτρίοις
1585 1347 1693 1382 ἑαυτοὺς
1707 1349 1780 1378 διδό-

1005 1405 1049 1423 ναι
1071 1395 1217 1433 βασιλεῦσι.
1239 1393 1318 1424 Ἐπεὶ
1342 1388 1387 1422 οὖν
1409 1394 1439 1423 οὗ
1463 1393 1618 1432 βούλονται,
1637 1394 1718 1435 φησὶ,
1737 1394 1782 1424 τὸν

1005 1439 1104 1479 ἥμερον
1118 1439 1164 1469 καὶ
1182 1441 1301 1476 ἐπιεικῆ,
1316 1438 1385 1469 ἀλλὰ
1403 1438 1447 1469 τὸν
1462 1439 1556 1470 Ῥασὶν
1583 1440 1630 1470 καὶ
1655 1440 1701 1470 τὸν
1725 1440 1782 1470 υἱὸν

1004 1487 1050 1514 τοῦ
1065 1485 1213 1525 Ῥωμελίου
1223 1508 1232 1521 ,
1247 1485 1353 1525 ἐπάγω,
1366 1485 1432 1525 φησὶ
1443 1508 1450 1522 ,
1466 1485 1511 1516 τὸν
1532 1486 1701 1516 Βαὸυλώνιον
1714 1497 1722 1505 ·
1736 1487 1782 1516 καὶ

1003 1530 1033 1560 τὸ
1045 1532 1168 1571 ῥαγδαῖον
1181 1533 1262 1562 αὐτοῦ
1281 1533 1330 1567 τῆς
1343 1536 1469 1571 στρατιᾶς
1482 1531 1553 1572 ὕδωρ
1574 1534 1697 1572 ποταμοῦ
1714 1544 1778 1573 φησι

1002 1577 1069 1607 πολὺ
1083 1577 1128 1608 καὶ
1142 1578 1262 1618 ἰσχυρόν.

1041 1625 1110 1661 Εἶτα
1121 1631 1273 1671 ἑρμηνεύων
1286 1630 1335 1667 τὴν
1360 1631 1511 1671 μεταφοράν
1529 1642 1609 1671 φησι,
1623 1631 1678 1660 Τὸν
1694 1633 1775 1671 βασι-

999 1682 1049 1712 λέα
1060 1685 1113 1713 τῶν
1129 1683 1283 1724 Ἀσσυρίων.
1297 1683 1381 1724 Ὁρᾷς
1394 1685 1451 1717 πῶς
1466 1683 1657 1718 ἀδιάπτωτοςό
1669 1683 1748 1724 λόγος
1759 1686 1774 1714 ὁ

999 1733 1146 1774 ἔμπροσθεν
1158 1737 1222 1775 ἡμῖν
1244 1735 1347 1776 λεχθεὶς
1369 1735 1508 1776 φαίνεται·
1526 1735 1568 1766 ὅτι
1585 1739 1726 1777 πανταχοῦ
1746 1738 1774 1767 ἒν

997 1790 1054 1820 ταῖς
1069 1791 1228 1827 μεταφοραῖς
1241 1787 1337 1825 ἑαυτὴν
1352 1788 1508 1827 ἑρμηνεύειν
1525 1787 1616 1818 εἴωθεν
1631 1790 1649 1824 ἡ
1665 1789 1775 1830 Γραφή;

996 1837 1034 1867 ⁶0
1049 1837 1080 1875 δὴ
1094 1838 1139 1868 καὶ
1149 1840 1260 1870 ἐνταῦθα
1273 1839 1428 1876 πεποίηκεν.
1441 1840 1565 1870 Εἶποῦσα
1577 1839 1629 1880 γὰρ
1641 1840 1774 1879 ποταμὸν,

996 1891 1044 1920 οὔκ
1066 1891 1221 1931 ἐναπέμεινε
1236 1894 1270 1932 τῇ
1290 1896 1444 1932 μεταφορᾷ,
1463 1892 1522 1922 ἀλλ’
1546 1887 1620 1930 εἶπε,
1632 1891 1691 1922 τίνα
1706 1892 1772 1933 φησὶ

995 1942 1124 1982 ποταμὸν,
1135 1943 1188 1972 Τὸν
1203 1942 1315 1982 βασιλέα
1327 1945 1379 1973 τῶν
1392 1943 1546 1984 Ἀσσυρίων,
1559 1944 1606 1974 καὶ
1617 1949 1709 1974 πᾶσαν
1722 1943 1773 1980 τὴν

996 1994 1072 2028 δόξαν
1097 1996 1188 2024 αὐτοῦ.
1210 1994 1264 2025 Καὶ
1285 1995 1448 2031 ἀναὸήσεται
1469 1995 1514 2025 ἐπὶ
1531 2000 1621 2025 πᾶσαν
1647 1995 1774 2037 φάραγγα

994 2048 1077 2085 ὑμῶν,
1097 2047 1143 2077 καὶ
1158 2047 1337 2087 περιπατήσει
1355 2048 1401 2077 ἐπὶ
1423 2052 1477 2077 πᾶν
1499 2052 1587 2088 τεῖχος
1611 2049 1695 2088 ὑμῶν.
1715 2048 1771 2079 Καὶ

993 2101 1085 2141 ἀφελεῖ
1107 2100 1161 2130 ἀπὸ
1177 2103 1225 2138 τῆς
1245 2100 1375 2135 Ἰουδαίας
1400 2100 1554 2141 ἄνθρωπον,
1576 2100 1605 2135 ὃς
1627 2100 1770 2138 δυνήσεται

992 2153 1109 2193 κεφαλὴν
1123 2149 1224 2194 ἆραι,ἢ
1240 2153 1350 2183 δυνατὸν
1363 2152 1612 2183 συντελέσασθαίτι.
1627 2153 1682 2183 Καὶ
1693 2153 1769 2183 ἔσται

989 2208 1006 2242 ἡ
1021 2204 1179 2246 παρεμὸολὴ
1202 2207 1298 2243 αὐτοῦ,
1314 2205 1384 2235 ὥστε
1405 2206 1547 2246 πληρῶσαι
1559 2204 1591 2234 τὸ
1607 2204 1708 2240 πλάτος
1720 2208 1770 2243 τῆς

988 2258 1078 2299 χώρας
1102 2270 1159 2288 σου.
1188 2257 1298 2291 Δεικνὺς
1322 2257 1363 2287 ὅτι
1387 2258 1435 2287 οὐκ
1460 2257 1611 2298 ἀνθρωπίνῃ
1639 2257 1766 2297 δυνάμει,

988 2312 1046 2340 ἀλλ’
1061 2312 1127 2352 ὀργῇ
1147 2308 1268 2350 θεηλᾶτῳ
1281 2309 1449 2349 συμὸήσεται
1461 2308 1496 2338 τὰ
1512 2309 1657 2349 λεγόμενα,
1669 2310 1720 2350 οὐχ
1731 2312 1768 2343 ὡς

986 2364 1113 2403 πολέμιον
1130 2363 1208 2393 αὐτὸν
1221 2361 1456 2403 παραταττόμενον
1477 2362 1638 2403 ὑπογράφει,
1652 2362 1711 2391 ἀλλ’
1727 2363 1765 2395 ὣς

986 2414 1030 2443 ἐπὶ
1040 2412 1292 2454 παρεσκευασμένην
1309 2412 1432 2453 ἁρπαγὴν
1447 2412 1557 2448 ἥκοντα.
1573 2414 1615 2442 Οὐ
1629 2411 1680 2451 γὰρ
1695 2411 1763 2448 στή-

986 2475 1075 2500 σεται,
1088 2464 1170 2504 φησὶ,
1184 2463 1229 2492 καὶ
1246 2462 1440 2503 παρατάξεται,
1456 2462 1526 2492 ἀλλὰ
1546 2463 1584 2502 τῷ
1597 2462 1694 2498 πλήθει
1706 2463 1763 2491 τῶν

1000 2548 1059 2567 unte
1077 2542 1137 2568 fort.
1155 2533 1203 2577 leg.
1215 2547 1255 2570 τὸν
1272 2548 1310 2571 ἑπ.
1325 2555 1362 2578 tp.
1377 2556 1399 2570 τ.
1416 2556 1438 2571 τ.
1451 2543 1491 2578 β]
1503 2542 1581 2569 Paulo
1596 2548 1654 2576 post
1670 2543 1759 2568 Bavar.

998 2585 1123 2615 ἀνεπαχθὲς
1134 2585 1173 2608 καὶ
1186 2587 1278 2616 ἥμερον-
