1890 2826
76 312 96 333 3
107 311 214 339 111512

76 342 113 363 3.

75 405 96 425 3,
110 406 166 434 neg.
179 406 213 436 14.

227 186 297 228 422

226 267 338 296 regnum
352 257 403 297 ipsi
419 257 577 296 eripeietur,
601 267 694 287 aureas
716 258 828 287 buculas
848 258 916 287 duas
929 258 966 286 se-

225 303 272 339 cit,
282 310 308 332 et
326 304 459 344 populum
471 302 579 332 seduxit
588 302 701 333 dicens·
714 305 758 333 Hi
771 311 839 333 sunt
853 305 905 342 dii,
917 306 968 344 qui

226 349 387 379 eduxerunt
410 359 461 379 nos
473 355 598 378 exterra
607 351 740 389 AEgypli.
757 350 878 380 Instituit
896 349 967 379 enim

224 395 289 425 festa
302 402 329 425 et
347 395 514 429 sacci-:dotes
530 397 558 425 E
562 402 572 424 t
589 396 638 425 hic
645 407 766 436 peccare
775 397 848 437 fecit
859 395 965 425 Israel.

223 443 316 481 Ipsum
331 453 445 481 namque
466 453 557 472 omnes
578 449 668 482 postea
688 452 762 483 reges
778 443 873 472 imitati
891 449 965 471 suut.

224 489 313 528 Hujus
331 496 449 529 tempore
462 489 599 529 prophetae
618 496 692 519 erant
707 490 803 520 Achias
824 489 966 523 Silonites‚

223 541 249 563 ct
261 535 308 573 qui
320 542 411 564 contra
428 536 516 576 ipsum
536 542 618 576 super
630 536 713 566 altare
732 536 893 566 vociferatus
913 543 962 564 cst.

223 581 329 610 Nabath
340 581 415 610 filius
423 582 482 622 ejus
489 582 611 622 regnavit
620 592 703 612 annos
713 582 793 618 duos,
801 589 828 611 ct
834 582 895 611 fecit
905 592 963 610 ma-

203 649 213 653 -
224 627 291 664 lum,
308 637 393 666 neque
410 628 480 658 alius
491 639 524 658 ex
534 639 629 668 genere
637 630 694 669 ejus
705 629 838 669 regnavit.
853 628 963 658 zambri

190 675 213 687 '²‘
222 674 332 703 alterius
342 675 445 714 generis
453 678 537 704 annos
545 677 592 705 12.
602 676 685 706 Baasa
694 675 815 715 regnavit
822 685 905 704 annos
912 676 963 712 24,
983 682 1001 705 C

221 727 246 749 ct
259 721 322 750 fecit
334 720 408 759 quod
419 721 520 750 malum
532 729 596 751 erat.
615 722 674 752 Sub
684 722 734 751 hoc
742 722 879 762 prophetae
888 729 964 750 erant

222 767 304 805 Elias,
317 768 456 805 Elissaem,
471 768 609 806 Michaeas,
625 775 652 798 et
664 769 711 808 qui
726 769 855 798 Achaabo
865 768 899 797 de
911 769 963 808 Sy-

220 813 258 842 ria
265 814 332 843 etde
339 814 397 843 {itio
405 813 477 844 Δάοι·
486 815 667 854 prophetavit,
675 822 701 844 et
710 815 757 856 qui
766 815 877 855 proprio
883 814 962 854 jussu

218 859 385 897 vulneratus,
415 861 571 891 Achaahum
592 861 730 901 redarguit
751 874 757 890 :
781 872 812 891 ac
835 868 962 902 praeterca

217 915 336 935 seorsum
350 907 429 936 multi
443 902 635 947 prophetarum
653 908 715 937 filii.
737 908 869 937 Ochozias
888 907 962 937 filius

218 953 276 991 cjus
289 953 365 983 annis
378 953 497 989 duobus,
513 961 539 983 et
552 954 613 984 fecit
626 954 699 993 quod
713 954 815 983 malum
823 961 887 983 erat.
902 955 961 984 Sub

218 997 267 1027 hoc
281 1006 355 1028 erant
369 1000 444 1029 Elias
457 1007 482 1029 et
496 1000 623 1029 Elissaeus
634 1013 640 1029 :
651 1011 712 1030 nam
724 1001 781 1039 ejus
793 1002 960 1040 quinquage-

218 1045 371 1085 nariosigne
378 1046 510 1086 percussit
519 1046 595 1076 Elias
603 1046 631 1075 in
640 1047 724 1076 verbo
737 1047 856 1076 Domini.
867 1047 959 1077 Joram

218 1091 290 1121 filius
316 1093 423 1122 Achaab
444 1093 520 1122 annis
543 1093 687 1123 duodecim
701 1105 707 1121 :
720 1100 745 1123 et
758 1093 821 1123 fecit
844 1093 958 1131 malum,

217 1148 301 1176 neque
320 1139 391 1168 ultra
414 1139 483 1168 alius
496 1149 529 1168 ex
545 1150 638 1178 genere
652 1139 737 1179 ipsius
748 1140 880 1179 regnavit.
901 1140 960 1169 Sub

216 1184 266 1213 hoc
280 1185 355 1214 Elias
368 1192 502 1215 assumtus
517 1193 556 1214 est
568 1198 574 1214 ε
586 1186 715 1215 Etissaeus
727 1197 791 1215 vcro
804 1186 902 1216 mansit
915 1198 959 1216 us-

215 1230 312 1268 quead
332 1232 475 1261 Jeroboam
490 1232 578 1261 filium
600 1233 663 1261 Joas
677 1243 764 1271 regem
783 1234 876 1263 Isra’e'l.
901 1234 959 1264 Sub

215 1276 265 1305 hoc
278 1283 352 1306 crant
367 1277 416 1306 filii
435 1277 640 1317 prophetarum.
665 1278 735 1308 Jehu
747 1278 781 1307 de
798 1279 850 1307 alia
863 1279 956 1318 stirpe,

215 1321 289 1351 filius
301 1323 438 1359 Namesse,
451 1323 527 1352 annis
539 1325 589 1352 22.
601 1323 651 1353 Hic
659 1324 768 1353 sustulit
780 1334 862 1364 genus
876 1325 958 1354 Acba-

214 1368 270 1406 abi,
294 1376 319 1398 et
334 1370 478 1409 prophetas
495 1371 560 1400 Baal
578 1381 626 1410 per
639 1370 749 1399 insidias
769 1371 878 1408 occidit,
899 1378 955 1400 sta-

212 1421 339 1454 tuamque
356 1415 432 1444 illius
451 1415 587 1445 contrivit.
602 1417 638 1446 Et
651 1427 713 1445 cum
731 1416 756 1445 in
769 1417 841 1446 hisce
854 1418 956 1447 fecisset

212 1460 285 1498 quod
299 1467 401 1490 rectum
412 1468 479 1498 erat,
494 1461 708 1502 promissionem,
721 1463 794 1501 quod
807 1463 892 1503 ipsius
904 1464 955 1492 sulii

211 1506 246 1535 ad
259 1513 381 1545 quartam
394 1517 477 1546 usque
491 1508 685 1547 generationem
699 1509 797 1538 sessuri
810 1517 896 1539 essent
907 1521 954 1539 su-

211 1562 259 1591 per
272 1552 409 1581 thronum.
426 1553 541 1583 Joachaz
555 1553 629 1582 filius
643 1555 700 1593 ejus
713 1565 796 1584 annos
809 1555 955 1595 septemde-

211 1597 275 1634 cim,
290 1598 405 1637 fecitque
414 1599 487 1637 quod
506 1599 610 1628 malum
623 1606 691 1628 crat.
703 1601 852 1630 Jerusalem
866 1612 953 1642 expu-

211 1644 313 1683 gnavit,
333 1655 429 1674 aurum
449 1652 474 1674 ct
491 1656 553 1675 vasa
573 1646 695 1675 abstulit.
720 1647 863 1677 Jeroboam
881 1649 955 1678 filius

210 1689 268 1729 ejus
288 1691 364 1720 annis
378 1691 428 1727 41,
454 1692 568 1730 fecitque
588 1692 701 1722 malum.
718 1692 860 1724 Zacharias
881 1695 954 1724 filius

209 1735 267 1775 ejus
281 1736 418 1766 mensibus
431 1749 477 1766 sex
493 1749 499 1765 z
513 1738 629 1777 fecitque
638 1738 751 1768 malum.
764 1741 898 1770 Hactenus
908 1751 954 1780 ge·

209 1791 260 1810 nus
271 1782 342 1812 Jehu
358 1794 442 1822 usque
451 1783 485 1812 ad
494 1791 616 1822 quartam
627 1785 821 1823 generationem
830 1786 952 1818 duravit.

209 1826 314 1857 Sellum
322 1839 356 1857 ex
368 1829 421 1858 alia
435 1830 519 1870 stirpe
532 1830 606 1859 filius
617 1831 693 1860 Jabis
706 1832 826 1870 regnavit
837 1832 895 1862 dies
906 1834 952 1863 tri-

209 1873 293 1912 ginta,
305 1882 331 1903 et
345 1875 406 1904 fecit
419 1875 494 1914 quod
509 1876 608 1905 malum
623 1883 690 1905 erat.
705 1879 831 1907 Manaiim
851 1889 885 1908 cx
899 1879 953 1909 alio

210 1930 315 1958 genere,
328 1921 402 1950 filius
424 1921 531 1959 Gadde,
547 1932 630 1951 annos
642 1923 750 1962 viginti,
767 1931 794 1953 ct
804 1925 866 1954 fecit
879 1926 952 1964 quod

209 1966 310 1995 malum
334 1974 400 1996 crat.
421 1969 509 2007 Hujus
525 1975 645 2008 tempore
663 1969 856 2009 prophetarunt
869 1972 952 2001 Isaias

208 2019 234 2042 et
243 2014 321 2042 Osee.
336 2014 437 2043 Phacee
451 2014 485 2043 de
498 2014 551 2043 alia
565 2015 656 2055 stirpe,
667 2016 741 2045 filius
751 2018 891 2055 Rmnefiae,
902 2029 950 2048 an·

173 2087 178 2095 ,
207 2069 256 2087 nos
271 2059 378 2098 viginti.
392 2060 444 2089 Hic
457 2060 555 2089 occidit
564 2061 721 2097 Phakciam,
732 2063 825 2092 etfccit
837 2064 948 2094 malum.

207 2105 267 2134 Sub
281 2105 331 2134 hoc
346 2112 420 2134 crant
433 2106 515 2135 Isaias
535 2113 561 2136 et
581 2108 651 2136 Osee
673 2108 820 2147 prophetae.
835 2111 904 2139 Osee
916 2121 951 2140 ex

208 2152 261 2182 alia
281 2154 375 2193 stirpe,
392 2153 465 2182 filius
476 2154 552 2190 Elas,
566 2164 648 2183 annos
665 2164 771 2184 novem.
789 2156 840 2186 Hic
853 2157 952 2188 occidit

208 2210 298 2239 regem
311 2199 424 2235 Phacee,
438 2206 464 2228 et
477 2200 539 2229 fecit
560 2200 662 2229 malum
675 2210 786 2230 =verum
807 2213 859 2232 non
881 2204 950 2234 sicut

206 2244 357 2275 decessores
367 2245 434 2284 ejus.
446 2246 515 2275 Osee
527 2246 640 2275 ultimus
650 2246 701 2275 fuit
711 2257 758 2275 rex
769 2248 904 2278 Samariae.
918 2251 948 2279 In
960 2267 995 2286 ³⁶¹

567 196 596 218 S.
624 194 764 218 JOANMS
786 195 969 229 cuuYsQST.
1000 195 1155 219 anctum).
1184 196 1456 220 CONSTANTINOP-

1022 256 1147 296 δούμενος
1160 258 1212 298 γὰρ
1226 259 1263 298 μὴ
1279 260 1449 301 καταληφθῇ,
1464 259 1572 296 ἐποίησε
1586 261 1790 303 δαμάλειςχρυ-

1022 307 1069 336 σᾶς
1089 303 1143 340 δύο,
1164 305 1210 334 καὶ
1228 305 1350 342 ἠπάτησε
1373 306 1417 335 τὸν
1431 307 1494 336 λαὸν
1507 306 1606 346 λέγων·
1627 303 1710 338 Οὗτοί
1726 310 1793 338 εἰσιν

1023 351 1047 378 οἱ
1058 349 1121 386 θεοὶ,
1130 352 1154 380 οἱ
1163 351 1336 391 ἀναγαγόντες
1349 354 1420 391 ἡμᾶς
1428 353 1459 382 ἐκ
1473 355 1522 392 γῆς
1530 353 1675 393 Αἰγύπτου.
1687 354 1792 384 ’Earu-

1023 407 1088 424 σατο
1102 395 1147 425 καὶ
1162 397 1251 437 ἑορτὰς
1266 398 1311 427 καὶ
1329 398 1414 438 ἱερέας
1425 410 1432 416 ·
1447 399 1500 428 Καὶ
1517 395 1591 433 οἶτος
1604 399 1735 439 ἐξήμαρτε
1747 400 1792 429 τὸν

1023 441 1142 481 Ἰσραήλ.
1158 443 1237 483 Αὐτῷ
1249 443 1300 483 γὰρ
1314 444 1411 478 πάντες
1424 446 1448 474 οἱ
1463 446 1521 483 μετ’
1533 445 1611 475 αὐτὸν
1625 446 1790 481 κατηκολού-

1022 490 1116 523 Οησαν.
1130 488 1195 518 Ἐπὶ
1207 489 1298 519 τούτου
1315 485 1348 526 ἧν
1359 491 1497 531 προφήτης
1510 492 1599 531 Ἀχίας
1609 494 1624 521 ὁ
1636 492 1791 529 Σιλονίτης,

1020 533 1065 562 καὶ
1077 536 1090 562 ὁ
1102 535 1324 574 ἐπικαλεσάμενος
1338 537 1382 566 ἐπὶ
1394 537 1425 567 τὸ
1436 538 1621 578 Θυσιαστ-ήριον
1630 540 1689 567 κατ’
1701 539 1790 568 αὐτοῦ.
1829 547 1831 550 ·

1021 579 1114 609 Ναὸὰθ
1127 581 1181 614 υἱὸς
1194 583 1274 611 αὐτοῦ
1294 582 1340 619 ἔτη
1357 582 1406 623 β’.,
1429 584 1475 613 καὶ
1492 585 1600 620 ἐποίησε
1615 584 1646 614 τὸ
1664 585 1788 625 πονηρὸν,

1020 626 1065 655 καὶ
1078 627 1126 655 οὐκ
1145 626 1185 656 ἔτι
1202 639 1242 660 τις
1256 629 1286 657 ἐκ
1302 628 1391 668 γένους
1405 631 1483 660 αὐτοῦ
1503 630 1666 661 ἐὸασίλευσε.
1681 631 1788 672 zap-&pt

1019 672 1108 711 ἑτέρου
1123 673 1213 711 γένους
1232 674 1277 710 ἔτη
1303 673 1346 703 ιδ’.
1366 676 1460 705 Bane&
1472 676 1520 712 ἔτη
1538 676 1588 707 κδ’.
1598 700 1606 714 ,
1620 677 1665 707 καὶ
1680 677 1787 713 ἐποίησε

1018 717 1048 746 τὸ
1063 719 1185 759 πονηρόν.
1202 720 1265 749 Ἐπὶ
1278 720 1370 750 τούτου
1383 723 1516 761 προφῆται
1529 718 1598 758 ἦσαν
1611 722 1707 756 Ἠλίας
1715 744 1724 759 ,
1741 724 1787 753 καὶ

1018 763 1186 801 Ἐλισσαῖος,
1209 766 1254 795 καὶ
1276 767 1396 807 Μιχαίας
1407 789 1415 803 ,
1442 767 1486 797 καὶ
1508 770 1522 797 ὁ
1545 768 1728 808 προφητεύσας
1749 770 1788 809 τῷ

1019 810 1121 850 Ἀχαὰὸ
1133 810 1194 850 περὶ
1206 813 1253 847 τῆς
1263 812 1361 851 Συρίας
1374 813 1419 842 καὶ
1429 816 1476 842 τοῦ
1489 814 1545 843 υἱοῦ
1557 813 1642 854 Ἁδὲρ,
1655 814 1701 844 καὶ
1711 816 1726 843 ὁ
1736 826 1788 843 πα-

1016 857 1095 891 τάξας
1109 857 1187 886 αὐτὸν
1198 857 1345 898 τραύματι,
1361 859 1406 888 καὶ
1426 858 1532 898 ἐλέγξας
1551 859 1596 889 τὸν
1609 860 1724 900 Ἀχαὰὸ,
1741 861 1789 898 {tal

1017 903 1109 932 πολλοὶ
1123 906 1182 933 καθ’
1191 904 1298 938 ἑαυτοὺς
1309 905 1360 935 υἱοὶ
1370 908 1423 935 τῶν
1435 908 1588 946 προφητῶν.
1598 907 1723 947 Ὀχοζίας
1733 907 1788 940 υἱὸς

1017 951 1096 978 αὐτοῦ
1109 950 1156 986 ἔτη
1169 949 1203 989 β’.
1215 972 1224 986 ,
1242 951 1287 979 καὶ
1298 951 1406 987 ἐποίησε
1419 952 1450 982 τὸ
1464 953 1587 992 πονηρόν.
1604 954 1657 983 Καὶ
1670 953 1716 983 ἐπὶ
1728 953 1788 983 τού·

1015 1007 1061 1024 του
1075 992 1142 1032 ἦσαν
1157 996 1251 1030 Ἠλίας
1262 998 1308 1026 καὶ
1322 997 1472 1032 Ἐλισσαῖος
1480 1010 1486 1017 ·
1499 1001 1578 1028 αὐτοῦ
1590 999 1642 1039 γὰρ
1654 1000 1714 1033 τοὺς
1726 1011 1787 1028 πεν-

1014 1042 1208 1082 τηκοντᾶρχους
1231 1043 1359 1077 ἐπάταξεν
1383 1045 1410 1073 ἐν
1430 1045 1494 1084 πυρὶ
1519 1045 1614 1079 Ἠλίας
1635 1046 1663 1075 ἕν
1685 1045 1787 1086 ῥήματι

1015 1088 1123 1128 Κυρίου.
1139 1088 1241 1128 Ἰωρὰμ
1259 1089 1312 1122 υἱὸς
1324 1089 1424 1129 Ἀχαὰὸ
1436 1090 1483 1127 ἔτη
1500 1090 1544 1121 ιδ’.
1553 1113 1562 1127 ,
1573 1092 1619 1122 καὶ
1635 1092 1742 1128 ἐποίησε
1755 1093 1787 1122 τὸ

1014 1133 1137 1173 πονηρὸν,
1151 1134 1196 1164 καὶ
1208 1134 1296 1164 οὐκέτι
1308 1147 1349 1169 τις
1361 1139 1408 1165 τοῦ
1421 1136 1512 1176 γένους
1524 1138 1605 1167 αὐτοῦ
1621 1137 1785 1168 ἔὸασίλευσε.

980 1177 997 1200 ⁰
1015 1179 1068 1208 Καὶ
1082 1182 1096 1208 ὁ
1109 1179 1157 1219 μὲν
1171 1180 1266 1215 Ἠλίας
1279 1181 1412 1221 ἀνεληφθη
1427 1183 1471 1212 ἐπὶ
1484 1183 1598 1213 τούτου·
1611 1186 1626 1213 ὁ
1646 1184 1674 1214 δὲ
1691 1184 1785 1215 Ἑλισ-

1014 1230 1071 1254 σαῑ
1065 1239 1087 1259 ς
1109 1207 1270 1266 Ιδιέμεινεν“
1255 1240 1304 1261 εως
1327 1227 1467 1268 Ἱεροὸοὰμ
1488 1229 1544 1259 υἱὸν
1563 1230 1639 1264 Ἰωὰς
1657 1230 1786 1270 βασιλέως

1013 1272 1131 1311 Ἰσραηλ.
1149 1268 1238 1302 *Hoetu
1250 1273 1277 1302 δὲ
1289 1274 1334 1303 καὶ
1349 1274 1394 1303 ἐπὶ
1404 1274 1498 1304 τούτου
1513 1277 1538 1305 οἱ
1550 1276 1603 1306 υἱοὶ
1613 1278 1666 1306 τῶν
1679 1287 1782 1316 προφη-

1012 1318 1234 1358 τῶν.’1οῦὲτέρου
1252 1319 1350 1358 γένους,
1361 1320 1414 1354 υἱὸς
1425 1322 1565 1360 Ναμεσσῆ,
1577 1322 1624 1358 ἔτη
1636 1322 1688 1353 κδ’.
1699 1319 1786 1356 Ουτος

1012 1364 1096 1392 ἀνεῖλε
1117 1364 1148 1393 τὸ
1161 1376 1232 1403 γενος
1246 1365 1346 1405 Ἀχαὰὸ
1360 1366 1406 1395 καὶ
1418 1366 1478 1400 τους
1491 1368 1630 1408 προφήτας
1642 1372 1688 1399 τοῦ
1709 1369 1785 1400 Βάαλ

1011 1410 1036 1437 ἐν
1057 1411 1096 1449 τῷ
1115 1413 1280 1450 πτερνισμῷ,
1302 1411 1348 1440 καὶ
1361 1411 1410 1448 τὴν
1424 1413 1525 1448 στήλην
1543 1415 1623 1444 αὐτοῦ
1635 1415 1783 1455 συνέτριψε.

1010 1455 1064 1484 Καὶ
1083 1457 1111 1485 ἐν
1124 1456 1225 1490 τούτοις
1244 1458 1356 1493 ποιήσας
1375 1469 1407 1487 το
1421 1459 1512 1495 εὐθὲς,
1530 1459 1594 1500 ἔσχε
1613 1461 1782 1501 ἐπαγγελίαν,

1009 1501 1049 1530 ὅτι
1063 1501 1114 1530 υἱοὶ
1135 1502 1254 1542 τέταρτοι
1267 1504 1420 1533 καθίσονταί
1439 1516 1480 1534 σοι
1499 1505 1543 1534 ἐπὶ
1557 1506 1658 1546 θρόνου.
1676 1507 1785 1549 Ἰοοιχὰζ

1010 1547 1063 1580 υἱὸς
1076 1548 1156 1576 αὖτοῦ
1167 1547 1214 1584 ἔτη
1229 1549 1287 1584 ιζ’.,
1301 1549 1347 1579 καὶ
1362 1550 1469 1586 ἐποίησε
1481 1550 1512 1580 τὸ
1524 1552 1650 1591 πονηρὸν,
1663 1553 1708 1582 καὶ
1719 1555 1782 1583 ἔπο-

1008 1591 1109 1630 λέμησε
1119 1593 1167 1629 τὴν
1181 1593 1367 1634 Ἰερουσαλὴμ,
1380 1596 1425 1625 καὶ
1433 1595 1513 1626 ἔλαὸε
1526 1597 1558 1626 τὸ
1569 1598 1678 1638 χρυσίον
1689 1599 1734 1628 καὶ
1747 1599 1783 1629 τὰ

1009 1638 1100 1674 σκεύη.
1113 1639 1252 1679 Ἱεροὸοὰμ
1264 1640 1318 1674 υἱὸς
1331 1642 1411 1671 αὐτοῦ
1424 1642 1473 1678 ἔτη
1487 1642 1544 1681 μα’.
1553 1664 1561 1678 ,
1577 1643 1623 1673 καὶ
1634 1639 1741 1681 ἔποίησι
1751 1645 1785 1675 τὸ

1008 1684 1130 1724 πονηρόν.
1143 1686 1280 1726 Ζαχαρίας
1293 1687 1347 1721 υἱὸς
1359 1689 1440 1717 αὐτοῦ
1454 1691 1540 1727 μῆνας
1553 1688 1587 1724 ς’.
1596 1712 1604 1726 ,
1615 1690 1660 1719 καὶ
1673 1691 1783 1726 ἐποίησε

1007 1730 1038 1759 τὸ
1045 1731 1168 1771 πονηρόν.
1180 1732 1252 1766 Ἕως
1263 1733 1357 1763 τούτου
1368 1735 1491 1774 γεγόνασι
1503 1738 1550 1764 τοῦ
1561 1735 1651 1775 γένους
1664 1737 1718 1771 ’Ῑοῢ
1729 1737 1782 1766 υἱοὶ

1007 1775 1138 1817 τέταρτοι.
1153 1778 1275 1818 Σελλοὺμ
1287 1779 1376 1819 ἑτέρου
1387 1780 1485 1820 γένους,
1501 1782 1555 1815 υἱὸς
1569 1782 1654 1816 Ἰαὸὶς
1669 1783 1782 1823 ἡμέρας,

1008 1823 1056 1858 λ’.,
1076 1824 1121 1853 καὶ
1143 1825 1251 1861 ἐποίησε
1265 1825 1295 1855 τὸ
1309 1827 1431 1866 πονηρόν.
1448 1828 1567 1868 Μαναὴμ
1579 1829 1659 1859 ἄλλου
1670 1829 1759 1868 γένους
1773 1853 1782 1866 ,

1009 1870 1062 1903 υἱὸς
1076 1871 1164 1907 Γαδδὴ
1177 1893 1184 1905 ,
1207 1871 1253 1907 ἔτη
1272 1871 1306 1901 κ’.
1315 1894 1323 1908 ,
1338 1873 1383 1902 καὶ
1403 1874 1512 1910 ἐποίησε
1526 1875 1557 1904 τὸ
1578 1876 1701 1916 πονηρόν.
1714 1876 1780 1906 Ἐπὶ

1007 1918 1099 1947 τούτου
1117 1918 1229 1952 Ἡσαΐας
1242 1919 1287 1948 καὶ
1301 1919 1384 1955 Ὠσηὲ
1397 1916 1465 1956 ἦσαν
1487 1922 1703 1962 προφητεύοντες.
1723 1924 1782 1953 Φα-

1007 1963 1051 1993 κεὲ
1079 1964 1159 1993 ἄλλου
1181 1964 1271 2004 γένους
1281 1985 1289 1999 ,
1312 1965 1366 1998 υἱὸς
1390 1965 1556 2005 Ῥωμελίου,
1575 1967 1622 2003 ἔτη
1637 1967 1672 1997 κ’.
1692 1964 1779 2002 Οὗτος

1007 2009 1100 2050 ἔσφαξε
1120 2010 1164 2040 τὸν
1178 2010 1308 2047 Φακείαν,
1331 2011 1375 2040 καὶ
1397 2012 1506 2048 ἐποίησε
1527 2013 1558 2042 τὸ
1576 2014 1698 2054 πονηρόν.
1711 2015 1778 2044 Ἐπὶ

1005 2055 1098 2084 τούτου
1121 2052 1190 2092 ησαν
1201 2056 1313 2090 εΗιτιίιιΐοις
1334 2058 1379 2087 καὶ
1391 2058 1475 2094 Ὠσηὲ
1493 2061 1518 2088 οἱ
1536 2061 1679 2099 προφῆται.
1695 2060 1778 2097 Ὠσηὲ

1006 2101 1095 2141 ἑτέρου
1108 2102 1215 2141 γένους,
1233 2103 1287 2136 υἱὸς
1300 2104 1387 2140 Ἤλᾶ,
1401 2104 1448 2140 ἔτη
1468 2104 1500 2134 Θ’
1521 2101 1606 2139 Οὗτος
1620 2106 1714 2146 ἔσφαξε
1733 2106 1779 2136 τὸν

1005 2147 1112 2182 Φακεὲ,
1128 2148 1199 2176 καὶ’
1187 2148 1294 2184 εποίησε
1312 2149 1342 2178 τὸ
1353 2150 1476 2190 πονηρὸν,
1491 2151 1561 2187 πλὴν
1574 2153 1624 2191 οὐχ
1640 2154 1676 2185 ὥς
1688 2154 1712 2182 οἱ
1726 2153 1778 2192 πρὸ

1007 2195 1094 2223 αὐτοῦ.
1107 2193 1271 2234 (”Υστερος)
1283 2195 1365 2231 Ὠσηὲ
1376 2196 1466 2235 γέγονε
1481 2197 1604 2236 βασιλεὺς
1614 2198 1776 2238 Σαμαρείας.

1007 2241 1069 2269 Ἐπ’
1085 2241 1164 2269 αὐτοῦ
1178 2240 1229 2281 γὰρ
1243 2241 1377 2271 πέπαυται
1388 2265 1396 2278 ,
1406 2242 1451 2271 καὶ
1465 2243 1586 2273 ἀπώλετο
1597 2246 1614 2279 ἡ
1627 2244 1777 2285 Σαμάρεια,

207 2291 286 2320 illum
308 2291 380 2320 enim
404 2290 541 2320 desierunt
561 2301 646 2331 reges,
670 2299 696 2321 et
717 2292 795 2331 periit
813 2289 949 2332 Samaria,
968 2296 988 2318 Λ
1006 2287 1051 2316 καὶ
1071 2286 1162 2316 λοιπὸν
1185 2287 1314 2327 Ἀσσύριοι
1336 2288 1495 2328 κατῴκησαν
1517 2291 1544 2319 ἓν
1569 2291 1645 2329 “51³5-
1668 2289 1716 2324 Ἐξ
1739 2293 1777 2320 ὧν

206 2347 288 2375 quam
300 2336 425 2377 deinceps
447 2337 632 2366 inhabitarunt
656 2338 772 2378 Assyrii.
793 2340 837 2368 Ex
850 2342 950 2379 quibus

207 2383 260 2412 orti
274 2390 337 2413 sunt
359 2383 477 2413 haeretici
500 2384 650 2421 samaritae,
665 2385 712 2423 qui
726 2391 752 2414 et
764 2385 886 2416 Saducaei
898 2398 946 2417 vo-

208 2437 311 2460 cantur.
326 2431 357 2460 In
373 2431 429 2460 haec
441 2430 537 2460 desinit
551 2437 623 2460 totus
639 2441 736 2471 scopus
750 2431 882 2462 librorum
895 2435 947 2462 Rc-

210 2487 282 2515 gum.

1006 2332 1133 2369 αἱρετικοὶ
1155 2333 1321 2373 Σαμαρεῖται
1334 2334 1473 2373 γεγόνασι,
1493 2335 1650 2374 καλούμενοι
1672 2337 1774 2366 Σαδου-

1005 2383 1084 2408 καῐοι.
1098 2380 1147 2408 Ἐν
1160 2379 1261 2413 τούτοις
1281 2376 1325 2409 οὖν
1339 2380 1384 2410 καὶ
1397 2382 1507 2421 τελευτᾷ
1519 2383 1534 2411 ὁ
1546 2387 1598 2415 πᾶς
1612 2382 1709 2416 σκοπὸς
1722 2384 1776 2412 τῶν

1007 2425 1116 2463 βιὸλίων
1132 2427 1185 2454 τῶν
1197 2427 1352 2456 Bacchum.
