1890 2826
709 151 750 173 or:
777 144 948 177 §Euri-:ME
977 151 1132 174 nonum.

137 211 228 248 ἐπειδὴ
239 211 339 251 ἡφύσις
345 207 378 247 ἦν
390 210 540 250 ἀμέριστος,
552 211 574 239 εἰ
582 209 688 243 καὶτοῖς
699 210 810 250 ,χρόνοις
829 211 908 240 διετέ-

138 269 216 296 μνετο
222 256 274 286 ,διὰ
278 257 328 293 τὴν
336 255 491 286 ἀκολουθίαν
494 278 502 293 ,
510 256 558 285 οὐκ
565 255 682 291 ὤκνησεν
690 257 706 285 ὁ
711 255 780 289 Θεὸς
787 256 908 295 μεταδα-

136 305 192 332 λεῑν
202 303 251 338 τὴν
261 302 349 339 τάξιν,
363 301 407 331 ἵνα
415 301 464 337 τὴν
472 301 612 341 ὁμολογίαν
620 301 752 341 ἀναδείξῃ.
767 301 848 341 Λέγει
856 301 907 341 γὰρ

134 349 163 377 ἐν
174 350 213 388 τῷ
225 349 356 388 Λευιτικῷ
368 346 458 387 (λέγω
469 347 521 387 γὰρ
534 346 634 376 καὶτὸν
644 346 736 383 τόπον,
749 345 793 376 ἵνα
806 345 845 386 μὴ
859 358 908 376 συ-

1632 141 1704 190 609

960 220 1035 246 nere,
1062 210 1178 240 secundo
1200 212 1284 248 Isaac,
1310 213 1387 242 tertio
1399 213 1514 243 Jacob?
1528 214 1614 251 Nam,
1640 215 1704 254 Ego
1717 231 1850 254 Ex011.3.6.

961 258 1043 286 Deus
1057 257 1225 294 Abraham,
1242 259 1322 287 Deus
1336 261 1433 295 Isaac,
1455 260 1536 289 Deus
1547 261 1654 290 Jacob.
1669 261 1706 290 Et

959 303 1022 342 jure
1038 302 1178 342 Scriptura
1191 303 1279 343 primo
1298 312 1449 344 parentem,
1467 305 1584 335 secundo
1598 306 1687 336 filium
1696 330 1704 344 ‚

962 355 1053 388 postea
1069 355 1191 389 nepotem
1206 350 1330 380 collocat.
1351 352 1459 381 Verum
1475 351 1540 391 quia
1552 359 1647 382 natura
1661 353 1706 382 in-

136 393 304 434 κοφαντήοῃς
316 393 351 422 τὰ
363 393 524 433 λεγόμενα)·
539 393 603 422 Ἐὰν
615 392 643 422 δὲ
657 392 809 432 ἁμάρτωσιν
822 393 847 422 οἱ
856 392 907 422 υἱοὶ
925 399 943 422 Ε
961 394 1108 424 divisibilis
1125 402 1193 431 erat,
1211 396 1274 425 licet
1290 403 1409 437 tempore
1423 405 1450 427 et
1468 398 1537 427 serie
1554 397 1704 439 distingue-

137 439 262 478 Ἰσραὴλ,
276 438 427 479 παραδώσω
438 438 530 472 αὐτοὺς
545 440 582 472 εἷς
600 438 671 472 ἔθνος
683 437 820 478 ἀλλότριον
830 460 840 476 ‚
862 438 908 468 καὶ

136 484 311 524 πορεύσονται
318 486 390 520 ἐκεῖ,
398 485 444 514 καὶ
455 484 630 525 λατρεύσουσι
643 487 710 517 θεοῖς
720 483 826 524 ἑτέροις.
837 485 909 524 Προ-

137 530 243 570 μηνύων
265 530 313 567 τὴν
335 532 372 564 εἰς
397 530 544 560 Βαὸυλῶνα
561 528 746 570 αἰχμαλωσίαν
759 529 839 569 φησὶ,
854 529 909 559 Καὶ

136 575 308 616 πορεύσονται
318 577 390 613 ἐκεῖ,
401 575 448 605 καὶ
461 572 634 615 λατρεύσουσι
643 578 711 608 θεοῖς
723 574 830 615 ἑτέροις.
837 575 907 605 Τότε

135 621 343 661 αἰσχυνθήσεται
354 623 372 657 ἠ
392 621 489 662 καρδία
505 623 591 651 αὐτῶν
605 622 623 656 ἡ
641 620 830 660 ἀπερίτμητος.
853 620 908 650 Καὶ

133 668 200 705 μετὰ
213 667 316 707 βραχέα
325 688 334 703 ,
362 667 416 696 Καὶ
431 667 618 706 μνησθήσομαι
630 668 678 702 τ’ῆς
693 666 820 702 διαθήκης
847 666 906 696 Ἰα-

132 713 204 749 κὼὸ,
220 712 264 743 καὶ
288 715 335 748 τῆς
359 713 485 750 διαθήκης
499 713 592 743 Ἰσαὰκ
601 735 609 749 ,
632 711 679 742 καὶ
702 713 751 747 τῆς
776 712 903 749 διαθήκης

134 759 264 799 Ἀὅραάμ.

170 944 395 985 Ἐπαναλήψομαι
411 945 441 974 τὸ
451 946 533 984 ῥῆμα·
544 948 558 974 ὁ
566 945 618 985 γὰρ
627 945 719 985 κρότος
729 944 843 985 ἐκάλυψε
857 944 907 980 τὴν

130 992 261 1021 ὑπόθεσιν.
274 993 358 1027 Ἐκεῖ,
371 991 460 1031 φησὶν,
468 991 674 1031 αἰσχυνθήσεται
686 994 704 1027 ἡ
715 991 809 1030 καρδία
821 993 907 1020 αὐτῶν

129 1040 147 1072 ἡ
163 1037 351 1077 ἀπερίτμητος,
363 1037 409 1066 καὶ
423 1037 609 1076 ἐπιστρέψωσι
617 1037 681 1077 πρός
693 1049 736 1076 με,
742 1037 787 1066 καὶ
798 1036 907 1076 ἰάσομαι

127 1082 233 1116 αὐτούς.
251 1082 366 1112 Οὐδέπω
384 1082 498 1119 ἀπειλὴ,
512 1081 558 1111 καὶ
567 1082 615 1124 τὴν
633 1082 803 1122 καταλλαγὴν
819 1084 906 1122 ἐπαγ-
913 1110 936 1129 5²

961 447 1048 477 retur,
1059 451 1113 470 non
1124 440 1259 471 dubitavit
1269 443 1343 472 Deus
1352 443 1475 473 ordinem
1483 450 1587 473 mutare
1601 451 1631 473 ut
1643 455 1706 474 con-

959 487 1100 517 sessionem
1113 487 1272 518 ostenderet.
1287 489 1332 518 Ait
1344 490 1416 518 enim
1427 490 1456 519 in
1469 490 1590 520 Levitico
1600 487 1706 530 (locum

958 533 1033 562 enim
1046 533 1147 571 indico,
1163 544 1198 563 ne
1210 533 1282 563 dicta
1295 535 1494 572 calumnieris):
1509 536 1541 565 Si
1556 547 1628 575 vero
1641 548 1704 576 pec·
1718 550 1787 571 Lem,
1804 552 1840 573 2⁶,

959 580 1126 619 carintfilii
1139 580 1243 616 Israel,
1258 582 1375 610 tradam
1389 591 1437 610 eos
1451 584 1483 611 in
1502 589 1617 622 gentem
1631 584 1703 612 alie·
1716 579 1827 611 4⁰·-li2·

959 636 1041 662 nam,
1061 632 1091 654 et
1114 625 1189 656 illuc
1206 626 1433 667 proficiscentur,
1455 634 1484 656 et
1501 630 1626 657 servient
1650 629 1706 658 diis

958 672 1076 701 alienis.
1100 672 1286 701 Praenuntians
1308 672 1490 712 captivitatem
1513 674 1706 714 Babylonicum

958 716 1006 753 ait,
1032 718 1074 747 Et
1094 715 1168 747 illuc
1189 718 1424 758 proficiscentur,
1451 725 1479 748 et
1499 721 1625 749 servient
1649 720 1706 749 diis

958 763 1076 792 alienis.
1107 763 1188 792 Tunc
1207 764 1406 804 confundetur·
1428 774 1479 794 cor
1497 774 1597 794 eorum
1617 767 1705 795 incir-

960 807 1128 836 cumcisum.
1145 807 1181 837 Et
1193 808 1276 848 paulo
1289 815 1360 848 post,
1377 810 1419 838 Et
1431 810 1608 838 recordabor
1617 816 1705 838 testa-

959 852 1050 879 menti
1060 851 1167 888 Jacob,
1181 857 1209 881 et
1222 853 1388 882 testamenti
1394 854 1492 890 Isaac,
1503 860 1530 882 et
1540 855 1705 883 testamenti

961 893 1129 924 Abraham.
1434 921 1439 926 .
1632 931 1634 933 ,

972 938 977 942 ’
1000 941 1029 969 7.
1051 940 1172 970 Dictum-
1180 948 1297 981 repetam
1314 954 1321 970 :
1342 942 1454 981 plausus
1474 944 1545 972 enim
1562 953 1704 983 argumen-

958 991 1016 1014 tum
1028 977 1190 1016 obsc'uravit.
1204 987 1284 1023 Illic,
1303 987 1402 1026 inquit,
1421 988 1532 1027 pudore
1545 989 1704 1030 suffunde-

958 1036 1009 1061 tur
1026 1041 1075 1061 cor
1087 1042 1187 1062 eorum
1204 1034 1452 1069 incircumcisum,
1479 1041 1508 1064 et
1527 1041 1705 1065 revertentur

937 1077 1000 1129 ³ad
1019 1088 1075 1114 me,
1097 1085 1125 1108 et
1148 1081 1259 1108 sanabo
1277 1090 1335 1109 eos.
1359 1080 1487 1110 Nondum
1506 1082 1701 1118 comminatus,

129 1128 264 1167 γέλλεται·
279 1128 332 1157 Καὶ
343 1127 429 1162 ἀνάξω
440 1127 533 1161 αὖτοὺς
543 1129 580 1161 εἷς
595 1128 644 1165 τὴν
653 1129 703 1168 γῆν
716 1129 768 1157 τῶν
782 1128 904 1168 πατέρων
921 1138 940 1161 Δ
958 1124 1203 1154 reconciliationem
1217 1125 1350 1164 promittit
1363 1139 1370 1155 :
1385 1127 1427 1156 Et
1450 1128 1587 1157 reducam
1602 1138 1652 1158 eos
1670 1131 1702 1158 in

129 1176 216 1203 αὐτῶν
227 1195 235 1210 ,
255 1173 300 1203 καὶ
313 1172 500 1212 μνησθήσομαι
519 1175 566 1209 τῆς
580 1174 705 1210 διαθήκης
727 1173 827 1204 Ἰακὼὸ
835 1195 843 1209 ,
857 1173 903 1203 καὶ

127 1221 176 1255 τῆς
202 1218 329 1255 διαθήκης
348 1218 440 1248 Ἰσαὰκ
450 1240 458 1253 ,
477 1219 522 1249 καὶ
547 1223 595 1256 τῆς
619 1220 746 1256 διαθήκης
772 1220 903 1260 Ἀθραάμ.

129 1265 214 1305 Ὁρᾷς
236 1266 293 1298 πῶς
315 1264 475 1302 μεταὸἄλλει
497 1265 545 1301 τὴν
572 1265 645 1300 τάξιν
658 1286 666 1300 ,
691 1265 735 1295 ἵνα
763 1265 833 1305 δείξῃ
853 1266 903 1302 τὴν

128 1309 290 1348 ὁμοτιμίανξ
310 1310 351 1339 Οὔ
369 1309 422 1349 γὰρ
438 1311 543 1349 πρῶτον
558 1310 666 1347 ἐποίησε
678 1310 724 1340 τὸν
738 1310 836 1341 ’Ῑακὼὸ
847 1315 902 1344 τοῖς

127 1355 246 1396 χρόνοις,
263 1355 332 1384 ἀλλὰ
345 1357 378 1395 τῇ
398 1355 538 1396 ἀδιαφορία
552 1356 737 1396 κατεχρήσατο
746 1377 755 1392 ,
772 1356 815 1386 ἵνα
829 1357 899 1397 δείξῃ

127 1401 177 1437 τὴν
193 1400 346 1440 ὁμοτιμίαν.
365 1401 436 1431 Ἀλλ’
455 1402 501 1431 ἐπὶ
520 1402 568 1441 μὲν
584 1404 637 1431 τῶν
647 1404 822 1443 πατριαρχῶν
834 1403 900 1443 χρό-

126 1459 168 1480 νος
188 1446 288 1487 μερίζει
304 1446 364 1481 τοὺς
379 1446 497 1487 καρποὺς
511 1447 563 1477 ἀπὸ
580 1450 628 1483 τ’ἦς
643 1447 714 1488 ῥίζης
726 1460 733 1467 ·
752 1448 834 1484 θνητὴ
848 1448 900 1488 γὰρ

126 1495 144 1527 ἡ
158 1492 234 1532 φύσις
248 1493 294 1522 καὶ
312 1494 365 1522 τῶν
382 1492 484 1532 φύντων
504 1493 613 1522 καὶτῶν
629 1493 823 1532 γεγεννηκότων
833 1505 839 1513 ·
851 1496 899 1530 ἰῆς

127 1538 155 1567 δὲ
166 1538 242 1577 ἁγίας
253 1538 299 1567 καὶ
314 1538 444 1567 ἀθανάτω
459 1541 642 1578 προσκυνητῆς
655 1539 770 1579 Τριάδος
781 1539 830 1575 τὴν
846 1540 899 1579 φύ-

126 1595 168 1612 σιν
181 1584 211 1612 οὗ
230 1583 321 1622 τέμνει
340 1583 432 1622 λόγος,
449 1585 478 1613 οὗ
499 1584 598 1624 μερίζει
610 1584 721 1624 χρόνος,
741 1586 770 1614 οὗ
791 1585 898 1614 Suu-cffi-

126 1635 167 1657 σιν
184 1629 291 1660 αἰῶνες·
313 1627 386 1657 οὐδὲν
403 1628 455 1668 γὰρ
478 1628 575 1667 μεταξὺ
593 1629 701 1669 Πατρὸς
711 1629 757 1659 καὶ
770 1630 836 1659 Tio&
853 1631 898 1660 καὶ
915 1625 932 1648 Β

126 1673 200 1712 ἇγίου
227 1673 391 1711 Πνεύματος.
422 1673 541 1710 Ποιητὴς
565 1675 618 1703 τῶν
645 1674 747 1704 αἰώνων
771 1677 786 1704 ὁ
809 1676 898 1705 Μονο-

125 1718 213 1758 γενής.
228 1718 321 1748 Ἄκουε
332 1721 378 1747 τοῦ
392 1718 461 1748 θείου
475 1719 521 1748 καὶ
531 1719 651 1758 γενναίου
672 1720 787 1759 κήρυκος
807 1716 859 1750 ὧδέ
871 1733 898 1750 τι

124 1764 186 1804 περὶ
198 1766 244 1793 τοῦ
261 1763 364 1804 Πατρὸς
373 1763 506 1804 εἰρηκότος
515 1776 522 1783 ·
537 1766 699 1805 Πολυμερῶς
707 1765 752 1795 καὶ
764 1766 893 1806 πολυτρό-

124 1822 181 1843 πως
191 1810 274 1839 πάλαι
281 1812 295 1839 ὁ
306 1810 374 1843 Θεὸς
388 1810 506 1846 λαλήσας
517 1814 572 1843 τοῖς
580 1811 710 1850 πατράσιν
725 1813 753 1840 ἐν
764 1816 819 1846 τοῖς
830 1824 896 1852 προ-

123 1855 235 1895 φήταις,
263 1856 305 1884 ἐπ’
325 1855 445 1895 ἐσχάτων
466 1858 519 1885 τῶν
537 1858 644 1895 ἡμερῶν
657 1856 755 1886 τούτων
770 1857 898 1893 ἐλάλησεν

124 1904 189 1939 ἡμῖν
199 1902 226 1930 ἔν
237 1901 296 1940 Υῖῷ
304 1922 312 1937 ,
326 1900 354 1930 ὃν
364 1900 443 1937 ἔθηκε
452 1901 615 1941 κληρονόμον
626 1902 732 1932 πάντων
739 1925 747 1939 ,
762 1903 796 1932 δι’
810 1899 840 1933 οὗ
852 1904 897 1933 καὶ

123 1945 184 1979 τοὺς
194 1947 291 1979 αἰῶνας
305 1946 437 1983 ἐποίησεν.
455 1947 542 1976 Οὐδὲν
560 1946 647 1976 τοίνυν
668 1947 766 1986 μεταξὺ
791 1949 897 1989 Πατρὸς

124 1991 170 2021 καὶ
184 1992 248 2021 riou
261 1991 306 2021 καὶ
319 1991 396 2031 ἁγίου
416 1992 585 2031 Πνεύματος·
601 1993 683 2026 οὐδεὶς
704 1993 796 2034 χρόνος
809 1994 826 2030 ἢ
841 1995 896 2024 διά-

125 2048 215 2075 στημα
226 2036 331 2076 χρόνον.
344 2037 403 2077 Πρὸ
414 2040 466 2067 τῶν
476 2037 576 2067 αἰώνων
590 2038 695 2078 Πατὴρ,
705 2039 757 2079 πρὸ
768 2041 820 2069 τῶν
835 2040 896 2069 αἰώ-

125 2092 175 2110 νων
188 2083 252 2114 Υῑός
262 2094 268 2100 ·
290 2082 365 2116 αὐτὸς
375 2082 426 2122 γὰρ
438 2083 546 2119 ἐποίησε
566 2083 625 2117 τοὺς
643 2086 738 2117 αἰῶνας
747 2097 764 2122 -Ῐ
777 2085 829 2125 πρὸ
843 2087 896 2114 τῶν

125 2126 225 2155 αἰώνων
236 2128 266 2156 τὸ
281 2128 354 2166 ἅγιον
367 2129 486 2167 Πνεῦμα.
507 2130 633 2168 Οὗδαμοῦ
648 2130 766 2169 σχίζεται
778 2134 795 2166 ἡ
810 2131 894 2170 φύσις,

124 2172 240 2209 οὐδαμοῦ
255 2173 388 2212 μερίζεται
400 2175 416 2208 ἡ
431 2173 548 2212 δύναμις.
562 2174 684 2215 Πρόσεχε
698 2176 823 2215 ἀκριὸῶς.
839 2178 878 2205 Ba

124 2217 222 2246 σιλεύει
248 2218 263 2246 ὀ
288 2217 384 2256 Πατὴρ
399 2240 407 2254 ‚
441 2219 573 2256 βασιλεύει
592 2222 606 2248 ὃ
619 2220 696 2255 Υἱὸς,
718 2221 852 2260 βασιλεύει
865 2223 895 2252 τὸ

124 2263 235 2300 Πνεῦμα
247 2262 277 2291 τὸ
292 2263 375 2301 ἅγιον.
388 2258 457 2292 Οἶδα
468 2263 551 2302 ταύτῃ
565 2265 731 2304 χρησάμενος
745 2268 778 2305 τῇ
791 2267 893 2296 ἀποδεί-

124 2308 177 2341 ξει·
202 2308 271 2337 ἀλλὰ
289 2308 324 2337 τὰ
347 2308 414 2338 αὐτὰ
433 2309 518 2346 λέγειν
541 2308 620 2348 Ἐμοὶ
634 2310 682 2348 μὲν
702 2312 750 2340 οὐκ
766 2312 891 2351 ὀκνηρὸν,

123 2354 185 2391 ὑμῖν
193 2353 221 2383 δὲ
235 2354 360 2393 ἀσφαλές,
375 2353 512 2383 Βασιλεύει
523 2354 618 2394 Πατὴρ
628 2355 712 2390 ,κατὰ
724 2356 769 2392 τὸ,
783 2357 817 2386 Ὁ
826 2357 894 2391 Θεὸς

123 2400 198 2435 ἡμῶν
213 2398 334 2437 βασιλεὺς
350 2401 385 2432 εἷς
398 2399 442 2427 τὸν
456 2401 547 2428 αἰῶνα.
564 2400 701 2429 Βασιλεύει
717 2401 777 2435 Υἱός
789 2414 796 2420 ·
807 2402 893 2433 Δώσει

123 2443 174 2481 γὰρ
188 2444 260 2483 αὐτῷ
273 2444 369 2483 Κύριος
379 2445 423 2473 τὸν
438 2444 526 2483 θρόνον
540 2445 623 2474 Δαυὶδ
635 2448 680 2474 τοῦ
692 2447 790 2487 πατρὸς
801 2450 890 2486 αὐτοῦ,

123 2489 167 2517 καὶ
174 2489 324 2527 βασιλεύσει
331 2490 374 2519 ἐπὶ
385 2490 430 2519 τὸν
439 2485 608 2519 οἷκονἸακὼὸ
618 2489 654 2524 εἷς
660 2491 720 2525 τοὺς
726 2494 832 2527 αἰῶνας.
843 2496 892 2524 Βα-

123 2534 220 2563 σιλεύει
230 2534 260 2563 τὸ
267 2535 378 2573 Πνεῦμα
391 2535 421 2565 τὸ
435 2535 507 2573 ἅγιον
519 2547 524 2553 ·
541 2537 554 2564 ὁ
566 2536 612 2574 μὲν
633 2537 683 2576 γὰρ
697 2537 807 2572 Ἡσαΐας
819 2535 874 2570 εἶπε
885 2553 891 2559 ·

955 1175 1064 1199 terram
1081 1176 1199 1209 patrum
1220 1181 1349 1208 suoram,
1370 1178 1399 1201 et
1420 1174 1595 1203 recordabor
1613 1180 1701 1204 testa-

958 1216 1049 1245 menti
1056 1217 1163 1253 Jacob,
1175 1223 1204 1246 et
1216 1219 1380 1247 testamenti
1391 1220 1488 1256 Isaac,
1499 1226 1528 1248 et
1538 1223 1701 1252 testamenti

955 1261 1121 1291 Abraham.
1147 1262 1234 1292 Vides
1251 1263 1386 1302 quomodo
1401 1271 1486 1295 mutet
1504 1265 1626 1295 ordinem
1636 1278 1645 1304 3
1670 1274 1700 1300 ut

954 1301 1133 1346 aequalitatem
1149 1309 1259 1339 honoris
1272 1309 1414 1343 ostendat?
1427 1312 1521 1350 Neque
1535 1313 1606 1342 enim
1620 1314 1699 1343 Jaco-

953 1352 1021 1383 bum
1036 1361 1156 1394 tempore
1172 1355 1292 1395 primum
1307 1355 1380 1393 fecit,
1401 1356 1448 1386 sed
1461 1357 1697 1388 indiscriminatim

951 1399 1080 1439 loquutus
1091 1408 1141 1438 est,
1154 1408 1183 1431 ut
1194 1401 1336 1441 paritatem
1349 1402 1459 1433 honoris
1472 1404 1629 1434 ostenderet.
1641 1407 1698 1435 Vc-

952 1457 1014 1477 rum
1029 1447 1103 1487 apud
1120 1448 1284 1488 patriarchas
1297 1455 1402 1489 tempus
1417 1448 1560 1490 distinguit
1577 1452 1696 1482 fructum

951 1503 967 1521 a
980 1492 1088 1531 radice;
1103 1493 1224 1523 mortalis
1237 1493 1337 1533 quippe
1357 1501 1452 1524 natura
1464 1502 1503 1524 est
1516 1503 1542 1525 et
1553 1505 1695 1536 parentum

951 1544 977 1567 et
992 1545 1115 1567 natorum
1127 1550 1134 1566 ε
1147 1545 1243 1568 sanetae
1256 1549 1320 1569 vero
1337 1540 1496 1570 immortalis
1508 1548 1534 1571 et
1550 1541 1693 1573 adorandae

951 1582 1092 1612 Trinitatis
1103 1590 1225 1612 naturam
1239 1595 1326 1613 sermo
1338 1595 1392 1614 non
1404 1586 1515 1623 dividit,
1531 1597 1585 1617 non
1597 1588 1695 1618 distin-

952 1628 1009 1668 guit
1016 1635 1132 1668 tempus.
1142 1639 1195 1658 non
1204 1629 1300 1659 saecula
1309 1638 1431 1670 separant
1439 1643 1446 1660 ε
1454 1632 1522 1661 nihil
1529 1633 1600 1662 enim
1613 1634 1692 1664 inter-

950 1674 1022 1704 oedit
1031 1675 1100 1704 inter
1113 1676 1256 1713 Patrem‚et
1267 1676 1378 1713 Filium,
1387 1684 1410 1706 et
1418 1677 1551 1718 Spiritum
1562 1687 1694 1715 sanetum.

950 1720 1081 1751 Conditor
1090 1721 1248 1751 saeoulorum
1258 1728 1297 1751 est
1305 1723 1476 1762 Unigenitus.
1489 1725 1562 1755 Audi
1570 1726 1696 1758 divinum

950 1766 1030 1797 illum
1049 1777 1259 1807 generosumque
1275 1778 1422 1807 praeconem
1441 1770 1475 1799 de
1495 1772 1573 1801 Patre
1594 1773 1633 1803 sic
1654 1773 1695 1803 lo-

950 1819 1075 1851 quentem
1090 1825 1098 1843 z
1113 1814 1316 1855 Multifariam
1338 1816 1495 1856 multisque
1509 1819 1602 1848 modis
1624 1820 1694 1849 olim
1705 1820 1760 1843 lleb-
1770 1828 1776 1843 ¹
1787 1829 1845 1844 -1-2-

950 1859 1034 1889 Deus
1053 1858 1189 1898 loquutus
1204 1862 1337 1899 patribus
1357 1863 1390 1889 in
1410 1862 1577 1902 propheffsj
1596 1867 1694 1896 novis-

949 1905 1022 1933 sime
1033 1904 1135 1934 diebus
1148 1906 1211 1935 istis
1227 1905 1367 1945 loquutus
1388 1914 1430 1936 est
1446 1910 1530 1938 nobis
1549 1911 1579 1938 in
1594 1911 1692 1948 Filio,

949 1960 1037 1988 quem
1059 1951 1209 1980 constituit
1232 1952 1367 1985 heredem
1395 1955 1598 1985 universorum
1608 1980 1617 1993 ,
1642 1968 1695 1997 per·

949 1995 1124 2035 quemfecit
1137 2002 1166 2026 et
1181 1998 1302 2027 soecula.
1316 1998 1392 2027 Nihil
1420 2010 1483 2039 ergo
1501 2000 1570 2030 inter
1587 2004 1692 2033 Patrem

950 2047 976 2069 et
998 2041 1102 2071 Filium
1119 2049 1144 2072 et
1162 2043 1293 2083 Spiritum
1310 2051 1447 2082 sanctum;
1465 2047 1572 2077 nullum
1588 2055 1693 2089 tempus

949 2093 995 2115 aut
1009 2087 1182 2117 intervallum
1195 2089 1334 2129 temporis.
1346 2092 1415 2120 Ante
1428 2092 1525 2121 saecula
1534 2094 1621 2131 Pater,
1633 2101 1692 2123 ante

948 2132 1044 2161 saecula
1054 2133 1142 2162 Filius
1148 2144 1158 2172 ;
1171 2133 1228 2174 ipse
1241 2134 1312 2164 enim
1322 2136 1417 2165 saecnla
1433 2137 1494 2166 fecit
1501 2149 1510 2175 3
1523 2145 1584 2168 ante
1595 2139 1691 2169 saecula

922 2189 930 2197 ¹
947 2177 1065 2216 Spiritus
1077 2185 1194 2208 sanctus.
1209 2180 1349 2218 Nusquam
1360 2181 1493 2211 scinditur
1506 2190 1612 2221 natura,
1626 2194 1690 2212 nus-

946 2234 1027 2261 quam
1047 2231 1185 2264 separatur
1193 2233 1319 2265 potestas.
1334 2227 1522 2258 Animadverte
1534 2227 1687 2268 diligenter.

947 2269 1051 2308 Regnat
1065 2271 1153 2307 Pater,
1169 2277 1261 2310 regnat
1274 2271 1374 2309 Filius,
1389 2280 1480 2312 regnat
1499 2273 1615 2312 Spiritus
1628 2284 1689 2303 san-

946 2320 1014 2343 ctus.
1029 2315 1091 2345 Scio
1104 2319 1146 2345 the
1155 2317 1212 2356 jam
1225 2316 1275 2346 hac
1290 2327 1368 2346 usum
1380 2328 1435 2347 esse
1448 2318 1687 2355 demonstratione;

946 2369 1040 2390 verum
1050 2360 1142 2390 cadem
1157 2361 1215 2401 ipsa
1227 2361 1316 2390 dicere
1325 2363 1403 2391 Mihi
1412 2363 1527 2401 quidem
1537 2373 1687 2393 onerosum
1698 2377 1762 2399 Phil.
1781 2376 1803 2399 3,
1817 2383 1837 2398 1,

947 2415 1006 2433 non
1023 2412 1078 2442 est,
1092 2407 1178 2435 vobis
1192 2413 1289 2435 autem
1306 2413 1408 2436 tutum.
1427 2409 1530 2446 Regnat
1544 2409 1632 2446 Pater,
1647 2421 1687 2439 se-

945 2451 1065 2481 cundum
1089 2452 1170 2487 illud,
1195 2453 1275 2482 Deus
1298 2463 1349 2482 rex
1368 2459 1465 2482 noster
1484 2455 1516 2483 in
1534 2456 1682 2486 saeculum.
1695 2469 1811 2500 Psal.73.

946 2498 1049 2536 Regnat
1061 2497 1166 2527 Filius:
1177 2508 1249 2534 nam,
1263 2498 1357 2526 Dabit
1369 2499 1417 2527 illi
1426 2501 1569 2529 Dominus
1578 2501 1683 2531 solium
1698 2506 1732 2522 ¹²·

946 2543 1044 2572 David
1058 2545 1155 2581 patris
1168 2545 1240 2581 ejus,
1256 2549 1283 2571 et
1306 2545 1439 2582 regnabit
1461 2555 1545 2584 super
1565 2547 1682 2577 domum
1695 2531 1749 2553 ‘⁴¹¹⁶'
1766 2540 1783 2554 ''
1796 2533 1835 2554 '3²'
