1890 2826
242 202 310 238 352

247 278 337 318 legite,
345 287 425 316 quem
437 276 471 306 de
481 276 709 316 Jerosolymorum
722 275 828 306 excidio
837 275 955 316 scripsit,
964 281 990 304 ct

246 324 371 354 acerbam
396 324 473 353 illam
498 322 657 363 tragoediam
687 321 804 352 discetis.
830 323 901 352 Cum
928 321 989 350 aliis

245 372 347 412 quippe
360 369 555 400 calamitatibus
565 368 593 399 in
604 375 704 398 tantam
719 368 817 397 famem
828 367 989 403 inciderunt,

247 426 277 448 ut
292 419 395 448 balteos
413 418 493 447 etiam
511 427 585 452 suos,
599 423 625 445 et
644 415 746 446 calceos
767 414 883 451 ederem,
903 414 989 453 iisque

246 465 326 494 etiam
339 463 512 494 horribiliora
526 474 532 491 ε
544 462 633 492 omnia
651 461 752 502 quippe
764 460 890 490 dentibus
909 460 987 489 subi-

246 512 326 552 gebat
339 510 489 546 necessitas,
504 516 534 538 ut
546 508 690 549 praedictus
702 507 817 548 scriptor
827 506 875 536 ait.
891 508 930 536 Ac
942 517 988 536 ne-

245 568 298 596 que
312 557 338 586 in
352 557 394 585 his
403 554 614 594 steterunt‚quin
626 554 706 583 etiam
718 552 843 594 proprios
855 552 927 581 filios
940 552 987 581 de-

247 609 396 643 gustarunt.
411 600 554 639 Quomodo
565 610 640 639 ergo,
656 610 717 630 cum
728 599 768 628 illi
783 598 849 628 tales
865 597 987 628 dederint

245 661 345 690 poenas,
362 659 421 686 nos,
436 649 484 687 qui
501 647 625 688 graviora
643 647 686 676 his
710 652 902 686 perpetramus,
918 645 987 674 effu-

590 214 619 237 S.
639 213 774 238 JOANNIS
797 212 979 238 CHRYSOST.
1009 213 1162 237 ARClllEP.
1191 213 1453 238 CONSTANTINOP.
1474 199 1477 202 <

1042 274 1192 314 μαθήσεσθε
1205 275 1253 312 τὴν
1265 276 1362 316 πικρὰν
1376 276 1477 313 ἐκείνην
1492 276 1650 317 τραγῳδίαν.
1667 277 1744 307 Μετὰ
1756 274 1808 317 γὰρ

1041 323 1094 350 τῶν
1102 321 1189 351 ἄλλων
1198 323 1287 351 δεινῶν
1298 324 1334 356 εἷς
1342 322 1471 359 τοσαύτην
1481 323 1560 361 λιμοῦ
1569 322 1723 364 περιέπεσον
1733 325 1810 363 ὓπερ-

1042 366 1133 404 ὅολὴν,
1143 369 1179 401 ὥς
1188 367 1233 398 καὶ
1242 367 1289 402 τὰς
1297 368 1379 403 ζώνας
1389 371 1485 406 αὐτῶν,
1492 368 1537 399 καὶ
1546 369 1580 399 τὰ
1589 369 1756 410 ὑποδήματα,
1765 370 1810 399 καὶ

1041 413 1075 442 τὰ
1087 414 1186 444 τούτων
1198 414 1292 444 ἐσθίειν
1307 415 1499 456 βδελυρώτερα.
1514 415 1609 445 Πάντα
1619 415 1670 456 γὰρ
1682 417 1727 445 ὑπ’
1739 416 1812 445 ὀδόν-

1040 472 1088 493 τας
1100 456 1163 500 ἦγεν
1174 463 1191 496 ἡ
1206 461 1307 501 ἀνάγκη
1318 484 1326 497 ,
1348 461 1434 495 καθώς
1453 461 1504 492 πού
1525 456 1603 502 φησιν
1623 464 1638 492 ὃ
1657 462 1812 503 προλεχθεὶς

1041 506 1213 547 συγγραφεύς.
1235 507 1288 537 Καὶ
1302 507 1361 537 οὐδὲ
1381 507 1460 548 μέχρι
1480 507 1579 538 τούτων
1598 508 1711 544 ἔστησαν
1720 530 1728 544 ,
1743 507 1813 537 ἀλλὰ

1039 553 1085 582 καὶ
1099 555 1150 582 τῶν
1163 553 1235 583 ἰδίων
1250 554 1428 593 ἀπεγεύσαντο
1442 554 1549 584 τέκνων.
1559 556 1623 588 Πῶς
1636 550 1690 592 οὖν,
1704 553 1810 584 ἐκείνων

1039 599 1162 633 τοιαύτας
1173 599 1322 629 δεδωκότων
1336 599 1419 636 δίκας,
1430 602 1507 639 ἡμεῖς
1520 601 1544 630 οἱ
1552 601 1586 630 τὰ
1595 600 1703 641 χείρονα
1710 599 1810 629 τούτων

1039 644 1199 685 πράττοντες
1216 645 1427 686 διαφευξώμεθα;
1443 648 1477 676 Εἰ
1490 647 1541 687 γὰρ
1556 648 1650 677 ἐκεῖνοι
1663 646 1809 682 ἐκολάσθη·

244 696 367 737 giemus?
378 696 447 725 Nam
459 694 481 724 si
493 701 556 724 tunc
570 693 613 723 illi
630 692 705 733 plexi
719 698 793 729 sunt,
809 702 859 721 cur
871 701 919 720 nos
929 692 986 732 jam
1006 703 1024 725 ι)
1040 702 1088 720 σαν
1102 690 1161 720 τότε
1170 714 1178 728 ,
1191 691 1234 720 διὰ
1247 691 1274 720 τί
1287 694 1364 730 ἡμεῖς
1377 693 1406 721 οὗ
1425 692 1589 732 κολαζόμεθα
1607 695 1665 728 νῦν;
1679 692 1751 732 Οὐχὶ
1765 691 1810 721 καὶ

243 754 296 773 non
319 741 485 783 plectimur?
502 742 596 770 Annon
610 740 655 770 vel
673 749 743 768 caeco
762 738 932 768 manifestum
947 744 987 767 est

244 789 303 819 ideo
323 789 361 818 sic
374 788 429 827 agi,
441 794 472 817 ut
480 797 550 827 saepe
560 786 631 822 dixi,
643 784 717 824 quod
728 784 806 814 nobis
820 784 987 824 supplicium

243 837 270 865 in
291 836 415 864 futurum
437 832 608 863 reservetur?
627 830 671 860 Ad
689 831 747 860 haec
768 841 833 860 vero
862 829 986 859 conside-

242 881 325 911 randa
342 887 404 910 sunt
421 890 450 909 ea
465 889 524 918 quae
535 888 608 907 nunc
624 878 652 906 in
663 876 716 905 hoc
727 875 829 905 mundo
845 883 985 916 geruntur,

241 934 267 957 et
290 927 417 967 gehennae
437 925 520 954 fidem
529 934 583 953 non
595 922 763 962 negabimus.
779 922 850 951 Nam
863 921 886 950 si
896 922 987 962 justus

241 982 280 1004 est
293 976 377 1011 Deus,
387 983 434 1002 nec
445 981 570 1012 personas
581 969 688 1009 accipit,
699 975 729 997 ut
742 975 812 998 certe
824 978 923 997 verum
934 974 985 1005 est,

240 1033 289 1051 cur
301 1021 347 1050 hic
363 1020 411 1050 alii
430 1018 545 1050 caedium
555 1017 621 1047 dant
639 1026 731 1056 poenas
739 1039 749 1053 ,
759 1015 807 1045 alii
827 1025 880 1044 non
901 1014 988 1044 dant?

240 1080 289 1098 cur
313 1079 346 1097 ex
373 1066 485 1096 moechis
508 1064 556 1094 alii
580 1063 743 1104 puniuntur,
759 1061 806 1091 alii
833 1071 886 1090 non
912 1061 986 1101 plexi

240 1113 491 1152 moriuntur?quot
513 1109 699 1150 sepulcrorum
722 1108 859 1137 effossores
881 1117 988 1147 poenam

240 1160 378 1191 vitarunt?
395 1165 461 1198 quot
479 1156 572 1186 fures?
583 1162 649 1194 quot
662 1154 758 1184 avari?
772 1161 838 1193 quot
849 1154 987 1194 raptores?

241 1206 270 1236 Si
288 1216 352 1245 ergo
374 1205 494 1244 gehenna
516 1212 569 1231 non
592 1208 670 1236 esset,
685 1200 797 1229 ubinam
819 1200 862 1229 illi
882 1210 988 1239 poenam

1039 738 1130 778 τυφλῷ
1144 738 1232 774 δῆλον,
1246 737 1287 767 ὅτι
1302 737 1345 767 διὰ
1357 738 1387 767 τὸ
1399 740 1555 768 ἀποκεῖσθαι
1568 741 1632 775 ἡμῖν
1652 739 1679 767 ἔν
1691 739 1728 778 τῷ
1743 737 1810 776 μέλ-

1039 783 1111 812 λοντι
1124 783 1172 820 τὴν
1186 783 1304 819 κόλασιν,
1316 783 1402 817 καθὼς
1413 783 1478 824 ἔφην
1491 784 1633 817 πολλάκις;
1649 783 1709 824 Χρὴ
1724 783 1752 813 δὲ
1764 785 1811 813 λο-

1039 828 1157 869 γίζεσθαι
1170 829 1236 869 πρὸς
1245 829 1347 863 τούτοις
1360 829 1404 859 καὶ
1418 829 1452 859 τὰ
1465 832 1509 859 νῦν
1522 831 1549 860 ἐν
1563 832 1601 870 τῷ
1616 830 1666 871 βίῳ
1676 830 1811 870 γινόμενα,

1039 875 1084 904 καὶ
1092 877 1140 904 οὔκ
1150 875 1332 915 ἄπιστήσομεν
1346 878 1380 915 τῇ
1396 876 1499 916 γεέννῃ,
1515 877 1550 906 Εἰ
1565 877 1617 917 γὰρ
1632 876 1732 910 δίκαιός
1742 878 1811 905 ἐστιν

1039 923 1053 950 ὁ
1066 921 1134 955 Θεὸς
1153 921 1199 951 καὶ
1221 921 1481 961 ἀπροσωπόληπτος,
1503 922 1594 963 ὥσπερ
1608 917 1653 952 οῧν
1673 922 1718 952 καὶ
1738 921 1811 957 ἔστι,

1039 967 1107 1001 τίνος
1121 967 1207 997 ἕνεκεν
1227 969 1251 996 οἱ
1265 967 1313 1006 μὲν
1332 967 1446 998 διδόασιν
1460 967 1570 998 ἐνταῦθα
1585 968 1669 1008 φόνων
1684 968 1773 1004 δίκας,
1787 968 1811 996 οἱ

1040 1013 1067 1043 δὲ
1083 1014 1112 1042 οὐ
1134 1014 1262 1051 διδόασιν;
1277 1016 1301 1043 οἱ
1322 1013 1370 1053 μὲν
1384 1016 1437 1043 τῶν
1456 1016 1555 1054 μοιχῶν
1577 1018 1767 1054 τιμωροῦνται,
1787 1016 1811 1043 οἱ

1040 1059 1068 1089 δὲ
1088 1060 1244 1089 τελευτῶσιν
1264 1059 1443 1101 ἀτιμώρητοι;
1463 1060 1541 1090 πόσοι
1561 1060 1732 1100 τυμὸωρύχοι
1757 1060 1809 1090 διέ-

1041 1117 1134 1146 φυγον;
1149 1105 1227 1135 πόσοι
1248 1105 1358 1145 λῃσταί;
1381 1106 1459 1136 πόσοι
1477 1107 1646 1144 πλεονέκται,
1666 1106 1744 1135 πόσοι
1759 1106 1809 1145 ἅρ-

1041 1164 1138 1191 παγες,
1160 1151 1207 1181 Ἂν
1225 1148 1269 1181 οῧν
1292 1151 1385 1192 γέεννα
1409 1152 1446 1191 μὴ
1470 1148 1498 1193 ᾖ,
1520 1155 1572 1183 ποῦ
1594 1152 1724 1192 τιμωρίαν
1747 1152 1810 1192 ὑφέ-

1042 1198 1141 1234 ξουσιν;
1165 1193 1232 1238 ’Ἆρα
1253 1198 1378 1236 πείθομεν
1399 1198 1460 1232 τοὺς
1482 1198 1677 1238 ἀντιλέγοντας,
1702 1199 1742 1228 ὅτι
1763 1200 1811 1228 οὐκ

241 1251 366 1280 dabunt?
376 1251 449 1279 Num
459 1246 703 1279 contradicentibus
713 1245 918 1285 persuademus,
926 1255 986 1284 quae
1006 1247 1025 1271 C
1040 1245 1095 1274 ἔστι
1110 1247 1190 1283 μῦθος
1201 1246 1214 1273 ὁ
1229 1244 1290 1284 περὶ
1304 1246 1386 1280 αὐτῆς
1402 1245 1490 1285 λόγος;
1502 1244 1583 1275 Οὕτω
1593 1245 1644 1285 γάρ
1658 1247 1729 1275 ἐστιν
1742 1246 1809 1280 ἀλη-

242 1299 276 1327 de
287 1298 334 1327 illa
350 1302 494 1326 narrantur
506 1304 559 1323 non
568 1304 624 1323 esse
637 1292 777 1322 fabulam?
788 1293 829 1321 Ita
839 1292 910 1321 enim
924 1303 987 1321 vera

243 1351 315 1380 sunt,
323 1351 352 1372 ut
363 1353 416 1371 non
429 1352 477 1371 nos
491 1338 659 1376 tantum,sed
669 1338 748 1367 etiam
759 1344 853 1377 poetae,
864 1337 987 1377 philoso-

242 1390 289 1430 phi
303 1396 329 1419 et
341 1389 494 1418 fabularum
511 1386 654 1425 scriptores
670 1383 704 1412 de
723 1384 813 1412 futura
826 1394 875 1423 pro
891 1383 987 1413 merito

243 1443 313 1465 sorte
331 1433 515 1475 philosophati
534 1432 598 1468 sint,
622 1437 648 1459 et
674 1429 811 1469 improbos
837 1428 864 1457 in
885 1429 988 1458 inferno

243 1481 359 1512 cruciari
377 1480 506 1510 dixerint.
519 1480 589 1508 Nam
602 1476 706 1506 etiamsi
722 1476 778 1505 haec
798 1485 860 1504 vere
881 1482 911 1503 ut
927 1482 990 1504 sunt

242 1539 365 1558 enarrare
387 1537 440 1556 nou
458 1531 613 1566 potuerunt,
630 1529 721 1562 utpote
741 1521 836 1560 quiex
849 1520 989 1550 ratiocinio

243 1581 345 1603 tantum
367 1583 454 1612 exque
473 1578 561 1601 nostra
573 1568 694 1599 doctrina
707 1567 778 1596 male
789 1573 895 1606 accepta
909 1566 945 1595 ad
959 1566 988 1595 id

243 1620 356 1660 permoti
373 1619 483 1655 fuerint,
499 1624 614 1646 attamen
632 1614 674 1643 illi
689 1613 832 1652 imaginem
844 1612 989 1651 quamdam

239 1666 337 1705 judicii
357 1664 446 1705 adepti
470 1664 583 1692 fuerant.
603 1662 717 1700 Cocytos
735 1659 808 1688 enim
830 1665 988 1694 memorant,

1041 1290 1096 1326 θὴς,
1111 1290 1151 1319 ὅτι
1160 1291 1209 1330 οὐχ
1222 1292 1299 1329 ἡμεῖς
1317 1290 1405 1328 μόνον,
1418 1290 1486 1320 ἀλλὰ
1497 1290 1542 1320 καὶ
1555 1291 1663 1326 ποιηταὶ
1675 1291 1720 1321 καὶ
1736 1291 1811 1331 φιλό-

1040 1347 1115 1376 σοφοι
1127 1336 1172 1364 καὶ
1184 1335 1318 1375 λογοποιοὶ
1327 1336 1388 1376 περὶ
1399 1338 1447 1371 τῆς
1456 1337 1603 1375 μελλούσης
1614 1338 1811 1371 ἀνταποδόσεως

1040 1381 1242 1422 ἐφιλοσόφησαν,
1257 1382 1301 1411 καὶ
1314 1383 1342 1411 ἐν
1360 1382 1422 1422 ᾅδου
1443 1383 1599 1417 κολάζεσθαι
1610 1384 1669 1417 τοὺς
1679 1384 1812 1423 πονηροὺς

1040 1427 1185 1467 εἰρήκασιν.
1200 1429 1234 1457 Εἰ
1247 1428 1298 1467 γὰρ
1310 1428 1355 1468 καὶΙ
1369 1427 1436 1467 μετὰ
1450 1429 1585 1465 ἀληθείας,
1598 1432 1633 1464 ὡς
1642 1430 1699 1469 ἔχει
1712 1433 1809 1467 ταῦτα,

1040 1476 1124 1503 εἰπεῖν
1141 1475 1189 1504 οὒκ
1199 1473 1379 1511 ἠδυνήθησαν,
1392 1474 1438 1504 ἅτε
1453 1474 1506 1504 ἀπὸ
1518 1476 1652 1515 λογισμῶν
1665 1476 1811 1512 κινηθέντες

1041 1520 1085 1550 καὶ
1099 1520 1330 1560 παρακουσμάτων
1341 1523 1394 1550 τῶν
1407 1523 1470 1561 παρ’
1483 1523 1557 1560 ἡμῖν,
1570 1523 1627 1551 ἀλλ’
1641 1522 1712 1561 ὅμως
1723 1522 1812 1552 εἰκόνα

1040 1567 1099 1597 τινὰ
1117 1567 1227 1607 κρίσεως
1245 1566 1351 1596 ἔλαὸον.
1371 1567 1513 1600 Koma-robe
1531 1568 1582 1607 γάρ
1595 1568 1659 1608 φασί
1680 1580 1753 1602 τινας
1766 1569 1812 1598 καὶ

1041 1612 1284 1652 Πυριφλεγέθοντας
1307 1611 1456 1652 ποταμοὺς,
1479 1612 1525 1642 καὶ
1539 1614 1639 1652 Στυγὸς
1660 1614 1744 1654 ὕδωρ,
1767 1615 1812 1644 καὶ

1041 1658 1181 1698 Τάρταρον
1191 1661 1314 1689 τοσοῦτον
1327 1659 1461 1698 ἀπέχοντα
1474 1661 1522 1695 τῆς
1540 1662 1599 1699 γῆς,
1612 1659 1672 1690 ὅσον
1686 1660 1753 1697 αὕτη
1765 1664 1812 1690 τοῦ

243 1710 512 1753 Py1·iphlegethontas
534 1707 645 1742 fluvios,
667 1712 694 1735 et
715 1704 806 1745 Stygis
833 1715 941 1743 aquam,
963 1711 989 1734 et
998 1729 1034 1748 29⁹
1041 1706 1161 1744 οὐρανοῦ,
1173 1705 1219 1734 καὶ
1230 1704 1342 1738 πολλοὺς
1355 1704 1458 1745 ἑτέρως
1475 1705 1608 1740 κολάσεως
1625 1706 1736 1747 τρόπους
1746 1719 1753 1725 .
1767 1707 1813 1736 καὶ

243 1760 387 1788 Tartarum
400 1763 505 1786 tantum
515 1766 531 1784 a
541 1761 613 1784 terra
626 1752 777 1787 distantem,
789 1757 920 1790 quantum
931 1750 990 1790 ipsa
1007 1756 1027 1779 A
1042 1750 1122 1780 πάλιν
1134 1750 1258 1780 Ἠλύσιον
1271 1750 1370 1786 πεδίον,
1382 1750 1427 1780 καὶ
1441 1751 1567 1791 μακάρων
1578 1752 1684 1788 νήσους,
1698 1752 1744 1782 καὶ
1756 1754 1814 1782 λει-

244 1818 259 1834 a
271 1805 346 1841 caelo,
359 1804 459 1833 multos
473 1812 580 1841 quoque
594 1800 662 1829 alios
675 1798 786 1827 ultionis
799 1796 893 1826 modos
907 1809 913 1825 :
927 1808 990 1826 rur-

244 1863 357 1891 sumque
369 1850 495 1891 Elysium
514 1858 649 1887 campum,
660 1853 687 1875 et
703 1846 899 1874 fortunatorum
914 1844 990 1874 insu-

245 1900 296 1936 las,
311 1905 387 1938 prata
398 1896 506 1931 florida,
519 1893 692 1934 fragrantiam
706 1892 830 1927 multam,
844 1902 938 1920 auram
951 1898 990 1920 te-

245 1957 326 1976 nuem
335 1953 361 1975 et
369 1942 529 1974 chorosillic
539 1947 684 1976 versantes,
691 1939 753 1968 albo
761 1938 870 1968 indutos
879 1939 988 1975 amictu,

246 1991 376 2030 quasdam
397 1989 565 2019 modulantes
585 1986 740 2021 cantilenas,
753 1985 782 2013 in
796 1995 899 2013 summa
913 1985 990 2014 bonis

246 2045 272 2066 et
286 2036 363 2066 malis
380 2042 440 2076 post
456 2034 559 2063 exitum
579 2042 614 2062 ex
626 2032 676 2061 hac
690 2031 743 2060 vita
759 2037 879 2070 paratam
893 2036 990 2059 sortem

247 2083 428 2123 promeritam.
447 2082 489 2110 Ne
507 2080 597 2118 itaque
618 2077 743 2118 gehennae
757 2077 839 2106 fidem
852 2087 989 2116 negemus,

248 2140 281 2159 ne
302 2130 331 2159 in
350 2129 425 2158 illam
443 2125 611 2155 incidamus:
626 2134 687 2152 nam
701 2124 748 2162 qui
769 2133 822 2152 non
835 2123 930 2159 credit,
945 2134 992 2152 se-

249 2176 326 2216 gnior
343 2174 472 2209 efficitur3
486 2172 534 2211 qui
544 2170 632 2211 segnis
642 2177 691 2207 est,
702 2170 728 2198 in
739 2170 815 2198 illam
829 2170 925 2210 procul
938 2169 990 2199 du-

247 2222 294 2252 bio
313 2222 365 2251 ibit
378 2233 386 2250 z
400 2220 455 2249 imo
477 2218 617 2248 credamus
633 2216 689 2245 sine
711 2214 888 2253 dubitatione,
904 2216 991 2254 deque

1043 1798 1131 1835 μῶνας
1155 1798 1285 1832 εὐανθεῖς,
1309 1796 1355 1826 καὶ
1379 1797 1489 1827 εὐωδίαν
1514 1798 1635 1834 πολλὴν,
1662 1798 1707 1828 καὶ
1732 1798 1814 1839 αὔραν

1041 1842 1155 1879 λεπτὴν,
1170 1843 1215 1872 καὶ
1236 1843 1330 1884 χοροὺς
1352 1845 1407 1874 ἐκεῖ
1432 1845 1629 1884 διατρίὸοντας,
1650 1845 1696 1875 καὶ
1717 1845 1814 1882 λευκὴν

1041 1889 1282 1929 περιὸεὸλημένους
1302 1889 1413 1925 στολὴν,
1429 1890 1474 1920 καὶ
1493 1891 1602 1931 ᾅδοντας
1620 1891 1716 1930 ὕμνους
1727 1892 1814 1926 τινὰς,

1042 1935 1087 1964 καὶ
1098 1934 1165 1968 ὅλως
1177 1934 1222 1964 καὶ
1237 1937 1343 1974 ἀγαθοῖς
1356 1935 1402 1964 καὶ
1415 1941 1539 1976 πονηροῖς
1551 1936 1727 1976 ἀποκειμένην
1737 1937 1814 1966 α’ντί-

1043 1982 1113 2010 δοσιν
1129 1981 1197 2020 μετὰ
1210 1980 1258 2017 τὴν
1277 1982 1392 2010 ἐντεῦθεν
1413 1980 1508 2015 ἔξοδον.
1523 1982 1571 2018 Μὴ
1587 1982 1672 2012 τοίνυν
1691 1984 1814 2012 ἀπιστῶ-
1836 1990 1843 1999 ·

1043 2039 1091 2066 μεν
1103 2029 1136 2066 τῇ
1150 2026 1255 2067 γεέννῃ,
1275 2027 1318 2056 ἵνα
1338 2027 1375 2066 μὴ
1395 2027 1554 2067 ἐμπέσωμεν
1574 2030 1610 2062 εἰς
1625 2029 1707 2065 αὐτήν
1717 2041 1723 2048 ·
1736 2032 1750 2059 ὃ
1763 2029 1814 2068 γὰρ

1042 2075 1176 2111 ἀπιστῶν,
1192 2073 1365 2114 ῥαθυμότερος
1388 2074 1502 2114 γίνεται·
1527 2077 1541 2104 ὁ
1565 2075 1593 2105 δὲ
1616 2077 1752 2116 ῥᾳθυμῶν,
1777 2077 1814 2109 εἷς

1044 2119 1125 2155 αὐτὴν
1149 2118 1323 2149 ἀπελεύσεται
1344 2119 1463 2154 πάντως·
1487 2121 1556 2150 ἀλλὰ
1579 2122 1625 2151 καὶ
1648 2121 1815 2160 πιστεύωμεν

1044 2165 1244 2202 ἀνενδοιάστως,
1259 2166 1304 2195 καὶ
1318 2166 1499 2206 διαλεγώμεθα
1513 2168 1574 2208 περὶ
1588 2170 1669 2204 αὐτῆς
1683 2170 1814 2208 συνεχῶς,

1044 2210 1089 2241 καὶ
1103 2212 1133 2240 οὐ
1144 2211 1247 2251 ταχέως
1260 2211 1478 2251 ἁμαρτησόμεθα.
1493 2214 1554 2242 Τῶν
1566 2214 1617 2254 γὰρ
1634 2214 1756 2244 τοιούτων
1770 2214 1814 2243 λό-

248 2268 297 2297 illa
307 2268 457 2306 frequenter
467 2261 664 2302 colloquamur,
677 2268 703 2290 et
713 2271 766 2289 non
779 2261 856 2290 facile
867 2261 990 2300 peccabi·
1010 2268 1028 2290 B
1044 2269 1097 2297 γων
1111 2259 1128 2293 ἡ
1144 2257 1236 2296 μνήμη
1245 2281 1253 2294 ,
1267 2257 1385 2298 καθάπερ
1401 2270 1427 2288 τι
1441 2259 1580 2299 φάρμακον
1597 2261 1707 2301 πικρὸν,
1726 2266 1815 2290 πᾶσαν

248 2326 320 2345 mus.
329 2311 494 2354 Hujusmodi
509 2320 624 2348 namque
637 2317 789 2337 sermonum
799 2317 991 2336 commemora-

248 2363 296 2400 tio,
306 2360 383 2400 quasi
393 2358 520 2389 acerbum
528 2354 665 2395 quoddam
680 2352 837 2387 remedium,
847 2352 992 2391 nequitiam

248 2418 355 2438 omnem
366 2406 516 2444 abstergere
530 2401 637 2442 poterit,
649 2399 671 2429 si
683 2399 780 2428 nostris
796 2405 924 2438 perpetuo
935 2398 993 2426 ani-

249 2453 300 2483 mis
312 2450 501 2482 insideat.Hoc
513 2448 602 2487 itaque
612 2444 731 2475 remedio
743 2451 859 2480 utamur,
869 2450 899 2472 ut
908 2443 992 2483 probe

246 2498 402 2540 expurgati,
411 2495 487 2536 digni
506 2495 590 2524 simus
602 2492 741 2532 quiDeum
752 2489 891 2520 videamus
900 2512 908 2526 ‚
917 2496 947 2518 ut
958 2490 992 2518 ab

247 2545 403 2574 hominibus
423 2541 511 2572 videri
527 2545 621 2580 potest,
630 2544 655 2567 et
665 2536 763 2566 futuris
772 2535 894 2564 fruamur
900 2534 990 2572 honis,

248 2591 332 2630 gratia
348 2597 374 2619 et
392 2587 555 2627 benignitate
566 2583 677 2614 Domini
696 2581 781 2611 nostri
797 2582 862 2611 Jesu
876 2580 988 2610 Christi.

246 2634 302 2675 Ipsi
321 2634 406 2674 gloria
421 2633 448 2662 in
468 2630 565 2661 saecula
584 2627 754 2659 saeculorum.
774 2626 869 2654 Amen.

1044 2303 1139 2332 κακίαν
1148 2303 1303 2342 ,ἀποσμῆξαι
1318 2304 1466 2341 δυνήσεται,
1482 2306 1623 2340 διαπαντὸς
1639 2308 1715 2345 ἡμῶν
1731 2306 1812 2340 ἐνιζά-

1045 2361 1125 2378 νουσα
1138 2352 1171 2389 τῇ
1185 2350 1268 2390 ψυχῇ.
1279 2350 1447 2390 Χρησώμεθα
1461 2351 1547 2381 τοίνυν
1558 2353 1644 2392 αὐτῷ,
1659 2352 1701 2381 ἵνα
1714 2355 1816 2392 καθαρ-

1045 2395 1131 2428 θέντες
1142 2396 1238 2432 καλῶς,
1246 2395 1397 2435 ἀξιωθῶμεν
1409 2397 1471 2426 ἰδεῖν
1481 2397 1525 2426 τὸν
1536 2398 1615 2433 Θεὸν,
1625 2399 1661 2431 ὡς
1670 2398 1816 2437 ἀνθρώποις

1046 2442 1108 2470 ἷδεῖν
1120 2441 1241 2480 δυνατὸν,
1255 2442 1300 2471 καὶ
1313 2444 1366 2470 τῶν
1382 2441 1530 2481 μελλόντων
1541 2443 1731 2482 ἀπολαύωμεν
1746 2445 1816 2484 ἀγα-

1046 2488 1106 2522 θῶν,
1121 2486 1211 2527 χοίριτι
1220 2487 1264 2517 καὶ
1276 2488 1456 2528 φιλανθρωπίᾳ
1469 2491 1515 2517 τοῦ
1527 2489 1625 2528 Κυρίου
1639 2491 1715 2528 ἡμῶν
1727 2491 1815 2525 Ἰησοῦ

1046 2533 1170 2572 Χριστοῦ.
1192 2535 1271 2573 Αὐτῷ
1287 2535 1304 2569 ἡ
1320 2533 1380 2567 δόξα
1397 2536 1433 2567 εἷς
1452 2534 1511 2567 τοὺς
1526 2536 1621 2568 αἰῶνας
1635 2538 1687 2564 τῶν
1701 2535 1813 2565 αἰώνων.

1046 2578 1137 2615 Ἀμήν.
