1890 2826
540 230 584 255 m:
609 229 717 253 MUND!
744 225 954 258 cuEA'rmNE,
983 226 1086 250 ORAT.
1114 226 1148 250 V.

64 294 182 332 ὕπνωσε,
215 293 270 331 ησὶ,
298 293 343 323 καὶ
358 293 451 323 ἔλαθεν
460 293 475 321 ὁ
488 292 556 326 Θεὸς
567 292 630 331 μίαν
643 292 695 320 τῶν
706 290 828 329 πλευρῶν

64 342 152 370 αὐτοῦ.
168 339 378 380 Ἔρωτάσθωσαν
391 337 516 378 αἱρετικοὶ
526 340 611 367 ταῦτα
620 348 627 356 ·
638 338 696 369 πῶς
708 335 801 365 naen
815 336 829 364 ὁ

63 386 149 422 Θεός;
160 387 217 419 πῶς
229 387 278 415 οὐκ
290 385 405 424 ἤλγησεν
417 385 431 413 ὁ
445 383 542 422 Ἀδάμ;
556 385 613 416 πῶς
626 382 674 412 οὔκ
686 381 807 417 ὠδυνήθη
819 392 828 417 ;

64 431 123 461 Μία
135 431 191 472 θρὶξ
205 433 359 460 ἀποσπᾶται
380 428 433 459 ἀπὸ
451 432 498 458 τοῦ
512 429 649 468 σώματος,
668 427 713 457 καὶ
731 426 830 456 ὀδυνώ-

65 480 146 516 μεθα·
165 477 214 507 κᾶν
231 477 319 506 ὑπνῶν
329 487 369 509 τις
379 471 397 515 ᾗ
409 477 446 509 εἰς
456 474 490 504 τὰ
505 475 589 514 βάθη,
602 474 654 504 ὑπὸ
671 475 720 509 τῆς
739 471 831 508 ὀδύνης

64 523 226 558 ἐξυπνίζεται
240 524 254 552 ὁ
267 521 413 552 καθεύδων·
433 523 557 550 τοσοῦτον
579 520 658 559 μέλος
677 519 830 559 ἐπαίρεται,

65 569 180 604 τοσαύτη
196 567 299 608 πλευρὰ
311 567 507 607 σπαράττεται,
524 566 569 596 καὶ
583 568 631 596 οὐκ
644 565 806 600 ἑξυπνίζεται
817 565 831 593 ὁ

64 615 196 645 καθεύδων
206 627 214 651 ;
224 615 284 644 Οὔκ
297 613 450 643 ἀπέσπασεν
461 612 543 648 αὐτὴν
556 612 601 652 βίᾳ
608 634 617 648 ,
627 611 671 641 ἵνα
680 610 831 651 ἐξυπνισθῇ,

64 662 113 690 οὔκ
123 659 306 700 ἀπεσπάραξεν
313 671 320 678 ·
333 658 402 688 ἀλλὰ
412 658 523 701 θέλουσα
532 659 549 693 ἡ
561 657 653 698 Γραφὴ
663 656 694 686 τὸ
705 656 833 696 σύντομον

66 706 148 740 δεῖξαι
166 708 212 735 τοῦ
229 704 364 745 τεχνίτου,
384 704 473 743 λέγει,
493 703 619 734 Ἔλαὸεν.
641 702 790 739 Ἐλῦθησαν
808 703 833 731 οἱ

66 752 160 792 ἇρμοὶ,
174 751 220 781 καὶ
233 755 281 781 οὐκ
293 750 403 790 ἥσθε-,τος

105 843 208 874 Ἔλαὸε
219 842 268 878 τὴν
278 841 406 881 πλευρὰν,
417 840 507 880 ὥσπερ
526 839 604 870 ἔλαὸε
617 840 662 870 τὸν
669 843 743 880 χοῦν.
755 841 791 870 Εἰ
801 835 833 876 ἦν

67 890 145 924 ἄλλος
157 891 172 919 ὃ
186 887 320 929 ἁρμόσας,
335 886 380 916 καὶ
396 886 474 920 ἄλλος
492 889 506 916 ὁ
526 885 623 923 λύσας,
647 886 721 926 μάχη
742 882 773 922 ἦν
783 898 789 904 ·
811 887 835 915 εἰ

67 935 95 965 δὲ
113 937 128 965 ὁ
147 934 228 970 δήσας
247 932 347 968 ἔλυσεν,
369 931 452 968 ἡδέως
471 943 527 966 πως
545 931 647 961 ἔλυσεν.
667 931 769 962 Ἐλαὸε
785 931 834 967 τὴν

65 979 193 1020 πλευρὰν,
205 978 252 1008 καὶ
274 977 446 1018 ἀνεπλήρωσε
466 977 553 1018 σάρκα
567 979 623 1006 ἄντ’
645 978 735 1013 αὒτῆς.
749 977 835 1007 Πόθεν

66 1026 251 1067 ἀνεπλήρωσεν
261 1037 269 1063 ;
280 1026 311 1054 ἐκ
323 1026 369 1054 τοῦ
381 1024 461 1054 ἄλλου
474 1023 595 1063 σώματος
607 1023 743 1060 εἵλκυσεν;
756 1023 837 1052 Ἀλλὰ

66 1077 119 1102 πᾶν
133 1074 211 1111 σῶμα
226 1070 376 1110 ἑλκόμενον,
391 1069 548 1109 λεπτότερον
568 1069 679 1109 γίνεται.
696 1070 760 1102 Πῶς
775 1071 837 1098 ἄνε-

1552 216 1622 266 575

881 289 921 318 sic
933 287 1021 318 anima
1029 311 1039 325 ,
1057 299 1118 318 cum
1135 296 1210 324 extra
1221 300 1313 320 sensus
1324 291 1414 328 fuerit,
1427 292 1455 322 iu
1467 292 1560 323 ecstasi
1572 300 1621 324 cst.

881 334 923 362 Et
937 334 1119 372 obdormivit,
1143 335 1241 374 inquit,
1263 343 1292 366 et
1311 338 1379 366 tulit
1389 338 1471 368 Deus
1485 349 1574 368 unam
1588 341 1625 369 de

882 380 968 408 costis
986 381 1057 419 ejus.
1071 382 1112 410 De
1125 381 1168 410 his
1185 381 1512 422 interrogenturhaeretici
1527 396 1534 413 ε
1548 387 1624 423 Quo-

881 424 962 454 modo
978 425 1043 455 tulit
1060 427 1133 456 Deus
1143 427 1157 456 3>
1171 428 1305 466 quomodo
1326 428 1413 459 Adam
1431 429 1552 459 dolorem
1569 441 1623 461 non

881 469 988 500 sensit?
1001 471 1136 509 quomodo
1150 482 1202 501 non
1217 474 1351 503 cruciatus
1369 481 1409 504 est
1419 475 1433 504 Ξ)
1450 476 1479 506 Si
1491 476 1536 506 vel
1550 477 1624 517 pilus

881 524 898 542 a
911 523 1023 554 corpore
1042 515 1172 553 vellatur,
1192 516 1331 554 dolemus;
1349 519 1472 557 quamvis
1490 521 1544 550 alto
1559 522 1624 560 ‘quis

882 570 979 600 sopore
988 559 1116 598 dormiat,
1131 562 1232 591 doloris
1246 562 1275 592 vi
1294 565 1489 604 expergiscitur
1500 567 1547 606 qui
1560 566 1625 597 dor-

883 603 933 632 mit
944 614 955 642 5
977 610 1081 632 tantum
1101 604 1205 635 tollitur
1226 606 1389 644 membrum,
1408 609 1479 638 tanta
1499 610 1626 640 evellitur

883 654 967 684 costa,
981 657 1031 677 nec
1047 647 1184 678 dormiens
1203 660 1219 678 a
1236 660 1329 679 somno
1347 651 1500 682 excitatur?
1513 655 1574 683 Non
1594 655 1625 685 vi

883 693 994 731 avulsit,
1010 700 1039 723 ut
1053 695 1259 734 expergisceret,
1280 706 1333 725 non
1352 697 1513 738 discerpsit;
1530 711 1626 730 verum

884 739 1032 780 Scriptura,
1040 746 1070 768 ut
1081 740 1200 770 Artificis
1212 741 1374 772 celeritatem
1387 744 1517 783 ostendat,
1534 746 1625 784 Tulit,

883 786 984 824 inquit.
1001 786 1102 817 Solutae
1114 794 1178 816 sunt
1190 798 1340 828 compages,
1359 797 1388 820 et
1400 800 1454 819 non
1465 791 1566 821 sensit?

924 834 955 864 9.
971 834 1048 864 Tulit
1059 841 1170 872 costam,
1189 843 1220 865 ut
1233 837 1331 867 tulerat
1344 838 1494 877 pulverem.
1510 839 1542 868 Si
1557 840 1627 870 alius

885 885 951 908 esset
961 879 1009 918 qui
1017 887 1194 920 compegerat,
1203 881 1273 911 alins
1283 882 1331 921 qni
1343 883 1433 920 solvit,
1444 895 1534 925 pugna
1546 893 1625 925 esset3

886 924 927 953 sin
945 931 1034 954 autem
1054 925 1102 964 qui
1119 926 1248 966 ligaverat
1270 928 1363 964 solvit,
1387 928 1410 958 is
1432 937 1501 960 certe
1522 931 1628 971 placide

886 971 978 1001 solvit.
994 973 1074 1002 Tulit
1086 980 1208 1012 costam,
1218 981 1247 1004 et
1257 977 1379 1015 replevit
1387 988 1440 1017 pro
1450 988 1485 1007 ea
1498 990 1626 1010 carnem.

886 1017 968 1047 Unde
979 1018 1112 1058 replevit?
1131 1029 1197 1062 num
1215 1031 1250 1050 ex
1269 1022 1375 1061 reliquo
1395 1023 1477 1053 traxit
1496 1026 1628 1066 corpore?

887 1063 970 1102 Atqui
984 1068 1062 1094 o'mne
1075 1075 1184 1105 corpus,
1199 1067 1271 1105 quod
1287 1068 1403 1098 trahitur
1415 1076 1441 1099 et
1453 1070 1627 1110 distenditur,

66 1118 220 1158 πλήρωενὶ
235 1116 289 1147 Καὶ
299 1118 361 1156 περὶ
373 1114 496 1155 σώματος
507 1116 648 1154 λαλοῦμεν,
662 1114 707 1144 χαὶ
718 1115 746 1144 οὗ
760 1117 835 1144 „0015-
850 1125 871 1148 D
887 1110 1015 1140 subtilius
1026 1111 1152 1141 efficitur.
1169 1113 1312 1150 Quomodo
1325 1115 1459 1155 replevit?
1467 1118 1508 1146 De
1519 1129 1630 1159 corpore

68 1176 130 1203 μεν·
144 1163 206 1204 περὶ
226 1165 296 1193 Θεοῦ
317 1163 459 1202 λαλοῦμεν,
480 1161 526 1190 καὶ
546 1162 835 1200 πολυπραγμονοῦμενς

67 1210 121 1239 Καὶ
137 1209 308 1250 ᾠκοδόμησεν
321 1209 335 1238 ὁ
354 1206 451 1247 Κύριος
472 1206 520 1243 τὴν
538 1206 667 1246 πλευρὰν,
690 1207 723 1242 ἣν
742 1206 835 1236 ἔλαὸεν

17 1291 19 1293 .
67 1256 121 1286 ἀπὸ
142 1258 188 1285 τοῦ
212 1255 312 1294 Ἀδὰμ,
333 1255 370 1287 εἷς
387 1257 508 1293 γυναῖκα.
526 1252 612 1282 Πόθεν
633 1253 762 1293 ὀφθαλμοὶ
784 1253 837 1283 ἀπὸ
857 1298 859 1300 ¹

67 1303 182 1342 πλευρᾶς
196 1300 350 1340 ἐπάγησαν,
363 1298 442 1329 πόθεν
460 1298 556 1339 καρδία
568 1299 740 1337 λογιζομένη;
757 1298 836 1328 πόθεν

67 1349 173 1387 γλῶττα
183 1345 347 1387 φθεγγομένη
358 1357 366 1382 ;
378 1346 435 1378 πῶς
449 1344 555 1380 διετάθη
569 1343 621 1373 ἀπὸ
635 1345 749 1384 πλευρᾶς
763 1344 837 1374 ἔντε-

68 1404 130 1433 ρον;
154 1395 211 1426 πῶς
232 1391 335 1431 ἐγένετο
350 1390 403 1420 ἀπὸ
419 1391 535 1430 πλευρᾶς
555 1385 644 1430 ἧπαρ,
666 1391 761 1419 Ταῦτα
779 1392 836 1424 πῶς

67 1438 169 1478 ἐγένετο
182 1439 230 1468 οὐκ
243 1436 344 1478 ῖσχύεις
353 1435 523 1473 καταλαὸεῑν,
534 1436 580 1465 καὶ
592 1435 637 1465 τὸν
651 1434 774 1476 τεχνίτην
788 1447 837 1465 πο-

67 1485 276 1525 λυπραγμονεῖς;
291 1481 370 1513 Ἀλλὰ
383 1481 431 1518 τὴν
446 1481 535 1511 εἰκόνα
547 1482 662 1522 Χριστοῦ
677 1482 757 1521 βλέπε
771 1494 837 1511 παν-

68 1533 161 1570 ταχοῦ.
183 1531 224 1559 Οὐ
245 1529 371 1568 πρότερον
394 1527 488 1557 ἔλαὸεν
503 1529 518 1556 ὁ
533 1527 602 1560 Θεὸς
619 1527 672 1557 ἀπὸ
691 1529 737 1556 τοῦ
755 1526 837 1565 Ἀδὰμ

69 1576 119 1611 τὴν
132 1574 258 1614 πλευρὰν,
278 1573 388 1607 ἕωςὸτε
406 1573 487 1603 ὕπνον
500 1574 572 1612 αὐτῷ
591 1572 723 1601 ἑνέὸαλεν.
739 1571 836 1608 Διατί;

70 1621 134 1651 Ἀπὸ
146 1622 262 1660 πλευρᾶς
277 1622 294 1655 ἡ
314 1618 431 1658 ἁμαρτία
451 1619 544 1657 ἔμελλε
555 1618 682 1657 γίνεσθαι,
699 1620 716 1653 ἡ
734 1618 777 1647 διὰ
790 1620 837 1653 τῆς

70 1667 191 1707 γυναικὸς
208 1667 367 1696 εἰσελθοῦσα.
389 1660 489 1694 Ἦλθεν
501 1666 515 1693 ὁ
529 1663 625 1703 Σωτὴρ
650 1663 702 1693 ἀπὸ
724 1665 839 1703 πλευρᾶς

70 1713 155 1753 φέρων
168 1713 238 1752 ὕδωρ
252 1711 297 1741 καὶ
311 1707 391 1750 αἷμα,
405 1710 474 1750 ὕδωρ
496 1709 645 1739 ἂποπλύνον
665 1708 699 1738 τὰ
713 1709 837 1750 ἁμαρτή-

71 1771 155 1798 ματα,
175 1754 242 1798 αἷμα
255 1756 372 1797 παρέχον
387 1758 451 1795 ἡμῖν
472 1755 502 1784 τὸ
525 1755 677 1795 μυστήριον.
698 1754 772 1794 ιὈρα
793 1754 837 1784 τὸν

69 1804 160 1834 τύπον.
175 1803 360 1836 Ὑπνώσαντος
372 1805 419 1831 τοῦ
433 1801 533 1840 Ἀδὰμ,
548 1801 650 1840 πλευρὰ
663 1800 838 1839 ἑλαμὸάνετο·

69 1849 151 1879 ὕπνου
165 1848 303 1889 γενομένου
322 1849 360 1888 τῷ
375 1846 480 1886 σώματι
497 1849 543 1876 τοῦ
559 1847 690 1886 Χριστοῦ,
705 1849 721 1882 ἡ
736 1846 838 1886 πλευρὰ

69 1895 201 1935 ἠνοίγετο,
220 1895 263 1924 ἵνα
276 1894 343 1934 λύσῃ
358 1893 407 1929 τὴν
431 1892 546 1932 ἀρχαίαν
566 1892 723 1932 τραγῳδίαν,
745 1892 839 1932 τῇνέᾳ

69 1942 184 1983 ἱστορίᾳ·
198 1941 271 1981 ὕπνῳ
291 1940 318 1970 δὲ
337 1939 408 1979 λέγω
420 1941 459 1979 τῷ
480 1939 507 1967 ἐν
529 1940 643 1978 σταυρῷ.
669 1938 838 1980 ’ῼκοδόμησε

69 1988 117 2024 τὴν
139 1987 254 2028 πλευρὰν
269 1988 305 2020 εἷς
326 1989 456 2024 γυναῖκα,
481 1984 578 2023 ἤγαγεν
603 1984 685 2020 αὐτὴν
709 1984 773 2024 πρὸς
794 1985 838 2014 τὸν

69 2033 162 2072 Ἀδάμ.
183 2033 222 2063 Ὠ
243 2034 291 2068 τῆς
314 2029 509 2072 φιλανθρωπίας
529 2033 574 2058 τοῦ
594 2029 739 2059 Δεσπότου.
762 2029 838 2059 Πόσα

69 2084 155 2115 ποιεῖ,
168 2079 295 2115 πλάττει,
306 2080 454 2118 εὖεργετεῑ;
469 2074 590 2115 Παράγει
603 2075 638 2104 τὰ
651 2077 706 2109 ζῶα
714 2099 722 2110 ,
733 2087 839 2116 νυμφα-

887 1155 1036 1194 loquimur,
1046 1163 1073 1186 et
1082 1166 1134 1186 non
1147 1157 1343 1198 intelligimus;
1355 1160 1389 1190 de
1405 1162 1462 1191 Deo
1476 1163 1626 1202 loquimur,

886 1209 912 1231 et
925 1202 1057 1233 curiosius
1078 1204 1272 1244 exploramus?
1285 1207 1328 1236 Et
1348 1209 1505 1249 oedf'ficavit
1529 1214 1629 1243 Domi·
1641 1215 1698 1237 Gen.
1709 1221 1731 1237 2.
1740 1220 1780 1237 23.

887 1259 943 1279 nus
957 1256 1078 1288 costam,
1095 1262 1185 1291 quam
1203 1253 1312 1283 tulerat
1333 1256 1370 1284 de
1393 1257 1507 1294 Adam,
1523 1260 1555 1287 in
1568 1268 1629 1290 mu-

888 1296 998 1326 lierem.
1014 1297 1157 1334 Quomodo
1181 1299 1253 1328 oculi
1273 1311 1310 1330 ex
1331 1309 1402 1331 costa
1420 1303 1528 1334 formati
1547 1307 1628 1336 sunt?

888 1342 959 1372 unde
999 1354 1045 1373 eor
1078 1345 1198 1384 cogitans
1215 1346 1229 1375 Ξ)
1262 1347 1333 1377 unde
1366 1349 1458 1389 lingua
1493 1351 1629 1391 loquens?

887 1389 1022 1428 quomodo
1044 1389 1191 1421 distensum
1215 1399 1254 1422 est
1281 1405 1315 1424 ex
1353 1402 1426 1425 costa
1450 1396 1629 1429 intestinum?

887 1434 1021 1473 quomodo
1057 1446 1093 1465 ex
1126 1444 1198 1467 costa
1224 1440 1302 1479 jecur
1329 1441 1429 1471 factum
1464 1451 1503 1474 est
1517 1444 1530 1473 ?
1565 1446 1629 1476 Hoec

887 1481 1022 1519 quomodo
1042 1482 1110 1512 facta
1136 1483 1190 1513 sint
1212 1495 1307 1525 capere
1328 1497 1381 1517 non
1402 1495 1492 1528 potes,
1513 1497 1538 1520 ct
1557 1492 1630 1522 Arti-

887 1527 966 1556 ficem
986 1528 1090 1557 curiose
1111 1531 1247 1560 scrutaris.
1267 1533 1372 1562 Verum
1398 1534 1460 1564 vide.
1487 1535 1630 1576 imaginem

888 1572 990 1602 Christi
1004 1573 1114 1612 ubique.
1125 1575 1185 1604 Non
1207 1576 1283 1615 prius
1301 1578 1364 1607 tulit
1382 1580 1455 1609 Deus
1473 1589 1572 1611 costam
1595 1583 1630 1613 de

854 1628 872 1651 Ε
889 1617 1004 1655 Adamo,
1019 1629 1100 1657 quam
1119 1620 1172 1659 ipsi
1191 1631 1315 1651 somnum
1335 1623 1501 1656 immitteret.
1516 1627 1630 1666 Quare?

889 1664 934 1693 Ex
954 1671 1025 1693 costa
1050 1672 1187 1704 peccatum
1209 1667 1342 1697 oriturum
1356 1677 1413 1699 erat
1423 1682 1433 1709 3
1449 1673 1522 1710 quod
1536 1683 1632 1715 nempe

889 1720 937 1750 per
960 1710 1101 1740 mulierem
1119 1711 1239 1742 intravit.
1256 1714 1340 1744 Venit
1367 1717 1493 1748 Servator
1518 1730 1533 1748 e
1560 1728 1632 1750 costa

889 1767 984 1795 aquam
1004 1757 1089 1786 ferens
1102 1764 1128 1787 et
1141 1759 1295 1799 sanguinem
1308 1772 1319 1799 ,·
1344 1773 1440 1801 aquam
1453 1776 1511 1803 qum
1525 1775 1632 1806 peccata

890 1802 1020 1842 ablueret,
1028 1803 1183 1842 sanguinem
1193 1805 1240 1843 qni
1250 1807 1408 1846 mysterium
1419 1811 1496 1840 nobis
1507 1812 1630 1843 traderet.

890 1847 964 1879 Vide
983 1849 1108 1888 figuram.
1125 1851 1280 1881 Dormiente
1297 1853 1411 1891 Adamo,
1433 1864 1503 1886 costa
1519 1859 1632 1889 tolleba-

888 1890 936 1923 tur
949 1907 956 1923 ε
972 1905 1064 1925 somno
1078 1898 1183 1936 corpori
1200 1897 1300 1927 Christi
1320 1903 1522 1940 superveniente
1533 1928 1540 1942 ,
1560 1914 1632 1935 costa

891 1940 1069 1980 aperiebatur,
1094 1948 1123 1971 ut
1138 1949 1254 1972 veterem
1275 1946 1431 1985 tragoediam
1451 1949 1567 1980 solveret
1584 1963 1633 1992 per

891 1996 988 2015 novam
1002 1986 1160 2016 historiam:
1174 1987 1208 2017 de
1221 1999 1314 2019 somno
1329 1991 1426 2031 loquor
1441 2005 1494 2033 quo
1511 1996 1539 2024 in
1553 2008 1632 2027 cruce

891 2037 1029 2070 correptus
1042 2037 1091 2060 est.
1108 2032 1283 2072 AEdificavit
1299 2043 1408 2066 costam
1424 2040 1455 2066 in
1469 2040 1630 2078 mulierem,

892 2076 1017 2105 adduxit
1026 2087 1091 2106 eam
1098 2078 1286 2109 adAdam.0
1297 2081 1487 2122 benignitatem
1499 2087 1608 2117 Domini
1623 2089 1631 2118 l

69 2129 160 2164 γωγεῑ.
177 2124 287 2161 Ἐπειδὴ
299 2124 350 2164 γὰρ
360 2122 405 2152 καὶ
415 2124 430 2151 ὁ
441 2121 525 2159 Ἀδὰμ
535 2122 570 2154 ὥς
582 2121 691 2161 ὀρφανὸς
704 2117 750 2158 ἦν,
765 2122 810 2151 καὶ
821 2124 838 2158 ἡ
847 2146 883 2167 493
892 2124 999 2160 Quanta
1008 2122 1081 2160 facit,
1095 2123 1202 2161 format,
1217 2133 1283 2164 quot
1293 2129 1450 2159 muneribus
1460 2132 1542 2161 afficit
1553 2134 1566 2161 Ρ
1576 2134 1634 2163 Ad-

70 2171 130 2201 1⁴26«
142 2170 269 2210 παρθένος
289 2170 415 2201 ὡσαύτως
426 2169 474 2197 οὐκ
485 2167 583 2207 ἔχουσα
592 2166 695 2207 πατέρα
708 2167 725 2203 ἢ
738 2167 839 2207 μητέρα
856 2173 879 2196 A·
893 2168 968 2198 ducit
981 2169 1118 2206 animalia,
1133 2181 1258 2210 sponsam
1272 2173 1363 2203 tradit.
1378 2177 1447 2212 Quia
1460 2179 1530 2207 enim
1547 2180 1632 2209 Adam

69 2218 234 2256 πληροῦντας
265 2215 314 2251 τὴν
333 2215 421 2249 τάξιν·
437 2216 452 2243 ὁ
470 2213 538 2246 Θεὸς
557 2213 655 2252 πληροῖ
675 2213 772 2252 πατρὸς
794 2214 839 2243 καὶ

71 2263 170 2303 μητρὸς
182 2263 266 2297 τάξιν.
286 2262 339 2292 Καὶ
361 2261 410 2301 ὅρα
429 2259 474 2289 τὸν
492 2258 570 2298 νόμον
583 2271 589 2277 ·
613 2264 687 2288 πᾶσα
700 2260 751 2299 γὰρ
766 2260 839 2299 φωνὴ

69 2311 140 2338 Θεοῦ
151 2308 250 2348 ἀρχαία
263 2307 349 2337 κανών
361 2308 418 2336 ἐστι
427 2308 474 2341 τῆς
487 2304 597 2344 φύσεως.
610 2304 727 2344 Ἤγαγεν
743 2308 757 2334 ὁ
771 2306 842 2339 Θεὸς

69 2354 118 2391 τὴν
131 2358 243 2394 γυναῖκα
255 2353 321 2393 πρὸς
332 2352 376 2382 τὸν
390 2351 473 2390 Ἀδάμ
485 2363 491 2369 ·
511 2350 555 2379 καὶ
569 2349 654 2388 ἔμεινε
669 2353 746 2379 τοῦτο
759 2350 838 2389 νόμος

70 2400 119 2433 ἕως
130 2401 176 2435 τῆς
190 2399 316 2438 σήμερον,
329 2397 376 2433 τὴν
390 2400 501 2436 γυναῖκα
514 2394 634 2434 γενέσθαι
647 2397 684 2434 τῷ
700 2395 774 2435 ἀνδρί
784 2408 790 2414 ·
805 2399 834 2426 οὐ

69 2447 113 2476 τὸν
127 2446 209 2485 ἄνδρα
221 2445 285 2484 πρὸς
298 2444 346 2480 τὴν
361 2447 471 2483 γυναῖκα
488 2442 670 2480 νυμφοστολεῖ.
684 2436 772 2471 Ἦσαν
786 2455 834 2482 γυ-

72 2490 146 2530 μνοὶ,
158 2490 203 2519 καὶ
212 2491 260 2519 οὐκ
272 2488 427 2529 ᾐσχύνοντο.
440 2486 535 2516 Κανὼν
549 2485 621 2524 μένει
634 2508 641 2522 ,
656 2488 670 2514 ὁ
684 2486 761 2526 νόμος
776 2490 836 2529 βοᾷ.

69 2535 177 2568 Πάντας
191 2533 345 2573 αἰσχύνεται
358 2532 424 2572 ἀνὴρ
434 2555 442 2568 ,
457 2531 530 2564 ἐκτὸς
544 2532 591 2566 τῆς
612 2530 678 2564 ἰδίας
695 2536 820 2571 γυναικός
833 2547 839 2553 ·

71 2581 170 2614 πάντας
181 2581 291 2608 αἰδεῖται
304 2581 321 2614 ἡ
334 2578 399 2617 γυνὴ
411 2600 418 2613 ,
432 2576 506 2609 ἐκτὸς
519 2578 564 2606 τοῦ
587 2575 651 2605 ἰδίου
667 2577 769 2617 ἀνδρός.
786 2579 844 2608 Καὶ

72 2630 147 2657 τοῦτο
162 2625 208 2664 μὲν
223 2619 294 2654 εἶπον
309 2622 376 2654 κατὰ
387 2623 430 2652 τὸν
445 2622 522 2660 νόμον
533 2633 539 2639 ·
555 2621 584 2651 τὸ
598 2621 625 2651 δὲ
638 2621 720 2651 αἴτιον
733 2627 779 2653 τοῦ
802 2626 839 2664 μὴ

893 2215 969 2253 quasi
990 2215 1113 2255 pupillus
1131 2223 1197 2252 erat,
1218 2224 1244 2247 et
1258 2219 1316 2248 Eva
1336 2221 1425 2260 virgo,
1443 2223 1499 2252 sine
1520 2231 1593 2263 patre
1608 2233 1634 2254 et

894 2268 989 2298 matre,
1003 2261 1050 2300 qui
1070 2262 1190 2292 officium
1210 2272 1364 2304 praestarent
1376 2278 1383 2295 :
1393 2269 1466 2297 Dens
1479 2271 1562 2308 patris
1575 2282 1632 2299 ma-

895 2306 996 2346 trisque
1018 2307 1181 2338 functionem
1200 2310 1267 2340 obit.
1284 2313 1323 2340 Ac
1345 2313 1407 2341 vide
1427 2314 1532 2352 legem:
1549 2316 1634 2344 omnis

895 2352 997 2392 quippe
1006 2363 1060 2383 vox
1074 2353 1124 2383 Dei
1139 2356 1267 2394 primaeva
1282 2364 1381 2386 natura„¹
1400 2368 1491 2387 norma
1505 2366 1553 2388 est.
1569 2361 1634 2389 Ad-

894 2399 979 2427 duxit
1002 2399 1082 2428 Deus
1107 2401 1257 2430 mulierem
1281 2404 1322 2430 ad
1345 2404 1442 2431 Adam
1457 2411 1501 2432 :ct
1521 2405 1565 2433 lex
1586 2406 1635 2435 illa

893 2444 990 2473 mansit
1001 2444 1036 2474 ad
1047 2445 1120 2474 hunc
1133 2456 1215 2485 usque
1229 2446 1311 2484 diem,
1323 2455 1353 2476 ut
1362 2459 1430 2477 uxor
1445 2449 1532 2479 virum
1545 2451 1633 2490 adeat,

894 2499 947 2519 non
977 2489 1068 2519 virum
1102 2490 1136 2520 ad
1164 2502 1275 2520 uxorem
1298 2492 1325 2520 in
1349 2503 1476 2531 sponsum
1516 2495 1634 2527 adducit.
1665 2502 1667 2506 ’

894 2536 993 2564 Erant
1018 2536 1105 2572 nudi,
1139 2542 1167 2564 et
1203 2547 1261 2565 non
1294 2539 1509 2568 erubescebant.
1545 2544 1636 2574 Manet
1649 2544 1697 2566 Ges
1715 2543 1786 2567 ²·25·

895 2580 1006 2620 regula,
1041 2580 1085 2609 lex
1114 2581 1220 2609 clamat.
1260 2583 1359 2611 Omnes
1401 2585 1444 2613 vir
1481 2587 1612 2618 erubescit
1626 2612 1634 2627 ,

897 2633 992 2665 practer
1006 2625 1141 2665 propriam
1157 2636 1266 2655 uxorem
1278 2648 1285 2662 ‚
1299 2638 1388 2658 omncs
1410 2641 1478 2661 uxor
1492 2633 1623 2665 erubescit
