1890 2826
108 349 175 371 Psal.
186 347 226 378 49.

108 387 145 401 zi.
162 379 199 401 23.

129 814 205 836 Liberi
214 821 249 835 ιιι·-

108 847 170 867 bitrii
188 849 250 874 pote-

109 882 159 898 slas.

110 1006 176 1027 Psal.
187 1005 226 1027 33,

112 1042 146 1058 ¹2.

110 1234 211 1256 numech.
225 1233 248 1256 5.

108 1267 146 1290 36.
160 1267 199 1295 37.

152 1421 248 1442 Virtutis

136 1453 234 1474 crccndae

103 1483 227 1505 difficulta-

108 1519 148 1535 11¹⁵.

108 2209 179 2231 Mich.
189 2207 212 2231 6.
223 2215 246 2238 7.

262 187 303 230 ¹4

257 257 356 286 similia
368 256 455 296 loqui,
469 267 528 296 quae
544 257 572 286 in
587 256 637 286 hoc
648 256 779 296 prooemio
795 256 928 286 habentur
944 268 950 285 :
967 267 997 285 ac

256 303 326 332 sicut
335 303 381 332 hie
391 303 444 333 ait:
454 304 623 339 lavamini,
633 302 737 332 mundi
743 309 843 340 estote,
853 309 914 343 post
924 313 996 332 com-

256 348 414 378 minationes
427 358 435 376 =
448 348 487 378 sic
495 355 522 378 et
528 348 576 378 ille
585 354 727 388 postquam
736 347 853 384 dixerat,
861 347 997 387 Arguam
1014 360 1032 383 1²:

258 400 286 422 ie
299 400 328 424 et
340 400 470 424 statuam
486 400 590 423 contra
600 394 718 434 faciem
733 400 813 422 tuam
826 394 998 433 iniquitates

257 446 335 478 tuas,
350 440 474 470 addidit:
489 440 669 480 Sacrificium
681 439 778 468 laudis
795 440 998 479 honorificabit

257 498 314 523 me,
326 494 354 517 et
361 488 426 517 illic
434 489 498 524 iter,
508 497 566 527 quo
573 486 726 515 ostendam
736 487 778 515 eis
785 486 915 517 salutare
924 487 983 516 Dei
983 498 997 523 ,-

257 533 366 563 laudem
378 543 477 564 vocans
494 543 564 570 eam,
591 543 644 571 qua
666 542 715 572 per
727 542 807 572 opera
829 532 915 572 gloria
941 534 998 562 Deo

599 196 628 219 S.
655 196 789 219 JOANMS
814 195 994 219 CHRYSOST.
1025 195 1178 218 Attcfflffl'.
1206 195 1468 218 CONSTANTINOP-

1051 255 1102 295 γὰρ
1117 256 1208 292 εἰπὼν,
1229 256 1269 286 ὅτι
1290 255 1379 290 ι’ὅλως
1401 258 1434 286 δι’
1457 257 1519 287 ὅλου
1537 260 1576 298 τῷ
1596 258 1727 299 προοιμίῳ
1746 261 1823 288 τοῦτο

1052 302 1190 342 προσέοικε
1203 315 1209 321 ·
1223 303 1268 332 καὶ
1280 302 1371 343 ὥσπερ
1385 299 1460 337 οὗτός
1472 315 1553 344 φησι,
1569 304 1705 334 Αούσασθι
1714 327 1722 342 ,
1737 308 1822 335 καθα-

1054 348 1093 388 ροὶ
1102 348 1202 388 γίνεσθε
1211 370 1219 384 ,
1231 349 1298 388 μετὰ
1312 348 1357 382 τὰς
1369 349 1479 383 ἀπειλάς
1489 361 1496 368 ·
1508 349 1576 379 οὕτω
1587 350 1633 379 καὶ
1647 351 1743 384 ἐκεῖνος
1754 350 1823 389 μετὰ

1052 394 1082 424 τὸ
1095 396 1188 431 εἰπεῖν,
1206 395 1322 435 Ἐλέγξω
1342 408 1372 425 σε
1382 418 1389 430 ,
1414 395 1459 425 καὶ
1473 395 1639 436 παραστήσω
1654 396 1723 426 κατὰ
1735 397 1822 437 πρόσ-

1051 440 1124 470 ωπόν
1137 453 1182 470 σου
1196 441 1243 474 τὰς
1257 442 1365 481 ἀνομίας
1379 453 1435 477 σου,
1450 442 1568 481 ἐπήγαγε
1578 454 1584 460 ·
1599 442 1688 471 Θυσία
1700 442 1823 475 αἰνέσεως

1054 486 1156 521 δοξάσει
1165 499 1209 527 με,
1222 488 1267 517 καὶ
1279 489 1333 517 ἐκεῖ
1346 487 1413 523 ὁδὸς,
1427 484 1445 527 ᾖ
1459 487 1534 522 δείξω
1547 488 1635 521 αὐτοῖς
1648 488 1679 518 τὸ
1692 488 1821 528 σωτήριον

1051 536 1097 562 τοῦ
1111 534 1182 563 Θεοῦ
1195 546 1201 552 ·
1217 533 1315 563 αἴνεσιν
1327 534 1411 574 λέγων
1424 534 1473 570 τὴν
1488 534 1531 563 διὰ
1549 535 1602 563 τῶν
1621 534 1703 574 ἔργων
1717 534 1822 568 δοξολο-

256 580 383 617 refertur,
398 586 424 609 et
437 579 615 619 cognitionem
628 577 792 608 divinorum.
805 579 844 608 Ut
859 589 922 609 vero
935 590 997 608 cum
1050 578 1122 619 γίαν,
1138 580 1183 609 καὶ
1196 580 1245 616 τὴν
1259 581 1399 620 ἐπίγνωσιν
1413 580 1461 617 τὴν
1476 582 1513 614 εἷς
1524 580 1611 610 αὐτόν.
1627 580 1686 611 Ἵνα
1700 580 1738 616 δὲ,
1753 581 1820 610 Λού-

257 625 392 662 audirent,
406 626 573 663 Lavamini,
588 625 690 654 mundi
710 630 809 662 estote,
831 635 884 655 non
906 625 998 654 solitas
1011 651 1034 670 n
1052 628 1132 655 σασθε
1141 648 1149 663 ,
1164 626 1272 666 καθαροὶ
1284 626 1394 666 γίνεσθε,
1406 626 1572 662 ἀκούσαντες,
1583 626 1620 666 μὴ
1630 626 1690 660 τοὺς
1698 626 1822 660 εἰωθότας

256 672 317 702 illas
331 672 531 713 purificationes
546 671 704 711 cogitarent,
720 671 853 711 subjecit:
871 672 999 712 Auferte
1015 680 1035 703 Λ
1052 671 1180 710 νομίσωσι
1194 673 1358 713 καθαρμοὺς,
1374 673 1506 713 ἐπήγαγεν
1519 685 1525 692 ·
1540 672 1660 713 Ἀφέλετε
1677 672 1725 706 τὰς
1737 685 1822 708 πονη-

257 720 388 750 malitias
401 721 438 748 ab
453 720 610 748 animabus
619 720 727 748 vestris
739 729 759 748 a
772 725 925 758 conspectu
937 729 1000 748 ocu-

260 767 355 796 lorum
379 775 530 802 meorum,
557 771 666 794 cessate
682 774 702 793 a
722 765 859 805 nequiciis
881 766 998 795 vestris.

259 811 377 841 Virtutis
382 809 665 846 facilitatemostendit‚
673 815 698 838 et
704 810 839 849 potestatis
844 808 999 847 arbitrium,

258 857 322 896 quia
333 867 414 897 penes
427 857 500 897 ipsos
512 863 569 886 erat
582 862 610 885 ut
622 862 800 885 mutarentur.
826 857 874 885 17.
890 856 1001 885 Discite

258 905 364 933 bonum
375 905 491 945 facere.
519 904 614 942 Usque
635 902 703 932 adeo
725 913 759 932 ex
777 902 879 942 ingenti
897 903 1000 932 malitia

256 950 366 979 virtutis
383 948 562 990 cognitionem
578 948 740 989 abjecerant.
756 948 802 978 Sic
823 955 850 978 et
869 949 1000 989 propheta

257 996 348 1027 David
360 996 428 1026 dicit
440 1007 447 1024 ι
460 995 576 1032 Venite,
581 995 657 1036 filii,
673 995 774 1024 audite
782 1006 828 1024 me
844 1008 851 1024 x
868 997 1000 1025 timorem

259 1044 382 1073 Domini
395 1043 502 1073 docebo
516 1051 581 1071 vos.
601 1040 684 1071 Omni
703 1040 805 1080 quippe
822 1041 931 1070 scientia
944 1041 1002 1071 haec

257 1090 383 1131 superior
406 1096 464 1127 est,
486 1099 545 1128 quae
565 1098 597 1117 eo
616 1086 713 1127 majori
732 1094 792 1127 eget
801 1086 908 1124 studio,
929 1087 1004 1124 quod

256 1138 337 1178 plura
349 1136 447 1166 habeat
458 1134 659 1176 impedimenta,
678 1140 779 1163 naturae
800 1143 896 1173 nempe
909 1140 1003 1173 tyran-

257 1183 359 1220 nidem,
374 1182 455 1212 liberi
467 1181 574 1211 arbitrii
590 1180 744 1220 ignaviam,
764 1178 916 1208 daemonum
937 1179 1003 1208 insi·
1019 1197 1037 1220 B

257 1230 328 1267 dias,
350 1229 520 1269 negotiorum
539 1227 658 1257 turham.
682 1226 728 1256 Sic
751 1233 778 1256 et
801 1226 906 1255 Baruch
921 1239 928 1255 z
945 1227 1004 1255 Hic

257 1278 340 1306 Deus
364 1282 473 1311 noster;
488 1284 549 1304 non
569 1274 750 1313 reputabitur
768 1273 897 1302 aliusad
917 1283 1002 1302 eum.-

256 1324 370 1353 invenit
382 1332 497 1351 omnem
513 1323 596 1350 viam
605 1321 744 1352 scientioe.
757 1320 914 1358 Exquirite
921 1320 1003 1359 judi-

257 1372 335 1399 cium
359 1370 418 1399 Hoc
431 1375 481 1406 est,
492 1367 600 1408 injuriis
616 1367 724 1396 affectos
743 1366 853 1402 ulcisci,
867 1366 960 1406 quain
974 1377 1003 1396 re

257 1416 343 1446 multo
360 1415 452 1445 labore
464 1421 490 1444 et
502 1413 583 1454 vigili
594 1413 684 1442 animo
695 1419 734 1442 est
747 1423 826 1453 opus.
841 1412 907 1442 Ideo
918 1412 1000 1450 dixit,

257 1463 424 1502 Exquirite.
441 1460 531 1490 Multa
547 1459 619 1489 enim
640 1465 714 1496 sunt,
728 1469 787 1498 quae
805 1458 936 1498 justitiam
953 1459 1002 1488 ob-

255 1516 373 1545 scurent,
390 1518 486 1548 nempe
496 1506 577 1544 dona,
591 1505 753 1546 ignorantia,
764 1505 999 1546 potentia‚pudor‚

254 1555 346 1591 timor,
365 1564 542 1596 personarum
557 1553 645 1582 cultus
660 1563 669 1590 ;
684 1562 714 1581 ac
727 1551 813 1580 multa
826 1561 895 1591 opus
908 1557 948 1580 est
957 1550 1003 1580 vi-

254 1602 376 1642 gilantia.
402 1603 537 1631 Liberale
562 1610 627 1629 eum
643 1601 695 1639 qui
726 1600 837 1638 injuria
856 1597 1000 1636 afficitur.

254 1649 313 1678 Hoc
334 1649 422 1689 majus
435 1654 475 1677 est
497 1646 587 1687 priore
603 1656 609 1673 :
625 1655 679 1674 non
705 1644 777 1674 cuim
790 1643 876 1683 exigit
889 1650 919 1673 ut
929 1645 1002 1684 justa

253 1695 443 1732 decernantur,
458 1693 506 1723 sed
519 1700 549 1722 ut
560 1692 596 1722 ad
608 1691 712 1722 exitum
721 1691 800 1720 ctiam
807 1690 1001 1731 perducantur.

253 1743 393 1772 Judicate
402 1741 559 1780 pupillum,
573 1745 601 1769 et
607 1738 766 1779 justificate
776 1739 910 1767 viduam.
926 1737 1002 1767 Mul·
1016 1747 1035 1770 c

253 1795 308 1817 tam
322 1788 403 1817 habet
416 1787 546 1816 rationem
565 1787 648 1822 Deus,
663 1794 698 1814 ne
711 1783 847 1824 quispiam
871 1783 940 1812 male
954 1793 1001 1823 pa-

253 1833 336 1863 tiatur
353 1846 362 1872 ;
377 1833 507 1873 majorem
515 1842 590 1869 vero,
599 1841 661 1860 cum
674 1830 696 1860 ii
707 1829 756 1870 qui
765 1829 836 1859 male
847 1829 999 1869 patiuntur,

253 1880 308 1910 alia
319 1879 478 1910 circumdati
492 1885 554 1908 sunt
572 1877 733 1907 calamitate.
745 1876 876 1907 Viduitas
890 1875 962 1905 enim
975 1882 1001 1905 et

254 1926 400 1968 pupillaris
412 1932 476 1954 aetas
489 1935 538 1965 per
551 1935 579 1953 se
592 1930 655 1952 sunt
669 1922 851 1952 intolerabiles
862 1934 869 1951 ε
881 1933 943 1952 cum
953 1933 1001 1952 au-

254 1981 309 2003 tem
321 1973 356 2002 ab
382 1971 445 2001 aliis
465 1971 563 2000 damno
577 1970 743 2005 afficiuntur,
766 1975 831 1999 tunc
844 1968 947 2009 duplex
961 1976 1001 1999 est

254 2019 436 2058 naufragium.
448 2018 498 2048 18.
509 2019 549 2047 Et
555 2020 667 2053 venite,
676 2023 705 2046 et
714 2016 917 2056 disceptemus,
929 2017 1001 2046 dicit

255 2067 409 2096 Dominus.
419 2063 627 2094 Observandum
633 2069 672 2092 cst
681 2062 783 2102 ubique
796 2062 870 2103 apud
881 2064 1000 2104 propho-

254 2119 295 2142 tas
317 2111 388 2141 nihil
416 2112 503 2139 Deum
527 2109 564 2138 ita
583 2108 729 2148 requirere,
745 2119 827 2147 quam
850 2115 879 2138 ut
901 2109 1000 2150 injuria

255 2158 342 2188 affecti
353 2156 537 2187 vindicentur.
546 2155 591 2185 Sic
605 2161 631 2184 ct
640 2154 718 2192 alibi,
735 2161 765 2184 ut
776 2154 849 2194 apud
858 2154 1000 2185 Michaeam

255 2204 408 2235 dicentibus
417 2204 434 2234 J
436 2201 519 2232 udaeis
528 2214 534 2230 :
542 2202 573 2232 St
585 2202 662 2230 dabo
670 2203 863 2242 primogenita
874 2212 939 2231 mea
947 2213 1001 2242 pro

257 2252 405 2291 impietate
417 2259 493 2286 mea,
505 2249 636 2289 fructum
651 2249 725 2277 uteri
740 2248 797 2277 mei
813 2258 866 2288 pro
881 2255 1001 2288 peccato
1018 2257 1037 2280 D

288 2336 302 2356 h
320 2335 368 2361 Hic
380 2339 453 2360 notat
466 2332 574 2359 Savilius
589 2342 594 2356 :
609 2343 622 2356 «
633 2336 668 2360 ὅτι
679 2335 735 2362 ὅλως
749 2335 777 2359 δι’
788 2336 842 2360 ὅλου
856 2339 888 2367 τῷ
904 2337 1015 2369 προοιμίῳ

258 2380 326 2403 τοῦτο
336 2379 460 2411 προσέοικε.
472 2371 568 2398 Boisius
577 2380 624 2404 pro
634 2375 701 2398 τοῦτο
712 2371 772 2405 legit
785 2375 867 2407 τούτῳ,
879 2372 976 2398 scilicet
982 2380 1015 2407 τῷ

258 2419 371 2451 προοιμίῳ
377 2420 446 2439 totus
454 2410 576 2437 psalmus.
586 2411 620 2436 Et.
629 2410 734 2436 fortasse
746 2414 796 2440 ὅλα,-
806 2420 853 2444 pro
864 2414 921 2441 ὅλως
931 2411 1015 2444 legen-

258 2453 329 2481 dum.
346 2465 358 2478 »
380 2455 446 2478 Bene
467 2456 586 2476 notatum
596 2459 601 2473 :
615 2450 635 2474 si
647 2458 707 2474 vero
725 2451 760 2474 sic
777 2450 886 2483 legatur,
907 2449 948 2475 hic
966 2450 1015 2475 erit

259 2502 344 2519 sensus
354 2500 359 2514 τ
371 2492 441 2526 quod
447 2496 511 2516 totus
521 2490 728 2521 omninosnempe
737 2489 850 2514 Psalmus
859 2489 1019 2524 quadragesi-

259 2541 315 2557 mus
331 2541 422 2562 nonus,
434 2530 467 2556 de
486 2538 536 2563 quo
548 2537 622 2561 supra
642 2528 759 2561 loquutus
768 2534 815 2560 cst,
827 2528 884 2553 huie
900 2531 1018 2562 pmoemIo

259 2571 348 2596 similis
360 2572 392 2595 sit
400 2581 407 2595 :
421 2578 511 2602 nempe
522 2568 648 2601 prooemio
661 2567 742 2591 Isaiae.

291 2621 300 2633 a
322 2610 466 2644 cheudum
476 2611 580 2643 ῥύσασθε,
591 2606 703 2638 liberate,
718 2613 744 2631 ut
758 2606 846 2640 legitur
855 2608 879 2633 in
889 2607 982 2633 BibliiS.

1054 718 1110 758 ρίας
1134 719 1187 749 ἀπὸ
1207 722 1259 749 τῶν
1275 721 1367 760 ψυχῶν
1381 722 1454 759 ὑμῶν
1470 719 1595 749 ἀπέναντι
1608 721 1661 749 τῶν
1680 720 1822 760 ὀφθαλμῶν

1054 778 1114 806 μου,
1127 766 1264 796 παύσασθε
1278 767 1331 796 ἀπὸ
1341 768 1393 795 τῶν
1408 768 1539 806 πονηριῶν
1549 767 1635 805 ὑμῶν.
1650 765 1690 795 Τὸ
1703 767 1751 802 τῆς
1763 768 1822 807 ἀρε-

1052 815 1100 850 τῆς
1113 812 1220 843 εὔκολον
1233 813 1329 849 ἔδειξε,
1345 812 1389 841 καὶ
1402 812 1450 848 τὴν
1466 815 1513 848 τῆς
1527 812 1644 846 ἐξουσίας
1661 812 1820 853 ἐλευθερίαν,

1052 859 1092 889 ὅτι
1116 860 1143 888 ἐν
1166 861 1254 892 αὐτοῖς
1277 855 1309 895 ἦν
1329 859 1360 888 τὸ
1381 858 1586 898 μεταὸαλέσθαι.
1611 858 1717 888 Motene
1741 858 1822 888 καλὸν

1052 909 1146 935 ποιεῖν.
1160 905 1254 938 Οὕτως
1266 905 1317 934 ὑπὸ
1330 907 1378 940 τῆς
1392 906 1491 940 πολλῆς
1506 905 1632 945 πονηρίας
1645 904 1691 934 καὶ
1703 904 1752 940 τὴν
1765 906 1822 934 ἔπι-

1052 952 1156 991 στήμην
1178 953 1224 988 τῆς
1239 952 1334 991 ἀρετῆς
1352 947 1418 987 ἦσαν
1435 951 1633 986 ἔκὸεὸληκότες.
1650 950 1730 980 Οὕτω
1750 950 1795 980 καὶ
1808 953 1823 980 ὁ

1052 998 1189 1039 προφήτης
1201 997 1284 1027 Δαυίδ
1295 1009 1360 1038 φησι
1371 1009 1378 1016 ·
1394 999 1490 1034 Δεῦτε,
1504 997 1597 1032 τέκνα,
1610 996 1741 1026 ἀκούσατέ
1755 1009 1805 1036 μου
1815 1009 1821 1015 ·

1054 1044 1133 1084 φόὸον
1158 1044 1254 1084 Κυρίου
1273 1043 1368 1078 διδάξω
1386 1045 1465 1083 ὑμᾶς.
1481 1044 1581 1072 Πασῶν
1594 1042 1645 1083 γὰρ
1667 1044 1822 1080 ἐπιστημῶν

1055 1089 1121 1126 αὕτη
1143 1089 1260 1130 ἀνωτέρα
1270 1112 1278 1126 ,
1299 1089 1345 1119 καὶ
1358 1089 1476 1122 πλείονος
1491 1088 1601 1127 δεομένη
1619 1090 1735 1125 σπουδῆς
1745 1112 1752 1126 ,
1769 1089 1822 1130 ὅσῳ

1055 1136 1100 1166 καὶ
1113 1137 1221 1166 πλείονα
1233 1137 1288 1177 ἔχει
1300 1135 1334 1165 τὰ
1346 1135 1540 1171 διακωλύοντα,
1554 1135 1656 1175 φύσεως
1666 1136 1806 1175 τυραννίδα
1814 1159 1822 1173 ,

1055 1182 1101 1212 καὶ
1119 1182 1295 1223 προαιρέσεως
1309 1182 1446 1223 ῥᾳθυμίαν,
1460 1182 1504 1211 καὶ
1520 1182 1648 1220 δαιμόνων
1663 1181 1804 1216 ἐπιδουλὰς
1813 1205 1822 1219 ,

1055 1229 1100 1259 καὶ
1113 1229 1276 1270 πραγμάτων
1289 1229 1376 1269 ὄχλον.
1394 1228 1474 1258 Οὕτω
1491 1228 1522 1263 δὴ
1538 1228 1583 1257 καὶ
1598 1228 1706 1268 Βαρούχ
1715 1240 1721 1246 ·
1737 1224 1822 1262 Οὗτος

1055 1278 1069 1306 ὁ
1091 1276 1160 1310 Θεὸς
1177 1277 1253 1315 ἡμῶν
1265 1287 1272 1294 ·
1286 1276 1316 1304 οὗ
1329 1274 1516 1314 λογισθήσεται
1534 1274 1621 1314 ἕτερος
1639 1274 1704 1314 πρὸς
1724 1275 1802 1304 αὐτόν
1814 1287 1820 1293 ·

1055 1322 1141 1363 ἐξεῦρε
1162 1327 1248 1351 πᾶσαν
1268 1321 1326 1351 ὁδὸν
1342 1321 1501 1360 ἐπιστήμης.
1519 1320 1700 1357 Ἐκζητήσατε
1722 1320 1819 1360 κρίσιν.

1055 1368 1185 1398 Τουτέστι
1194 1391 1202 1405 ,
1215 1369 1246 1397 τὸ
1258 1369 1370 1397 ἐκδικεῖν
1383 1366 1444 1400 τοὺς
1457 1367 1641 1409 ἀδικουμένους
1650 1389 1658 1402 ,
1676 1367 1740 1407 ὅπερ
1754 1368 1819 1397 πολ-

1053 1416 1099 1445 λοῦ
1110 1414 1189 1443 πόνου
1203 1414 1285 1443 δεῖται
1298 1413 1342 1443 καὶ
1356 1412 1488 1453 νηφούσης
1501 1415 1596 1453 ψυχῆς.
1607 1413 1656 1442 Διὸ
1666 1412 1711 1442 καὶ
1726 1413 1821 1449 Ἔκζη·

1053 1460 1152 1497 τήσατε
1179 1455 1247 1489 εἶπε.
1274 1458 1368 1489 Πολλὰ
1389 1458 1440 1499 γάρ
1466 1460 1523 1488 ἔστι
1542 1458 1577 1488 τὰ
1597 1459 1771 1493 συσκιάζοντα
1790 1459 1820 1488 τὸ

1054 1507 1168 1542 δίκαιον,
1186 1506 1232 1536 καὶ
1246 1505 1403 1546 δωροδοκία,
1418 1504 1464 1534 καὶ
1477 1505 1584 1544 ἄγνοια,
1605 1505 1650 1534 καὶ
1664 1506 1800 1535 δυναστεία
1811 1529 1819 1542 ,

1054 1553 1098 1583 καὶ
1113 1552 1191 1586 αἰδὼς
1201 1574 1209 1589 ,
1229 1552 1274 1582 καὶ
1287 1551 1380 1592 φόὸος,
1394 1551 1440 1581 καὶ
1453 1551 1579 1591 θεραπεία
1592 1551 1740 1591 προσώπων
1754 1564 1760 1570 ·
1775 1552 1819 1581 καὶ

1055 1601 1093 1629 δεῖ
1106 1600 1206 1635 πολλῆς
1222 1601 1270 1635 τῆς
1283 1597 1435 1638 ἀγρυπνίας.
1450 1600 1461 1613 “
1472 1597 1618 1626 Ῥύσασθαι
1637 1597 1818 1636 ἀδικούμενον.

1054 1647 1140 1676 Τοῦτο
1153 1645 1232 1675 πλέον
1248 1647 1294 1674 τοῦ
1307 1643 1434 1684 προτέρω
1446 1655 1453 1662 ·
1468 1644 1498 1672 οὗ
1508 1642 1559 1682 γὰρ
1574 1644 1680 1672 ἀπαιτεῖ
1692 1643 1722 1672 τὸ
1734 1644 1817 1683 ψηφί-

1054 1693 1141 1726 ζεσθαι
1151 1692 1186 1721 τὰ
1199 1691 1302 1726 δίκαια,
1315 1689 1384 1719 ἀλλὰ
1402 1689 1447 1718 καὶ
1460 1689 1491 1718 τὸ
1504 1691 1541 1722 εἰς
1554 1688 1636 1728 πέρας
1649 1689 1731 1728 ἄγειν.
1751 1690 1818 1729 Κρί-

1054 1750 1115 1768 νατι
1129 1737 1250 1779 ὀρφανὸν,
1264 1737 1308 1766 καὶ
1322 1735 1480 1766 δικαιώσατε
1493 1735 1589 1775 χήραν.
1606 1734 1694 1768 Πολὺς
1706 1737 1744 1776 τῷ
1756 1738 1819 1776 Θεῷ

1041 1784 1128 1825 ιλόγος
1150 1787 1195 1814 τοῦ
1219 1782 1319 1823 μηδένα
1331 1781 1444 1822 πάσχειν
1465 1783 1569 1818 κακῶς,
1583 1781 1681 1810 πλείων
1695 1782 1722 1812 δὲ
1733 1804 1741 1818 ,
1756 1782 1818 1811 ὅταν

1054 1831 1122 1871 μετὰ
1136 1832 1182 1860 τοῦ
1195 1829 1307 1869 πάσχειν
1332 1828 1419 1860 κακῶς
1440 1827 1485 1856 καὶ
1499 1826 1575 1867 ἑτέρᾳ
1588 1827 1656 1861 τινὲς
1667 1822 1731 1857 ὦσιν
1745 1829 1816 1858 ἐνδε-

1053 1877 1158 1917 δυμένοι
1171 1880 1301 1916 συμφορᾷ.
1312 1874 1347 1904 Ἡ
1360 1874 1411 1914 γὰρ
1423 1872 1436 1889 ¹¹
1445 1873 1575 1914 χηρανεία
1587 1873 1632 1903 καὶ
1647 1875 1761 1914 ’ὀρφανία
1772 1876 1817 1904 καὶ

1052 1925 1110 1955 καθ’
1123 1923 1200 1954 ἑαυτὸ
1219 1921 1348 1963 ἀφόρητον
1358 1932 1364 1940 ·
1386 1920 1447 1950 ὅταν
1463 1920 1489 1950 δὲ
1504 1921 1549 1950 καὶ
1563 1923 1626 1962 παρ’
1640 1921 1735 1962 ἑτέρων
1750 1923 1815 1959 ἐπη-

1053 1970 1192 2011 ρεάζωνται
1198 1992 1209 2006 ,
1234 1968 1340 1997 διπλοῦν
1365 1967 1395 1996 τὸ
1418 1966 1550 2005 ναυάγιον.
1577 1967 1630 1997 Καὶ
1658 1968 1731 1997 δεῦτε
1741 1990 1750 2005 ,
1771 1968 1816 1997 καὶ

1051 2017 1238 2057 διαλεχθῶμεν,
1251 2013 1324 2054 λέγει
1343 2012 1448 2052 Κύριος.
1469 2013 1676 2053 Παρατηρητέον
1690 2014 1731 2043 ὅτι
1752 2026 1815 2043 παν-

1051 2065 1134 2104 ταχοῦ
1157 2063 1209 2091 τῶν
1228 2061 1369 2100 προφητῶν
1388 2058 1461 2089 οὐδὲν
1476 2059 1557 2092 οὕτως
1570 2062 1584 2089 ὁ
1598 2059 1666 2093 Θεὸς
1682 2061 1817 2097 ἐπιζητεῖ,

1052 2111 1087 2144 ὡς
1104 2108 1135 2139 τὸ
1149 2111 1202 2141 τοῖς
1224 2104 1401 2144 ἀδικουμένοις
1424 2105 1575 2144 ἐπαμύνειν.
1597 2106 1677 2136 Οὕτω
1694 2110 1757 2146 γοῦν
1772 2108 1816 2137 καὶ

1053 2156 1179 2195 ἀλλαχοῦ,
1192 2154 1228 2186 ὥς
1238 2153 1265 2182 ἐν
1277 2153 1316 2192 τῷ
1330 2150 1435 2191 Μιχαίᾳ
1447 2150 1576 2190 λεγόντων
1589 2155 1600 2168 ⁶
1610 2154 1663 2182 τῶν
1675 2152 1818 2183 Ἰουδαίων·

1054 2203 1088 2232 Εἰ
1102 2201 1178 2231 δώσω
1195 2197 1350 2239 προπότοκά
1364 2209 1414 2236 μου
1427 2197 1494 2237 ὑπὲρ
1509 2197 1629 2232 ἀσεὸείας
1644 2211 1704 2237 μου,
1718 2201 1818 2240 καρπὸν

1054 2247 1153 2281 κοιλίας
1171 2258 1220 2286 μου
1233 2244 1299 2284 ὑπὲρ
1312 2243 1443 2284 ἁμαρτίας
1457 2245 1543 2284 ψυχῆς
1557 2256 1618 2283 μου,
1638 2245 1755 2285 ἐπήγαγε
1775 2247 1821 2278 λε’-

1098 2333 1111 2352 b
1128 2335 1249 2367 χηρανιια,
1259 2329 1381 2360 viduitas,
1390 2336 1439 2353 vox
1447 2328 1515 2361 apud
1522 2328 1599 2353 alium
1607 2329 1703 2355 nullum
1712 2332 1819 2365 scripto-

1064 2379 1117 2396 rem
1129 2369 1190 2396 mihi
1201 2368 1284 2395 adhuc
1295 2367 1436 2393 observata.
1448 2367 1530 2400 Vulgo
1539 2367 1634 2393 dicitur
1642 2374 1734 2403 χηρεία,

1095 2418 1107 2431 e
1123 2408 1260 2443 [edebatur
1285 2411 1353 2440 λέγων
1361 2414 1407 2433 τῶν
1414 2406 1539 2440 incitamus-1
1548 2407 1595 2432 Hic
1606 2407 1738 2440 legendum
1747 2414 1819 2441 putat

1062 2448 1161 2474 Alienus
1174 2451 1244 2481 λέγων
1254 2451 1278 2473 ἐκ
1291 2451 1410 2483 προσώπου
1422 2452 1466 2471 τῶν
1479 2445 1590 2477 ἰουδαίωι,
1609 2446 1716 2472 fortasse
1728 2447 1818 2473 melius

1068 2493 1120 2525 περὶ
1131 2495 1175 2515 τῶν
1181 2488 1292 2518 Ῐουδαίων,
1299 2485 1337 2512 vel
1344 2489 1461 2516 ›tavare-31«,
1470 2494 1547 2518 quum
1555 2485 1688 2512 lectionem
1701 2493 1819 2520 sequutus

1068 2534 1105 2554 est
1113 2527 1268 2554 Tilmannus.
1281 2525 1345 2552 Puto
1354 2533 1439 2550 veram
1447 2533 1498 2550 csse
1510 2525 1643 2552 lectionem
1656 2527 1767 2552 Bavarici
1782 2531 1817 2553 15—

1068 2574 1150 2602 γόντων
1161 2574 1214 2595 τῶν.
