1890 2826
247 189 320 226 206

241 263 298 294 fuit
304 273 364 303 quae
379 263 458 295 nobis
472 263 508 294 ad
520 264 606 296 vitam
621 271 649 295 et
660 264 888 296 conver-aionem
904 263 986 294 insti-

244 311 373 341 tuendam
391 311 552 349 conferebat,
565 311 825 353 alioquioeuperflue
836 311 898 341 data
917 311 984 340 suis-

243 364 283 388 set
293 357 354 388 :sed
363 368 400 388 eae
413 358 501 388 solum
519 365 608 398 partes
625 358 773 399 obscuratae
782 364 856 395 sunt,
871 369 906 388 ex
923 358 984 397 qui—

243 404 296 434 bus
309 414 386 434 nosse
391 411 544 445 poteramus
553 404 630 434 iliam
640 404 764 435 evacuari
772 403 983 445 perChristum.

242 451 313 481 Nam
324 458 350 481 et
362 451 414 481 hoc
429 461 498 491 opus
517 450 706 491 estssapientiae
722 450 835 489 divinae,
849 451 936 491 legem
949 450 984 479 ab

242 497 303 538 ipse
317 497 465 535 introduci,
487 498 535 537 qui
550 497 589 527 de⁴
599 508 629 528 ea
651 497 752 529 diceret
768 498 837 534 fore,
849 505 879 527 ut
899 497 983 527 Chri-

242 551 311 582 stus,
324 554 388 574 cum
407 543 523 580 venerit,
542 544 629 584 legem
648 551 769 581 evacuet,
786 551 813 574 et
830 545 888 574 fore
905 549 936 574 ut
955 543 983 573 in

242 591 302 632 ipso
317 601 374 621 esse
385 590 500 621 desinat.
514 592 579 622 Haec
587 591 673 632 igitur
685 591 743 632 ipsa
757 601 820 632 pars
832 591 912 631 legis,
924 600 984 630 quae

241 638 330 679 legem
340 638 367 667 in
383 637 491 669 Christo
500 637 568 668 dicit
578 638 713 676 evacuari,
725 638 782 668 sola
789 637 842 668 fuit
851 637 966 667 obscura
976 649 982 666 :

242 691 323 724 atque
330 684 383 714 hoe
396 684 486 725 ipsum
496 684 618 714 indicans
627 692 741 724 magnus
747 684 848 714 Paulus
860 684 986 724 adjunxit

241 730 418 772 dieens‚Nor3
427 731 721 770 revelatum,qu0d1'n
734 730 850 761 Christo
860 741 986 760 evacua-

243 783 303 808 tur.
321 777 430 808 Etenim
450 787 485 807 ne
504 778 572 807 forte
597 788 661 807 eum
681 777 802 807 audisses
822 777 850 806 in
872 777 986 807 lectione

243 824 353 855 Veteris
361 824 525 855 Testamenti
537 833 645 854 manere
656 823 790 860 velamen,
803 830 887 853 totam
901 824 986 864 ipsam

242 870 387 901 obscuram
397 876 425 900 et
436 869 570 900 obtectam
584 879 641 899 esse
661 869 837 907 existimares,
852 870 922 900 hanc
942 881 988 899 su-

243 915 390 956 spicionem
402 914 540 945 additione
553 915 680 945 correxit.
688 915 759 945 Cum
777 915 848 945 enim
862 915 987 952 dixisset,

242 962 365 993 velamen
389 961 417 991 in
434 961 548 991 lectione
563 960 670 992 Veteris
681 962 845 991 Testamenti
867 972 986 999 manere,

242 1008 352 1048 adjecit,
370 1008 438 1038 Non
460 1007 634 1043 revelatum,
649 1007 730 1047 quod
741 1008 774 1036 in
786 1006 902 1037 Christo
917 1018 986 1038 eva-

242 1061 358 1085 cuatur.
372 1055 430 1085 Hoc
453 1054 552 1094 ipsum,
572 1054 671 1092 inquit,
692 1053 842 1083 revelatum
860 1064 914 1084 non
935 1061 986 1093 est,

242 1101 362 1140 quodi·
380 1100 490 1132 Christo
503 1106 544 1130 est
564 1098 751 1130 evacuandum
765 1110 867 1139 :porro
887 1100 922 1130 iis
944 1111 987 1130 re-

241 1147 392 1177 revelatum
409 1156 463 1176 non
480 1152 530 1182 est,
542 1145 590 1184 qui
611 1155 665 1175 non
680 1145 809 1176 accedunt
829 1145 864 1175 ad
878 1146 960 1176 fidem
976 1160 984 1177 ι

241 1192 332 1231 itaque
350 1192 373 1221 is
397 1192 447 1230 qui
469 1191 506 1221 ad
527 1190 610 1220 fidem
634 1190 793 1228 accessit‚et
814 1191 899 1221 saneti
922 1192 987 1232 Spi-

241 1238 311 1268 ritus
338 1238 453 1278 gratiam
476 1243 659 1275 consequutus
684 1243 739 1274 est,
762 1239 898 1278 nonfjam
923 1249 986 1270 eum
1004 1246 1023 1270 E

241 1284 375 1315 velamine
397 1284 484 1324 legem
506 1284 638 1319 intuetur,
653 1282 702 1312 sed
723 1283 826 1313 nudam
845 1285 904 1325 ejus
929 1287 988 1325 glo-

241 1330 310 1360 riam
329 1337 440 1371 spectat.
462 1330 559 1360 Gloria
577 1329 646 1370 legis
664 1336 714 1367 est,
734 1336 765 1359 ut
789 1330 885 1360 docere
905 1332 989 1372 possit

241 1376 356 1417 seipsam
368 1377 396 1406 in
411 1376 520 1406 Christo
537 1375 674 1411 evacuari,
695 1382 726 1405 ut
741 1375 794 1406 hoc
812 1387 919 1416 quoque
938 1378 989 1408 tibi

241 1421 277 1451 sit
296 1421 444 1462 cognitum.
457 1421 546 1452 Vides
569 1431 630 1460 quae
648 1421 684 1451 sit
704 1421 773 1462 legis
796 1421 902 1462 gloria?
915 1424 989 1454 Vera

241 1467 343 1508 quippe
358 1468 444 1507 gloria
457 1468 515 1508 ejus
526 1466 687 1506 est‚quando
697 1466 829 1498 instruere
840 1475 866 1499 te
872 1469 990 1510 potuerit

240 1521 267 1544 et
286 1513 322 1542 ad
344 1513 485 1544 Christum
511 1511 666 1543 deducere:
682 1519 741 1543 tum
771 1524 837 1544 vero
867 1514 987 1552 instruit,

241 1571 304 1590 cum
319 1571 448 1591 evacuare
461 1571 489 1590 se
502 1559 628 1590 ostendit.
644 1561 738 1598 [taque
755 1560 820 1591 hine
839 1562 919 1592 etiam
930 1562 988 1592 hae-
998 1585 1035 1605 m

240 1606 330 1636 retieis
348 1606 427 1637 letale
449 1606 551 1637 vulnus
573 1606 716 1646 infligitur.
738 1607 810 1636 Nam
837 1607 860 1637 si
882 1615 988 1640 eontra·
1006 1614 1027 1638 Α

240 1652 281 1682 ria
291 1652 337 1682 lex
345 1659 372 1682 et
392 1652 661 1683 adversariaChristo
668 1659 747 1690 esset,
755 1663 804 1682 nec
813 1654 850 1683 ab
871 1654 921 1684 illo
935 1662 988 1685 tra—

240 1698 309 1737 dita,
324 1709 378 1728 non
392 1699 552 1739 oportuisset
564 1698 682 1729 Paulum
694 1698 752 1739 ejus
765 1699 880 1739 gloriam
892 1701 922 1731 id
935 1712 988 1743 ap-

240 1745 354 1785 pellare,
378 1743 453 1783 quod
473 1744 627 1774 accedentes
640 1744 676 1774 ad
689 1754 718 1773 se
735 1753 824 1784 posset
843 1746 987 1786 instruere,

241 1802 290 1831 per
300 1791 441 1822 Christum
457 1790 545 1831 ipsam
568 1791 704 1821 evacuari.
718 1791 749 1822 Si
767 1792 838 1822 mala
858 1800 927 1824 esset
944 1793 991 1824 lex

241 1849 347 1875 rursus,
360 1848 413 1867 non
433 1837 594 1878 oportuisset
608 1838 732 1868 velamen
746 1838 805 1878 ejus
817 1840 930 1878 auferri,
940 1841 990 1877 sed

240 1884 318 1913 illam
344 1884 426 1914 etiam
450 1890 511 1924 post
537 1884 652 1923 gratiam
680 1884 849 1914 obscuratam
871 1896 988 1917 manere.

241 1929 325 1966 Quod
337 1930 361 1959 si
376 1930 428 1959 hoc
450 1939 550 1969 munus
563 1936 603 1959 est
624 1930 726 1969 gratiae,
740 1937 770 1959 ut
789 1932 943 1963 accedentes
955 1933 991 1964 ad

241 1986 270 2005 se
283 1976 492 2016 perspicaciores
507 1974 543 2004 nd
557 1975 834 2015 comprehendendam
851 1978 937 2019 legem
951 1980 991 2010 ef-

241 2021 373 2059 ficiat‚sie
384 2028 416 2051 ut
426 2021 490 2051 inde
499 2021 607 2050 initium
620 2028 646 2051 et
659 2023 763 2052 occasio
777 2023 892 2054 ducatur
903 2026 990 2056 omnis

242 2066 306 2096 fidei
320 2067 348 2096 in
362 2067 502 2097 Christum
514 2066 673 2096 exhibendae
688 2079 695 2096 :
710 2068 848 2107 quodnam
868 2071 989 2110 proferre
1008 2069 1026 2093 B

242 2112 331 2152 majus
347 2119 437 2152 posset
454 2112 529 2144 ullus
541 2120 729 2151 argumentum
743 2115 908 2154 cognationis
922 2117 990 2157 legis

243 2168 306 2188 cum
318 2158 414 2198 gratia,
429 2169 510 2197 quam
524 2169 587 2188 cum
598 2159 690 2189 oculos
704 2160 830 2190 Christus
842 2163 929 2202 aperit
942 2173 990 2192 eo-

242 2215 318 2242 rum,
338 2205 387 2243 qui
410 2204 445 2234 ad
464 2206 555 2245 ipsum
578 2205 720 2244 accedunt,
744 2214 774 2237 ut
795 2207 992 2239 histitutionem

244 2251 385 2291 percipere
397 2251 464 2291 legis
474 2251 577 2291 possint
590 2263 597 2279 :
609 2252 656 2281 illa
669 2263 734 2283 vero
744 2264 806 2283 cum
824 2257 990 2295 apparuerit,

243 2303 271 2326 et
283 2296 351 2326 facta
364 2296 446 2326 fuerit
455 2297 605 2335 manifesta,
619 2299 719 2338 poterit
729 2299 814 2329 multa
828 2310 891 2330 cum
900 2302 991 2331 facili-

243 2349 297 2372 tate
315 2342 494 2373 transmittere
513 2343 576 2373 illos
586 2366 595 2382 ,
616 2345 664 2383 qui
688 2355 718 2374 ea
732 2356 792 2385 quae
807 2346 912 2376 Christi
930 2355 993 2378 sunt

1004 735 1024 758 1>

277 2453 289 2466 ⁸
306 2445 384 2472 savil.
401 2452 477 2479 putat
487 2445 622 2481 legendum
638 2451 721 2484 ἀσαφὲς
731 2454 770 2476 τοῦ
782 2454 860 2483 νόμου.
873 2449 924 2476 Sed
935 2448 1006 2475 locus

244 2484 308 2509 hene
327 2484 413 2516 habet,
425 2484 568 2511 dummodo
586 2493 696 2520 ponatur
714 2487 814 2522 virgula
833 2495 892 2522 post
910 2492 1003 2524 ἀσαφές.

245 2524 277 2548 Αι
290 2523 352 2548 illud
365 2528 377 2551 ὸ
389 2530 455 2558 νόμος
467 2524 612 2551 redundare
625 2525 733 2552 videtur.

278 2563 292 2582 1¹
309 2562 385 2588 savii.
399 2571 431 2597 τῷ
442 2567 569 2596 δυνηθῆναι,
585 2565 659 2598 male,
673 2572 700 2592 ut
712 2567 764 2601 ipse
780 2576 881 2602 quoque
892 2568 1004 2602 suspica-

247 2606 294 2632 tur,
309 2607 335 2629 τό
347 2603 490 2636 conjiciens.

573 202 605 228 S·
630 202 772 227 ioannis
796 202 981 228 cnRYsosr.
1009 202 1168 228 AncmEP.
1195 205 1470 232 CONSTANTINOP-

1041 265 1172 307 ’ἀσαφὲς,
1188 268 1203 297 ὁ
1222 267 1302 307 νόμος
1323 271 1387 308 ἡμῖν
1413 268 1555 304 ἐπέδειξεν.
1578 271 1620 301 Οὖ
1646 271 1698 312 γὰρ
1724 272 1811 300 ἐκεῖνο

1038 311 1141 352 ’ἀσαφὲς
1172 306 1205 349 ἦν
1231 316 1276 344 τοῦ
1299 315 1379 354 νόμου
1415 315 1446 346 τὸ
1463 317 1571 357 μέρος,
1585 317 1650 358 ὅπερ
1686 319 1723 351 εἰς
1752 317 1808 357 βίον

1041 358 1106 395 ἡμῖν
1132 359 1265 390 συνετέλει
1291 361 1336 391 καὶ
1356 362 1504 392 πολιτείαν·
1527 362 1584 393 ἐπεὶ
1613 366 1744 404 περιττῶς
1775 363 1810 393 ἂν

1040 401 1132 440 ἐδόθη·
1145 405 1205 435 ἀλλ’
1226 407 1314 436 ἐκεῖνα
1335 407 1403 446 μόνα
1425 408 1598 439 συνεσκίαστο
1616 409 1651 439 τὰ
1673 410 1757 450 μέρη,
1772 410 1808 439 δι’

1040 443 1077 478 ὧν
1089 450 1236 490 ἐδυνάμεθα
1250 455 1352 491 μαθεῖν,
1367 453 1408 484 ὅτι
1421 453 1465 484 διὰ
1477 457 1523 484 τοῦ
1533 456 1650 496 Χριστοῦ
1663 459 1808 495 καταργεῖ-

1039 506 1092 524 ται.
1106 496 1159 526 Καὶ
1171 497 1223 539 γὰρ
1234 498 1280 528 καὶ
1291 502 1368 530 τοῦτο
1386 503 1434 536 τῆς
1453 503 1500 530 τοῦ
1514 502 1585 531 Θεοῦ
1606 501 1700 542 σοφίας
1721 501 1807 542 ἔργον,

1039 540 1070 570 τὸ
1081 541 1126 571 τὸν
1139 542 1219 583 νόμον
1236 545 1314 575 αὐτὸν
1338 548 1487 586 εἰσαγαγεῖν
1499 546 1610 588 λέγοντα
1629 547 1691 588 περὶ
1711 549 1807 582 αὐτοῦ,

1039 587 1080 617 ὅτι
1093 589 1209 629 Χριστὸς
1219 591 1302 637 ἐλθὼν
1313 593 1391 622 αὐτὸν
1400 594 1577 634 καταργήσει,
1589 593 1635 625 καὶ
1643 595 1685 625 ὅτι
1697 595 1725 624 ἔν
1733 591 1811 635 αὐτῷι

1039 634 1212 670 παυθήσεται.
1226 638 1299 668 Αὐτὸ
1311 634 1356 668 οὖν
1368 641 1446 669 τοῦτο
1456 639 1487 669 τὸ
1511 641 1589 681 μέρος
1609 643 1656 671 τοῦ
1678 640 1758 680 νόμου
1777 640 1809 669 τὸ

1038 679 1125 719 λέγον,
1146 681 1187 712 ὅτι
1207 684 1234 712 ἐν
1257 685 1366 725 Χριστῷ
1388 691 1558 726 καταργεῖται
1579 689 1594 717 ὁ
1615 686 1707 726 νόμος,
1728 689 1811 717 τοῦτο

1041 726 1140 767 ἀσαφὲς
1154 727 1232 767 μόνον
1249 725 1291 766 ἦν.
1314 730 1369 760 Καὶ
1391 735 1470 761 τοῦτο
1489 733 1554 762 αὐτὸ
1578 733 1665 768 δηλῶν
1687 734 1703 762 ὁ
1727 733 1809 772 μέγας

1040 773 1162 810 Παῦλος,
1176 774 1295 815 ἐπήγαγε
1303 787 1310 795 ·
1324 776 1372 812 Μὴ
1383 777 1640 818 ἀνακαλυπτόμενον,
1654 777 1695 808 ὅτι
1708 779 1736 808 ἐν
1746 779 1811 818 Χρι-

1042 821 1097 859 στῷ
1106 825 1288 860 καταργεῖται.
1297 821 1358 852 Ἵνα
1371 822 1423 863 γὰρ
1432 823 1470 862 μὴ
1481 823 1596 858 ἀκούσας
1604 847 1612 862 ,
1623 824 1664 854 ὅτι
1672 823 1811 864 Κάλυμμα

1041 864 1086 910 ἐπὶ
1113 868 1146 905 τῇ
1174 867 1323 906 ἀναγνώσει
1347 870 1396 904 τῆς
1421 870 1537 904 παλαιᾶς
1558 870 1696 906 Διαθήκης
1721 870 1810 909 μένει,

1041 910 1105 947 ὅλην
1120 912 1202 948 αὗτὴν
1218 915 1308 954 ἀσαφῆ
1316 914 1362 944 καὶ
1376 915 1602 955 συνεσκιασμίνην
1609 911 1677 946 εἶναι
1689 916 1810 956 νομίσῃς,

1041 959 1075 997 τῇ
1090 959 1218 1000 ἐπαγωγῇ
1232 960 1332 997 ταύτην
1353 961 1487 1002 διώρθωσε
1499 962 1548 999 τὴν
1565 962 1702 992 ὑπόνοιαν.
1718 962 1814 993 Εἰπὼν

1041 1001 1102 1042 γὰρ,
1117 1002 1255 1043 Κάλυμμα
1269 1004 1313 1034 ἐπὶ
1326 1007 1359 1044 τῇ
1376 1005 1522 1045 ἀναγνώσει
1532 1009 1580 1043 τῆς
1586 1008 1702 1041 παλαιᾶς
1712 1007 1812 1044 Amost-

1041 1058 1091 1082 κης
1115 1047 1203 1086 μένει,
1220 1049 1351 1090 ἐπήγαγε,
1374 1051 1421 1088 Μὴ
1447 1053 1705 1092 ἀνακαλυπτόμενον,
1726 1053 1767 1083 ὅτι
1782 1054 1810 1082 ἐν

1041 1093 1150 1134 Χριστῷ
1161 1100 1341 1135 καταργεῖται.
1353 1098 1440 1127 Τοῦτο
1453 1098 1530 1135 αὐτὸ,
1542 1098 1632 1138 φησὶν,
1646 1100 1694 1129 οὔκ
1713 1101 1812 1129 ἀνεκα-

1041 1139 1126 1179 λύφθη
1135 1162 1142 1176 ,
1157 1140 1198 1171 ὅτι
1211 1141 1303 1180 μέλλει
1316 1144 1342 1172 ἐν
1355 1144 1464 1184 Χριστῷ
1475 1148 1679 1184 καταργεῖσθαι·
1694 1147 1742 1175 οὐκ
1752 1148 1812 1176 ἆνε-

1041 1186 1161 1226 καλύφθη
1179 1186 1206 1216 δὲ
1219 1192 1273 1221 τοῖς
1296 1188 1333 1228 μὴ
1349 1191 1523 1229 προσελθοῦσι
1541 1193 1575 1231 τῇ
1588 1190 1692 1221 πίστει·
1704 1193 1741 1225 ὣς
1754 1191 1770 1221 ὅ
1781 1204 1812 1232 γε

1041 1232 1207 1273 προσελθὼν,
1220 1234 1266 1263 καὶ
1287 1237 1335 1271 τῆς
1359 1239 1405 1265 τοῦ
1430 1236 1505 1276 ἁγίου
1527 1237 1684 1276 Πνεύματος
1705 1238 1814 1279 χάριτος

1044 1278 1211 1315 ἀπολαύσας,
1223 1281 1312 1311 οὐκέτι
1326 1281 1394 1320 μετὰ
1408 1283 1651 1323 παραπετάσματος
1666 1283 1759 1324 βλέπει
1768 1285 1815 1315 τὸν

1044 1325 1134 1365 νόμον,
1149 1325 1218 1354 ἀλλὰ
1237 1326 1340 1365 γυμνὴν
1354 1329 1434 1357 αὐτοῦ
1460 1331 1559 1369 καθορᾷ
1581 1328 1629 1365 τὴν
1645 1329 1728 1363 δόξαν.
1742 1330 1813 1364 Δόξα

1045 1371 1072 1402 δὲ
1083 1371 1177 1410 νόμου,
1192 1370 1240 1402 Ι’τὸ
1251 1373 1393 1408 δυνηῆναι
1407 1373 1523 1410 διδάξαι,
1538 1374 1579 1404 ὅτι
1591 1376 1618 1405 ἐν
1638 1376 1748 1416 Χριστῷ
1762 1387 1814 1405 κα-

1043 1421 1198 1458 ταργεῖται,
1208 1417 1253 1447 ἵνα
1265 1418 1398 1449 καὶτοῦτο
1409 1419 1507 1460 μάθῃς.
1522 1416 1599 1455 Εἶδες
1611 1423 1657 1451 τοῦ
1672 1421 1752 1460 νόμου
1764 1421 1813 1458 τὴν

1046 1463 1122 1498 δόξαν
1130 1475 1138 1500 ;
1147 1463 1216 1498 Δόξα
1228 1463 1257 1493 δέ
1270 1465 1342 1494 ἐστιν
1351 1465 1450 1502 ἀληθὴς
1460 1465 1559 1496 ἐκείνου
1566 1487 1575 1502 ,
1584 1466 1646 1497 ὅταν
1657 1479 1685 1497 σε
1694 1467 1759 1508 πρὸς
1768 1467 1814 1497 τὸν

1045 1510 1162 1550 Χριστὸν
1191 1510 1396 1550 παιδαγωγῆσαι
1427 1512 1524 1552 δυνηθῇ
1533 1524 1540 1530 ·
1572 1513 1737 1553 παιδαγωγεῖ
1769 1513 1812 1550 δὲ,

1044 1556 1151 1586 ἐπειδὰν
1165 1555 1254 1596 οδείξῃ
1269 1556 1347 1593 αὐτὸν
1361 1557 1583 1597 καταργούμενον.
1595 1558 1682 1589 Ὥστε
1701 1559 1748 1590 καὶ
1767 1562 1812 1590 ἐν-

1043 1605 1134 1633 τεῦθεν
1156 1602 1247 1643 καιρία
1259 1607 1315 1636 τοῖς
1336 1604 1476 1643 αἱρετικοῖς
1494 1606 1512 1640 ἡ
1534 1604 1626 1644 πληγὴ
1649 1606 1765 1645 γέγονεν.
1779 1608 1814 1637 Εἰ

1043 1648 1094 1688 γὰρ
1108 1649 1223 1682 ἐναντίος
1236 1645 1269 1685 ἦν
1282 1651 1298 1678 ὁ
1317 1649 1395 1688 νόμος
1407 1649 1453 1679 καὶ
1466 1650 1591 1690 πολέμιος
1602 1653 1667 1681 ιτοῦ
1680 1652 1813 1693 Χριστοῦ,

1044 1695 1090 1725 καὶ
1106 1695 1143 1734 μὴ
1158 1696 1221 1735 παρ’
1242 1695 1342 1725 ἐκείνω
1362 1695 1457 1733 δοθεὶς,
1471 1698 1519 1727 οὐκ
1541 1697 1595 1741 ἔδει
1615 1699 1722 1728 Παῦλον
1737 1699 1812 1733 δόξαν

1045 1742 1123 1771 αὐτοῦ
1135 1741 1247 1771 καλέσαι
1254 1764 1262 1777 ,
1271 1743 1310 1782 τῷ
1319 1743 1462 1778 δυνηθῆναι
1473 1743 1615 1773 παιδεῦσαι
1624 1744 1684 1778 τοὺς
1691 1746 1814 1786 προσιόν-

1043 1799 1092 1821 τας
1106 1787 1194 1828 αὐτῷ,
1208 1787 1249 1817 ὅτι
1263 1787 1306 1818 διὰ
1323 1789 1440 1828 Χριστοῦ
1459 1794 1639 1829 καταργεῖται.
1653 1792 1688 1821 Εἰ
1701 1792 1815 1833 πονηρὸς

1043 1829 1078 1870 ἥν
1087 1836 1102 1863 ὁ
1114 1833 1192 1875 νόμος
1205 1834 1297 1869 πάλιν,
1310 1835 1358 1864 οὐκ
1376 1834 1428 1864 ἔδει
1441 1834 1472 1864 τὸ
1489 1835 1619 1875 κάλυμμα
1641 1838 1722 1867 αὐτοῦ
1735 1840 1813 1879 ἀφαι-

1046 1882 1166 1922 ρεθῆναι,
1178 1881 1247 1910 ἀλλὰ
1257 1880 1345 1919 μένειν
1363 1881 1441 1910 αὐτὸν
1455 1881 1501 1910 καὶ
1515 1881 1583 1919 μετὰ
1596 1882 1644 1919 τὴν
1657 1884 1736 1923 χάριν
1750 1896 1815 1914 συν-

1044 1926 1226 1966 εσκιασμένον.
1240 1927 1274 1956 Εἴ
1288 1926 1316 1956 δὲ
1328 1929 1405 1956 τοῦτο
1418 1928 1465 1963 τῆς
1480 1926 1588 1967 χάριτος
1610 1928 1696 1968 ἔργον,
1708 1929 1740 1959 τὸ
1761 1932 1814 1960 διο-

1046 1972 1235 2013 ρατικωτέρους
1248 1976 1333 2002 ποιεῖν
1351 1972 1411 2006 τοὺς
1429 1973 1586 2013 προσιόντας
1603 1975 1669 2015 πρὸς
1695 1976 1744 2013 τὴν
1767 1980 1814 2007 τοῦ

1045 2019 1125 2058 νόμου
1137 2018 1297 2058 κατάληψιν,
1311 2018 1381 2048 ὥστε
1406 2020 1504 2049 ἐκεῖθεν
1525 2019 1572 2054 τὰς
1595 2020 1680 2061 ἀρχὰς
1701 2022 1747 2052 καὶ
1767 2023 1815 2057 τὰς

1045 2064 1167 2106 ἀφορμὰς
1190 2064 1278 2098 πάσας
1301 2065 1447 2103 λαμὸάνειν
1476 2067 1524 2101 τῆς
1544 2066 1610 2106 πρὸς
1633 2067 1678 2097 τὸν
1699 2069 1813 2108 Χριστὸν

1045 2110 1159 2144 πίστεως
1168 2122 1174 2129 ·
1186 2109 1213 2140 τί
1236 2112 1323 2150 μεῖζον
1336 2110 1430 2140 τούτου
1450 2112 1593 2152 τεκμήριον
1607 2115 1655 2148 τ’ἥς
1668 2115 1714 2143 τοῦ
1734 2113 1814 2153 νόμου

1046 2157 1197 2198 συγγενείας
1209 2159 1257 2193 τῆς
1266 2157 1333 2198 πρὸς
1349 2157 1399 2194 τὴν
1411 2157 1491 2198 χάριν
1507 2158 1576 2188 εἴποι
1589 2171 1629 2193 τις
1646 2159 1688 2195 ἂν,
1702 2159 1781 2190 ὴάλλ’
1796 2160 1814 2197 ἢ

1046 2203 1108 2234 ὅταν
1123 2203 1171 2244 μὲν
1182 2203 1295 2242 Χριστὸς
1313 2203 1406 2243 ἀνοίγῃ
1420 2203 1480 2238 τοὺς
1497 2204 1647 2245 ὀφθαλμοὺς
1667 2208 1719 2235 τῶν
1742 2208 1816 2247 αῧτῷ

1046 2250 1218 2290 προσιόντων,
1230 2249 1300 2279 ὥστε
1313 2250 1455 2285 δυνηθῆναι
1469 2251 1584 2280 κατιδεῖν
1604 2253 1650 2280 τοῦ
1673 2251 1753 2291 νόμου
1766 2252 1816 2288 τὴν

1047 2295 1165 2336 ἀγωγὴν,
1176 2295 1264 2331 ἐκείνη
1279 2295 1306 2325 δὲ
1318 2299 1429 2335 φανεῖσα
1441 2295 1486 2325 καὶ
1498 2296 1627 2336 γενομένη
1638 2297 1721 2335 δήλη,
1731 2309 1817 2338 παρα-

1047 2346 1152 2387 πέμψαι
1168 2345 1237 2386 μετὰ
1257 2347 1357 2382 πολλῆς
1379 2349 1427 2383 τῆς
1446 2347 1567 2382 εὐκολίας
1593 2348 1734 2384 δυνήσεται
1757 2349 1817 2383 τοὺς

1090 2457 1101 2470 ο
1119 2449 1197 2477 Savil.
1211 2449 1276 2476 male
1287 2437 1366 2486 δείξῃς,
1380 2451 1406 2476 in
1417 2460 1496 2487 marg.
1510 2452 1577 2486 conj.
1589 2455 1660 2487 δείξῃ.

1088 2499 1099 2510 ⁸
1116 2489 1190 2516 Colh.
1207 2496 1240 2524 τῷ
1257 2497 1357 2525 Χριστῷ,
1370 2490 1435 2516 sorte
1453 2491 1551 2517 melius.
1563 2492 1642 2518 Paulo
1661 2498 1722 2526 post
1732 2493 1813 2520 Savir.

1054 2529 1120 2555 male
1132 2532 1197 2559 δόξαν
1208 2532 1283 2556 αὐτόν.
1295 2530 1327 2554 In
1338 2538 1418 2564 marg.
1432 2532 1499 2565 conj.
1513 2535 1591 2558 αὑτοῦ.

1086 2569 1101 2587 1¹
1118 2569 1167 2592 Hic
1179 2568 1311 2602 legendum
1329 2574 1403 2601 putat
1413 2569 1520 2595 Savilius
1541 2567 1600 2598 ἄλλο
1611 2573 1625 2601 ἡ
1641 2574 1703 2599 ὅταν.
1715 2570 1766 2597 Sed
1775 2571 1814 2597 lo-

1052 2616 1097 2633 cus
1110 2613 1138 2632 ut
1150 2613 1195 2639 est,
1209 2609 1235 2633 ni
1247 2607 1331 2640 fallor,
1344 2607 1403 2633 ferri
1414 2613 1507 2642 potest.
