1890 2826
241 144 307 177 130

234 216 381 251 flammam,
396 225 455 254 qum
463 222 534 252 erat,
550 215 721 245 exstinxeris.
739 216 790 245 Hic
808 215 891 255 igitur
902 214 980 245 Ozias

232 274 247 292 e
255 262 341 303 ‘stirpe
351 262 442 292 David
453 262 531 292 duxit
541 273 635 303 genus,
647 274 696 292 rex
706 269 795 292 autem
804 269 862 293 erat
871 264 889 293 J
892 262 980 292 udaeo-

588 153 617 176 S.
639 153 774 177 JOANNIS
797 153 979 177 CHRYSOST.
1007 153 1161 177 Alterum).
1190 155 1451 179 CONSTANTINOP-

1034 219 1045 232 ⁶
1056 215 1191 254 εὐδόκιμος
1202 216 1253 253 ὧν,
1270 216 1376 256 ὕστερον
1385 218 1421 250 εἷς
1435 217 1567 257 ἁμαρτίαν
1581 217 1719 247 κατέπεσε.
1737 217 1805 246 Μεί-

1034 262 1096 295 ζονα
1109 261 1160 301 γὰρ
1176 264 1224 297 τῆς
1237 263 1333 297 οἰκείας
1347 263 1478 303 φρονήσας
1496 262 1584 298 ἀξίας,
1609 263 1761 299 ἐπεπήδησε
1773 265 1807 302 τῇ

232 319 313 347 rum;
327 309 450 348 regnavit
462 309 540 339 annis
551 309 746 349 quinquaginta
758 309 866 339 duobus
879 322 885 338 ε
902 319 979 339 cum·
999 318 1017 340 ι)
1034 309 1081 343 τῆς
1093 308 1236 347 ἱερωσύνης
1249 310 1330 348 ἀρχῇ.
1347 309 1482 339 Τοσοῦτόν
1495 310 1553 339 ἔστι
1571 309 1682 339 ἀπόνοία
1707 308 1789 338 κακόν
1799 320 1805 327 ·

231 366 284 395 que
297 355 374 385 initio
393 366 456 385 cum
469 355 551 385 laude
577 356 700 396 gessisset
713 355 904 397 principatum,
919 363 979 396 post

231 402 258 431 in
269 408 409 442 peccatum
420 402 564 442 prolapsus
574 409 624 431 est.
636 403 707 432 Cum
715 402 785 432 enim
799 401 906 432 altiores
919 402 977 442 spi-

230 447 462 481 ritussustulisset
473 458 555 486 quam
566 458 615 488 pro
629 458 678 478 sua
688 447 830 489 dignitate,
841 448 978 488 principa-

230 499 289 522 tum
304 492 402 523 invasit
414 493 566 523 sacerdotii.
583 494 702 523 Tantum
723 494 827 524 malum
843 501 882 524 est
903 505 978 524 arro-

229 539 331 579 gantia,
344 549 404 578 quae
418 539 570 579 persuadet,
586 546 616 570 ut
629 540 743 579 quisque
762 540 844 570 semel
858 541 978 580 ignoret,

230 592 343 625 postque
355 585 454 615 multos
464 586 567 616 labores
581 597 688 616 omnem
700 586 808 616 virtutis
821 586 980 616 thesaurum

230 632 365 661 exhaurit.
383 634 422 662 Ac
433 640 526 662 caetera
540 632 651 672 quidem
664 632 733 663 mala
747 632 824 662 nobis
839 631 980 673 negligen-

231 684 271 707 ter
293 678 436 718 agentibus
457 679 524 708 solet
545 679 708 716 exuberare,
723 680 780 710 haec
805 686 894 709 autem
915 680 981 719 ipsis

1033 353 1078 382 καὶ
1099 353 1150 393 γὰρ
1165 354 1257 383 ἑαυτόν
1270 366 1329 383 τινα
1343 354 1453 384 ἕκαστον
1473 356 1575 394 ἀγνοεῖν
1587 354 1738 390 ἀναπείθει,
1761 354 1807 384 καὶ

1033 401 1101 438 μετὰ
1114 400 1226 434 πολλοὺς
1239 401 1332 435 πόνους
1356 401 1461 430 ἅπαντα
1485 406 1555 432 κενοῖ
1575 403 1623 437 τῆς
1647 403 1742 441 ἀρετῆς
1762 401 1807 430 τὸν

1033 446 1175 485 θησαυρόν.
1188 446 1242 476 Καὶ
1256 447 1289 476 τὰ
1303 447 1350 486 μὲν
1365 447 1434 476 ἄλλα
1447 446 1517 476 κακὰ
1535 447 1718 488 ῥᾳθυμούντων
1732 449 1808 486 ἡμῶν

1031 492 1210 532 περιγίνεσθαι
1219 493 1334 533 πέφυκεν
1342 517 1350 530 ,
1370 493 1436 529 αὕτη
1448 493 1475 522 δὲ
1486 496 1655 533 κατορθοῦσιν
1669 495 1734 532 ἡμῖν
1749 494 1809 523 ε’πι-

1033 538 1139 577 φύεται,
1161 539 1245 569 Οὐδὲν
1268 539 1319 579 γὰρ
1342 539 1424 573 οὕτως
1452 540 1576 570 ἀπόνοιαν
1591 539 1688 569 τίκτειν
1703 539 1792 570 εἴωθεν
1801 562 1809 576 ,

1033 586 1069 617 ὡς
1083 585 1199 618 συνειδὸς
1212 585 1308 624 ἀγαθὸν
1319 607 1328 621 ,
1342 585 1388 615 ἐὰν
1405 585 1444 625 μὴ
1456 586 1640 627 προσέχωμεν.
1666 586 1719 616 Διὰ
1732 589 1810 615 τοῦτο

1033 629 1078 659 καὶ
1089 632 1103 659 ὁ
1117 630 1231 669 Χριστὸς
1243 631 1328 668 εἰδὼς,
1341 631 1382 661 ὅτι
1392 634 1459 671 μετὰ
1469 633 1504 662 τὰ
1517 632 1711 672 κατορθώματα
1721 634 1808 663 ἐπεισ-

1035 676 1142 716 έρχεται
1151 680 1228 707 τοῦτο
1240 677 1272 708 τὸ
1284 678 1367 712 πάθος
1379 681 1446 717 ἡμῖν
1455 700 1465 715 ,
1486 683 1541 713 τοῖς
1554 682 1685 718 μαθηταῖς
1698 678 1787 719 ἔλεγεν
1802 691 1809 698 ·

116 734 222 764 Superbia
233 730 304 753 recte
316 724 393 754 factis
406 725 505 754 nostris
515 724 681 754 adnascitur.
695 725 775 755 Nihil
786 725 859 755 enim
870 725 981 765 perinde
1000 720 1018 743 Β
1035 722 1120 751 Ὅταν
1142 722 1230 753 πάντα
1241 723 1371 761 ποιήσητε
1383 746 1391 760 ,
1410 724 1501 764 λέγετε
1510 747 1519 762 ,
1541 725 1582 755 ὅτι
1595 726 1699 766 ἀχρεῖοι
1721 726 1809 755 δοῦλοί

81 774 136 795 ‘¹²⁹⁰
148 766 225 817 ²¹22:
234 771 320 811 gignit
331 772 503 811 superbiam,
521 779 550 802 ut
562 773 632 802 bona
647 773 807 802 conscientia
816 795 824 810 ‚
837 773 890 802 nisi
904 771 981 802 advi-

82 805 207 850 iiicgastiir.
234 817 362 856 gilemus.
376 817 457 847 Unde
468 825 495 848 et
507 819 634 848 Christus
648 819 733 848 sciens
746 818 818 858 quod
832 825 892 859 post
902 818 983 848 bene-

234 862 301 891 facta
315 872 364 891 nos
374 861 420 892 hic
433 866 545 894 morbus
558 864 706 901 adoriatur,
721 864 827 895 dicebat
840 864 983 904 discipulis

234 907 290 936 suis
307 919 313 936 :
333 908 406 937 Cum
425 910 673 951 omniafecerilis,
687 911 787 948 dicite,
800 911 883 941 Servi
893 913 981 940 inuti-

235 955 280 984 les
291 965 400 985 sumus.
415 957 485 986 Cum
498 958 570 986 enim
584 957 638 987 haec
651 958 732 988 noxia
754 958 839 987 bestia
853 965 928 998 parat
942 958 983 987 in-

235 1001 331 1032 vadere
341 1013 389 1033 vos
399 1025 407 1040 ,
422 1009 502 1039 tunc,
517 1003 616 1043 inquit,
631 1015 680 1044 per
691 1004 748 1034 haec
758 1005 839 1035 verba
853 1005 922 1035 sores
942 1004 983 1034 illi

233 1048 376 1079 occludite.
390 1050 484 1088 Neque
497 1050 568 1080 dixit
583 1062 590 1079 t
603 1051 673 1081 Cum
684 1051 774 1080 omnia
784 1051 910 1086 feceritis,
924 1051 984 1080 inu-

82 913 137 933 an.
155 919 189 941 17.

85 949 119 964 10.

1034 770 1123 808 ἐσμεν.
1143 768 1229 799 ’Ὀταν
1242 769 1293 810 γὰρ
1309 770 1395 810 μέλλῃ
1407 770 1551 800 ἐπεισιέναι
1564 770 1595 800 τὸ
1617 770 1707 811 θηρίον
1728 772 1790 810 ὑμῖν
1802 793 1810 807 ,

1034 814 1094 843 τότε
1117 814 1161 844 διὰ
1172 816 1225 844 τῶν
1240 815 1366 855 ῥημάτων
1387 816 1503 854 τούτων,
1527 817 1622 858 φησὶν,
1635 815 1811 847 “daeoxktm

1034 860 1082 893 τὰς
1095 859 1174 900 θύρας
1187 862 1268 902 αὐτῷ.
1285 861 1337 891 Καὶ
1349 863 1396 891 οὐκ
1406 857 1487 899 εἶπεν,
1500 862 1564 892 ὅταν
1577 862 1664 892 πάντα
1670 862 1810 900 ποιήσητε,

1034 906 1137 946 ἀχρεῖοί
1148 908 1220 942 ἕστε,
1231 908 1290 937 ἀλλ’
1315 907 1408 947 Ὑμεῖς
1421 907 1512 948 λέγετε
1523 929 1530 944 ,
1546 908 1589 938 ὅτι
1602 908 1707 949 ἀχρεῖοί
1718 910 1808 948 ἔσμεν.

1035 951 1117 988 Εἰπὲ,
1137 952 1174 991 μὴ
1196 953 1327 993 φοόηθῇς,
1351 955 1399 983 οὐκ
1419 954 1473 983 ἀπὸ
1496 957 1544 990 τῆς
1569 954 1680 994 κρίσεως
1697 957 1745 990 τῆς
1762 958 1812 991 σῆς

1035 998 1107 1039 φέρω
1131 998 1179 1035 τὴν
1202 1000 1290 1040 ψῆφον
1316 1000 1378 1039 ἐγώ.
1405 1000 1451 1030 Ἂν
1477 1000 1529 1041 γὰρ
1556 1000 1588 1030 σὺ
1612 1001 1708 1031 σαυτὸν
1733 1001 1810 1041 εἴπῃς

1037 1045 1142 1084 ἀχρεῖον
1156 1066 1164 1081 ,
1190 1045 1242 1085 ἐγώ
1258 1057 1287 1075 σε
1308 1048 1345 1080 ὡς
1360 1046 1493 1087 χρήσιμον
1511 1048 1640 1087 στεφανῶ.
1656 1046 1737 1078 Οὕτω
1762 1047 1808 1077 καὶ

233 1094 294 1124 tiles
307 1096 369 1125 estis
387 1107 393 1124 :
410 1095 468 1133 sed,
484 1097 543 1126 Vos
563 1096 662 1132 dicite,
675 1096 784 1126 inutiles
797 1107 903 1126 sumus.
919 1096 982 1134 Dic,
991 1104 1030 1124 ¹¹³
1038 1091 1155 1131 ἀλλαχοῦ
1169 1101 1248 1131 φησι,
1258 1090 1326 1132 Λέγε
1338 1091 1482 1133 σῦπρῶτῠς
1493 1092 1541 1126 τὰς
1560 1092 1670 1132 ἀνομίας
1683 1105 1730 1123 σου
1739 1115 1747 1126 ι
1764 1092 1807 1123 ἵνα

235 1151 267 1170 ne
280 1148 382 1171 metuas
391 1164 398 1178 ‚
415 1152 467 1171 non
490 1153 524 1172 ex
544 1149 592 1172 tuo
610 1143 715 1182 judicio
738 1143 794 1172 sero
814 1143 981 1173 sententiam.

234 1189 303 1217 Nam
314 1188 337 1217 si
349 1195 379 1217 tu
393 1195 419 1217 te
430 1188 520 1228 ipsum
533 1188 635 1218 dixeris
648 1189 782 1226 inutilem,
791 1199 840 1228 ego
851 1195 876 1219 te
890 1196 920 1219 ut
933 1190 985 1219 nti-

82 1243 224 1276 ani.43.26.
235 1234 288 1263 lem
302 1235 446 1264 coronabo.
457 1236 502 1266 Sic
516 1242 542 1265 et
555 1235 621 1265 alias
634 1235 756 1274 loquitur
769 1247 775 1264 τ
790 1237 849 1264 Dic
862 1243 893 1265 tu
904 1238 985 1276 prior

233 1288 354 1325 peccata
364 1288 425 1320 tua,
436 1289 468 1312 ut
471 1283 650 1322 justificeris,
658 1284 690 1312 In
700 1282 842 1312 mundanis
851 1283 985 1322 siquidem

236 1338 267 1357 ae
275 1327 427 1357 forensibus
444 1326 556 1369 judiciis
566 1335 626 1369 post
644 1328 838 1358 accusationem
855 1335 880 1358 et
899 1329 987 1358 crimi—

236 1384 301 1403 num
314 1374 504 1404 consessionem
518 1382 599 1405 restat
611 1385 684 1404 mors
696 1387 703 1403 τ
718 1382 842 1404 czeterum
856 1375 929 1416 apud
943 1375 985 1405 di-

237 1419 331 1449 vinum
343 1420 467 1450 tribunal
478 1427 538 1461 post
548 1420 744 1450 accusationem
755 1428 780 1450 et
793 1421 984 1452 confessionem

235 1473 405 1505 peccatorum
419 1465 499 1496 datur
512 1477 620 1497 corona.
630 1466 710 1497 Unde
721 1474 747 1497 et
758 1468 883 1498 Salomon
898 1467 981 1498 dicit:

83 1524 157 1546 Esca,
171 1531 192 1554 7,
201 1524 223 1547 5,
236 1512 282 1541 Ne
286 1513 497 1552 justificaveris
509 1515 629 1553 teipsum
642 1515 674 1542 in
685 1521 837 1554 conspectu
853 1515 984 1544 Domini.

236 1559 340 1588 Verum
362 1558 431 1588 nihil
445 1559 544 1589 horum
564 1559 668 1589 audivit
686 1560 782 1598 Ozias,
797 1560 844 1590 sed
864 1560 943 1590 irruit
956 1561 984 1590 in

234 1605 366 1645 templum
377 1628 384 1642 ‚
407 1612 437 1635 ut
457 1605 584 1642 adoleret,
606 1616 636 1635 ac
655 1617 689 1635 ne
712 1606 847 1636 sacerdote
873 1606 984 1647 quidem

234 1652 393 1692 prohibente
416 1652 556 1682 abstinuit.
570 1652 643 1690 Quid
665 1652 749 1692 igitur
762 1654 834 1682 Deus
843 1653 857 1682 ?
871 1653 985 1683 Immisit

1038 1141 1188 1180 δικαιωθῇς.
1214 1142 1278 1171 Ἐπὶ
1295 1141 1343 1181 μὲν
1367 1141 1419 1182 γὰρ
1441 1145 1494 1172 τῶν
1512 1142 1605 1177 ἕωθεν
1629 1142 1808 1182 δικαστηρίων

1037 1188 1106 1227 μετὰ
1118 1188 1167 1225 τὴν
1178 1189 1355 1230 ’κατηγορίαν
1369 1189 1415 1219 καὶ
1429 1189 1569 1230 ὁμολογίαν
1581 1191 1634 1219 τῶν
1648 1190 1809 1230 ἁμαρτημά-

1036 1250 1089 1268 των
1104 1239 1227 1273 θάνατος·
1246 1239 1290 1269 ἐπὶ
1307 1239 1334 1269 δὲ
1347 1243 1392 1270 τοῦ
1407 1239 1476 1270 θείου
1496 1240 1666 1280 δικαστηρίου
1681 1240 1750 1280 μετὰ
1760 1240 1808 1277 τὴν

1036 1288 1197 1329 κατηγορίαν
1211 1289 1345 1330 στέφανος.
1366 1290 1415 1320 Διὸ
1426 1289 1470 1320 καὶ
1480 1293 1494 1320 ὁ
1506 1291 1634 1330 Σολομῶν
1647 1290 1735 1331 ἔλεγε”
1759 1291 1807 1328 Μὴ

1033 1338 1136 1369 ’δικαίου
1150 1340 1258 1369 σεαυτὸν
1270 1340 1380 1370 ἐνώπιον
1394 1340 1502 1381 Κυρίου.
1512 1342 1582 1371 Ἀλλ’
1595 1341 1698 1375 οὐδενὸς
1708 1341 1808 1372 τούτων

1036 1388 1148 1425 ἤκουσεν
1162 1393 1176 1420 ὁ
1190 1390 1298 1425 Ὀζίας,
1318 1391 1377 1420 ἀλλ’
1392 1391 1545 1427 ἐπεισῆλθεν
1564 1393 1601 1426 εἰς
1615 1391 1658 1421 τὸν
1673 1392 1733 1422 ναὸν
1742 1415 1750 1429 ,
1764 1393 1810 1422 καὶ

1036 1443 1132 1480 θυμιᾷν
1151 1440 1274 1471 ἐδούλετο
1283 1463 1291 1477 ,
1304 1441 1349 1471 καὶ
1360 1444 1406 1472 τοῦ
1419 1441 1508 1482 ἱερέως
1520 1441 1665 1476 κωλύοντος
1679 1445 1726 1473 οὐκ
1735 1443 1809 1480 ἠνεί-

1033 1502 1107 1530 χετο.
1131 1490 1167 1521 Τί
1178 1486 1222 1520 οῧν
1236 1490 1342 1528 ὁΘεός;
1366 1491 1520 1532 Ἐπαφῆκεν
1537 1492 1609 1533 αὐτῷ
1626 1492 1727 1533 λέπραν
1740 1494 1809 1524 κατὰ

1035 1545 1080 1572 τοῦ
1109 1541 1248 1581 μετώπου,
1269 1542 1319 1579 τὴν
1338 1542 1510 1583 ἀναίσχυντον
1532 1544 1650 1578 κολάζων
1661 1544 1720 1584 ὄψιν
1731 1566 1740 1581 ,
1764 1545 1810 1575 καὶ

1035 1593 1166 1623 παιδεύων
1175 1593 1268 1630 αὐτὸν,
1277 1594 1316 1623 ὅτι
1330 1594 1398 1623 θεῖόν
1410 1595 1467 1623 ἐστι
1480 1594 1510 1624 τὸ
1523 1595 1706 1635 δικαστήριον,
1720 1596 1766 1625 καὶ
1779 1597 1808 1626 οὖ

1035 1643 1101 1683 πρὸς
1111 1643 1264 1684 ἀνθρώπους
1277 1646 1292 1673 ὁ
1303 1644 1417 1683 πόλεμος
1429 1639 1470 1680 ἦν.
1486 1643 1539 1676 Καὶ
1551 1644 1592 1675 -τὰ
1604 1645 1652 1684 μὲν
1677 1646 1746 1675 κατὰ
1764 1646 1810 1676 τὸν

234 1697 276 1726 illi
287 1697 389 1737 lepram
398 1697 425 1726 in
434 1698 591 1734 f1·onte‚hoc
601 1698 682 1728 modo
693 1698 877 1739 impudentem
888 1698 983 1728 faciem
1001 1687 1020 1710 B
1034 1693 1128 1728 Ὀζῖαν
1139 1696 1231 1724 ταῦτα·
1243 1694 1317 1735 Φὲρθ
1331 1694 1363 1731 δὴ
1377 1695 1424 1725 καὶ
1437 1695 1534 1725 ἄνωθεν
1555 1696 1603 1733 τὴν
1629 1697 1747 1738 ἶστθρίαν
1761 1699 1810 1727 αὖ·

233 1743 359 1783 punieus‚
370 1743 521 1782 docensque
533 1744 622 1780 illum,
632 1742 771 1783 quodhoc
782 1751 849 1774 &set
871 1745 922 1775 Dei
937 1746 983 1775 tri-

233 1789 333 1823 bunal,
358 1796 384 1818 et
405 1789 480 1829 quod
502 1790 543 1819 illi
565 1790 670 1819 bellum
690 1797 759 1820 esset
780 1801 833 1820 non
854 1791 984 1823 adversus

234 1834 371 1872 homines,
381 1834 428 1864 sed
441 1835 570 1865 adversus
583 1837 682 1865 Deum.
697 1838 735 1865 Ac
748 1836 782 1866 de
795 1837 859 1866 Ozia
873 1838 983 1877 quidem

233 1880 372 1910 hactenus.
386 1881 508 1920 Agedum
519 1883 576 1922 jam
588 1882 622 1911 ab
643 1882 747 1922 integro
759 1883 900 1914 historiam
913 1885 984 1915 hanc

233 1937 434 1966 percurramus.
451 1929 520 1958 Nam
533 1929 584 1958 hac
597 1928 631 1958 de
643 1940 722 1958 causa
734 1936 760 1959 et
773 1929 831 1970 ipse
845 1942 982 1971 praeoccu-

234 1983 301 2012 pans
315 1974 472 2014 compendio
486 1974 565 2003 vobis
579 1975 693 2014 exposui
715 1986 774 2014 quae
792 1977 864 2006 Oziae
878 1978 984 2007 accide-

234 2025 299 2047 runt
313 2019 401 2048 omnia
417 2032 424 2049 ε
440 2027 470 2049 ut
483 2031 546 2050 cum
569 2020 709 2050 audieritis
734 2023 901 2063 Scripturam
926 2024 982 2054 haec

235 2063 326 2094 endem
340 2073 500 2102 narrantem,
514 2077 603 2096 rerum
617 2067 714 2097 seriem
728 2079 832 2098 summo
844 2080 907 2099 cum
921 2070 980 2099 ani-

83 2122 222 2147 2‚p„ffi1,2c‚,
236 2110 273 2139 mi
287 2111 377 2141 studio
396 2113 593 2142 consectcmini.
609 2113 664 2143 Sed
687 2114 824 2144 attendite.
840 2117 867 2144 E
871 2123 880 2145 1
895 2117 979 2154 fecit,

81 2157 105 2183 ὁ·
235 2157 333 2196 inquit,
346 2159 433 2188 Ozias
444 2160 525 2200 quod
535 2166 645 2190 rectum
657 2167 699 2190 est
711 2163 742 2190 in
754 2169 907 2202 conspectu
922 2163 982 2191 Do-

1035 1744 1084 1782 τὴν
1098 1744 1258 1785 ἐπέλθωμεν.
1272 1745 1324 1775 Διὰ
1340 1745 1391 1786 γὰρ
1406 1748 1483 1776 τοῦτο
1506 1747 1550 1777 καὶ
1576 1747 1653 1782 αὐτὸς
1666 1747 1808 1788 προλαὸὼν

1035 1797 1063 1826 ἐν
1079 1799 1174 1838 βραχεῖ
1188 1797 1357 1838 διηγησάμην
1368 1800 1430 1838 ὑμῖν
1441 1798 1474 1828 τὰ
1488 1798 1676 1838 συμὸεὸηκότα
1696 1799 1784 1830 πάντα
1798 1822 1806 1838 ,

1033 1847 1068 1889 ἵν’
1091 1848 1153 1878 ὅταν
1167 1847 1280 1884 ἀκούητε
1292 1851 1339 1886 τῆς
1351 1849 1460 1890 Γραφῆς
1470 1852 1554 1879 ταῦτα
1573 1850 1791 1891 ἀπαγγελλούσης
1799 1874 1807 1888 ,

1034 1890 1249 1940 παρακολουθῆτε
1276 1901 1344 1940 μετὰ
1355 1900 1491 1941 ἂκριὸείας
1507 1902 1605 1936 αὐτοῖς.
1625 1901 1704 1932 Ἀλλὰ
1726 1914 1808 1943 προσ,-

1013 1963 1020 1969 ·
1032 1950 1117 1991 έχετε.
1131 1951 1185 1981 Καὶ
1203 1950 1312 1987 ἐποίησε
1321 1974 1329 1988 ,
1348 1951 1440 1992 φησὶν,
1456 1952 1547 1987 Ὀζίας
1560 1952 1591 1982 τὸ
1606 1952 1678 1987 εὖθὲς
1695 1953 1806 1984 ἐνώπιον

1033 2001 1141 2041 Κυρίου.
1153 2001 1279 2041 Μεγάλην
1294 2003 1374 2032 αὐτοῦ
1389 2002 1432 2032 διὰ
1442 2002 1541 2033 τούτων
1555 2004 1736 2044 ἐμαρτύρησεν
1746 2007 1807 2044 ἀρε-

1032 2047 1089 2084 τήν.
1100 2048 1142 2077 Οὐ
1153 2047 1205 2088 γὰρ
1219 2048 1250 2077 τὸ
1259 2048 1332 2082 εὐθὲς
1342 2048 1426 2078 ἐποίει
1438 2049 1532 2088 μόνον,
1550 2050 1619 2080 ἀλλὰ
1633 2050 1679 2081 καὶ
1691 2050 1804 2081 ἐνώπιον

1032 2099 1145 2139 Κυρίου,
1158 2100 1187 2128 οὖ
1201 2098 1266 2139 πρὸς
1276 2099 1399 2134 ἐπίδειξιν
1413 2100 1557 2141 ἀνθρώπων
1565 2102 1701 2143 ,καθάπερ
1712 2105 1806 2133 ἐκεῖνοι

1033 2152 1058 2181 οἱ
1069 2150 1143 2191 παρὰ
1155 2155 1210 2185 τοῖς
1223 2151 1358 2185 Ἰουδαίοις
1370 2152 1422 2192 πρὸ
1435 2154 1483 2188 τῆς
1504 2153 1684 2192 ἐλεημοσύνης
1704 2155 1805 2184 σαλπί-

235 2207 317 2235 mini.
335 2205 392 2234 Hoc
406 2205 557 2234 testimonio
570 2217 692 2245 magnam
706 2206 781 2236 illius
795 2207 921 2237 virtutem
936 2209 982 2238 de·
999 2204 1018 2227 C
1033 2203 1119 2236 ζθνῒες
1129 2223 1136 2237 a
1150 2202 1175 2231 Οἳ
1184 2202 1211 2231 ἐν
1224 2206 1283 2235 ταῖς
1295 2202 1428 2238 νηστείαις
1438 2203 1471 2232 τὰ
1485 2203 1616 2244 πρόσωπα
1627 2205 1804 2244 ἇφανίζοντεζ,

234 2250 356 2282 claravit.
372 2251 433 2280 Non
447 2251 518 2280 enim
536 2251 616 2281 modo
629 2252 690 2282 fecit
703 2253 776 2292 quod
795 2261 897 2283 rectum
912 2262 980 2294 erat,

268 2361 278 2370 ⁰
295 2356 410 2387 Quatuor
422 2355 480 2380 Mss-
492 2357 643 2389 εὖόοκιμήτας,
657 2359 749 2393 ὕστερον
757 2361 813 2391 πρὸς
824 2362 950 2392 ἁμαρτίαν.

270 2395 283 2414 d
300 2395 371 2419 Unus
383 2398 541 2421 ἀποκλείσατε.

1031 2252 1058 2284 ὀἱ
1083 2254 1130 2288 τὰς
1150 2254 1228 2294 εὖχ-ὰς
1253 2255 1279 2283 ἐν
1305 2258 1363 2288 ταῖς
1386 2255 1512 2295 ἀμφόδοις
1535 2255 1703 2296 ποιούμενοι·
1727 2251 1764 2286 ὗν
1778 2257 1804 2286 τί

1045 2367 1090 2386 τῶν
1100 2363 1277 2395 ἁμαρτημάτων
1290 2364 1404 2393 στέφανος,
1418 2360 1535 2386 Erasmus
1547 2360 1631 2387 locum
1647 2360 1763 2394 plenmn,
1774 2368 1803 2387 ut

1044 2405 1117 2430 ante,
1128 2398 1219 2431 repetit
1227 2417 1235 2430 ‚
1247 2398 1283 2424 sic
1293 2416 1299 2428 ‚
1314 2405 1371 2432 post
1387 2401 1575 2425 accusationem
1587 2405 1611 2425 et
1621 2399 1801 2434 consessionem

269 2443 280 2454 n
297 2435 359 2459 Tres
368 2434 426 2460 Mss.
440 2438 577 2469 καῖηγορίαν
589 2438 626 2460 καὶ
638 2437 760 2467 ὁμολογίῃ
772 2441 815 2462 τῶν
824 2440 913 2471 ἁμαρ-τ.
923 2443 949 2461 et
958 2438 993 2462 sic
1041 2444 1200 2472 peccatorum
1221 2438 1297 2463 danu-
1318 2447 1410 2462 corona
1420 2457 1426 2469 ,
1449 2447 1524 2471 quam
1547 2439 1779 2472 interpretationem
1793 2459 1799 2471 ,

236 2472 297 2504 legit
306 2474 432 2497 Erasmus.
447 2473 478 2497 Iu
490 2472 572 2498 Edius
589 2477 625 2499 καὶ
640 2479 681 2504 τὴν
697 2477 818 2507 ὁμολογίαν
829 2474 924 2500 deerat.
945 2477 993 2502 Ve-

237 2521 292 2536 rum
304 2511 380 2544 paulo
390 2517 456 2544 post,
470 2510 511 2536 ubi
525 2512 551 2536 in
563 2512 651 2536 Graeco
666 2512 755 2545 legitur
765 2519 828 2546 μετὰ
838 2519 879 2544 τὴν
891 2527 991 2548 κατηγο-

235 2556 288 2585 ρία,
301 2556 415 2585 πέμ-,οὓ
435 2557 459 2576 rt
478 2550 528 2576 duo
547 2552 604 2576 Mss.
619 2550 717 2577 addunt
728 2558 790 2586 pta-r).
803 2558 843 2583 τὴν
855 2560 991 2589 >exn-sopiam

1044 2478 1102 2511 quia
1114 2477 1178 2502 nihil
1191 2475 1225 2502 ad
1235 2476 1336 2503 sensum
1344 2476 1428 2507 addit,
1441 2477 1580 2511 relinquere
1588 2478 1668 2504 visum
1679 2484 1725 2504 est.
1738 2479 1803 2503 Pau-

1044 2516 1069 2541 lo
1081 2522 1139 2549 post
1151 2521 1162 2543 ‘o
1175 2519 1287 2550 Σολομῶν.
1298 2517 1356 2541 Non
1365 2526 1421 2541 raro
1432 2516 1552 2542 sii-acidis
1561 2516 1652 2543 librum
1660 2517 1802 2544 Salomonis

1048 2554 1111 2581 dicit
1123 2554 1325 2589 Chrysostomus‚
1337 2561 1365 2581 ut
1376 2556 1475 2582 monuit
1485 2555 1600 2583 Savilius.
