1890 2826
642 171 675 193 m
703 168 832 198 ιεΑιΑΜ,
861 167 938 190 ων.
971 167 1004 189 ιι.
1149 199 1152 202 ¹
1516 199 1525 209 ·
1574 149 1614 182 31

56 238 134 279 φησίν
147 250 152 256 ·
178 237 213 268 Ἢ
237 235 329 271 ἐντολὴ
364 234 463 275 Κυρίου
495 231 629 271 τηλαυγὴς
640 254 648 268 ,
675 229 823 271 φωτίζουσα

55 283 204 324 ὀφθαλμούς
213 294 221 302 ·
242 282 303 318 καὶ,
317 280 420 322 Λύχνος
436 283 490 312 τοῖς
503 277 566 308 ποσί
581 289 631 317 μου
650 279 664 306 ὁ
678 276 755 315 νόμος
768 287 824 309 σου,

54 329 100 359 καὶ
119 331 175 370 φῶς
193 333 251 362 ταῖς
269 326 368 368 τρίὸοις
391 337 450 365 μου.
476 324 528 354 Καὶ
544 325 682 363 πανταχοῦ
696 321 765 351 οὕτω
780 320 824 350 τὸν

54 374 134 414 νόμον
147 373 308 413 καλούμενον
321 371 423 402 κατίδοι
441 382 481 404 τις
495 370 536 399 ἄν.
550 368 631 399 Οὕτω
652 367 698 398 καὶ
718 365 825 399 Παῢλός

55 432 137 461 φησι·
161 419 295 452 Πέποιθάς
312 430 342 447 τε
363 417 471 447 σεαυτὸν
493 414 587 455 ὁδηγὸν
611 409 678 443 εἶναι
702 414 825 453 τυφλῶν,

55 467 110 506 φῢς
121 468 174 495 τῶν
189 467 216 495 ἐν
228 464 334 500 σκότει,
352 462 495 499 παιδευτὴν
510 460 638 502 ἀφρόνων.
657 460 698 490 Οὖ
712 458 764 498 γὰρ
780 457 825 487 οὔ·

54 523 106 546 τως
121 514 148 541 αἱ
170 514 216 542 τοῦ
239 510 315 547 ἡλίου
337 511 440 543 ἀκτῖνες
461 510 668 549 χειραγωγοῦσιν
683 506 760 544 ἡμῶν
780 507 826 534 τοῦ

57 558 178 598 σώματος
196 556 256 590 τοὺς
274 555 439 596 ὀφθαλμοὺς,
455 557 491 588 ὥς
509 556 536 583 αἱ
556 556 602 583 τοῦ
623 551 704 588 νόμου
723 550 826 580 ἐντολαὶ

55 603 248 643 καταυγάζουσι
258 602 293 632 τὰ
305 603 354 637 τῆς
366 603 453 642 ψυχῆς
463 600 583 639 ὄμματα.

95 649 204 683 Δεικνὺς
221 648 307 681 τοίνυν
319 650 334 677 ὁ
347 647 502 688 προφήτης,
516 645 558 675 ὅτι
571 645 616 675 καὶ
629 644 681 683 πρὸ
695 645 743 680 τ’ἠς
756 645 827 673 ἄντι-

56 695 165 731 δόσεως,
178 695 224 725 καὶ
240 694 359 734 πρὸ’τῆς
376 693 505 732 ἄμοιὸἢς,
521 693 548 721 ἐν
563 693 635 731 αὐτῷ
655 692 693 730 τῷ
711 691 827 730 πληροῦ-

56 744 118 771 σθαι
129 741 178 778 τὴν
190 740 306 780 ἀμοιὸὴν
318 740 483 779 παρέχωσιν,
501 741 565 777 ἡμῖν
585 738 613 767 αῖ
627 736 747 773 ἐντολαὶ,
773 737 828 775 φῶς

57 787 138 821 αὑτὰς
150 786 286 817 ἐκάλεσεν.
303 785 408 826 Ὥσπερ
421 784 473 825 γὰρ
493 782 626 824 ὀφθαλμὸς
649 784 676 812 ἐν
700 783 771 822 ata-‹3⁴›
789 782 828 821 τῷ

57 833 214 874 φωτίζεσθαι
226 832 374 873 κερδαίνει,
397 833 466 861 οὕτω
483 831 529 861 καὶ
550 830 623 871 ψυχὴ
646 830 674 858 ἐν
696 830 766 869 αὐτῷ
790 830 828 868 τῷ

56 879 192 909 πείθεσθαι
211 880 249 918 τιῖ)
269 878 343 919 νόμῳ
364 878 398 907 τὰ
421 877 535 917 μέγιστα
554 877 722 916 καρποῦται,
745 876 826 904 ἐκκα-

57 924 198 965 θαιρομένη
218 924 264 954 καὶ
276 924 373 957 κακίας
386 922 609 962 ἀπαλλαττομένη
620 942 629 957 ,
643 921 688 951 καὶ
702 921 768 961 πρὸς
781 921 828 949 αὖ·

55 970 104 1006 τὴν
119 970 240 999 ἅναὸᾶσα
258 969 307 1005 τὴν
322 969 418 1009 ἀρετήν
428 981 434 988 ·
450 968 541 1008 ὥσπερ
565 964 610 997 οὖν
631 966 782 996 τούναντίον
804 967 829 995 οἱ

57 1015 262 1056 παραόαίνοντες
285 1015 330 1045 καὶ
350 1015 403 1055 πρὸ
427 1016 474 1050 τῆς
495 1014 628 1046 κολάσεως
652 1014 680 1042 ἐν
698 1013 769 1051 αὐτῷ
791 1012 829 1050 τῷ

59 1061 231 1102 παραὸαίνειν
246 1060 321 1097 δίκην
336 1061 450 1096 διδόασι,
465 1062 517 1089 τῶν
529 1061 556 1088 ἐν
572 1059 661 1089 σκότει
674 1057 829 1096 καθημένων

58 1107 216 1146 ἀθλιώτερον
231 1106 391 1145 διακείμενοι
400 1129 408 1143 ,
421 1106 503 1145 <paeon
516 1105 563 1134 καὶ
576 1105 674 1144 τρόμου
689 1103 734 1134 καὶ
746 1114 829 1138 πονη-

22 1152 26 1158 ’
60 1154 105 1192 ροῦ
118 1151 244 1192 γέμοντες
257 1151 403 1185 συνειδότος
412 1173 420 1186 ,
433 1151 479 1180 καὶ
493 1152 520 1180 ἐν
535 1150 690 1190 μεσημῧρίᾳ
704 1149 772 1188 μέσῃ
788 1150 829 1178 δε-

60 1198 174 1231 δοικότες
197 1197 242 1227 καὶ
263 1197 403 1237 τρέμοντες
422 1197 558 1232 ἅπαντας,
579 1195 639 1229 τοὺς
663 1194 810 1227 συνειδότας
822 1215 831 1229 ,

60 1244 121 1277 τοὺς
139 1243 214 1273 οὐδὲν
235 1242 396 1276 συνειδότας.
412 1243 505 1278 Ἀνῆκε
520 1241 572 1282 γὰρ
592 1241 636 1270 τὸν
650 1241 714 1270 λαὸν
733 1242 812 1270 αὐτοῦ
823 1262 831 1276 ,

61 1289 107 1319 τὸν
118 1284 189 1318 οἶκον
199 1291 246 1318 τοῦ
259 1288 358 1318 Ἰακώὸ
371 1300 378 1306 ·
392 1289 536 1324 τουτέστιν,
551 1287 649 1323 εἴασεν,
661 1288 762 1327 ἀφῆκε,
776 1298 831 1316 πα-

61 1335 129 1374 ρεῖδε
137 1356 146 1370 ,
158 1336 206 1370 τῆς
220 1335 299 1364 αὐτοῦ
310 1334 433 1374 προνοίας
447 1334 607 1373 ἐγύμνωσεν.
622 1328 692 1362 Εἶτα
703 1332 830 1373 φοὸήσας,

59 1381 132 1421 λέγει
148 1380 194 1410 καὶ
210 1379 259 1416 τὴν
273 1379 371 1417 αἰτίαν,
385 1380 455 1410 ὥστε
472 1379 565 1414 αὐτοὺς
580 1380 720 1419 διορθῶσαι
733 1378 768 1408 τὰ
783 1391 831 1418 γε-

61 1426 201 1466 γενημένα.
215 1426 266 1460 Τίς
279 1422 323 1455 οὖν
338 1427 409 1456 ἐστιν
430 1428 448 1462 ἡ
469 1426 558 1460 αἰτία;
572 1425 636 1455 ’Ὀϊι
651 1425 798 1461 ἐνεπλήσθη
814 1426 831 1460 ἡ

61 1473 137 1512 χώρα
159 1473 245 1502 αὐτῶν
267 1472 464 1511 κλῃδονισμῶν,
489 1473 525 1505 ὡς
550 1474 566 1507 ἡ
593 1473 645 1500 τῶν
670 1470 832 1510 ἀλλοφύλων.

61 1518 233 1558 Ἐμπροσθεν
261 1517 309 1556 μὲν
333 1517 384 1557 γὰρ
398 1517 546 1552 καπηλείαν
566 1518 654 1550 αὐτοῖς
675 1515 720 1546 καὶ
741 1517 833 1556 φιλαρ-

62 1564 155 1604 γυρίαν
168 1563 214 1593 καὶ
233 1566 286 1593 τῶν
307 1564 398 1603 χηρῶν
415 1562 559 1603 ὑπεροψίαν
573 1562 691 1592 ἐνεκάλει
701 1573 709 1579 ·
722 1563 835 1591 ἐνταῦθα

63 1609 91 1639 δὲ
105 1609 150 1639 καὶ
165 1609 285 1648 δόγματα
299 1607 416 1648 πονηρὰ,
429 1608 475 1648 καὶ
489 1608 611 1641 ἀσεὸείας
624 1607 753 1647 λείψανα,
767 1606 835 1636 κατὰ

62 1655 158 1695 μικρὸν
181 1654 275 1688 αὐτοὺς
296 1652 461 1694 ὓποσῦροντα
478 1655 543 1694 πρὸς
561 1654 610 1690 τὴν
630 1655 683 1683 τῶν
706 1653 836 1692 δαιμόνων

63 1701 176 1737 πλάνην.
188 1695 256 1730 Εἶτα
267 1700 469 1738 καθικνούμενος
480 1701 577 1736 αὐτῶν,
587 1701 635 1730 οὐκ
645 1695 718 1729 εἶπεν
728 1698 768 1728 ὅτι
777 1700 838 1734 κλη-

63 1747 208 1780 δονίζονται
226 1746 334 1781 ἁπλῶς,
350 1746 408 1775 ἀλλ’
424 1746 465 1774 ὅτι
478 1745 647 1780 Ἐνεπλήσθη
662 1747 679 1780 ἡ
693 1744 770 1784 χώρα
788 1744 837 1772 αὐ-

64 1794 126 1822 τῶν.
147 1791 224 1822 Μετὰ
237 1792 338 1826 πολλῆς
352 1790 501 1830 ὑπερὸολῆς
520 1792 538 1826 ἡ
556 1790 638 1819 κακία
658 1791 743 1819 αὐτῶν
757 1789 837 1818 πάλιν

65 1837 174 1874 ηὔξετο,
199 1836 286 1878 φησίν.
298 1835 405 1875 σΩστι-ερ
429 1836 553 1876 ἀνωτέρω
572 1835 661 1874 ἔλεγε,
685 1835 755 1869 Λαὸς
766 1857 774 1871 ,
789 1836 839 1874 οὐχ

66 1885 157 1917 ἁπλῶς
175 1881 347 1923 ἁμαρτωλὸς,
369 1881 456 1917 ἀλλὰ,
470 1881 581 1921 Πλήρης
603 1883 749 1922 ἁμαρτιῶν,
769 1880 838 1910 οὕτω

66 1930 112 1960 καὶ
123 1931 252 1964 ἐνταῦθα,
268 1927 445 1964 Ἔνεπλήσθη.
466 1923 534 1957 Ε’ἷτα
557 1927 638 1957 πάλιν
659 1926 795 1957 ἐπιτείνων
809 1925 839 1956 τὸ

66 1976 162 2009 ὄνειδος
174 1974 346 2015 προσέθηκεν,
362 1973 409 2007 Ὡς
430 1973 461 2003 τὸ
474 1974 521 2003 ἀπ’
541 1974 635 2013 ἀρχῆς.
659 1972 715 2003 Ἀπ’
738 1975 838 2013 ἀρχῆς,

66 2021 131 2051 πάι-ε
143 2034 151 2058 ;
166 2021 233 2051 Ὅτε
245 2020 315 2051 Θεὸν
329 2022 377 2050 οὐκ
397 2019 564 2059 ἐγνώκεισαν,
584 2018 627 2048 ὅτε
641 2018 719 2058 νόμον
739 2021 786 2048 οὐκ
800 2021 839 2048 εἰ-

67 2067 204 2108 λήφεισαν,
219 2066 262 2096 ὅτε
276 2067 324 2101 τῆς
340 2064 489 2105 εὐεργεσίας
503 2066 582 2094 αὐτοῦ
596 2068 690 2105 πεῖραν
705 2064 840 2104 εἰληφότες

68 2114 116 2142 οὐκ
139 2109 217 2149 ἦσαν,
242 2112 284 2141 ὅτε
309 2111 378 2151 μετὰ
392 2108 445 2140 τῶν
459 2111 538 2139 ἐθνῶν
553 2110 626 2147 ἔζων,
640 2110 704 2151 ὅπερ
724 2111 839 2151 ἐσχάτης

69 2158 258 2198 καταγνώσεως
270 2154 313 2194 ἦν,
326 2156 408 2196 μηδὲν
423 2156 528 2195 ἄμεινον
543 2156 689 2186 διακεῖσθαι
701 2158 756 2192 νῦν,
771 2155 839 2195 μετὰ

69 2205 118 2241 τὴν
131 2204 260 2240 τοσαύτην
272 2203 396 2244 πρόνοιάν
409 2215 438 2232 τε
451 2203 496 2232 καὶ
510 2203 673 2242 ἐπιμέλειαν,
687 2204 739 2232 τῶν
756 2203 839 2242 μηδε-

70 2252 112 2284 νὸς
129 2250 227 2280 τούτων
242 2249 468 2280 ἀπολελαυκότων.
485 2250 538 2279 Καὶ
557 2249 615 2278 οὐδὲ
630 2251 742 2279 ἐνταῦθα
756 2249 819 2285 ἔστη
831 2273 839 2286 ,

72 2296 140 2327 ἀλλὰ
161 2297 353 2333 καταπλήττων
372 2296 464 2330 αὐτοὺς
479 2296 559 2325 πάλιν
574 2295 758 2336 προστέθεικεν
771 2308 778 2314 ·
793 2295 840 2329 Ὡς

70 2346 88 2379 ἡ
110 2345 162 2373 τῶν
178 2342 330 2383 ἀλλοφύλων
341 2354 347 2361 ·
369 2345 402 2383 τῇ
421 2342 556 2382 συγκρίσει
575 2344 620 2371 τοῦ
636 2341 778 2382 προσώπου
792 2342 840 2378 τὴν

71 2389 231 2428 κατηγορίαν
245 2388 433 2428 χαλεπωτέραν
447 2390 538 2418 ποιῶν.
554 2387 591 2417 ⁶0
603 2387 647 2416 καὶ
662 2388 768 2422 Παῦλος
782 2388 841 2418 εἴω-

73 2438 116 2465 θεν
142 2434 297 2475 ἐργάζεσθαι
320 2435 436 2474 συνεχῶς
447 2446 453 2452 ·
475 2436 510 2467 ὡς
533 2434 596 2464 ὅταν
617 2433 682 2473 λέγῃ
695 2445 701 2452 ·
724 2434 792 2474 Περὶ
815 2434 842 2464 δὲ

72 2484 126 2511 τῶν
139 2480 338 2519 κεκοιμημένων
359 2481 388 2509 οὐ
409 2479 477 2509 θέλω
496 2481 565 2518 ὑμᾶς
587 2480 700 2518 ἀγνοεῖν,
717 2480 842 2520 ἀδελφοὶ,

73 2527 115 2556 ἵνα
138 2527 175 2566 μὴ
199 2528 318 2561 λυπῆσθε
327 2548 335 2561 ,
357 2527 393 2559 ὥς
417 2525 461 2555 καὶ
484 2527 508 2555 οἱ
531 2525 618 2555 λοιποὶ
638 2526 662 2554 οἱ
683 2525 719 2564 μὴ
741 2525 844 2566 ἔχοντες

76 2578 167 2606 ἐλπίδα
181 2590 185 2595 ·
199 2577 243 2606 καὶ
255 2577 335 2606 πάλιν
348 2588 352 2593 ·
366 2575 471 2606 Εἷδέναι
485 2575 594 2606 ἕκαστον
607 2576 636 2605 τὸ
650 2578 742 2606 ἑαυτοῦ
754 2580 844 2610 σκεῦος

877 229 979 257 ducem
999 237 1149 264 coecorum,
1161 226 1259 256 lurnen
1279 235 1375 255 eorum
1389 226 1438 264 qni
1452 224 1619 253 intenebris

842 283 860 305 B
878 279 957 310 sunt,
979 274 1152 302 eruditorem
1177 272 1385 312 insipientium.
1408 271 1469 300 Non
1491 269 1562 298 enim
1582 269 1616 298 ita

877 319 975 349 solares
990 318 1060 348 radii
1078 329 1219 358 corporeos
1230 324 1334 347 nostros
1351 316 1443 346 oculos
1466 321 1571 355 regunt,
1588 321 1617 343 ut

879 373 1009 407 praecepta
1022 365 1087 406 legis
1100 366 1195 396 animae
1207 365 1301 396 oculos
1311 363 1456 393 illustrant.

921 642 951 670 6.
974 639 1107 679 Propheta
1118 639 1201 679 igitur
1213 637 1240 667 ut
1254 635 1374 667 ostendat
1387 637 1467 666 etiam
1481 642 1541 664 ante
1558 646 1627 675 prae<

880 686 978 721 mium,
991 693 1018 715 et
1032 692 1092 714 ante
1105 684 1266 721 mercedem,
1280 690 1419 724 praecepta,
1431 682 1497 712 dum
1510 682 1623 722 implen-

880 740 936 766 tur,
951 743 1027 762 suam
1040 732 1134 761 afferre
1147 730 1306 767 mercedem,
1321 730 1412 759 lumen
1426 730 1483 770 ipsa
1504 727 1620 759 vocavit.

881 779 1117 818 Quemadmodum
1138 779 1211 808 enim
1230 778 1336 815 oculus,
1351 778 1416 808 dum
1443 777 1622 811 illuminatur,

881 826 988 856 lucrum
1002 826 1082 856 refert
1095 836 1101 852 :
1114 825 1192 855 sic-et
1204 825 1372 862 anima‚cum
1383 824 1435 863 legi
1447 824 1622 863 obtemperat,

847 877 865 900 C
882 873 1031 902 maximum
1040 872 1158 901 fructum
1171 871 1279 911 accipit,
1292 877 1440 910 expurgata
1457 877 1483 899 et
1497 881 1512 899 a
1526 872 1623 910 nequi-

881 919 919 948 tia
927 919 1050 956 liberata,
1057 926 1082 948 et
1090 918 1124 948 ad
1134 918 1220 958 ipsam
1228 916 1371 946 ascendens
1378 916 1506 946 virtutem
1518 929 1524 945 :
1534 928 1624 955 quem-

881 965 1029 995 admodum
1042 976 1057 995 e
1068 965 1201 994 contrario
1214 964 1430 1004 praevaricatores
1442 969 1502 992 ante
1515 963 1623 1003 suppli-

883 1012 955 1042 cium
966 1012 993 1041 in
1008 1011 1064 1051 ipsa
1074 1010 1281 1050 transgressione
1289 1019 1380 1049 poenas
1393 1008 1623 1046 dant,miseriorc-

883 1068 935 1097 que
945 1057 1098 1087 conditione
1108 1063 1261 1094 sunt,quam
1272 1055 1292 1084 ii
1304 1055 1351 1094 qui
1358 1054 1448 1084 sedent
1455 1054 1482 1084 in
1494 1055 1622 1091 tenebris,

883 1105 989 1140 timore,
1012 1110 1127 1132 tremore
1146 1108 1178 1135 et,
1190 1101 1262 1131 mala
1282 1100 1384 1130 onerati
1403 1101 1573 1136 conscientia,
1597 1101 1625 1131 in

883 1149 996 1179 meridie
1008 1148 1088 1178 etiam
1100 1148 1135 1177 ab
1145 1147 1270 1177 omnibus
1281 1153 1427 1178 metuentes
1435 1154 1461 1176 et
1472 1154 1624 1185 trementes,

885 1195 942 1226 sive
954 1195 1067 1225 consciis
1078 1194 1142 1231 sibi,
1151 1194 1208 1223 sive
1219 1204 1271 1223 non
1282 1193 1405 1223 consciis.
1415 1194 1535 1223 Dimisit
1548 1196 1626 1224 enim

883 1242 1020 1281 populum
1034 1251 1134 1276 suum,
1154 1241 1272 1269 domum
1289 1241 1401 1276 Jacob,
1423 1240 1452 1269 id
1471 1247 1527 1278 est,
1551 1242 1626 1278 sivit,

883 1287 998 1325 dimisit,
1011 1286 1162 1321 contemsit,
1178 1296 1279 1325 suaque
1298 1286 1468 1326 providentia
1487 1287 1625 1327 spoliavit.

884 1333 987 1363 Deinde
995 1333 1027 1363 iis
1036 1332 1240 1373 perterrefactis,
1250 1343 1358 1362 causam
1368 1332 1455 1369 affert,
1462 1339 1491 1362 ut
1501 1333 1543 1362 illi
1556 1341 1627 1372 gesta

850 1385 869 1408 D
885 1390 932 1409 sua
941 1379 1161 1416 emendentQuoe
1169 1378 1252 1418 igitur
1261 1389 1339 1408 eausa
1347 1385 1386 1407 est
1393 1379 1407 1407 Ξ)
1421 1379 1497 1417 Quia
1508 1380 1626 1419 impleta

885 1432 927 1456 esi
942 1433 1020 1456 terra
1039 1435 1137 1455 eorum
1152 1426 1292 1464 auguriis,
1306 1431 1337 1454 ut
1358 1431 1436 1454 ter-m
1449 1426 1628 1466 alienigena·

887 1483 960 1502 rum.
971 1473 1051 1502 Prius
1074 1471 1136 1500 illos
1149 1470 1184 1500 de
1199 1470 1371 1510 cauponaria‚
1385 1470 1420 1499 de
1430 1471 1542 1500 avaritia
1557 1479 1582 1502 et
1594 1471 1628 1500 de

886 1519 1029 1549 viduarum
1043 1523 1178 1547 contemtu
1191 1517 1331 1547 accusabat
1347 1529 1354 1546 ε
1370 1516 1416 1546 hie
1430 1528 1493 1547 vero
1503 1517 1569 1558 ipsis
1582 1529 1630 1548 ex·-

886 1565 998 1605 probrat
1017 1574 1100 1605 prava
1121 1563 1256 1603 dogmata,
1278 1570 1304 1592 et
1326 1563 1471 1603 impietatis
1491 1564 1628 1603 reliquias,

887 1621 946 1650 quae
957 1610 1087 1651 paulatim
1098 1610 1169 1649 ipsos
1178 1609 1212 1638 ad
1220 1609 1372 1639 daemonum
1378 1619 1518 1639 erroneum
1527 1611 1631 1639 cultum

888 1657 1088 1698 pertrahebant.
1098 1658 1167 1686 Mox
1180 1655 1242 1684 illos
1255 1656 1398 1692 incessens,
1407 1666 1460 1684 non
1474 1655 1554 1685 modo
1565 1655 1631 1685 dicit

887 1714 932 1732 eos
943 1702 1062 1742 auguriis
1074 1699 1182 1742 operam
1190 1701 1267 1739 dare,
1277 1701 1325 1731 sed
1336 1701 1465 1741 repletam
1474 1701 1508 1730 iis
1518 1712 1573 1731 esse
1582 1708 1632 1731 ter-
1643 1714 1700 1736 lsai.
1719 1719 1737 1735 ,,
1747 1714 1770 1742 4,

889 1758 946 1777 ram
959 1758 1066 1777 eorum.
1078 1748 1168 1786 Supra
1178 1746 1300 1783 modum,
1309 1746 1408 1785 inquit,
1417 1746 1531 1776 accrevit
1541 1747 1633 1785 nequi—

889 1793 926 1822 tia
939 1803 1043 1823 eornm.
1060 1791 1294 1830 Quemadmodum
1315 1802 1396 1832 supra
1416 1791 1532 1829 dicebat,
1547 1803 1633 1832 popu-

855 1842 875 1866 Ε
890 1840 958 1877 lum,
972 1850 1024 1869 non
1039 1846 1184 1878 utcumque
1195 1845 1370 1879 peccatorem,
1385 1837 1433 1868 sed
1445 1838 1556 1878 plenum
1571 1849 1633 1879 pec-

889 1886 955 1916 catis
966 1898 973 1921 ;
985 1886 1023 1915 sic
1034 1893 1059 1915 et
1073 1886 1125 1915 hoe
1138 1886 1208 1921 loeo,
1218 1885 1340 1925 Repleta
1354 1891 1405 1914 est.
1420 1884 1527 1914 Exinde
1540 1895 1635 1914 rursus

890 1932 1020 1972 probrum
1044 1931 1212 1971 amplificans
1226 1929 1343 1966 addidit,
1354 1930 1434 1960 Sicut
1447 1941 1466 1959 a
1477 1932 1631 1970 principio.

891 1977 924 2007 A
931 1979 1088 2018 principio,
1097 1977 1268 2017 quandonam
1276 1976 1410 2014 ?Quand0
1418 1978 1505 2006 Deum
1514 1977 1633 2007 nondum

891 2030 1044 2061 noverant„
1062 2023 1170 2062 quando
1194 2023 1280 2062 legem
1307 2022 1427 2052 nondum
1461 2030 1633 2064 acceperant,

891 2070 998 2109 quando
1016 2070 1207 2100 beneficiorum
1223 2069 1282 2108 ejus
1300 2069 1492 2109 experientiam
1514 2069 1636 2098 nondum

891 2115 1036 2152 habebant,
1057 2115 1165 2154 quando
1186 2125 1250 2144 cum
1271 2114 1394 2153 gentibus
1411 2114 1547 2150 vivebant,
1562 2114 1635 2153 quod

893 2168 1019 2192 extremae
1036 2160 1216 2191 damnationis
1229 2166 1295 2196 erat,
1313 2160 1384 2198 quod
1400 2171 1451 2194 non
1462 2160 1560 2189 melius
1573 2167 1636 2189 tunc

893 2218 921 2238 se
934 2207 1072 2245 habereut,
1087 2214 1147 2247 post
1169 2213 1268 2235 tantam
1288 2205 1485 2246 providentiam
1497 2213 1524 2235 et
1537 2213 1637 2235 tantam

857 2276 881 2295 2⁷
895 2253 1115 2290 sollicitudinem,
1126 2263 1207 2292 quam
1217 2252 1233 2281 ii
1243 2252 1288 2291 qui
1302 2252 1371 2280 nihil
1380 2263 1472 2281 eorum
1481 2251 1637 2290 consequuti

859 2304 879 2326 Α
894 2307 978 2330 erant.
994 2299 1048 2330 Sed
1059 2309 1111 2329 non
1126 2299 1171 2328 hic
1181 2298 1260 2333 stetit,
1272 2308 1369 2327 verum
1377 2297 1465 2327 denuo
1487 2297 1639 2338 perterrefa-

895 2346 967 2376 ciens
991 2356 1036 2375 eos
1056 2344 1152 2385 adjecit
1167 2355 1173 2372 ι
1192 2344 1283 2382 Quasi
1293 2350 1370 2372 terra
1381 2344 1613 2383 alienigenarum
1630 2354 1636 2369 :

894 2392 946 2421 hac
956 2390 1153 2431 comparatione
1166 2389 1314 2429 graviorem
1325 2389 1516 2419 accusationem
1530 2399 1635 2429 parans.

895 2439 978 2475 Quod
987 2445 1014 2467 et
1023 2437 1123 2466 Paulus
1133 2436 1284 2474 frequenter
1292 2435 1378 2464 facere
1389 2435 1454 2464 solet
1463 2446 1470 2468 ;
1480 2440 1508 2463 ut
1519 2441 1544 2463 et
1554 2445 1638 2474 quan-

897 2484 932 2513 do
940 2483 1020 2512 dicit:
1030 2483 1077 2512 De
1088 2482 1297 2511 dormientibus
1306 2487 1403 2509 autem
1414 2480 1483 2508 nolo
1493 2490 1546 2509 vos
1558 2482 1638 2520 igno·
1651 2476 1754 2514 i.Tln·ss.
1766 2493 1790 2521 4,

900 2540 975 2566 rare,
993 2530 1119 2569 ¹fratres,
1140 2533 1171 2556 ιιι
1192 2537 1250 2555 ηοη
1278 2527 1495 2561 contristemini,
1523 2527 1597 2556 sicut
1610 2534 1638 2556 et
1653 2529 1686 2545 ⁹²·

902 2577 996 2606 coeteri
1016 2576 1067 2614 qui
1088 2584 1163 2612 spem
1183 2583 1240 2601 non
1265 2572 1371 2600 habent
1381 2579 1435 2606 ,·'ac
1451 2582 1558 2601 rursum
1575 2583 1582 2599 .·
1603 2573 1640 2603 Ut
1653 2579 1703 2601 Ilm!
1721 2589 1740 2601 v.
1754 2579 1763 2596 s

1753 2590 1764 2610 ⁴
