1890 2826
596 203 754 226 SYNoPsts
780 202 914 225 SCRlPTU
920 202 968 224 1³AE
994 203 1104 226 SACRAE
1111 218 1117 225 .

89 267 170 295 θοῦσα
192 266 229 298 εἷς
242 264 418 304 Ἰερουσαλὴμ
441 263 550 300 ἀνέθηκε
571 263 659 293 πάντα
682 266 720 303 τῷ
745 263 851 303 Κυρίω,

88 310 134 340 καὶ
149 309 329 351 ἐπιστρέψασα
340 311 377 344 εἰς
387 309 431 339 τὸν
442 305 512 339 οἷκον
525 310 606 344 αὐτῆς
617 331 624 345 ,
642 308 691 344 τὴν
706 308 787 344 αὐτὴν
800 320 812 337 ε
823 319 855 347 χε

89 357 211 392 ἄσκησιν,
225 356 270 386 καὶ
292 356 419 396 διέμεινεν
439 355 488 390 ἕως
509 355 620 385 θανάτου
644 354 730 395 χήρα,
746 354 856 393 μηδενὸς

90 402 171 438 αὐτὴν
185 402 320 442 ἰσχύοντος
339 407 431 432 πεῖσαι
444 402 509 442 πρὸς
530 401 615 441 γάμον
629 402 722 430 ἐλθεῖν.
735 400 858 430 Ἀπέθανε

90 447 118 478 δὲ
133 448 238 484 ζήσασα
258 450 346 482 καλῶς
359 450 386 478 ἐν
406 451 440 488 τῇ
453 447 551 488 χηρείαΙ
562 448 642 482 αὐτῆς
656 448 721 476 ἐτῶν
743 446 790 486 ρε’.
805 445 859 475 Καὶ

90 495 118 523 ἐν
133 494 235 527 τούτοις
248 494 323 528 τέλος
333 494 389 534 ἔχει
401 494 432 524 τὸ
446 493 558 533 βιὸλίον.

388 598 431 618 ΙΩΒ
449 598 554 618 utBAloN
558 610 564 616 .

129 680 140 693 ““
150 677 212 707 Ἰὼὸ
224 678 344 707 καλεῖται
355 677 385 707 τὸ
401 676 514 716 βιὸλίον,
525 676 617 712 ἐπειδὴ
640 676 689 712 τὴν
703 677 762 705 κατ’
783 675 860 704 αὐτὸν
876 684 896 707 ι)

90 722 207 763 ἱστορίαν
223 722 359 763 περιέχει,
374 725 430 756 πῶς
451 735 481 752 τε
503 722 618 752 πέπονθε
628 720 790 777 ηπειρασθεὶς
810 720 862 749 ὑπὸ

90 771 136 798 τοῦ
150 768 288 804 διαὸόλου,
299 769 345 799 και
355 769 464 805 νικήσας
476 768 555 799 αὐτον
568 770 595 798 ἐν
610 770 648 808 τῷ
662 770 801 807 ὑπομεῖναι
815 769 861 796 εὖ-

91 815 174 848 σεὸῶς
190 814 237 848 τὰς
260 815 443 855 ἐπενεχθείσας
471 816 543 855 αὐτῷ
567 813 687 853 πληγάς·
710 825 757 842 και
782 813 864 842 διπλᾶ

90 861 178 889 πάντα
195 861 328 897 ἄπέλαὸε,
343 861 388 891 καὶ
401 861 505 919 γέγονεν
526 859 687 899 ἐνδοξότερος
701 858 767 898 ὑπὲρ
789 857 803 887 ὃ
819 861 862 894 ἠν.

90 907 211 937 Πέπονθε
221 908 249 937 δὲ
266 909 331 937 ἐτῶν
345 907 381 936 ὢν
393 907 423 937 o'.
431 907 562 943 ,ἐπέζησε
573 906 602 936 δὲ
616 905 684 945 μετὰ
697 905 744 939 τὰς
757 904 864 944 πληγὰς

91 953 137 990 ἔτη
151 953 197 993 ρο’.
206 976 215 990 ,
228 955 264 987 ὡς
276 949 342 983 εἶναι
354 953 388 983 τὰ
402 954 489 983 πάντα
508 956 556 990 τῆς
574 954 642 988 ζωῆς
655 954 734 981 αὐτοῦ
749 951 794 987 ἔτη
808 952 855 991 σμ’
857 971 864 977 -

91 999 186 1038 Γέγονε
213 998 242 1028 δὲ
253 997 317 1028 ’1ὼὸ
336 999 388 1039 πρὸ
415 999 568 1033 Μωῦσέως·
594 1001 647 1030 ἀπὸ
669 1001 720 1040 γὰρ
747 999 867 1039 Ἀὅραὰμ

90 1044 211 1083 πέμπτος
230 1040 272 1081 ἦν,
295 1044 398 1084 ἔγγονος
412 1045 509 1075 Ἡσαῦ.
523 1047 576 1075 Διὰ
599 1046 627 1076 δὲ
649 1045 698 1081 τὴν
722 1045 866 1085 γενομένην

90 1092 149 1120 κατ’
165 1093 244 1120 αὐτοῦ
257 1091 363 1130 πληγὴν
378 1087 456 1127 ἦλθον
478 1091 545 1131 πρὸς
559 1092 637 1121 αὐτὸν
655 1091 727 1132 φίλοι
742 1103 866 1131 παρακα-

1579 195 1600 238 4
1608 207 1651 242 29

906 273 958 300 qne
971 273 1086 300 reversa,
1100 264 1126 293 in
1140 264 1232 293 eodem
1244 265 1350 305 pietatis
1362 265 1488 294 exercitio
1499 276 1652 305 persevera·

905 308 956 343 vit,
969 319 1000 338 ac
1012 308 1095 339 vidua
1115 310 1149 339 ad
1163 317 1274 339 mortem
1289 321 1373 350 usque
1386 310 1483 340 mansit
1495 322 1501 340 :
1520 321 1650 349 nemoque

908 353 950 383 illi
973 355 1080 394 nuptias
1102 356 1262 395 persuadere
1287 357 1383 396 potuit.
1398 358 1507 386 Mortua
1534 364 1572 386 est
1595 368 1650 385 au-

909 407 972 435 tem,
982 408 1131 441 postquam⁴
1139 402 1165 431 in
1176 402 1307 432 viduitate
1315 403 1424 432 honeste
1434 402 1557 439 vixisset,
1570 413 1652 431 annos

909 456 1014 475 emensa
1027 454 1135 476 eentum
1153 455 1179 477 et
1193 448 1320 487 quinque.
1334 449 1370 478 Et
1388 448 1414 477 in
1432 448 1488 478 haec
1501 447 1600 477 desinit
1617 448 1651 476 li-

911 491 968 520 ber.

1198 596 1280 614 LlBER
1303 596 1362 615 ³013.

950 675 1004 706 Job
1015 675 1160 716 inscriptus
1173 683 1213 705 est
1222 676 1268 706 hic
1279 677 1359 714 liber,
1372 677 1435 716 quia
1446 678 1506 716 ejus
1515 677 1655 707 historiam

911 721 1113 760 complectitur,
1126 732 1221 762 nempe
1234 733 1294 761 quae
1305 733 1448 762 perpessus
1467 723 1501 752 sit
1515 730 1629 752 tentatus
1641 734 1655 752 a

912 767 1032 804 diabolo,
1044 775 1070 797 et
1083 768 1218 807 quomodo
1229 768 1338 805 vicerit,
1353 769 1494 808 illatasque
1506 769 1598 809 plagas
1613 769 1658 809 pie

912 814 1076 852 toleraverit,
1088 814 1249 853 demumque
1271 815 1361 844 omnia
1382 814 1503 855 duplicia
1517 816 1656 855 receperit,

914 860 1111 900 illustriorque,
1121 872 1202 900 quam
1213 868 1300 898 antea,
1311 861 1396 890 factus
1406 862 1450 891 sit.
1462 863 1558 891 Passus
1569 869 1658 891 autem

913 914 964 944 cst,
977 918 1038 937 cum
1061 914 1128 936 esset
1151 918 1282 936 annorum
1305 907 1490 947 septuaginta,
1503 908 1572 937 vixit
1595 919 1658 938 vero

915 959 975 993 post
995 953 1088 993 plagas
1107 952 1184 982 annis
1205 959 1311 982 centum
1330 959 1356 982 et
1380 953 1557 992 septuaginta,
1573 953 1609 983 ita
1630 961 1659 983 ut

914 1009 1005 1028 omnes
1026 999 1088 1029 vitae
1112 1000 1170 1039 ejus
1191 1000 1254 1029 anni
1277 999 1330 1028 sint
1346 999 1455 1029 ducenti
1470 1000 1658 1040 quadraginta.

914 1043 977 1072 Fuit
988 1050 1076 1072 autem
1098 1044 1151 1073 Job
1162 1051 1222 1073 ante
1236 1046 1377 1083 Moysem;
1392 1051 1449 1073 erat
1462 1044 1534 1074 enim
1550 1045 1660 1083 quintus

918 1088 952 1117 ab
967 1088 1120 1118 Abrahamo
1133 1100 1167 1118 ex
1180 1091 1294 1129 posteris
1308 1090 1391 1119 Esaii.
1406 1090 1450 1120 Ob
1461 1090 1602 1130 plagarum
1616 1102 1660 1121 ea-

90 1138 146 1166 λεῖν
160 1137 248 1172 αὐτὸν,
258 1137 303 1166 καὶ
316 1140 440 1167 τοσοῦτον
449 1137 603 1176 φιλονείκως
617 1138 662 1167 καὶ
675 1139 792 1173 ἀνηλεῶς
800 1137 864 1177 πρὸς
881 1147 899 1169 Β
915 1134 1061 1164 lamitatem
1080 1142 1211 1164 venerunt
1231 1134 1267 1164 ad
1290 1135 1368 1164 illum
1392 1136 1547 1165 consolandi
1576 1137 1661 1176 gratia

93 1182 171 1211 αὐτὸν
187 1181 340 1218 διετέθησαν
349 1186 403 1215 τοῖς
412 1182 516 1222 λόγοις,
530 1182 599 1213 ὥστε
613 1184 658 1212 καὶ
672 1183 802 1223 ἁμαρτίαν
815 1185 863 1213 αὗ-

93 1233 147 1262 τοῖς
170 1228 200 1257 τὸ
221 1233 334 1268 πρᾶγμα
345 1230 509 1267 λογισθῆναι.
521 1229 556 1259 ‘O
571 1229 598 1258 δὲ
613 1229 677 1259 Ἰὼὸ
697 1229 865 1269 παρεκάλεσε

93 1275 137 1305 τὸν
152 1275 221 1305 Θεὸν
236 1273 302 1314 ὓπὲρ
316 1276 412 1310 αὐτῶν,
426 1274 472 1304 καὶ
486 1275 657 1315 συνεχωρήθη
674 1276 770 1309 αὐτοῖς.
789 1275 864 1305 Εἰσὶν

95 1317 139 1350 οὖν
152 1323 190 1361 τῷ
202 1319 266 1350 ’[ὼὸ
279 1319 396 1359 διάλογοι
408 1319 473 1360 πρὸς
483 1320 542 1354 τοὺς
556 1321 647 1361 φίλους
661 1320 698 1356 η’,
710 1333 716 1339 ·
727 1323 773 1350 τοῦ
789 1322 865 1350 Ἐλι-

94 1366 146 1407 φὰζ
159 1366 224 1406 πρὸς
242 1366 319 1395 αὐτὸν
338 1370 409 1406 τρεῖς
420 1378 426 1385 ·
445 1370 492 1396 τοῦ
503 1367 604 1407 Σωφὰρ
624 1367 689 1406 πρὸς
704 1367 782 1396 αὐτὸν
804 1366 859 1396 δύο·

95 1413 140 1443 καὶ
163 1415 210 1442 τοῦ
236 1411 344 1441 Βαλδὰδ
369 1416 447 1452 τρεῖς.
466 1411 530 1442 Ἔτι
557 1412 585 1442 δὲ
615 1413 660 1442 καὶ
687 1415 732 1442 τοῦ
759 1413 866 1447 Ἐλιοὺζ

94 1461 139 1489 τοῦ
154 1457 294 1498 Βαραχιὴλ
316 1460 362 1487 τοῦ
387 1458 522 1492 Βουζίτου.
537 1459 590 1488 Καὶ
613 1459 705 1488 λοιπὸν
728 1461 743 1488 ὁ
767 1459 866 1499 Κύριος

94 1504 253 1545 χρηματίζει
266 1506 305 1544 τῷ
319 1503 382 1533 'hbe
399 1503 442 1533 διὰ
452 1503 582 1538 λαίλαπος
594 1504 640 1534 καὶ
654 1504 772 1544 νεφέλης.
787 1506 866 1535 Ἀπο-

94 1551 212 1591 κρίνεται
225 1550 252 1580 δὲ
265 1549 310 1579 καὶ
322 1549 385 1579 ’1ὼὸ
401 1552 440 1590 τῷ
464 1550 555 1590 Κυρίῳ
571 1550 614 1580 διὰ
634 1550 719 1589 λόγων
734 1550 788 1580 δύο.
811 1550 864 1580 Καὶ

95 1599 172 1627 τοῦτο
186 1596 260 1630 τέλος
270 1595 327 1636 ἔχει
340 1596 370 1625 τὸ
382 1579 496 1635 βιὸλίον.

135 1640 238 1672 1’Ἔστι
259 1642 288 1672 δὲ
302 1644 317 1671 ὁ
341 1641 438 1674 σκοπὸς
461 1642 539 1670 αὗτου
559 1641 628 1675 ἅπας
651 1641 716 1680 πρὸς
729 1641 909 1698 ὑπομονὴν867

913 1181 1002 1210 amici.
1015 1183 1100 1220 Atque
1112 1181 1147 1210 ita
1157 1181 1318 1210 contentiose
1327 1188 1353 1210 et
1362 1182 1419 1211 sine
1429 1182 1660 1212 commiseratione

917 1237 979 1255 cum
987 1226 1036 1256 illo
1047 1227 1137 1256 verbis
1145 1233 1267 1266 egerunt,
1282 1234 1311 1256 ut
1321 1227 1393 1256 illud
1406 1227 1432 1256 in
1447 1235 1585 1267 peccatum
1595 1229 1661 1268 ipsis

914 1280 1067 1313 reputatum
1080 1274 1169 1303 fuerit.
1181 1274 1234 1304 Job
1247 1285 1312 1303 vero
1333 1276 1420 1304 Deum
1434 1286 1484 1315 pro
1498 1275 1555 1305 illis
1568 1287 1660 1316 preca-

913 1325 956 1348 tus
968 1326 1018 1355 est‚
1029 1325 1055 1348 et
1068 1319 1209 1348 remissum
1221 1320 1287 1360 ipsis
1304 1327 1344 1349 est
1357 1328 1507 1360 peccatum.
1523 1322 1592 1351 Sunt
1603 1321 1662 1351 dia-

913 1365 969 1405 logi
979 1366 1044 1402 Job,
1061 1377 1128 1404 quos
1142 1377 1203 1395 cum
1218 1366 1313 1397 amicis
1332 1367 1439 1401 habuit.
1451 1375 1531 1398 octo:
1547 1369 1663 1409 Eliphaz

914 1422 979 1442 vero
1001 1412 1036 1441 ad
1060 1413 1113 1442 Job
1133 1419 1197 1449 tres,
1213 1413 1319 1453 Sophar
1338 1413 1404 1451 duo,
1420 1414 1525 1444 Baldad
1545 1422 1608 1445 tres.
1627 1417 1661 1445 Et

915 1458 995 1488 Eliuz
1005 1469 1111 1498 quoque
1125 1459 1175 1488 filii
1189 1459 1328 1489 Barachiel
1342 1460 1442 1490 Buzitae
1456 1472 1526 1490 uuus
1546 1469 1585 1491 est
1603 1462 1662 1491 dia-

914 1504 1004 1544 logus.
1021 1507 1137 1535 Demum
1159 1505 1293 1535 Dominus
1317 1506 1418 1536 Jobum
1441 1507 1590 1546 alloquitur
1617 1519 1662 1548 per

914 1551 1051 1580 turbinem
1070 1558 1095 1580 et
1109 1551 1220 1580 nubem.
1235 1551 1390 1591 Respondet
1409 1563 1474 1582 vero
1495 1554 1623 1590 Domino,
1636 1561 1662 1583 et

915 1597 957 1625 bis
968 1597 1056 1637 ipsum
1068 1597 1227 1636 alloquitur.
1239 1598 1337 1637 Sieque
1350 1599 1508 1629 terminatur
1519 1600 1599 1629 liber.

955 1643 1058 1682 Scopus
1066 1649 1154 1672 autem
1162 1644 1221 1683 ejus
1230 1650 1300 1672 totus
1307 1650 1346 1673 est
1354 1644 1388 1673 ad
1396 1645 1553 1683 patientiam
1560 1646 1661 1675 hortari

95 1688 286 1727 ἐκκαλούμενος
299 1686 359 1720 τους
371 1688 399 1716 ἐν
412 1691 570 1727 πειρασμοῖς
582 1686 802 1726 περιπίπτοντας,
815 1686 864 1716 καν
872 1671 909 1721 ³A⁷
916 1698 960 1717 cos
978 1688 1025 1726 qui
1040 1687 1068 1717 iu
1085 1688 1247 1718 calamitates
1266 1689 1399 1725 incidunt,
1414 1690 1517 1719 etiamsi
1533 1702 1662 1731 magnum

95 1734 165 1763 πάνυ
179 1736 221 1764 ἔπ’
236 1733 356 1772 εὐσεὸείᾳ
369 1731 603 1772 μεμαρτύρηνται,
617 1732 662 1761 καὶ
678 1732 715 1771 μὴ
728 1732 866 1762 σκανδαλί-

96 1781 185 1814 ζεσθαι
194 1802 202 1816 ,
217 1781 276 1809 ἀλλ’
300 1776 453 1819 ἐπιφωνεῖν·
467 1778 501 1807 ‘O
525 1777 620 1817 Κύριος
632 1778 713 1808 ἔδωκε
722 1800 730 1814 ,
744 1781 758 1808 ὁ
770 1778 866 1818 Κύριος

97 1826 219 1866 ἀφείλετο
227 1838 234 1844 ·
248 1828 284 1859 ὡς
292 1827 330 1865 τῷ
342 1824 433 1865 Κυρίῳ
446 1823 541 1860 ἔδοξεν,
553 1824 622 1853 οὕτω
636 1824 680 1854 καὶ
692 1824 795 1863 ἐγένετο
803 1837 810 1843 ·
824 1825 865 1860 εἴη

96 1873 127 1902 τὸ
139 1873 222 1912 ὄνομα
238 1872 337 1912 Κυρίου
360 1871 533 1911 εὐλογημένον
553 1871 605 1900 ἀπὸ
619 1873 665 1900 τοῦ
687 1873 730 1900 νῦν
753 1871 798 1901 καὶ
818 1871 866 1905 ἕως

96 1921 143 1949 τοῦ
158 1921 266 1952 αἰῶνος·
287 1918 325 1948 ἔτι
349 1917 451 1953 καὶτὸ,
466 1918 488 1947 Γ
489 1917 570 1956 υμνὸς
584 1916 691 1953 ἐξῆλθον
716 1918 746 1946 ἐκ
766 1917 866 1951 κοιλίας

97 1965 197 2006 μητρός
208 1977 258 2004 μου
267 1986 275 2000 ,
285 1964 381 2004 γυμνὸς
393 1963 438 1993 καὶ
449 1963 630 2002 ἀπελεύσομαι
644 1964 710 1992 ἐκεῖ·
722 1963 768 1992 καὶ
781 1964 866 1992 ἐντεῦ-

97 2014 140 2041 θεν
153 2011 243 2041 λοιπὸν
255 2010 395 2050 μανθάνειν
409 2009 479 2045 πόση
491 2010 539 2044 τῆς
557 2010 690 2048 ὑπομονῆς
702 2012 719 2044 ἡ
735 2008 850 2049 ὠφέλεια
859 2021 865 2027 ·

98 2054 143 2084 καὶ
155 2054 207 2095 γὰρ
220 2056 335 2084 ἐντεῦθεν
348 2056 425 2083 κάκεῖ
442 2052 492 2089 τὴν
515 2052 723 2091 μισθαποδοσίαν
737 2053 867 2093 λήψονται

97 2103 133 2134 ὡς
147 2099 218 2130 ’lusa
231 2100 293 2130 Ἔτι
301 2099 328 2129 δὲ
343 2099 388 2128 καὶ
400 2098 522 2138 ἀναδείξῃ
539 2101 553 2128 ὁ
566 2098 635 2132 Θεὸς
645 2098 802 2139 ἀπείραστος
817 2112 864 2128 κα-

98 2148 161 2184 κῶν,
174 2146 292 2187 πειράζει
309 2146 336 2175 δὲ
353 2145 458 2175 οὐδένα·
469 2147 688 2185 παραχωροῦντας
701 2145 728 2174 δὲ
738 2149 783 2175 τοῦ
796 2147 866 2175 Θεοῦ

97 2192 241 2232 πειρασμοὶ
253 2196 307 2225 τοῖς
320 2191 466 2230 ἀνθρώποις
487 2191 538 2220 ὑπὸ
556 2190 686 2230 δαιμόνων
696 2191 867 2231 ἐπέρχονται,
883 2201 901 2223 Β

99 2238 142 2268 διὰ
155 2238 203 2275 τὴν
217 2239 328 2267 ἑκάστου
347 2236 458 2276 δοκιμὴν
473 2236 518 2266 καὶ
530 2236 673 2266 τελείωσιν.
687 2237 761 2266 Φασὶ
771 2237 799 2266 δὲ
813 2238 866 2266 Σο-

98 2286 221 2324 λομῖἕιντα
234 2282 422 2323 συντεταχέναι
435 2282 480 2312 καὶ
493 2285 571 2311 τοῦτο
590 2282 621 2311 τὸ
648 2282 759 2321 βιὸλίον,
781 2284 803 2311 εἷ
829 2282 866 2321 μὴ

98 2331 150 2370 ἄρα
163 2330 296 2363 Μωυσέως
307 2329 364 2359 ἐστὶ
378 2328 409 2358 σύ
411 2340 548 2384 γγραμμα.
562 2327 599 2357 ‘H
619 2327 668 2367 μὲν
680 2327 792 2368 περιοχὴ
818 2331 863 2357 τοῦ

99 2377 201 2416 βιβλίου
215 2379 305 2406 τοῦτον
318 2376 374 2416 ἔχει
388 2375 433 2404 τὸν
446 2374 551 2414 τρόπον.
567 2373 602 2403 ‘H
623 2373 651 2403 δὲ
666 2374 864 2414 ἀνακεφαλαίω-

99 2423 138 2456 σίς
149 2424 219 2453 ἐστιν
237 2423 264 2452 ἐν
281 2421 392 2454 τούτοις
404 2421 451 2450 Ἐν
471 2419 618 2459 προοιμίοις
632 2419 691 2457 μὲν,
705 2422 741 2452 ὡς
755 2415 787 2455 ἧν
802 2419 864 2449 'hbe

99 2470 176 2498 οἰκῶν
187 2469 214 2498 ἐν
225 2467 300 2508 χώρᾳ
315 2470 348 2507 τῇ
361 2466 495 2496 Αὔσίτιδι·
511 2460 568 2495 εἶτα
583 2465 714 2504 μαρτυρία
729 2467 776 2500 τῆς
789 2466 811 2494 1
813 2477 859 2504 ρα-

132 2566 142 2577 ·
160 2559 219 2583 Haee
230 2559 313 2590 priora
324 2556 437 2582 similiter
450 2553 588 2580 habentur
582 2564 607 2579 ιιι
619 2553 698 2580 altera
709 2554 826 2588 Synopsi.

133 2599 146 2618 b
163 2597 225 2628 Qua:
238 2604 298 2622 vero
315 2601 452 2628 sequuntur
473 2594 557 2619 omnia
575 2594 600 2618 in
622 2592 662 2617 illa
681 2594 789 2626 Synopsi
801 2603 851 2619 non

917 1733 1023 1773 pietatis
1032 1733 1213 1762 testimonium
1222 1744 1277 1773 prae
1286 1745 1314 1763 se
1322 1735 1420 1770 serant·
1430 1742 1459 1765 ut
1468 1736 1612 1776 hocipsum
1622 1737 1659 1766 il-

917 1778 950 1807 lis
960 1778 1123 1808 offendiculo
1137 1789 1189 1808 non
1206 1779 1252 1810 sit;
1264 1779 1311 1809 sed
1327 1780 1383 1810 haee
1394 1781 1548 1821 proferant:
1561 1784 1659 1812 Domi·
1669 1799 1721 1820 Μ,
1740 1805 1757 1820 ,,
1772 1805 1809 1820 Ἠ,

917 1834 972 1853 ηας
995 1825 1087 1861 dedit,
1110 1825 1254 1854 Dominus
1277 1826 1398 1855 abstulit
1405 1840 1416 1861 ;
1434 1828 1509 1856 sicut
1532 1829 1660 1859 Domino

915 1870 1039 1908 placuit,
1046 1872 1088 1900 ita
1089 1871 1211 1911 sactum
1221 1878 1276 1907 εει,-
1289 1874 1327 1901 sit
1338 1883 1442 1901 nomen
1451 1874 1571 1903 Domini
1582 1875 1662 1905 bene-

916 1919 1026 1947 dictum
1036 1929 1072 1947 ex
1082 1918 1137 1947 boc
1147 1928 1226 1947 nunc
1236 1925 1263 1948 et
1275 1929 1367 1957 usque
1378 1922 1409 1948 in
1419 1921 1571 1958 soeculum;
1582 1922 1657 1951 insu-

916 1974 1016 2004 perque
1027 1963 1114 1993 illud:
1126 1965 1231 1993 Nudus
1243 1975 1373 2002 egressus
1385 1976 1448 1995 sum
1460 1968 1496 1995 de
1507 1974 1588 1997 utero
1597 1980 1658 1998 ma-
1670 1985 1762 2006 :mamm

918 2012 969 2039 tris
979 2020 1059 2045 meae,
1069 2016 1097 2038 et
1108 2011 1203 2039 nudus
1212 2017 1341 2040 revertar
1348 2011 1423 2041 illuc
1429 2025 1440 2047 ;
1452 2019 1531 2051 atque
1540 2014 1604 2045 hine
1613 2015 1659 2045 de-

917 2066 992 2084 mum
1005 2055 1124 2085 ediscant
1140 2063 1237 2094 quanta
1251 2056 1286 2085 sit
1299 2057 1432 2097 patientiae
1446 2058 1661 2091 utilitaszetenitu

917 2099 980 2128 inde
992 2099 1139 2129 mercedem
1150 2100 1285 2140 accepturi
1297 2107 1359 2130 sunt
1373 2101 1442 2131 sicut
1454 2103 1519 2132 Joh.
1530 2105 1569 2134 Ut
1581 2107 1660 2134 etiam

918 2145 1039 2175 ostendat
1052 2147 1138 2175 Deum
1151 2146 1335 2176 intentatorem
1349 2147 1482 2178 malorum
1495 2160 1562 2187 esse,
1576 2152 1658 2180 nemi-

918 2202 1031 2230 nemque
1051 2198 1150 2221 tentare
1163 2204 1171 2230 ;
1187 2192 1234 2222 sed
1248 2194 1305 2222 Deo
1325 2195 1491 2233 permittente
1505 2197 1659 2228 tentationes

919 2236 1073 2267 hominibus
1085 2248 1134 2278 per
1152 2237 1286 2267 daemonas
1304 2238 1426 2277 excitari,
1442 2241 1477 2270 ad
1490 2241 1658 2281 singulorum

918 2282 1100 2322 probationem
1123 2284 1370 2324 perfectionemque.
1386 2287 1517 2316 Narratur
1537 2288 1657 2318 Salomo-
1705 2303 1754 2323 521„
1742 2310 1792 2323 om..
1781 2312 1808 2324 ,,

918 2339 978 2362 nem
999 2329 1072 2359 hunc
1093 2329 1263 2360 adornavisse
1282 2330 1395 2368 librum,
1409 2332 1460 2361 nisi
1481 2334 1547 2362 forte
1572 2334 1677 2372 ipsius‘¹
1717 2341 1754 2362 ‘1¹¹¹
1749 2334 1810 2354 ’ΒΜ-

918 2375 1021 2415 Moysis
1034 2375 1068 2405 sit
1091 2387 1170 2417 opus.
1186 2378 1249 2406 Haec
1273 2377 1440 2407 continentur
1463 2378 1490 2407 in
1513 2378 1563 2407 boc
1575 2379 1655 2415 libro,
1667 2365 1719 2416 ΠΤ-
1725 2372 1774 2416 5³¹3
1770 2370 1810 2415 ¹12¹,

917 2422 995 2461 eujus
1008 2422 1095 2461 capita
1106 2422 1144 2451 sic
1155 2421 1254 2452 resumi
1266 2430 1387 2473 possunt.
1401 2424 1431 2452 In
1446 2423 1556 2453 exordio
1569 2435 1657 2454 narra·
1668 2426 1757 2447 ΗΜ
1747 2434 1765 2450 ι
1783 2426 1810 2447 2¹·

917 2474 989 2503 tur‚·
985 2466 1058 2506 quod
1071 2467 1124 2497 Job
1136 2468 1288 2498 liabitarct'
1281 2478 1307 2496 ιιι
1324 2475 1391 2497 terra
1406 2468 1547 2499 Ausitide:
1561 2466 1690 2508 deiude:c
1668 2457 1705 2508 ’ῗι
1690 2464 1716 2477 '¹⁵
1747 2456 1783 2477 M⁰
1772 2465 1810 2486 ⁰5·

902 2556 1002 2582 adsunt.
