1904 2840
124 1078 200 1099 Emod.
222 1075 260 1106 34.

126 1624 264 1654 Psal.49.9.

270 179 338 226 872

858 185 942 209 OPUS
968 185 1204 211 IMPERFECTUM

269 252 345 282 Sicut
357 250 405 295 qui
417 247 593 294 spiritualiter
604 258 633 278 se
647 247 775 287 diligunt,
784 248 933 277 multorum
945 247 1005 276 ani-
1024 250 1040 274 Α
1059 247 1100 276 illi
1114 247 1235 286 quidem,
1251 254 1282 276 ut
1295 246 1371 277 bibat
1382 254 1514 287 quantum
1534 249 1604 287 vult,
1623 251 1671 280 sed
1691 242 1800 292 publice

269 301 318 320 mae
331 300 407 328 quasi
427 299 480 317 una
492 298 579 317 amma
590 298 646 317 esse
663 286 802 324 dicuntur,
813 287 918 316 dicente
929 287 1005 316 Scri-

267 337 345 369 ptura
359 340 365 356 :
382 329 518 357 Omnium
532 328 710 357 credentium
721 333 784 356 erat
805 337 856 356 cor
874 337 965 355 unum
978 333 1007 355 et

267 371 367 398 arzima
385 378 445 397 una
465 379 472 395 ι
487 367 526 397 sic
538 374 565 396 et
583 367 627 396 vir
638 373 664 396 et
676 377 744 396 uxor
762 366 810 406 qui
825 366 966 396 carnaliter
979 376 1007 394 se

267 409 384 446 diligunt
393 430 400 442 ,
430 418 483 436 una
502 417 566 437 caro
588 406 726 436 dicuntur.
744 407 762 435 ’Τ
771 428 778 435 .
802 407 913 435 Dicunt
936 405 984 434 illi
997 417 1003 434 ε

271 448 350 487 Quid
369 458 435 487 ergo
449 448 546 476 Moses
560 446 713 476 mandavit
732 447 803 475 dare
817 445 949 474 libellum
963 455 1008 473 re-

266 489 361 528 pudii,
370 493 398 516 et
411 488 541 515 dimitti?
556 486 686 526 Displicet
712 485 878 515 eccatoribus
885 484 1007 514 doctrina

265 527 386 568 justitiae,
398 526 488 565 gravis
506 533 544 555 est
556 526 697 555 fornicanti
718 536 750 554 us
768 524 949 564 interpretatio
963 535 1008 553 ca-

268 567 374 596 stitatis.
388 566 418 596 Si
429 572 520 595 contra
532 565 660 595 rationem
670 564 779 603 quidem
787 564 947 604 respondere
954 573 1008 592 non

268 613 381 647 possunt
390 629 397 642 ,
412 606 520 635 veritati
532 612 620 634 tamen
634 604 741 634 credere
760 614 812 633 non
825 603 1005 642 acquiescunt.

269 646 343 683 Quid
354 645 437 685 ergo?
451 646 598 675 Conserunt
611 655 640 674 se
651 643 685 672 ad
698 643 876 684 patrocinium
887 642 940 672 viri
947 653 1008 671 san-

268 685 381 715 ctissimi
400 685 482 722 Mosi‚
497 686 575 725 cujus
595 694 734 724 personam
746 683 907 712 verebantur
917 692 1008 711 omnes

267 733 294 755 et
306 725 446 761 timebant,
461 731 490 753 ut
509 724 657 754 doctrinam
671 722 773 753 Christi
782 744 790 758 ,
812 732 894 759 quam
907 721 1009 750 ratione

268 766 374 795 vincere
393 774 446 793 non
460 766 592 804 poterant,
608 773 656 803 per
675 762 860 791 auctoritatem
867 760 1009 791 validioris

268 815 386 873 persona}
399 803 563 833 destruerent
575 816 582 831 :
598 809 629 831 ut
640 802 707 831 dum
720 800 1009 840 Mosesirreprehensi-

1059 285 1144 322 bibat,
1162 294 1190 316 ut
1213 287 1263 316 hoc
1276 286 1395 325 quidem,
1407 287 1481 326 quod
1501 288 1583 326 bibit,
1595 289 1630 319 sit
1649 301 1739 320 secum
1750 301 1799 321 no-

1058 336 1126 355 vum
1136 327 1248 362 bonum,
1261 333 1291 355 ut
1299 327 1430 366 paulatim
1438 327 1640 359 discatobedire
1647 341 1732 370 praece
1765 332 1798 362 's.

1060 366 1105 394 Sic
1114 366 1274 405 permissum
1281 372 1320 395 est
1330 365 1389 395 dari
1400 367 1555 407 repudium,
1565 369 1667 400 malum
1675 372 1722 410 qui
1742 382 1797 408 em,

1057 411 1144 434 tamen
1169 406 1300 435 licituma
1319 406 1461 436 creatione.
1486 408 1522 437 Et
1539 409 1653 448 apostoli
1667 421 1800 451 praecepe-

1057 451 1132 477 runt.
1150 445 1280 474 secundas
1293 445 1368 475 adire
1378 446 1496 486 nuptias,
1511 455 1622 487 propter
1633 449 1800 480 incontinen-

1058 483 1123 512 tiam
1130 484 1279 515 hominum.
1291 486 1360 514 Nam
1365 485 1625 526 secundamquidem
1633 489 1799 531 acciperese-

1058 523 1177 553 cundum
1192 531 1354 565 praeceptum
1365 526 1479 565 apostoli
1489 528 1703 558 estzsecundum
1710 537 1798 560 autem
1814 541 1833 557 ¹·
1848 535 1904 558 Tin·-

1058 563 1179 592 veritatis
1187 564 1315 593 rationem
1327 575 1389 594 vere
1397 565 1535 595 fornicatio
1541 573 1596 604 est;
1605 567 1652 597 sed
1660 568 1726 598 dum
1737 580 1799 610 per-
1809 572 1833 595 9·

1058 602 1177 632 mittente
1183 605 1240 632 Deo
1250 604 1360 649 publice
1368 611 1395 633 et
1402 605 1510 635 licenter
1518 606 1704 644 committitur,
1714 609 1745 639 fit
1752 609 1799 639 ho-

1057 649 1131 671 nesta
1140 643 1290 673 fornicatio.
1307 645 1448 684 Propterea
1461 645 1530 674 hene
1542 645 1626 684 dixit,
1640 647 1703 686 quia
1711 650 1801 679 Moses
1809 657 1892 675 cmv

1057 681 1110 710 boc
1129 683 1264 721 permisit,
1280 693 1332 712 non
1347 684 1482 724 praecepit.
1497 684 1581 715 Aliud
1592 692 1631 715 est
1643 688 1800 732 praecipere,

1057 721 1133 750 aliud
1144 729 1182 751 est
1193 723 1354 761 pei-mittere.
1370 724 1451 760 Quod
1461 724 1532 754 enim
1541 725 1723 766 praecipimus,
1734 738 1802 758 sem·

1057 771 1106 800 per
1127 761 1214 807 placet
1232 774 1239 791 =
1263 762 1336 801 quod
1360 770 1449 793 autem
1476 764 1668 804 permittimus,
1683 767 1803 798 nolentes

1057 801 1230 840 praeeipimus
1252 814 1258 830 :
1282 802 1344 840 quia
1366 803 1464 833 malam
1476 803 1641 834 voluntatem
1660 806 1802 838 hominum

288 844 333 873 ilis
354 842 512 883 reprebendi
537 843 663 878 timetur,
686 841 806 871 veritatis
818 840 1008 880 {interpretatio
1022 848 1040 871 Β
1057 839 1093 869 ad
1114 840 1225 880 plenum
1246 841 1387 881 prohibere
1408 853 1460 871 non
1486 854 1639 883 possumus,
1653 846 1692 876 9..
1701 846 1802 878 Amen

270 890 386 913 taceatur
398 896 403 911 :
414 882 483 912 sieut
496 882 581 911 solent
592 882 713 911 homines
727 881 821 917 facere,
837 880 935 909 malam
948 890 1009 909 cau-

270 933 326 952 sam
340 923 467 952 habentes
475 934 484 961 5
500 921 656 961 confugiunt
669 920 703 950 ad
717 926 836 960 potentes
846 919 930 956 viros,
944 925 975 948 ut
985 919 1008 948 si

289 973 317 991 er
326 962 458 1002 justitiam
471 972 523 992 non
538 967 659 1002 possunt,
675 960 783 990 vincant
796 970 843 999 per
857 969 1006 999 personam.

270 973 419 1040 {amquam
430 1001 452 1030 si
460 1002 495 1031 ita
503 1001 636 1030 invidiose
643 999 830 1040 respondeant:
841 998 915 1035 Quid
923 1009 987 1037 ergo
994 998 1008 1027 'z‘

272 1041 364 1070 Moses
375 1051 459 1080 praece
481 1041 500 1070 it
510 1042 538 1070 in
548 1040 617 1080 lege,
631 1041 678 1078 qui
688 1039 740 1068 suit
747 1039 822 1078 quasi
829 1039 946 1069 visibilis
956 1038 1007 1067 lin-

273 1092 324 1120 gua
346 1052 491 1110 invisihiiis
512 1080 572 1115 Dei,
585 1080 632 1118 qui
646 1078 877 1119 incorruptibilem
896 1078 1009 1118 gloriam

272 1120 495 1160 corruptibilibus
506 1119 593 1149 oculis
609 1118 688 1155 vidit,
703 1126 729 1147 et
742 1118 922 1148 testimonium
935 1117 1010 1147 divi-

273 1159 363 1188 nitatis
373 1159 400 1187 in
411 1159 518 1188 vultum
529 1158 675 1198 suscipiens
682 1159 799 1198 portavit
809 1157 843 1186 ad
853 1158 986 1203 populum
999 1169 1006 1185 ε

274 1206 303 1227 tu
326 1205 425 1233 autem,
442 1198 521 1226 homo
542 1197 700 1233 vilissimus,
716 1197 784 1226 fabri
799 1197 906 1235 lignarii
926 1197 1009 1231 filius,

273 1238 407 1275 quomodo
420 1236 536 1265 destruis
549 1236 622 1274 quod
635 1236 682 1264 ille
703 1236 859 1265 constituit?
873 1237 903 1266 Si
921 1235 1010 1266 Filius

275 1275 327 1304 Dei
339 1286 378 1310 ες,
393 1276 462 1304 sicut
483 1275 562 1310 dicis,
577 1285 659 1313 quare
670 1275 811 1303 confundis
834 1281 910 1303 tuum
932 1275 1011 1303 mini-

274 1315 380 1343 strum?
394 1315 417 1343 si
430 1314 510 1343 homo
520 1325 547 1343 es
560 1313 656 1342 similis
670 1313 764 1347 nostri,
777 1313 911 1351 quomodo
924 1324 1012 1353 repre-

274 1353 369 1383 hendis
382 1360 458 1382 tuum
471 1352 625 1382 auctorem?
638 1352 667 1382 Si
675 1352 777 1381 malum
785 1358 835 1385 est,
851 1363 933 1390 quare
942 1363 1011 1391 prae-

275 1393 365 1433 cepit?
380 1393 403 1422 si
416 1393 516 1422 bonum
527 1399 576 1428 est,
588 1402 671 1430 quare
683 1391 820 1420 destruis?
835 1391 863 1421 8.
881 1392 962 1421 Tunc
969 1394 1013 1421 ait

275 1434 361 1461 Jesus
377 1444 384 1460 :
406 1434 514 1468 Moses,
526 1432 623 1470 inquit,
630 1437 746 1470 propter
758 1431 895 1459 duritiam
916 1432 1012 1460 cordis

275 1474 366 1501 vestri
373 1472 503 1511 permisit
517 1472 601 1500 vobis
612 1471 755 1499 dimittere
771 1480 875 1499 uxores
884 1477 1008 1500 vestras.

275 1512 438 1550 Frequenter
450 1511 527 1540 vohis
540 1512 630 1540 Moses
638 1516 746 1549 propter
754 1509 882 1538 duritiam
894 1517 1011 1540 vestram

276 1550 434 1591 injustitiam
448 1550 522 1589 quasi
539 1549 671 1590 justitiam
690 1549 825 1588 praecepit,
841 1548 909 1578 utin
924 1560 1012 1578 eremo

276 1589 374 1619 hostias
388 1590 482 1619 offerre
495 1591 562 1619 Deo.
584 1589 620 1618 Et
636 1588 770 1627 quomodo
782 1588 849 1617 dicit
861 1588 1010 1628 propheta?

274 1630 343 1659 Non
366 1631 507 1666 accipiam
531 1630 567 1658 de
585 1629 670 1657 domo
694 1634 746 1658 tua
768 1628 893 1663 vitulos,
919 1638 1013 1668 neque

275 1669 311 1697 de
329 1671 461 1709 gregibus
481 1670 535 1698 tuis
557 1669 662 1697 hircos.
678 1667 731 1698 Sed
744 1667 807 1706 quia
828 1674 916 1707 patres
930 1669 1012 1698 vestri

274 1709 373 1746 egressi
396 1715 470 1738 erant
494 1708 527 1737 de
550 1707 584 1737 AE
622 1714 678 1746 pto,
694 1718 805 1747 corpore
814 1729 822 1742 ,
847 1714 934 1736 tamen
958 1718 1011 1737 non

275 1748 363 1778 animo
376 1761 383 1776 :
404 1758 465 1777 nam
479 1754 561 1776 totam
620 1754 732 1786 gyptum
746 1757 835 1775 secum
849 1747 876 1776 in
891 1747 1011 1778 moribus

273 1788 430 1828 bajulabant
444 1799 451 1815 ε
464 1787 558 1818 videns
569 1786 658 1825 itaque
671 1787 758 1815 Moses
771 1794 879 1826 propter
890 1786 1012 1817 dilectio-

275 1838 334 1856 nem
346 1827 476 1856 carnalem
491 1826 561 1856 circa
575 1825 663 1854 studia
679 1825 871 1855 sacrificiorum
890 1836 934 1855 eos
956 1837 1012 1857 esse

274 1866 429 1903 inclinatos,
449 1867 471 1896 si
483 1864 631 1895 mandasset
646 1875 690 1893 eos
700 1864 820 1894 recedere
832 1877 846 1894 a
860 1865 1009 1903 sacrificiis,

275 1916 327 1935 non
340 1907 426 1936 fuerat
444 1904 594 1934 audiendus
609 1915 616 1930 =
633 1904 695 1943 quia
709 1915 806 1934 annosa
820 1905 906 1944 passio
923 1906 1011 1935 medi-

275 1953 392 1975 camento
408 1952 590 1974 momentaneo
603 1954 654 1973 non
668 1951 788 1972 curatur.
805 1945 820 1974 J
825 1945 890 1974 ussit
901 1955 945 1974 eos
966 1956 1010 1975 sa—

274 1985 393 2014 crificare
414 1984 533 2023 quidem,
550 1982 596 2012 sed
606 1984 663 2022 jam
682 1993 733 2012 non
748 1983 925 2020 daemonibus,
938 1985 1008 2014 sicut

274 2023 302 2052 in
320 2024 448 2063 AEgypw,
463 2023 512 2053 sed
525 2024 582 2052 Deo
595 2023 669 2052 vivo.
690 2023 841 2052 DImidium
860 2024 926 2053 mali
945 2035 1008 2064 per-

274 2062 355 2099 misit,
370 2074 402 2092 ne
412 2069 498 2091 totum
527 2061 629 2091 erderet
640 2062 751 2091 bonum.
765 2063 820 2092 Hac
834 2063 935 2093 ratione
947 2074 1009 2103 per-

273 2102 358 2137 misit,
375 2112 421 2131 vos
433 2101 498 2131 dare
525 2101 635 2130 ‘bellum
649 2101 766 2141 repudii,
780 2103 842 2140 quia
857 2102 955 2132 melius
964 2103 1007 2143 ju-

272 2141 373 2170 dicavit
394 2141 560 2181 permittente
573 2141 631 2180 lege
651 2142 817 2170 matrimonia
837 2142 1008 2181 solvi,quam

272 2180 335 2209 odio
356 2180 529 2220 compellente
542 2180 716 2209 homicidium
729 2181 798 2210 fieri.
822 2182 946 2211 Permisit
958 2192 1007 2212 vo—

272 2220 314 2249 bis
327 2219 397 2248 mala
408 2221 502 2256 facere,
512 2230 544 2248 ne
558 2220 675 2249 faceretis
689 2221 790 2260 pejora.
805 2221 878 2260 Ergo
891 2221 948 2250 haec
957 2232 1007 2251 vo-

272 2259 314 2288 bis
328 2259 512 2298 permittendo,
525 2269 577 2288 non
599 2259 676 2288 vobis
686 2260 818 2299 justitiam
833 2261 882 2289 Dei
897 2260 1007 2290 demon-

272 2298 376 2334 stravit,
392 2299 438 2327 sed
449 2309 463 2327 a
485 2305 591 2338 peccato
613 2299 724 2328 abstulit
737 2299 845 2339 culpam
867 2300 1005 2339 peccandi,

271 2344 302 2366 ut
314 2338 390 2375 quasi
409 2338 554 2367 secundum
568 2338 652 2377 legem
666 2339 806 2377 agentibus
819 2339 896 2367 vobis
916 2349 1006 2378 pecca-

270 2383 339 2411 tum,
347 2384 465 2406 vestrum
474 2388 524 2406 non
533 2377 654 2407 videatur
661 2387 717 2407 esse
725 2384 873 2417 peccatum.
889 2379 1002 2418 Utputa,

269 2415 292 2444 si
304 2415 364 2454 quis
378 2416 472 2445 habeat
483 2428 600 2453 servum,
616 2416 663 2456 qui
677 2417 783 2446 furatur
794 2423 822 2446 et
836 2417 950 2446 inebriat
962 2428 1000 2455 se,

269 2455 437 2484 considerans
451 2455 585 2494 dominus,
601 2457 664 2495 quia
686 2456 708 2485 si
725 2463 868 2494 utrumque
892 2456 945 2485 sibi
962 2457 1002 2486 in-

270 2494 349 2523 simul
361 2494 525 2526 mandaverit
531 2495 682 2532 observare,
689 2495 757 2524 nihil
766 2495 871 2535 proficit
880 2507 885 2523 ι
894 2496 1002 2526 mandat

1057 880 1122 908 dico
1134 881 1228 916 vobis,
1240 883 1415 921 quicumque
1425 883 1567 912 dimiserit
1579 894 1698 915 uxorem
1709 896 1801 924 suam,

1058 920 1115 948 nisi
1119 953 1124 959 ·
1125 919 1332 958 fornicationis
1343 931 1443 958 eausa,
1454 923 1623 952 moechatur.
1640 926 1735 956 Omnis
1748 937 1801 965 res,

1057 968 1105 997 per
1123 969 1190 998 quas
1212 970 1305 989 causas
1326 960 1454 998 nascitur,
1470 972 1519 1002 per
1543 962 1615 1002 ipsas
1638 964 1800 996 absolvitur.

1057 998 1262 1028 Matrimonium
1282 999 1354 1029 euim
1374 1010 1426 1029 non
1447 1001 1510 1031 facit
1529 1002 1626 1040 coitus,
1640 1003 1686 1034 sed
1701 1006 1802 1035 volun-
1836 1004 1904 1038 ”¹¹²3

1057 1044 1097 1067 tas
1113 1048 1120 1067 :
1134 1045 1161 1067 et
1168 1037 1229 1067 ideo
1239 1038 1310 1068 illud
1319 1050 1371 1068 non
1383 1040 1465 1070 solvit
1473 1042 1603 1086 separatio
1612 1044 1743 1084 corporis,
1753 1045 1800 1075 sed
1811 1039 1874 1074 ''hs''

1058 1078 1189 1117 separatio
1203 1078 1360 1109 voluntatis.
1377 1079 1444 1109 Ideo
1460 1091 1508 1119 qui
1528 1080 1641 1112 dimittit
1659 1084 1800 1124 conjugem
1811 1069 1863 1122 {22⁸⁸
1873 1068 1904 1122 §zi

1058 1128 1145 1154 suam,
1161 1125 1187 1147 et
1207 1118 1289 1147 aliam
1309 1129 1362 1148 non
1387 1119 1495 1159 accipit,
1510 1120 1600 1151 adhuc
1619 1123 1731 1153 maritus
1749 1131 1800 1154 est.
1812 1135 1852 1154 ias.
1896 1138 1900 1139 ⁷

1059 1158 1129 1186 Nam
1140 1158 1188 1186 etsi
1202 1167 1313 1197 corpore
1329 1158 1386 1198 jam
1400 1166 1536 1199 separatus
1549 1167 1598 1198 est,
1613 1168 1700 1192 tamen
1713 1163 1804 1193 adhuc

1059 1197 1198 1226 voluntate
1210 1199 1369 1237 conjunctus
1381 1205 1429 1227 est.
1443 1199 1513 1228 Cum
1524 1210 1587 1240 ergo
1599 1201 1680 1231 aliam
1694 1203 1767 1233 aece'

1061 1236 1106 1273 rit,
1127 1244 1191 1266 tunc
1212 1236 1289 1276 plene
1314 1237 1437 1267 dimittit.
1459 1240 1519 1268 Non
1539 1250 1602 1285 engo
1626 1242 1675 1280 qui
1693 1241 1805 1273 dimittit

1061 1276 1219 1311 maechatur,
1241 1276 1288 1305 sed
1311 1277 1358 1315 qui
1378 1277 1488 1307 alteram
1508 1278 1595 1309 duc1t.
1617 1281 1694 1311 Sicut
1714 1289 1804 1312 autem

1061 1314 1179 1343 crudelis
1193 1322 1231 1344 est
1248 1322 1273 1344 et
1287 1316 1406 1354 iniquus,
1422 1318 1469 1355 qui
1486 1325 1586 1348 castam
1607 1319 1719 1351 dimittit
1740 1334 1748 1351 ε
1766 1323 1805 1352 sie

1061 1353 1150 1382 fatuus
1161 1360 1200 1382 est
1209 1361 1236 1382 et
1249 1354 1375 1393 injustus.
1385 1356 1431 1394 qui
1443 1357 1539 1386 retinet
1549 1360 1723 1390 meretricem.
1734 1362 1804 1392 Nam
1903 1383 1904 1386 =

1062 1399 1189 1431 patronus
1210 1394 1386 1432 turpitudinis
1409 1395 1467 1434 ejus
1487 1403 1536 1432 est,
1550 1398 1598 1435 qui
1618 1399 1720 1429 crimen
1736 1402 1806 1432 celat
1898 1384 1904 1434 i

1027 1439 1045 1462 ο
1063 1432 1164 1461 uxoris.
1176 1432 1324 1463 imitatores
1333 1444 1397 1472 ergo
1405 1433 1534 1464 debemus
1545 1446 1601 1466 esse
1614 1438 1676 1475 Dei,
1690 1447 1720 1469 ut
1733 1441 1804 1471 sicut

1061 1470 1108 1500 ille
1119 1472 1175 1510 agit
1187 1482 1250 1501 cum
1270 1473 1401 1507 Ecclesia,
1416 1474 1455 1503 sic
1470 1485 1519 1504 nos
1538 1486 1648 1514 agamus
1659 1489 1722 1508 eum
1739 1490 1806 1510 con-

1058 1511 1133 1549 juge.
1149 1511 1200 1540 Ille
1219 1512 1291 1541 enim
1311 1523 1460 1550 numquam
1473 1514 1640 1554 derelinquet
1660 1528 1695 1557 po
1716 1519 1803 1556 ulum,

1061 1550 1112 1578 nisi
1132 1549 1168 1579 ad
1193 1551 1367 1590 gentilitatem
1387 1552 1430 1581 vel
1450 1553 1485 1582 ad
1509 1554 1632 1584 baeresim
1654 1567 1689 1586 vo
1703 1559 1805 1589 untarie

1061 1589 1194 1619 transierit
1206 1602 1213 1618 ε
1229 1591 1295 1619 alias
1305 1598 1394 1620 autem
1402 1600 1554 1631 peccantem
1565 1595 1675 1634 castigat
1683 1597 1804 1636 quidem,
1902 1616 1904 1618 ·

1061 1635 1150 1657 tamen
1170 1629 1289 1659 misereri
1307 1641 1359 1660 non
1380 1639 1473 1669 cessat,
1486 1632 1591 1663 dicente
1605 1636 1736 1675 propheta
1752 1650 1759 1667 ε
1773 1638 1806 1668 Si
1814 1631 1904 1667 Pal-ff

1061 1669 1269 1708 dereliquerint
1272 1670 1338 1710 filii
1358 1672 1421 1711 ejus
1438 1672 1530 1712 legem
1549 1684 1655 1709 meam,
1673 1671 1852 1708 visitabo³¹‘
1863 1669 1904 1696 3³3

1062 1709 1093 1736 in
1104 1710 1193 1748 virga
1202 1710 1361 1749 injustitias
1371 1721 1471 1741 eorum
1487 1726 1497 1744 .-
1513 1708 1741 1746 misericordiam
1753 1728 1805 1748 au-

1061 1753 1122 1792 tem·
1131 1758 1223 1777 meam
1234 1760 1293 1778 non
1307 1750 1470 1791 dispergam
1481 1753 1518 1781 ab
1533 1755 1585 1782 eis.
1598 1754 1644 1784 Sic
1657 1761 1683 1784 et
1693 1756 1737 1786 vir
1747 1768 1806 1788 me-

1060 1793 1181 1817 retricem
1192 1788 1302 1826 quidem
1314 1789 1443 1828 dimittat,
1459 1792 1526 1821 alias
1539 1799 1628 1823 autem
1643 1796 1712 1825 male
1725 1798 1805 1828 mori-

1060 1834 1178 1866 geratam
1205 1828 1314 1868 castiget
1339 1836 1366 1858 et
1391 1837 1487 1861 teneat.
1516 1833 1680 1870 Quomodo?
1703 1837 1804 1867 Tribus

1060 1866 1156 1896 modis.
1178 1867 1300 1897 Primum
1321 1868 1442 1899 docendo
1464 1871 1610 1901 secundum
1632 1874 1730 1904 Deum.
1752 1877 1803 1907 *Si

1059 1912 1149 1935 autem
1172 1908 1340 1937 contemserit
1361 1909 1483 1940 timorem
1510 1911 1568 1948 Dei,
1584 1912 1620 1941 im
1642 1915 1801 1953 roperando,

1059 1952 1090 1973 ut
1104 1945 1147 1974 vel
1161 1946 1282 1976 homines
1297 1948 1464 1979 erubescant.
1476 1951 1506 1980 Si
1519 1961 1567 1980 nec
1601 1962 1616 1980 u
1638 1962 1712 1983 orem
1724 1955 1804 1985 sentit

1058 1984 1209 2023 frequenter
1222 1987 1343 2023 confusa,
1357 1988 1435 2017 faciat
1454 1989 1496 2018 illi
1517 2001 1574 2029 quo
1609 1994 1734 2032 praecepit
1751 1995 1802 2025 sa-

1027 2030 1044 2053 1)
1059 2023 1149 2053 lomon
1162 2037 1168 2053 :
1187 2026 1244 2054 Cor
1262 2027 1367 2055 durum
1387 2029 1492 2057 baculo
1504 2037 1632 2068 percute.
1648 2031 1720 2071 Ergo
1741 2034 1800 2073 pri·
1814 2037 1875 2059 Ριον

1058 2073 1134 2092 mum
1155 2063 1278 2100 admone,
1294 2065 1358 2103 quia
1371 2067 1488 2096 multum
1499 2068 1606 2108 proficit
1617 2069 1737 2101 doctrina
1762 2075 1802 2102 'u-
1817 2067 1853 2091 ¹³·

1058 2102 1147 2132 stitiae.
1161 2103 1265 2133 Deinde
1279 2105 1423 2142 confunde,
1438 2107 1501 2145 quia
1513 2108 1664 2147 frequenter
1674 2118 1700 2140 et
1710 2084 1802 2151 pudor

1057 2142 1163 2171 frenum
1175 2149 1214 2172 est
1234 2143 1373 2173 vitiorum.
1387 2146 1480 2176 Tertio
1497 2148 1596 2177 'ustum
1614 2156 1663 2184 est,
1678 2157 1708 2180 ut
1721 2152 1802 2181 casti-

1057 2188 1136 2250 ξὲῑιιι·
1156 2183 1232 2220 quasi
1246 2183 1354 2219 ancilla,
1369 2195 1429 2223 quae
1445 2158 1600 2216 erubescere
1620 2189 1703 2220 nescit
1716 2198 1746 2220 ut
1767 2191 1802 2221 li-

1092 2232 1131 2250 ra.
1155 2221 1249 2251 Aliter.
1270 2224 1312 2252 De
1338 2224 1453 2254 Galilaea
1477 2226 1563 2256 turbae
1592 2227 1620 2257 in
1643 2230 1801 2269 mysterium

1058 2262 1177 2300 gentium
1190 2269 1309 2300 sequutae
1327 2270 1390 2292 sunt
1405 2265 1550 2295 Dominum
1563 2266 1592 2296 in
1605 2267 1672 2298 fines
1685 2270 1704 2299 J
1706 2269 1799 2306 udaeae,

1057 2301 1149 2339 ibique
1161 2307 1259 2330 curatae
1273 2309 1344 2331 sunt.
1358 2304 1434 2333 Juste
1447 2305 1475 2333 in
1489 2305 1556 2335 fines
1568 2308 1731 2338 transierunt
1750 2310 1800 2339 Ju-

1056 2339 1134 2383 dazae;
1149 2350 1197 2385 nee
1210 2341 1281 2370 enim
1295 2342 1442 2381 potuissent
1454 2345 1555 2382 curari,
1569 2346 1621 2375 nisi
1641 2347 1740 2377 relictis
1759 2348 1800 2376 fi-
1813 2341 1816 2349 ¹

1055 2379 1136 2409 nibus
1146 2390 1214 2416 suls,
1228 2380 1256 2409 in
1270 2381 1335 2410 fines
1349 2383 1505 2413 transissent
1521 2384 1633 2422 Judaeae,
1649 2386 1717 2416 sicut
1731 2389 1800 2417 scri-

1054 2425 1131 2458 ptum
1142 2426 1181 2448 est
1195 2419 1222 2448 in
1236 2421 1315 2449 Esaia
1327 2433 1335 2450 ε
1351 2422 1393 2450 E't
1402 2425 1521 2452 venient
1532 2434 1630 2454 omnes
1644 2432 1754 2465 gentes,
1771 2434 1800 2457 et
1812 2431 1875 2453 asaf.

1053 2460 1152 2488 dicent
1165 2471 1173 2487 :
1187 2459 1301 2497 Venite,
1316 2462 1508 2492 ascendamus
1520 2463 1550 2494 in
1561 2473 1687 2494 montem
1699 2467 1800 2496 Domi-

1053 2499 1096 2534 ni,
1119 2504 1147 2527 et
1170 2499 1201 2527 in
1221 2500 1338 2529 domum
1363 2501 1420 2530 Dei
1443 2502 1549 2540 Jacob,
1568 2509 1596 2532 et
1610 2508 1799 2536 annuntiabit

302 2594 312 2604 ὅ·
331 2586 359 2610 V.
373 2586 403 2610 D.
415 2591 439 2610 et
450 2585 518 2611 Editi
531 2587 555 2612 in
565 2595 643 2620 marg.
657 2587 686 2613 Si
695 2592 776 2612 autem
790 2587 841 2612 Dei
851 2589 959 2613 timorem
971 2597 1021 2613 non
1037 2591 1118 2614 sentit.
