1904 2840
13 1672 63 1708 ³21.

82 1671 105 1695 5.

67 954 145 984 ¹¹73·

120 1671 144 1694 6.

627 171 659 195 {N
690 167 898 196 misrrumum.
928 173 1044 197 nomn„
1066 170 1161 206 xijm.

1625 162 1695 212 923

14 271 24 291 Ι
47 269 65 291 J
161 242 231 265 amat
241 245 250 264 x
261 244 312 279 nee
321 241 408 274 potest
418 235 506 264 Deum
515 243 615 270 amare,
625 234 673 272 qui
683 234 818 264 hominem
829 234 896 270 odit,
918 237 939 260 Α
955 242 1002 270 ut,
1016 246 1047 264 eo
1060 242 1175 272 tacente,
1197 237 1254 277 ipsa
1273 237 1332 276 ejus
1352 237 1523 277 interrogatio
1547 237 1696 267 ostenderet

29 284 50 322 ··
62 276 116 292 ⁰⁶¹¹·
126 267 150 300 4·
161 275 231 305 sieut
242 281 280 303 ait
294 275 410 304 Joannes
421 273 557 313 apostolus
569 285 575 301 :
598 274 656 313 Qui
670 274 741 302 dicit
757 284 788 303 se
803 274 898 302 Deum

161 315 293 354 diligere,
297 314 427 354 fratrem
441 319 538 342 autem
553 323 612 341 non
625 313 733 353 diligit,
749 315 896 342 mentitur.

158 353 190 383 Si
209 356 284 382 enim
297 353 428 393 fratrem
438 376 446 390 ,
470 363 554 392 quem
569 354 653 381 vides
662 375 670 389 ‚
695 363 754 381 non
781 353 879 392 diligis
889 374 897 388 ,

159 394 256 422 Deum
265 415 273 428 ‚
288 403 375 432 quem
390 403 450 421 non
468 393 568 428 «vides,
582 393 726 431 quomodo
736 399 816 431 potes
829 392 898 421 dili-

157 443 224 473 gere
231 435 245 460 P
255 433 324 470 Quis
333 432 405 462 enim
415 432 528 461 honorat
537 441 637 471 regem,
647 438 673 460 et
681 432 826 461 contemnit
834 432 899 460 ima-

159 473 247 511 ginem
256 472 335 512 ejus?
345 478 392 501 aut
402 471 463 510 quis
476 472 588 500 honorat
601 470 754 510 imaginem,
770 478 796 500 et
808 477 899 499 aucto-

158 523 215 541 rem
223 512 367 542 contemnit
378 510 519 550 imaginis?
533 512 587 539 Aut
595 510 641 539 ita.
655 510 791 547 Quoniam
803 510 899 539 Phari-

157 551 318 590 saeiquidem
324 551 450 587 sciebant,
456 549 529 589 quod
534 556 601 579 esset
606 559 734 589 magnum
741 549 896 578 mandatnm

157 590 187 620 in
205 591 279 630 lege,
294 590 342 620 sed
363 596 492 619 tentantes
512 589 711 628 interrogabant
725 601 731 617 ι
744 589 838 618 volens
858 589 897 618 eis

158 631 296 660 ostendere
304 654 312 666 ‚
322 630 388 669 quia
400 640 454 659 non
466 628 616 659 sufficiebat
633 629 672 658 eis
685 628 769 658 solius
781 628 831 658 Dei
844 630 894 657 Pa-

157 671 208 700 tris
229 670 331 710 agnitio
353 669 389 699 ad
407 670 534 706 salutem,
557 668 624 697 ideo>
637 678 690 697 non
704 667 792 697 solum
806 668 894 704 dixit,

157 711 272 750 Diliges
285 711 445 739 Dominum
464 709 560 737 Deum
581 715 661 738 tuum
681 709 714 736 in
733 713 792 736 toto
811 709 897 737 cor-de

158 756 219 787 tuo,
235 756 262 779 et
275 752 308 778 in
319 755 382 779 tota
393 751 496 779 aalma
509 755 561 777 tua
576 759 583 776 ε
596 747 644 777 sed
656 746 773 784 addidit,
786 748 897 787 Diliges

154 792 320 829 proximum
338 795 419 818 tuum
439 790 515 818 sicut
536 789 671 828 teipsum,
684 787 731 826 qui
753 794 809 816 erat
827 787 894 827 ipse.

157 830 269 868 Alioqui
275 831 299 859 si
308 829 344 858 ad
353 829 438 858 solam
444 828 576 866 interroga
580 827 678 856 tionem
687 837 780 856 eorum
790 837 830 856 res
832 837 898 866 pon⁶

156 869 249 904 disset,
255 869 388 898 sufficeret
395 868 492 903 dicere,
501 867 612 907 Diliges
621 867 780 896 Dominum
788 867 894 896 Deum:

156 916 182 939 et
203 919 256 938 non
270 908 369 938 addere
378 930 386 943 ,
407 909 436 937 E
438 914 449 937 t
467 909 632 947 proximum
655 913 736 935 tuum
759 909 833 936 sicut
854 913 896 935 te-

155 951 270 989 ipsum:
286 948 433 977 secundm
457 946 530 985 quod
550 953 576 975 et
598 945 665 975 alibi
688 945 809 976 dicitur:
824 947 898 976 Hoec

154 994 199 1018 est
209 991 276 1018 vita
288 995 408 1023 oeterna,
423 993 455 1016 ut
465 992 641 1026 cognoscant
651 992 679 1014 te
691 986 786 1015 solum
802 986 896 1015 Deum

154 1039 276 1064 verum,
300 1034 328 1056 et
347 1038 433 1067 quem
453 1028 557 1056 misisti
572 1026 675 1055 Jesum
686 1026 845 1055 Christum.
860 1027 896 1056 Et

154 1068 218 1098 vide
233 1068 296 1106 quia
308 1077 361 1096 nou
379 1066 466 1103 dixit,
479 1067 628 1105 Cognosces
647 1065 793 1095 Dominum
807 1066 895 1095 Deum

154 1114 250 1145 tuum,
266 1107 330 1143 sed,
346 1106 477 1146 Diliges:
490 1105 618 1144 quoniam
631 1115 789 1145 cognoscere
811 1115 895 1134 unum

155 1148 243 1177 Deum
263 1157 329 1187 pene
342 1146 483 1186 proprium
495 1152 535 1175 est
551 1145 675 1174 humanae
694 1152 794 1174 naturae
808 1157 815 1174 :
831 1144 893 1174 dili-

155 1197 218 1226 gere
235 1194 326 1216 autem
349 1187 437 1216 Deum
449 1208 456 1222 ,
478 1184 597 1224 religiosi
617 1184 706 1214 cordis
725 1191 751 1214 et
770 1184 844 1214 recti.
859 1185 896 1214 Et

155 1227 318 1266 quicumque
330 1225 457 1255 dilexerit
470 1226 557 1254 Deum
569 1235 604 1253 ex
616 1231 672 1253 toto
685 1224 777 1261 corde,
791 1234 844 1253 non
856 1231 895 1254 est

155 1267 284 1306 possibile
298 1272 328 1295 ut
340 1276 394 1295 non
413 1264 551 1311 perveniat
562 1263 599 1293 ad
616 1264 682 1293 Filii
702 1265 761 1304 ejus
780 1263 895 1302 agnitio-

155 1316 228 1343 nem,
243 1306 274 1336 id
283 1313 332 1342 est,
343 1305 472 1346 proximi.
486 1305 549 1344 Ipsa
560 1303 632 1332 enim
641 1303 752 1333 dilectio
762 1303 824 1339 Dei,
835 1314 895 1342 quae

155 1346 184 1375 in
197 1357 228 1376 eo
242 1346 356 1375 habetur
365 1368 373 1382 ,
387 1344 543 1374 illuminans
556 1353 618 1372 eum
627 1365 635 1380 ,
650 1350 758 1383 praestat
774 1343 798 1372 ei
811 1343 896 1373 duca-

154 1392 226 1423 tum,
241 1392 272 1415 ut
285 1391 345 1425 post
355 1386 461 1415 Patrem
473 1390 614 1422 cognoscat
625 1389 652 1412 et
667 1383 778 1412 Filium.
794 1384 843 1412 40.
857 1385 895 1412 In

156 1426 202 1455 his
215 1426 326 1455 duobus
346 1425 494 1453 mandatis
509 1429 571 1452 tota
593 1423 642 1451 lex
661 1423 770 1462 pendet
787 1429 814 1452 et
847 1433 894 1451 ro-

153 1466 258 1504 phetoe.
274 1465 330 1502 Qui
345 1464 499 1503 proximum
512 1473 592 1492 suum
606 1462 656 1491 dili
677 1462 714 1499 it,
729 1473 778 1492 nec
797 1434 895 1492 fassum

155 1505 337 1534 testimonium
349 1503 416 1533 dicit
428 1502 463 1531 de
475 1513 522 1538 eo,
537 1512 618 1540 quem
632 1472 740 1541 diligit,
755 1512 803 1531 nec
823 1502 895 1531 occi-

155 1543 214 1581 dit,
227 1554 276 1574 nec
289 1543 417 1572 mentitur
437 1541 480 1570 illi
490 1563 498 1578 ,
531 1552 592 1570 uem
605 1541 714 1581 diligit,
738 1551 786 1571 nec
795 1551 896 1571 concu-

156 1583 236 1628 piscit
245 1594 303 1613 rem
316 1583 402 1619 illius,
415 1591 495 1627 quem
528 1581 609 1620 iligit,
624 1591 671 1610 nec
685 1581 825 1610 mulierem
837 1581 896 1621 ejus

156 1623 270 1653 invadit.
295 1622 372 1653 Sicut
384 1621 570 1651 odium‘omne
590 1621 690 1650 malum
705 1621 842 1660 suggerit,
857 1621 896 1650 sic

155 1662 264 1693 dilectio
284 1672 362 1692 omne
382 1662 493 1691 bonum.
515 1659 596 1690 Unde
611 1661 648 1690 ait
669 1661 824 1700 apostolus:
840 1661 898 1690 Est

150 1703 244 1743 sides,
267 1713 332 1742 quoe
353 1712 407 1740 per
429 1702 582 1730 caritatem
606 1707 752 1739 operatur.
774 1701 828 1729 Aut
847 1700 894 1729 ita.

156 1743 291 1780 Quoniam
305 1741 340 1771 de
353 1743 431 1771 Patre
441 1747 467 1770 et
479 1739 552 1769 Filio
565 1740 652 1770 omnis
666 1740 858 1780 prophetarum
871 1747 898 1769 et

156 1782 223 1822 legis
245 1781 400 1822 praedicatio
423 1779 567 1809 exsistebat
576 1802 584 1817 ,
606 1790 654 1819 per·
667 1790 735 1818 quos
753 1779 897 1819 prophetas

156 1831 301 1862 agnoscens
314 1821 375 1860 quis
391 1819 546 1860 proximum
559 1830 650 1855 suum,
666 1819 717 1848 hoc
728 1826 778 1855 est,
794 1818 897 1848 Filium

156 1862 219 1897 Dei,
232 1861 267 1891 ad
279 1861 398 1901 primum
408 1859 452 1888 vel
469 1859 618 1888 maximum
630 1858 785 1888 mandatum
799 1868 897 1898 perve-

157 1901 262 1937 niebat,
274 1907 304 1929 ut
317 1900 442 1939 diligeret
458 1898 604 1927 Dominum
617 1900 704 1928 Deum
715 1921 723 1935 ,
738 1899 834 1927 melius
847 1908 897 1926 co-

158 1951 286 1981 gnoscens
294 1950 356 1969 cum
366 1939 524 1979 peripsum.
536 1939 584 1967 41.
601 1938 788 1977 Congregatis
800 1943 897 1966 autem

158 1981 317 2009 Pharisaeis
331 1979 521 2015 interrogavit
533 1987 581 2006 eos
594 1978 681 2007 Jesus
692 1999 700 2013 ,
714 1978 765 2006 42.
779 1977 895 2006 dicens:

162 2020 240 2058 Quid
258 2020 343 2048 vobis
365 2019 484 2048 videtur
506 2017 542 2046 de
560 2017 697 2046 Christo?
718 2018 800 2055 cujus
816 2016 899 2055 filius

159 2062 222 2089 est?
242 2059 479 2098 Responderunt,
494 2057 605 2086 David.
627 2057 676 2086 45.
691 2057 731 2085 Et
744 2056 819 2085 dixit
833 2058 874 2084 eis
888 2066 898 2084 .-

163 2099 312 2137 Quomodo
322 2108 388 2138 ergo
397 2097 498 2127 David
508 2099 540 2125 in
550 2098 653 2135 spiritu
667 2096 823 2125 Dominum
835 2106 899 2124 eum

160 2144 259 2172 vocat,
273 2138 391 2182 sifilius
399 2139 461 2177 ejus
470 2142 512 2166 est
520 2138 534 2163 Ρ
546 2135 635 2166 Judaei
644 2136 803 2164 aestimantes
814 2134 899 2163 homi-

160 2187 220 2206 nem
241 2177 380 2207 Christum
402 2176 539 2206 tentabant
560 2188 566 2204 :
590 2185 638 2204 nec
662 2175 734 2203 enim
759 2180 902 2203 tentassent

162 2227 223 2246 enm
232 2239 239 2252 ,
263 2216 287 2245 si
308 2227 370 2245 eum
390 2216 493 2245 Filium
514 2215 565 2244 Dei
587 2214 772 2244 credidissent.
801 2213 901 2244 Volens

162 2266 227 2295 ergo
239 2255 277 2285 eis
290 2255 413 2285 Christus
425 2253 574 2290 ostendere,
588 2254 652 2292 quia
666 2253 839 2292 cognoscebat
852 2252 902 2280 fal-

163 2295 259 2324 laciam
273 2294 362 2324 cordis
374 2305 479 2329 eorum,
494 2300 518 2322 et
531 2293 594 2332 quia
606 2303 658 2322 non
673 2300 731 2322 erat
744 2293 840 2328 homo,
854 2291 903 2329 qui

163 2335 325 2371 tentabatur,
341 2333 388 2363 sed
403 2335 486 2370 Deus,
501 2343 579 2371 quem
589 2343 667 2362 nemo
676 2338 778 2372 poterat
790 2338 900 2360 tentare.

163 2375 220 2404 Nec
233 2374 321 2403 dicere
334 2380 436 2413 poterat
449 2373 586 2402 manifeste
599 2373 738 2401 veritatem
751 2370 785 2399 de
798 2381 841 2407 se,
855 2380 904 2399 nec

165 2419 251 2442 tacere
264 2426 270 2442 ε
284 2413 373 2443 dicere
383 2413 455 2442 enim
467 2422 520 2441 non
539 2418 654 2451 poterat,
667 2420 702 2439 ne
716 2411 844 2454 majorem
858 2419 904 2438 oc-

166 2452 298 2482 casionem
312 2452 485 2492 blasphemiae
499 2450 661 2480 invenientes
681 2448 770 2479 Judae1
779 2470 787 2485 ,
802 2448 905 2478 insani—

168 2498 226 2520 rent
244 2492 376 2536 amplius;
398 2498 484 2520 tacere
503 2497 592 2519 autem
611 2499 663 2518 non
684 2494 787 2528 poterat
807 2488 907 2518 verita-

169 2537 220 2558 tem
233 2552 241 2566 ,
254 2541 301 2568 qm
322 2531 356 2560 ad
377 2531 429 2559 hoc
443 2536 549 2560 venerat
559 2551 567 2565 ‚
591 2534 620 2556 ut
643 2528 782 2558 veritatem
804 2537 905 2556 annun-

170 2569 246 2598 tiaret
260 2582 266 2598 :
284 2569 344 2599 ideo
356 2570 436 2600 talem
453 2568 685 2607 interrogationem
700 2566 738 2597 eis
751 2567 890 2607 proposuit
901 2589 908 2603 ‚

955 275 1011 310 eis,
1034 275 1097 312 quia
1123 285 1175 304 non
1200 282 1256 305 erat
1275 276 1356 306 homo
1364 299 1372 313 ,
1399 276 1446 306 sed
1470 278 1559 314 Deus,
1583 277 1691 307 dicens:

955 315 997 342 Et
1009 316 1152 353 quomodo
1166 315 1267 344 David
1284 326 1348 344 eum
1368 318 1399 344 in
1419 317 1521 356 spiritu
1533 318 1694 346 Dominum

954 355 1064 382 vocat?
1077 354 1214 393 Numquid
1228 361 1329 394 poterat
1345 355 1476 385 Dominus
1489 356 1547 396 ejus
1559 367 1632 393 esse,
1645 357 1693 402 qui

954 403 988 422 ex
1002 403 1032 422 eo
1045 393 1131 422 fuerat
1145 394 1314 423 nasciturus?
1335 396 1414 431 Puto,
1426 395 1495 425 hanc
1506 397 1690 435 interrogatio-

953 442 1015 461 nem
1028 443 1080 461 non
1092 432 1178 462 solum
1194 440 1285 463 contra
1298 434 1456 470 Pharisaeos,
1473 435 1519 464 sed
1531 436 1612 464 etiam
1626 446 1690 465 con-

954 478 994 501 tra
1005 471 1143 501 haereticos
1155 473 1254 512 posuit.
1265 475 1335 503 Nam
1344 473 1490 503 seeundum
1501 485 1606 504 carnem
1616 475 1691 504 filius

953 518 1009 540 erat
1022 511 1112 540 David
1122 534 1129 548 ‚
1149 513 1280 541 Dominus
1300 519 1389 542 autem
1405 514 1551 543 secundum
1563 514 1691 545 divinita-

953 556 1017 579 tem.
1042 551 1071 580 Si
1085 561 1149 595 ergo
1170 551 1318 580 secundum
1341 562 1446 580 caruem
1465 552 1592 583 dixerunt
1611 554 1691 584 Chri-

953 596 1024 619 stum
1047 591 1194 619 Dommum
1214 591 1304 620 David
1315 613 1323 627 ,
1347 597 1393 619 aut
1416 592 1562 622 secundum
1585 604 1690 623 carnem

949 629 1041 669 jussus
1054 636 1093 658 est
1105 629 1196 659 sedere
1209 629 1244 658 ad
1257 630 1344 659 Patris
1360 630 1495 659 dexteram
1504 653 1512 667 ,
1527 632 1596 661 sicut
1607 633 1690 662 liaere—

952 669 999 697 tici
1020 675 1132 708 putant,
1157 669 1316 709 aequalitatis
1342 669 1511 699 mendacium
1534 682 1691 711 componere

952 708 1105 737 festinantes
1117 721 1123 737 ε
1139 708 1272 746 numquid
1297 709 1420 738 Christus
1441 709 1528 739 David
1553 721 1580 739 se
1603 711 1691 741 filium

952 747 1123 787 denegasset,
1146 748 1197 777 nisi
1216 748 1279 787 quia
1298 755 1358 787 post
1372 748 1462 777 David
1483 749 1590 779 futurus
1604 751 1691 780 esset?

952 788 1022 816 Nam
1036 788 1109 817 filius
1123 794 1208 828 potest
1220 788 1297 817 nobis
1308 798 1379 824 esse,
1395 787 1443 826 qui
1457 796 1517 828 post
1527 799 1575 819 nos
1584 790 1691 820 futurus

953 834 991 856 est
1005 839 1012 856 :
1026 826 1152 857 dominus
1167 834 1256 856 autem
1270 838 1322 856 non
1337 834 1422 867 potest
1435 839 1505 865 esse,
1520 828 1572 858 nisi
1586 829 1632 868 qui
1646 837 1692 859 aut

952 866 1092 896 nobiscum
1102 874 1141 896 est
1151 890 1158 902 ‚
1174 874 1220 896 aut
1240 874 1300 896 ante
1314 877 1361 896 nos
1373 874 1421 896 est.
1438 868 1561 898 Christus
1574 880 1637 908 ergo
1649 880 1690 898 se-

952 906 1072 935 cundum
1086 917 1193 937 carnem
1204 913 1263 946 post
1276 907 1363 936 David
1376 913 1425 943 est,
1440 907 1585 937 secundum
1595 908 1692 938 divini-

951 952 1032 975 tatem
1047 953 1134 975 autem
1151 954 1211 976 ante
1226 946 1326 976 David.
1341 947 1414 985 Ergo
1428 946 1506 976 illum
1526 947 1692 987 significabat

952 986 1099 1015 Dominum
1113 996 1204 1023 suum,
1220 986 1299 1014 illum
1310 985 1476 1024 significabat
1487 987 1635 1026 jubendum
1647 999 1691 1017 se-

952 1024 1031 1061 dere,
1046 1025 1095 1064 qui
1106 1025 1163 1065 jam
1182 1033 1246 1055 tunc
1267 1032 1323 1054 erat
1336 1025 1498 1064 Unigenitus
1512 1026 1573 1056 Dei.
1586 1028 1636 1057 46.
1651 1029 1692 1057 Et

953 1075 1037 1094 nemo
1058 1072 1172 1104 poterat
1196 1065 1368 1104 respondere
1388 1067 1416 1093 ei
1436 1067 1558 1095 verbum
1567 1089 1575 1103 ,
1599 1077 1692 1106 neque

952 1114 1041 1134 ausus
1050 1111 1092 1134 est
1104 1107 1257 1144 quisquam
1272 1115 1307 1133 ex
1325 1105 1381 1133 illa
1403 1105 1475 1134 hora
1489 1116 1555 1134 eum
1567 1117 1614 1135 am
1635 1107 1692 1135 lius

952 1145 1142 1184 interrogare.
1167 1144 1295 1174 Confusio
1323 1144 1471 1173 multorum
1504 1145 1571 1174 facta
1606 1118 1692 1175 dierat

951 1183 1096 1229 disciplina
1118 1191 1286 1213 cunctorum.
1311 1185 1382 1214 Nam
1405 1184 1428 1213 si
1453 1183 1604 1221 credimus,
1628 1186 1691 1224 quia

952 1233 1040 1252 omma
1055 1223 1093 1252 ibi
1108 1225 1255 1253 secundum
1267 1223 1317 1253 Dei
1335 1223 1532 1263 providentiam
1546 1225 1692 1264 agebantur

952 1269 976 1292 et
989 1263 1158 1299 dicebantur,
1172 1263 1348 1302 intelligimus
1359 1263 1484 1301 quoniam
1499 1273 1563 1300 non,
1578 1264 1634 1293 illis
1647 1264 1692 1293 de-

951 1303 1100 1332 sinentibus
1123 1302 1302 1342 interrogare,
1331 1302 1455 1332 Christus
1476 1302 1555 1332 desiit
1575 1303 1689 1333 docere:

951 1342 998 1371 sed
1012 1342 1075 1381 quia
1096 1342 1220 1372 Christus
1239 1342 1354 1371 desierat
1364 1352 1409 1371 eos
1419 1343 1476 1382 jam
1495 1342 1609 1372 ulterius
1622 1343 1693 1373 velle

950 1381 1059 1419 docere,
1071 1381 1131 1410 ideo
1140 1389 1166 1411 et
1176 1381 1218 1411 illi
1231 1381 1367 1411 desierunt
1380 1382 1438 1411 ausi
1449 1392 1504 1411 esse
1516 1382 1615 1412 interro
1635 1394 1690 1412 arc.

950 1422 1021 1451 Nam
1041 1421 1088 1460 qui
1112 1422 1180 1450 mari
1202 1421 1346 1451 terminum
1370 1421 1476 1461 posuit,
1496 1421 1553 1462 ipse
1574 1433 1606 1451 au
1629 1422 1691 1451 aciae

951 1460 1053 1490 diaboli
1068 1460 1196 1491 adversus
1210 1471 1237 1491 se
1251 1460 1368 1501 agentis,
1385 1460 1492 1499 quando
1505 1461 1593 1492 voluit
1603 1484 1611 1499 ,
1628 1469 1690 1491 tunc

950 1501 1031 1530 finem
1045 1500 1144 1541 posuit.

1088 1583 1223 1614 Homilia
1235 1582 1314 1623 xiiij.
1327 1594 1363 1613 ex
1383 1591 1446 1624 cap'.
1462 1582 1550 1624 xxiij.

991 1661 1004 1687 1
1014 1681 1020 1688 .
1040 1659 1120 1688 Tunc
1132 1658 1220 1687 Jesus
1234 1657 1371 1697 loquutus
1384 1663 1427 1686 est
1437 1658 1478 1687 ad
1487 1660 1598 1697 turbas,
1610 1666 1638 1689 et
1652 1661 1692 1689 ad

952 1698 1109 1737 discipulos
1129 1706 1213 1734 suos,
1229 1702 1259 1728 2.
1281 1698 1379 1726 dicens
1390 1708 1398 1724 .·
1411 1697 1502 1737 Super
1521 1699 1692 1728 cathedram

952 1739 1029 1767 Mosi
1047 1737 1183 1766 sederunt
1203 1738 1304 1765 scriboe
1318 1743 1346 1765 et
1363 1737 1518 1766 Pharisaei.
1539 1739 1569 1767 5.
1587 1740 1692 1768 Omnia

951 1787 1017 1816 ergo
1030 1786 1219 1817 quoecumque
1232 1776 1358 1804 dixerint
1367 1777 1460 1813 vobis,
1476 1783 1588 1807 servate
1602 1785 1630 1811 et
1634 1780 1691 1820 fa—

952 1819 1007 1845 cite
1015 1828 1025 1845 .-
1036 1817 1193 1846 secundum
1202 1824 1288 1855 opera
1296 1826 1365 1844 vero
1375 1825 1472 1844 eorum
1481 1817 1572 1845 nolite
1579 1817 1690 1856 facere.

953 1857 1064 1886 Dicunt
1076 1858 1152 1884 enim
1161 1878 1170 1891 ,
1183 1861 1211 1884 et
1229 1863 1288 1883 non
1294 1855 1418 1894 faciunt
1430 1867 1437 1883 t
1452 1855 1482 1884 4.
1496 1855 1621 1896 alligant
1635 1868 1692 1887 au-

954 1903 1011 1926 tem
1022 1905 1113 1924 onera
1122 1896 1227 1935 gravia
1238 1901 1266 1923 et
1279 1895 1487 1933 importabilia,
1502 1902 1530 1925 et
1541 1898 1694 1936 imponunt

954 1939 986 1965 in
997 1936 1131 1964 humeros
1145 1935 1305 1970 hominum,
1318 1934 1410 1974 digito
1421 1941 1516 1963 autem
1528 1945 1579 1964 suo
1589 1937 1693 1965 nolunt

954 1986 989 2005 ea
1005 1984 1129 2004 movere.
1143 1975 1172 2004 5.
1191 1974 1297 2002 Omnia
1308 1984 1379 2002 vero
1391 1983 1478 2012 opera
1489 1984 1543 2003 sua
1551 1976 1690 2017 faciunt,

918 2023 937 2046 1)
955 2021 988 2044 ut
1011 2014 1172 2043 videantur·
1191 2014 1228 2041 ab
1253 2014 1427 2042 hominibus.
1455 2014 1593 2043 Dilatant
1616 2017 1692 2044 enim

953 2053 1141 2095 phylacteria
1171 2062 1242 2087 sua,
1269 2059 1297 2081 et
1322 2052 1511 2093 magnificant
1531 2054 1668 2094 fimbrias
1683 2066 1690 2082 .·

954 2094 985 2124 6.
1001 2099 1102 2123 amant
1112 2098 1210 2121 autem
1225 2093 1332 2132 primos
1350 2093 1493 2123 recubitus
1505 2094 1535 2121 in
1547 2095 1650 2130 coenis,
1665 2101 1693 2122 et

954 2135 1065 2173 primas
1083 2131 1236 2161 cathedras
1257 2133 1287 2159 in
1302 2133 1476 2170 synagogis,
1493 2134 1521 2161 7.
1536 2139 1564 2161 et
1584 2133 1694 2162 saluta-

958 2175 1049 2202 tiones
1065 2172 1187 2212 insom,
1201 2177 1228 2199 et
1243 2173 1346 2200 vocari
1360 2172 1396 2199 ab
1412 2171 1575 2200 hominibus
1586 2171 1689 2200 Rabhi.

957 2213 986 2242 8.
1004 2213 1060 2241 Vos
1079 2217 1177 2239 autem
1199 2210 1290 2239 nolite
1311 2212 1415 2238 vocari
1432 2211 1527 2239 Rabbi
1539 2222 1547 2238 .·
1563 2220 1637 2239 unus
1651 2217 1693 2239 est
1726 2214 1727 2217 ’

958 2253 1034 2280 enim
1046 2252 1184 2290 magister
1192 2256 1301 2286 vester,
1310 2259 1407 2278 omnes
1417 2255 1514 2277 autem
1522 2259 1576 2278 vos
1577 2249 1692 2288 fratres

958 2292 1036 2320 estis.
1051 2292 1079 2320 9.
1094 2291 1135 2318 Et
1143 2296 1255 2329 patrem
1274 2290 1365 2317 nolite
1380 2297 1486 2316 vocare
1506 2289 1590 2315 vobis
1609 2297 1694 2326 super

960 2336 1066 2359 terram
1076 2342 1082 2358 ε
1093 2339 1169 2358 unus
1176 2331 1252 2357 enim
1261 2334 1302 2356 est
1311 2328 1402 2356 Pater
1409 2328 1567 2365 ναίει-,φῶ
1574 2327 1605 2354 in
1615 2327 1692 2356 coelis

960 2376 1014 2399 est.
1025 2371 1072 2399 10.
1086 2369 1147 2398 Nec
1164 2368 1307 2396 vocemini
1319 2367 1463 2404 magistri,
1475 2367 1545 2403 quia
1554 2366 1696 2404 Magister

961 2414 1058 2438 vester
1066 2417 1141 2437 unus
1149 2412 1190 2435 est
1201 2407 1222 2435 C
1225 2407 1339 2434 hristus.
1353 2406 1400 2432 11.
1419 2404 1475 2441 Qui
1491 2405 1584 2443 major
1591 2411 1632 2433 est
1645 2415 1696 2434 ve·
1711 2424 1714 2427 -

962 2455 1064 2485 strum,
1071 2449 1125 2476 erit
1131 2447 1263 2474 minister
1271 2450 1374 2472 vester.
1381 2444 1392 2470 1
1400 2445 1429 2471 9.
1444 2443 1501 2480 Qui
1507 2449 1604 2472 autem
1612 2454 1642 2473 se
1647 2455 1695 2473 ex-

964 2488 1111 2522 altaverit,
1128 2484 1340 2513 humiliabitur.
1351 2487 1379 2510 et
1393 2483 1443 2520 qui
1451 2491 1481 2510 se
1489 2482 1695 2519 humiliaverit,
1707 2490 1812 2510 cumn

965 2527 1154 2555 exaltabitur.
1174 2525 1314 2559 Postquam
1337 2520 1468 2549 Dominus
1493 2521 1589 2561 impios
1609 2533 1699 2552 sacer-

965 2565 1039 2594 dotes
1062 2573 1141 2602 super
1167 2572 1192 2590 se
1215 2562 1354 2597 irruentes,
1370 2559 1446 2598 qnasi
1470 2560 1568 2591 feroces
1590 2562 1700 2600 bestias,
