1890 2826
207 184 277 221 268

198 259 285 299 soeno
297 263 329 287 ut
341 258 444 287 bovem
457 256 628 285 cibaverunt
645 264 722 290 eum,
735 259 764 284 et
776 263 796 283 a
806 263 871 283 rore
884 252 948 282 coeli

205 314 310 345 corpus
329 305 392 344 ejus
414 304 537 332 tinctum
554 307 609 342 est,
625 300 719 329 donec
729 301 865 340 cognovit
878 300 950 339 quia

206 352 377 380 dominatur
397 350 479 379 Deus
492 348 652 378 altissimus
665 356 752 386 super
759 356 883 386 regnum
896 346 948 375 ho-

204 401 331 436 minum,·
345 406 372 427 et
388 399 436 427 cui
456 397 554 426 visum
564 394 663 435 suerit
676 393 759 423 dabit
775 391 863 423 illud.
879 393 949 422 Nam

206 445 228 475 si
248 445 295 474 ille
306 468 314 481 ‚
328 443 429 483 inquit,
448 442 527 473 venia
545 440 673 481 indignus
691 440 754 478 fuit,
778 446 808 469 tu
830 439 878 479 qui
889 444 950 479 post

205 492 340 533 ejusmodi
361 490 517 531 exemplum
537 498 590 518 non
614 486 761 527 resipuisti,
782 495 865 525 quam
896 495 949 524 poe-

205 549 279 575 nam,
298 547 398 577 quaeso,
421 535 553 566 mereris?
573 535 665 573 Neque
678 532 749 562 enim
769 531 805 562 ad
827 532 949 572 ignoran-

206 584 271 614 tiam
295 591 369 624 potes
399 582 552 622 oonfugere.
577 581 673 614 Nonne
699 579 756 608 haee
782 578 873 608 omnia
899 588 947 607 no·
965 579 983 602 B

206 630 303 661 veras?
328 631 466 667 Quasnam
482 628 590 658 cuinam
603 626 734 666 praefers?
758 635 803 655 eos
825 624 873 663 qui
895 634 948 653 non

206 675 331 714 audiunt,
356 685 441 714 neque
465 673 578 704 vident?
593 674 642 702 22.
670 672 713 701 Et
736 676 768 700 tu
778 671 860 709 filius
885 672 947 710 ejus

205 723 347 753 Baltasar
364 733 425 752 non
438 721 599 751 humiliasti
610 729 660 749 cor
670 725 752 749 tuum
763 728 861 748 coram
870 719 944 748 Deo.

205 771 316 800 Nonne
336 770 435 799 omnia
452 769 514 797 hoec
534 769 645 796 noras?
658 767 707 796 95.
729 766 770 796 Et
782 775 870 804 super
883 766 947 794 Do-

205 818 315 845 minum
338 815 434 845 Deum
466 813 530 843 caeli
560 812 692 843 elevatus
713 822 743 841 es
755 834 762 849 ‚
786 818 814 841 et
845 812 948 842 domus

204 865 266 903 ejus
281 872 359 892 vasa
371 861 497 891 attulisti
505 869 604 890 coram
616 865 644 889 te
657 871 665 888 ε
679 865 708 888 et
723 865 766 895 tu,
780 864 808 887 et
822 860 948 898 optima-

204 916 246 939 tes
261 911 315 946 tui,
327 915 356 938 et
370 907 524 938 concubina·
547 907 601 942 tui,
615 911 645 935 et
665 905 786 944 pellices
801 910 858 934 tuoe
875 906 949 935 hibi-

203 959 256 988 stt’s
267 959 372 987 vinum
394 957 426 985 in
442 956 484 985 eis
497 967 505 983 .·
519 953 647 993 deosque
663 962 779 990 aureos,
801 958 830 981 et
849 964 950 993 argen-

203 1012 274 1042 teos,
285 1009 314 1033 et
336 1012 442 1039 aeneos,
457 1007 485 1030 et
488 1000 618 1041 ferreos,
635 1005 663 1029 et
687 999 811 1039 ligneos,
825 1005 854 1028 et
874 1000 949 1040 lapi—

204 1053 285 1090 deos,
298 1052 349 1092 qui
364 1061 424 1079 non
442 1049 560 1084 vident,
577 1052 606 1075 et
626 1057 686 1075 non
698 1047 835 1084 audiunt,
847 1053 876 1076 et
890 1057 950 1076 non

203 1103 391 1140 cognoscunt,
402 1095 545 1128 laudasti,
558 1099 585 1122 et
600 1093 705 1129 Deum,
717 1091 804 1133 cujus
812 1095 846 1122 in
859 1104 948 1123 manu
965 1091 984 1114 C

203 1145 343 1187 estflatus
366 1149 445 1177 tuus,
458 1147 485 1170 et
500 1149 598 1170 omnes
621 1141 681 1168 vice
695 1145 763 1175 tuoe,
778 1141 874 1179 ipsum
890 1150 949 1170 non

202 1191 383 1232 glorificasti.
399 1190 449 1218 214.
468 1188 582 1217 Idcirco
591 1186 703 1226 asacie
716 1187 779 1225 ejus
793 1188 897 1216 missus
907 1194 951 1217 est

203 1238 345 1267 articulus
359 1245 475 1270 manus,
485 1240 513 1263 et
528 1235 606 1263 hanc
618 1233 791 1272 scripturam
802 1234 948 1263 exaravit.

202 1285 250 1314 25.
265 1284 305 1313 Et
316 1284 377 1312 haec
389 1288 432 1312 est
445 1286 569 1309 exarata
579 1280 724 1318 scriptura
735 1288 743 1304 .-
756 1280 859 1315 Mane,
875 1279 948 1308 The·

202 1331 259 1368 cel,
274 1329 464 1359 Pharo-5:96.
481 1333 510 1357 et
526 1328 589 1356 haec
603 1332 645 1355 est
657 1326 857 1364 interpretatio
876 1325 945 1354 visi.

204 1378 311 1407 Mane.-
323 1384 439 1405 mensus
450 1380 493 1404 est
502 1374 584 1404 Deus
596 1382 715 1413 regnum
730 1376 821 1408 tuum,
831 1377 861 1400 et
872 1381 947 1400 com-

201 1425 294 1463 plevit
306 1423 393 1454 illud.
409 1423 460 1452 27.
477 1420 582 1451 Thecel
596 1431 605 1447 .·
618 1427 777 1459 appensum
789 1424 831 1447 est
844 1419 877 1446 in
888 1425 948 1447 sta-

202 1477 277 1508 tera,
293 1476 322 1499 et
338 1471 492 1499 inventum
509 1475 552 1497 est
573 1467 718 1507 deficiens.
740 1465 790 1496 28.
807 1465 922 1494 Phares
936 1477 947 1494 .-

203 1517 329 1546 divisum
343 1522 387 1546 est
404 1524 524 1555 regnum
539 1520 632 1549 tuum,
645 1518 674 1541 et
685 1511 788 1540 datum
798 1517 843 1541 est
851 1510 948 1540 Medis

204 1574 239 1593 ac
262 1564 371 1593 Persis.
396 1562 525 1597 Idcirco,
539 1560 589 1596 ait,
614 1559 696 1589 Deus
718 1567 841 1597 regnum
864 1564 946 1587 tuum

204 1619 318 1640 mensus
331 1615 385 1645 est,
399 1615 429 1638 et
442 1607 568 1637 divisum
590 1612 643 1635 est.
667 1605 702 1635 Et
715 1604 768 1634 hoc
791 1604 820 1633 in
842 1603 947 1644 suppli-
961 1607 981 1630 Ι)

202 1658 275 1688 cium
282 1658 345 1694 fuit,
358 1655 433 1696 quod
441 1654 561 1685 divisum
571 1659 621 1691 est,
635 1662 683 1681 nec
691 1651 788 1682 mansit
799 1651 944 1691 integrum.

202 1704 284 1743 Quod
300 1710 326 1733 et
346 1702 374 1732 in
390 1701 533 1732 Salomone
550 1699 673 1739 contigit.
698 1699 759 1728 Non
780 1697 862 1727 modo
882 1697 947 1736 quia

201 1751 345 1783 Baltasaris
367 1749 443 1780 filius
457 1758 510 1778 non
523 1747 629 1787 excepit
641 1755 766 1786 regnum,
781 1744 828 1774 sed
839 1751 867 1774 et
883 1745 947 1784 quia

202 1798 320 1828 divisum
338 1804 387 1827 est.
405 1794 480 1826 Vide
497 1800 528 1823 ut
537 1794 613 1823 Deus
626 1803 654 1822 se
676 1791 718 1821 illi
733 1797 861 1821 excuset:
883 1790 947 1821 vide

201 1853 231 1875 ut
242 1856 290 1875 rex
303 1842 497 1874 infortuniisui
517 1841 553 1870 sit
574 1846 678 1869 auctor.
691 1840 729 1868 In
739 1839 833 1878 cujus,
848 1837 945 1877 inquit,

202 1903 291 1922 manu
302 1897 345 1920 est
363 1890 458 1932 flatus
482 1895 558 1917 tuus.
569 1888 665 1917 Nonne
685 1885 759 1915 enim
771 1891 875 1925 poterat
891 1890 946 1914 sta-

200 1939 249 1968 tim
262 1945 288 1968 te
301 1934 479 1966 interimere?
499 1933 554 1965 Sed
575 1932 680 1973 patiens
705 1931 767 1960 fuit.
783 1932 872 1968 Quem
891 1940 945 1960 non

201 1986 258 2015 haec
270 1993 347 2024 poena
358 1981 557 2023 perterruisset,
566 1989 650 2018 eaque
662 1979 690 2008 in
702 1978 855 2019 propinquo
864 1978 878 2007 ἶ)
891 1978 945 2009 Vi-

233 2097 245 2109 n
261 2088 333 2117 ἐδόθη
342 2089 426 2117 Μήδοις
435 2088 472 2119 καὶ.
484 2089 589 2120 Πέρσαις.
602 2083 661 2108 Non
670 2081 743 2114 dicit,
758 2081 866 2107 Dabitur
878 2080 959 2107 Hedifl

200 2137 230 2153 ac
242 2127 339 2159 Persis3
352 2134 408 2157 uec,
423 2125 518 2149 Datum
527 2128 566 2148 est
576 2120 746 2156 Nabonnido35
759 2120 803 2146 sed
815 2120 912 2146 Datum
924 2126 960 2146 est

200 2167 288 2192 Medis
299 2175 330 2191 ac
341 2165 438 2194 Persis,
447 2169 475 2188 ut
481 2161 514 2187 de
520 2170 548 2187 re
554 2162 607 2195 jam
618 2161 716 2193 futui-³3
729 2167 815 2186 errant
827 2160 901 2194 igitur
910 2160 958 2186 viri

199 2206 270 2232 docti
281 2205 325 2239 qui
335 2204 385 2229 hoc
396 2202 543 2228 vaticinium
555 2200 687 2234 impletum
697 2200 770 2225 annis
782 2205 840 2232 post
851 2206 959 2232 septem-

199 2246 284 2272 decim
304 2242 470 2270 contendunt.
492 2239 589 2266 Eadem
606 2240 697 2273 quippe
714 2245 790 2265 nocte
807 2240 904 2264 occisus
921 2245 960 2264 est

200 2285 322 2318 Baltasar,
340 2289 367 2309 et
381 2280 497 2316 Babylon
513 2285 664 2313 expugnata.
686 2279 739 2304 Nec
758 2277 844 2304 obstat
862 2277 931 2303 locus
944 2280 954 2303 4

198 2326 260 2359 Reg.
272 2325 312 2355 ¹5,
323 2324 367 2351 28.
379 2330 454 2355 quem
463 2319 552 2353 objicit
563 2317 717 2344 clarissimus
732 2317 863 2342 Petavius:
877 2316 960 2342 Scidit

199 2365 325 2390 Dominus
340 2369 445 2395 regnum
465 2358 551 2384 Israel
560 2363 612 2383 ate
629 2357 712 2390 hodie,
730 2362 753 2381 et
773 2356 879 2381 tradidit
893 2356 960 2381 illud

197 2405 313 2438 proximo
321 2408 371 2433 ruo,
381 2399 479 2425 meliori
487 2405 519 2424 te.
530 2395 713 2431 Imeuigendus
722 2396 790 2421 enim
799 2401 837 2420 est
845 2394 878 2420 de
886 2395 957 2421 inun-

199 2443 284 2469 ctione
294 2440 409 2473 navidis,
421 2447 477 2473 qum
491 2446 544 2464 non
555 2436 636 2462 multo
647 2440 705 2469 post
716 2441 754 2461 est
763 2434 841 2460 facta.
854 2434 921 2460 Sunt
932 2441 957 2460 et

199 2482 248 2508 alia
260 2490 312 2507 non
323 2487 404 2514 pauca
413 2482 570 2511 arguments,
580 2474 671 2509 quibus
681 2473 766 2500 fabula
773 2473 843 2499 Darii
853 2472 957 2499 Nabon-

200 2519 400 2555 nidijugulatur3
413 2525 520 2552 quorum
532 2514 653 2542 nonnulla
665 2522 720 2546 n03,
734 2513 755 2539 si
766 2513 866 2539 occasio
878 2512 954 2546 feret,

191 2571 242 2586 nou
251 2560 407 2586 omittemus.

224 2602 236 2620 ¹²
253 2603 297 2625 οὐκ
311 2603 355 2632 ἔχω
368 2603 442 2629 εἰπεῖν,
456 2600 569 2629 ὀὲκγονος.
578 2591 635 2620 Una
644 2593 757 2619 omnium
768 2591 948 2620 verisimillima

552 192 583 216 S.
609 191 744 216 JOANMS
769 190 952 215 CHRYSOST.
980 189 1134 215 Ancumr.
1161 193 1424 218 CONSTANTINOP-

1002 253 1056 282 τῶν
1069 253 1224 294 ἀνθρώπων,
1237 255 1283 285 καὶ
1294 251 1317 296 ᾧ
1331 255 1377 286 ἐὰν
1389 255 1451 296 δόξῃ
1470 256 1549 286 δώσει
1567 256 1658 292 αὐτήν.
1674 256 1707 286 Εἰ
1721 255 1772 295 γὰρ

1003 299 1115 335 ἐκεῖνος,
1128 301 1209 341 φησὶ,
1222 301 1422 342 ἀσύγγνωστος,
1435 300 1468 332 σὺ
1486 304 1500 332 ὁ
1515 301 1584 341 μετὰ
1602 301 1772 342 παράδειγμα

1002 347 1118 376 τοιοῦτον
1133 346 1171 386 μὴ
1182 348 1375 388 σωφρονισθεὶς,
1382 348 1452 382 τίνος
1465 347 1547 385 ἄξιος,
1558 348 1616 378 εἰπέ
1628 360 1689 387 μοις
1701 347 1772 378 Οὐδὲ

1002 392 1053 432 γὰρ
1067 394 1105 426 εἷς
1118 393 1224 432 ἄγνοιαν
1236 394 1306 435 ἔχεις
1318 399 1489 435 καταφυγεῖν.
1505 395 1576 425 Οὐδὲ
1587 394 1675 424 πάντα
1687 396 1772 425 ταῦτα

1002 439 1090 479 ᾔδεις;
1104 439 1195 470 *Τίνα
1214 440 1284 475 τίνος
1304 446 1451 482 προτιμᾷς
1463 441 1524 475 τοὺς
1542 443 1591 472 οὐκ
1613 440 1772 478 ἀκούοντας,

1002 485 1061 514 οὐδὲ
1073 485 1234 526 βλέποντας,
1246 488 1301 518 Καὶ
1313 487 1344 517 σὺ
1358 490 1373 518 ὁ
1390 487 1444 522 υἱὸς
1466 489 1546 518 αὐτοῦ
1558 486 1702 527 Βαλτάσαρ
1724 488 1772 517 οὔκ

1002 531 1181 566 ἐταπείνωσας
1193 533 1242 570 τὴν
1255 534 1364 574 καρδίαν
1374 545 1421 564 σου
1435 535 1494 564 κατ’
1507 533 1619 564 ἐνώπιον
1632 535 1679 563 τοῦ
1690 534 1771 563 Θεοῦ.

1004 579 1044 608 Οὐ
1058 578 1145 608 πάντα
1157 583 1242 610 ταῦτα
1255 581 1348 621 ἔγνως
1359 580 1413 611 Καὶ
1423 581 1467 611 ἐπὶ
1480 580 1525 611 τὸν
1539 579 1636 620 Κύριον
1649 579 1694 610 τὸν
1702 579 1772 610 Θεὸν

1001 626 1048 653 τοῦ
1060 625 1169 665 οὐρανοῦ
1190 626 1312 667 ὕψώθης,
1325 626 1370 657 καὶ
1383 627 1418 660 τὰ
1439 626 1521 663 σκεύη
1539 628 1585 656 τοῦ
1607 626 1680 656 οἴκου
1691 626 1771 655 αὐτοῦ

1003 671 1115 710 ἤνεγκας
1129 672 1240 702 ἐνώπιόν
1253 685 1300 704 σου
1309 685 1316 692 ·
1329 673 1376 703 καὶ
1389 673 1422 703 σὺ
1430 696 1438 711 ,
1449 673 1495 703 καὶ
1503 674 1528 703 οἱ
1542 671 1696 713 μιγιστᾶνές
1708 683 1770 708 σου,

1003 717 1048 747 καὶ
1061 719 1085 747 οἳ
1099 718 1257 758 παράκοιτοί
1271 731 1317 750 σου
1328 741 1336 755 ,
1350 719 1395 749 καὶ
1418 721 1446 750 αἱ
1460 719 1597 750 παλλακαί
1608 730 1655 749 σου
1669 718 1771 749 finivere
1825 738 1827 740 -

1003 758 1070 793 οἶνον
1080 765 1108 793 ἐν
1122 766 1223 799 αὐτοῖς·
1238 766 1284 795 καὶ
1295 765 1355 799 τοὺς
1368 765 1442 800 θεοὺς
1452 765 1512 800 τοὺς
1522 767 1653 806 χρυσοῦς,
1666 764 1713 795 καὶ
1726 766 1772 804 ἀρ-

1002 813 1096 850 γυροῦς
1105 833 1112 847 ,
1134 810 1180 840 καὶ
1200 812 1331 851 χαλκοῦς,
1346 812 1391 842 καὶ
1412 813 1550 853 σιδηροῦς,
1571 811 1617 842 καὶ
1640 810 1772 847 ξυλίνους,

1002 856 1047 885 καὶ
1060 856 1187 894 λιθίνους,
1198 857 1223 886 οἳ
1235 860 1265 887 οὐ
1281 858 1426 897 βλέπουσι,
1437 858 1484 888 καὶ
1508 859 1556 888 οὐκ
1573 857 1712 893 ἀκούουσι,
1726 857 1772 887 καὶ

1002 902 1031 930 οὔ
1044 902 1225 942 γινώσκουσιν,
1239 904 1351 944 ᾔνεσας,
1366 904 1412 934 καὶ
1421 905 1465 934 τὸν
1478 904 1557 941 Θεὸν,
1571 899 1601 944 οὗ
1613 906 1630 940 ἡ
1644 903 1712 940 πνοή
1724 914 1772 934 σου

1001 948 1030 977 ἐν
1040 949 1111 988 χειρὶ
1120 950 1199 980 αὐτοῦ
1209 973 1217 988 ,
1226 950 1272 981 καὶ
1285 956 1370 981 πᾶσαι
1382 952 1409 980 αἱ
1422 950 1478 981 ὁδοί
1491 962 1553 987 σου,
1567 950 1646 980 αὐτὸν
1657 951 1706 980 οὐκ
1716 949 1772 980 ἐδό-

1003 994 1092 1029 ξασας.
1113 996 1166 1026 Διὰ
1191 999 1269 1027 τοῦτο
1293 998 1323 1027 ἐκ
1348 997 1492 1038 προσώπου
1525 998 1606 1027 αὐτοῦ
1632 995 1770 1033 ἀπεστάλη

1002 1041 1167 1081 ἀστράγαλος
1181 1043 1283 1083 χειρὸς,
1296 1044 1342 1073 καὶ
1354 1044 1403 1080 τὴν
1420 1043 1525 1084 γραφὴν
1538 1043 1637 1080 ταύτην
1657 1042 1771 1077 ἰνίταξε.

1003 1085 1057 1115 Καὶ
1078 1087 1145 1124 αὕτη
1160 1091 1176 1124 ἡ
1197 1088 1285 1130 γραφὴ
1309 1092 1326 1126 ἡ
1344 1089 1519 1130 ἐντεταγμένη
1531 1102 1538 1109 ·
1553 1090 1648 1126 Μανὴ,
1670 1089 1773 1125 Θικὲλ,

1002 1132 1093 1172 Φαρές
1102 1145 1109 1152 ·
1122 1133 1167 1163 καὶ
1179 1137 1257 1165 τοῦτο
1269 1135 1301 1165 τὸ
1312 1135 1446 1176 σύγκριμα
1456 1139 1504 1166 τοῦ
1521 1136 1663 1176 ὁράματος.
1676 1136 1772 1173 Μανή’

1001 1178 1147 1219 ἐμέτρησεν
1157 1182 1171 1210 ὀ
1185 1181 1254 1216 Θεὸς
1268 1181 1317 1218 τὴν
1333 1182 1468 1222 βασιλείαν
1481 1194 1528 1212 σου
1537 1206 1546 1220 ,
1559 1182 1605 1213 καὶ
1618 1182 1772 1223 ἐπλήρωσεν

1002 1226 1094 1262 αὐτήν.
1117 1227 1221 1257 Θεκέλ·
1236 1227 1334 1265 ἐστάθη
1358 1229 1386 1258 ἐν
1405 1230 1492 1269 ζυγῷ,
1506 1228 1552 1258 καὶ
1575 1228 1669 1269 εὑρέθη
1693 1231 1773 1259 ὑστε-

1003 1274 1093 1311 ροῦσα.
1107 1273 1213 1313 Φαρές·
1234 1274 1341 1315 διῃρέθη
1356 1277 1373 1311 ἡ
1389 1275 1512 1315 βασιλεία
1530 1287 1595 1313 σου,
1616 1276 1662 1306 καὶ
1675 1276 1771 1312 *town

1002 1319 1103 1355 Μήδοις
1119 1319 1164 1349 καὶ
1178 1319 1303 1360 Πέρσαις.
1317 1321 1368 1351 Διὰ
1392 1324 1485 1358 τοῦτο,
1497 1322 1581 1363 φησὶ,
1601 1323 1747 1363 ἐμέτρησεν
1758 1326 1772 1353 ὁ

1001 1366 1069 1399 Θεὸς
1081 1365 1130 1402 τὴν
1148 1367 1284 1406 βασιλείαν
1298 1379 1345 1397 σου
1357 1391 1365 1405 ,
1379 1367 1424 1397 καὶ
1437 1368 1555 1409 διῃρέθη.
1568 1369 1622 1399 Καὶ
1635 1371 1714 1399 τοῦτο
1735 1372 1772 1404 εἰς

999 1411 1139 1453 τιμωρίαν,
1151 1412 1182 1442 τὸ
1196 1413 1375 1453 διαιρεθῆναι,
1390 1414 1435 1444 καὶ
1449 1415 1487 1454 μὴ
1507 1415 1595 1454 μένειν
1612 1415 1694 1452 αὐτὴν
1707 1416 1770 1446 ὀλό-

999 1459 1107 1499 κληρον.
1122 1459 1211 1500 Ὅπερ
1230 1456 1276 1490 οὖν
1288 1460 1334 1490 καὶ
1345 1461 1390 1490 ἐπὶ
1403 1461 1576 1501 Σολομῶντος
1594 1461 1710 1502 γέγονεν.
1727 1464 1769 1493 Οὐ

1000 1505 1079 1543 μόνον
1092 1506 1123 1536 τὸ
1137 1506 1174 1545 μὴ
1187 1506 1279 1536 λαθεῖν
1290 1507 1335 1537 τὸν
1354 1507 1421 1545 υἱὸν,
1432 1508 1501 1538 ἀλλὰ
1522 1509 1568 1539 καὶ
1588 1509 1620 1539 τὸ
1633 1510 1769 1549 διαιρεθῆ-

1000 1561 1052 1580 ναι.
1065 1550 1140 1591 αΟρα
1153 1551 1365 1591 ἀπολογούμενον
1381 1553 1453 1592 αὐτῷ
1464 1553 1509 1583 τὸν
1523 1553 1606 1583 Θεόν·
1621 1553 1671 1594 ὅρα
1690 1554 1768 1584 αὐτὸν
1813 1558 1818 1564 “

1000 1595 1083 1626 αἴτιον
1096 1597 1168 1627 ὄντα.
1177 1593 1219 1627 Οὗ
1229 1599 1246 1633 ἡ
1259 1597 1328 1633 πνοή
1341 1608 1389 1627 σου
1396 1620 1404 1634 ,
1415 1598 1497 1638 φησὶ,
1507 1600 1534 1628 ἐν
1543 1599 1614 1639 χειρὶ
1623 1601 1712 1630 αὐτοῦ.
1720 1599 1768 1636 Μὴ

999 1641 1050 1682 γὰρ
1062 1643 1110 1672 οὐκ
1122 1642 1236 1679 ἠδύνατο
1251 1643 1346 1677 εὐθέως
1358 1655 1389 1673 σε
1403 1645 1505 1674 ἀνελεῖν
1516 1657 1525 1683 3
1538 1644 1609 1675 Ἀλλ’
1621 1646 1767 1686 ἐμακροθύ-

999 1699 1092 1727 μησεν.
1104 1689 1174 1718 Τίνα
1194 1690 1242 1719 οὖκ
1254 1689 1286 1719 ἂν
1300 1690 1429 1731 ἐφόὸησιν
1447 1692 1465 1726 ἡ
1479 1691 1610 1731 τιμωρία,
1623 1691 1669 1721 καὶ
1682 1695 1767 1722 ταῦτα

999 1734 1076 1775 ἐγγὺς
1089 1731 1172 1773 offam
1187 1731 1265 1771 Εἶδες
1283 1737 1332 1773 τὴν
1354 1738 1394 1778 ἐφ’
1412 1737 1526 1778 ἑκάτερα
1549 1738 1674 1777 δύναμιν;
1688 1739 1768 1769 πόθεν

999 1781 1068 1816 ἄξιος
1082 1778 1120 1819 εἶ,
1136 1783 1194 1813 εἶπέ
1207 1794 1268 1823 μοι,
1284 1782 1456 1823 συγγνώμηςς
1467 1784 1514 1814 καὶ
1527 1784 1560 1814 σὺ
1578 1786 1593 1814 ὁ
1604 1784 1658 1819 υἱὸς
1672 1787 1767 1824 αὐτοῦ,

999 1826 1012 1842 '³
1021 1830 1069 1858 οὐκ
1081 1829 1135 1869 ἔχω
1150 1830 1231 1859 εἰπεῖν
1233 1852 1243 1866 ,
1255 1831 1270 1858 ὁ
1283 1829 1388 1869 ἔκγονος
1396 1852 1404 1866 ,
1416 1831 1445 1859 οὐ
1457 1830 1546 1860 πάντα
1565 1833 1650 1860 ταῦτα
1669 1831 1768 1871 ἔγνως;

999 1877 1127 1917 Καθάπερ
1138 1876 1183 1906 ἐπὶ
1197 1875 1366 1916 δικαστηρίου
1380 1879 1398 1912 ἡ
1414 1876 1547 1917 ἀπόφασις
1559 1877 1704 1917 γράφεται,
1721 1873 1767 1907 οὗ·

999 1936 1042 1957 τος
1055 1922 1194 1963 ἑρμηνεύει
1205 1922 1239 1952 τὰ
1257 1922 1398 1961 λεγόμενα.
1411 1922 1497 1951 Πόθεν
1515 1922 1628 1958 ἐπῆλθεν
1642 1923 1714 1963 αὐτῷ
1727 1936 1768 1953 τι-

1001 1977 1085 2015 μῆσαι
1105 1973 1149 2004 τὸν
1167 1972 1343 2011 Δανιήλ5Ὡς
1357 1972 1416 2012 ἐμοὶ
1430 1973 1518 2008 δοκεῖ,
1532 1972 1601 2003 ὥστε
1621 1973 1659 2013 μὴ
1683 1986 1767 2004 κατα-

1007 2079 1131 2105 sententin
1136 2084 1182 2110 est,
1188 2077 1341 2103 Baltasarem
1345 2077 1420 2103 fuisse
1426 2077 1503 2103 filium
1509 2077 1721 2112 Evilmeroduchi,
1727 2089 1769 2106 ne-

1007 2125 1095 2152 potem
1102 2126 1161 2144 vero
1168 2115 1433 2149 Nabuchodonosorst,
1441 2116 1500 2150 quia
1505 2117 1599 2142 «ἴοι-ω.
1608 2119 1676 2152 27‚7‚
1682 2125 1769 2153 gentes

1007 2158 1135 2184 servitura
1140 2156 1259 2182 dicuntur
1266 2155 1519 2188 Nabuchodonosori‚
1528 2162 1554 2182 et
1558 2156 1609 2182 filio
1616 2159 1675 2191 ejus,
1684 2165 1710 2186 et
1715 2159 1767 2186 filio

1010 2197 1054 2223 filii
1060 2197 1120 2231 ejus.
1129 2196 1239 2222 Omnino
1251 2201 1335 2221 tamen
1347 2195 1475 2229 rejiciendi
1487 2204 1539 2221 non
1549 2203 1609 2222 sunt
1617 2199 1635 2223 ii
1644 2199 1767 2233 interpre-

1008 2243 1055 2269 tes,
1068 2241 1163 2262 veteres
1176 2241 1207 2261 ac
1224 2235 1384 2266 recentiores,
1396 2235 1486 2268 quibus
1503 2235 1767 2265 Nabuchodonosor-as

1008 2282 1046 2302 est
1057 2276 1096 2303 vel
1107 2283 1216 2309 proavus
1228 2274 1371 2307 Baltasarts,
1384 2274 1422 2300 vel
1440 2281 1512 2308 pater
1524 2273 1728 2306 Evilmerodachi
1737 2288 1768 2305 ne

1007 2315 1141 2341 Baltasar-is
1151 2314 1276 2347 ἔναιε-σω,
1293 2313 1333 2340 vel
1350 2320 1422 2347 pater
1440 2314 1508 2341 unici
1526 2315 1572 2341 filii
1584 2316 1728 2351 binominis,
1741 2324 1766 2344 et

1007 2356 1051 2389 qui
1060 2353 1139 2380 modo
1152 2352 1388 2384 Evssmerodaclma,
1407 2354 1486 2380 modo
1502 2354 1616 2381 nalum
1626 2357 1659 2382 sit
1669 2365 1767 2383 nuncu-

1007 2401 1090 2428 patus.
1108 2395 1194 2426 Quare
1205 2393 1366 2419 temerarium
1377 2392 1591 2420 heterodoxorum
1610 2404 1687 2421 sacrm
1697 2396 1765 2422 Scri-

1006 2440 1086 2466 pturae
1103 2434 1272 2466 interpretum
1284 2431 1417 2458 consilium
1431 2432 1534 2466 probari
1546 2442 1598 2460 non
1615 2440 1708 2468 potest,
1721 2438 1764 2469 qui

1007 2473 1054 2499 hoc
1067 2473 1150 2506 capite
1156 2474 1183 2499 in
1194 2472 1278 2498 locum
1286 2473 1380 2506 pavit,
1394 2481 1468 2497 avum
1476 2472 1640 2500 substituunt.
1654 2480 1763 2511 καθάπερ

1005 2516 1041 2540 ἐπὶ
1054 2516 1204 2548 δικαστηρίου.
1220 2512 1257 2538 De
1271 2510 1320 2537 hoc
1337 2520 1407 2537 more
1426 2511 1537 2539 Isidorus
1549 2513 1725 2540 Pelusiotalih.
1737 2517 1761 2548 2,

1003 2551 1075 2585 epist.
1091 2554 1147 2578 177.
