1890 2826
76 686 214 715 x.lteg.3.1.

230 192 275 235 llo

231 263 403 292 audientibus
416 262 569 301 utilitatem,
582 263 600 293 J
603 263 686 293 udaeis
700 269 788 292 autem
801 263 970 296 concionans,

229 309 300 339 dieta
320 320 367 339 sua
385 310 547 339 obscuritate
568 310 653 339 multa
674 309 838 345 involvebat,
853 309 916 347 quia
929 308 973 337 illi

229 355 307 385 dictis
321 366 374 385 non
388 355 573 385 attendebant:
593 356 629 384 ita
652 355 709 384 haec
721 354 791 384 dona
803 364 851 384 sua
863 364 971 394 magna,

229 412 288 441 qua:
307 401 419 432 multam
440 402 517 432 nobis
538 403 651 431 salutem
670 401 820 437 conferunt,
836 401 870 430 de
883 400 972 430 medio

228 458 297 488 saepe
311 448 392 485 tollit,
403 459 464 477 cum
478 448 497 477 ii
509 447 555 487 qui
570 447 706 487 accipiunt
715 446 786 476 nihil
795 447 860 476 hinc
869 447 973 476 fructus

228 495 365 534 percipere
378 494 482 524 volunt.
494 496 535 524 Et
542 495 716 535 prophetam
728 499 756 523 et
768 495 970 534 conjector-em.

228 541 287 569 Non
304 551 419 581 parvum
439 548 528 570 antem
549 541 595 570 irae
608 550 691 579 genus
703 546 743 569 est
752 550 815 569 cum
826 540 973 580 prophetia}
989 547 1006 569 Β

227 586 366 616 deficiunt.
381 586 497 624 Quando
510 587 594 626 igitur
602 587 618 617 J
622 585 745 615 uda‘icum
755 585 888 626 populum
900 587 974 615 Deus

228 633 262 661 ob
286 640 392 673 peccata
413 632 535 661 filiorum
561 632 623 662 Heli
650 638 787 662 aversatus
809 637 862 668 est,
885 631 973 670 obque

227 679 410 709 multitudinis
432 679 590 719 nequitiam,
614 679 711 709 defecit
723 678 885 719 prophetia:
903 679 973 707 Ver·-

228 727 294 755 bum
309 726 392 763 enim,
414 726 513 765 inquit,
530 729 695 765 pretiosum
716 731 789 760 erat,
799 731 827 754 et
840 735 898 755 non
910 732 971 754 erat

227 772 303 801 visio
331 773 524 812 distinguens.
555 773 730 807 Pretiosum,
756 770 787 800 id
808 777 857 807 est,
881 781 971 800 rarum

225 825 291 848 erat.
316 818 354 848 Et
376 818 429 848 sub
442 819 508 848 Ozia
529 818 649 859 idipsum
671 816 769 846 accidit
785 817 972 855 :nequeenim

226 866 288 895 hinc
308 865 439 905 exiguum
459 866 578 896 fructum
598 865 745 905 cepissent,
769 864 791 892 si
812 863 970 894 voluissent.

224 913 294 941 Nam
307 911 400 941 divina
410 911 536 949 ediscere,
546 918 573 941 et
585 910 720 940 adfutura
734 909 803 938 mala
812 910 970 950 praeparari,

224 958 258 987 de
273 957 381 987 incertis
401 958 481 986 rebus
506 967 632 997 responsa
653 956 784 996 accipere,
800 955 970 994 quandonam

224 1004 347 1034 inimicos
374 1003 502 1034 invadere
523 1009 662 1044 oporteat,
684 1001 792 1041 quando
817 1002 968 1040 quiescere,

223 1051 359 1090 quomodo
383 1050 471 1080 tristia
492 1050 582 1080 omnia
605 1048 757 1089 depellere,
777 1048 890 1077 multam
904 1049 970 1089 ipsis
984 1048 1003 1072 C

223 1098 257 1127 ad
272 1098 384 1127 salutem
396 1097 522 1127 afferebat
535 1095 701 1126 facilitatem.
718 1095 824 1124 Verum
834 1095 897 1133 quia
910 1105 969 1134 quae

223 1143 374 1172 didicerant
395 1153 447 1172 non
470 1142 624 1183 explebant,
639 1140 700 1170 ideo
713 1140 885 1180 disciplinam
901 1141 969 1171 hanc

224 1189 288 1229 ipsis
307 1189 407 1218 ademit
420 1200 426 1217 :
439 1188 513 1228 quod
538 1194 594 1217 erat
619 1187 734 1227 ingentis
750 1187 799 1216 Dei
822 1187 969 1216 clementiae

223 1241 422 1274 argumentum,
437 1233 511 1273 quod
532 1244 595 1262 cum
617 1233 709 1262 futura
733 1232 902 1273 praevideret,
918 1233 968 1263 sci—

223 1287 316 1319 retque
335 1290 381 1309 eos
401 1290 454 1309 non
480 1286 549 1309 recte
571 1278 650 1308 donis
672 1288 784 1316 usuros,
802 1285 889 1308 tamen
908 1290 967 1319 quae

223 1336 270 1354 sua
284 1331 358 1355 erant
381 1325 471 1355 omnia
499 1325 646 1354 exhiberet.
662 1325 731 1354 Cum
755 1325 883 1365 propheta
904 1336 967 1355 vero

96 1369 214 1400 C0ui0⁰¹⁰¹
223 1373 398 1413 conjectorem
411 1383 440 1402 se
452 1372 519 1402 dicit
539 1372 693 1402 ablaturum
705 1382 773 1401 esse.
785 1373 967 1413 Conjectorem

71 1404 119 1430 quis
128 1403 165 1424 sit.

223 1418 268 1447 hic
280 1418 348 1448 mihi
361 1418 469 1449 videtur
482 1418 570 1448 dicere
586 1428 658 1455 eum,
671 1417 719 1457 qui
732 1429 766 1447 cx
780 1419 865 1448 multa
889 1419 967 1449 intel-

222 1465 343 1505 ligentia,
359 1473 385 1495 et
398 1476 430 1495 ex
447 1466 504 1506 ipsa
518 1474 608 1494 rerum
622 1464 785 1504 experientia
798 1465 888 1495 futura
901 1476 967 1496 con-

218 1512 302 1552 jicere
314 1518 425 1552 poterat.
444 1511 528 1541 Aliud
549 1511 620 1540 enim
643 1517 681 1540 est
709 1511 966 1550 conjectura,aliud

221 1558 361 1597 prophetia
380 1570 386 1586 :
402 1558 531 1598 propheta
549 1557 621 1586 enim
643 1567 677 1586 ex
698 1556 793 1586 divino
805 1557 910 1597 Spiritu
923 1558 966 1587 lo—

222 1604 330 1641 quitur,
346 1614 380 1634 ex
394 1614 421 1633 se
435 1603 505 1633 nihil
525 1603 652 1641 afferens3
677 1602 723 1631 ille
743 1613 806 1632 vero
830 1603 966 1633 occasione

223 1657 298 1689 capta
312 1661 345 1679 ex
360 1651 392 1680 iis
408 1661 467 1689 quae
484 1650 541 1690 jam
560 1649 742 1689 contigerunt,
764 1649 965 1690 intelligentiam

222 1706 349 1726 exercens
370 1708 464 1733 suam,
490 1697 644 1725 futurorum
668 1696 753 1726 multa
775 1697 923 1737 prospicit,
936 1704 966 1726 ut

222 1753 271 1783 par
284 1750 323 1772 est
334 1743 425 1772 virum
447 1742 605 1783 prudentem
625 1742 786 1782 prospicere.
802 1746 837 1772 At
850 1744 966 1773 muttum

223 1788 294 1818 hunc
308 1789 376 1819 inter
389 1796 414 1818 et
427 1789 507 1818 illum
518 1788 676 1827 discrimem
694 1795 852 1828 tantumque
863 1812 871 1827 ,
886 1801 968 1829 quan-

223 1841 280 1864 tum
293 1842 331 1864 est
346 1835 517 1864 intervallum
537 1834 606 1863 inter
622 1833 791 1874 prudentiam
823 1835 968 1866 humanam

223 1889 248 1910 et
261 1881 383 1911 divinam
398 1882 520 1921 gratiam.
535 1882 573 1910 Ut
583 1887 672 1910 autem
684 1882 809 1921 exemplo
819 1892 967 1912 sermonem

224 1928 414 1957 dilucidiorem
438 1927 569 1964 reddam,
593 1927 740 1966 cogitemus
763 1928 970 1959 Salomonemet

224 1974 353 2004 Elisaeum
371 1973 470 2003 :ambo
493 1973 564 2002 enim
586 1983 627 2002 res
651 1973 769 2002 occultas
795 1974 823 2003 in
849 1974 969 2005 medium

223 2020 409 2056 adducebant,
435 2026 461 2048 et
482 2018 638 2048 abscondita
660 2018 813 2048 revelabant
830 2032 836 2048 ε
852 2020 899 2050 sed
917 2031 968 2051 non

223 2066 303 2096 ambo
316 2065 409 2095 eadem
423 2066 539 2100 virtute;
561 2064 608 2094 sed
624 2063 669 2093 ille
683 2064 793 2103 quidem
804 2076 838 2095 ex
849 2067 969 2107 pruden-

223 2114 259 2143 tia
271 2114 405 2150 humana,
428 2123 443 2142 a
462 2119 556 2142 natura
577 2122 684 2142 sumens
707 2113 872 2144 occasionem
898 2114 967 2144 circa

223 2159 375 2189 meretrices
387 2158 450 2188 illas
458 2158 584 2188 mulieres
595 2169 604 2196 ;
618 2158 663 2187 hic
671 2169 736 2188 vero
744 2158 884 2189 ratiocinio
891 2161 968 2190 nullo

224 2216 288 2234 usus
303 2204 391 2244 (quod
402 2204 474 2234 enim
496 2204 668 2234 ratiocinium
682 2203 759 2233 Giezi
772 2205 875 2235 furtum
889 2216 967 2237 reve-

259 2304 269 2315 =¹
287 2297 348 2329 Reg.
362 2299 481 2330 ἀσφαλείᾳ,
493 2296 560 2320 etita
569 2294 762 2328 videtur-legisse
773 2295 932 2330 Tilmannus,
945 2300 987 2331 qui

223 2341 275 2361 vert
280 2336 308 2366 it,
318 2334 398 2359 multa
411 2335 528 2359 cautione
537 2343 595 2367 quoe
602 2343 619 2358 u
626 2343 651 2358 se
661 2334 927 2370 dicebamur-tegebat.
937 2336 987 2363 Sed

223 2379 329 2411 ἀσαφείᾳ,
349 2380 378 2400 ut
389 2373 484 2399 habent
496 2373 583 2400 Morel.
598 2379 623 2398 et
634 2374 722 2405 Savil.‚
736 2374 825 2401 melius
836 2375 946 2409 quadrat.
954 2376 987 2402 ad

223 2414 321 2440 seriem.

257 2456 270 2474 b
288 2458 329 2480 Τὸν
342 2456 393 2480 ’ἀπὸ
410 2457 513 2480 συνέσεως
528 2454 612 2480 πολλῆς
624 2458 668 2477 τῶν
679 2455 810 2485 μελλόντων
822 2457 980 2487 στοχάζεσθαι,

220 2492 327 2518 savitius
342 2496 415 2524 putat
426 2489 559 2525 legendum
572 2498 624 2515 esse
638 2496 806 2525 στοχαζόμενον
818 2491 856 2517 vel
870 2497 980 2526 στοχάςε-

221 2537 270 2559 σθαι
280 2534 409 2563 δυνάμενον.

254 2579 263 2591 Φ
282 2570 327 2598 ἐπὶ
336 2577 379 2597 τῶν
390 2575 476 2604 πύρνων
487 2574 593 2600 γυναικῶν
606 2571 700 2594 ἐκείνων.
715 2569 775 2593 Haec
785 2570 921 2602 respiciunt
934 2579 978 2596 ca-

222 2617 268 2644 put
283 2611 399 2643 quintum
417 2607 475 2634 libri
493 2606 695 2635 Proverbiorum,
707 2606 748 2632 ubi
761 2615 850 2634 contra
865 2611 979 2635 meretri-

984 2108 1003 2132 Β.

570 202 598 224 S.
626 200 767 224 JOANNIS
793 199 977 223 CHRYSOST.
1009 199 1162 224 anctum).
1191 202 1462 228 CONSTANTINOP-

1027 273 1077 302 περ
1091 263 1141 303 γὰρ
1154 264 1187 293 τὰ
1199 265 1316 306 σωτήρια
1331 267 1409 296 αὐτοῦ
1423 265 1572 306 διδάγματα
1589 267 1690 303 πολλὴν
1703 266 1794 308 ἔφερον

1026 312 1079 342 τοῖς
1094 310 1269 350 ἀκροωμένοις
1277 310 1328 347 ἰ-ὴν
1340 311 1479 352 ὠφέλειαν,
1494 311 1537 341 ἐπὶ
1552 311 1579 342 δὲ
1592 314 1644 342 τῶν
1658 313 1794 343 Ἰουδαίων

1027 354 1195 395 δημηγορῶν,
1205 357 1338 397 “ᾶσαφείᾳ
1354 357 1388 386 τὰ
1407 357 1536 397 λεγόμενα
1551 357 1688 398 ἔκρυπτεν,
1702 358 1792 394 ἐπειδὴ

1026 400 1063 438 μὴ
1078 405 1219 442 προσεῖχον
1230 407 1284 437 τοῖς
1295 402 1459 443 λεγομένοις·
1474 404 1543 433 οὕτω
1557 403 1589 440 δὴ
1613 404 1659 434 καὶ
1673 403 1707 433 τὰ
1721 405 1793 445 δῶρα

1026 447 1105 476 αὐτοῦ
1117 447 1150 476 τὰ
1167 449 1276 487 «μεγάλα
1286 451 1370 478 ταῦτα
1379 470 1387 485 ,
1406 450 1450 479 καὶ
1467 450 1598 490 σωτηρίαν
1610 453 1675 489 ἡμῖν
1690 450 1793 486 πολλὴν

1025 493 1167 532 κομίζοντα
1173 515 1182 530 ,
1190 495 1221 524 ἐκ
1229 495 1309 534 μέσον
1317 496 1444 530 πολλάκις
1453 497 1568 536 ἀναιρεῖ,
1579 496 1642 525 ὅταν
1649 497 1673 525 οἱ
1685 497 1793 536 λαμὸά-

1025 551 1112 574 νοντες
1139 541 1221 579 μηδὲν
1244 542 1290 571 ἀπ’
1314 542 1398 571 αὐτῶν
1420 543 1567 581 βουληθῶσι
1591 542 1791 581 καρπώσασθαι.

1026 585 1079 614 Καὶ
1092 586 1229 626 προφήτην
1249 586 1294 616 καὶ
1313 588 1471 628 στοχαστήν.
1483 589 1524 618 Οὐ
1548 588 1640 627 μικρὸν
1662 588 1689 617 δὲ
1713 589 1792 628 ὀργῆς

1025 625 1092 665 εἶδος
1101 632 1146 661 καὶ
1159 632 1190 662 τὸ
1202 632 1249 667 τὰς
1262 633 1422 674 προφητείας
1433 635 1575 664 ἐπιλιπεῖν.
1589 634 1659 663 Ὅτε
1671 636 1732 673 γοῦν
1746 633 1791 663 τὸν

1024 679 1077 706 τῶν
1091 677 1224 708 Ἰουδαίων
1244 679 1326 719 δῆμον
1348 679 1391 709 διὰ
1411 679 1445 709 τὰ
1468 679 1650 720 ἁμαρτήματα
1673 682 1726 709 τῶν
1743 682 1789 710 τοῦ

1025 723 1086 753 Ἠλὶ
1099 723 1201 754 παίδων
1215 727 1229 754 ὁ
1241 725 1493 766 Θεὸς-ἀπεστράφη,
1507 726 1552 755 καὶΙ
1569 726 1618 762 τὴν
1632 726 1733 762 πολλὴν
1744 729 1790 756 τοῦ

1023 768 1140 804 πλήθους
1151 769 1257 807 κακίαν,
1273 770 1396 801 ἐπέλιπεν
1413 774 1431 807 ἡ
1450 773 1596 812 προφητεία
1607 784 1614 791 ·
1627 772 1718 810 Ῥῆμα
1739 772 1790 812 γὰρ

1022 813 1119 853 τίμιον,
1131 815 1220 855 φησὶν,
1231 811 1275 852 ἦν,
1290 817 1335 847 καὶ
1350 818 1397 847 οὔκ
1418 813 1450 854 ἦν
1465 818 1662 847 διαστέλλουσα.
1683 817 1790 857 Τίμιον,

1021 861 1156 897 τουτέστι,
1168 861 1288 892 σπάνιον.
1301 862 1355 893 Kat
1368 863 1412 893 ἐπὶ
1427 866 1472 893 τοῦ
1487 862 1565 897 Ὀζία
1583 864 1614 893 τὸ
1635 864 1698 894 αὐτὸ
1713 867 1790 894 τοῦτο

1021 906 1125 945 γέγονεν
1135 919 1142 926 ·
1152 908 1181 936 οὗ
1194 907 1246 948 γὰρ
1258 909 1339 949 μικρὰ
1349 909 1394 939 καὶ
1406 910 1522 939 ἐντεῦθεν
1534 911 1694 950 ἐκαρποῦντο
1703 933 1710 947 ,
1725 909 1788 949 εἴγε

1021 952 1167 983 ἐὸούλοντο.
1182 953 1223 983 Τὸ
1233 953 1283 995 γὰρ
1299 955 1436 994 μανθάνειν
1449 956 1483 984 τὰ
1494 955 1568 996 παρὰ
1581 958 1627 985 τοῦ
1640 957 1710 985 Θεοῦ
1720 979 1728 993 ,
1744 957 1789 986 καὶ

1021 1000 1085 1039 πρὸς
1096 1000 1131 1029 τὰ
1147 999 1274 1039 μέλλοντα
1295 1002 1539 1041 παρασκευάζεσθαι
1561 1002 1646 1037 δεινὰ,
1659 1002 1703 1031 καὶ
1723 1003 1788 1043 ὑπὲρ

1020 1047 1073 1074 τῶν
1088 1045 1193 1081 ἀδήλων
1207 1046 1394 1083 πυνθάνεσθαι,
1403 1048 1449 1077 καὶ
1460 1047 1524 1077 πότε
1541 1048 1589 1086 μὲν
1603 1047 1738 1077 ἐπιθέσθαι
1750 1049 1788 1077 δεῖ

1020 1092 1156 1131 πολεμίοις
1166 1115 1173 1129 ,
1184 1092 1249 1122 πότε
1263 1092 1291 1123 δὲ
1307 1093 1466 1134 ἡσυχάζειν,
1480 1094 1526 1124 καὶ
1548 1097 1604 1128 πῶς
1629 1094 1733 1123 ἅπαντα
1755 1095 1788 1124 τὰ

1019 1138 1127 1178 λυπηρὰ
1139 1138 1320 1179 διακρούεσθαι
1333 1139 1400 1177 δέοι,
1414 1140 1515 1176 πολλὴν
1530 1140 1619 1180 ἔφερεν
1634 1142 1723 1173 αὐτοῖς
1736 1151 1788 1169 σω-

1020 1183 1111 1224 τηρίας
1119 1185 1248 1215 εὐκολίαν.
1255 1186 1323 1215 Ἀλλ’
1333 1186 1423 1221 ἐπειδὴ
1437 1186 1609 1225 μανθάνοντες
1616 1187 1663 1215 οὐκ
1673 1185 1787 1222 ἐποίουν,

1020 1229 1062 1259 διὰ
1075 1232 1152 1260 τοῦτο
1171 1231 1215 1260 καὶ
1227 1231 1257 1261 τὸ
1271 1231 1409 1270 μανθάνειν
1424 1233 1509 1262 αὐτῶν
1521 1233 1626 1272 ἀφεῖλεν
1636 1244 1642 1250 ·
1659 1232 1673 1261 ὃ
1687 1233 1788 1267 πολλῆς

1017 1278 1063 1305 τοῦ
1074 1278 1145 1307 Θεοῦ
1159 1277 1351 1318 φιλανθρωπίας
1365 1278 1459 1317 δεῖγμα
1473 1274 1516 1314 ἧν,
1532 1278 1562 1307 τὸ
1581 1278 1626 1307 καὶ
1646 1278 1787 1318 προειδότα

1016 1322 1051 1352 τὰ
1065 1322 1208 1363 μέλλοντα,
1219 1323 1264 1353 καὶ
1278 1326 1314 1357 ὡς
1326 1326 1356 1354 οὗ
1374 1324 1518 1364 χρήσονται
1533 1326 1570 1358 εἷς
1584 1324 1641 1353 δέον
1653 1329 1707 1357 τοῖς
1722 1326 1786 1364 παρ’

1019 1371 1098 1399 αὐτοῦ
1113 1368 1213 1409 δώροις,
1220 1369 1254 1399 τὰ
1266 1373 1327 1409 γοῦν
1338 1372 1401 1410 παρ’
1413 1371 1493 1399 αὐτοῦ
1508 1370 1613 1399 ἅπαντα
1626 1374 1785 1410 παρασχεῖν.

1020 1415 1096 1445 Μετὰ
1106 1415 1134 1445 δὲ
1149 1412 1197 1445 voti
1206 1415 1340 1456 προφήτου
1353 1416 1398 1445 καὶ
1407 1416 1559 1456 στοχαστήν
1571 1428 1651 1456 φησιν
1662 1417 1788 1456 ἀναιρεῖν.

1019 1460 1150 1491 Ἐνταῦθά
1166 1473 1210 1501 μοι
1230 1462 1300 1492 δοκεῖ
1313 1462 1398 1502 λέγειν
1413 1462 1563 1502 στοχαστὴν
1582 1462 1626 1491 τὸν
1647 1462 1700 1491 ἀπὸ
1724 1473 1787 1491 συν·

1018 1507 1097 1541 ε’σεως
1107 1509 1206 1544 πολλῆς
1219 1507 1293 1538 Ι’τῶν
1307 1508 1456 1548 μελλόντων
1471 1508 1664 1548 στοχάζεσθαι,
1684 1509 1729 1538 καὶ
1744 1510 1790 1538 ἀπ’

1019 1555 1101 1590 αὐτῆς
1113 1556 1166 1584 τῶν
1180 1555 1345 1595 πραγμάτων
1366 1557 1414 1591 τῆς
1427 1554 1531 1594 πείρας.
1545 1553 1659 1594 αΕτερον
1678 1554 1726 1593 μὲν
1740 1554 1790 1595 γὰρ

1019 1600 1184 1640 στοχασμὸς,
1195 1600 1240 1630 καὶ
1252 1600 1400 1641 προφητεία
1414 1601 1480 1630 ἄλλο
1488 1612 1495 1619 ·
1504 1602 1521 1630 ὁ
1532 1599 1580 1639 μὲν
1591 1600 1642 1640 γὰρ
1652 1600 1790 1639 Πνεύματι

1019 1646 1082 1686 θείῳ
1107 1646 1263 1687 φθέγγεται,
1278 1646 1351 1676 οὐδὲν
1372 1647 1471 1676 οἴκοθεν
1496 1646 1635 1687 εἰσφέρων·
1656 1649 1670 1676 ὁ
1690 1647 1717 1676 δὲ
1744 1647 1790 1681 τὰς

1017 1692 1139 1732 ἀφορμὰς
1152 1693 1205 1722 ἀπὸ
1225 1694 1278 1722 τῶν
1299 1693 1351 1728 ἤδη
1373 1692 1555 1732 γεγενημένων
1568 1692 1721 1731 λαμὸάνων,
1744 1693 1789 1722 καὶ

1018 1738 1066 1773 τὴν
1078 1738 1177 1767 οἰκείαν
1191 1737 1294 1768 σύνεσιν
1312 1738 1456 1778 διεγείρων,
1469 1738 1556 1767 πολλὰ
1569 1740 1622 1768 τῶν
1641 1738 1788 1777 μελλόντων

1020 1789 1135 1824 προορᾷ,
1150 1785 1186 1818 ὡς
1211 1784 1279 1818 εἰκὸς
1302 1784 1436 1824 ἄνθροητον
1454 1784 1516 1814 ὄντα
1535 1784 1640 1813 συνετὸν
1664 1785 1788 1824 προϊδεῖν.

1021 1829 1100 1859 Ἀλλὰ
1113 1829 1180 1859 πολὺ
1191 1829 1222 1859 τὸ
1236 1829 1315 1869 μέσον
1331 1829 1423 1860 τούτου
1441 1829 1562 1859 κάκείνου
1576 1851 1584 1865 ,
1600 1830 1645 1859 καὶ
1658 1834 1790 1866 τοσοῦτον,

1029 1876 1220 1911 ὅσονσυνέσεως
1232 1877 1398 1917 ἀνθρωπίνης
1414 1877 1458 1906 καὶ
1472 1876 1542 1910 θείας
1560 1876 1669 1917 χάριτος
1681 1877 1712 1907 τὸ
1731 1877 1789 1906 διά-

1021 1934 1109 1963 φορον.
1123 1922 1181 1952 Ἵνα
1193 1922 1219 1952 δὲ
1234 1923 1279 1952 καὶ
1288 1923 1332 1952 ἐπὶ
1344 1922 1587 1962 ὑποδείγματοςτὸν
1599 1922 1676 1962 λόγον
1685 1923 1789 1959 ποιήσω

1021 1969 1141 2009 φανερὸν,
1156 1969 1321 2008 ἐννοήσαιμεν
1331 1968 1375 1998 τὸν
1390 1969 1552 2007 Σολομῶντα
1566 1969 1611 1998 καὶ
1633 1968 1679 1998 τὸν
1695 1970 1789 1998 Ἐλισ-

1022 2019 1110 2044 σαῖον·
1130 2014 1273 2055 ἀμφότεροι
1284 2014 1335 2054 γὰρ
1349 2013 1519 2054 κεκρυμμένα
1531 2014 1678 2054 πράγματα
1690 2017 1726 2048 εἷς
1740 2016 1788 2054 με’-

1021 2073 1066 2091 σον
1079 2061 1187 2101 ἤγαγον,
1200 2060 1245 2091 καὶ
1257 2060 1427 2101 κεκρυμμένα
1448 2060 1615 2100 ἄνεκάλυψαν
1627 2072 1633 2079 ·
1644 2060 1791 2101 ἀμφότεροι

1021 2106 1048 2136 δὲ
1062 2108 1092 2136 οὔ
1106 2109 1140 2147 τῇ
1155 2107 1220 2147 αὐτῇ
1234 2106 1360 2146 δυνάμει·
1374 2107 1433 2136 ἀλλ’
1448 2107 1462 2135 ὁ
1474 2106 1522 2145 μὲν
1537 2106 1590 2136 ἀπὸ
1605 2106 1733 2140 συνέσεως
1742 2109 1789 2136 ἀν-

1021 2157 1152 2198 θρωπίνης
1162 2158 1235 2199 παρὰ
1246 2161 1294 2194 τ’ῆς
1307 2157 1410 2198 φύσεως
1422 2157 1512 2187 λαὸὼν
1526 2157 1646 2198 ἀφορμὰς
1663 2158 1724 2187 '‘i-nt
1737 2161 1790 2187 τῶν

1020 2208 1123 2248 πόρνων
1135 2209 1265 2248 γυναικῶν
1284 2208 1389 2238 ἐκείνων
1399 2219 1406 2226 ’
1419 2210 1434 2238 δ
1447 2207 1475 2237 δὲ
1488 2209 1611 2249 λογισμῷ
1635 2208 1683 2248 μὲν
1705 2210 1789 2239 οὐδενὶ

1037 2308 1096 2324 cum
1114 2298 1242 2324 illecebras
1261 2299 1421 2333 fallaciasque
1446 2300 1617 2325 adolescentes
1639 2303 1788 2326 communit.

1037 2334 1112 2370 Quod
1122 2344 1205 2364 mitem
1216 2337 1258 2364 hic
1269 2339 1306 2364 ait
1312 2338 1485 2372 comparando
1493 2339 1654 2365 Salomonem
1668 2348 1726 2365 cum
1739 2339 1791 2364 Eti-

1036 2386 1092 2409 saeo,
1109 2377 1179 2403 illum
1189 2386 1222 2403 ex
1232 2377 1365 2411 prudentia
1382 2378 1491 2403 humana
1503 2379 1636 2411 loquutum
1647 2388 1708 2409 esse,
1722 2379 1789 2404 hunc

1037 2425 1096 2442 vero
1108 2425 1138 2441 ex
1146 2417 1226 2450 gratia
1235 2416 1328 2449 divina,
1337 2416 1372 2442 sic
1381 2417 1512 2451 intelligas,
1520 2426 1572 2443 non
1579 2418 1651 2451 quasi
1657 2417 1786 2450 Salomon,

1033 2455 1094 2481 dum
1108 2455 1301 2483 proverbiorum
1309 2455 1403 2481 librum
1415 2456 1546 2488 scriberet,
1557 2457 1638 2491 gratia
1650 2456 1735 2482 divina
1744 2456 1789 2482 de-

1031 2496 1133 2520 stitutus
1144 2501 1220 2528 essen
1234 2494 1279 2520 sed
1293 2494 1363 2528 quod
1375 2504 1412 2526 ea,
1426 2504 1481 2528 quae
1490 2496 1642 2529 experientia
1652 2501 1679 2520 et
1692 2497 1788 2528 sagaci-

1031 2539 1083 2559 tate
1097 2543 1139 2559 sua
1151 2539 1264 2567 noverat,
1272 2533 1395 2568 dirigente
1402 2535 1498 2567 Spiritu
1510 2540 1608 2566 sancto,
1623 2533 1702 2559 literis
1713 2543 1786 2559 man-

1030 2572 1116 2606 dare25
1129 2582 1187 2598 cum
1197 2579 1285 2599 contra
1296 2573 1398 2598 Elisaeus
1416 2572 1458 2598 itta
1478 2579 1577 2600 tantum
1589 2572 1721 2603 scriberet,
1734 2582 1790 2607 quae

1030 2611 1131 2637 afflante
1141 2613 1248 2638 Numine
1259 2611 1381 2638 discebat.
