1890 2826
503 193 535 216 IN
564 193 680 224 ILLUD,
710 192 742 214 IN
771 191 837 221 QUA

68 259 137 288 λιτῶν
150 256 307 296 μυστηρίων-
314 254 362 291 ‘rhu
375 254 464 284 πίστιν
478 254 660 293 προσήγαγες,
680 252 728 286 ἔξω
741 251 768 281 δὲ
781 253 833 279 τῶν

69 302 219 343 μυστηρίων
234 301 387 341 γενόμενος,
407 299 578 340 περιγράφεις
598 299 646 335 τὴν
673 298 772 348 πίστιν,
790 296 836 326 καὶ

68 348 223 388 προσφέρεις
236 347 354 383 ζήτησιν.

110 486 180 516 Ἀλλ’
193 488 242 526 ὁρᾷ
257 485 283 515 τί
297 496 376 525 φησιν
391 486 406 513 ὸ
419 483 511 524 ἐχθρὸς
521 485 570 518 τῆς
583 481 716 517 ἀληθείας.
727 480 775 516 Μὴ
788 479 840 519 γὰρ

73 533 159 572 ἀργῶς
172 534 238 570 ἡμῖν
249 533 263 560 ὁ
276 530 345 564 Θεὸς
357 530 454 559 δέδωκε
466 528 625 568 λογισμούςς
639 528 676 567 μὴ
691 527 741 567 γὰρ
751 527 842 559 ἁπλῶς

73 578 219 618 εἰλήφαμεν
240 580 286 606 τοῦ
308 580 352 606 νοῦ
365 576 396 605 τὸ
411 575 561 616 κριτήριον;
576 576 623 604 Δεῖ
643 574 688 604 καὶ
706 575 843 612 λογισμοῖς

73 625 180 663 ἐρευνᾷν
197 622 246 658 τὴν
267 622 366 657 πίστιν,
384 622 430 652 καὶ
452 622 489 660 μὴ
513 620 684 654 ἀνεξέταστον
707 615 774 649 εἶναι
794 618 844 654 τὴν

73 669 219 699 εὗπέὸειαν.
246 669 351 701 Καλῶς.
373 667 452 697 Ἀλλὰ
473 669 522 702 τῆς
535 666 677 701 ἐξετάσεως
696 665 755 705 ὅρον
778 659 845 694 εἶναι

74 715 140 752 [δεῖ]
153 714 187 744 τὰ
200 716 258 744 θεῖα
269 714 348 752 λόγια
357 735 365 748 ,
377 713 423 743 καὶ
437 712 496 746 τοὺς
506 714 570 752 παρ’
582 713 662 741 αὐτοῦ
675 714 740 750 ἡμῖν
755 709 843 740 δοθέν-

74 772 124 794 τας
133 763 181 796 τῆς
194 759 328 793 εὗσεὸείας
341 759 459 792 κανόνας.
473 758 518 800 Σὺ.
527 759 554 788 δὲ
568 757 628 791 τοὺς
640 757 750 790 κανόνας
762 758 844 796 ὓπερ-

76 806 183 840 ὅαίνων,
194 807 223 835 οὖ
238 810 353 846 στοιχεῖς
363 809 421 838 ταῖς
436 803 616 838 θεοπνεύστοις
630 804 749 843 Γραφαῖς
757 826 765 839 ,
777 801 846 831 ἀλλὰ

76 854 304 892 πολυπραγμονεῖς
316 851 351 881 τὰ
364 854 435 887 θεῖα,
454 850 499 879 καὶ
514 850 612 889 βιάζεις
631 849 680 885 τὴν
700 849 824 885 ἀλήθειαν
839 869 847 883 ,

78 898 123 928 καὶ
135 900 273 938 πανταχοῦ
288 897 408 931 σπεύδεις
422 896 468 926 καὶ
477 898 612 935 λογισμῶν
627 895 767 934 ἀνωμαλίᾳ
780 895 847 933 μᾶλ-

77 946 122 974 λον
141 945 335 980 ἀκολουθῆσαι,
359 943 376 979 ἢ
395 942 485 972 πίστει
508 943 662 977 δουλεῦσαι,
685 941 776 981 ὥσπερ
796 943 848 970 τῶν

77 990 167 1019 ἄλλων
181 989 347 1030 κατειληφὼς
357 988 406 1025 τὴν
417 993 521 1028 πεῖραν,
535 987 552 1023 ἢ
563 991 616 1018 τῶν
628 988 715 1018 ἄλλων
729 989 756 1016 ἐν
770 986 850 1026 πείρᾳ

79 1035 218 1074 γενόμενος
231 1038 284 1065 τῶν
291 1034 441 1075 ὁρωμένων.
455 1033 627 1073 Ἀπάγγειλόν
643 1045 687 1072 μοι
696 1055 704 1068 ,
714 1035 849 1071 λογισμῶν

78 1081 220 1121 ἀκολουθίᾳ
238 1081 420 1120 χρησάμενος,
438 1082 494 1113 πῶς
516 1080 626 1115 ἕστηκεν
640 1081 654 1108 ὁ
667 1079 791 1119 οὐρανὸς,
813 1079 850 1111 εἷς

79 1130 202 1156 τοσοῦτον
223 1127 286 1166 ὕψος
308 1125 502 1164 κοιλαινόμενος
517 1126 634 1165 ἄπειρον,
656 1125 700 1154 καὶ
723 1124 804 1164 μηδὲν
823 1126 850 1153 ἐν

9 1186 13 1194 ·
63 1202 66 1207 ,
79 1172 195 1211 τοσαύτῃ
206 1173 356 1212 περιγραφῇ
370 1171 401 1200 τὸ
411 1172 546 1210 ὓπερεῖδον
561 1171 643 1210 ἔχων,
658 1172 716 1205 πῶς
731 1170 850 1207 ἕστηκεν,

80 1219 131 1247 τίνι
144 1217 303 1258 βαστάζεται
311 1239 320 1253 ,
330 1218 397 1251 τίνες
409 1219 436 1246 αἱ
447 1218 574 1257 κρηπῖδες
583 1218 625 1257 ἐφ’
638 1213 676 1246 ὧν
687 1217 852 1257 ἐστήρικται;

863 189 1059 212 ΡοτεετΑΤΕ
1068 205 1076 220 ,
1106 190 1181 212 E'rc.
1558 176 1627 224 4ςῇ

891 252 929 279 Ac
945 249 967 278 si
981 250 1037 279 haec
1059 250 1174 279 sentiens
1196 250 1278 290 gratia
1303 249 1418 279 donatus
1442 260 1481 286 es,
1507 249 1586 279 fidem
1610 260 1635 283 et

892 302 966 336 pacta
979 296 1096 332 violasti,
1112 303 1138 325 et
1151 297 1178 325 in
1198 296 1343 326 tremendis
1356 296 1464 335 quidem
1479 296 1633 325 horrendis-

891 352 943 381 que
956 343 1089 382 mysteriis
1105 343 1183 372 fidem
1200 343 1332 377 obtulisti,
1343 350 1418 372 extra
1428 343 1554 383 mysteria
1573 354 1636 373 vero

892 388 1067 426 constitutus,
1083 389 1165 418 fidem
1187 389 1384 419 circumscribis
1394 411 1402 425 ‚
1418 395 1443 418 et
1462 389 1635 428 quaestionem

892 444 993 463 moves.

933 481 963 509 5.
983 482 1015 509 At
1026 479 1089 509 vide
1105 480 1172 519 quid
1193 481 1264 510 dicat
1277 481 1403 510 inimicus
1418 481 1547 511 veritatis.
1565 484 1637 512 Num

893 527 992 556 frustra
1012 528 1088 556 Dens
1102 528 1240 557 ratiocinia
1265 527 1342 557 nobis
1357 526 1475 557 indidit?
1489 538 1555 558 num
1575 529 1636 558 fru-
1649 526 1697 570 '‘¹¹¹2'‘
1723 526 1735 538 ⁰
1763 526 1773 537 ²

894 581 949 603 stra
963 574 1114 613 accepimns
1124 573 1223 613 judicii
1244 575 1416 604 facultatem?
1427 577 1540 616 Oportet
1554 576 1637 605 ratio-

895 620 976 650 nibus
987 619 1148 658 investigaoe
1160 619 1253 656 fidem,
1264 630 1313 649 nec
1331 621 1389 650 sine
1398 621 1522 650 examine
1531 622 1638 661 religio-

895 677 956 695 nem
970 677 1036 696 esse.
1058 668 1149 696 Recte.
1173 668 1276 696 Verum
1299 667 1431 697 examinis
1445 677 1565 697 normam
1584 679 1641 698 esse

896 719 1001 753 oportet
1013 712 1106 742 divina
1129 713 1246 752 eloquia,
1259 713 1419 753 regulasque
1439 714 1544 754 pietatis
1554 725 1569 743 a
1583 716 1641 745 Deo

899 759 976 788 nobis
989 759 1111 788 traditas.
1127 759 1171 788 Tu
1185 770 1251 789 vero
1265 760 1372 800 regulas
1387 767 1576 800 transgressus,
1587 771 1640 790 non

898 806 1011 835 inhaeres
1025 806 1127 835 divinis
1142 806 1300 846 Scripturis‚
1316 806 1371 835 sed-
1390 806 1482 836 divina
1501 807 1640 842 scrutaris,

862 862 880 885 Ε
899 859 924 882 et
935 853 992 881 vim
1005 853 1086 882 infers
1100 853 1220 889 νεῖ-ἰωῆς
1232 859 1258 881 et
1271 853 1372 891 ubique
1390 853 1496 882 affectas
1508 852 1642 882 rationum

900 898 985 938 magis
1005 898 1081 936 sequi
1104 898 1238 935 salebras,
1258 909 1337 937 quam
1354 898 1417 927 fidei
1438 899 1553 935 servire,
1566 900 1642 937 quasi

900 945 1016 974 aliorum
1030 944 1153 984 peritiam
1169 944 1277 980 habeas,
1287 945 1465 981 autaliorum,
1481 956 1576 986 nempe
1584 957 1643 985 quae

900 997 1057 1025 cernuntur,
1070 990 1275 1031 experientiam.
1290 991 1427 1020 Renuntia
1447 992 1514 1020 mihi
1535 993 1643 1022 ratioci-

900 1037 1008 1066 niorum
1029 1038 1098 1066 serie
1119 1037 1221 1074 fultus,
1237 1036 1372 1075 quomodo
1395 1037 1490 1066 caelum
1512 1038 1600 1072 stetit,
1615 1039 1642 1067 in

901 1089 971 1111 tanta
992 1083 1135 1112 altitudine
1145 1106 1152 1120 ,
1166 1083 1192 1112 in
1207 1090 1260 1111 tam
1281 1083 1409 1112 immensa
1431 1085 1604 1122 concavitate,
1618 1092 1644 1114 et

901 1129 1009 1158 nullum
1021 1130 1047 1159 in
1059 1137 1133 1159 tanto
1146 1129 1247 1158 ambitu
1258 1129 1376 1158 fulcrum
1390 1130 1512 1160 habens?
1526 1142 1641 1170 quomo—

901 1176 936 1205 do
951 1176 1037 1212 stetit,
1049 1187 1064 1205 a
1086 1187 1140 1215 quo
1162 1182 1295 1216 gestatur,
1308 1186 1367 1214 quae
1387 1176 1558 1207 fundamenta
1582 1185 1644 1207 sunt

902 1220 1002 1258 quibus
1020 1220 1135 1249 nititur?
1148 1230 1201 1258 qua
1225 1220 1328 1249 ratione
1348 1230 1396 1260 per
1415 1227 1519 1250 tantum
1541 1228 1644 1262 tempus

81 1267 138 1298 πῶς
151 1266 178 1294 ἐν
187 1265 304 1304 τοσούτῳ
314 1263 401 1304 χρόνῳ
411 1264 441 1293 οὔ
450 1263 541 1292 λύεται
556 1263 587 1292 τὸ
598 1263 708 1298 κάλλος,
716 1265 764 1292 οὐκ
778 1264 850 1303 ἀφα-
859 1288 894 1309 ffl
903 1276 955 1295 non
965 1265 1271 1306 solviturpulchritudo,
1279 1276 1332 1295 non
1342 1266 1412 1305 perit
1418 1274 1560 1297 concentus
1572 1270 1595 1309 ej
1599 1269 1645 1299 us?

83 1311 183 1344 νίζεται
192 1313 210 1346 ἡ
225 1310 352 1350 &pp-ovim
363 1308 454 1343 Δεῖξον
475 1308 535 1341 τοὺς
554 1309 730 1349 βαστάζοντας
742 1309 830 1343 κίονας
840 1330 849 1345 ,

83 1357 165 1391 δεῖξον
179 1357 228 1393 τὴν
241 1356 391 1396 ὑποὸάθραν
404 1356 453 1392 τὴν
466 1355 599 1389 τοσούτοις
612 1357 698 1395 ὄγκοις
712 1356 849 1395 ὑποκειμέ-

83 1414 140 1438 νην.
158 1403 194 1432 Τί
208 1402 237 1432 δὲ
251 1403 303 1443 ἐρῶ
323 1402 384 1443 περὶ
403 1403 512 1442 οὐρανοῦ
524 1424 532 1437 ,
553 1402 598 1431 καὶ
611 1403 640 1431 οὗ
655 1401 716 1442 περὶ
729 1404 777 1441 γῆς
788 1423 795 1437 ,
819 1403 852 1438 ἣν

83 1451 175 1486 πατῶ;
189 1450 299 1487 Πρῶτον
311 1448 470 1488 ἑρμήνευσόν
482 1459 527 1486 μοι
540 1450 588 1484 τῆς
600 1450 650 1487 γῆς
664 1448 711 1484 τὴν
724 1448 854 1478 κατάστα·

85 1507 136 1525 σιν.
152 1495 220 1526 ’Ότι
239 1495 287 1534 μὲν
299 1494 351 1534 γὰρ
371 1494 414 1524 ἐπὶ
433 1494 535 1524 ὑδάτων
553 1494 756 1533 τεθεμελίωται,
776 1498 854 1524 τοῦτο

84 1541 159 1581 κάγὼ
171 1541 330 1581 παρέλαὸον,
350 1540 395 1570 καὶ
416 1540 495 1573 αὐτὸς
516 1541 660 1580 ὁμολογεῖς.
679 1541 743 1573 Πῶς
761 1540 789 1569 δὲ
809 1540 853 1569 ἐπὶ

85 1591 136 1617 τῶν
151 1587 252 1617 ὓδοίτων
267 1586 434 1626 ἐστήρικται,
447 1586 616 1625 ἑρμήνευσαν.
629 1586 676 1622 Μὴ
691 1587 782 1619 ἁπλῶς
795 1588 854 1615 ἀκο-

85 1633 214 1672 λουθήσῃς
224 1634 263 1672 τῷ
275 1632 360 1672 λόγῳ,
373 1633 442 1661 ἀλλὰ
453 1632 580 1671 λογισμὸν
591 1632 687 1665 ἀπόδος
699 1634 752 1661 τῶν
763 1633 854 1668 ζητου-

87 1679 173 1718 μένων
182 1690 189 1696 ·
212 1679 269 1711 πῶς
281 1678 330 1717 ὄρη
342 1676 458 1707 τοσαῦτα
471 1677 516 1706 καὶ
528 1678 689 1713 τηλικαῦτα,
709 1677 753 1706 καὶ
769 1677 855 1717 βουνοὶ

86 1725 132 1754 καὶ
142 1724 262 1757 πεδιάδες
280 1723 325 1752 ἐπὶ
344 1723 445 1752 ὑδάτων
466 1723 600 1763 φέρονται.
616 1723 684 1753 Εἰπὲ
697 1725 754 1757 πῶς
774 1726 790 1759 ἡ
810 1723 856 1752 θά-

89 1772 177 1800 λασσα
194 1769 357 1810 ἀφώρισται·
378 1768 436 1798 εἰπὲ
451 1770 507 1802 πῶς
525 1771 542 1804 ἡ
558 1768 691 1802 τοσούτοις
711 1769 855 1808 μαινομένη

87 1816 188 1855 κύμασι
209 1815 254 1844 καὶ
277 1816 315 1848 εἷς
333 1814 397 1854 ὕψος
414 1814 522 1854 ἄπειρον
534 1815 716 1855 κορυφουμένη
727 1838 734 1851 ,
750 1815 856 1844 ἐπειδὰν

87 1861 224 1901 πλησιάσῃ
237 1863 270 1901 τῇ
282 1860 386 1901 ψάμμῳ
396 1881 404 1894 ,
423 1859 534 1896 λύεται,
557 1861 668 1890 αἰδεῖται
682 1861 727 1890 τὸν
740 1860 799 1901 ὅρον
811 1864 856 1890 τοῦ

87 1907 237 1947 νομοθέτου.
248 1907 439 1946 Ἑρμήνευσον,
449 1906 544 1946 ἅδελφὲ
553 1929 561 1943 ,
570 1909 627 1940 πῶς
637 1912 699 1946 μιᾶς
709 1909 758 1946 γῆς
769 1907 858 1943 οὔσης,

90 1959 152 1993 μιᾶς
165 1953 278 1993 μητρὸς,
295 1952 406 1992 διάφορα
419 1951 452 1981 τὰ
471 1952 660 1991 βλαστήματα·
681 1953 759 1982 πόθεν
774 1955 800 1982 αἱ
814 1965 859 1982 πι-

92 1999 154 2039 κραὶ
169 1999 252 2038 ῥίζαι,
263 1998 341 2027 πόθεν
355 1999 383 2027 αἱ
397 1999 532 2037 γλυκεῖαι,
554 1998 632 2027 πόθεν
643 2001 696 2028 τῶν
710 2000 819 2038 καρπῶν
832 2001 859 2028 αἱ

90 2049 219 2090 διαφοραί,
234 2048 335 2088 Μίαγῆ
346 2048 545 2088 βλαστάνουσαι,
560 2044 596 2082 εἷς
609 2049 706 2089 ὄμὸρος
719 2052 733 2079 ὁ
747 2051 859 2091 τρέφων,

90 2099 169 2129 πόθεν
189 2102 207 2135 ἡ
230 2099 355 2139 διαφορά;
378 2098 558 2139 Ἑρμήνευσον
584 2098 664 2128 πόθεν
685 2100 811 2139 προΐεσαν
833 2103 859 2130 αἳ.

90 2151 190 2190 πηγαὶ,
211 2150 256 2179 καὶ
272 2151 302 2179 ἐκ
321 2150 404 2179 ποίων
418 2149 557 2179 ἀὸύσσων·
579 2151 637 2183 πῶς
654 2153 738 2180 ταῦτα
752 2152 860 2181 δυνατὸν

91 2200 262 2230 καταλαὸεἶν.
288 2199 356 2229 Ἀλλ’
381 2199 443 2228 ὅταν
466 2200 527 2239 περὶ
556 2202 640 2229 ταῦτα
669 2201 859 2241 ἀπορήσωμεν,

91 2252 185 2292 ἔχομεν
201 2251 263 2290 μίαν
278 2251 363 2286 ἀληθῆ
375 2250 420 2280 καὶ
431 2251 528 2286 εὐσεόἧ
542 2253 594 2280 τῶν
611 2251 797 2291 ἀπορουμένων
812 2252 860 2288 τὴν

91 2302 175 2331 λύσιν.
194 2302 246 2332 Καὶ
269 2303 283 2330 ὁ
306 2301 436 2341 μακάριος
454 2301 537 2330 Δαυὶδ
560 2302 727 2341 ἐμελῴδησεν
748 2298 799 2332 ὧδέ
821 2315 860 2338 πη

93 2353 186 2392 λέγων·
202 2353 267 2382 ’Ότι
281 2351 355 2385 εὒθὺς
365 2355 379 2381 ὁ
391 2351 467 2391 λόγος
480 2354 525 2381 τοῦ
539 2352 636 2391 Κυρίου
648 2374 656 2387 ,
670 2353 714 2382 καὶ
728 2353 815 2383 πάντα
827 2354 860 2384 τὰ

95 2402 159 2442 ἔργα
181 2404 259 2432 αὐτοῦ
281 2404 307 2431 ἐν
332 2401 431 2431 πίστει.
454 2400 498 2430 Τὰ
516 2401 580 2441 ἔργα
596 2402 656 2431 ἄνευ
678 2403 792 2437 πίστεως
814 2405 862 2434 οὐκ
878 2418 897 2441 c
916 2431 967 2450 non
989 2419 1045 2450 sinc
1069 2420 1087 2448 fi

97 2452 154 2482 ἔστι
164 2453 332 2488 καταλαὸεἰν,
343 2452 388 2481 καὶ
402 2452 470 2481 Θεὸν
485 2452 546 2481 ἄνευ
560 2452 674 2486 πίστεως
688 2455 771 2493 εὑρεῖν
785 2455 863 2484 δυνα-

97 2503 160 2538 τόν;
174 2502 218 2532 Τὰ
231 2503 295 2543 ἔργα
309 2503 370 2532 ἄνευ
384 2502 507 2539 πίστεως,
520 2502 565 2531 καὶ
578 2505 592 2531 ὃ
603 2502 665 2536 Υἱὸς
678 2504 704 2532 ἐν
718 2505 863 2541 ἀποδείξει;

98 2553 164 2583 ”()τι
178 2553 275 2586 εὖθὺςὸ
288 2553 363 2592 λόγος
379 2556 424 2582 τοῦ
443 2552 557 2592 Κυρίου,
577 2552 622 2582 καὶ
643 2552 729 2583 πάντα
748 2554 781 2583 τὰ
802 2555 866 2595 ἔργα

102 2604 178 2632 αὐτοῦ
195 2605 220 2632 ἐν
230 2603 324 2633 πίστει.
341 2603 420 2633 Ἀλλὰ
434 2603 484 2642 γὰρ
498 2603 556 2636 τοὺς
567 2603 675 2642 ἐχθροὺς
686 2606 733 2640 τῆς
743 2606 865 2641 ἀληθείας

868 1316 886 1339 Α
904 1312 1021 1342 Ostende
1042 1313 1179 1342 columnas
1201 1323 1261 1351 quae
1281 1312 1410 1349 fulciant,
1431 1314 1540 1343 ostende
1559 1315 1645 1344 hasim

904 1365 982 1388 tantae
1004 1359 1068 1387 moli
1091 1359 1249 1398 subjectam.
1270 1359 1376 1398 Ecquid
1397 1359 1431 1389 de
1451 1359 1514 1390 caelo
1537 1361 1643 1400 loquor,

906 1415 958 1434 non
972 1405 1007 1434 de
1025 1411 1094 1434 terra
1109 1415 1189 1443 quam
1207 1405 1300 1434 calco?
1312 1405 1432 1435 Primum
1451 1407 1557 1446 explica
1577 1407 1646 1437 mihi

905 1459 980 1481 terrae
991 1452 1215 1481 constitutionem.
1227 1451 1308 1488 Quod
1324 1452 1396 1481 enim
1407 1463 1487 1492 super
1498 1464 1580 1492 aquas
1590 1454 1647 1483 sun-

906 1497 968 1527 data
992 1498 1037 1532 sit,
1052 1497 1103 1526 hoc
1121 1504 1147 1526 et
1168 1507 1216 1535 ego
1239 1498 1340 1537 accepi,
1355 1505 1379 1527 et
1397 1505 1427 1527 tu
1451 1494 1595 1529 confiteris:
1614 1503 1647 1530 At

907 1542 1041 1581 quomodo
1051 1554 1133 1583 snper
1142 1553 1225 1581 aquas
1235 1542 1338 1572 {innata
1352 1544 1396 1578 sit,
1408 1555 1521 1584 expone.
1533 1548 1574 1575 Ne
1587 1547 1648 1576 sim-

907 1589 1012 1629 pliciter
1033 1599 1179 1618 sermonem
1201 1589 1330 1628 excipias,
1344 1590 1390 1618 sed
1412 1591 1584 1629 quaesitorum
1602 1604 1645 1621 ra-

905 1635 1005 1664 tionem
1019 1635 1101 1664 redde
1114 1646 1121 1662 :
1132 1634 1267 1673 quomodo
1279 1641 1318 1664 tot
1334 1636 1454 1673 tantique
1468 1645 1580 1675 montes,
1593 1640 1648 1669 col-

907 1681 962 1717 les,
981 1681 1065 1711 valles
1088 1691 1170 1720 super
1187 1691 1270 1719 aquas
1288 1681 1417 1711 ferantur.
1440 1683 1492 1712 Dic
1514 1686 1648 1723 quomodo

908 1739 981 1757 mare
1005 1733 1155 1767 separatum
1178 1726 1229 1764 sit;
1245 1727 1289 1756 dic
1306 1738 1360 1766 quo
1373 1735 1448 1767 pacto
1461 1736 1499 1758 tot
1522 1730 1649 1760 fluctibus

908 1774 1036 1814 agitatum
1048 1796 1057 1810 ‚
1071 1780 1096 1802 et
1110 1773 1136 1802 in
1156 1773 1312 1829 immfinsain
1334 1785 1445 1813 sui-gens
1466 1776 1647 1813 altitudinem,

873 1830 890 1853 Β
909 1833 972 1852 cum
989 1831 1095 1850 arenam
1117 1821 1223 1860 attingit
1242 1821 1370 1856 solvatur,
1383 1829 1408 1850 et
1422 1822 1580 1862 legislatoris
1594 1832 1649 1854 ter-

910 1869 1014 1898 minum
1027 1874 1190 1897 revereatur.
1209 1867 1397 1907 Interpretare,
1412 1869 1502 1904 frater,
1515 1872 1650 1909 quomodo

911 1925 972 1944 cum
986 1924 1038 1943 una
1049 1914 1084 1943 sit
1096 1913 1240 1949 terr³‚'una
1247 1921 1341 1949 mater,
1353 1914 1465 1944 diversae
1477 1916 1574 1955 plantae
1584 1918 1649 1955 sint,

911 1960 982 1989 unde
996 1959 1097 1989 radices
1111 1970 1216 1996 amarae,
1227 1959 1297 1989 unde
1311 1959 1415 1997 dulces,
1432 1961 1502 1991 unde
1515 1963 1650 1994 fructuum

911 2007 1060 2037 varietates.
1077 2007 1138 2035 Una
1155 2012 1221 2035 term
1244 2006 1395 2044 geminans
1411 2014 1460 2041 est,
1477 2018 1546 2038 unus
1564 2010 1651 2040 imber

911 2053 972 2082 alit:
982 2052 1054 2081 unde
1061 2051 1224 2081 differentia?
1230 2051 1344 2092 Explica
1353 2052 1424 2081 unde
1432 2053 1591 2093 prodierunt
1597 2058 1653 2086 fon-

912 2107 962 2136 tes,
974 2106 1000 2128 et
1010 2110 1044 2127 ex
1055 2098 1155 2137 quibus
1168 2097 1270 2137 abyssis
1285 2109 1291 2125 :
1304 2108 1356 2136 qua
1368 2098 1469 2129 ratione
1483 2099 1540 2130 haec
1551 2103 1652 2141 possint

913 2144 1113 2186 comprehendi.
1130 2145 1233 2174 Verum
1253 2145 1361 2184 quando
1381 2145 1415 2175 dc
1427 2146 1469 2175 his
1485 2146 1652 2178 dubitaveri-

914 2203 984 2225 mus,
1000 2202 1079 2220 unam
1093 2191 1224 2220 habemus
1244 2202 1333 2220 veram
1346 2199 1372 2221 ct
1391 2192 1463 2231 piam
1476 2194 1652 2232 quaestionum

908 2238 1084 2270 solutionem.
1107 2239 1194 2276 Atque
1213 2237 1305 2266 beatus
1320 2238 1409 2267 David
1429 2239 1523 2268 cecinit
1536 2240 1578 2269 his
1590 2251 1652 2269 vcr-

1674 487 1791 507 Anomwo-

1660 1459 1756 1482 Ps11l.23
1771 1466 1792 1480 ’.1,

1675 1878 1748 1906 Opera
1760 1878 1802 1900 Dei

1661 1917 1704 1930 non
1741 1910 1802 1937 capi<

1662 1948 1718 1969 nutis,
1731 1948 1803 1968 quan-

1662 1977 1684 1992 to
1731 1979 1803 1993 nimus

1665 2003 1743 2024 licum.

912 2283 956 2311 bis
968 2295 974 2311 :
991 2283 1068 2321 Quia
1078 2288 1187 2319 rectum
1195 2288 1236 2310 est
1245 2283 1367 2311 verbum
1378 2283 1510 2318 Domini,
1520 2290 1548 2312 et
1554 2287 1652 2312 omnia
1663 2293 1727 2314 Psal.
1735 2291 1799 2320 32⁴4.

915 2339 1000 2369 opera
1012 2329 1074 2368 ejus
1087 2329 1118 2357 in
1127 2329 1199 2368 fide.
1215 2330 1303 2368 Opera
1324 2329 1379 2358 sine
1394 2328 1446 2357 fide
1463 2329 1651 2368 romprehendi

915 2381 1058 2414 nequeunt,
1067 2381 1092 2403 et
1102 2375 1174 2403 Deus
1184 2374 1241 2403 sine
1250 2373 1303 2403 fide
1313 2373 1426 2402 inveniri
1437 2374 1553 2413 poterit?
1564 2375 1652 2413 Opera

1089 2419 1139 2456 de,
1158 2426 1184 2449 et
1204 2419 1292 2449 Filius
1314 2418 1558 2448 demonstratione?
1576 2421 1654 2455 Qm'a

916 2473 1025 2497 rectum
1044 2473 1086 2496 est
1109 2468 1230 2495 verbum
1252 2466 1384 2499 Domini,
1400 2470 1427 2492 et
1449 2465 1548 2492 omnia
1567 2474 1654 2503 opera

918 2516 980 2554 ejus
996 2515 1107 2555 infide.
1122 2515 1228 2543 Verum
1250 2521 1308 2546 nos,
1324 2511 1422 2540 relictis
1438 2510 1556 2540 veritatis
1570 2511 1653 2541 hosti-

918 2561 979 2595 bus,
992 2559 1034 2588 adl
1042 2570 1131 2588 sanam
1145 2564 1282 2594 tutamque
1293 2555 1372 2584 fidem
1388 2556 1537 2592 redeamus,
1553 2557 1656 2597 piaequc

920 2605 1055 2644 religionis
1070 2604 1187 2643 regulam
1203 2601 1383 2635 ostendamus,
1395 2602 1450 2641 ipsa
1464 2602 1573 2632 veritate
1583 2604 1657 2632 assub
