1904 2840
179 169 195 185 7

670 216 705 238 ΙΝ
731 215 935 240 MA'r'rflAEUM.
964 216 1079 240 notuit..
1108 217 1131 240 1.

1604 204 1670 251 757

0 290 37 306 ue.
53 277 357 308 r.13.chariam:Ecce
374 278 534 308 Elimbeeh
555 287 631 307 uxor
653 283 705 307 tua
726 280 867 318 concipiet
885 280 904 303 Α
923 277 1022 307 sentior
1041 278 1214 308 essentialiter
1227 289 1260 308 ex
1273 279 1373 309 unitate
1387 288 1504 319 personae
1515 278 1598 308 factus
1611 286 1661 308 est.

829 318 835 323 “
924 317 1048 347 Verbum
1062 318 1134 347 enim
1154 328 1222 347 caro
1237 318 1351 357 factum
1364 325 1417 355 est,
1432 325 1460 348 et
1474 319 1620 347 habitavit
1631 320 1663 347 in
1673 325 1814 355 Joanaaq.

0 763 38 780 nc.
50 763 70 779 ι.
80 756 120 787 48.

0 1581 117 1613 κε.7..4.

130 323 160 346 et
173 319 268 356 pariet
279 318 333 346 tibi
344 317 442 356 filium
456 330 465 346 ε
480 317 543 357 quia
559 317 669 354 mulier,
685 328 744 356 quae
760 329 794 347 ex
807 328 868 348 viro

129 356 260 396 concipit,
275 356 371 386 marito
384 368 434 387 suo
448 357 537 386 filium
550 357 620 397 parit
636 367 642 383 τ
656 358 720 396 quia
737 358 822 397 magis
834 368 870 386 ex

129 395 178 425 illo
197 402 246 432 est,
260 407 341 435 quam
357 396 391 426 de
414 397 482 437 ipsa.
495 398 558 426 Haec
577 400 678 433 autem,
691 407 750 435 quae
769 407 821 426 non
835 396 869 426 de

128 435 190 464 viro
212 445 292 465 conce
327 442 376 471 rat,
384 447 437 465 non
458 436 546 465 filium
568 436 610 465 illi
629 436 742 475 peperit,
755 436 802 466 sed
815 436 868 466 sihi

128 446 326 504 tantummodif
331 475 404 506 Vide
415 486 468 514 quo
479 475 559 507 modo
569 475 771 505 similitudinem
783 476 792 505 i
813 476 869 505 sius

128 513 170 542 rei
179 515 328 554 peremnia
352 515 484 554 sequitur,
496 525 556 554 quae
572 516 642 544 facta
661 522 701 544 est
719 516 747 544 in
770 517 792 544 Α
812 526 874 544 am.=

129 552 204 583 Sicut
224 554 297 583 euim
317 561 381 583 tunc
404 555 503 584 mulier
523 561 631 594 gustans
656 554 691 583 de
716 554 801 594 ligno,
812 554 870 584 sola

129 592 239 622 seducta
251 600 302 630 est,
313 600 339 622 et
351 594 455 635 peperit
467 601 595 630 mortem;
611 593 697 623 Adam
713 601 802 623 autem
815 603 869 623 uon

129 632 181 661 fuit
200 633 332 673 particeps
345 634 372 662 in
395 634 547 663 seductione
571 633 646 663 illius
657 644 667 672 3
687 644 741 663 non
762 634 833 663 enim
852 643 868 662 a

130 671 240 701 diabolo
249 672 375 702 seductus
386 673 518 713 peccavit,
530 672 577 702 sed
589 674 652 713 quia
665 673 795 703 consensit
805 683 869 702 mu-

131 710 191 740 lieri
200 723 207 740 z
217 712 255 741 sic
261 712 372 741 etmodo
377 713 510 752 accipiens
516 713 605 742 Maria
612 713 646 742 de
652 713 755 753 Spiritu
765 719 864 749 sancto,

131 751 188 780 sola
207 751 333 786 credidit,
347 751 438 781 dicens
454 764 461 781 ε
477 753 555 781 Ecce
568 753 633 792 jam
655 762 733 782 nunc
754 754 869 781 beatam

133 802 179 821 me
197 791 294 820 dicent
313 802 412 820 omnes
433 793 642 831 generationes.
658 793 721 822 Jose
739 792 759 820 h
780 798 869 821 autem

131 837 195 859 tunc
205 830 234 859 in
247 830 301 860 fide
316 831 494 871 conceptionis
511 831 586 860 illius
605 831 673 860 nihil
687 803 782 860 haliuit
793 841 869 860 com-

130 880 223 907 mune,
238 870 286 899 sed
295 877 386 911 postea
398 870 508 900 tacendo
521 877 547 900 et
561 870 749 901 consentiendo
765 877 868 900 tantum
886 877 904 900 Β

130 909 249 939 salvatus
269 916 318 939 oet.
332 909 397 939 Ideo
417 917 443 939 et
467 910 495 939 in
516 911 627 940 somniis
643 910 746 940 adstitit
765 910 800 947 ei,
815 920 868 939 non

130 949 218 989 palam
232 960 239 976 :
252 955 282 978 ut
292 948 517 988 quemadmodum
531 950 679 979 dormiente
694 949 780 979 Adam
793 960 869 978 crea-

129 988 171 1018 vit
182 988 333 1025 mulierem,
347 988 386 1018 sic
406 995 432 1018 et
445 989 490 1019 isti
503 988 645 1020 dormienti
659 989 791 1019 divinitus
805 999 869 1018 con-

129 1028 246 1067 signaret
258 1038 382 1058 uxorem.
395 1029 456 1068 Ipse
467 1036 555 1058 autem
569 1029 730 1069 evangelista
741 1029 872 1068 interpre-

129 1066 274 1106 taturquid
282 1067 525 1107 intelligiturJesus
533 1068 663 1098 Hebra'ica
670 1079 746 1105 voce,
758 1067 850 1097 dicens
860 1080 867 1096 ι

129 1108 198 1145 Ipse
209 1106 336 1136 salvabit
346 1104 492 1147 populum*
500 1118 611 1137 sauma
621 1109 748 1148 peccatis
758 1117 868 1136 eorum.

129 1146 159 1176 Si
173 1156 202 1175 er
221 1156 237 1175 o
248 1146 379 1183 medicus,
394 1146 441 1185 qui
453 1147 555 1176 nullam
570 1154 724 1186 potestatem
735 1147 814 1175 habet
825 1157 871 1176 sa-

132 1185 198 1214 lutis
232 1196 345 1222 umanae,
356 1192 465 1226 propter
475 1187 558 1215 solam
571 1187 759 1216 confectionem
771 1186 870 1215 herba-

130 1235 191 1254 rum
205 1234 259 1253 non
272 1225 407 1255 erubescit
419 1225 516 1255 medici
530 1226 584 1255 sibi
597 1236 692 1256 nomen
706 1226 844 1266 imponere
859 1237 870 1259 :-

129 1270 228 1303 quanto
237 1263 346 1302 dignius
356 1264 405 1294 iste
418 1272 527 1295 vocatus
540 1272 579 1294 est
589 1266 723 1302 Salvator,
732 1275 780 1305 per
789 1276 870 1304 quem

128 1310 200 1332 totus
208 1302 326 1333 salvatus
334 1311 373 1333 est
382 1304 519 1334 mundus?
530 1306 580 1334 22.
593 1306 658 1334 Hoc
666 1312 764 1334 autem
777 1311 869 1334 cocum

120 1344 243 1384 sactum
270 1349 320 1372 est.
333 1343 408 1380 Quid
434 1344 538 1373 totum?
555 1345 594 1374 Ut
614 1345 693 1384 virgo
716 1344 869 1385 propinquo

129 1392 178 1411 suo
191 1381 407 1421 desponsaretur,
424 1383 463 1412 ut¹
474 1390 546 1413 casta
567 1391 729 1421 servaretur,
744 1390 774 1413 ut
788 1393 868 1422 ange-

128 1421 173 1450 lus
190 1431 239 1461 per
261 1422 394 1451 somnium
409 1423 509 1463 Joseph
524 1423 688 1462 loqueretur,
704 1430 734 1452 ut
745 1434 868 1463 sponsam

128 1471 187 1489 cam
195 1460 315 1500 accipere
323 1460 476 1500 juberetur,
490 1470 520 1492 ut
532 1462 609 1502 pueri
623 1473 718 1492 nomen
731 1464 810 1493 Jesus
825 1474 869 1493 vo-
885 1465 905 1488 C

128 1506 245 1535 caretur,
269 1507 300 1529 ut
318 1501 397 1540 virgo
419 1502 513 1531 mundi
527 1502 695 1532 Salvatorem
719 1509 865 1541 generaret.

132 1540 171 1568 Ut
186 1539 355 1578 impleretur
367 1541 447 1579 quod
458 1541 568 1570 dictum
585 1547 627 1570 est
639 1551 658 1569 a
674 1542 802 1570 Domino
818 1551 871 1580 per

128 1579 309 1617 prophetam,
319 1579 461 1608 dicentem
479 1591 486 1607 :
502 1582 552 1609 25.
563 1581 641 1608 Ecce
647 1582 730 1619 virgo
744 1582 775 1609 in
788 1587 868 1610 utero

130 1618 263 1651 habebit,
276 1623 305 1646 et
349 1619 421 1647 ariet
439 1618 548 1657 filium.
573 1619 667 1648 Gratia
691 1632 706 1649 a
731 1619 869 1659 prophetis

129 1655 310 1684 testimonium
345 1656 417 1694 abet,
436 1657 479 1687 vel
501 1657 562 1687 ideo
580 1664 609 1686 ut
623 1659 709 1688 Vetus
723 1666 749 1688 et
761 1660 869 1688 Novum

130 1701 255 1724 consonet
268 1695 478 1732 Testamentum,
491 1696 573 1726 velut
588 1697 737 1727 infirmitati
748 1697 869 1727 erudito—

130 1744 192 1763 rum
212 1734 366 1771 satisfaciat,
381 1735 424 1767 ,vel
438 1743 468 1765 ut
480 1746 533 1765 non
546 1746 610 1765 mox
623 1743 721 1766 temere
733 1736 870 1767 videretur

131 1783 281 1812 erumpere,
298 1773 372 1812 quod
390 1781 462 1804 tauto
492 1782 553 1804 ante
573 1782 693 1815 tempore
713 1776 870 1816 praedictum

2 1812 335 1852 rmpi..u2.est.1³rophe1ia
355 1820 445 1843 autem
466 1815 520 1844 alia
539 1821 579 1844 est
599 1825 634 1844 ex
654 1815 830 1854 praescientia,
845 1823 871 1845 et

0 1853 63 1883 lplex
66 1868 74 1880 ,

0 1981 48 1997 ιιι.
60 1973 83 1998 3.
98 1975 122 2004 4.

132 1851 189 1881 haec
203 1851 398 1882 immutabilis:
410 1860 441 1882 ut
453 1853 520 1890 haec,
534 1855 612 1885 Ecce
623 1856 707 1894 virgo
720 1857 870 1894 concipiet.

135 1890 194 1920 Alia
213 1901 247 1920 ex
257 1891 362 1931 judicio
383 1903 506 1933 operum,
518 1900 544 1922 et
554 1893 611 1923 haec
633 1893 700 1923 solet
721 1895 818 1923 mutari
831 1905 872 1924 se-

133 1929 251 1960 cundum
260 1930 333 1969 quod
343 1931 424 1961 verba
437 1939 541 1966 sonant,
557 1943 608 1962 non
627 1933 775 1962 secundum
791 1933 870 1963 intel-

135 1969 253 1999 lectum:
270 1977 310 2007 ut,
326 1971 435 2000 Adhuc
477 1972 655 2012 uadraginta
679 1973 752 2010 dies,
768 1980 797 2002 et
817 1974 871 2002 Ni-

134 2010 201 2038 nive
214 2010 395 2039 subvertetur
406 2021 414 2038 .·
424 1983 661 2056 sugintelligimuffi
673 2012 724 2041 nisi
736 2013 870 2052 poeniteat.

134 2048 204 2078 Item
224 2058 283 2087 quae
296 2056 335 2078 est
357 2059 391 2078 ex
411 2050 587 2095 praescientia,
600 2051 647 2080 illa
671 2051 799 2091 impletur
821 2052 872 2081 Dei
891 2057 909 2079 D

132 2087 302 2117 solummodo
324 2096 492 2128 operatione,
510 2096 539 2119 ut
580 2090 633 2119 uod
655 2091 734 2130 virgo
760 2098 872 2131 pareret.

134 2126 196 2155 Alia
222 2126 350 2165 impletur
374 2127 515 2158 hominum
541 2140 555 2158 a
577 2129 779 2167 ministratione,
791 2137 821 2159 ut
840 2130 875 2159 de

134 2165 244 2204 aliquo,
273 2173 303 2196 ut
326 2168 360 2196 sit
381 2168 483 2206 justus.
511 2169 668 2198 Admiratus
694 2169 782 2208 itaque
807 2169 874 2199 tanti

134 2203 255 2244 mysterii
279 2205 436 2249 dignitatem
461 2208 607 2247 propheta,
628 2208 704 2247 quasi
727 2218 818 2238 omnes
841 2208 875 2237 de

116 2263 122 2269 .
135 2252 228 2272 somno
241 2250 381 2280 suscitans,
390 2245 428 2274 ait
441 2257 448 2274 ι
461 2247 539 2275 Ecce
552 2249 635 2286 virgo
647 2250 679 2276 in
693 2254 773 2276 utero
787 2249 877 2277 habe-

137 2283 189 2319 bie,
205 2288 234 2311 et
253 2284 348 2321 pariet
364 2283 473 2323 filium,
489 2292 516 2313 et
536 2288 686 2314 vocabunt
697 2297 803 2315 nomen
815 2288 877 2326 ejus

134 2322 327 2357 Emmanuel,
342 2323 422 2362 quod
431 2329 474 2352 est
485 2325 715 2363 interpretatum,
726 2327 876 2354 nobiscum

136 2361 229 2390 Deus.
251 2361 346 2391 Multis
370 2362 556 2400 praetermissis
573 2373 627 2392 uno
653 2364 740 2393 utitur
759 2365 876 2400 nomine,

136 2399 210 2438 quod
232 2401 355 2440 praesenti
380 2401 447 2430 utile
471 2408 510 2430 est
534 2402 647 2441 negotio.
657 2403 788 2439 Quamvis
805 2403 878 2433 enim

137 2438 216 2468 nobis
227 2439 261 2468 sit
272 2450 386 2479 praesens
396 2450 499 2480 semper
510 2440 694 2480 gubernando,
708 2448 795 2472 tamen
809 2453 879 2483 prae-

924 359 1016 386 nobis.
1039 359 1266 397 94.Exsurgens
1286 366 1382 388 autem
1400 359 1510 397 Joseph
1521 368 1539 386 a
1551 368 1661 394 somno,

923 398 1034 436 accepit
1047 398 1177 426 Mariam
1194 399 1344 437 conjugem
1362 409 1456 427 suam.
1467 398 1527 426 Non
1539 397 1567 426 in
1581 397 1662 427 domo

922 436 1025 476 accepit
1043 447 1117 474 eam3
1131 447 1179 465 nec
1198 436 1268 465 enim
1290 437 1379 467 adhuc
1400 437 1538 466 dimiserat
1557 447 1615 465 eam
1628 438 1662 466 de

923 475 1013 511 domo,
1020 474 1067 504 sed
1077 475 1112 505 de
1123 476 1212 505 animo
1225 486 1273 505 suo
1286 476 1444 516 deposuerat
1452 483 1553 511 eam,et
1565 476 1662 506 iterum

924 516 951 544 in
975 515 1095 544 animum
1118 526 1199 544 suum
1220 525 1279 544 eam
1299 516 1408 556 recepit.
1423 517 1472 545 25,
1485 517 1526 544 Et
1544 526 1603 544 non
1617 527 1664 545 co-

923 557 1024 592 gnovit
1044 565 1119 588 eam,
1133 555 1225 583 donec
1243 557 1363 594 peperit.
1381 557 1453 586 Vere
1466 555 1538 584 enim
1550 566 1603 584 non
1617 566 1663 584 co-

923 594 1016 634 gnovit
1029 605 1087 623 eam
1100 601 1170 631 ante,
1186 595 1263 634 cujus
1273 595 1358 624 suerat
1371 594 1519 634 dignitatis,
1531 605 1590 633 quae
1600 595 1664 624 uni-

923 633 1006 672 geniti
1021 633 1072 663 Dei
1085 633 1154 663 sacta
1171 634 1257 663 fuerat
1273 641 1356 663 mater
1369 647 1374 663 :
1390 633 1438 663 sed
1454 640 1595 673 postquam
1616 644 1664 679 pe-

943 673 1004 709 erit,
1010 680 1074 702 tunc
1081 673 1207 712 cognovit
1215 683 1273 702 eam
1281 685 1287 701 :
1296 673 1360 712 quia
1367 673 1512 713 speciosior
1523 680 1549 701 et
1556 673 1666 713 dignior

923 683 991 741 iacta
1000 713 1096 749 suerat]
1109 723 1191 751 quam
1202 719 1273 742 totus
1283 713 1409 742 mundus.
1424 714 1493 742 Nam
1504 723 1584 750 quem
1595 719 1666 742 totus

923 752 1041 781 mundus
1058 760 1110 781 non
1129 763 1223 792 capere
1249 759 1363 792 poterat,
1383 762 1432 781 nec
1452 751 1604 781 merebatur
1620 762 1666 781 ac-

923 791 1022 831 cipere,
1031 792 1106 830 quasi
1118 791 1144 820 in
1153 799 1297 832 angustum
1306 791 1463 821 cubiculum
1477 791 1544 820 uteri
1556 791 1599 820 sui
1609 791 1666 821 sola

923 831 1048 871 suscepit.
1062 831 1143 862 Vidit
1161 831 1262 871 Joseph
1278 832 1350 861 enim
1367 831 1500 870 virginem
1510 841 1667 870 permanere

924 877 984 910 post
1006 877 1124 911 partum.
1137 871 1237 901 Vidit⁸
1249 871 1408 916 mysterium
1418 870 1500 899 stellae
1513 880 1566 909 quo
1584 870 1667 899 modo

924 917 996 939 stans
1016 921 1097 950 super
1111 917 1190 949 caput
1202 921 1292 950 pueri,
1307 910 1477 940 venientibus
1491 909 1575 949 magis
1600 920 1665 948 pue-

923 959 984 978 rum
1016 949 1224 979 demonstrabat.
1249 951 1327 980 Stans
1357 948 1538 978 testimonium
1566 948 1666 985 dabat,

924 988 989 1027 quia
1013 988 1022 1017 l
1060 989 1089 1017 ui
1115 999 1169 1018 non
1195 996 1308 1029 poterat.
1333 989 1408 1028 Ipsos
1434 985 1551 1027 denifflw
1575 998 1666 1027 magos

923 1027 994 1057 vidit
1024 999 1179 1064 iidorantes,
1203 1034 1229 1057 et
1252 1028 1345 1058 divina
1375 1027 1446 1058 dona
1471 1038 1565 1056 eorum
1590 1038 1668 1067 prae-

924 1074 1064 1097 sentantes.
1081 1067 1195 1097 Audivit
1206 1069 1346 1097 'sermones
1364 1067 1497 1107 ipsorum,
1513 1077 1567 1106 quo
1587 1067 1667 1096 modo

924 1107 958 1136 ab
993 1107 1093 1136 oriente
1123 1118 1207 1146 usque
1235 1107 1431 1147 Jerosolymam
1460 1106 1536 1136 stella
1564 1117 1662 1146 praece-

923 1146 1002 1176 dente
1020 1154 1158 1184 venerant,
1173 1158 1233 1186 quae
1252 1157 1306 1176 non
1323 1146 1466 1186 dedignata
1487 1152 1526 1175 est
1545 1145 1665 1175 homini-

923 1186 974 1215 bus
988 1186 1150 1223 ministrare,
1160 1193 1190 1216 ut
1202 1186 1252 1216 Dei
1263 1186 1375 1226 gloriam
1385 1186 1523 1215 revelaret.
1536 1186 1609 1224 Ergo
1621 1186 1664 1214 in-

924 1225 1113 1266 comparabilis
1133 1226 1269 1263 nativitas,
1284 1226 1366 1255 totius
1378 1226 1501 1254 humanae
1518 1225 1665 1254 nativitatis

924 1275 1075 1295 mensuram
1108 1265 1257 1302 excedens,
1283 1272 1310 1294 et
1336 1265 1504 1295 divinitatem
1533 1264 1666 1294 nascentis

924 1305 1002 1343 pueri
1021 1304 1186 1341 ostendebat,
1202 1312 1228 1334 et
1246 1304 1275 1334 di
1295 1306 1404 1334 nitatem
1424 1306 1519 1334 Mariae
1537 1304 1665 1343 parientis

923 1344 1024 1384 Joseph
1042 1344 1251 1374 demonstrabat.
1263 1315 1327 1374 lileo
1341 1343 1417 1380 dicit,
1432 1344 1474 1372 Et
1486 1353 1545 1372 non
1559 1353 1666 1383 cogno-

925 1385 965 1412 vit
973 1395 1049 1421 eam,
1060 1385 1154 1412 donec
1164 1384 1273 1423 peperit
1280 1383 1379 1423 filium
1392 1393 1477 1412 suum
1489 1384 1666 1422 primogeni-

924 1429 995 1453 tum.
1011 1423 1144 1463 Cognovit
1157 1430 1246 1453 autem
1258 1434 1317 1452 eam
1331 1433 1390 1461 quae
1398 1429 1475 1459 esset,
1508 1429 1549 1451 ost
1557 1429 1665 1462 partum

922 1463 1018 1503 ipsius.
1033 1462 1153 1500 Quidam
1171 1473 1204 1491 ex
1224 1462 1276 1491 hoc
1295 1462 1386 1497 verbo,
1401 1433 1547 1491 secunfum
1572 1462 1665 1491 Euno-

1709 1472 1816 1496 Eunomii

923 1503 1020 1538 mium,
1035 1509 1139 1542 putant,
1147 1500 1222 1540 quod
1233 1501 1332 1540 Joseph
1343 1500 1430 1545 donec
1440 1500 1543 1540 peperit
1554 1500 1665 1538 quidem
1677 1505 1771 1526 haeresis.

923 1551 976 1570 non
990 1542 1081 1570 nillam
1101 1541 1197 1570 habuit
1216 1541 1243 1569 in
1262 1541 1438 1576 conscientia,
1465 1546 1554 1579 postea
1576 1546 1664 1568 autem

923 1580 1048 1619 coguovit
1060 1590 1130 1615 eam,
1144 1586 1170 1608 et
1181 1579 1253 1608 filios
1267 1579 1379 1623 peperit.
1394 1578 1476 1608 Unde
1488 1585 1514 1607 et
1525 1578 1664 1607 Christum

1675 1563 1743 1579 XXVH

922 1621 1132 1659 primogenitum
1145 1618 1211 1647 dicit
1225 1628 1233 1645 τ
1249 1628 1311 1656 quia
1326 1617 1372 1646 ille
1385 1617 1485 1646 dicitur
1497 1617 1664 1657 primogeni-
1696 1634 1818 1661 Primoge-

923 1665 976 1696 tus,
985 1669 1064 1697 quem
1078 1657 1125 1686 alii
1133 1658 1226 1686 fratres
1235 1663 1392 1695 sequuntur.
1407 1657 1520 1685 Insanus
1533 1657 1665 1686 neminem
1676 1667 1736 1686 nnus
1754 1668 1815 1694 quis.

923 1698 1050 1737 intelligit
1070 1707 1127 1726 esse
1157 1706 1251 1725 sanum
1268 1707 1275 1724 z
1293 1695 1356 1734 quia
1379 1695 1421 1724 illi
1445 1695 1504 1725 ausi
1531 1702 1593 1724 sunt
1614 1696 1665 1725 hoc

924 1736 1013 1766 dicere
1031 1739 1065 1765 de
1085 1735 1145 1772 illa,
1157 1742 1253 1775 putant
1273 1735 1335 1774 quia
1354 1742 1380 1764 et
1398 1733 1498 1779 Jose'ph
1512 1735 1564 1764 hoc
1584 1746 1666 1765 ausus

924 1776 975 1805 suit
988 1777 1082 1805 facere.
1091 1776 1148 1805 Hoc
1159 1775 1231 1804 enim
1244 1774 1318 1813 quod
1329 1774 1386 1803 fieri
1400 1781 1498 1814 potuit,
1507 1774 1573 1803 dicit
1582 1785 1664 1804 evan-

943 1816 1018 1845 elista
1032 1815 1094 1854 quia
1104 1815 1203 1851 factwn
1216 1824 1269 1843 non
1279 1821 1318 1843 est
1332 1826 1338 1843 :
1353 1814 1423 1843 illud
1434 1820 1521 1843 autem
1535 1813 1608 1852 quod
1619 1824 1666 1843 nec

926 1826 983 1884 fieri
999 1854 1098 1894 potuit,
1113 1853 1180 1892 quid
1194 1853 1372 1883 necessarium
1386 1852 1483 1882 habuit
1495 1853 1594 1889 dicere,
1611 1853 1664 1882 Fa-

926 1902 999 1924 ctum
1011 1904 1065 1922 non
1079 1893 1137 1923 est?
1150 1894 1219 1922 Nam
1233 1899 1295 1922 sunt
1307 1892 1440 1931 quaedam,
1458 1903 1517 1931 quae
1530 1891 1666 1921 naturali—

926 1941 966 1964 ter
987 1939 1099 1973 possunt
1117 1932 1175 1961 fieri
1192 1944 1198 1960 :
1215 1939 1278 1961 sunt
1296 1939 1385 1961 autem
1407 1942 1466 1971 quae
1488 1931 1666 1971 impossibilia

912 1976 914 1979 '
927 1980 988 2002 sunt
1004 1983 1053 2012 per
1070 1972 1161 2017 ‘ipsam
1178 1978 1311 2001 naturam.
1326 1971 1398 2002 Volo
1411 1971 1462 2000 tibi
1480 1971 1587 2000 referre.
1602 1971 1665 2008 Ille,

927 2022 1014 2042 nescio
1031 2021 1102 2050 quis,
1118 2021 1180 2040 cum
1198 2010 1247 2039 illo
1268 2010 1343 2040 litem
1366 2011 1499 2040 commisit
1515 2022 1521 2039 ε
1537 2017 1563 2039 et
1583 2009 1674 2039 donee

928 2052 1008 2087 vixit,
1023 2061 1074 2079 non
1089 2056 1128 2079 est
1141 2050 1165 2078 ei
1178 2049 1318 2090 loquutus.
1330 2049 1470 2088 Numquid
1482 2059 1517 2079 ex
1530 2049 1582 2078 hoc
1595 2049 1668 2088 quod

928 2090 998 2128 dixi,
1014 2092 1105 2119 Donec
1116 2089 1197 2125 vixit,
1211 2099 1263 2118 non
1285 2096 1324 2118 est
1341 2089 1366 2118 ei
1385 2089 1524 2127 loquutus,
1539 2098 1572 2118 ex
1585 2099 1616 2118 eo
1630 2089 1668 2117 si-

964 2130 1019 2166 avi,
1032 2129 1095 2168 quia
1114 2135 1174 2168 post
1193 2135 1304 2158 mortem
1324 2128 1367 2157 illi
1381 2128 1509 2167 loquutus
1529 2135 1580 2164 est,
1596 2127 1669 2166 quod

928 2141 987 2198 {liri
997 2178 1049 2198 non
1060 2167 1163 2208 potest?
1171 2167 1246 2197 Illud
1256 2168 1329 2196 enim
1338 2167 1411 2206 quod
1421 2167 1480 2196 sieri
1491 2174 1587 2207 potest,
1597 2167 1667 2200 dixi,

929 2208 994 2247 quia
1005 2209 1105 2237 factum
1116 2216 1169 2236 non
1183 2214 1222 2236 est
1234 2218 1240 2236 ε
1256 2206 1322 2245 quid
1340 2213 1428 2236 autem
1442 2217 1510 2246 opus
1521 2205 1604 2235 habui
1621 2215 1668 2234 ex-

929 2250 1037 2287 ponere,
1053 2246 1115 2286 quia
1137 2255 1186 2276 nec
1202 2252 1262 2286 post
1280 2252 1393 2275 mortem
1413 2246 1455 2274 illi
1474 2246 1601 2283 loquutus
1618 2250 1667 2279 cst,

930 2286 1003 2325 quod
1016 2286 1074 2315 fieri
1086 2295 1138 2314 non
1151 2285 1273 2325 poterat?
1286 2285 1331 2315 Sic
1345 2292 1370 2314 et
1381 2285 1481 2324 Joseph
1492 2291 1552 2313 ante
1563 2289 1669 2322 partum

929 2325 1058 2355 credibile
1078 2324 1130 2354 fuit
1150 2331 1180 2354 ut
1197 2331 1365 2369 cognosceret
1386 2333 1455 2359 eam,
1466 2322 1528 2360 quia
1551 2321 1669 2350 noudum

930 2360 1105 2404 cognoscebat
1119 2364 1240 2403 mysterii
1258 2363 1414 2402 dignitatem
1430 2367 1587 2400 :postquam
1605 2369 1669 2387 vero

931 2405 1067 2444 cognovit,
1081 2403 1145 2442 quia
1162 2404 1228 2432 sacta
1249 2409 1288 2431 est
1308 2400 1437 2440 unigeniti
1460 2399 1507 2427 Dei
1528 2397 1668 2436 templum,

931 2453 984 2483 quo
995 2442 1075 2473 modo
1089 2448 1191 2482 poterat
1203 2441 1255 2471 hoc
1273 2438 1423 2479 usurpare?
1433 2436 1514 2474 Quod
1536 2443 1610 2465 antea
1627 2436 1668 2464 fa-

171 2535 182 2547 ·
199 2528 269 2553 Editi
283 2529 309 2554 in
321 2538 400 2563 marg.
414 2535 440 2555 et
452 2530 537 2556 Codex
547 2530 578 2556 V.
591 2532 622 2556 D.
635 2532 805 2559 ministerium.
816 2534 892 2559 Utra-
917 2534 1127 2568 eoncupiscentia.
1140 2531 1227 2557 Codex
1239 2531 1269 2555 V.
1283 2531 1314 2554 D.
1328 2531 1353 2553 in
1363 2529 1524 2557 conscientia,
1538 2526 1581 2552 sed
1592 2526 1670 2551 altera

140 2575 188 2600 que
196 2566 272 2592 lectio
283 2567 400 2600 quadrat.

171 2615 180 2624 τ
214 2606 293 2630 Illum
302 2605 390 2631 habuit
405 2608 431 2631 in
450 2609 610 2633 conscientia.
622 2607 691 2634 Editi
708 2610 732 2636 iu
745 2607 855 2644 margine
869 2612 895 2635 ιἰι

296 2649 367 2668 Tou.
384 2650 426 2669 νι.

921 2581 997 2598 manu
1007 2570 1102 2596 ibidem
1121 2569 1238 2595 scribitur
1255 2568 1298 2593 vel
1308 2567 1508 2599 concupiscentia
1515 2576 1525 2598 ‚-
1535 2571 1560 2591 et
1575 2564 1628 2592 hoee
1637 2567 1675 2591 vi—

921 2610 993 2636 detur
1005 2618 1056 2635 csse
1066 2618 1122 2634 vcra
1133 2608 1215 2633 lectio.

1497 2638 1537 2676 fu>
