1904 2840
0 638 8 664 γ
15 638 119 658 vestiun-

0 671 41 688 'rm

0 700 2 706 '
10 702 133 720 ornantur.

0 1186 128 1208 senaar.

39 2257 124 2276 LXXXV

639 165 672 188 IN
700 164 909 189 MAT'rnAEUM.
937 164 1057 188 nomn„
1085 144 1168 188 xim.

141 235 154 249 ⁸
161 229 302 271 disposita.
313 229 384 259 Non
393 229 543 264 laborant,
555 237 648 267 neque
656 233 736 256 nent.
748 226 881 262 Dicendo,

141 271 211 300 Non
231 267 390 305 laborant,
401 267 515 307 intelligi
529 267 590 297 vult
608 267 731 296 homines
745 277 752 295 ε
769 265 884 295 dicendo

141 316 239 344 antem,
251 309 354 347 Neque
368 314 448 343 nent,
460 307 588 336 mulieres
603 319 610 336 ι
621 306 748 345 quoniam
761 305 884 335 virorum

141 349 197 379 vita
220 346 458 382 seminatoribus,
487 346 633 376 mulierum
654 353 744 375 autem
766 344 884 373 lanificio

143 389 334 418 substentatur.
350 388 401 416 29.
415 387 519 426 Neque
530 386 670 415 Salomon
681 387 713 414 in
727 386 807 414 omni
819 384 883 423 glo-

142 430 188 457 ria
199 438 255 457 sua
268 429 310 457 sic
322 428 511 456 vestiebatur.
535 426 607 463 Quia
628 425 754 455 Salomon
767 423 818 453 etsi
830 433 884 452 non

142 467 293 502 laborabat,
305 477 392 505 neque
403 465 535 495 sollicitus
550 472 605 494 erat
618 464 684 503 quid
698 463 808 493 vestiret
818 485 825 499 ,
839 470 885 492 ta-

142 516 204 536 men
217 507 262 537 vel
272 506 396 547 jubebat,
408 505 452 535 vel
465 505 636 545 disponebat,
648 504 693 534 vel
704 503 812 532 sciebat.
827 502 884 532 Ubi

143 553 232 576 autem
242 547 328 586 jussio
340 552 367 575 et
385 545 526 585 dispositio
535 567 543 581 ‚
564 544 623 573 illic
635 550 660 573 et
674 542 884 575 ministrantium

142 586 241 615 offensa
255 587 406 625 frequenter
415 584 564 622 invenitur,
576 591 603 613 et
612 583 732 624 jubentis
744 581 884 611 iracundia

142 626 351 655 excitatur:haec
362 632 450 654 autem
461 624 582 653 nesciunt
593 622 728 663 quomodo
738 622 776 651 sic
788 621 884 659 †*co-

143 673 280 695 ronantur.
299 665 345 695 Illi
369 664 490 693 homines
505 663 708 699 ministrabant,
723 661 782 697 istis
795 662 880 690 Deus.

143 705 193 734 50.
205 706 238 735 Si
248 707 325 734 enim
339 704 458 744 saenum
481 705 560 743 agri,
583 702 664 743 quod
678 702 766 731 hodie
778 707 821 730 est
830 723 839 736 ,
853 707 883 730 et

142 754 208 774 cras
221 746 254 773 in
275 746 424 774 clibanum
447 745 581 778 mittitur,
607 743 688 771 Deus
708 742 751 771 sic
772 741 880 776 vestit,

142 792 255 823 quanto
268 786 361 824 magis
373 793 430 812 ‘uos
444 782 566 812 modicoe
577 783 648 820 fidei
655 784 668 810 P
680 781 711 812 Si
729 791 793 820 ergo
807 780 882 814 floria-

140 824 194 853 bns
206 825 245 854 sic
254 823 380 860 occurrit,
390 822 438 862 qui
449 823 488 852 sic
499 822 554 851 nati
567 828 639 858 sunt,
656 828 685 850 ut
697 819 882 850 tantummodo

141 863 284 893 videantur
297 870 323 893 et
338 869 447 903 pereant
459 873 467 891 ε
479 862 600 891 homines
622 861 749 901 negliget,
765 870 832 899 quos
843 860 882 888 sic

142 903 243 933 creavit
253 925 262 939 ‚
277 909 307 932 ut
319 912 372 932 non
383 911 433 941 pm
446 909 498 931 tem
519 912 565 931 ore
578 900 734 936 videantur,
749 899 797 929 sed
811 906 841 929 ut
853 899 882 928 in

139 950 270 1011 gei-petuo
283 941 354 972 sint?
368 941 424 979 Qui
437 942 491 971 inte
514 941 563 981 igit
575 940 643 979 qnid
655 947 694 970 est
713 940 794 969 homo
804 962 812 974 ‚
827 948 882 968 non

159 989 265 1023 ceperat
284 982 319 1012 de
333 983 411 1011 Deo:
425 982 472 1020 qui
494 989 584 1011 autem
605 980 729 1020 desperat
747 978 784 1009 de
806 981 880 1014 Deo,

139 1022 222 1052 nescit
234 1021 302 1062 quid
321 1028 360 1051 αἱ
373 1033 381 1049 .-
397 1021 524 1059 quoniam
546 1021 627 1049 homo
642 1020 669 1048 in
687 1021 756 1055 Deo,
770 1025 795 1048 et
809 1020 882 1048 Deus

140 1061 167 1090 in
181 1062 291 1091 homine
303 1068 352 1091 est.
365 1062 415 1090 51.
428 1061 529 1090 Nolite
541 1070 608 1099 ergo
622 1059 741 1088 solliciti
752 1069 823 1094 esse,
836 1059 880 1087 di-

139 1109 248 1136 centes,
266 1101 345 1140 Quid
357 1100 611 1136 manducabimus,
633 1105 686 1128 aut
709 1099 782 1139 quid
804 1100 883 1127 bibe-

140 1144 226 1171 mus?
240 1143 313 1170 Deus
334 1140 406 1169 enim
432 1140 487 1169 haec
508 1140 535 1168 in
555 1146 650 1168 natura
671 1138 790 1174 creavit,
805 1138 883 1176 qnasi

139 1191 168 1210 re
188 1181 259 1210 ulam
267 1187 342 1210 terrae
352 1179 498 1208 mandans:
508 1179 659 1208 Producat
669 1185 748 1207 terra
762 1178 883 1207 herbam

139 1230 174 1260 pa
195 1220 233 1249 uli
249 1232 256 1250 =
274 1220 334 1249 ideo
347 1219 407 1248 vult
428 1225 475 1248 aut
497 1229 549 1248 non
563 1219 641 1254 vult,
655 1217 735 1247 bonis
755 1224 781 1246 et
804 1217 883 1247 malis

140 1261 292 1306 germinat:
307 1259 371 1299 quia
395 1265 465 1288 terra
479 1258 632 1287 ministrare
653 1257 728 1297 jussa
752 1263 808 1292 est,
828 1267 881 1286 non

136 1299 270 1340 judicare.
283 1300 389 1329 Bonum
401 1305 490 1327 autem
507 1304 534 1327 et
551 1298 654 1326 malum
673 1307 726 1326 non
745 1297 772 1325 in
787 1302 882 1325 natura

139 1339 258 1375 creavit,
279 1338 326 1368 sed
351 1339 379 1367 in
403 1337 516 1367 arbitrio
530 1343 620 1366 nostro
636 1336 743 1376 posuit,
764 1342 795 1365 ut
807 1336 881 1374 quod

138 1379 282 1414 volumus,
296 1378 390 1407 simus.
411 1376 479 1406 Ideo
490 1377 568 1406 bonis
589 1376 678 1416 palma
699 1375 879 1416 proponitur,

139 1418 218 1448 malis
231 1425 319 1447 autem
330 1426 419 1458 poena.
435 1418 502 1453 Quae
513 1423 553 1454 est
564 1427 594 1445 er
612 1427 628 1445 o
641 1416 770 1455 sapientia
781 1437 789 1451 ‚
804 1414 838 1444 de
849 1426 881 1445 eo

137 1468 194 1487 esse
207 1458 353 1487 sollicitum
365 1479 373 1493 ‚
389 1456 471 1496 quod,
483 1456 532 1486 etsi
554 1456 594 1485 sol
609 1455 689 1484 icitus
712 1465 764 1484 non
779 1455 881 1491 fueris,

137 1497 250 1527 babebis
263 1509 270 1525 t
284 1504 311 1526 et
324 1496 359 1526 de
369 1496 418 1525 illo
431 1506 484 1525 non
504 1506 561 1524 esse
573 1494 731 1529 sollicitum,
746 1493 781 1523 de
791 1504 845 1532 quo
857 1494 880 1523 si

137 1537 269 1566 sollicitus
281 1546 334 1565 non
347 1535 440 1571 fueris,
452 1534 569 1575 perdes?
581 1535 649 1564 Nam
657 1544 755 1570 escam,
765 1534 813 1562 etsi
823 1533 881 1564 sol-

137 1575 229 1605 licitus
237 1585 290 1604 non
301 1576 384 1604 fueris
390 1574 425 1603 de
437 1584 479 1609 ea,
487 1573 606 1603 invenies
618 1585 625 1601 ε
637 1572 768 1612 justitiam
778 1579 878 1608 autem,

136 1615 189 1644 nisi
201 1615 334 1644 sollicitus
347 1613 429 1643 tueris
437 1636 447 1649 ,
459 1623 512 1642 non
525 1611 719 1653 apprehendes.
742 1613 793 1643 52.
808 1613 881 1640 Hoec

136 1656 214 1683 enim
228 1655 326 1683 omnia
339 1659 438 1693 gentes
449 1653 592 1692 quaerunt‘.
606 1651 678 1688 Quia
692 1651 720 1680 in
734 1651 813 1680 rebus
825 1651 878 1680 hu-

137 1695 223 1723 manis
235 1695 368 1723 son-tunam
379 1702 436 1722 esse
455 1691 568 1721 credunt
578 1715 587 1728 ,
599 1701 652 1720 non
667 1690 877 1730 providentiam,

137 1743 224 1772 neque
234 1732 339 1773 judicio
352 1732 403 1762 Dei
415 1731 484 1761 vitas
495 1742 558 1761 suas
571 1730 715 1771 gubernari
728 1730 859 1759 aestimant
868 1752 875 1765 ‚

137 1772 186 1802 sed
199 1773 299 1803 incerto
312 1772 378 1801 duci
390 1777 487 1801 eventu
500 1783 506 1800 ε
518 1771 578 1800 ideo
592 1770 686 1800 merito
696 1769 804 1806 timent,
820 1780 878 1798 me-

138 1812 190 1841 rito
204 1811 313 1842 solliciti
327 1818 390 1841 sunt
399 1834 407 1847 ‚
421 1817 448 1840 et
465 1810 624 1851 desperant,
639 1809 716 1846 quasi
730 1809 777 1848 qui
791 1809 878 1838 nemi-

137 1862 198 1881 nem
211 1852 325 1881 habeant
338 1851 540 1890 gubernantem.
554 1850 610 1887 Qui
624 1855 712 1878 autem
734 1848 835 1885 credit,
851 1859 879 1879 se

132 1891 238 1931 judicio
250 1891 301 1921 Dei
316 1891 460 1930 gubernari
470 1911 478 1926 ‚
491 1899 545 1919 non
566 1888 667 1918 incerto
685 1888 750 1917 duci
763 1895 858 1917 eventu
868 1910 876 1925 ,

134 1941 220 1960 escam
243 1930 353 1970 quidem
379 1940 455 1959 suam
480 1929 507 1958 in
534 1939 616 1958 manu
639 1927 690 1957 Dei
717 1927 875 1965 committit,

134 1970 219 2000 sciens
230 1971 292 2010 quia
306 1969 439 1999 neminem
453 1969 510 1998 sine
522 1969 658 1997 voluntate
670 1968 702 1996 et⁷
707 1967 811 2007 judicio
826 1967 877 1997 Dei

133 2010 216 2040 fames
229 2016 275 2040 aut
289 2009 397 2039 nuditas
413 2008 522 2038 occidit.
536 2008 641 2046 Cogitat
660 2014 748 2036 autem
759 2006 793 2036 de
806 2007 877 2036 bono

133 2056 160 2079 et
173 2050 255 2086 malo,
270 2050 355 2079 sciens
387 2049 431 2077 uia
446 2048 497 2077 nisi
510 2047 642 2077 sollicitus
653 2046 744 2080 fuerit,
761 2056 809 2076 nec
820 2058 876 2076 ma-

133 2089 192 2118 lnm
204 2089 303 2128 fugiet,
319 2099 368 2118 nec
414 2098 479 2117 num
492 2085 674 2128 apprehendet
690 2098 697 2114 ι
716 2085 777 2115 ideo
790 2086 875 2121 dicit,

133 2129 182 2158 55.
202 2129 328 2166 Quoerite
340 2129 464 2167 primum
479 2137 599 2167 regnum
615 2126 724 2161 Dei‚*et
730 2127 875 2165 justitiam

133 2168 206 2207 ejus.
219 2168 343 2206 Regnum
354 2166 404 2196 Dei
417 2173 456 2196 est
466 2166 608 2196 retributio
620 2165 752 2194 bonorum
764 2176 876 2205 operum

133 2213 159 2236 et
165 2205 308 2235 malorumz
314 2205 418 2246 justitia
424 2212 514 2234 autem
520 2205 607 2235 estvia
615 2205 731 2244 pietatis,
738 2215 787 2249 per
794 2215 874 2243 quam

134 2246 191 2275 itur
201 2245 235 2274 ad
249 2254 371 2284 regnum.
384 2244 413 2274 Si
426 2254 490 2283 ergo
504 2244 549 2273 die
562 2254 592 2273 ac
602 2250 677 2272 nocte
687 2250 797 2282 cogitas,
810 2254 876 2281 qua-

133 2285 168 2314 lis
181 2285 231 2314 erit
245 2284 330 2324 gloria
344 2290 506 2319 sanctorum,
520 2284 564 2312 vel
585 2282 672 2321 qualis
685 2283 738 2312 erit
751 2283 874 2312 interitus

133 2324 280 2365 impiorum
294 2330 321 2352 et
341 2329 521 2363 peccatorum,
531 2332 635 2351 necesse
650 2328 690 2350 est
701 2329 729 2350 ut
750 2329 797 2351 aut
811 2332 874 2361 pro-

134 2370 193 2403 pter
205 2364 327 2393 timorem
347 2372 430 2402 poenae
452 2362 560 2391 territus
573 2360 682 2390 recedas
702 2371 717 2389 a
731 2361 813 2396 malo,
826 2368 873 2391 aut

153 2409 243 2442 ropter
266 2402 430 2432 desiderium
451 2401 542 2441 gloriae
562 2401 692 2429 excitatus
711 2400 817 2430 festines
837 2400 874 2430 ad

134 2413 248 2471 bonum
262 2442 298 2471 Et
312 2441 334 2471 si
348 2440 469 2481 quotidie
481 2439 651 2480 cogitaveris,
667 2449 726 2478 quae
738 2440 774 2469 sit
790 2440 872 2480 justi-

166 2537 175 2549 ·
194 2531 236 2559 sic
255 2532 340 2558 locum
353 2533 505 2558 restituimus
517 2539 546 2556 ex
559 2529 646 2556 codice
655 2531 686 2557 V.
699 2531 731 2557 D.
745 2531 809 2558 Ante
820 2531 885 2566 lege-

1610 155 1681 203 819

900 228 920 251 Α
935 224 973 253 tia
989 225 1051 261 Dei,
1074 233 1100 270 et
1113 226 1182 265 quid
1194 227 1261 264 odit,
1277 226 1379 267 quidve
1390 233 1472 263 amat,
1491 227 1550 268 ipsa
1572 227 1679 268 justitia

936 264 1058 294 ostendet
1070 265 1121 309 tibi
1138 267 1197 296 vias
1210 271 1282 296 sua's.
1297 268 1365 297 Nam
1385 267 1490 307 justitia
1502 268 1573 297 sicut
1585 267 1680 297 odien-

935 310 975 333 tes
985 314 1013 348 se
1026 304 1108 343 fugit,
1119 305 1158 335 sic
1169 314 1328 336 amantesvse
1340 307 1470 346 sequitur.
1482 308 1539 336 Nec
1549 307 1620 337 enim
1634 306 1680 336 da-

936 349 992 372 turi
1013 354 1108 388 sumus
1129 346 1257 375 rationem
1278 354 1370 376 utrum
1383 357 1516 387 pauperes
1536 347 1677 384 fuerimus,

936 389 983 411 aut
993 381 1105 427 divum,
1120 385 1182 422 quia
1195 396 1242 415 nec
1253 386 1306 415 fuit
1318 386 1370 415 hoc
1382 388 1409 415 in
1423 393 1510 415 nostra
1525 393 1654 427 potestate
1669 399 1676 416 ε

936 421 985 450 sed
997 432 1021 451 si
1030 422 1099 452 bene
1114 424 1217 463 egimus
1227 433 1274 455 aut
1287 426 1368 462 male,
1382 426 1457 465 quod
1468 427 1496 455 in
1509 433 1601 456 nostro
1608 426 1679 466 jacet

935 461 1058 491 arbitrio.
1089 463 1200 493 Dictum
1226 472 1266 494 est
1285 465 1320 494 ad
1341 465 1476 495 hominem
1493 479 1499 495 :
1516 467 1680 495 Maledicta
1692 470 1830 500 Gen-3-17-

936 506 1013 529 terra
1025 503 1057 530 in
1070 504 1203 546 operibus
1223 506 1291 533 tuis.
1307 504 1393 535 Vides
1408 505 1472 544 quia
1493 513 1603 545 propter
1614 516 1676 546 pec-

934 546 993 569 cata
1006 539 1148 585 hominum
1167 543 1340 580 *maledicitur
1360 551 1441 582 terra,
1453 552 1484 574 ut
1505 555 1558 574 non
1580 546 1680 584 germi-

934 586 997 616 net;
1012 580 1181 611 benedicitur
1203 590 1304 620 autem,
1324 594 1387 612 cum
1400 584 1470 614 bona
1491 595 1572 624 opera
1587 585 1679 615 feceri-

933 618 1013 663 mus?
1024 620 1068 648 Tu
1082 631 1146 664 ergo
1160 631 1248 659 quaere
1258 623 1402 663 justitiam,
1415 631 1442 653 et
1463 634 1516 654 non
1532 625 1582 653 tibi
1594 624 1680 654 deerit

933 668 1011 697 panis
1026 670 1034 687 ε
1050 670 1178 698 quoniam
1193 662 1262 691 sicut
1275 669 1385 703 propter
1399 664 1470 693 mala
1483 674 1562 704 opera
1575 665 1679 694 fructus

932 704 1009 727 terrae
1022 699 1196 744 subducitur,
1210 702 1248 731 sic
1258 710 1368 743 propter
1380 702 1451 732 bona
1463 703 1593 733 abundat.
1612 705 1678 733 Pro-

933 743 1023 783 pterea
1033 738 1110 776 dicit,
1133 741 1261 779 Quaerite
1281 752 1402 782 regnum
1417 743 1474 772 Dei
1495 749 1524 772 et
1531 744 1679 782 justitiam

933 786 1007 824 elus,
1020 785 1049 807 et
1059 779 1122 808 hoec
1135 783 1236 810 omnia
1247 788 1432 822 apponentur
1439 783 1532 812 vobis.
1549 784 1597 812 54.
1614 784 1679 812 No·

897 827 916 851 B
934 817 985 846 lite
999 827 1071 857 ergo
1085 819 1206 863 solliciti
1223 832 1284 851 esse
1297 823 1329 850 in
1344 823 1511 852 crastinum.
1523 824 1583 853 Jam
1605 822 1679 852 dixi-

932 866 1004 899 mus,
1017 868 1146 895 quoniam
1167 860 1240 899 quod
1259 861 1336 897 dicit,
1353 861 1444 899 hodie,
1461 863 1512 892 hoc
1534 863 1623 891 solum
1637 863 1677 891 si-

932 896 1052 940 gnificat,
1065 908 1120 936 quo
1145 909 1214 939 opus
1230 900 1359 930 habemus
1371 901 1398 930 in
1424 903 1481 931 vita
1504 909 1592 933 nostra
1607 912 1676 941 prae·

931 942 1010 965 senti.
1026 937 1107 974 Quod
1127 945 1216 969 autem
1239 940 1317 976 dicit,
1332 950 1402 977 craS‚
1417 941 1490 980 quod
1507 941 1677 981 superfluum

932 981 971 1018 est
983 985 1065 1015 supra
1079 979 1260 1009 necessitatem
1271 980 1399 1009 ostendit.
1414 981 1492 1011 Nihil
1516 991 1581 1020 ergo
1595 992 1676 1011 cure-

932 1020 967 1059 tis
980 1016 1149 1060 superfluum
1163 1018 1272 1056 habere,
1287 1030 1367 1058 quam
1381 1021 1558 1050 necessarium
1571 1028 1610 1050 est
1623 1031 1676 1051 vo-

932 1053 974 1083 bis
986 1065 1014 1083 in
1028 1062 1080 1084 vna
1094 1059 1217 1096 praesenti
1235 1058 1270 1088 ad
1279 1061 1364 1088 vitam
1384 1060 1578 1099 quotidianam.
1594 1060 1676 1098 Quod

932 1100 1021 1122 autem
1033 1096 1202 1140 superfluum
1224 1099 1314 1132 fuerit,
1326 1100 1400 1138 quod
1422 1107 1460 1129 est
1485 1111 1554 1136 cras,
1569 1101 1676 1130 curabit

932 1143 960 1162 se
974 1146 980 1162 :
993 1143 1024 1178 ac
1038 1134 1159 1179 sidicat,
1171 1138 1314 1178 Superssua
1329 1146 1491 1177 quantacum
1513 1151 1546 1170 uo
1558 1150 1676 1179 congre-

932 1182 1048 1211 gavens,
1061 1174 1109 1219 illa
1123 1176 1209 1217 seipsa
1232 1178 1374 1208 curabunt.
1389 1180 1429 1208 Te
1443 1151 1553 1218 quidem
1569 1190 1621 1210 uon
1636 1180 1675 1209 eis

931 1213 1047 1258 fruente,
1069 1225 1128 1254 ipsa
1148 1223 1237 1246 autem
1257 1217 1395 1248 invenient
1420 1218 1543 1248 dominos
1562 1219 1674 1257 multos,

932 1263 980 1291 qut
993 1263 1023 1282 ea
1055 1262 1189 1299 recinent,
1205 1257 1275 1286 sicut
1288 1258 1420 1297 placuerit
1434 1258 1511 1299 ipsis.
1525 1258 1600 1296 Quid
1611 1270 1674 1305 ergo

931 1301 1009 1321 curas
1043 1303 1058 1322 e
1075 1293 1142 1330 dhs,
1153 1306 1270 1334 quorum
1283 1304 1439 1337 potestatem
1457 1298 1519 1327 aliis
1532 1309 1560 1328 es
1579 1297 1675 1328 dimns-

930 1333 1031 1377 surus?
1045 1333 1163 1402 Stffcit
1183 1337 1260 1365 enim
1285 1338 1345 1366 diei
1366 1338 1480 1367 malitia
1500 1348 1578 1368 sua.-
1599 1349 1630 1368 ac
1651 1339 1675 1368 si

929 1371 1001 1417 dicat
1013 1383 1020 1401 τ
1035 1373 1073 1403 Su
1106 1374 1144 1404 cit
1156 1375 1207 1404 tibi
1221 1375 1298 1405 labor
1310 1383 1336 1406 et
1350 1378 1457 1407 miseria
1470 1388 1551 1417 quam
1575 1378 1675 1417 pateris

895 1424 914 1447 c
930 1422 957 1441 1n
968 1419 1024 1442 vita
1036 1420 1146 1458 propter
1160 1425 1224 1444 usus
1238 1415 1420 1454 quotidianos,
1433 1428 1500 1456 quos
1514 1417 1675 1447 necessarios

930 1451 1022 1481 habes.
1039 1453 1104 1497 Noli
1118 1454 1254 1493 superflue
1269 1465 1318 1495 pro
1329 1457 1474 1495 superfluis
1489 1457 1621 1493 laborare,
1641 1467 1674 1486 ne

930 1490 1139 1535 laborquidem
1166 1494 1213 1522 fiat
1232 1500 1308 1530 tuus,
1325 1496 1417 1524 fruitio
1443 1503 1532 1525 autem
1549 1496 1671 1526 alterius.

930 1529 1062 1559 Mahnmu
1079 1538 1168 1560 autem
1182 1532 1235 1561 dici
1250 1534 1344 1572 ipsam
1357 1535 1529 1564 afflictionem
1554 1535 1673 1575 appellat

929 1569 1143 1600 sollicitudinum
1154 1573 1325 1610 praesentium
1335 1580 1361 1602 et
1378 1573 1501 1603 laborum
1518 1586 1525 1602 :
1539 1585 1591 1603 non
1602 1582 1672 1604 stcut
1682 1578 1804 1601 Manichaei·

929 1609 1071 1638 Manichaei
1094 1609 1198 1647 dicunt,
1212 1612 1312 1641 malam
1330 1623 1387 1643 esse
1411 1613 1499 1654 ipsam
1521 1620 1672 1644 creaturam

928 1647 989 1677 Dei.

1083 1749 1216 1779 Homilia
1230 1752 1304 1791 xvij.
1318 1762 1355 1782 ex
1364 1754 1459 1793 capite
1472 1755 1529 1794 vij.

968 1848 995 1876 1.
1013 1847 1112 1877 Nolite
1121 1848 1267 1887 judicare,
1280 1856 1313 1879 ut
1324 1862 1361 1880 ne
1370 1852 1545 1891 judicemini
1557 1866 1565 1882 .-
1579 1856 1672 1885 nolite

927 1887 1123 1916 condemnare
1139 1895 1167 1917 et
1179 1899 1239 1918 non
1256 1891 1534 1922 condemnabimini.
1550 1894 1670 1931 Quidam

926 1927 998 1956 hunc
1014 1926 1102 1972 locum
1116 1928 1263 1958 secundum
1285 1929 1441 1975 hujusmodi
1463 1942 1571 1962 sensum
1585 1945 1669 1975 expo-

912 1973 1004 2003 nunt,
1018 1966 1146 2003 dmentes,
1159 1968 1221 2006 quia
1245 1970 1379 1999 Dominus
1398 1971 1449 2000 hoc
1471 1973 1595 2004 mandato
1616 1985 1669 2004 non

894 2018 913 2042 ι)
926 2006 1051 2051 prohibet
1065 2006 1236 2051 *Christianos
1263 2019 1298 2038 ex
1321 2009 1506 2041 benevolentia
1535 2014 1669 2054 corripere

927 2046 994 2075 alios
1006 2045 1172 2076 Christianos
1183 2046 1280 2087 dignos
1293 2050 1463 2089 correptione
1480 2063 1487 2079 ε
1503 2052 1551 2082 sed
1565 2064 1598 2083 ne
1621 2061 1669 2083 aut

926 2096 974 2125 per
983 2087 1138 2125 jactantiam
1147 2087 1259 2126 Justitiae
1272 2099 1327 2118 suae
1336 2089 1502 2121 Christianos
1521 2091 1670 2133 despiciant

927 2132 1088 2170 peccatores,
1103 2125 1261 2166 derogantes
1274 2128 1425 2167 frequenter
1436 2129 1470 2159 de
1481 2132 1584 2168 multis,
1594 2139 1620 2162 et
1634 2143 1668 2161 ex

926 2165 991 2194 solis
1005 2164 1167 2204 plerumque
1179 2167 1377 2207 suspicionibus
1389 2169 1508 2199 odientes
1519 2178 1627 2201 caeteros
1640 2179 1666 2200 et

925 2204 1141 2249 condemnantes,
1159 2212 1185 2235 et
1204 2207 1257 2236 sub
1283 2208 1373 2247 specie
1396 2209 1501 2248 pietatis
1527 2212 1667 2250 proprium

925 2243 1019 2288 odium
1028 2252 1210 2283 exsequentes.
1222 2247 1257 2276 Et
1269 2253 1341 2276 utne
1354 2247 1392 2276 sic
1400 2248 1509 2285 quidem
1522 2250 1667 2279 Christiani

925 2283 1072 2322 corrtpiant
1084 2283 1260 2321 Christianos,
1273 2287 1396 2316 convenit
1409 2297 1505 2323 sermo,
1520 2288 1566 2325 qui
1580 2287 1664 2317 dicit:

928 2323 1030 2352 Nolite
1050 2324 1195 2362 judicare.
1211 2325 1240 2354 Si
1264 2332 1353 2354 autem
1370 2335 1422 2354 non
1538 2327 1543 2332 '

924 2404 1031 2447 ceruini
1042 2424 1050 2439 ‚
1065 2403 1164 2431 nescio.
1182 2403 1323 2441 Numquid
1343 2410 1451 2442 propter
1474 2403 1544 2432 illud
1557 2405 1664 2441 solum,

923 2451 947 2470 st
960 2452 998 2471 stc
1022 2452 1075 2471 non
1098 2443 1277 2482 corripuerim
1296 2449 1456 2480 peccatores,
1471 2451 1667 2482 consequentur

911 2532 1035 2565 Dicendo,
1043 2541 1093 2571 non
1105 2534 1230 2557 seminant
1240 2533 1276 2564 [in
1290 2540 1366 2565 marg.
1380 2532 1515 2567 laborant}
1527 2535 1594 2560 viros
1604 2544 1663 2561 con-

134 2572 218 2598 batur,
230 2571 370 2605 Disposita.
386 2571 522 2604 Numquid
530 2570 666 2596 laborant?
676 2571 800 2605 numquid
809 2571 887 2596 nent?
909 2571 999 2604 fimat,

1004 2366 1007 2368 -
1446 2326 1467 2363 †
1475 2327 1663 2365 corripuerim,
1691 2338 1741 2365 †²'··
1756 2340 1817 2360 dm.

925 2367 1017 2391 utrum
1030 2370 1171 2392 conveniat
1187 2363 1257 2393 illud
1271 2364 1345 2402 quod
1358 2364 1425 2393 dicit
1441 2377 1447 2392 :
1467 2366 1505 2394 Ut
1518 2375 1576 2394 non
1584 2367 1664 2405 judi·
1676 2378 1728 2391 mm-
