1904 2840
714 205 749 227 lN
776 203 835 227 JOB
863 203 975 227 SERMO
1003 205 1043 227 11.

86 268 143 299 ταῖς
160 264 319 304 βαρυτάταις
338 263 465 300 ἐπάγεται
477 264 530 292 τῶν
544 264 695 303 ἁμαρτιῶν·
707 267 724 300 ἡ
740 264 768 294 δὲ
785 264 854 303 μέμ-

85 306 130 344 ψις
147 305 191 334 ἐπὶ
207 305 260 333 τῶν
281 302 450 344 κουφοτάτων
463 302 563 342 γίνεται
576 303 761 342 πταισμάτων.
776 303 853 333 ’1104-

85 345 165 380 λησεν
182 339 227 372 οὖν
243 341 353 394 δεῖξαιῗὸ
367 342 545 393 συγγραφεὺς,
559 343 600 394 ἔτι
614 346 643 374 οὗ
659 343 736 382 μόνον
754 345 855 383 ἐγκλη-

84 423 179 456 otest<
192 382 855 464 5²:323&joesssgokfzzgzkgpdffiwffzffiwess

84 463 143 492 οὗδὲ
154 462 295 502 ἐμέμψατο
315 464 351 496 ὡς
373 462 456 502 μικρὰ
475 462 615 503 πράξαντι.
631 465 719 504 Τοῦτρ
739 462 766 492 δὲ
787 462 858 503 μέγα,

83 502 236 542 τεκμήριον,
258 497 288 531 οὗ
307 502 387 541 μέσος
400 505 414 532 ὁ
428 502 499 542 βίος,
514 503 687 542 ἀνέγκλητος.
705 503 742 545 ‘Q
750 502 801 543 γὰρ
815 502 854 542 μὴ

84 542 220 582 ἔχῃςπερὶ
231 553 276 580 μοι
297 542 352 575 είας
362 543 493 592 ἐγκαλεῖν,
503 541 521 578 ἢ
532 543 593 583 περὶ
605 543 702 583 φόνων,
715 546 731 573 ὁ
738 546 855 577 τοιοῦτος
873 546 893 570 Ι)

84 582 259 621 ἀνέγκλητος·
306 582 333 612 δὲ
349 579 461 622 μεμψεις
474 582 618 622 προσάγεις
632 583 748 624 ῧὸρεως,
762 582 856 612 διαδο-

84 623 150 658 λῆς,
163 621 180 657 ἢ
194 616 339 662 λοιδορίας,
357 621 374 657 ἢ
395 621 488 660 μέθης,
511 625 526 652 ὁ
542 625 659 657 τοιοῦτος
737 621 853 662 ἠμάτων

85 661 134 700 μὲν
153 661 243 697 ἐκτὸς,
264 662 317 692 ὑπὸ
339 661 439 701 μέμψιν
462 661 490 692 δὲ
514 674 530 691 τ
548 662 614 702 ε’χει.
639 663 689 693 '110
719 674 783 699 ησεν
810 658 855 692 οὖν

85 701 183 737 δεῖξαι,
197 701 238 731 ὅτι
251 701 298 731 καὶ
311 703 363 730 τῶν
378 703 480 741 μικρῶν
494 674 546 743 ξας
554 702 702 743 ἐλαχίστων
717 702 856 741 πταισμά-

85 753 137 770 των
241 754 255 770 ν
269 737 310 778 ἦν,
325 741 371 771 καί
386 752 479 781 φησιν·
506 743 556 771 Ἦν
571 742 726 782 ἄμεμπτος,
737 741 836 776 δίκαιος
846 764 855 778 ,

85 781 220 816 ἀληθινὸς,
232 781 356 817 θεοσεὸὴς
367 803 375 817 ,
388 781 551 821 ἀπεχόμενος
564 782 616 832 ‹ft-tro
629 782 726 816 παντὸς
738 785 855 831 ποινηροῦ

85 820 400 900 {tamt-22⁰3&
408 821 856 902 ‚ffss‘tzzaffffiffleszztt

86 900 157 939 λέγει
171 901 244 941 αὐτῷ
254 912 262 919 ·
274 900 314 930 Σὺ
329 900 357 951 ξε
372 900 507 940 εὖαρέστει
520 901 630 952 ἐνώπιόν
645 913 709 952 μου,
724 901 770 931 καὶ
783 901 855 952 γίνου

86 940 766 1017 {5533ss³0Aa‘3‘3‘2562‘3202‘h53‘3335213
783 953 856 1021 ἶῖἶῖζ

86 1019 126 1053 τὰν
138 1019 199 1055 ἔθνη
221 1015 277 1059 εἶχε
297 1018 356 1053 τοὺς
380 1019 434 1058 ἀπὸ
458 1020 596 1054 πολυθεΐας
618 1021 838 1060 ἀπεσπασμένους
847 1044 855 1058 ,

86 1058 210 1093 τοὺςᾶπὸ
222 1059 316 1093 κακίας
334 1059 562 1110 συνειλεγμένους,
582 1060 643 1094 τοὺς
664 1061 716 1090 ἀπὸ
735 1060 855 1101 πορνείας

86 1098 131 1127 καὶ
142 1098 260 1139 μοιχείας
269 1102 504 1139 συνηθροισμενους
511 1123 520 1135 ,
530 1102 559 1129 οὖ
569 1100 717 1140 προσέθηκε
732 1100 762 1129 τὸ
776 1101 855 1140 ἄκρον

85 1141 133 1174 τῆς
144 1140 254 1178 ἀρετῆς,
269 1140 327 1168 ἀλλ’
340 1141 376 1172 ὥς
385 1134 462 1175 ἦλθεν
473 1141 510 1172 εἷς
523 1139 573 1176 τὴν
584 1140 739 1179 οἰκουμένην
752 1142 857 1176 πεπλη-

87 1178 208 1217 ρωμένην
221 1179 340 1218 πορνείας
352 1178 397 1208 καὶ
411 1179 532 1218 μοιχείας
542 1201 550 1215 ,
565 1180 679 1215 ἠθέλησε
696 1179 742 1209 καὶ
755 1180 855 1219 ποιμέ-

85 1229 132 1250 νας
142 1219 308 1253 κατασιῆσαι
319 1220 367 1254 τῆς
378 1218 532 1257 οἰκουμένης
541 1240 548 1254 ,
560 1220 650 1256 ἐπειδὴ
662 1219 722 1249 τότε
734 1219 856 1254 ἐσπάνιζε

85 1256 120 1286 τὰ
128 1257 197 1286 καλὰ
202 1259 249 1293 τῆς
258 1259 499 1297 ἀρετῆ;,καθιστῶν
509 1259 677 1294 ἐπισκόπους,
685 1259 760 1289 Τίτω
770 1260 855 1300 λέγει·

86 1297 263 1332 Κατάστησον
277 1297 435 1332 ἐπισκόπους
445 1319 453 1332 ,
470 1299 505 1332 ὡς
519 1298 572 1338 ἐγώ
591 1310 631 1329 σοι
647 1299 817 1338 διεταξαμην,
832 1299 857 1329 εἴ

85 1336 125 1369 τίς
143 1338 216 1366 ἐστιν
228 1337 395 1376 ἀνέγκλητος.
410 1337 466 1373 Τὸ,
480 1337 646 1377 Ἀμεμπι-ος,
660 1340 709 1368 οὐκ
726 1334 782 1379 εἶχε
795 1339 855 1369 τότε

84 1376 184 1416 χώραν,
205 1377 315 1413 ἐπειδὴ,
333 1379 369 1411 ὥς
390 1389 412 1406 π
442 1381 527 1414 εἷπον,
549 1379 686 1412 ἐσπάνιζεν
711 1379 799 1418 ἀκμὴν
821 1379 859 1408 τὰ

84 1418 133 1451 τῆς
144 1416 290 1450 εὖσεὸείας.
305 1416 384 1456 Μέγα
398 1429 414 1446 τ
438 1417 586 1457 ἄμεμπτον,
602 1418 682 1457 μέσον
695 1418 723 1448 δὲ
734 1419 764 1448 τὸ
777 1418 854 1459 ἀνέγ-

84 1456 181 1492 κλητον
190 1469 196 1476 ·
219 1456 252 1495 μί
306 1457 335 1486 δὲ
357 1459 384 1486 ἐν
404 1461 495 1490 κακοῖς
514 1457 560 1487 καὶ
581 1459 611 1488 τὸ
633 1459 728 1498 μικρὸν
747 1459 853 1498 ἀγαθόν.
867 1480 869 1482 ·

84 1495 136 1525 Διὰ
148 1499 226 1526 τοῦτο
245 1508 257 1526 ε
269 1508 320 1532 πε,
344 1497 416 1530 Mt&
428 1498 550 1536 γυναικὸς
572 1497 662 1538 ἄνδρα.
683 1500 743 1528 Οὐκ
761 1498 852 1535 ἰπειδὴ

1587 195 1660 245 689

912 264 1046 297 accusatio
1061 265 1131 293 enim
1140 265 1174 295 de
1188 266 1354 305 gravissimis
1367 267 1484 307 peccatis
1495 268 1658 306 intentatur;

913 303 1084 343 reprehensio
1097 311 1186 335 autem
1205 305 1239 335 de
1262 306 1406 336 levissimis
1421 306 1538 337 delictis.
1562 309 1660 339 Voluit

913 353 978 382 ergo
989 343 1041 372 scri
1062 351 1104 373 tor
1117 344 1266 381 ostendere,
1282 356 1336 375 nou
1350 346 1431 376 modo
1457 347 1554 387 procul
1567 348 1659 378 ahac-

913 382 1042 412 cusationi
1064 394 1097 413 us
1106 385 1210 424 justum
1225 385 1318 423 fuisse,
1333 386 1380 415 sed
1393 387 1474 416 etiam
1486 398 1502 416 a
1515 388 1658 427 reprelien-

912 422 1045 452 sionibus.
1058 424 1143 453 Nemo
1166 425 1245 454 illum
1259 426 1394 456 accusavit
1406 426 1480 466 quod
1493 437 1590 467 magna
1608 427 1659 457 ssa-

913 462 977 502 gitia
1001 462 1164 501 admisisset,
1183 465 1403 504 quandoquidem
1422 477 1456 495 ne
1477 465 1512 495 de
1538 467 1659 498 minimis

912 501 1021 540 quidem
1039 502 1146 533 delictis
1163 505 1386 544 reprehendebat.
1409 506 1468 535 Hoc
1489 512 1579 536 autem
1599 518 1657 536 ma-

912 552 996 581 gnum
1005 549 1045 571 est
1057 543 1198 582 probitatis
1208 545 1267 584 ejus
1279 552 1467 583 argumentum
1478 568 1486 581 ,
1506 546 1587 585 cujus
1600 548 1658 577 vita

909 581 967 611 sine
975 581 1089 612 crimine
1099 589 1151 612 est.
1167 584 1255 620 Quem
1263 584 1336 613 enim
1346 595 1395 614 nec
1408 584 1442 614 de
1450 585 1595 623 aduHerio,
1609 597 1658 616 nec

909 620 943 650 de
955 621 1074 651 caedibus
1094 633 1220 653 accusare
1242 630 1327 663 potes,
1341 624 1386 653 hic
1400 624 1457 653 sine
1467 625 1579 655 crimine
1590 633 1630 656 est
1644 638 1654 665 3

908 660 932 690 is
942 671 1007 691 vero
1030 672 1113 700 quem
1124 662 1301 707 reprehendis
1314 663 1349 692 de
1375 665 1549 702 contumelia,
1561 665 1596 694 de
1608 677 1658 695 ca-

908 699 1025 739 lumnia,
1040 701 1075 731 de
1087 702 1211 732 convicio
1234 703 1279 733 vel
1292 702 1327 732 de
1339 703 1487 739 ebrietate,
1503 704 1526 733 si
1544 705 1657 735 erimine

908 740 1020 779 quidem
1036 751 1138 771 vacuus
1149 749 1200 779 est,
1214 742 1262 772 sed
1276 743 1302 771 in
1317 743 1550 783 reprehensionem
1563 744 1656 774 ineur-

908 780 954 809 rit.
967 780 1066 812 Voluit
1081 793 1110 811 er
1155 782 1294 812 ostendere
1316 782 1406 823 ipsum
1419 794 1433 812 a
1446 783 1565 813 minimis
1576 785 1658 816 etiam

907 819 1015 850 delictis
1028 831 1112 861 procu
1136 821 1229 857 fuisse,
1240 822 1331 865 aitque
1346 834 1354 853 ι
1374 824 1451 852 Erat
1473 824 1655 862 irreprehena
1669 837 1688 857 c

907 860 1014 896 sibilis,
1032 862 1137 899 justus,
1155 872 1260 899 verax,
1273 863 1369 892 Deum
1383 862 1494 898 colens,
1505 865 1655 894 abstinens
1670 874 1689 890 ¹·

908 901 945 928 ab
961 902 1040 929 omni
1051 911 1082 930 re
1096 901 1186 931 mala.
1203 901 1286 931 Unde
1306 902 1387 931 etiam
1400 904 1477 932 Deus
1499 903 1655 934 Abraham«,

907 939 1001 969 volens
1008 940 1158 976 ostendere,
1167 941 1235 970 'idin
1248 941 1349 972 virtute
1355 942 1474 982 primum
1483 953 1549 978 esse,
1562 943 1586 972 si
1594 944 1656 982 quis

907 979 943 1007 sit
963 979 1216 1019 irreprehensibilis,
1233 981 1271 1010 ait
1288 981 1330 1010 illi
1347 992 1353 1009 ε
1372 982 1416 1011 Tu
1430 992 1499 1011 vero
1517 990 1654 1022 acceptus

907 1020 947 1048 sis
968 1021 1000 1048 in
1017 1026 1171 1059 conspectu
1181 1031 1253 1057 meo,
1266 1027 1295 1049 et
1308 1027 1369 1050 esto
1381 1022 1654 1060 irreprehensibilis.

907 1058 983 1088 Illud
993 1060 1271 1099 Irreprehensibilis,
1285 1071 1335 1100 pro
1350 1071 1455 1090 summa
1467 1071 1573 1091 morum
1589 1073 1655 1102 per-

874 1109 892 1132 Ε
907 1098 1021 1128 sectione
1047 1099 1188 1140 accipitur.
1204 1102 1227 1129 Α
1265 1100 1349 1130 stolus
1371 1111 1436 1131 vero
1459 1102 1573 1138 Paulus,
1591 1103 1654 1141 quia

909 1147 971 1167 cum
984 1139 1131 1178 gentilibus
1155 1150 1231 1169 versa
1252 1146 1324 1176 atur,
1337 1151 1454 1179 quorum
1466 1141 1541 1170 aliia
1558 1142 1654 1172 multi-

909 1177 1024 1217 plicium
1036 1178 1149 1208 deorum
1162 1189 1253 1209 errore
1276 1180 1402 1209 abstracti
1421 1180 1538 1217 fuerant,
1553 1181 1601 1211 alii
1620 1193 1655 1213 ex

908 1218 1010 1247 malitia
1031 1218 1147 1255 collecti,
1170 1218 1218 1248 alii
1242 1230 1276 1248 ex
1289 1218 1465 1250 fornicatione
1477 1227 1503 1250 et
1520 1220 1655 1252 adulterio

908 1257 992 1287 coacti
1017 1265 1104 1294 erant,
1119 1268 1174 1287 non
1193 1257 1292 1299 adjecit
1308 1259 1418 1289 virtutis
1431 1260 1549 1298 culmen,
1561 1261 1609 1290 sed
1624 1269 1655 1292 ut

907 1297 1021 1326 venitin
1042 1297 1173 1328 muudum
1188 1298 1299 1338 plenum
1320 1298 1494 1329 fornicatione
1507 1307 1532 1329 et
1545 1300 1653 1331 adulte·

907 1336 960 1373 rio,
985 1347 1046 1366 cum
1059 1337 1142 1368 vellet
1161 1345 1281 1378 pastores
1300 1338 1376 1368 orbis
1390 1345 1467 1368 terrae
1479 1340 1652 1379 constituere,

906 1376 971 1421 quia
996 1383 1060 1406 tunc
1083 1379 1190 1417 egregia
1213 1377 1260 1406 illa
1274 1378 1361 1408 virtus
1382 1389 1491 1418 perrara
1503 1386 1570 1417 erat,
1583 1381 1653 1411 circa

905 1426 1093 1457 episcoporum
1109 1417 1304 1447 ordinationem
1328 1418 1385 1447 haec
1396 1419 1458 1448 Tito
1473 1419 1540 1449 dicit
1553 1431 1560 1447 :
1579 1420 1654 1450 Con·
1667 1425 1718 1447 Τιί.
1733 1424 1805 1447 ι.5.6.

906 1457 993 1485 stitue
1004 1459 1160 1496 episcopos,
1173 1458 1247 1486 sicut
1261 1468 1312 1498 ego
1327 1459 1379 1487 tibi
1395 1459 1535 1497 disposui,
1547 1462 1573 1489 si
1586 1463 1654 1500 quis

906 1502 948 1525 est
960 1498 1024 1525 sine
1044 1498 1174 1526 crimine.
1189 1496 1276 1534 Illud,
1299 1499 1575 1536 Irreprehensibilis,
1590 1507 1653 1530 tunc

35 1539 37 1541 ’
84 1538 161 1566 τοῦτο
174 1539 219 1566 νῦν
229 1536 390 1577 φυλάττεται
403 1537 430 1565 ἐν
442 1539 476 1572 τῆ
492 1537 640 1578 Ἐκκλησία
650 1549 657 1556 ·
672 1539 710 1567 δεῖ
724 1539 776 1578 γὰρ
789 1550 854 1568 παν·
863 1535 997 1574 mlucum
1006 1546 1059 1565 non
1073 1536 1201 1573 habehat,
1216 1536 1292 1575 quia,
1306 1543 1337 1566 ut
1351 1544 1411 1566 ante
1420 1537 1491 1575 dixi,
1504 1539 1590 1578 pietas
1603 1540 1652 1569 illa

84 1575 155 1605 τελεῖ
173 1576 263 1617 ἁγνείᾳ
275 1575 321 1606 χαὶ
342 1569 477 1615 ἁγιωσύνὴ
495 1576 619 1617 ἐστέφθαι
633 1578 677 1607 τὸν
690 1578 763 1617 ἱερέα
772 1590 779 1596 ·
794 1579 853 1607 ἀλλ’
871 1583 891 1605 Α
905 1574 1053 1604 admodum
1066 1586 1125 1604 rara
1138 1582 1203 1604 erat.
1217 1577 1350 1615 Magnum
1359 1583 1409 1612 est,
1428 1577 1651 1622 irreprehensibi-

84 1614 176 1650 ἐπειδὴ
198 1615 258 1645 τότε
276 1615 342 1655 πρὸς
362 1614 422 1647 τοὺς
440 1608 470 1644 ev*
486 1616 594 1656 πορνείᾳ
616 1616 686 1656 μέγα
700 1613 742 1653 ἦν,
764 1617 853 1656 λέγει·

85 1654 260 1691 Karoia-mom
274 1653 448 1690 ἐπισκόπους,
460 1656 496 1687 ὡς
513 1655 567 1694 ἐγώ
580 1666 622 1685 σοι
641 1656 809 1695 διεταξάμην,
830 1657 856 1686 εἴ

85 1692 125 1726 τίς
135 1694 207 1723 ἔστιν
218 1695 392 1735 ἀνέγκλητος,
407 1698 469 1732 μιᾶς
480 1694 602 1733 γυναικὸς
612 1695 678 1735 ἀνήρ
687 1707 694 1714 ·
705 1698 753 1725 οὐκ
762 1697 853 1733 ἐπειδὴ

84 1732 164 1771 νόμον
177 1733 255 1769 ἔθηκε
268 1737 346 1765 τοῦτο
356 1755 365 1769 ,
383 1734 442 1762 ἀλλ’
457 1734 548 1770 ἐπειδὴ
568 1737 602 1774 τῇ
622 1735 710 1775 πλάνῃ
725 1735 852 1775 συνέγνω.

84 1770 162 1813 ’ῌδει
182 1773 233 1814 γὰρ
250 1774 291 1804 ὅτι
309 1775 446 1805 ἀνθοῦντος
461 1776 508 1802 τοῦ
529 1773 606 1813 λόγου
633 1777 681 1810 τῆς
705 1775 854 1812 εὗσεὸείας,

86 1812 238 1853 αὐθαίρετον
251 1813 317 1850 αὐτ-ὴ
327 1815 346 1848 ἡ
357 1811 434 1852 φύσις
446 1812 497 1846 ἕξει
509 1813 539 1843 τὸ
550 1814 655 1853 ἀγαθὸν,
670 1815 715 1844 καὶ
726 1818 743 1851 ἡ
757 1815 853 1854 ἐκλογὴ

85 1856 225 1895 γενήσεται
244 1859 296 1887 τῶν
313 1855 478 1897 κρειττόνων.
494 1856 662 1896 Ἄμεμπτος,
683 1859 790 1892 δίκαιος.
812 1860 853 1889 Οὔ

84 1899 210 1941 πρότερον
225 1897 270 1931 οὖν
281 1901 338 1931 ἔστι
351 1899 472 1940 γενέσθαι
485 1899 594 1938 δίκαιον,
607 1901 745 1941 ἄμεμπτον
761 1903 798 1942 μὴ
812 1915 851 1943 γε·

84 1943 200 1982 νόμενον.
215 1944 357 1981 Ἀληθινός.
376 1943 410 1973 Ὁ
427 1944 547 1980 ἀληθινὸς
560 1945 587 1974 τί
602 1945 742 1985 βούλεται,
758 1946 792 1976 Ὁ
813 1947 852 1986 μὴ

83 1989 313 2029 ἐσχηματισμένος
326 1989 373 2025 τὴν
388 1989 457 2029 ὄψιν,
471 1989 516 2018 καὶ
529 1989 612 2026 ἄλλην
627 1989 694 2030 ἔχων
707 1991 756 2028 τὴν
769 1992 853 2022 κατά-

84 2045 191 2063 στασιν·
202 2036 216 2064 ὁ
227 2033 264 2073 μὴ
277 2032 446 2074 σωφροσύνην
459 2034 684 2073 σχηματιζόμενος
691 2056 699 2070 ,
710 2036 854 2066 ἀκολασίαν

84 2077 112 2107 δὲ
123 2078 304 2118 ἐνδεδυμένος·
317 2081 332 2108 ὁ
346 2078 383 2118 μὴ
397 2077 445 2115 τὴν
460 2078 628 2115 δικαιοσύνην
641 2080 669 2109 ἐν
683 2081 855 2121 rifi-effluant:

84 2122 218 2159 δεικνύων,
231 2123 281 2159 τὴν
295 2123 322 2152 δὲ
337 2122 440 2152 ἀδικίαν
459 2123 486 2151 ἐν
501 2125 534 2163 τῇ
547 2123 642 2164 καρδίᾳ
656 2125 750 2165 φέρων.
770 2121 855 2160 Οὗτος

85 2166 222 2203 ἀληθινὸς,
249 2167 294 2196 καὶ
316 2166 411 2200 εὐθέως
438 2166 573 2203 θεοσεὸής.
598 2167 683 2197 Ὅταν
711 2169 763 2210 γὰρ
787 2166 805 2209 ᾖ
824 2170 855 2200 τὸ

84 2208 236 2247 ἄμεμπτον,
248 2209 310 2239 ὅταν
328 2209 359 2239 τὸ
378 2210 486 2246 δίκαιον,
499 2210 560 2239 ὅταν
574 2209 605 2239 τὸ
624 2212 754 2248 ἀληθινὸν,
765 2213 823 2242 τότε
837 2216 854 2250 ἡ

83 2252 184 2288 ἀληθὴς
197 2253 369 2292 ἀπαρτίζεται
389 2253 710 2294 θεοσέὸεια.Ἀπεχόμενος
729 2256 781 2285 ἀπὸ
792 2269 857 2286 παν-

81 2295 126 2329 τὸς
151 2299 265 2335 πονηροῦ
290 2296 455 2335 πράγματος.
471 2296 582 2332 Ἐπειδὴ
599 2298 692 2328 πολλοὶ
712 2299 857 2339 ἀπέχονται

82 2339 134 2369 ἀπὸ
154 2340 259 2369 πολλῶν
281 2339 494 2378 ἁμαρτημάτων,
508 2340 614 2369 πάντων
634 2341 661 2371 δὲ
680 2343 727 2371 οὐκ
742 2342 855 2383 ἀπέχον-

80 2394 141 2420 ται,
157 2384 188 2413 τὸ
210 2383 289 2423 ἄκρον
313 2383 393 2413 πάλιν
411 2386 458 2419 ’τῆς
475 2384 569 2423 ἀρετῆς
592 2385 747 2424 βουλόμενος
762 2386 855 2415 ὑποθέ-

85 2430 158 2465 σθαι,
176 2428 268 2468 φησίν·
284 2427 455 2468 Ἀπεχόμενος
469 2427 522 2457 ἀπὸ
540 2428 636 2461 παντὸς
654 2433 768 2470 πονηροῦ
784 2430 855 2470 πρά-

84 2483 196 2510 γματος.
220 2472 300 2502 Ὅθεν
326 2473 371 2502 καὶ
389 2475 403 2502 ὁ
418 2472 502 2502 Δαυίδ
523 2484 602 2513 φησιν
615 2485 622 2491 ·
643 2475 679 2503 Οἱ
704 2475 856 2514 ἀγαπῶντες

82 2514 192 2554 Κύριον,
208 2520 310 2553 μισεῖτε
319 2515 430 2556 πονηρά.
445 2518 486 2546 Οὐ
500 2516 551 2556 γὰρ
565 2512 618 2545 οἷόν
629 2528 658 2546 τε
669 2518 714 2548 καὶ
725 2518 855 2548 θεοσεὸεἷν

82 2558 127 2587 καὶ
151 2558 266 2598 πονηρεῦ
273 2562 359 2589 εσθαι.
389 2559 539 2590 ‘Em-(Oeten
569 2559 596 2589 δὲ
624 2561 702 2590 αὐτοῦ
733 2562 778 2591 καὶ
807 2563 856 2599 τὴν

80 2601 200 2641 ὕπαρξιν,
217 2601 258 2631 ὅτι
274 2597 329 2641 εἶχε
351 2603 473 2643 πρόὸατα
495 2604 698 2644 ἑπτακισχίλια,
720 2606 856 2646 καμήλους

905 1613 959 1642 lem
973 1624 1048 1651 esse;
1063 1615 1185 1643 medium
1200 1621 1290 1644 autem
1306 1615 1363 1644 sine
1375 1616 1488 1646 crimine
1501 1628 1557 1647 esse
1569 1628 1575 1644 :
1591 1629 1651 1648 ma-

905 1663 987 1692 gnum
999 1653 1141 1693 quidpiam
1154 1654 1183 1682 in
1191 1654 1269 1683 malis
1283 1661 1322 1683 est
1332 1666 1447 1694 parvum
1460 1656 1573 1686 bonum.
1586 1657 1651 1688 Ideo

905 1692 952 1729 ait,
972 1693 1064 1722 Unius
1073 1695 1171 1722 uxoris
1183 1695 1290 1723 virum.
1298 1695 1359 1723 Non
1368 1694 1441 1733 quod
1450 1696 1507 1735 jam
1519 1696 1546 1726 in
1556 1697 1650 1727 Eccle-

1691 845 1775 867 ert-17.

1696 1700 1803 1722 Sacerdos

905 1732 944 1761 sia
955 1732 1112 1762 observetur
1119 1744 1128 1770 ;
1144 1739 1250 1773 oportet
1261 1733 1334 1763 enim
1347 1734 1510 1765 sacerdotem
1523 1736 1595 1766 omni
1608 1748 1650 1767 ca·
1661 1731 1739 1752 ‘'¹⁸¹''
1758 1739 1804 1753 ⁰⁵⁸⁰

905 1771 993 1801 stitate
1006 1779 1032 1802 et
1044 1772 1220 1802 sanctimonia
1236 1773 1376 1811 coronari3
1394 1774 1442 1804 sed
1459 1775 1523 1814 quia
1544 1782 1608 1806 tunc
1619 1777 1650 1807 id

906 1812 1032 1851 magnu'm
1046 1819 1102 1842 erat
1111 1813 1146 1842 iis
1157 1813 1204 1851 qui
1218 1812 1246 1842 in
1258 1813 1431 1844 fornicatione
1444 1816 1580 1851 vixerant,
1591 1817 1629 1847 ait
1641 1829 1649 1846 ε

907 1851 1059 1882 Constitue
1069 1854 1226 1891 episcopos,
1235 1859 1267 1882 ut
1278 1864 1328 1893 ego
1340 1855 1393 1883 tibi
1401 1855 1540 1894 disposui,
1550 1858 1576 1886 si
1585 1858 1651 1898 quis

905 1898 948 1920 est
971 1893 1035 1921 sine
1047 1894 1179 1929 crimine,
1193 1894 1281 1922 unius
1303 1895 1402 1924 uxoris
1414 1896 1464 1924 vir
1477 1907 1488 1924 .·
1508 1906 1561 1925 non
1574 1897 1650 1936 quod

905 1941 965 1960 eam
988 1931 1075 1971 legem
1098 1938 1218 1971 poneret,
1241 1931 1290 1962 sed
1307 1932 1382 1971 quod
1410 1934 1494 1964 errori
1517 1944 1648 1975 parceret.

906 1971 1012 2001 Sciebat
1025 1970 1098 2000 enim
1109 1971 1166 2002 fore
1181 1979 1211 2001 ut
1227 1972 1339 2002 florente
1353 1973 1457 2013 pietatis
1470 1974 1540 2015 lege,
1554 1983 1650 2006 natura

907 2021 955 2039 sua
968 2018 1063 2051 sponte
1084 2021 1186 2050 suoque
1203 2012 1315 2042 arbitrio
1332 2013 1434 2043 bonum
1451 2014 1558 2045 aditura
1571 2023 1648 2054 esset,

906 2057 932 2079 et
945 2051 1084 2082 meliorem
1095 2051 1250 2081 electionem
1262 2052 1370 2082 faceret.
1385 2055 1650 2094 Irreprehensibilis

902 2091 1008 2129 justus.
1020 2091 1080 2120 Non
1093 2097 1178 2130 potest
1189 2102 1253 2132 ergo
1266 2091 1325 2121 fieri
1338 2099 1368 2122 ut
1380 2093 1416 2123 sit
1425 2094 1526 2133 justus,
1560 2095 1650 2126 uinon

907 2135 968 2158 ante
983 2130 1018 2159 sit
1030 2130 1286 2170 irreprehensibilis.
1301 2132 1332 2161 V
1327 2142 1410 2162 επακ.
1422 2133 1498 2171 Quid
1522 2106 1575 2165 siin
1589 2136 1650 2166 vult

874 2176 892 2199 B
908 2168 986 2206 illud,
995 2170 1106 2200 Ver-ar
1114 2173 1127 2199 Ρ
1139 2170 1195 2208 Qui
1209 2181 1262 2200 non
1275 2171 1364 2211 specie
1377 2179 1491 2210 tantum,
1507 2175 1555 2204 sed
1568 2186 1597 2204 re
1610 2182 1650 2205 ta-

908 2208 942 2237 lis
963 2208 1016 2245 sit;
1034 2209 1081 2247 qui
1096 2219 1148 2239 non
1166 2211 1312 2240 castitatem
1323 2211 1443 2249 simulet,
1453 2212 1519 2244 dum
1533 2214 1649 2244 inconti-

879 2277 884 2281 ,
908 2247 1002 2277 nentiae
1015 2248 1061 2278 dat
1073 2259 1198 2289 operam;
1212 2251 1261 2289 qui
1271 2260 1323 2280 non
1331 2251 1522 2292 justitiamprae
1536 2265 1563 2283 se
1571 2254 1647 2291 serat,

907 2294 934 2316 et
946 2287 1114 2326 iniquitatem
1132 2290 1159 2319 in
1173 2290 1254 2320 corde
1275 2291 1376 2320 foveat.
1393 2292 1445 2321 Hic
1465 2303 1548 2322 verax
1570 2301 1650 2331 atque

908 2327 974 2356 adeo
994 2328 1081 2357 Deum
1095 2329 1195 2358 colens.
1219 2331 1289 2360 Cum
1314 2330 1385 2359 enim
1409 2331 1649 2370 irreprehensibilis

907 2366 1042 2407 quispiam
1057 2375 1107 2405 est,
1120 2379 1182 2398 cum
1191 2369 1291 2409 justus,
1307 2380 1368 2398 cum
1384 2380 1477 2405 verax,
1492 2377 1555 2399 tunc
1569 2381 1649 2400 verus

907 2406 959 2436 Dei
969 2406 1057 2436 cultus
1064 2408 1210 2453 perficitur.
1218 2408 1250 2437 A
1251 2410 1381 2437 bstinens
1389 2411 1425 2437 ab
1435 2412 1512 2437 omni
1521 2420 1551 2439 re
1559 2410 1648 2439 mala.

908 2446 978 2483 Quia
993 2447 1071 2477 multi
1081 2458 1097 2476 a
1112 2447 1238 2488 plurimis
1256 2448 1369 2487 peccatis
1379 2447 1522 2483 abstinent,
1536 2448 1583 2477 scd
1596 2459 1649 2478 nou

908 2485 943 2514 ab
960 2487 1084 2516 omnibus
1111 2487 1260 2524 abstinent;
1287 2487 1396 2516 virtutis
1426 2487 1531 2516 culmen
1555 2488 1648 2517 volens

908 2525 1044 2556 ostendere
1050 2526 1101 2555 ait:
1114 2527 1146 2556 A
1148 2528 1275 2555 bstinens
1284 2528 1320 2554 ab
1330 2527 1408 2554 omni
1417 2535 1448 2554 re
1458 2527 1649 2564 maquuam-

1661 1763 1736 1784 debet.

908 2564 1000 2594 obrem
1014 2572 1039 2594 et
1058 2565 1149 2595 David
1171 2565 1210 2595 ait
1228 2577 1234 2593 z
1254 2566 1312 2603 Qui
1327 2565 1450 2603 diligitis
1475 2566 1645 2605 Dominum,
1659 2579 1746 2610 P„96,
1762 2586 1796 2603 ιο,

911 2609 988 2638 odite
1007 2609 1129 2638 malum.
1149 2610 1210 2638 Non
1224 2608 1292 2638 enim
1316 2619 1458 2647 possumus
1480 2611 1568 2639 Deum
1581 2610 1645 2640 dili-
