1890 2826
105 376 162 399 leui.
173 375 211 400 66.
222 383 245 398 2.

99 1683 157 1707 lsai.
169 1684 191 1708 6.
202 1687 223 1703 ¹·

1532 207 1541 222 N

264 224 330 246 122
603 223 633 247 S.
660 223 803 248 JOANMS
828 224 1015 248 eflanosr.
1046 224 1210 248 Aucfflffl’.
1239 226 1517 251 CONSTANTINOP-

257 290 311 313 tur.
340 283 406 313 Odit
430 283 502 313 enim
525 282 578 314 hoc
600 285 674 314 Deus
695 291 722 314 et
747 291 903 324 aversatur,
928 285 998 319 sicui
1050 285 1088 323 μὴ
1107 290 1161 320 τοῖς
1183 287 1310 326 ἀκόσμοις
1331 288 1506 328 ἐπαιρομένας
1519 288 1642 328 νεύμασι.
1666 291 1749 320 Μισεῑ
1769 290 1822 331 γὰρ

257 335 349 358 contra
372 329 550 370 compositum
571 339 601 359 ac
621 329 772 360 modestum
782 338 862 360 ¹amat
884 330 997 371 expetit·
1015 340 1035 364 n
1050 334 1128 361 τοῦτο
1141 331 1186 362 καὶ
1198 332 1391 374 ἀποστρέφεται
1403 334 1507 372 ὁΘεὸς,
1520 333 1612 376 ὥσπερ
1624 335 1669 365 τὸν
1683 337 1823 366 συνεσταλ-

257 385 308 414 que
330 388 336 404 :
365 374 420 404 Ad
440 386 537 416 quem,
560 376 659 414 inquit,
682 377 852 417 respiciam,
880 379 936 406 nisi
959 376 1000 405 ad

257 427 441 451 man-suetum
462 429 488 451 et
510 424 650 462 quietum,
672 429 702 452 et
723 430 894 454 trementem
907 425 1000 453 verba

256 470 342 496 mea?
361 468 489 497 Dicamus
509 468 571 497 aliis
590 468 636 498 alii
657 481 665 498 =
686 470 747 499 Non
771 469 832 500 vult
855 471 945 506 Deus,
969 476 1000 498 ut

255 513 338 542 simul
353 524 415 542 cum
433 513 492 553 ipso
514 513 669 553 loquamur,
691 522 718 545 et
738 514 808 545 inter
829 525 878 544 nos
889 514 995 544 fabule-

255 569 328 597 mur,
344 571 393 590 nec
406 561 517 600 patitur,
534 568 563 590 ut
578 562 668 601 ipsum
681 562 785 602 alloqui
797 562 999 592 intermittentes

254 606 425 644 praesentium
446 607 674 638 confabulationes
687 609 858 645 suscitemus,
873 618 998 647 caenoque

254 652 411 692 margaritas
434 653 655 684 contaminemus.
682 654 823 694 Siquidem
846 654 898 684 hoc
920 665 996 684 suam

253 699 443 728 contumeliam
470 710 526 729 esse
557 699 648 737 ducit,
679 710 732 730 non
766 700 998 741 glorificationem.

253 744 334 781 Quod
346 745 369 774 si
389 745 450 784 quis
469 746 589 776 voluerit
608 746 660 776 hoc
672 753 836 787 praeceptum
849 746 997 787 praeterire,

251 790 409 821 obturemus
428 792 471 821 illi
489 802 529 830 os,
547 799 684 832 tamquam
697 792 791 822 salutis
811 792 996 822 insidiatorem

251 837 430 878 expellamus,
455 846 480 869 et
493 839 610 869 ecclesiae
629 847 725 870 sanctae
743 839 825 880 septis
845 839 995 879 ejiciamus.

248 884 308 914 Hoc
328 884 351 914 si
372 885 523 922 fecerimus,
551 893 641 916 nostra
660 886 772 926 quidem
795 893 901 927 peccata
914 896 997 927 supe-

250 929 322 958 riora
337 930 414 959 facite
428 930 575 969 diluemus,
591 932 680 972 ipsum
693 939 783 962 autem
792 932 940 962 Dominum
952 932 997 962 ha-

247 975 373 1005 bebimus
395 977 422 1006 in
447 977 536 1007 medio
549 985 672 1008 nostrum
685 989 739 1008 una
761 989 823 1009 cum
834 978 932 1008 sanctis
946 989 995 1008 an-

247 1022 314 1060 gelis
329 1023 424 1053 choros
437 1031 569 1063 agentem,
582 1030 608 1054 et
620 1024 718 1063 cuique
739 1024 874 1054 modestiae
887 1035 997 1054 coronas

246 1068 465 1099 distribuentem.
487 1070 623 1108 Quoniam
649 1070 723 1100 enim
744 1078 783 1100 est
806 1070 942 1101 humanus
965 1081 996 1101 ac

245 1114 401 1152 munificus,
414 1115 533 1155 gaudens
553 1116 588 1146 de
611 1123 701 1146 nostra
724 1117 809 1147 salute
822 1129 829 1152 ;
844 1116 905 1147 ideo
918 1117 995 1147 oble-

245 1167 318 1190 ctans
332 1172 388 1191 sese
402 1161 480 1192 bonis
491 1163 589 1192 nostris
603 1163 851 1203 eaelorum'regnum
859 1163 994 1204 promisit,

245 1213 271 1236 et
285 1207 349 1236 vitae
361 1207 577 1248 incorruptibilis
589 1209 764 1246 consortium,
774 1209 916 1248 omniaque
925 1209 995 1239 bona

244 1253 417 1292 praeparavit,
428 1253 519 1283 volens
528 1265 579 1284 nos
591 1254 619 1283 in
633 1254 676 1283 his
690 1254 788 1284 habere
801 1255 972 1285 tabernacula
985 1267 992 1284 τ

244 1308 304 1336 quae
329 1298 407 1328 nobis
428 1299 554 1330 omnibus
575 1300 710 1339 contingat
728 1301 846 1339 assequi,
869 1301 953 1341 gratia
968 1307 994 1330 et
1001 1326 1038 1346 m

1053 377 1129 416 μένον
1138 381 1231 419 ἀγαπᾷ
1240 378 1285 408 καὶ
1298 379 1448 419 προσίεται.
1458 379 1523 410 Ἐπὶ
1529 380 1588 410 τίνα
1599 380 1662 421 γὰρ,
1670 381 1759 422 φησὶν,
1769 383 1826 411 ἔπια

1052 422 1151 463 ὅλέψω,
1158 424 1216 453 ἀλλ’
1226 424 1243 460 ἢ
1253 424 1296 454 ἐπὶ
1303 425 1348 454 τὸν
1357 430 1440 465 πρᾶον
1450 425 1496 455 καὶ
1507 425 1628 466 ἡσύχων,
1638 426 1684 456 καὶ
1690 426 1823 467 τρίμοντά

1052 482 1102 508 μου
1116 470 1176 505 τοὺς
1185 471 1278 511 λόγους
1287 483 1296 510 3
1306 471 1432 511 Εῐπωμεν
1447 472 1571 509 ἀλλήλοις
1582 495 1590 510 ,
1602 473 1643 503 ὅτι
1652 476 1682 503 οὔ
1697 473 1822 513 βούλεται

1051 518 1123 556 αὐτῷ
1137 517 1405 558 προσδιαλεγομένους
1418 512 1489 557 ἡμᾶς
1509 518 1554 548 καὶ
1571 520 1672 552 ἑαυτοῖς
1690 529 1820 559 προσομι-

1049 563 1113 600 λεῖν,
1128 562 1186 592 οὐδὲ
1206 563 1318 604 ἀφέντας
1330 563 1379 600 τὴν
1395 563 1460 604 πρὸς
1474 564 1552 594 αὐτὸν
1567 564 1690 601 διάλεξιν,
1703 565 1751 599 τὰς
1767 567 1823 595 τῶν

1049 609 1187 648 παρόντων
1199 610 1331 639 ἀνακινεῖν
1344 610 1486 650 συντυχίας
1494 632 1502 646 ,
1514 610 1560 640 καὶ
1574 612 1613 651 τῷ
1627 610 1747 651 βορὸόρῳ
1760 610 1821 645 τοὺς

1049 654 1214 695 μαργαρίτας
1238 655 1388 696 ἀναφύρειν.
1403 655 1502 695 ’Υὸριν
1525 655 1577 696 γὰρ
1597 656 1706 693 οἰκείαν,
1720 656 1767 687 καὶ
1789 658 1820 687 οὖ

1050 698 1202 739 δοξολογίαν
1220 699 1250 728 τὸ
1271 703 1389 730 τοιοῦτον
1408 702 1522 739 ἡγεῖται.
1537 700 1595 730 Κάν
1617 713 1657 734 τις
1674 700 1819 741 βουληθείη

1048 744 1147 781 ταύτην
1163 746 1317 784 παραὸἦ·.ἀι
1330 746 1379 782 τὴν
1392 745 1528 783 ΙΙἐντολὴν,
1546 746 1770 786 ἕπιστομίσωμεν,
1783 749 1820 780 ὡς

1048 790 1187 821 ἐπίὸουλον
1202 793 1250 827 τῆς
1265 792 1396 832 ἡμετέρας
1415 792 1548 832 σωτηρίας
1561 792 1759 832 ἀποδιώξωμεν,
1770 792 1820 828 ἔξω

1048 838 1100 867 τῶν
1128 838 1277 878 περιὸόλων
1302 841 1349 874 τῆς
1381 837 1461 878 ἁγίας·
1484 838 1627 876 ἐκκλησίας
1653 839 1819 879 ἐκὸἄλωμιν.

1048 883 1128 913 Οὕτω
1148 884 1199 924 γὰρ
1211 887 1365 921 ποιοῦντες,
1379 884 1413 914 τὰ
1427 884 1475 923 μὲν
1498 885 1616 926 πρότερα
1637 885 1820 926 ἁμαρτήματα

1013 943 1031 966 Ε
1049 929 1143 970 ῥαδίως
1157 930 1355 970 ἀπονιψάμεθα,
1369 930 1447 960 αὐτὸν
1467 930 1495 960 δὲ
1508 931 1553 961 τὸν
1567 931 1707 967 Δεσπότην
1719 933 1757 966 εἰς
1770 931 1819 971 με’-

1048 986 1093 1004 σον
1116 975 1208 1015 ἕξομεν
1231 975 1299 1014 μετὰ
1313 977 1366 1005 τῶν
1380 975 1461 1015 ἁγίων
1475 976 1595 1016 ἀγγέλων
1609 977 1820 1017 συγ-χορεύοντα,

1047 1020 1092 1049 καὶ
1105 1021 1209 1061 ἑκάστῳ
1221 1021 1282 1055 τοὺς
1294 1023 1341 1057 τῆς
1355 1021 1474 1056 εὐταξίας
1488 1022 1653 1062 ἀπονέμοντα
1667 1022 1820 1063 στεφάνους.

1046 1066 1126 1096 Ἐπεὶ
1139 1067 1191 1107 γάρ
1211 1068 1269 1097 ἔστι
1288 1068 1471 1108 φιλάνθρωπος
1492 1067 1538 1098 καὶ
1561 1067 1758 1108 μεγαλόδωρος,
1772 1069 1820 1098 καὶ

1046 1112 1135 1153 χαίρει
1147 1114 1191 1143 ἰπὶ
1204 1115 1238 1153 τῇ
1253 1114 1373 1155 ἡμετέρα
1390 1114 1509 1155 σωτηρίᾳ
1519 1137 1527 1151 ,
1541 1113 1586 1144 διὰ
1606 1118 1688 1144 wirto
1708 1116 1815 1155 ἐπιτερ-

1046 1159 1160 1199 πόμενος
1180 1165 1234 1194 τοῖς
1258 1163 1335 1200 ἡμῶν
1361 1161 1451 1194 καλοῖς
1473 1159 1518 1190 καὶ
1541 1160 1677 1200 βασιλείαν
1700 1161 1820 1201 οὐρανῶν

1046 1206 1238 1245 ἐπηγγείλατο,
1253 1207 1298 1236 καὶ
1309 1208 1377 1242 ζωῆς
1391 1205 1524 1247 ἀκηράτου
1539 1206 1651 1246 μέθεξιν,
1665 1205 1716 1236 καὶ·
1729 1206 1819 1237 πάντα

1043 1252 1077 1282 τὰ
1091 1253 1177 1292 ἀγαθὰ
1194 1253 1386 1293 προητοίμασε,
1399 1252 1556 1292 βουλόμενος
1569 1255 1641 1292 ἡμᾶς
1653 1255 1664 1268 ”
1673 1254 1701 1283 ἓν
1715 1253 1820 1287 τούτοις

1044 1300 1250 1335 κατασκηνῶσαι
1260 1311 1267 1317 ·
1281 1294 1318 1328 ὧν
1335 1299 1436 1338 γένοιτο
1455 1298 1558 1332 πάντας
1579 1301 1652 1338 ἡμᾶς
1664 1300 1816 1339 ἐπιτυχεῖν,

245 1343 413 1374 humanitate
426 1345 538 1375 Domini
558 1346 643 1375 nostri
666 1347 731 1376 Jesu
751 1347 867 1385 Christi,
882 1347 993 1386 quicum
1011 1354 1031 1377 Α
1045 1345 1135 1385 χάριτι
1156 1345 1202 1375 καὶ
1229 1344 1411 1385 φιλανθρωπία
1431 1347 1478 1374 τοῦ
1505 1344 1604 1384 Κυρίου
1626 1347 1704 1384 ἡμῶν
1727 1344 1817 1381 Ἰησοῦ

246 1389 323 1419 dccet
342 1390 440 1431 gloria,
455 1391 611 1432 imperium,
627 1391 724 1430 honor,
747 1399 773 1422 et
786 1392 908 1423 adoratio
921 1393 996 1423 Patri

246 1443 273 1465 et
286 1443 377 1467 sancto
390 1437 516 1477 Spiritui,
535 1447 609 1467 nunc
623 1445 648 1467 et
658 1449 773 1479 semper,
795 1445 822 1468 et
842 1439 870 1468 in
899 1440 996 1469 saecula

249 1482 418 1512 saeculorum.
436 1484 534 1513 Amen.

385 1575 582 1606 EIUSDEM
603 1576 789 1606 HOMILIA
809 1579 853 1606 ΙΙ.

248 1661 285 1688 In
294 1660 404 1689 dictum
413 1660 491 1690 illud
498 1662 864 1702 Isaioeprophetae,Factum
870 1669 909 1692 est
917 1673 994 1700 anno,

288 1716 342 1744 quo
365 1713 489 1736 mortuus
509 1713 548 1736 est
569 1706 648 1737 Ozias
672 1718 733 1744 rex,
764 1707 822 1738 vidi
847 1708 995 1739 Dominum

288 1751 423 1781 sedentem
437 1752 464 1781 in
478 1752 547 1782 solio
564 1752 670 1782 excelso
683 1760 709 1783 et
720 1754 823 1784 elevato
838 1764 845 1788 3
865 1761 893 1784 et
913 1757 997 1795 quod

290 1808 383 1838 neque
393 1804 514 1837 tempus,
528 1808 623 1838 neque
633 1810 723 1829 unum
732 1800 908 1830 elementum
921 1802 995 1831 divi·
1011 1819 1030 1842 B

290 1854 395 1874 narum
405 1844 619 1884 Scripturarum
627 1852 757 1884 oporteat
762 1853 992 1886 proelercurrere.

291 1938 304 1965 1
314 1959 320 1965 .
342 1936 457 1966 Gaudeo
474 1937 640 1977 conspiciens
653 1947 702 1967 vos
727 1937 763 1967 ad
776 1937 910 1969 audienda
922 1951 996 1971 sacra

251 1983 356 2021 eloquia
381 1990 582 2019 concurrentes,
607 1983 688 2022 idque
710 1984 841 2014 indicium
864 1997 921 2016 esse
939 1998 996 2017 ma-

251 2027 357 2057 ximum
367 2027 460 2068 judico
479 2028 562 2058 vestri
574 2028 602 2057 in
620 2029 671 2058 Dei
684 2029 760 2059 cultu
778 2041 809 2059 ac
820 2031 917 2071 pietate
930 2043 994 2072 pro—

252 2084 367 2114 gressus.
395 2075 630 2111 Quemadmodum
656 2076 728 2105 enim
759 2078 911 2117 appetentia
940 2080 995 2109 cibi

252 2120 372 2159 corporis
385 2120 484 2150 bonam
495 2121 680 2151 valetudinem
704 2121 832 2161 declarat,
846 2124 885 2154 sic
898 2132 926 2154 et
937 2136 995 2155 ser-

251 2176 342 2196 mones
353 2173 476 2206 appetere
498 2167 663 2206 spirituales,
682 2168 777 2198 auimae
801 2170 940 2200 sanitatem
951 2183 995 2201 ar-

251 2213 317 2253 guit.
334 2213 447 2243 Gaudeo
455 2213 565 2253 quidem
576 2214 660 2255 igitur
668 2222 777 2256 propter
787 2216 838 2246 hoc
850 2230 857 2246 ι
871 2225 996 2249 caeterum

1045 1392 1178 1431 Χριστοῦ,
1194 1393 1251 1430 μεθ’
1274 1387 1304 1421 οἷ
1328 1390 1424 1431 πρέπει
1446 1390 1647 1431 δόξα,κράτος,
1669 1390 1752 1430 τιμὴ,
1771 1391 1819 1423 καὶ

1045 1436 1224 1476 προσκύνησις
1236 1438 1275 1477 τῷ
1289 1436 1378 1476 Πατρὶ
1397 1436 1444 1466 καὶ
1456 1439 1494 1476 τῷ
1513 1436 1580 1478 ἁγίῳ
1602 1435 1758 1476 Πνεύματι,
1771 1439 1821 1466 νῦν

1046 1482 1093 1512 καὶ
1102 1482 1142 1512 ἀεὶ
1153 1505 1161 1520 ,
1177 1483 1222 1512 καὶ
1236 1484 1272 1516 εἰς
1283 1482 1343 1516 τοὺς
1355 1484 1451 1516 αἰῶνας
1464 1484 1517 1512 τῶν
1531 1482 1643 1512 αἰώνων.
1660 1482 1754 1522 Ἀμήν.

1217 1580 1295 1609 ΤοΥ
1315 1580 1443 1610 ΑΥΤΟΥ
1462 1569 1595 1610 onium
1619 1578 1657 1619 β’,

1048 1667 1095 1700 Εἷς
1108 1666 1139 1696 τὸ
1158 1666 1237 1707 ῥητὸν
1249 1668 1295 1695 τοῦ
1310 1665 1445 1706 προφήτου
1466 1664 1577 1695 Ἡσαΐου
1591 1664 1622 1694 τὸ
1644 1664 1721 1705 λέγον
1732 1677 1739 1684 ·
1761 1666 1816 1696 Καὶ

1086 1713 1188 1752 ἐγένετο
1204 1714 1250 1742 τοῦ
1270 1713 1406 1748 ἐνιαυτοῦ,
1427 1707 1457 1742 οὗ
1478 1711 1606 1741 ἀπέθανεν
1618 1711 1710 1746 Ὀζίας
1722 1714 1737 1743 ὁ
1763 1715 1816 1752 βα-

1087 1758 1189 1795 σιλεὺς,
1209 1753 1276 1788 εἶδον
1300 1757 1345 1788 τὸν
1366 1757 1464 1798 Κύριον
1487 1757 1636 1796 καθήμενον
1659 1758 1704 1788 ἐπὶ
1724 1758 1818 1799 θρόνου

1087 1805 1187 1845 ὑψηλοῦ
1201 1803 1246 1834 καὶ
1259 1803 1409 1844 ἐπηρμένω
1418 1815 1425 1822 ·
1433 1802 1478 1833 καὶ
1492 1802 1534 1832 ὅτι
1547 1804 1576 1833 οὔ
1588 1804 1628 1832 δεῖ
1639 1803 1744 1843 χρόνον,
1755 1804 1817 1834 οὐδὲ

1086 1854 1214 1890 στοιχεῖον
1229 1849 1256 1879 ἓν
1271 1849 1448 1890 παρατρέχειν
1463 1851 1516 1879 τῶν
1529 1849 1605 1878 θείων
1620 1850 1745 1889 Γραφῶν.

1084 1942 1179 1982 Χαίρω
1191 1941 1381 1981 συντρέχοντας
1394 1942 1462 1980 ὑμᾶς
1472 1941 1540 1980 ὁρῶν
1548 1939 1614 1980 πρὸς
1626 1939 1675 1976 τὴν
1687 1940 1814 1981 ἀκρόασιν

1046 1991 1098 2018 τῶν
1121 1987 1196 2018 θείων
1219 1986 1325 2027 λογίων,
1352 1986 1398 2016 καὶ
1422 1985 1566 2026 τεκμήριον
1590 1985 1715 2025 μέγιστόν
1737 1989 1816 2017 τοῦτο

1045 2037 1172 2074 ποιοῦμαι
1185 2036 1232 2070 τῆς
1246 2032 1315 2063 κατὰ
1324 2032 1393 2063 Θεὸν
1403 2034 1476 2072 ὑμῶν
1490 2034 1636 2072 προκοπῆς.
1649 2031 1754 2073 Ὥσπερ
1762 2032 1815 2073 γὰρ

1046 2081 1076 2111 τὸ
1088 2082 1180 2120 πεινῆν
1193 2081 1346 2118 σωματικῆς
1360 2080 1431 2107 ἐστιν
1442 2077 1541 2112 εὐεξίας
1553 2081 1692 2117 ’σημεῖοη
1705 2077 1775 2108 οὕτω
1783 2079 1814 2109 τὸ

1045 2127 1130 2167 λόγων
1149 2127 1211 2166 ἐρᾷν
1236 2126 1421 2164 πνευματικῶν
1441 2125 1559 2164 ψυχικῆς
1579 2122 1679 2164 ὑγιείας
1704 2125 1814 2164 σημεῖόν

1045 2174 1112 2203 ἐστι.
1128 2172 1221 2212 Χαίρω
1247 2167 1294 2210 μὲν
1312 2166 1357 2200 οὖν
1371 2170 1414 2200 διὰ
1435 2172 1528 2200 τοῦτο·
1542 2170 1647 2200 δέδοικα
1661 2169 1689 2200 δὲ
1710 2171 1815 2211 μήποτε

1045 2222 1092 2255 τῆς
1105 2217 1243 2257 ἐπιθυμίας
1255 2216 1355 2253 ταύτης
1367 2216 1441 2246 οὐδὲν
1454 2215 1525 2250 ἄξιον
1537 2216 1639 2251 δυνηθῶ
1651 2221 1813 2257 παρασχεῖν.

251 2270 345 2289 vereor
354 2270 386 2288 ne
394 2260 462 2288 forte
470 2270 522 2289 non
537 2261 638 2300 possim
650 2262 756 2300 aliquid
767 2262 871 2293 adferre
880 2263 994 2304 dignum
1011 2273 1030 2297 G
1046 2266 1126 2296 Οὕτω
1134 2263 1238 2294 πουκαὶ
1246 2262 1334 2302 μήτηρ
1343 2262 1466 2291 ὀδυνᾶται
1477 2261 1661 2302 φιλόστοργος,
1673 2263 1736 2292 ὅταν
1749 2265 1814 2293 ὓπο-

251 2306 302 2335 isto
321 2312 410 2336 vestro
433 2306 577 2336 desiderio.
593 2307 639 2338 Sic
661 2315 688 2338 et
702 2316 784 2338 mater
804 2319 894 2339 amans
908 2310 992 2350 dolet,

250 2353 355 2391 quoties
365 2352 504 2381 lactentem
517 2353 618 2383 habens
631 2365 758 2394 puerum,
773 2366 827 2386 non
848 2363 934 2396 potest
953 2358 997 2388 illi

250 2399 359 2437 largiter
381 2399 501 2438 praebere
519 2399 594 2429 lactis
618 2401 715 2430 sontem
733 2413 739 2429 ι
769 2409 882 2432 attamen
901 2415 996 2443 quam-

250 2455 331 2483 quam
354 2444 421 2474 lacte
434 2451 514 2480 caret,
527 2455 669 2474 mammam
689 2454 776 2476 tamen
790 2448 848 2486 dat,
869 2449 917 2480 ille
930 2461 996 2482 vero

284 2528 296 2546 d
317 2527 385 2552 Unus
396 2531 495 2560 ἐντολὴν,
508 2531 684 2562 ἐπιτιμήσωμεν-

283 2574 292 2583 r
312 2567 380 2591 Unus
393 2571 414 2593 ἐν
426 2570 511 2597 τούτοις
523 2571 549 2594 δι’
562 2573 639 2598 alchite,-
650 2576 828 2599 κατασκηνῶσαι.

1047 2311 1139 2351 μάζιον
1152 2310 1250 2350 ἔχουσα
1263 2308 1345 2338 παῖδα
1366 2307 1413 2341 τὰς
1435 2310 1482 2337 τοῦ
1506 2307 1637 2347 γάλακτος
1661 2308 1751 2348 πηγὰς
1774 2309 1815 2348 μὴ

1046 2359 1155 2394 δύνηται
1177 2356 1293 2397 ἀφθόνως
1315 2358 1465 2394 παρασχεῖν
1487 2355 1575 2395 αὐτῷ·
1590 2356 1649 2385 ἀλλ’
1675 2354 1748 2394 ὅμως
1767 2356 1813 2385 χαὶ

1045 2406 1137 2437 ἐνδεῶς
1161 2402 1257 2443 ἔχουσα
1278 2401 1323 2430 τὸν
1350 2400 1450 2439 μαστὸν
1473 2400 1634 2437 ἐπιδίδωσιν,
1647 2403 1661 2430 ὁ
1681 2398 1708 2430 δὲ
1722 2401 1814 2431 λαὸὼν

1045 2451 1116 2481 ἕλκει
1133 2449 1178 2480 καὶ
1191 2447 1352 2485 κατατείνει,
1365 2447 1410 2477 καὶ
1425 2448 1462 2487 τῷ
1478 2446 1591 2486 στόματι
1611 2446 1813 2487 κατεψυγμένην

1055 2539 1129 2570 χαίρω
1140 2537 1183 2567 μὲν
1195 2535 1238 2560 οὖν.
1254 2531 1324 2558 Ediu
1336 2538 1361 2557 et
1372 2532 1415 2557 alii
1426 2520 1534 2558 Codices
1544 2536 1655 2567 χαίρομεν
1666 2532 1711 2564 οὖν,
1724 2541 1810 2565 perpe-

1055 2583 1108 2599 ram
1117 2595 1123 2606 ‚
1137 2579 1165 2598 ut
1176 2573 1263 2606 liquet.
1276 2571 1376 2597 Ibidem
1387 2572 1474 2598 Mox-el.
1488 2578 1528 2603 τῆς
1540 2575 1667 2605 ὶπιθυμίας.
1679 2571 1756 2599 Savil.
1771 2579 1811 2603 τῆ,-

286 2614 295 2624 ³·
315 2612 406 2638 Σημεῖα),
418 2606 488 2632 deest
499 2607 525 2633 in
537 2613 645 2640 quatuor
657 2609 716 2634 Mss.
728 2609 805 2635 Paulo
818 2616 877 2643 post
892 2609 943 2636 duo
956 2611 1004 2636 Mss
1054 2617 1193 2647 προθυμίας-ς
1208 2617 1311 2644 uterque
1323 2610 1394 2649 bene.
