1890 2826
56 2618 142 2668 M3nlth.
159 2625 195 2639 22.

62 2655 95 2672 1r2

210 214 278 260 346

207 287 307 328 putatis
327 285 492 327 supplicium
506 286 535 315 in
549 285 630 314 choro
650 285 700 315 illo
719 294 773 315 non
792 284 947 315 accenseri?

207 332 338 363 ineffabili
349 332 434 372 gloria
449 342 502 361 non
514 330 646 371 dignari?
659 330 694 360 ab
707 330 756 360 illo
767 337 838 361 coetu
851 338 877 360 et
891 331 948 360 ine-

207 378 388 408 narrabilibus
408 378 485 407 honis
506 376 600 418 procul
614 376 695 416 abjici
705 376 719 405 ἰ’
734 378 770 407 At
780 387 842 407 cum
853 383 949 417 praeter

207 425 263 454 haec
282 431 361 454 erunt
379 424 504 460 tenehrae,
516 422 616 453 stridor
634 421 768 459 dentium,
783 422 893 453 vincula
910 422 951 452 in—

206 472 344 509 solubilia,
359 470 458 502 vermis
474 469 522 509 qui
541 479 594 499 non
615 469 739 506 moritur,
753 469 823 509 ignis
834 470 882 509 qui
896 479 948 499 non

206 518 396 558 exstinguitur,
405 516 487 546 animi
501 527 610 552 moeror,
622 515 755 555 angustia,
768 515 869 556 linguae
882 515 950 545 adu·
959 541 984 560 29

548 224 578 246 S.
604 223 741 247 JOANMS
767 219 949 247 cffltYsosT.
978 223 1134 247 ARCfflEP.
1162 223 1431 247 CONSTANTINOP-

1004 284 1069 325 κρὰν
1083 280 1150 315 εἶναι
1167 286 1286 325 νομίζετε
1301 285 1410 316 κόλασιν
1423 286 1454 316 τὸ
1469 286 1506 326 μὴ
1527 286 1737 316 κατατάττεσθαι
1751 287 1778 316 ἐν

1005 330 1097 371 ἐκείνῳ
1108 333 1146 371 τῷ
1159 334 1247 372 χορῷ;
1261 332 1291 361 τὸ
1307 332 1344 372 μὴ
1358 331 1545 367 καταξιοῧσθαι
1557 333 1606 368 τῆς
1628 331 1779 373 ἇποῤῥήτου

1006 377 1092 414 δόξης
1106 377 1137 407 τὸ
1156 380 1204 414 τῆς
1216 378 1388 418 πανηγύρεως
1400 378 1501 415 ἐκείνης
1514 378 1560 408 καὶ
1572 379 1624 407 τῶν
1637 377 1779 418 ἄφράστων

1005 425 1111 463 ἀγαθῶν
1125 423 1215 464 πόρρω
1236 435 1287 454 που
1306 423 1351 455 καὶ
1372 424 1478 464 μακρὰν
1499 425 1673 464 ἀπεῤῥῑφθαι;
1692 422 1778 454 Ὅταν

1006 469 1033 498 δὲ
1047 469 1093 499 καὶ
1111 469 1204 504 σκότος
1222 466 1257 510 ᾖ,
1271 470 1317 500 καὶ
1338 470 1454 510 βρυγμὸς
1474 470 1602 507 ὀδόντων,
1625 470 1671 499 καὶ
1692 468 1778 508 δεσμὰ

985 541 996 560 ³
1006 515 1099 551 ἄλυτα,
1113 515 1158 545 καὶ
1171 515 1277 553 σκώληξ
1298 515 1470 553 ἀτελεύτητος
1479 538 1487 552 ,
1506 515 1553 546 καὶ
1568 518 1620 556 πῦρ
1634 515 1778 551 ἄσὸεστον,

205 572 263 601 stae,
279 572 308 594 ut
321 564 367 594 illa
380 562 485 600 divitis,
500 573 563 592 cum
577 561 756 602 plorabimus,
770 569 796 592 et
807 571 887 591 nemo
899 562 950 591 erit
969 571 989 592 Α
1006 561 1051 591 καὶ
1065 561 1151 602 θλίψις
1169 562 1214 592 καὶ
1233 561 1410 603 στενοχωρία,
1431 562 1477 592 καὶ
1496 563 1617 602 γλῶσσαι
1638 562 1779 602 τηγανιζό-

205 611 253 650 qui
273 610 380 647 audiat,
402 620 465 639 cum
486 608 691 648 ingemisocmus
712 614 738 638 et
757 608 900 638 frememus
915 618 950 637 ex

204 657 361 693 doloribus,
383 663 410 685 et
429 665 507 684 nemo
531 653 665 692 attendet,
688 653 808 694 undique
828 653 950 694 respicie-

206 714 275 740 mus,
287 710 313 732 et
331 712 408 731 nemo
429 700 515 730 aderit
534 701 582 740 qui
602 700 755 730 consoletur
768 712 775 729 ε
791 710 846 739 quo
860 699 888 728 in
901 710 949 731 or-

204 748 267 778 dine
280 748 428 778 locabimus
441 757 496 782 eos,
512 746 560 785 qui
580 746 607 775 in
629 745 788 786 hujusmodi
800 752 871 775 statu
884 756 949 776 ver-

204 795 317 825 santur?
330 793 397 834 quid
409 793 567 834 hujusmodi
587 793 727 823 animabus
747 792 950 828 miserabilius?

244 888 274 918 5.
290 888 318 918 Si
333 897 414 928 porro
434 886 462 916 in
483 896 602 916 carceres
622 885 751 925 ingressi,
766 884 834 914 dum
846 884 949 924 squali-

203 933 252 962 dos
263 933 324 962 illos
335 932 475 968 videmus,
490 931 538 971 qui
558 931 656 961 catenis
669 930 762 960 ferreis
773 930 856 960 vincti
872 936 947 965 sunt,

203 979 268 1008 alias
286 989 349 1008 vero
372 978 400 1007 in
410 977 527 1007 tenebris
547 976 700 1014 conclusos,
714 975 874 1015 frangimur,
888 975 950 1004 hor-

203 1025 344 1060 rescimm,
355 1024 479 1063 nihilque
492 1033 545 1053 non
556 1022 663 1063 agimus
677 1032 710 1051 ne
721 1022 749 1051 in
763 1028 864 1052 tautam
878 1022 950 1051 cala-

203 1071 321 1100 mitatem
341 1070 493 1100 incidamus
516 1082 522 1098 ε

204 1117 328 1156 gehennae
336 1123 479 1153 tormenta,
488 1125 542 1155 quo
551 1115 653 1145 erimus
664 1114 773 1144 animo?
786 1112 855 1154 quid
869 1112 950 1143 facie-

203 1162 283 1191 mus?
295 1163 355 1192 Non
369 1162 441 1191 enim
460 1172 495 1191 ex
515 1161 587 1190 ferro
607 1172 671 1191 cusa
692 1167 754 1190 sunt
767 1160 815 1189 illa
824 1159 946 1197 vincula,

203 1207 250 1236 sed
269 1218 302 1236 ex
323 1207 384 1247 igne
393 1230 401 1243 ‚
423 1207 470 1246 qui
500 1217 647 1244 numquam
681 1205 862 1245 exstinguitur
872 1228 880 1243 ,
902 1216 950 1235 nec

203 1253 318 1291 aequales
337 1253 414 1282 nobis
435 1259 499 1282 sunt
522 1252 576 1287 illi,
587 1252 636 1290 qui
654 1251 733 1280 nobis
751 1251 948 1291 praeficiuntur,

203 1309 270 1337 quos
284 1309 353 1338 soepe
366 1298 518 1328 demulcere
542 1297 632 1333 liceat,
647 1296 694 1326 sed
709 1297 797 1336 angeli
817 1297 950 1326 terribiles

204 1351 230 1374 et
239 1344 461 1374 immisericordes
471 1367 478 1380 ‚
492 1353 559 1382 quos
573 1354 606 1373 ne
621 1343 752 1383 respicere
765 1342 874 1382 quidem
885 1353 948 1384 pos-

203 1390 303 1428 simus,
317 1390 419 1430 quiquc
431 1390 466 1419 ob
480 1388 670 1419 contumeliam
683 1389 711 1418 in
724 1388 872 1417 Dominum
882 1388 950 1418 irro-

203 1444 292 1477 gatam
302 1461 309 1474 ‚
323 1437 494 1467 vehementer
517 1435 641 1466 saeviunt.
655 1436 717 1465 Non
738 1434 831 1465 videre
853 1441 907 1471 est,
921 1441 950 1464 ut

203 1483 248 1512 hic
258 1506 265 1519 ,
277 1483 345 1513 alios
359 1489 468 1523 argento
478 1504 486 1517 ‚
497 1482 564 1511 alios
576 1481 636 1511 cibo
646 1504 655 1519 ,
669 1481 737 1512 alios
750 1481 860 1511 suadela
872 1503 880 1519 ,
896 1481 949 1511 sibi

204 1530 411 1559 consolationem
421 1540 526 1570 parare,
539 1528 587 1558 sed
599 1529 689 1558 omnia
701 1528 739 1558 ibi
754 1529 831 1558 venia
845 1536 947 1558 carent.

204 1576 318 1606 Etiamsi
327 1577 385 1607 Noe'
395 1576 477 1605 fuerit
485 1599 493 1614 ,
506 1575 549 1605 vel
561 1575 630 1612 Job,
642 1575 686 1605 vel
698 1575 813 1612 Daniel,
827 1575 875 1614 qui
887 1585 949 1604 suos

204 1622 322 1652 viderint
341 1622 477 1662 supplicio
495 1621 620 1657 affectos,
633 1631 687 1650 non
709 1620 808 1650 audent
825 1621 882 1650 illis
899 1620 949 1650 ad-

204 1676 274 1699 stare
283 1691 291 1706 ,
306 1675 332 1698 et
344 1678 454 1698 manum
471 1662 619 1707 porrigere.
632 1667 742 1695 Naturae
760 1666 861 1707 quippe
874 1677 948 1696 com-

204 1714 399 1745 miserationem
419 1720 484 1742 tunc
503 1711 602 1741 auferri
621 1711 762 1751 contingit.
785 1712 857 1749 Quia
877 1712 950 1741 enim

204 1761 375 1801 reperiuntur
384 1759 452 1800 justi
461 1765 630 1799 pcccatorum
639 1757 759 1789 filiorum
773 1764 870 1798 patres,
884 1758 949 1787 filii·

204 1818 257 1847 que
269 1806 348 1847 probi
368 1812 508 1846 parentum
531 1804 717 1844 improborum
729 1806 739 1842 (
749 1815 801 1834 non
816 1804 886 1834 euim
901 1815 948 1834 na-

204 1861 271 1883 turae
280 1875 288 1890 ‚
313 1851 360 1882 sed
383 1850 488 1881 arbitrii
515 1850 585 1878 mala
612 1852 690 1886 sunt)
699 1871 707 1886 ,
734 1856 764 1879 ut
785 1850 828 1879 illi
851 1860 949 1890 puram

207 1899 322 1928 habeant
331 1897 451 1927 laetitiam
459 1919 467 1934 ‚
480 1906 529 1925 nec
541 1895 732 1924 misericordia:
741 1895 770 1924 vi
781 1896 948 1935 frangantur,

206 1944 253 1983 qui
265 1943 322 1973 illis
333 1944 462 1972 fruuntur
475 1940 564 1978 bonis,
575 1940 651 1970 illam
665 1947 729 1970 tunc
743 1941 877 1981 exstingui
886 1952 950 1971 con-

205 1989 296 2030 tingit,
312 1988 418 2029 ipsique
428 1998 490 2017 cum
499 1986 616 2016 Domino
627 1994 718 2016 contra
729 1988 839 2027 propria
848 1988 950 2019 viscera

205 2035 389 2075 indignantur.
401 2032 509 2063 Etenim
522 2032 545 2062 si
559 2042 631 2062 nunc
642 2056 650 2068 ,
664 2043 727 2062 cum
737 2033 829 2063 vident
839 2033 951 2072 quidam

205 2082 277 2111 filios
291 2091 353 2111 suos
363 2079 513 2120 improbos,
529 2079 600 2119 ipsos
613 2079 777 2108 exheredant
788 2087 814 2109 et
825 2080 950 2110 afamilia

205 2129 254 2156 sua
264 2126 435 2162 abscindunt,
449 2124 479 2154 id
488 2125 574 2154 multo
583 2125 670 2165 magis
679 2125 706 2154 in
717 2125 822 2166 judicio
833 2126 947 2158 eveniet.

205 2174 291 2204 Nemo
301 2172 395 2212 igitur,
405 2171 453 2211 qui
466 2171 535 2200 hona
548 2181 601 2200 non
615 2178 752 2212 operetur,
767 2172 873 2212 aliquid
885 2173 950 2202 boni

206 2227 304 2260 speret,
318 2218 423 2248 etiamsi
439 2224 575 2247 sexcentos
597 2219 686 2258 justos
707 2218 891 2258 progenitores
901 2219 950 2248 ha-

111 2286 134 2298 m
159 2276 179 2298 ·.
205 2268 288 2296 beat:
309 2265 513 2304 Unusquisque
531 2267 608 2293 enim
627 2265 743 2305 referet,
762 2263 861 2302 inquit,
884 2275 950 2305 quoe

204 2323 258 2352 per
270 2321 372 2351 corpus
379 2314 457 2345 sunt,
469 2316 555 2348 prout
565 2312 661 2350 gessit,
675 2311 736 2339 sive
755 2311 873 2347 bonum,
889 2312 950 2340 sive

207 2358 328 2387 malum.
351 2355 513 2392 Audiamus,
533 2365 632 2394 quaeso,
654 2362 681 2384 et
701 2355 898 2395 resipiscamus,
919 2356 950 2386 Si

206 2415 295 2445 pravae
318 2402 538 2443 concupiscentiae
565 2402 627 2442 igne
649 2401 760 2439 ardeas,
773 2402 859 2442 cogita
873 2402 950 2432 illius

206 2450 334 2492 supplicii
354 2450 454 2490 ignem,
467 2455 492 2478 ct
505 2449 550 2478 hic
561 2449 631 2488 ignis
652 2449 849 2488 exstinguetur.
866 2449 896 2479 Si
907 2461 952 2479 vo-

206 2497 288 2527 lueris
300 2497 368 2537 quid
381 2496 511 2526 absonum
526 2495 613 2534 loqui,
635 2501 722 2524 tecum
742 2502 836 2535 reputa
858 2495 952 2525 strido—

205 2554 263 2573 rem
273 2543 405 2580 dentium,
420 2549 446 2571 et
465 2549 552 2571 metus
565 2541 615 2570 tibi
625 2541 694 2570 freni
703 2541 762 2571 loco
774 2542 828 2570 erit
835 2554 843 2578 ;
856 2542 879 2571 si
889 2542 949 2571 alie-

207 2597 271 2615 mim
297 2597 388 2625 rapere
410 2586 540 2622 volueris,
562 2584 626 2614 audi
652 2584 777 2615 Judicem
790 2585 947 2615 dicentem:

210 2633 310 2670 Ligate
320 2641 422 2660 manus
437 2638 463 2660 et
476 2632 562 2669 pedes
578 2632 651 2669 ejus,
666 2637 694 2660 et
701 2631 832 2670 projicite
843 2642 907 2661 eum
918 2634 950 2662 in

1007 619 1100 646 μεναι,
1114 607 1234 649 καθάπερ
1246 610 1264 644 ἡ
1277 611 1324 638 τοῦ
1341 607 1482 645 πλουσίου,
1505 607 1552 637 καὶ
1574 607 1781 648 ὀλοφυρώμεθαη,

1005 655 1050 683 καὶ
1067 655 1158 694 μηδεὶς
1173 653 1271 694 ἀκούῃ,
1284 654 1330 684 καὶ
1343 653 1493 694 στένωμεν,
1509 654 1555 685 καὶ
1575 653 1716 694 βρύχωμεν
1727 653 1781 684 ὑπὸ

1004 703 1056 731 τῶν
1069 701 1231 741 ἀλγηδόνων,
1245 700 1291 730 καὶ
1313 699 1406 739 μηδεὶς
1424 701 1545 741 προσέχῃ
1554 722 1562 736 ,
1576 699 1622 730 καὶ
1639 702 1778 740 πανταχοῦ

1004 746 1154 786 βλέπωμεν,
1168 746 1213 776 καὶ
1225 746 1350 786 μηδαμοῦ
1362 745 1455 786 μηδεὶς
1466 748 1480 775 ὁ
1493 745 1730 786 παραμυθούμενος
1744 741 1777 786 ᾖ·

1003 795 1054 823 ποῦ
1074 792 1185 832 τάξομεν
1207 791 1267 825 τοὺς
1286 794 1313 822 ἐν
1334 791 1436 827 τούτοις
1459 792 1550 829 ὄντας
1573 791 1599 821 τί
1623 791 1649 820 δὲ
1672 790 1779 821 ἐκείνων

1004 837 1161 878 ἀθλιώτερον
1177 840 1229 868 τῶν
1243 839 1349 878 ψυχῶν;
1359 837 1387 867 τί
1400 837 1428 868 δὲ
1440 837 1627 877 ἐλεεινότερονς

1043 885 1077 914 Εἰ
1090 884 1118 913 δὲ
1131 885 1168 918 εἷς
1185 883 1366 923 δεσμωτήριον
1382 883 1506 917 εἰσιόντες
1516 906 1524 920 ,
1535 883 1581 912 καὶ
1592 882 1653 917 τοὺς
1666 882 1715 923 μὲν
1729 883 1776 912 αὖ·

1002 931 1127 970 χμῶντας
1141 931 1267 970 ὁρῶντες,
1282 929 1342 964 τοὺς
1362 929 1390 960 δὲ
1408 930 1529 970 σιδηραῖς
1539 929 1650 960 ἁλύσεσι
1668 929 1776 969 δεδεμέ-

1004 987 1076 1013 νους,
1098 975 1158 1009 τοὺς
1180 975 1208 1004 δὲ
1228 976 1316 1016 σκότῳ
1336 975 1622 1015 κατακεὼισμένους,
1637 974 1779 1005 κατακλώ-

1004 1025 1087 1061 μεθα,
1107 1021 1266 1063 φρίττομεν,
1287 1021 1376 1051 πάντα
1400 1021 1554 1062 πράττομεν
1577 1021 1645 1062 ὑπὲρ
1666 1023 1713 1051 τοῦ
1739 1021 1779 1060 μὴ

547 1079 610 1099 cum
630 1067 796 1098 abducemur
816 1067 901 1098 vincti
922 1066 950 1096 in
967 1077 985 1100 Β
1003 1069 1129 1107 ἐμπεσεῖν
1138 1069 1175 1101 εἷς
1185 1067 1310 1103 τοιαύτην
1324 1066 1444 1108 ἀνάγκην
1455 1066 1500 1096 καὶ
1513 1066 1600 1108 θλίψιν
1610 1079 1617 1086 ·
1632 1067 1695 1110 &pv
1709 1068 1778 1097 ἀπα-

1003 1113 1113 1153 γώμεθα
1127 1115 1163 1147 εἰς
1181 1112 1248 1143 αὗτὰ
1261 1112 1295 1142 τὰ
1311 1115 1359 1150 τ’ἦς
1372 1112 1478 1153 γεέννης
1494 1113 1688 1154 βασανιστήρια
1705 1114 1777 1144 δεδε-

1005 1160 1097 1199 μένοι,
1117 1159 1185 1194 τίνες
1204 1159 1333 1199 ἐσόμεθα;
1354 1159 1423 1189 τίδὲ
1441 1159 1593 1200 πράξομενς
1613 1161 1655 1190 Οὐ
1674 1158 1726 1200 γὰρ
1749 1160 1779 1190 ἐκ

1004 1206 1112 1246 σιδήρου
1136 1206 1170 1235 τὰ
1195 1206 1281 1246 δεσμὰ
1308 1207 1411 1242 ἐκεῖνα,
1438 1206 1498 1236 ἀλλ’
1526 1205 1580 1235 ἀπὸ
1610 1205 1692 1246 πυρός
1712 1207 1789 1235 εἰσινι

1003 1252 1127 1282 οὐδέποτε
1139 1252 1322 1291 σὸεννυμένου,
1337 1252 1398 1282 οὐδὲ
1411 1251 1534 1292 ὁμότιμοί
1549 1264 1616 1286 τινες
1629 1254 1654 1282 οἱ
1665 1253 1780 1293 ἐφεστῶ-

1003 1311 1045 1332 τες
1064 1300 1143 1337 ἡμῖν,
1163 1297 1207 1332 οὒς
1228 1297 1273 1327 καὶ
1288 1297 1486 1337 ἐκμειλίξασθαι
1499 1297 1628 1332 πολλάκις
1649 1298 1704 1333 ἔνι,
1719 1299 1777 1327 ἄλλ’

1003 1344 1110 1383 ἄγγελοι
1122 1344 1229 1384 φοὸεροὶ
1241 1343 1286 1374 καὶ
1297 1345 1478 1382 ἀσυμπαθεῖς,
1492 1340 1529 1378 οἷς
1547 1344 1606 1374 οὐδὲ
1622 1343 1781 1385 ἀντιὸλέψαι

1004 1389 1129 1426 δυνατὸν,
1144 1390 1262 1429 σφοδρῶς
1281 1389 1348 1428 ὑπὲρ
1362 1384 1399 1418 ὧν
1420 1389 1465 1421 τὸν
1479 1389 1618 1426 Δεσπόι-ην
1632 1389 1779 1430 ὗὸρίσαμεν

1003 1436 1175 1476 ὀργιζόμενοι.
1196 1436 1256 1465 Οὐκ
1276 1435 1348 1471 ἔστι,
1371 1435 1491 1475 καθάπερ
1512 1436 1636 1472 ἐνταῦθα,
1652 1435 1712 1470 τοὺς
1729 1435 1777 1475 μὲν

1004 1481 1126 1522 ἀργύριον
1135 1503 1143 1518 ,
1157 1481 1217 1515 τοὺς
1230 1482 1258 1511 δὲ
1269 1481 1383 1521 τροφὰς,
1398 1481 1458 1515 τοὺς
1478 1481 1505 1511 δὲ
1523 1481 1616 1521 λόγους
1627 1482 1779 1522 εἰσάγοντας

1004 1527 1218 1568 παρακλητικοὺς
1234 1528 1313 1562 ἰδεῖν,
1333 1528 1378 1557 καὶ
1399 1527 1568 1568 παραμυθίας
1587 1533 1693 1568 τυχεῖν,
1709 1528 1778 1559 ἀλλὰ

968 1579 986 1602 C
1005 1574 1092 1604 πάντα
1106 1575 1160 1603 ἐκεῖ
1175 1573 1357 1613 ἀσύγγνωστα.
1371 1573 1428 1603 Κᾶν
1448 1575 1510 1603 Νῶε
1528 1569 1560 1614 ᾗ,
1575 1573 1624 1603 κᾶν
1637 1573 1713 1612 ’Ῑὼὸ,
1728 1574 1778 1604 κᾶν

1005 1618 1126 1655 Δανιὴλ,
1150 1619 1196 1648 καὶ
1217 1618 1278 1652 τοὺς
1302 1619 1412 1653 οἰκείους
1434 1618 1510 1649 ἴδωσι
1531 1619 1734 1659 κολαζομένους,
1747 1621 1779 1650 οὐ

1004 1667 1123 1704 τολμῶσι
1142 1667 1326 1705 παρᾶστῆναι,
1339 1665 1385 1694 καὶ
1398 1669 1476 1705 χεῖρα
1488 1664 1583 1705 ὀρέξαι.
1597 1665 1651 1695 Καὶ
1664 1665 1715 1707 γὰρ
1728 1665 1778 1703 τὴν

1005 1712 1035 1740 ἐκ
1048 1711 1150 1751 φύσεως
1171 1710 1337 1750 συμπάθειαν
1357 1712 1520 1751 ἀναιρεῖσθαι
1544 1711 1604 1741 τότε
1626 1711 1776 1751 συμὸαίνει.
1811 1709 1813 1711 ’

1004 1756 1115 1793 Ἐπειδὴ
1129 1756 1179 1797 γὰρ
1202 1756 1367 1797 εὑρίσκονται
1385 1756 1482 1787 δίκαιοι
1501 1756 1600 1788 τέκνων
1611 1758 1777 1798 ἁμαρτωλῶν
1789 1763 1795 1768 '

1004 1802 1125 1843 πατέρες,
1139 1802 1184 1833 καὶ
1196 1803 1289 1836 παῖδες
1309 1802 1402 1842 ἀγαθοὶ
1415 1802 1512 1842 γονέων
1531 1805 1652 1844 πονηρῶν
1667 1805 1714 1840 (οὗ
1725 1803 1777 1844 γὰρ

1004 1847 1105 1888 φύσεώς
1117 1849 1198 1883 ἐστιν,
1212 1847 1281 1877 ἀλλὰ
1293 1848 1402 1888 γνώμης
1419 1848 1454 1878 τὰ
1467 1848 1567 1888 κακὰ),
1581 1848 1650 1878 ὥστε
1660 1849 1779 1890 καθαρὰν

1004 1895 1091 1928 αὐτοῖς
1106 1889 1173 1923 εἶναι
1187 1893 1234 1930 τὴν
1255 1894 1431 1934 εὐφροσύνην,
1447 1895 1492 1924 καὶ
1505 1894 1542 1934 μὴ
1558 1897 1592 1935 τῇ
1606 1897 1655 1931 τῆς
1665 1907 1775 1935 συμπα-

1004 1940 1074 1974 θείας
1102 1940 1205 1980 ἀνάγκῃ
1229 1941 1411 1969 κατακλᾶσθαι
1440 1940 1500 1974 τοὺς
1522 1939 1702 1975 ἀπολαύοντας
1722 1943 1775 1971 τῶν

1004 1988 1108 2026 ἀγαθῶν
1128 1985 1251 2023 ἐκείνων,
1271 1985 1316 2014 καὶ
1330 1985 1429 2021 ταύτην
1450 1986 1605 2018 σὸέννυσθαὶ
1627 1985 1686 2016 τότε
1701 1986 1776 2024 ἐστὶ,

1003 2035 1048 2065 καὶ
1062 2034 1155 2068 αὖτοὺς
1169 2038 1374 2074 συναγανακτεῖν
1388 2036 1428 2075 τῷ
1445 2034 1568 2075 Δεσπότῃ
1583 2033 1653 2064 κατὰ
1665 2037 1718 2065 τῶν
1733 2038 1775 2065 οἷ-

968 2090 986 2112 Ι)
1004 2081 1080 2111 κείων
1095 2079 1265 2120 σπλάγχνων.
1280 2081 1315 2110 Εἴ
1329 2079 1380 2120 γὰρ
1401 2079 1445 2109 καὶ
1464 2083 1509 2110 νῦν
1523 2093 1605 2116 τινες,
1623 2081 1684 2111 ὅταν
1699 2081 1776 2112 ἴδωσι

1004 2126 1117 2167 φαύλους
1128 2125 1188 2159 τοὺς
1207 2126 1293 2155 αὐτῶν
1303 2126 1399 2159 παῖδας
1408 2148 1416 2161 ,
1427 2126 1640 2167 ἀποκηρύττουσι
1647 2148 1655 2162 ,
1668 2127 1714 2157 καὶ
1729 2130 1778 2165 τῆς

1004 2171 1155 2212 συγγενείας
1169 2171 1363 2210 ἀποτέμνουσι,
1378 2172 1469 2212 πολλῷ
1483 2173 1584 2212 μᾶλλον
1599 2174 1626 2202 ἐν
1645 2176 1678 2214 τῇ
1692 2173 1777 2214 κρίσει

1003 2222 1080 2249 τοῦτο
1092 2219 1240 2259 γενήσεται.
1255 2220 1403 2259 Τοιγαροῦν
1415 2219 1506 2258 μηδεὶς
1519 2219 1660 2256 ἐλπιζέτω,
1670 2221 1776 2261 χρηστὰ

1004 2265 1041 2304 μὴ
1057 2265 1248 2305 ἐργασάμενος,
1263 2265 1290 2294 τὶ
1303 2265 1434 2305 χρηστὸν,
1448 2265 1497 2295 κᾶν
1516 2265 1624 2306 μυρίους
1637 2267 1686 2307 ἔχῃ
1709 2278 1775 2307 προ-

1002 2311 1093 2351 γόνους
1108 2310 1231 2346 δικαίους.
1251 2311 1386 2345 Ἕκαστος
1399 2311 1450 2352 γὰρ
1470 2312 1624 2351 κομίσεται,
1647 2313 1728 2352 φησὶ,
1742 2314 1776 2343 τὰ

1004 2357 1047 2386 διὰ
1061 2360 1106 2387 τοῦ
1119 2357 1255 2397 σώματος,
1275 2357 1340 2398 πρὸς
1354 2357 1371 2386 ἃ
1383 2356 1509 2397 ἔπραξεν,
1530 2358 1582 2387 εἴτε
1597 2358 1709 2399 ἀγαθὸν,
1723 2359 1777 2389 εἴτε

1003 2403 1093 2433 κακόν.
1109 2403 1284 2443 Ἀκούσωμεν,
1297 2405 1460 2443 παρακαλῶ,
1475 2403 1521 2433 καὶ
1535 2406 1719 2444 σωφρονῶμεν.
1730 2404 1776 2435 Ἂν

1003 2452 1056 2490 πῦρ
1071 2449 1134 2490 ἔχῃς
1148 2449 1287 2488 ἐπιθυμίας
1301 2454 1434 2489 πονηρᾶς,
1447 2449 1569 2486 ἐννόησον
1585 2451 1633 2485 τῆς
1643 2450 1776 2484 κολάσεως

1004 2495 1105 2532 ἐκείνης
1119 2495 1149 2524 τὸ
1168 2498 1233 2535 πῦρ,
1254 2494 1299 2525 καὶ
1312 2497 1389 2524 τοῦτο
1408 2494 1587 2525 κατασὸεσθὲν
1606 2495 1716 2536 οἴχεται.
1729 2496 1776 2526 Ἂν

1006 2542 1135 2581 βουληθῇς
1156 2541 1314 2581 φθέγξασθαί
1331 2553 1358 2570 τι
1376 2542 1429 2570 τῶν
1450 2541 1570 2578 ἀτόπων,
1591 2541 1713 2577 ἐννόησον
1732 2542 1776 2572 τὸν

1006 2586 1122 2626 βρυγμὸν
1136 2588 1188 2615 τῶν
1206 2586 1334 2621 ὀδόντων,
1349 2586 1394 2616 καὶ
1413 2586 1520 2627 χαλινὸς
1539 2586 1614 2616 ἔσται
1633 2599 1674 2616 σοι
1688 2587 1766 2627 φόὸος

1004 2633 1050 2663 Ἂν
1063 2632 1179 2672 ἁρπάσαι
1188 2633 1309 2672 θελήσῃς,
1325 2633 1435 2663 ἄκουσον
1448 2635 1493 2662 τοῦ
1507 2633 1631 2663 δικαστοῦ
1642 2633 1762 2673 λέγοντος
