1890 2826
263 164 328 210 146

597 176 627 200 S.
654 176 796 200 JoANMS
821 175 1006 201 clmvsosr.
1035 176 1191 202 ARCHIEP.
1220 179 1492 205 CONSTANTINOP-

254 238 317 268 beat
329 236 515 268 conscientiam
525 249 560 268 ex
580 239 734 268 necessitate
745 236 876 269 humilem
891 249 897 267 ε
908 239 999 279 justus
1018 242 1038 265 Ι)
1054 239 1177 269 ταπεινὸν
1188 263 1196 277 ,
1224 242 1240 270 ὁ
1266 241 1293 272 δὲ
1320 241 1419 276 δίκαιος
1444 242 1580 283 ἐπαίρεται
1611 244 1822 285 κατορθώμασιν.

223 310 225 312 ,
255 291 345 313 autem
356 284 392 313 ob
398 284 535 314 benefacta
545 284 940 324 extollatur-Quemadmodum
952 284 959 313 i
962 285 1000 325 gi-

255 337 302 360 tur
314 330 344 360 fit
358 331 386 360 in
399 331 516 371 navigiis
530 332 577 371 qui
590 343 704 362 vacuam
714 332 814 362 habent
826 342 933 369 navem,
945 342 998 361 non

256 383 379 407 metuunt
396 378 545 418 piratarum
563 378 716 408 insultum:
731 389 783 410 non
801 379 873 408 enim
887 379 999 408 veniunt

255 429 287 453 nt
299 430 436 454 conterant
449 434 545 454 navem
560 425 629 454 nihil
642 425 783 455 vehentem
797 436 806 455 ι
818 431 846 455 ot
858 424 879 454 ii
893 425 941 463 qui
953 435 999 454 na-

254 479 316 500 vem
330 470 430 500 habent
446 478 578 507 onustam,
592 478 717 502 metuunt
735 472 835 512 piratas
850 484 857 500 :
874 481 936 500 nam
953 470 998 511 pi-

254 522 312 545 rata
322 515 390 545 illuc
400 524 536 556 properat,
550 517 598 546 ubi
612 528 718 549 aurum.
730 517 778 548 ubi
789 524 942 558 argentum,
952 516 998 546 ubi

254 561 359 602 lapides
370 562 479 602 pretiosi
491 574 496 590 :
510 563 549 592 sic
562 570 588 593 et
602 563 726 593 diabolus
739 572 793 594 non
812 564 891 594 facile
901 574 996 604 pecca-

257 614 344 637 torem
356 609 523 648 aggreditur,
534 609 581 639 sed
596 609 702 650 justum
722 610 822 650 potius,
838 610 886 639 ubi
906 609 998 638 multae

254 660 318 684 sunt
338 663 413 694 opes.
430 655 564 692 Quoniam
587 667 658 696 saepe
674 657 829 696 arrogantia
842 667 876 686 ex
893 655 998 686 insidiis

253 701 358 732 diaboli
369 702 466 739 oritur,
483 703 654 742 vigilandum
673 710 721 733 est.
735 705 843 741 Quanto
856 703 941 743 major
957 714 996 740 es,

1052 284 1161 326 “Ώσπερ
1183 283 1227 317 οὖν
1249 288 1294 318 ἐπὶ
1313 290 1366 318 τῶν
1379 289 1489 327 πλοίων,
1511 292 1536 320 οἱ
1556 290 1603 330 μὲν
1616 291 1721 331 ἔχοντες
1749 294 1825 323 κενὸν

1053 332 1154 368 πλοῖον,
1169 334 1198 362 οὐ
1213 333 1346 364 δεδοίκασι
1359 338 1490 376 πειρατῶν
1505 335 1629 376 σύστημα
1640 349 1646 357 ·
1665 340 1694 368 οὐ
1717 339 1768 379 γὰρ
1783 339 1825 380 ἔρ-

1051 389 1144 417 χονται
1158 379 1298 420 διατρῆσαι
1310 381 1341 410 τὸ
1352 382 1443 411 πλοῖον
1456 381 1486 411 τὸ
1500 382 1582 421 μηδὲν
1594 383 1653 424 ἕχον
1666 395 1673 403 ·
1687 387 1711 414 οἳ
1724 385 1752 415 δὲ
1764 386 1827 426 φόρ·

1051 434 1098 452 του
1109 424 1190 464 γέμον
1201 425 1306 466 ἔχοντες
1319 427 1422 464 πλοῖον,
1441 428 1574 458 δεδοίκασι
1585 430 1712 470 πειρατάς
1722 442 1729 450 ·
1747 434 1761 461 ὁ
1773 431 1825 471 γὰρ

1050 470 1178 510 πειρατὴς
1198 472 1252 501 ἐκεῖ
1267 471 1430 513 ἀπέρχεται,
1444 473 1509 503 ὅπου
1530 475 1646 514 χρυσὸς,
1660 475 1726 506 ὅπου
1743 477 1825 517 ἄργυ-

1053 527 1110 554 ρος,
1124 516 1189 546 ὅπου
1201 517 1269 547 λίθοι
1289 518 1373 557 τίμιοι
1385 530 1392 538 ·
1414 518 1483 549 οὕτω
1497 519 1542 550 καὶ
1556 523 1570 550 ὁ
1585 521 1704 556 διάὸολος
1717 524 1766 552 οὐκ
1778 524 1826 552 εὖ·

1050 561 1135 596 κόλως
1149 563 1289 604 ἕπηρεοίζει
1310 567 1349 604 τῷ
1373 566 1523 606 ἁμαρτωλῷ
1535 589 1543 603 ,
1564 567 1633 596 ἀλλὰ
1654 570 1693 608 τῷ
1713 568 1807 609 δικαίῳ
1816 590 1825 604 ,

1051 607 1116 637 ὅπου
1129 610 1241 643 πλοῦτος
1253 609 1345 644 πολύς.
1358 610 1372 628 ‘¹
1381 611 1493 648 Ἐπειδὴ
1507 612 1634 647 πολλάκις
1645 616 1662 650 ἡ
1675 614 1786 644 α’πόνοια
1799 614 1827 650 ἐξ

1051 653 1195 690 ἐπιδουλῆς
1207 659 1257 685 τοῦ
1266 656 1388 693 διαὸόλου
1396 679 1405 694 ,
1416 657 1507 698 νήφειν
1521 659 1672 698 ἀναγκαῖον.
1683 659 1768 691 ’Όσον
1780 660 1827 700 μέ-

1052 711 1100 739 γας
1114 695 1154 736 εἶ,
1164 704 1288 731 τοσοῦτον
1301 702 1426 732 ταπείνου
1446 703 1551 734 σαυτόν.
1566 704 1654 734 Ὅταν
1667 706 1767 746 ἀναθῇς
1790 709 1830 741 εἰς»

253 753 328 777 tanto
345 748 432 788 magis
443 748 564 789 deprime
579 750 704 790 teipsum.
718 751 788 780 Cum
801 749 952 779 ascenderis
971 749 999 777 in
1014 755 1036 781 Ε
1051 745 1082 775 τὸ
1093 745 1156 787 ὕψος
1166 769 1174 783 ,
1189 748 1381 788 ἀσφαλισθῆναι
1394 748 1487 789 χρείαν
1507 749 1593 791 ἔχεις,
1612 750 1655 780 ἵνα
1678 751 1715 790 μὴ
1729 751 1823 793 πέσῃς.

255 794 352 831 altum,
361 804 430 834 opus
439 802 478 824 est
491 802 520 825 ut
529 795 579 825 tibi
590 796 740 836 prospicias
750 806 783 825 ne
793 795 881 825 cadas.
894 797 999 833 Quam-

104 843 245 872 I-uc-17-10·
255 840 348 870 obrem
374 847 400 870 et
420 841 553 871 Dominus
580 849 668 872 noster
694 842 760 872 dicit
778 854 784 871 :
803 843 877 872 Cum
900 843 1000 871 omnia

247 886 394 926 feceritis,
415 888 504 917 dicite
522 900 530 917 .·
548 889 675 918 Inutiles
694 891 769 919 servi
794 898 904 918 sumus.
924 887 997 925 Quid

253 932 357 962 efferris
369 933 459 963 animo
469 944 530 963 num
544 935 581 964 sis
594 935 822 975 homo,cognatus
835 935 999 974 terrae,ejus·

253 978 317 1008 dem
329 979 484 1009 substantiae
497 990 560 1009 cum
571 980 671 1017 cinere,
683 987 741 1010 tum
751 987 857 1018 natura,
869 988 926 1010 tum
942 981 997 1009 ani-

254 1036 310 1064 mo,
317 1032 375 1055 tum
387 1026 521 1056 actionum
532 1026 638 1056 delectu
646 1027 660 1056 Ξ)
670 1027 759 1058 Hodie
769 1027 858 1065 dives,
868 1038 925 1057 cras
935 1038 998 1067 pau-

1051 791 1100 821 Διὸ
1118 792 1163 822 καὶ
1176 795 1191 822 ὁ
1205 793 1302 833 Κύριος
1318 796 1395 834 ἡμῶν
1418 794 1508 834 λέγει·
1530 795 1617 826 ’Όταν
1636 796 1724 827 πάντα
1745 798 1826 835 ποιή-

1052 849 1115 874 σητε
1127 861 1136 872 ,
1160 838 1251 878 λέγετε
1261 860 1269 875 ,
1293 839 1334 869 ὅτι
1357 842 1459 880 ἀχρεῖοι
1473 841 1561 871 δοῦλοί
1577 843 1668 881 ἐσμεν.
1683 846 1695 860 ⁸
1707 842 1746 874 Τί·
1756 844 1825 884 μέγα

1051 888 1168 923 φρονεῖς,
1183 884 1318 925 ἄνθρωπος
1339 885 1385 923 ὢν,
1399 889 1447 922 τῆς
1468 889 1517 926 γῆς
1532 888 1675 928 συγγενὴς,
1689 889 1826 929 ὁμοούσιος

1050 931 1086 969 τῇ
1104 929 1203 970 τέφρᾳ,
1217 930 1244 960 ἔν
1257 942 1286 960 τε
1307 934 1339 971 τῇ
1355 931 1448 972 φύσει,
1463 932 1491 961 ἔν
1503 945 1533 962 τε
1547 936 1580 974 τῇ
1595 934 1708 975 γνώμῃ,
1723 935 1769 965 καὶ
1791 939 1825 977 τῇ

1051 975 1203 1015 προαιρέσει
1223 978 1276 1006 τῶν
1289 978 1453 1017 πραγμάτων
1465 991 1473 1015 ;
1487 979 1610 1020 Σήμερον
1623 981 1763 1019 πλούσιος,
1778 982 1826 1012 αὗ·

1053 1031 1107 1060 ριον
1125 1026 1206 1057 πένης
1218 1034 1224 1040 ·
1239 1022 1354 1063 σήμερον
1369 1024 1501 1063 ὑγιαίνων,
1525 1025 1614 1065 αὔριον
1624 1029 1707 1056 νοσῶν
1722 1039 1728 1046 ·
1741 1027 1825 1067 σήμε-

253 1083 303 1112 per
308 1084 317 1110 3
333 1072 415 1102 hodie
422 1082 578 1110 sanus,cras
587 1080 719 1113 aegrotus;
734 1073 998 1113 hodiegaudes,cras
1011 1085 1045 1104 ιιι
1054 1078 1096 1106 90⁹
1118 1066 1228 1107 χαίρων,
1252 1068 1341 1108 αὔριον
1366 1069 1528 1109 λυπούμενος
1540 1082 1547 1089 ·
1563 1071 1679 1112 σῆμὶρῦν
1703 1074 1731 1102 ἕν
1746 1072 1824 1113 δόξῃ,

252 1118 345 1153 doles5
358 1117 440 1148 hodie
459 1119 488 1148 in
511 1119 607 1158 gloria,
623 1130 681 1149 cras
694 1120 722 1149 in
736 1120 901 1160 ignominia3
917 1119 998 1149 hodie
1018 1114 1038 1136 A
1052 1111 1142 1151 αὔριον
1165 1114 1192 1142 ἐν
1217 1113 1311 1154 dnus?
1323 1126 1330 1132 '
1352 1114 1467 1155 σήμερον
1491 1117 1518 1145 ἕν
1540 1116 1664 1154 νεότητι,
1686 1118 1775 1158 αὔριον
1797 1120 1825 1148 ἕν

251 1164 370 1205 juvenis,
387 1176 445 1195 cras
458 1176 550 1195 senex.
565 1167 638 1196 Num
651 1167 757 1206 aliquid
770 1167 798 1196 in
812 1168 892 1196 rebus
906 1167 998 1196 huma—

254 1211 297 1240 nis
310 1211 442 1249 consistit,
460 1222 491 1240 ac
509 1221 561 1241 non
575 1212 665 1252 potius
680 1213 799 1242 amnium
811 1214 997 1253 praeterfluen—

253 1257 323 1287 tium
337 1269 447 1291 cursum
461 1258 600 1288 imitantur
614 1259 726 1288 omnia?
740 1261 809 1289 Nam
823 1260 905 1289 simul
919 1266 998 1299 atque

253 1311 448 1344 apparuerunt,
456 1305 536 1334 citius
549 1315 597 1334 nos
611 1316 692 1345 quam
705 1306 803 1335 umbra
818 1307 973 1346 relinquunt
984 1306 998 1335 3’

255 1349 332 1388 Quid
345 1350 429 1390 igitur
442 1351 527 1380 altum
541 1351 721 1391 sapis,homo,
733 1352 824 1381 fumus
837 1359 862 1382 et
874 1352 999 1383 vanitas?

106 1404 173 1427 Psnl.
194 1400 245 1432 ¹43·
257 1397 354 1426 Homo
375 1397 446 1426 enim
456 1399 588 1427 vanitati
605 1398 819 1438 similissactus
834 1405 887 1428 est.
901 1399 1001 1428 Veluti

105 1434 166 1490 isssal
193 1443 369 1489 102.soe'²¹¹m
384 1444 445 1473 dies
463 1445 536 1483 ejus.
550 1445 680 1474 Exaruit
689 1455 819 1484 gramen,
831 1451 859 1473 et
861 1445 926 1487 flos
939 1446 1002 1485 ejus

108 1499 145 1521 15.
167 1483 173 1489 '
258 1489 377 1519 decidit.
387 1490 450 1519 Haec
462 1489 524 1519 dico
537 1500 589 1519 non
604 1497 634 1519 ut
653 1491 829 1520 substantiam
841 1491 1000 1531 deprimam,

107 1527 249 1583 lfflxssj-
258 1534 306 1564 sed
327 1542 357 1564 ut
373 1536 552 1575 arrogantiam
574 1537 715 1566 refrenem.
739 1537 850 1576 Alioqui
864 1545 890 1567 et
904 1547 1001 1576 magna

108 1592 166 1613 dotis
205 1599 250 1614 non
258 1591 301 1610 res
313 1588 351 1610 est
363 1581 455 1618 homo,
464 1589 489 1611 et
502 1582 619 1622 pretiosa
640 1593 683 1612 res
698 1583 742 1613 vir
756 1583 917 1613 misericors.
942 1585 1001 1614 Ve-

106 1630 250 1676 gzfflt’ffl'effi-
258 1637 320 1657 rum
334 1628 379 1657 hic
391 1628 471 1658 Ozias
481 1639 543 1657 cum
552 1634 619 1658 esset
627 1639 675 1657 rex
683 1628 833 1658 diademate
851 1630 1002 1665 redimitus,

106 1687 220 1713 gnitatem,
248 1674 387 1713 >quoniam
399 1681 456 1704 erat
459 1675 651 1715 justus,elatus
658 1682 697 1704 est
707 1675 835 1712 animo,et
841 1677 940 1716 majore
947 1676 1001 1716 spi-

257 1721 313 1750 ritu
335 1728 462 1761 concepto
481 1732 563 1760 quam
582 1731 632 1761 pro
651 1721 792 1761 dignitate,
809 1722 943 1761 ingressus
962 1729 1002 1751 est

256 1767 399 1807 templum*
418 1768 454 1798 Et
467 1768 532 1807 quid
547 1768 612 1797 dicit
626 1768 784 1807 Scriptura?
796 1770 948 1809 Ingressus
959 1775 1001 1798 est

255 1820 360 1842 sancta
373 1821 551 1851 sanctorum,
563 1817 674 1853 aitque,
687 1814 762 1843 Volo
777 1814 894 1844 adolere
905 1817 1002 1845 incen-

254 1869 329 1889 sum.
346 1861 406 1890 Rex
419 1871 482 1890 cum
495 1861 540 1898 sit,
556 1859 696 1889 sacerdotii
717 1860 900 1900 principatum
919 1873 998 1892 usur—

255 1913 311 1946 pat.
329 1907 415 1944 Volo,
433 1907 532 1946 inquit,
555 1907 675 1935 adolere
699 1909 858 1944 incensum,
873 1910 937 1948 quia
952 1910 998 1950 ju-

255 1961 314 1983 stus
326 1964 398 1983 sum.
414 1954 468 1984 Sed
482 1964 559 1983 mane
572 1954 641 1982 intra
651 1960 712 1983 tuos
727 1954 852 1984 terminos
861 1968 867 1984 :
876 1957 923 1986 alii
937 1965 1000 1987 sunt

254 2001 362 2030 termini
376 2002 462 2040 regni,
477 2000 525 2029 alii
539 2000 646 2029 termini
661 2000 801 2030 sacerdotii
818 2013 824 2030 e
841 2013 935 2032 verum
948 2004 999 2034 hoc

248 2047 305 2076 <illo
318 2047 406 2087 majus
420 2054 470 2076 est.
486 2048 580 2085 Neque
592 2047 664 2075 enim
683 2058 718 2077 ex
730 2047 773 2077 his
794 2059 853 2087 quae
874 2050 999 2080 videntur

255 2094 301 2123 hic
312 2093 463 2123 declaratur
475 2104 534 2130 rex,
543 2103 628 2132 neque
640 2103 655 2122 e
668 2094 779 2133 gemmis
793 2094 834 2123 illi
847 2096 945 2133 affixis,
954 2108 999 2126 ne-

256 2152 309 2180 que
321 2152 355 2170 cx
369 2151 435 2170 auro
448 2151 502 2180 quo
516 2141 629 2170 amictus
642 2147 691 2178 est,
707 2140 786 2170 debet
799 2143 924 2173 aestimari
939 2156 996 2174 rex.

254 2188 307 2217 Ille
321 2188 431 2226 quidem
443 2198 472 2217 ca
487 2198 546 2227 quae
560 2193 622 2216 sunt
639 2187 666 2216 in
681 2187 760 2217 terris
774 2189 885 2218 sortitus
898 2198 936 2220 est
949 2191 997 2221 ad-

255 2233 431 2263 ministranda
450 2246 456 2262 :
472 2241 596 2263 caeterum
617 2233 758 2263 sacerdotii
775 2234 821 2273 jus
841 2246 856 2264 e
875 2238 998 2276 supernis

256 2281 392 2311 descendit
407 2294 414 2310 ι
433 2282 627 2322 Quoecumque
639 2283 717 2310 enim
735 2281 895 2321 ligaveritis
914 2294 1000 2324 super

255 2335 375 2366 terram,
391 2335 476 2357 erunt
494 2328 587 2368 ligata
607 2335 636 2356 et
653 2330 686 2356 in
705 2328 786 2357 coelo.
800 2329 867 2368 Regi
889 2341 918 2359 ea
938 2342 998 2369 quae

256 2374 302 2404 hic
313 2382 387 2412 sunt,
396 2374 538 2404 commissa
549 2374 692 2409 sum‚mihi
705 2374 818 2404 caelestia
831 2386 837 2402 :
855 2375 923 2406 mihi
936 2388 997 2408 cun]

254 2420 328 2459 dico,
343 2420 506 2451 sacerdotem
517 2420 649 2460 intelligo.
662 2422 755 2460 Itaque
767 2432 829 2451 cum
842 2421 943 2453 videris
956 2434 997 2453 sa-

106 1785 128 1800 2.
145 1779 229 1802 Parni.

106 1810 143 1832 26.
157 1810 191 1832 16.

106 2249 190 2271 Manli.
209 2248 243 2271 16Δ

107 2287 143 2310 ¹9·

286 2513 301 2532 d
318 2513 390 2538 Unus
401 2514 476 2542 ἐπειδὴ
490 2514 516 2542 ἐξ
525 2515 628 2542 ἀπονοίας
639 2515 669 2539 τὰ
681 2515 841 2547 ἁμαρτήματα
852 2516 965 2546 τίκτεται,
979 2518 1015 2542 διὰ

255 2556 322 2579 τοῦτο
332 2558 406 2587 νήφειν
415 2556 544 2584 ἀναγκαῖον.

305 2596 330 2618 Τι’
341 2591 410 2618 deest
427 2592 452 2616 in
468 2590 545 2616 trihus
555 2591 613 2615 Mss.

1021 1571 1038 1593 B

1051 1157 1132 1198 γήρᾳ.
1152 1158 1200 1194 Μὴ
1222 1158 1329 1189 ἵσταταί
1349 1172 1376 1189 τι
1391 1163 1443 1190 τῶν
1461 1162 1640 1202 ἀνθρωπίνων,
1653 1164 1713 1193 ἀλλ’
1734 1164 1825 1205 ὥσπερ

1050 1205 1103 1232 τῶν
1114 1204 1250 1243 ποταμίων
1266 1205 1402 1245 ῥευμάτιον
1415 1211 1536 1246 μιμεῖται
1548 1208 1592 1238 τὸν
1607 1209 1721 1248 δρόμον,
1737 1210 1824 1250 Ὁμοῦ

1050 1260 1080 1278 τε
1093 1248 1145 1289 γὰρ
1159 1250 1242 1290 ἐφάνη
1250 1273 1259 1286 ‚
1273 1253 1284 1266 ²
1295 1251 1340 1280 καὶ
1353 1257 1430 1285 σκιᾶς
1442 1252 1588 1293 ταχύτερον
1601 1256 1673 1293 ἡμᾶς
1690 1257 1825 1295 καταλιμ-

1051 1295 1140 1324 πάνει.
1157 1296 1193 1325 Τί
1210 1291 1255 1325 οὖν
1270 1297 1339 1336 μέγα
1360 1303 1474 1338 φρονεῖς,
1490 1299 1626 1340 ἄνθρωπε,
1645 1303 1659 1330 ὁ
1677 1302 1793 1337 καπνὸς,
1806 1305 1823 1338 ἡ

1053 1342 1216 1380 ματαιότης,
1245 1342 1394 1383 Ἄνθρωπος
1420 1344 1471 1385 γὰρ
1502 1346 1660 1384 ματαιότητι
1686 1348 1823 1386 ὡμοιώθη.

1053 1387 1128 1416 Ὡσεὶ
1147 1388 1241 1428 χόρτος
1251 1390 1291 1418 »αἱ
1314 1389 1413 1429 ἡμέραι
1427 1391 1516 1421 αὐτοῦ.
1529 1391 1677 1433 Ἐξηράνθη
1689 1396 1704 1423 ὁ
1716 1393 1812 1434 χόρτος
1821 1416 1830 1431 ,

1054 1433 1100 1463 καὶ
1111 1434 1141 1463 τὸ
1156 1434 1231 1468 ἄνθος
1245 1436 1324 1465 αὐτοῦ
1336 1435 1452 1470 ἐξέπεσε.
1468 1438 1562 1467 Ταῦτα
1571 1439 1641 1479 λέγω
1649 1463 1658 1477 ,
1669 1442 1720 1481 οὐχ
1732 1443 1768 1474 ὡς
1780 1441 1829 1478 τὴν

1054 1479 1145 1509 οὐσίαν
1159 1480 1334 1519 ἐξευτελίζων,
1350 1481 1419 1511 ἀλλὰ
1432 1482 1480 1519 τὴν
1492 1483 1618 1515 ἀπόνοιαν
1631 1487 1758 1526 χαλινῶν.
1774 1488 1830 1517 Καὶ

1055 1525 1106 1566 γὰρ
1121 1525 1190 1565 μέγα
1204 1526 1354 1567 ἅνθρωπος,
1371 1529 1416 1558 καὶ
1430 1528 1518 1567 τίμιον
1532 1530 1598 1570 ἀνὴρ
1613 1532 1744 1571 ἐλεήμων.
1759 1533 1829 1563 Ἀλλ’

1055 1573 1070 1600 ὁ
1082 1572 1172 1605 Ὀζίας
1185 1568 1260 1606 οὗτος
1275 1572 1398 1612 βασιλεὺς
1410 1573 1459 1611 ὧν,
1471 1574 1517 1604 καὶ
1533 1575 1565 1604 τὸ
1579 1576 1695 1616 διάδημα
1710 1578 1831 1618 περικεί-

1056 1629 1132 1655 μενος
1143 1641 1151 1654 ,
1169 1618 1261 1654 ἕπε’δὴ
1277 1618 1376 1652 δίκαιος
1393 1615 1434 1656 ἦν,
1451 1619 1580 1660 ἐφρόνησέ
1599 1634 1664 1652 ποτε
1685 1623 1753 1663 μέγα
1764 1646 1772 1660 ,
1786 1625 1832 1654 καὶ

1055 1663 1188 1703 φρονήσας
1202 1663 1272 1703 μέγα
1286 1664 1331 1693 καὶ
1345 1667 1432 1703 μεῖζον
1447 1668 1494 1702 τῆς
1508 1665 1581 1700 ἀξίας
1592 1689 1600 1704 ,
1615 1669 1735 1704 εἰσῆλθεν
1749 1671 1786 1704 εἰς
1800 1670 1831 1700 τὸ

1054 1710 1132 1750 ἱερόν.
1148 1709 1201 1739 Καὶ
1212 1711 1238 1739 τί
1252 1722 1330 1750 φησιν
1341 1722 1349 1747 ;
1365 1711 1494 1747 Εἰσῆλθεν
1506 1713 1543 1746 εἰς
1555 1712 1590 1742 τὰ
1601 1713 1664 1754 ἅγια
1674 1717 1728 1744 τῶν
1738 1716 1830 1755 ἁγίων,

1054 1756 1099 1784 καὶ
1110 1755 1190 1795 λέγει,
1211 1756 1340 1796 βούλομαι
1354 1759 1490 1796 θυμιᾶσαι.
1502 1759 1631 1794 Βασιλεὺς
1642 1759 1680 1790 ὢν
1689 1761 1831 1802 ἱερωσύνης

1044 1802 1139 1842 -ἀρχὴν
1152 1802 1273 1842 ἁρπάζει.
1285 1802 1430 1842 Βούλομαι,
1442 1803 1516 1843 φησὶ,
1531 1808 1668 1844 θυμιᾶσαι,
1682 1808 1773 1845 ἐπειδὴ
1788 1809 1829 1838 δί-

1053 1850 1126 1882 καιός
1136 1848 1283 1887 εἷμι.Ἀλλὰ
1294 1848 1356 1888 μένε
1367 1849 1420 1879 ἔσω
1428 1852 1480 1879 τῶν
1486 1851 1591 1881 οἰκείων
1601 1852 1668 1891 ὅρων
1677 1865 1684 1871 ·
1691 1853 1767 1884 ἄλλοι
1774 1853 1830 1894 ὅροι

1054 1894 1198 1934 βασιλείας,
1208 1894 1254 1924 καὶ
1264 1894 1340 1924 ἄλλοι
1349 1895 1405 1934 ὅροι
1416 1895 1559 1935 ἱερωσύνης
1567 1908 1574 1915 ·
1584 1899 1643 1927 ἀλλ’
1654 1900 1721 1935 αὕτη
1733 1899 1829 1939 μείζων

1045 1940 1166 1977 ἐκείνης.
1186 1942 1228 1971 Οὐ
1241 1940 1293 1981 γὰρ
1307 1941 1359 1971 ἀπὸ
1372 1943 1424 1970 τῶν
1440 1943 1603 1982 φαινομένων
1617 1945 1738 1985 φαίνεται
1753 1948 1828 1986 βασι-

1052 1986 1111 2020 λεὺς
1120 2008 1128 2022 ,
1143 1986 1202 2016 οὐδὲ
1215 1987 1268 2017 ἀπὸ
1285 1987 1530 2027 τῶν-πεπηγμένων
1542 1990 1615 2030 αὔτῷ
1627 1991 1718 2028 λίθων,
1731 1992 1777 2022 καὶ
1791 1988 1828 2022 ὧν

1053 2032 1202 2072 περίκειται
1224 2033 1354 2074 χρυσίων,
1377 2034 1477 2074 ὀφείλει
1498 2035 1633 2075 κρίνεσθαι
1654 2039 1668 2066 ὃ
1693 2037 1826 2077 βασιλεύς.

1054 2075 1139 2112 Οῧτος
1154 2079 1202 2118 μὲν
1215 2079 1266 2119 γὰρ
1280 2078 1314 2108 τὰ
1332 2079 1383 2110 ἐπὶ.
1391 2082 1438 2115 τῆς
1452 2082 1501 2119 γῆς
1521 2080 1616 2122 ἔλαχεν
1629 2084 1775 2123 οἰκονομεῖν
1785 2097 1792 2103 ·
1812 2087 1827 2114 ὁ

1053 2124 1080 2154 δὲ
1093 2127 1141 2161 τῆς
1154 2125 1296 2166 ἱερωσύνης
1310 2124 1405 2165 θεσμὸς
1424 2126 1478 2156 ἄνω
1491 2127 1616 2163 κάθηται.
1629 2128 1703 2159 “oca
1724 2130 1756 2159 ἃν
1778 2130 1827 2166 δή-

1053 2185 1117 2210 σητε
1133 2174 1178 2203 ἐπὶ
1197 2176 1244 2210 τῆς
1256 2176 1305 2213 γῆς
1316 2197 1323 2211 ,
1339 2174 1414 2204 ἔσται
1427 2175 1554 2215 δεδεμένα
1568 2178 1595 2206 ἐν
1610 2179 1647 2218 τῷ
1662 2179 1774 2219 οὖρανῷ.
1791 2178 1826 2209 Ὁ

1054 2223 1176 2264 βασιλεὺς
1195 2225 1229 2255 τὰ
1251 2226 1363 2254 ἐνταῦθα
1376 2225 1567 2265 πεπίστωται,
1581 2227 1635 2267 ἐγὼ
1653 2229 1687 2258 τὰ
1700 2229 1808 2269 οὐράνια
1818 2241 1825 2248 ·

1052 2273 1105 2313 ἐγὼ
1128 2274 1189 2303 ὅταν
1211 2274 1295 2311 εἴπω,
1320 2274 1364 2304 τὸν
1379 2275 1450 2316 ἱερέα
1472 2276 1554 2317 λέγω.
1570 2278 1617 2315 Μὴ
1640 2275 1694 2316 οὖν,
1717 2279 1749 2309 ἂν
1767 2280 1826 2321 ἴδῃς

1051 2324 1124 2365 ἱερέα
1145 2325 1260 2362 ἀνάξιον,
1286 2325 1335 2362 τὴν
1355 2327 1500 2367 ἱερωσύνην
1521 2328 1647 2359 διᾶὅαλε·
1672 2331 1702 2359 οὗ
1722 2330 1774 2371 γὰρ
1795 2330 1826 2360 τὸ

1052 2381 1164 2416 πρᾶγμα
1181 2376 1316 2406 διαὸαλεῖν
1329 2377 1384 2414 δεῖ,
1398 2378 1468 2408 ἀλλὰ
1482 2379 1525 2408 τὸν
1537 2382 1625 2414 κακῶς
1641 2382 1680 2420 τῷ
1691 2382 1766 2420 καλῷ
1779 2393 1825 2410 κε-

1052 2426 1185 2467 χρημένον
1198 2439 1205 2446 ·
1220 2427 1278 2457 ἐπεὶ
1289 2427 1333 2457 καὶ
1347 2430 1361 2457 ὁ
1375 2428 1476 2463 Ἰούδας
1487 2430 1617 2470 προδότης
1633 2431 1749 2469 ἐγένετο,
1765 2433 1824 2462 ἀλλ’

1097 2523 1108 2535 ⁸
1125 2517 1188 2542 Tres
1207 2517 1266 2543 Mss.
1283 2521 1320 2545 καὶ
1342 2525 1403 2549 σκιᾶς
1419 2522 1577 2555 &nomi-:pov-
1588 2520 1659 2546 Infra
1677 2521 1753 2547 iidem
1773 2526 1824 2550 ὡσεὶ

1064 2560 1145 2585 καπνὸς
1154 2560 1176 2582 αἱ
1185 2560 1228 2589 ἠμ.
1242 2563 1267 2582 et
1279 2558 1314 2583 sic
1326 2557 1419 2592 legerat
1431 2559 1556 2592 Erasmus,
1571 2561 1614 2593 qui
1624 2567 1743 2595 verterat,
1754 2563 1824 2587 velut

1053 2594 1149 2626 snmus
1160 2595 1212 2619 dies
1224 2595 1285 2628 ejus,
