1890 2826
99 2393 184 2415 nauh,
201 2392 236 2418 18.

272 185 344 222 226
366 233 371 236 Ι
604 200 634 223 S.
662 195 804 225 soumis
829 200 1014 226 cthSOST.
1044 194 1200 228 ARC'fflEP.
1221 206 1495 232 CONSTANTINOP.

268 259 302 288 iis
315 258 434 296 timeam,
448 259 496 300 qui
507 260 577 290 male
591 260 717 298 audiunt,
729 261 779 297 sed,
788 261 823 292 iis
833 262 880 302 qui
899 263 1016 293 maledi-

268 312 342 334 cunt.
366 306 436 335 Nam
455 306 504 344 qui
525 307 595 336 male
617 306 723 337 audivit
742 307 817 337 nulla
841 309 1014 347 contumelia,

268 361 355 390 neque
364 351 463 382 damno
476 360 514 383 est
525 353 636 383 affectus
642 365 651 393 3
666 353 714 383 sed
723 354 745 383 si
755 354 822 384 falsa
833 355 897 392 sint,
908 366 968 395 quae
981 355 1016 385 do

267 396 317 426 illo
326 396 466 436 dicuntur,
480 399 560 428 etiam
578 399 728 429 mercedem
746 400 843 430 referet
858 413 864 430 ι
881 401 923 430 sin
937 412 1012 437 vera,

267 452 301 472 ne
310 443 349 473 sic
363 444 474 481 quidem
488 445 621 475 accusatio
634 452 680 475 tua
693 452 782 476 notam
803 445 956 486 ignominiae
969 448 1012 477 ul-

266 489 322 520 lam
346 491 452 522 inussit.
477 494 570 532 Neque
584 493 656 523 enim
677 493 865 535 ex'vituperio
885 501 932 524 tuo
947 488 1011 525 'tum

263 538 351 579 judex
362 539 389 569 in
401 541 481 570 illum
506 542 661 571 sententiam
683 542 756 573 seret.
782 542 864 580 Quod
877 542 900 573 si
911 543 1011 572 miru'm

265 585 334 624 quid
345 593 371 616 et
383 586 521 617 insolitum
539 587 684 618 dicendum
697 595 747 627 est,
769 589 917 619 maximum
932 589 1011 619 etiam

265 638 397 670 quaestum
404 633 493 670 faciet,
503 633 526 662 si
533 633 654 664 convicia
665 635 797 675 patienter
808 635 886 672 ferat,
901 643 932 666 ut
946 636 1011 665 fecit

1067 266 1190 301 ἀκούσας,
1209 267 1283 297 οὐδὲν
1302 268 1475 308 ἐπηρέασται,
1498 269 1558 300 οὐδὲ
1575 271 1678 309 ἒὸλᾶὅη
1698 284 1704 291 ·
1725 273 1783 303 ἀλλ’
1806 273 1838 304 ἂν

1067 311 1114 350 μὲν
1130 313 1212 351 ψευδῆ
1235 309 1253 353 ᾗ
1275 314 1308 343 τὰ
1326 314 1387 354 περὶ
1406 315 1487 345 αὐτοῦ
1505 316 1649 356 λεγόμενα,
1675 318 1721 352 καὶ
1744 320 1837 358 μισθὸν

1065 357 1121 397 ἔχει
1140 368 1147 374 ·
1167 358 1198 388 ἂν
1225 358 1253 388 δὲ
1274 360 1371 397 ἀληθῆ,
1393 355 1467 390 οὐδὲν
1488 361 1548 391 οὐδὲ
1572 362 1655 398 οὕτως
1674 365 1839 405 ἐπηρέασται

1064 402 1138 444 παρὰ
1157 404 1206 440 τὴν
1227 404 1276 441 σὴν
1294 406 1466 447 κατηγορίαν.
1486 407 1558 438 Οὐδὲ
1575 408 1626 449 γὰρ
1647 409 1700 440 ἀπὸ
1719 413 1768 450 τῆς
1789 413 1839 447 σῆς

1063 449 1194 489 λοιδορίας
1212 451 1279 481 οἴσει
1293 451 1353 487 τότε
1366 451 1415 488 τὴν
1437 453 1525 493 ψῆφον
1541 455 1614 494 αὐτῷ
1633 456 1648 484 6
1661 455 1785 490 δικάζων.
1801 457 1836 487 Εἰ

1063 494 1091 524 δὲ
1104 495 1158 535 χρή
1171 507 1197 525 τι
1211 497 1256 526 καὶ
1268 498 1420 536 θαυμαστὸν
1433 500 1527 540 εἰπεῖν,
1541 500 1586 529 καὶ
1599 500 1633 530 τὰ
1647 500 1762 541 μέγιστα
1770 514 1836 542 κερ·

1063 541 1135 570 emt
1150 542 1275 580 γενναίως
1294 543 1380 583 φέρων
1401 544 1451 582 τὴν
1470 546 1654 586 βλασφημίαν,
1676 547 1768 588 ὥσπερ
1791 544 1836 580 οὖν

1062 586 1107 615 καὶ
1116 589 1130 616 6
1138 587 1255 625 τελώνης
1267 600 1274 608 ·
1287 591 1302 622 6
1313 588 1341 619 δὲ
1354 591 1442 624 κακῶς
1455 590 1549 631 λέγων,
1565 592 1596 626 ἄν
1610 604 1640 622 τε
1650 593 1736 630 ἀληθῆ
1742 596 1836 628 ,κακῶς

1062 631 1124 671 εἴπῃ
1139 632 1183 661 τὸν
1197 633 1319 672 πλησίον,
1333 634 1368 664 τὰ
1382 635 1495 675 μέγιστα
1505 637 1640 674 ἠδίκητατ.
1659 638 1712 669 Καὶ
1725 639 1766 669 ὅτι
1785 640 1834 679 μὲν

264 677 426 717 publicanus
437 686 479 708 :at
490 679 513 710 is
526 680 573 719 qui
586 680 734 718 maledicit,
751 692 798 711 seu
811 692 875 712 vera
887 681 949 718 sint,
963 693 1010 712 seu
1026 679 1045 702 Β
1061 679 1075 707 ὁ
1088 681 1257 719 συκοφαντῶν
1272 681 1420 719 ἀπόλωλεν,
1433 683 1494 713 οῦδὲ
1507 683 1664 719 ἀποδείξεως
1675 685 1755 726 χρεία
1768 697 1775 705 ·
1790 686 1833 716 ὅτι

264 723 343 761 falsa,
357 735 416 764 quae
430 725 457 754 in
471 726 628 765 proximum
641 727 750 768 conjicit
765 727 1011 760 maledictamaxi-

263 779 310 799 mo
331 769 430 800 damno
452 771 579 802 afficitur.
602 774 638 802 Et
659 773 878 803 calumniatorem
899 773 1010 813 quidem

262 815 385 854 periisse,
397 817 474 847 nulla
485 825 524 848 est
537 829 605 860 opus
625 818 849 849 demonstratione
863 832 869 848 :
881 820 934 850 sihi
946 831 1010 850 vero

262 860 343 890 illum
354 862 463 901 gravius
472 863 609 904 judicium
619 875 765 903 accersere,
774 865 839 895 licet
850 876 913 896 vera
927 865 1012 904 dicat3

261 905 330 936 dum
342 907 464 938 miserias
486 910 604 949 proximi
623 910 759 951 divulgat,
773 917 800 940 et
821 911 1009 943 scandalorum

261 962 369 982 causam
382 953 494 994 praebet,
505 955 631 987 omnibus
642 966 672 985 ea
685 956 822 996 detegens,
842 967 901 996 quae
914 959 1012 988 occul-

259 1000 341 1030 tanda
353 1002 468 1039 fuerant,
481 1009 506 1032 et
518 1002 636 1043 proximi
647 1010 755 1043 peccata
768 1003 905 1043 praedicat,
919 1006 1007 1035 omni-

258 1046 310 1076 bus
333 1048 426 1087 utique
452 1049 623 1079 manifestum
645 1056 694 1079 est.
717 1051 787 1080 Nam
804 1050 827 1080 si
848 1051 896 1089 qui
920 1061 1008 1081 unum

257 1094 492 1129 scandalizaverit,
514 1095 683 1126 inevitabiles
702 1106 794 1137 poenas
812 1096 899 1135 dabit,
916 1097 939 1127 is
960 1097 1007 1137 qui

1061 722 1098 760 δὲ,
1120 723 1169 753 κᾶν
1189 726 1277 762 ἀληθῆ
1290 726 1366 765 λέγῃ,
1387 727 1580 768 φορτικώτερον
1603 732 1690 771 ἑαυτῷ
1710 735 1782 761 ποιεῖ
1801 732 1833 763 τὸ

1059 769 1239 810 δικαστήριον,
1250 772 1426 812 ἐτι-πομπεύων
1438 773 1485 807 τὰς
1498 777 1544 804 τοῦ
1558 776 1672 812 πλησίον
1686 777 1840 818 συμφορὰς,.

1059 815 1105 844 καὶ
1127 817 1280 847 σκανδάλων
1302 818 1385 852 αἴτιος
1403 819 1548 859 γινόμενος,
1573 821 1591 851 ἃ
1612 822 1739 863 κρύπτειν
1764 823 1834 862 δίαν,

1059 861 1233 892 ἔκκαλύπτων
1257 864 1352 900 ἅπασι,
1374 865 1420 898 καὶ
1440 866 1579 907 κηρύττων
1591 867 1626 898 τὰ
1648 869 1832 910 ἁμαρτήματα

1057 910 1104 936 τοῦ
1123 908 1247 947 πλησίον,
1260 910 1342 940 παντί
1354 922 1405 940 που
1421 911 1500 948 δῆλόν
1519 914 1602 946 ἐστιν.
1619 915 1654 945 Εἰ
1666 915 1719 956 γὰρ
1732 915 1780 954 ἕνα
1792 929 1832 951 τις

1058 951 1246 988 σκανδαλίσας,
1259 954 1442 994 ἀπαραίτητον
1455 955 1534 986 δώσει
1543 958 1683 999 τιμωρίαν,
1695 961 1709 989 6
1724 959 1833 1000 μυρίρυς

1058 997 1238 1032 σκανδαλίζων
1268 998 1313 1028 διὰ
1333 1003 1382 1037 τῆς
1405 995 1523 1042 πονηρᾶς
1544 1003 1648 1043 φήμης,
1671 1005 1757 1042 πόσην
1782 1007 1833 1046 οὐχ

1057 1040 1238 1076 ὑποστήσεται
1264 1042 1389 1081 adtactu
1415 1045 1469 1077 Καὶ
1492 1046 1544 1087 γὰρ
1569 1049 1583 1077 6
1610 1049 1759 1088 Φαρισαῖος
1782 1050 1831 1080 οὐκ

1057 1086 1190 1126 ἐψεύδετο,
1211 1089 1270 1118 ἀλλ’
1284 1090 1370 1126 ἀληθῆ
1384 1092 1471 1131 ἔλεγε,
1483 1092 1600 1130 τελώνην
1615 1096 1703 1129 καλῶν
1721 1096 1765 1126 τὸν
1779 1108 1825 1128 τι·

256 1138 412 1170 innumeros
432 1152 540 1172 rumore
560 1142 631 1172 malo
650 1153 743 1183 sparso
765 1143 936 1182 scandalizat,
953 1155 1006 1184 quo
1022 1141 1041 1165 Ε
1057 1132 1157 1170 λώνηνν
1179 1135 1238 1164 ἀλλ’
1258 1134 1333 1174 ὅμως
1353 1136 1428 1174 δίκην
1444 1138 1534 1169 ἔδωκε·
1558 1140 1642 1173 Ταῦτ’
1662 1136 1706 1171 ⁰3⁹
1724 1141 1829 1179 ῑῖδόἲέὅν

257 1196 309 1215 non
320 1187 456 1227 supplicio
469 1188 621 1228 Plectetur?
633 1189 863 1228 Pharisaeusenim
871 1201 923 1220 non
936 1202 1008 1226 men-

255 1231 381 1268 tiebatur,
395 1233 442 1262 sed
452 1244 516 1264 vera
536 1233 653 1272 dicebat,
672 1234 739 1265 dum
759 1236 935 1276 publicanum
954 1248 1005 1267 vo-

255 1278 333 1307 cabat
343 1279 531 1318 publicanum,
545 1286 658 1309 attamen
671 1291 762 1321 poenas
773 1280 857 1311 dedit.
874 1283 936 1312 Haec
950 1282 1003 1323 igi-

254 1329 300 1353 tur
323 1324 446 1362 scientes,
473 1324 652 1364 dilectissimi,
680 1326 895 1357 maledicentiam
913 1329 1001 1368 fugia-

254 1380 315 1399 mus
331 1383 338 1400 :
354 1381 440 1410 neque
461 1371 532 1401 enim
556 1373 667 1412 gravius
687 1380 727 1402 est
747 1373 798 1403 isto
823 1384 872 1404 nec
896 1375 1003 1405 facilius

253 1424 402 1457 peccatum.
418 1417 495 1456 Quid
507 1418 564 1449 ita?
575 1419 656 1457 Quod
672 1420 796 1458 celerius,
814 1431 895 1460 quam
913 1422 1002 1452 ullum

253 1462 329 1492 aliud
339 1470 475 1503 peccatum
493 1465 603 1503 feratur,
618 1472 645 1495 et
660 1466 798 1496 confestim
813 1478 875 1496 eum
886 1468 932 1507 qui
949 1478 1001 1498 non

253 1509 365 1539 attendit
375 1510 500 1551 abripiat.
517 1512 587 1541 Nam
609 1512 661 1541 alia
682 1513 792 1552 quidem
807 1521 914 1554 peccata
931 1521 1000 1544 tem-

253 1566 319 1595 pore
329 1555 461 1597 indigent,
477 1564 502 1587 et
517 1557 648 1598 impensa,
661 1565 687 1588 et
698 1559 839 1596 dilatione,
855 1567 880 1590 et
893 1560 1000 1602 adjuto-

1056 1180 1199 1218 ἀγαπητοὶ,
1214 1181 1352 1221 φεύγωμεν
1374 1183 1404 1217 τὸ
1417 1189 1586 1225 κατηγορεῖν.
1605 1186 1677 1217 Οὔτε
1693 1187 1746 1228 γὰρ
1762 1187 1829 1220 ταύ-

1054 1237 1102 1261 της
1125 1228 1315 1269 χαλεπωτέρα,
1337 1229 1396 1260 οὔτε
1418 1231 1583 1273 εὖκολωτέρα
1602 1232 1674 1263 ἐστὶν
1698 1234 1827 1274 ἁμαρτία,

1055 1272 1133 1306 Τίνος
1146 1274 1246 1311 ἕνεκεν,
1268 1274 1332 1305 “O'ct
1348 1276 1436 1313 πάσης
1449 1278 1616 1318 παρανομίας
1626 1279 1747 1321 ὀξύτερον
1762 1280 1829 1321 δρᾶ-

1052 1329 1106 1355 ται,
1131 1319 1177 1349 καὶ
1201 1321 1304 1361 ταχέως
1324 1322 1485 1362 συναρπάζει
1514 1324 1559 1354 τὸν
1580 1324 1618 1365 μὴ
1647 1326 1825 1367 προσέχοντα.
1877 1360 1882 1364 ,

1051 1365 1087 1393 Αἱ
1103 1364 1151 1403 μὲν
1170 1365 1222 1405 γὰρ
1243 1366 1323 1396 ἄλλαι
1336 1367 1465 1408 ἁμαρτίαι
1479 1369 1525 1399 καὶ
1541 1370 1638 1411 χρόνου
1653 1371 1766 1409 δέονται,
1782 1372 1827 1404 καὶ

1051 1410 1178 1447 δαπάνης,
1193 1412 1238 1441 καὶ
1252 1413 1413 1451 μελλήσεως,
1431 1415 1476 1444 καὶ
1498 1418 1641 1456 συνεργῶν,
1663 1417 1709 1448 καὶ
1722 1418 1826 1449 πολλά-

1051 1467 1091 1490 κις
1106 1458 1132 1486 ἐν
1146 1459 1179 1498 τῇ
1191 1462 1237 1491 τοῦ
1251 1459 1347 1499 χρόνω
1363 1461 1486 1501 διατριὸῇ
1507 1462 1704 1496 διακόπτονται.
1721 1460 1787 1500 Οῗόνι
1800 1477 1826 1495 τι

1050 1502 1120 1543 λέγω
1137 1515 1143 1522 ·
1165 1504 1250 1534 εἵλετό
1264 1518 1303 1539 τις
1326 1510 1459 1546 φονεῦσαι,
1474 1507 1560 1538 εἵλετό
1579 1521 1619 1543 τις
1638 1510 1756 1550 ἁρπάσαι
1779 1511 1825 1541 καὶ

1050 1550 1263 1586 πλεονεκτῆσαι·
1286 1553 1387 1588 πολλῆς
1410 1554 1481 1593 αὐτῷ
1501 1554 1539 1583 δεῖ
1558 1557 1605 1591 τ’ῆς
1626 1557 1823 1596 πραγματείας,

251 1602 341 1640 ribus,
360 1614 391 1634 ac
408 1615 478 1645 saepe
496 1605 587 1644 aliqua
606 1606 733 1646 temporis
758 1618 834 1637 mora
859 1607 1000 1638 interrum-
1007 1615 1043 1634 ¹⁹⁸
1051 1596 1095 1625 καὶ
1109 1598 1135 1625 ἐν
1150 1599 1188 1637 τῷ
1205 1597 1311 1636 μέλλειν
1325 1599 1453 1632 πολλάκις
1467 1600 1572 1641 ἐξέλυσε
1586 1602 1631 1632 τὸν
1646 1602 1738 1642 θυμὸν»
1755 1603 1825 1633 ἅπέ·

251 1656 366 1687 puntur.
378 1651 506 1691 Exempli
516 1655 612 1681 causa':
624 1652 716 1682 statuit
727 1653 826 1692 aliquis
838 1653 998 1692 interficere,

252 1697 345 1725 statuit
358 1696 456 1736 aliquis
468 1697 564 1734 furari,
579 1705 605 1727 et
618 1698 704 1728 aliena
718 1710 812 1739 rapere
828 1712 834 1729 :
850 1700 936 1730 multa
950 1710 999 1730 ne-

237 1752 324 1772 ·cesse
349 1749 389 1773 est
415 1743 554 1781 moliatur,
573 1751 599 1774 et
618 1755 698 1785 saepe,
720 1744 787 1775 dum
808 1745 909 1782 differt,
932 1747 999 1776 iram

251 1788 337 1825 sedat,
358 1790 385 1818 a‘
394 1800 480 1829 pravo
503 1797 600 1820 conatu
620 1790 716 1827 resilit,
741 1791 896 1822 sceleratam
922 1793 998 1823 illam

250 1836 407 1866 sententiam
418 1837 520 1877 abjicit,
540 1847 625 1876 neque
637 1837 781 1867 consilium
795 1838 830 1868 ad
847 1849 916 1879 opus
937 1849 998 1879 per-

249 1880 327 1910 ducit
342 1894 349 1910 :
364 1889 391 1911 at
411 1882 439 1912 in
450 1882 635 1912 maledicendo
651 1893 703 1912 non
722 1884 758 1913 ita
773 1884 814 1921 fit,
832 1884 879 1914 sed
892 1885 944 1914 nisi
958 1891 997 1915 at-

249 1927 316 1955 tenti
328 1927 408 1957 valde
421 1927 506 1958 simus
524 1940 555 1959 ac
569 1929 674 1968 vigiles,
690 1929 768 1959 facile
790 1930 959 1971 abripimur:
972 1937 998 1960 et

250 1982 336 2011 neque
347 1979 476 2014 tempore,
496 1985 582 2014 neque
602 1975 741 2013 dilatione,
758 1985 845 2016 neque
865 1977 995 2017 impensa,

249 2028 336 2057 neque
349 2019 488 2049 molitione
501 2020 579 2050 nobis
592 2021 648 2050 ulla
661 2028 700 2051 est
713 2032 792 2062 opus,
807 2029 836 2052 ut
850 2023 997 2053 maledica-

249 2075 330 2094 mus:
346 2065 393 2095 sed
416 2066 516 2096 sufficit
534 2068 689 2097 ut'tantum
711 2069 837 2107 velimus,
860 2076 887 2099 et
907 2070 996 2099 statim

248 2110 374 2140 voluntas
394 2111 421 2140 in
446 2123 514 2152 opus
538 2113 605 2143 exit.
629 2113 692 2143 Sola
718 2114 820 2155 quippe
841 2115 933 2156 lingua
957 2123 996 2145 est

249 2167 308 2195 quae
320 2157 441 2187 inservit.
458 2159 575 2196 Quando
591 2159 674 2199 igitur
691 2160 771 2190 velox
787 2168 826 2190 est
839 2162 953 2197 malum,
969 2169 995 2191 et

249 2203 327 2232 facile
346 2214 393 2233 nos
418 2205 593 2234 circumstans
612 2213 760 2246 peccatum,
775 2214 801 2236 et
814 2218 892 2247 poeua
905 2208 995 2248 gravis

248 2260 279 2279 ac
293 2250 469 2291 supplicium,
486 2262 534 2285 nee
553 2252 660 2284 lucrum
682 2253 781 2290 ullum,
798 2264 850 2283 non
870 2265 995 2296 parvum,

248 2306 301 2325 non
312 2307 449 2336 magnum,
459 2297 604 2337 diligenter
615 2299 687 2328 hunc
707 2299 832 2328 morbum
846 2300 992 2340 fugiamus,

249 2348 274 2370 et
283 2342 369 2372 aliena
381 2343 449 2372 mala
462 2350 592 2383 tegamus,
606 2354 692 2383 neque
702 2345 875 2385 propalemus
886 2359 892 2375 z
903 2346 994 2376 admo-

249 2399 358 2418 neamus
370 2396 519 2429 peccantes,
535 2396 564 2418 ut
578 2389 643 2419 dicit
656 2391 840 2421 DominumSi
851 2403 992 2432 peccave-

249 2437 287 2463 rit
301 2436 333 2463 in
349 2439 377 2464 te
385 2435 488 2475 frater
500 2442 576 2472 tuus,
591 2436 680 2473 vade,
697 2443 724 2466 et
739 2439 850 2477 corripe
864 2449 929 2467 eum
941 2441 989 2467 in—

249 2486 293 2509 ter·
312 2487 340 2510 te
359 2487 388 2510 et
408 2482 503 2520 ipsum
520 2481 624 2511 solum.
649 2482 741 2521 ltaque
769 2491 868 2522 quanto
898 2484 989 2515 minus

280 2579 290 2590 ²
309 2571 382 2596 Colb.
396 2577 463 2604 ›ze-253,
481 2577 519 2599 καὶ
531 2576 697 2608 θεραπεὺωμεν.
711 2580 883 2608 παραινέπωμεν
894 2582 948 2605 τοῖς,
962 2576 1006 2600 Iu-

248 2611 284 2636 frn
303 2611 370 2638 idem
382 2615 438 2639 ὥστε·
455 2620 487 2646 τῷ
500 2615 652 2646 ἀδημοσιεύτῳ
672 2621 715 2640 τῶν
731 2617 836 2648 ἐλέγχων,
854 2617 1005 2649 &nolo-»repam

1016 1643 1035 1666 Α
1051 1654 1100 1678 στη
1112 1644 1160 1678 τῆς
1173 1649 1289 1684 πονηρᾶς
1305 1646 1405 1684 ὁρμῆς,
1423 1645 1551 1677 κατέλυσε
1565 1647 1615 1684 τὴν
1629 1648 1820 1689 διεφθαρμένην

1048 1688 1167 1727 γνώμην,
1182 1690 1211 1718 οὐ
1226 1689 1374 1730 προσέθηκε
1386 1690 1416 1720 τὸ
1430 1691 1505 1731 ἔργον
1517 1695 1551 1733 τῇ
1563 1695 1644 1733 βουλῇ
1657 1706 1664 1712 ·
1679 1694 1724 1724 ἐπὶ
1736 1695 1763 1724 δὲ
1777 1698 1823 1725 τοῦ

1048 1736 1137 1768 κακῶς
1155 1735 1241 1774 λέγειν
1260 1737 1310 1776 οὐχ
1323 1736 1415 1774 οὕτως,
1430 1738 1489 1767 ἀλλ’
1511 1738 1558 1768 ἐὰν
1572 1739 1610 1779 μὴ
1630 1739 1731 1782 σφόδρα
1748 1735 1822 1781 ὦμεν

1048 1780 1183 1820 νήφρντες,
1207 1782 1429 1822 συναρπαζόμεθα
1445 1783 1540 1823 ῥᾳδίως
1552 1796 1559 1802 ·
1577 1785 1623 1814 καὶ
1636 1785 1696 1816 οὔτε
1708 1785 1822 1826 χρόνου,

1048 1826 1108 1856 οὔτε
1130 1827 1299 1865 μελλήσεως,
1321 1828 1381 1857 οὔτε
1404 1829 1531 1868 δαπάνης,
1555 1830 1615 1860 οὔτε
1639 1832 1824 1872 πραγματείας

1048 1875 1112 1912 ἡμῖν
1128 1874 1168 1902 δεῖ
1182 1885 1261 1910 τινος,
1276 1873 1346 1904 ὥστε
1364 1876 1453 1910 κακῶς
1466 1877 1549 1906 εἰπεῖν
1560 1889 1567 1895 ·
1580 1877 1642 1907 ἀλλ’
1656 1872 1822 1918 ἀρκεῖιμόνον

1047 1919 1162 1956 ἑλέσθαι,
1182 1920 1228 1950 καὶ
1252 1920 1347 1954 εὐθέως
1368 1922 1404 1954 εἷς
1428 1922 1504 1961 ἔργον
1526 1921 1618 1958 ἐξῆλθε
1642 1923 1674 1952 τὸ
1689 1924 1822 1964 βούλημα.

1047 1966 1162 1995 Γλῶσσα
1175 1966 1227 2005 γάρ
1238 1967 1310 1995 ἐστιν
1326 1969 1343 2002 ἡ
1356 1967 1557 2007 ὑπῃρετουμένη
1576 1968 1666 2007 μόνον,
1680 1969 1758 2000 Ἐπεὶ
1777 1965 1821 2000 οὖν

1047 2012 1092 2043 καὶ
1106 2012 1249 2052 ὀξύρροπον
1259 2012 1288 2042 τὸ
1302 2012 1393 2051 κακὸν,
1406 2013 1451 2043 καὶ
1463 2014 1651 2054 εὐπερίστατος
1662 2018 1680 2052 ἡ
1693 2016 1820 2057 ἁμαρτία,

1047 2058 1092 2088 καὶ
1099 2058 1205 2099 χαλεπὴ
1217 2058 1350 2099 ἡκόλασις
1359 2059 1404 2088 καὶ
1417 2061 1434 2095 ἡ
1444 2059 1568 2100 τιμωρία,
1579 2060 1624 2090 καὶ
1633 2061 1725 2101 κέρδος
1736 2062 1821 2098 οὐδὲν,

1047 2107 1076 2139 οὗ
1095 2105 1198 2145 μικρὸν,
1217 2106 1247 2135 οὔ
1263 2104 1341 2143 μέγα,
1353 2105 1422 2144 μετὰ
1433 2107 1534 2142 πολλῆς
1546 2109 1594 2143 τῆς
1607 2107 1743 2147 ἀκριὸείας
1754 2108 1821 2149 φεύ-

1046 2163 1136 2191 γωμεν
1156 2152 1186 2181 τὸ
1207 2150 1311 2191 νόσημα
1327 2172 1336 2188 ,
1357 2151 1401 2186 καὶ
1415 2151 1449 2181 τὰ
1463 2151 1590 2193 ἀλλότρια
1603 2154 1817 2195 περιστέλλωμεν

1045 2197 1132 2228 ’κακὰ
1141 2220 1149 2234 ,
1172 2197 1217 2227 καὶ
1245 2197 1282 2237 μὴ
1306 2197 1518 2236 ἔκπομπεύωμεν
1531 2210 1538 2217 ·
1560 2202 1731 2239 παραινῶμεν
1760 2205 1815 2234 τοῖς

1046 2244 1240 2285 ἁμαρτάνουσι,
1254 2243 1341 2277 καθὼς
1353 2243 1399 2274 καὶ
1412 2246 1426 2273 6
1436 2243 1533 2283 Κύριός
1543 2256 1623 2284 φησιν
1634 2257 1640 2264 ·
1656 2245 1720 2276 Ἐὰν
1733 2247 1818 2287 ἁμαρ-

1045 2290 1115 2331 τήσῃ
1136 2292 1173 2324 εἰς
1194 2290 1224 2320 σὲ
1244 2292 1257 2320 ὁ
1272 2290 1381 2330 ἀδελφός
1404 2301 1461 2323 σου,
1481 2291 1565 2330 ὕπαγε
1574 2313 1582 2327 ,
1607 2291 1711 2331 ἔλεγξον
1739 2293 1817 2322 αὐτὸν

1046 2337 1145 2376 μεταξὺ
1159 2339 1206 2367 σοῦ
1220 2336 1265 2368 καὶ
1279 2338 1358 2366 αὐτοῦ
1374 2336 1463 2375 μόνου.
1486 2336 1571 2366 εὨειτε
1583 2337 1614 2368 τὸ
1623 2338 1815 2377 ἀδημοσίευτον

1045 2386 1098 2413 τῶν
1123 2383 1239 2424 ἐλέγχων
1263 2382 1443 2422 εὖκολωτέραν
1468 2382 1575 2418 ποιήσει
1598 2383 1646 2419 τὴν
1667 2380 1817 2424 Θεραπείαν.

1045 2435 1092 2471 Μὴ
1111 2435 1258 2474 δάκνωμεν,
1272 2433 1340 2473 μηδὲ
1354 2432 1534 2472 κατεσθίωμεν
1549 2432 1582 2463 τὰ
1598 2433 1723 2474 ἀλλότρια
1736 2429 1817 2475 *spati*

1044 2498 1115 2524 ματα
1128 2497 1133 2503 ·
1149 2485 1187 2524 μὴ
1199 2484 1246 2519 τὰς
1260 2484 1337 2524 μυίας
1347 2483 1535 2523 μιμησώμεθα,
1549 2483 1617 2513 ἀλλὰ
1629 2483 1677 2517 τὰς
1691 2484 1816 2524 μελίττας

1062 2583 1159 2607 nonien-

1889 2625 1890 2632 ε
1874 2479 1888 2577 ‘-—-k
1881 2231 1890 2461 „ma--.n-—„
1888 2192 1890 2194 .
