1904 2840
64 485 123 508 Asa.

0 957 122 988 Iosophat.

0 1154 74 1182 .Reg.
85 1154 120 1178 ¹5.

644 181 678 204 IN
705 179 918 204 ntA'tTnAEmt.
946 179 1064 204 Romu„
1093 182 1117 204 1.

569 218 576 237 l

1612 175 1681 222 749

135 246 170 276 lis
182 248 261 276 natns'
272 243 437 284 fismtpam'
453 243 540 273 suoin
551 253 674 283 corpore,
684 242 744 271 ideo
755 241 875 282 appella·
893 244 912 267 Α
928 242 1095 279 Jerusalem,
1111 241 1185 271 misit
1206 242 1279 272 Deus
1299 242 1335 272 ad
1349 253 1411 273 eum
1430 243 1502 275 Jehu
1516 245 1673 285 prophetam

134 292 231 316 verunt
239 295 301 314 eum
309 291 382 324 pater
389 282 587 322 veniens‚quasi
596 282 664 311 alter
670 288 745 322 pater
752 290 871 310 nascens:

134 324 181 354 vel
186 326 270 364 patris
281 326 331 352 mei
341 323 397 359 hic,
404 323 479 361 quasi
491 322 575 362 patris
583 322 627 351 sui
640 322 686 351 hic
695 328 763 350 esset
775 321 873 359 imago.

136 363 306 394 Providentia
319 370 408 392 autem
422 362 470 391 Dei
485 362 524 391 sic
538 360 674 391 ordinavit
690 371 752 390 eum
772 359 874 395 vocari,

133 404 197 442 quia
207 403 276 432 sicut
282 403 404 432 Roboam
414 401 494 441 coepit
503 408 583 436 recte,
592 408 681 440 postea
694 407 783 430 autem
796 398 878 428 exsti-

133 444 166 472 tit
182 449 304 482 peccator
315 442 343 471 in
358 443 457 477 Deum,
471 441 511 470 sic
522 447 548 470 et
562 440 654 470 Abias.
670 440 766 469 Abias
779 445 876 467 autem

168 483 233 510 nuit
243 482 319 511 Asa.
332 483 384 511 Asa
395 488 484 510 autem
494 481 684 520 interpretatur
695 484 873 519 unguentum.

161 529 186 551 te
192 522 263 551 enim
277 524 327 550 Asa
338 520 417 551 valde
427 521 561 560 perfectus
570 519 621 548 fuit
630 519 721 555 corde,
735 525 762 548 et
769 518 875 558 placens

133 562 203 597 Deo,
218 561 288 590 sicut
301 562 456 600 Regnorum
470 559 540 588 liber
553 558 678 588 ostendit.
693 560 805 598 Propter
824 556 875 585 hoc

133 600 201 630 forte
219 611 234 629 a
248 601 306 630 Deo
322 607 363 629 est
383 599 548 635 ordinatum,
564 604 595 627 ut
617 597 799 638 appellaretur
821 606 876 624 un-

134 646 263 678 guentum
276 652 287 668 t
301 640 366 679 quia
378 640 448 668 sicut
459 645 625 677 unguentum
635 644 662 667 et
675 637 704 666 in
717 637 812 676 hyeme
824 635 876 664 sso-

134 678 226 708 ridum
239 686 279 708 est
298 686 325 708 et
337 679 400 708 boni
419 678 527 714 odom,
549 684 575 706 et
587 677 709 706 homines
731 687 781 706 suo
794 675 877 706 odore

133 717 258 754 delectat,
271 725 350 757 atque
366 718 526 762 impinguat,
546 727 610 746 cum
626 726 661 745 ex
679 726 710 744 eo
723 716 798 745 uncti
817 715 876 744 fue-

134 757 189 786 rint
203 770 211 787 :
227 758 266 787 sic
279 765 304 787 et
312 759 402 798 justus
412 764 438 786 et
451 767 477 785 ιιι
493 757 588 796 hyeme
599 755 752 785 tentationis
765 755 875 784 immar-

133 797 266 826 cescibilis
280 804 329 834 est,
343 804 370 826 et
383 796 472 826 fidelis
483 802 581 824 manet.
597 795 674 825 Sicut
691 795 743 824 fnit
763 795 790 823 in
810 797 875 832 Asa,

153 837 181 865 ui
193 843 219 865 et
230 837 308 865 bonae
320 836 454 876 opinionis
469 842 517 870 est,
528 841 553 864 et
564 834 674 863 historia
688 835 786 874 scripta
798 834 832 863 de
845 845 876 864 eo
892 841 910 864 Β
927 845 1008 874 quam
1032 837 1129 864 Deum.

133 847 246 905 delectat
261 876 402 915 legentem,
419 882 445 904 et
456 873 581 909 ‘aedificat‚
590 881 616 903 et
630 874 790 914 impinguat,
804 881 830 902 et
842 875 877 904 ad

132 914 298 944 desiderium
307 925 362 944 suae
370 914 515 944 sanctitatis
524 914 622 943 excitat
631 914 706 943 viros
739 913 875 943 rudentes.

137 954 200 984 Asa
219 961 316 984 autem
334 956 434 994 genuit
455 954 610 992 Josaphae.
635 924 765 992 Josapiiat
787 960 877 982 autem

131 993 326 1039 interpretatur
334 993 466 1023 Dominus
477 994 564 1033 judex
581 1004 588 1021 τ
603 999 669 1031 puto
683 992 756 1030 quod
767 994 819 1021 Asa
833 1003 878 1032 pa-

131 1039 172 1062 ter
185 1044 254 1073 ejus,
267 1044 328 1062 cum
338 1040 449 1073 propter
457 1032 591 1071 justitiam
601 1032 660 1070 ejus
670 1041 731 1060 eum
744 1032 877 1061 Dominus

131 1080 311 1112 prosperasset
324 1073 352 1101 in
365 1072 502 1107 omnibus,
516 1078 541 1100 et
556 1071 678 1100 inimicos
693 1072 752 1110 ejus
770 1072 877 1100 confre-

131 1113 212 1150 gisset
224 1119 284 1141 ante
292 1112 386 1141 faciem
395 1112 463 1157 ejus,
476 1111 545 1140 sicut
557 1109 607 1139 scri
629 1117 688 1139 tura
702 1116 813 1139 testatur
823 1112 876 1140 Re-

132 1161 258 1190 gnorum,
272 1151 348 1190 quasi
362 1151 390 1180 in
408 1162 416 1179 ι
438 1161 467 1180 so
481 1150 588 1179 nomine
630 1149 659 1178 lii
678 1149 720 1178 sui
733 1150 876 1179 confessio-

132 1200 192 1220 nem
200 1191 314 1219 ofi'erens
319 1192 376 1219 Deo
379 1162 465 1230 judici
470 1190 555 1235 justo,
563 1189 669 1218 vocavit
678 1199 738 1218 eum
745 1190 876 1219 Dominus

129 1229 226 1269 judex.
242 1231 311 1259 Nam
333 1240 396 1259 vere
413 1230 479 1269 justi
496 1228 595 1268 judicis
608 1234 657 1263 est,
669 1229 737 1258 bene
756 1236 876 1269 agentem

132 1279 313 1304 remunerare,
327 1276 354 1299 et
370 1269 547 1309 negligentem
566 1267 710 1308 corripere,
725 1268 794 1297 sicut
814 1269 875 1298 fecit

131 1309 206 1338 Deus
221 1311 283 1338 Asa.
297 1310 365 1338 Nam
383 1315 522 1348 postquam
543 1307 703 1347 AEthiopum
717 1314 743 1336 et
756 1308 875 1348 Libyum

131 1348 258 1377 virtutem
268 1348 490 1382 innumerabilem
502 1349 576 1377 Deus
589 1346 755 1386 deposuisset
769 1355 829 1377 ante
838 1348 875 1377 sa-

130 1387 199 1416 ciem
208 1388 277 1427 ejus,
293 1394 382 1427 postea
392 1386 549 1416 adversante
562 1386 614 1415 sihi
627 1396 689 1426 rege
701 1387 782 1416 Israel
795 1388 871 1424 Basa,

129 1427 261 1466 Syrorum
281 1427 414 1456 auxilium
429 1426 506 1466 petiit
519 1425 649 1455 adversus
663 1436 725 1455 eum
742 1434 874 1467 :propter
888 1436 907 1460 c
925 1437 1038 1456 uxorem
1062 1427 1168 1456 nomine
1192 1427 1271 1457 Godo

129 1466 203 1504 quod
216 1473 243 1495 et
254 1466 328 1496 misit
338 1466 373 1495 ad
385 1477 447 1495 eum
463 1466 592 1495 Ananiam
606 1465 764 1505 prophetam
777 1465 872 1495 diccu-

96 1524 103 1530 -
129 1512 183 1535 tem
205 1506 261 1535 haec
278 1508 415 1545 ε1ηνᾳιιο
439 1506 563 1544 confidis
587 1511 615 1533 te
639 1515 746 1544 regem,
762 1512 791 1534 et
813 1516 873 1534 non

104 1556 107 1560 ·
129 1545 251 1585 confidis
271 1548 303 1574 in
323 1546 481 1574 Dominum
503 1545 598 1573 Deum
621 1550 711 1579 tuum,
724 1552 874 1583 propterea

128 1583 311 1624 labefactata
331 1590 374 1612 est
399 1585 495 1612 virtus
516 1583 610 1620 Syrioe
633 1583 669 1611 de
696 1593 786 1611 manu
810 1589 868 1612 tua.

129 1624 236 1652 Nonne
256 1623 411 1662 AEthg'opes
430 1629 459 1651 et
479 1624 587 1660 Libyes
608 1629 694 1656 erant
714 1624 745 1650 in
765 1623 874 1652 virtute

129 1673 246 1702 magna,
262 1669 291 1692 et
310 1665 342 1691 in
354 1672 466 1698 currus,
482 1668 510 1691 et
523 1664 644 1700 equites,
659 1667 687 1695 et
707 1661 872 1690 multitudi—

129 1712 195 1730 nem
216 1704 381 1740 copiosam?
396 1702 436 1730 Et
457 1712 523 1731 cum
542 1700 702 1740 confideres
715 1702 746 1729 in
767 1701 871 1729 Domi-

130 1751 211 1775 num,
224 1742 346 1770 tradidit
367 1742 435 1770 illos
450 1743 480 1769 in
502 1749 606 1770 manus
625 1746 691 1768 tuas
708 1752 715 1768 :
733 1741 871 1780 quoniam

128 1781 207 1809 oculi
221 1782 340 1809 Domini
354 1781 508 1820 respiciunt
521 1782 552 1809 in
575 1789 688 1808 omnem
704 1785 820 1815 terram,
832 1781 873 1809 ad

127 1821 359 1849 conservandum
368 1820 465 1855 illum,
477 1821 528 1859 qui
541 1825 583 1848 est
592 1818 722 1858 perfecto
736 1820 821 1848 corde
833 1820 873 1848 ad

127 1869 204 1888 eum.
219 1861 258 1888 E't
272 1861 416 1888 evanuisti
429 1859 466 1888 de
483 1861 548 1888 isto.
565 1860 678 1897 Propter
691 1869 772 1896 quam
795 1857 870 1887 diffi-

128 1898 246 1927 dentiam
267 1906 332 1938 puto
347 1898 421 1938 quod
434 1905 460 1927 et
473 1899 500 1927 in
522 1904 655 1928 senectute
676 1897 764 1926 doluit
778 1897 868 1937 pedes,

127 1938 192 1975 quia
211 1939 341 1967 Dominus
357 1939 454 1984 justus·
459 1938 544 1977 judex
558 1947 606 1977 per
618 1937 707 1966 omnia
720 1937 771 1966 fuit
785 1937 811 1966 in
826 1947 867 1966 eo.
902 1972 904 1974 Ι

127 1978 196 2006 Nam
221 1988 269 2008 nec
292 1978 426 2007 modicam
444 1978 575 2017 justitiam
601 1987 739 2005 servorum
758 1987 868 2005 suorum

127 2016 184 2046 sine
198 2017 410 2047 remuneratione
429 2017 567 2056 relinquit,
580 2026 628 2045 nec
652 2015 784 2045 modicam
804 2016 867 2045 cul-

126 2065 190 2095 pam
210 2057 267 2086 sine
280 2057 441 2086 correctione
453 2056 615 2085 dissimulat.
628 2054 682 2085 Sed
700 2062 726 2085 et
739 2055 766 2084 in
780 2055 869 2085 filium

127 2094 186 2134 ejus
207 2096 346 2136 Josaphat,
361 2097 409 2135 qui
427 2096 479 2125 hoc
492 2095 600 2125 nomine
613 2095 769 2130 vocabatur,
779 2095 869 2134 justus

127 2136 230 2164 exstitit
254 2135 357 2175 judex,
381 2135 508 2174 quoniam
535 2142 562 2164 et
586 2134 642 2174 ipse
670 2141 868 2163 consummatus

126 2173 193 2210 suit,
221 2174 290 2203 sicut
314 2181 390 2213 pater
411 2175 470 2213 ejus
493 2177 560 2210 Asa,
576 2180 602 2202 et
625 2173 715 2202 adhuc
738 2173 865 2213 amplius.

127 2214 239 2253 Propter
262 2212 314 2242 hoc
336 2220 363 2241 et
386 2213 517 2242 Dominus
535 2215 625 2252 justus
641 2212 728 2252 judex
750 2212 867 2252 amplius

127 2251 216 2281 adhuc
238 2251 366 2281 exaltavit
388 2258 415 2280 et
441 2252 604 2290 glorificavit
621 2252 762 2290 Josaphat,
785 2262 865 2289 quam

126 2298 228 2332 patrem
248 2290 306 2330 ejus
320 2293 389 2326 Asa,
402 2290 438 2319 ita
452 2297 481 2319 ut
499 2301 591 2319 omnes
608 2300 682 2328 reges
704 2292 731 2319 in
751 2291 866 2319 circuitu

126 2341 236 2360 munera
258 2331 284 2359 ei
311 2329 689 2367 offerrent‚quemadmodum
714 2330 863 2359 Salomoni.

127 2369 181 2400 Sed
203 2377 289 2399 tamen
308 2379 369 2398 cum
400 2369 503 2397 fecisset
522 2368 652 2397 amicitias
678 2378 739 2397 cum
761 2369 863 2405 Achab,

127 2415 153 2437 et
175 2409 293 2438 dedisset
316 2409 341 2438 ei
357 2408 491 2436 auxilium
514 2407 664 2436 ascendenti
691 2407 726 2436 ad
749 2407 863 2445 bellum,

77 2461 119 2477 xix
128 2447 361 2477 circumdederunt
374 2458 436 2476 eum
446 2457 542 2476 currus
554 2459 560 2475 ε
574 2453 600 2475 et
614 2456 674 2476 cum
685 2447 740 2486 jam
754 2447 866 2486 pericli-

129 2493 228 2516 taretur
238 2487 334 2522 occidi,
347 2486 506 2516 exclamavit
517 2485 551 2514 ad
562 2485 719 2520 Dominum,
731 2493 756 2515 et
767 2486 866 2526 eripuit

127 2536 201 2555 eum.
214 2527 282 2556 Cum
292 2533 379 2555 autem
394 2526 531 2555 interfecto
542 2525 635 2554 Achab
648 2532 825 2555 reverteretur
837 2526 865 2555 in

900 1898 903 1901 ’
922 1900 987 1926 nuit
998 1898 1166 1927 Amaziam.

928 284 1018 313 filium
1033 286 1153 322 Ananiae,
1166 285 1298 315 dicentem
1311 297 1319 315 :
1334 287 1366 316 Si
1385 294 1566 327 peccatorem
1589 290 1674 320 illum
1684 308 1709 324 2,
1721 301 1780 328 Par.
1791 308 1826 333 ¹9·

929 329 1080 368 adjuvisti,
1094 337 1121 359 et
1138 330 1198 359 illis
1207 332 1259 370 qui
1268 332 1392 360 oderunt
1404 333 1501 361 Deum
1511 335 1622 363 amicus
1633 345 1672 371 es,
1683 339 1707 356 ²·
1717 333 1742 356 3·

928 378 957 401 et
970 374 1001 401 in
1016 373 1072 402 hoc
1086 383 1172 413 super
1183 380 1211 402 te
1223 376 1268 402 ira
1281 385 1300 403 a
1304 375 1392 416 facie
1414 376 1537 406 Domini
1556 378 1674 408 descen—

928 416 1027 454 disset,
1048 419 1107 447 nisi
1119 427 1263 447 sermones
1277 419 1347 447 boni
1367 421 1479 449 inventi
1489 421 1616 459 fuissent
1630 429 1675 452 te—

928 470 1004 496 cum,
1018 462 1158 500 quoniam
1173 462 1320 491 abstulisti
1344 463 1426 492 lucos
1440 464 1476 492 de
1492 471 1569 494 terra
1579 466 1673 504 Juda,

927 510 956 533 et
966 508 1080 543 parasti
1088 515 1139 534 cor
1147 512 1228 534 tuum
1239 507 1280 535 ad
1289 508 1493 546 requirendum
1504 508 1674 540 Dominum.

927 548 1014 578 Vides
1029 548 1092 587 quia
1111 559 1158 579 nec
1179 549 1244 578 dare
1270 551 1390 590 oportuit
1409 552 1544 581 auxilium
1557 553 1676 585 inimicis

930 591 995 627 Dei,
1007 601 1055 620 nec
1063 592 1096 620 ab
1107 592 1146 621 eis
1159 592 1278 632 accipere
1289 594 1303 622 ἱ)
1317 594 1452 630 Quoniam
1463 602 1552 624 autem
1565 606 1614 626 nec
1627 608 1673 627 ac-

926 634 1016 675 cipere
1043 642 1148 675 oportet
1160 636 1195 664 ab
1209 636 1326 666 inimicis
1339 638 1401 674 Dei,
1418 637 1496 667 docet
1510 648 1558 668 nos
1571 651 1675 680 supra-

926 677 998 707 dicta
1011 677 1123 707 historia
1135 677 1168 707 de
1183 680 1247 708 Asa.
1262 679 1397 716 Quoniam
1411 691 1475 711 vero
1489 692 1538 712 nec
1548 682 1622 719 dare,
1634 685 1674 714 in-

927 717 1007 746 struit
1020 727 1069 746 nos
1090 717 1147 747 haec
1166 718 1301 763 scriptura
1322 717 1356 748 de
1373 720 1512 760 Josaphat.
1529 722 1585 759 Qui
1603 724 1675 753 enim

927 756 994 796 petit
1011 757 1145 786 auxilium
1168 758 1202 786 ab
1222 757 1338 787 mimicis
1357 759 1418 795 Dei,
1444 759 1478 789 de
1501 761 1604 791 auxilio
1623 764 1675 793 Dei

926 795 1060 835 desperat.
1075 800 1088 813 ⁸
1106 796 1228 826 utiliores
1240 797 1292 826 sibi
1305 797 1461 828 existimans
1474 800 1598 830 inimicos
1611 803 1672 839 Dei,

1145 836 1200 873 Qui
1219 843 1307 866 autem
1331 836 1378 866 dat
1399 839 1535 868 auxilium
1556 841 1674 871 inimicis

927 875 987 911 Dei,
1006 874 1163 904 adversatur
1172 877 1239 905 Deo.
1263 876 1322 905 Deo
1336 877 1407 906 enim
1422 878 1526 908 volente
1539 887 1674 911 conterere

926 914 1065 943 inimicum
1080 925 1171 951 suum,
1182 915 1240 954 ipse
1253 926 1315 945 eum
1326 915 1467 946 defendere
1479 925 1573 948 tentat.
1586 921 1674 950 Josa-

924 955 997 992 pltat
1011 961 1107 982 autem
1121 957 1221 994 genuit
1235 956 1351 984 Joram.
1371 957 1463 986 Joram
1479 964 1566 987 autem
1588 959 1673 989 inter-

927 999 1046 1032 pretatur
1059 993 1195 1022 Dominus
1218 994 1345 1023 altitudo.
1371 995 1422 1025 Hic
1441 997 1534 1026 Joram
1547 998 1672 1029 similiter
1681 1006 1773 1028 loram.

926 1033 995 1061 sicut
1030 1039 1086 1061 ater
1106 1043 1172 1062 suus
1185 1033 1325 1073 Josaphat,
1338 1043 1510 1079 prosperatus
1524 1044 1563 1066 est
1577 1038 1670 1077 nimis,

926 1079 952 1101 et
964 1082 1013 1101 exa
1026 1079 1096 1101 tatus
1112 1072 1139 1100 in
1154 1083 1236 1112 regno
1250 1084 1257 1101 ε
1273 1084 1350 1111 quasi
1361 1074 1496 1104 confidens
1510 1076 1536 1105 in
1555 1078 1671 1108 Domino

926 1111 1033 1140 vocavit
1052 1111 1139 1140 filium
1158 1122 1238 1141 suum
1251 1119 1355 1150 natum,
1377 1114 1510 1144 Dominus
1533 1116 1668 1147 altitudo:

922 1157 1061 1190 tamquam
1076 1151 1099 1180 si
1117 1150 1206 1188 dicat,
1221 1152 1353 1182 Dominus
1366 1160 1405 1182 est
1418 1154 1532 1183 altitudo
1546 1166 1603 1185 mea
1623 1158 1671 1196 qui

926 1200 969 1218 me
981 1200 1033 1219 non
1045 1191 1140 1220 merito
1159 1201 1229 1227 meo,
1243 1190 1290 1220 sed
1303 1191 1486 1223 misericordia
1507 1205 1556 1224 sua
1568 1196 1630 1225 fecit
1642 1197 1670 1226 in

926 1229 1078 1259 altitudine.
1091 1231 1193 1259 Forsan
1205 1237 1230 1260 et
1241 1230 1412 1270 providentia
1427 1233 1486 1269 Dei,
1497 1234 1559 1272 quia
1570 1235 1670 1275 impius

925 1276 983 1298 erat
995 1270 1103 1298 futurus
1116 1276 1143 1298 et
1153 1270 1296 1309 superbus,
1310 1270 1348 1300 sic
1360 1282 1421 1300 eum
1436 1273 1568 1302 nominari
1578 1274 1669 1315 dispo-

925 1308 990 1338 suit.
1012 1310 1080 1338 Nam
1101 1308 1151 1338 iste
1164 1310 1257 1338 Joram
1270 1309 1298 1338 in
1313 1311 1497 1350 magnitudine
1510 1312 1669 1344 divitiarum

924 1348 1010 1377 elatus
1022 1355 1072 1382 est,
1085 1355 1111 1377 et
1122 1347 1202 1378 valde
1215 1348 1251 1377 im
1273 1349 1298 1378 ie
1309 1350 1390 1389 gessit
1402 1351 1428 1380 in
1441 1352 1539 1390 Deum,
1552 1353 1621 1383 sicut
1634 1354 1668 1383 li-

924 1387 972 1417 ber
986 1389 1142 1427 Regnorum
1149 1394 1175 1417 et
1185 1390 1250 1417 Para
1264 1388 1404 1456 iponienon
1413 1397 1550 1421 testantur.
1561 1385 1679 1423 Habens⁷

1285 1428 1337 1456 iam
1361 1429 1446 1459 filiam
1468 1432 1617 1468 Jezabelis,
1642 1440 1668 1462 et

924 1466 1018 1496 Achab
1029 1467 1087 1505 ejus
1095 1466 1207 1496 consilio
1222 1467 1393 1501 utens,valde
1402 1469 1502 1498 exstitit
1516 1471 1625 1509 iniquus
1640 1473 1668 1501 in

925 1507 1010 1534 Deum
1019 1512 1044 1534 et
1051 1506 1147 1539 elatus,
1157 1505 1242 1551 ipsam
1253 1506 1421 1536 altitudinem
1434 1509 1484 1537 sibi
1496 1511 1572 1547 quasi
1579 1512 1667 1540 Deum

924 1545 968 1574 vel
977 1544 1123 1573 Dominum
1132 1545 1204 1580 fecit,
1219 1545 1354 1574 confidens
1366 1545 1393 1574 in
1404 1547 1556 1577 altitudine.
1571 1550 1667 1579 Omnis

924 1582 996 1612 enim
1014 1583 1094 1611 homo
1114 1583 1236 1612 malumi
1261 1594 1335 1620 sum,
1353 1585 1397 1613 cui
1414 1586 1506 1622 servit,
1526 1587 1667 1618 dominum

925 1622 976 1651 sibi
996 1622 1068 1651 facit.
1082 1623 1150 1651 Nam
1165 1622 1201 1650 ita
1220 1629 1304 1651 eatus
1325 1630 1374 1660 est,
1399 1632 1428 1654 ut
1445 1632 1470 1654 et
1490 1627 1585 1656 fratres
1604 1638 1667 1657 suos

925 1672 1016 1690 omnes
1026 1660 1166 1696 occideret,
1180 1670 1247 1700 quos
1264 1663 1288 1690 ei
1306 1663 1381 1700 quasi
1392 1663 1526 1704 adjutores
1542 1673 1568 1695 et
1581 1667 1667 1696 consi-

924 1700 1016 1730 liarios
1025 1701 1168 1739 reliquerat
1177 1707 1261 1740 pater.
1272 1703 1385 1741 Propter
1392 1714 1451 1741 quae
1461 1705 1549 1734 omnia
1578 1714 1667 1736 erens-

925 1740 960 1769 sit
980 1751 1042 1769 eum
1055 1741 1186 1769 Dominus
1198 1740 1319 1780 passione
1340 1743 1497 1780 gravissima
1510 1751 1536 1773 et
1569 1745 1665 1783 iutina,

923 1779 959 1808 ita
971 1786 1000 1808 ut
1011 1786 1071 1808 ante
1081 1778 1195 1808 biduum
1209 1780 1302 1809 mortis
1313 1791 1368 1810 suae
1379 1781 1501 1812 intestina
1512 1794 1560 1813 sua
1572 1792 1665 1823 putre-

921 1819 988 1848 facta
1001 1819 1123 1857 jactaret.
1143 1820 1246 1848 Jomm
1261 1827 1358 1849 autem
1382 1824 1482 1860 genuit
1495 1824 1664 1854 Ochoziam.

924 1859 1067 1887 ochozias
1086 1861 1295 1927 autemjenuit
1306 1860 1404 1889 Joam.
1420 1862 1494 1890 Joas
1507 1869 1604 1892 autem
1613 1875 1665 1903 ge—

1211 1900 1321 1928 mazias
1331 1906 1427 1929 autem
1439 1903 1537 1940 genuit
1550 1903 1663 1933 oziam.

921 1937 975 1967 Sed
990 1936 1062 1975 juste
1077 1947 1160 1975 usque
1182 1937 1217 1966 ad
1240 1944 1292 1966 tms
1314 1941 1493 1977 generationes
1517 1951 1550 1970 ex
1561 1952 1592 1971 eo
1604 1948 1665 1972 san'-

921 1983 980 2005 ctus
1001 1976 1118 2015 Spiritus
1162 1987 1192 2005 er
1215 1976 1375 2007 Matthaeum
1399 1981 1523 2020 praecepit
1547 1980 1582 2010 de
1609 1992 1665 2011 nu-

921 2026 993 2044 mero
1005 2026 1098 2054 regum
1109 2015 1147 2044 tol
1159 2026 1203 2045 ere
1215 2015 1249 2045 de
1262 2016 1402 2047 immundo
1421 2026 1447 2048 et
1466 2020 1607 2050 maledicto
1621 2032 1665 2051 se—

920 2055 992 2084 mine
1013 2061 1105 2088 natos,
1133 2055 1160 2084 in
1179 2056 1392 2094 generationibus
1411 2058 1512 2088 Christi
1536 2071 1664 2100 spernens

920 2104 1120 2130 connumerare.
1136 2095 1227 2124 Joram
1250 2102 1338 2125 autem
1354 2107 1388 2126 cx
1405 2099 1507 2127 semine
1528 2100 1619 2129 Achab
1638 2108 1663 2130 et

919 2134 1038 2170 Jezabel,
1051 2132 1184 2173 accipiens
1197 2134 1247 2163 sibi
1259 2145 1369 2165 uxorem
1384 2137 1529 2167 Godoliam
1543 2139 1660 2175 nominc,

919 2173 1011 2210 genuit
1027 2183 1062 2202 cx
1083 2183 1113 2201 ea
1134 2173 1290 2203 Ochuziam.
1312 2175 1443 2206 Oehozias
1463 2184 1551 2206 autem
1572 2179 1664 2217 genuit

919 2213 1008 2241 Joam.
1031 2213 1095 2242 Joas
1113 2219 1202 2241 antem
1222 2214 1368 2251 Amasiam,
1390 2216 1418 2244 in
1440 2227 1494 2254 quo
1513 2217 1663 2256 completur

919 2251 1052 2290 generatio
1060 2258 1155 2290 quarta
1164 2252 1272 2281 seminis
1283 2253 1368 2292 iniqui
1378 2261 1404 2283 et
1414 2255 1560 2284 maledicti.
1570 2256 1662 2284 Achab

918 2290 988 2319 enim
1000 2301 1047 2320 rex
1061 2291 1155 2327 Israel,
1168 2292 1223 2321 acci
1246 2292 1301 2321 iens
1319 2303 1429 2322 uxorem
1453 2295 1559 2323 Jezabel
1576 2294 1661 2323 filiam

917 2329 1022 2359 Sidonii
1031 2330 1211 2369 regis‚contra
1247 2332 1271 2360 ei
1281 2338 1440 2371 praeceptum
1453 2332 1562 2371 impiam
1571 2333 1660 2370 nimis,

918 2369 1015 2398 multas
1028 2369 1176 2409 impietates
1197 2371 1328 2399 commisit
1342 2371 1370 2399 in
1390 2370 1548 2407 Dominum,
1562 2371 1610 2399 illa
1632 2382 1661 2400 se

917 2408 1068 2448 instigante.
1082 2410 1193 2448 Propter
1203 2409 1275 2447 quod
1289 2410 1406 2453 Spiritus
1421 2416 1525 2438 sanctus
1538 2420 1587 2449 per
1619 2420 1661 2439 ro-

917 2447 1026 2488 phetam
1045 2455 1206 2477 contestatus
1226 2455 1265 2476 est
1285 2447 1375 2476 dicens
1402 2458 1410 2475 τ
1434 2449 1472 2477 Ut
1493 2421 1659 2488 disperdgret

917 2497 1023 2516 omnem
1035 2487 1184 2516 masculum
1193 2486 1226 2515 de
1237 2486 1318 2515 domo
1330 2486 1432 2515 Achab.
1443 2488 1531 2523 Quam
1542 2488 1660 2527 prophe-

918 2526 982 2555 tiam
997 2526 1118 2564 implevit
1136 2525 1208 2556 Jchu
1222 2525 1295 2554 filius
1315 2525 1413 2561 Nanzi,
1441 2532 1536 2556 unctus
1549 2537 1565 2556 a
1577 2537 1660 2567 puero

161 2612 171 2623 ι
193 2604 392 2629 Πιίίἱονω.ΕιΙίιί
401 2604 426 2629 in
438 2612 515 2637 marg.
529 2610 554 2629 ct
564 2604 592 2628 V.
605 2604 635 2629 D.
650 2604 792 2629 validiores.
807 2604 870 2636 Quae
881 2603 955 2630 lectio
967 2609 1050 2637 posset
1061 2603 1193 2637 quadrare.
