1904 2840
81 423 150 444 Dent.
169 426 204 443 ιο.

81 460 120 476 22-

82 502 148 524 Psal.
155 500 220 531 642.

82 1258 150 1281 Psal.
168 1258 206 1287 54.

80 1290 108 1318 24
114 1305 119 1310 .

82 1340 144 1362 ΙΙιίιΙ.
155 1340 221 1363 v.23.

83 2213 102 2227 ι.
116 2206 219 2237 Cor-[10.

82 2237 116 2261 ι3.

75 2524 168 2553 v.4.5.

228 186 300 236 950

831 193 912 216 OPUS
942 193 1185 216 {MPERFECTUM

230 261 344 289 dierum
353 281 361 296 ,
377 268 430 287 non
450 268 499 326 per
519 257 614 296 longos
633 255 692 285 dies
714 255 892 295 intelligimus
902 278 909 292 ‚
924 255 971 286 sed
990 258 1010 281 Α
1026 255 1062 285 de
1072 255 1271 286 abominatione
1280 255 1454 286 desolationis
1462 262 1564 286 statura
1573 256 1603 286 in
1611 257 1672 286 loeo
1680 262 1771 286 sancto

230 299 329 329 multos
340 310 346 327 :
357 298 395 327 sic
408 304 434 326 et
471 296 565 326 reviati
585 296 643 325 dies
657 306 709 325 non
730 295 826 325 breves
838 294 896 325 dies
909 302 972 325 sunt

230 337 409 377 intelligendi,
424 337 469 366 sed
488 335 578 376 pauci.
596 337 696 365 Omnis
708 345 787 365 caro.
807 337 972 374 Frequenter

231 378 301 407 enim
315 377 459 416 Scripturas
478 387 528 416 pro
547 375 702 405 hominihus
723 375 826 404 animas
846 381 969 415 ponunt:

231 418 301 447 sicut
320 416 357 445 ihi
370 438 378 452 ,
398 416 591 456 Septuaginta
610 417 719 445 animae
737 417 922 445 intraverunt
940 416 972 443 in

232 458 408 497 AEgyptum.
437 456 600 494 Frequenter
620 466 670 495 pro
694 454 849 489 hominibus
872 454 974 484 dicitur

231 507 310 533 earo,
330 495 400 525 sicut
422 495 478 533 ibi,
491 496 659 525 Orationem
679 505 773 524 meam
791 495 918 530 exaudi,
934 494 974 522 ad

232 542 260 565 te
281 537 375 565 omnis
399 545 467 565 earo
492 536 602 564 veniet.
618 534 734 572 Quando
747 544 810 574 ergo
822 541 849 564 et
871 534 974 563 animas

231 575 365 615 appellat,
389 574 543 615 spirituales
570 581 596 604 et
616 575 746 615 perfectos
766 574 889 603 homines
914 573 975 603 vult

231 615 389 646 ostendere:
406 615 569 653 ubicumque
592 621 681 643 autem
701 624 808 643 carnem
819 636 827 648 ,
855 613 974 643 carnales

230 654 353 684 homines
369 661 396 684 et
413 654 545 684 infirmos.
563 654 635 694 Ergo
652 653 768 683 dicendo
778 676 786 689 ,
802 654 874 683 Non
891 654 975 692 fieret

231 694 278 723 sal
282 705 317 723 va
329 696 424 723 omnis
435 704 515 729 earo,
525 693 586 723 vult
598 693 676 724 nobis
685 693 831 731 ostendere,
844 694 910 734 quia
921 702 974 722 non

230 734 317 763 solum
338 734 492 774 spirituales
505 733 627 763 homines
644 740 670 763 et
711 733 801 762 erfecti
810 756 819 769 ,
834 732 881 763 sed
894 732 974 762 etiam

231 773 378 803 mediocres
392 773 514 803 homines
526 780 552 802 et
565 773 667 802 infirmi
700 784 714 802 e
726 773 775 802 illo
789 772 974 812 persequutio-

231 814 273 842 nis
285 813 406 859 periculo
419 819 482 843 sunt
495 812 629 842 liberandi
638 835 646 848 ,
658 822 710 842 non
725 813 825 842 virtute
838 812 913 848 fidei,
928 818 975 841 aut

1027 295 1156 334 loquutus
1166 302 1218 332 est,
1232 296 1267 325 ita
1281 295 1349 325 dicit
1361 308 1367 325 :
1388 296 1469 326 Tunc
1481 298 1508 325 si
1519 298 1584 336 quis
1596 297 1679 326 vobis
1689 296 1771 325 dixe-

1027 339 1078 371 rit,
1093 336 1172 365 Ecce
1191 337 1240 365 hic
1259 343 1301 365 est
1323 336 1475 372 Christus,
1495 347 1561 366 ecce
1581 336 1663 374 illic,
1679 335 1771 365 nolite

1029 375 1155 404 credere.
1168 375 1197 405 Si
1216 386 1318 405 memor
1334 386 1362 405 es
1374 375 1438 414 quia
1454 375 1679 406 abominationem
1691 375 1770 405 deso-

1028 414 1137 444 lationis
1146 414 1312 455 interpretati
1321 425 1416 444 sumus
1427 422 1556 445 staturam
1567 417 1595 445 in
1608 416 1668 446 loco
1678 422 1769 445 sancto

1029 454 1098 484 hanc
1110 454 1222 494 impiam
1235 454 1356 484 haeresim
1369 461 1560 495 occupaturam
1572 455 1630 485 loca
1641 455 1769 485 Christia—
1778 468 1853 493 ccvm

1029 504 1143 530 norum,
1159 494 1288 534 intelligis
1307 495 1434 534 quoniam
1447 494 1580 534 eleganter
1602 501 1641 524 est
1653 494 1768 524 dictum.

1029 535 1081 563 Per
1093 533 1162 563 hanc
1173 534 1246 563 enim
1254 534 1422 574 significahat
1430 534 1565 574 quomodo
1574 541 1600 564 et
1613 535 1772 575 priusquam

1029 573 1138 603 haeresis
1158 574 1207 603 ista
1228 574 1434 604 abominationis
1448 574 1505 604 loca
1518 581 1608 604 sancta
1620 574 1770 612 obtineret,

1029 619 1055 642 et
1071 613 1230 653 priusquam
1248 614 1419 644 diversarum
1430 613 1562 644 haeresum
1578 615 1772 644 constitueren—

1029 659 1074 682 tur
1089 653 1214 683 Ecclesiae
1224 677 1231 691 ,
1247 653 1367 683 seductio
1388 654 1567 693 quorumdam
1587 661 1644 684 erat
1657 654 1748 684 futura
1762 666 1769 683 :

1029 692 1098 723 sicut
1111 700 1137 723 et
1150 694 1250 723 factum
1268 701 1318 723 est.
1336 694 1374 724 Et
1394 700 1536 734 postquam
1557 694 1733 731 obtinuisset,
1747 701 1773 724 et

1029 732 1160 763 haeresum
1172 733 1341 764 diversarum
1352 733 1478 764 Ecclesiae
1487 734 1636 763 constitutae
1648 733 1771 771 fuissent,

1029 783 1061 802 eo
1073 773 1191 813 amplius
1205 774 1324 804 seductio
1338 773 1518 813 quorumdam
1531 780 1588 803 erat
1595 774 1687 803 futura
1700 786 1707 803 ε
1722 774 1774 804 sic-

1031 819 1061 841 ut
1081 820 1107 842 et
1120 813 1161 843 fit.
1181 814 1252 843 Nam
1279 814 1356 854 prius
1369 813 1436 843 nudi
1459 813 1618 854 dogmatum
1639 823 1773 843 sermones

231 859 326 882 merito
339 864 452 893 operum
463 863 585 890 suorum,
600 852 647 881 sed
661 851 787 883 velociter
800 852 975 882 subveniente
992 858 1010 881 B
1029 852 1160 882 faciebant
1180 864 1297 883 errorem
1306 876 1314 891 ,
1330 865 1402 884 nunc
1421 861 1511 883 autem
1525 854 1673 883 multarum
1685 853 1771 883 haere-

231 892 332 922 Christi
354 892 484 922 adventu.
507 893 568 922 Non
592 893 664 921 enim
691 899 801 932 propter
823 899 975 932 peccatores

231 932 344 962 dimittit
357 932 472 968 diutius,
485 939 515 961 ut
528 931 608 961 etiam
621 932 697 961 electi
712 932 897 972 periclitentur
907 954 914 968 ,
927 931 974 960 sed

230 978 341 1012 propter
358 972 455 1003 eleetos
468 971 640 1001 festinaturus
651 979 690 1001 est
696 995 708 1008 ‚
722 978 752 1000 ut
766 981 852 1010 neque
870 970 974 1000 medio-

230 1022 287 1041 cres
300 1011 425 1041 deficiant
439 1023 446 1041 :
457 1011 521 1050 quia
552 1011 663 1040 romtior
674 1018 712 1040 est
726 1012 799 1040 Deus
810 1010 845 1040 ad
854 1011 974 1040 liberan-

230 1051 280 1081 dos
299 1051 400 1088 bonos,
415 1062 496 1090 quam
517 1021 552 1080 ag
574 1050 724 1091 perdendos
745 1051 842 1079 malos.
861 1052 930 1080 Nam
949 1057 974 1080 et

231 1091 346 1126 aurifex,
355 1091 377 1120 si
389 1090 520 1121 invenerit
530 1101 627 1120 aurum
638 1090 764 1120 sordibus
778 1090 905 1127 mixtum,
921 1100 974 1120 non

230 1137 342 1170 propter
354 1130 446 1160 sordes
459 1130 539 1159 etiarn
557 1141 654 1159 aurum
671 1130 816 1159 contemnit
825 1153 832 1166 ‚
847 1130 894 1159 sed
908 1141 973 1171 pro—

232 1177 291 1209 pter
307 1170 445 1199 modicum
464 1181 562 1199 aurum
583 1177 722 1199 contentus
735 1176 774 1199 est
791 1169 872 1199 etiam
882 1170 974 1200 sordes

232 1210 363 1250 accipere.
378 1209 432 1240 Sed
444 1216 469 1239 et
482 1220 586 1250 semper
601 1209 659 1239 dies
672 1210 737 1239 mali
754 1216 907 1239 sanctorum
920 1210 975 1239 ah-

233 1249 400 1278 breviantur.
421 1251 461 1278 De
481 1248 582 1287 iniquis
602 1249 732 1289 seriptum
751 1256 808 1278 cst:
823 1250 887 1278 Viri
906 1260 974 1279 san-

231 1290 353 1328 guinum
365 1295 393 1318 et
413 1289 509 1317 dolosi
522 1299 582 1317 non
602 1290 796 1318 dimidiabunt
812 1289 874 1318 dies
893 1300 971 1320 suos.

233 1329 273 1358 De
281 1328 362 1367 justis
371 1334 461 1357 autem
472 1340 478 1357 :
489 1328 557 1357 Non
569 1329 650 1357 dabit
663 1331 693 1357 in
703 1329 975 1370 oeternumfluctua-

232 1369 341 1397 tionem
348 1369 440 1407 justo.
453 1367 551 1407 Accipe
559 1374 648 1396 autem
660 1367 728 1396 mihi
740 1367 774 1396 ad
783 1367 974 1398 documentum

231 1407 293 1452 ipsa.
306 1414 425 1446 tempora
438 1407 511 1435 anni.
528 1406 569 1435 Ab
580 1407 739 1445 aequinoctio
753 1407 856 1437 vernali
868 1407 971 1437 duode-

231 1457 294 1476 cimi
305 1446 404 1476 mensis
415 1446 547 1485 incipiunt
557 1446 687 1485 paulatim
699 1453 832 1486 tepescere
842 1457 915 1476 aeres
915 1458 974 1516 (per
991 1457 1009 1481 c

936 1498 973 1516 ies

231 1486 351 1525 singulos
362 1486 420 1521 dies
429 1508 437 1522 ,
457 1496 543 1524 usque
556 1485 591 1514 ad
604 1496 720 1515 mensem
734 1487 843 1515 tertium
853 1509 862 1523 ,
876 1493 902 1516 et

231 1525 290 1554 fieri
304 1525 428 1555 noctibus
440 1525 591 1565 longiorem
608 1525 671 1554 item
684 1525 719 1554 ab
738 1525 898 1564 aequinoctio
920 1537 973 1555 au-

231 1565 345 1594 tumnali
358 1565 456 1594 mensis
465 1564 572 1604 septimi
586 1564 721 1604 incipiunt
733 1564 864 1604 paulatim
875 1566 974 1596 iterum

231 1605 372 1643 frigescere
385 1615 458 1633 aeres
471 1615 520 1644 per
539 1604 661 1643 singulos
680 1603 737 1633 dies
746 1627 755 1642 ,
773 1611 800 1634 et
812 1612 901 1635 noctes
914 1606 972 1635 fieri

231 1644 365 1682 longiores
374 1644 471 1673 diebus
481 1655 565 1683 usque
573 1643 608 1673 ad
617 1654 733 1673 mensem
743 1654 855 1682 nonum,
865 1645 974 1684 quando

231 1683 382 1713 celebratur
399 1683 501 1713 Christi
519 1683 614 1713 natalis
626 1696 633 1713 z
644 1690 670 1713 et
683 1683 721 1713 sic
736 1683 911 1714 inveniuntur
924 1696 973 1715 no-

232 1734 292 1753 vem
301 1723 412 1762 quidem
425 1723 562 1753 mensibus
574 1734 647 1753 aeres
661 1722 769 1762 quidem
782 1726 931 1764 temperati,
947 1733 973 1755 et

231 1762 289 1792 dies
311 1763 470 1803 prolixiores
480 1784 488 1799 ,
508 1763 600 1800 >tribus
623 1770 712 1792 autem
741 1764 876 1793 mensibus
899 1775 972 1795 aeres

232 1802 373 1842 glaciales,
387 1809 413 1831 et
432 1802 489 1831 dies
509 1803 615 1832 breves.
641 1802 727 1833 Vides
751 1804 886 1842 quomodo
899 1806 972 1835 Deus

231 1842 440 1872 misericorditer
459 1841 642 1882 dispensavit,
659 1849 689 1872 ut
708 1841 766 1871 dies
784 1843 893 1882 quidem
907 1845 972 1874 mali

230 1881 402 1911 inveniantur
415 1888 440 1910 et
452 1882 543 1921 pauci,
558 1882 623 1911 boni
635 1889 723 1911 autem
763 1882 835 1912 lures
849 1890 874 1913 et
886 1884 970 1924 longi.

231 1921 261 1951 Si
269 1932 333 1960 ergo
343 1928 439 1951 statum
451 1921 545 1950 mundi
556 1921 650 1960 hujus,
661 1921 707 1960 qui
717 1893 760 1951 ad,
764 1933 842 1951 usum
850 1924 972 1954 omnium

230 1960 372 1990 homiuum
384 1961 534 1990 communis
544 1961 669 1996 habetur,
682 1961 720 1990 sic
735 1963 808 1991 Deus
821 1963 968 1993 misericor·

230 1999 301 2029 diter
314 2000 498 2040 dispensavit:
512 2007 612 2039 quanto
632 2001 716 2040 magis
730 2008 827 2031 statum
848 2002 910 2032 vitae
924 2014 972 2033 eo-

230 2050 292 2068 rum
314 2050 375 2069 cum
399 2040 494 2079 majori
518 2039 561 2069 dis
597 2047 654 2068 nsat
676 2040 877 2078 misericordia,
897 2050 926 2072 ut
946 2051 971 2072 et

230 2079 355 2108 voluntas
369 2090 461 2108 eorum
477 2079 504 2110 in
518 2051 596 2108 mali}
610 2086 707 2108 tentata
721 2080 857 2115 clarescat,
873 2090 899 2112 et
911 2083 972 2112 vir-

230 2124 274 2147 tus
294 2118 440 2148 voluntatis
461 2129 555 2148 eorum
578 2119 704 2148 velociter
717 2121 774 2149 Deo
798 2121 972 2152 subveniente

230 2167 284 2187 non
306 2158 423 2197 patiatur
447 2157 643 2188 defectionem?
667 2159 820 2189 Secundum
846 2162 918 2199 quod
945 2170 971 2192 et

230 2197 367 2237 apostolus
380 2197 446 2227 dicit
459 2209 466 2226 ι
483 2199 613 2226 Tentatio
622 2208 675 2227 vos
686 2209 746 2227 non
759 2201 969 2239 apprehendat,

231 2239 289 2266 nisi
303 2238 443 2266 humana.
469 2237 583 2266 Fidelis
597 2244 694 2267 autem
715 2239 815 2276 Deus,
837 2243 890 2279 qui
911 2252 970 2270 non

227 2279 357 2315 patietur
378 2287 433 2306 vos
457 2278 564 2306 tentari
585 2287 674 2317 supra
698 2278 731 2306 id
754 2280 833 2318 quod
851 2283 971 2319 potestis

229 2318 406 2353 substinere,
426 2317 479 2346 sed
490 2318 588 2357 saciet
611 2327 677 2346 cum
699 2321 860 2348 tentatione
882 2322 969 2350 etiam

226 2363 397 2395 proventum
409 2378 416 2391 ‚
433 2362 466 2386 ut
483 2357 600 2395 possitis
623 2357 754 2386 evadere.
773 2360 822 2387 25.
851 2360 931 2389 Tunc
945 2363 970 2390 si

229 2398 293 2435 quis
306 2398 391 2425 vobis
401 2396 519 2432 dixerit,
531 2397 610 2425 Ecce
623 2396 671 2425 hic
681 2402 723 2425 est
739 2398 885 2434 Christus,
905 2411 970 2430 ecee

228 2436 302 2470 illic,
318 2436 410 2465 nolite
423 2436 546 2465 credere.
563 2437 623 2472 Qua
636 2435 738 2465 ratione
751 2447 832 2477 supra
845 2438 966 2476 quidem,

226 2476 385 2514 priusquam
395 2474 429 2504 de
443 2474 640 2506 abominatione
659 2475 832 2506 desolationis
850 2489 968 2518 expone-

226 2522 283 2551 ret,
307 2515 345 2544 sic
365 2514 432 2545 dicit
446 2527 452 2543 :
466 2515 569 2544 Videte
591 2525 628 2544 ne
654 2517 720 2554 quis
747 2526 801 2545 vos
825 2518 944 2548 seducat
956 2531 963 2548 .·

225 2555 312 2584 multi
324 2557 401 2584 enim
415 2556 539 2584 venient
555 2556 586 2583 in
602 2557 719 2584 nomine
736 2566 800 2585 meo
819 2557 945 2588 dicentes
956 2581 964 2596 ‚

226 2596 297 2633 quia
310 2595 373 2633 Ego
387 2603 451 2623 sum
473 2594 604 2624 christus
612 2608 624 2630 ;
646 2595 692 2625 hie
703 2602 793 2625 autem
802 2619 809 2632 ,
823 2603 964 2635 postquam

1029 901 1088 921 sum
1103 892 1168 932 ipsae
1183 893 1308 923 Ecclesiae
1318 894 1476 924 constitutze‘.
1492 893 1556 922 Ideo
1570 900 1634 923 tunc
1645 893 1772 923 uniuscu-

1025 932 1123 971 jusque
1141 931 1276 973 dogmatis
1293 934 1397 964 nudum
1421 934 1533 964 verbum
1555 933 1679 963 dicebant
1691 945 1698 961 ε
1710 933 1771 973 Ego

1029 982 1089 1000 sum
1102 973 1215 1002 verbum
1229 973 1348 1003 veritatis
1359 997 1366 1011 ,
1382 974 1442 1014 Ego
1455 984 1516 1003 sum
1535 973 1671 1003 Christus.
1692 973 1717 1002 N
1720 982 1771 1002 unc

1029 1018 1118 1042 autem
1127 1012 1284 1052 singulatim
1293 1014 1454 1053 professores
1462 1013 1594 1043 haeresum
1603 1012 1772 1043 diversarum

1028 1050 1133 1088 dicunt,
1149 1053 1228 1082 Ecce
1241 1053 1290 1082 hic
1302 1059 1344 1083 est
1358 1054 1503 1088 Chr-istus,
1517 1052 1545 1082 id
1556 1059 1610 1090 est,
1630 1052 1751 1083 Ecclesia
1761 1073 1770 1088 ,

1028 1097 1057 1120 et
1067 1091 1143 1129 illic,
1158 1092 1187 1122 id
1201 1099 1249 1128 est,
1261 1093 1383 1123 Ecclesia
1400 1106 1406 1122 :
1421 1093 1486 1132 quia
1495 1093 1553 1133 jam
1570 1102 1623 1122 non
1636 1091 1772 1122 audiendo

1027 1130 1183 1171 dogmatum
1198 1132 1279 1162 verba
1289 1154 1297 1169 ‚
1311 1133 1359 1163 sed
1376 1132 1495 1163 videndo
1513 1142 1606 1161 eorum
1621 1130 1770 1168 scelestas,

1027 1170 1174 1200 Christiani
1195 1172 1410 1203 scandalizantur
1430 1172 1542 1202 infirmi.
1564 1171 1662 1201 Adhuc
1681 1177 1771 1201 autem

1027 1209 1062 1240 de
1074 1211 1240 1242 Antichristo
1252 1213 1367 1243 ostendit
1376 1223 1423 1253 per
1432 1212 1489 1242 baec
1499 1212 1594 1248 verba,
1607 1211 1670 1251 quia
1682 1211 1709 1240 in
1721 1210 1770 1240 illo

1027 1257 1148 1295 tempore
1156 1252 1238 1281 sancti
1249 1252 1276 1282 in
1287 1253 1380 1282 multis
1389 1252 1611 1282 tribulationibus
1620 1250 1769 1288 constituti,

1027 1290 1133 1330 fortiter
1146 1291 1336 1322 desiderabunt
1350 1292 1451 1323 Christi
1469 1292 1616 1321 adventum
1627 1313 1635 1327 ,
1646 1292 1703 1336 jam
1716 1300 1770 1320 non

1028 1330 1173 1360 sustinente
1196 1332 1284 1361 carnis
1305 1339 1411 1362 natura.
1438 1331 1607 1371 Aliquotiens
1630 1330 1752 1360 diximus
1760 1352 1770 1367 ,

1028 1369 1103 1408 quod
1115 1370 1241 1400 diabolus
1260 1381 1314 1401 non
1335 1372 1437 1411 ingerat
1461 1381 1546 1416 genus
1569 1371 1721 1400 tentationis
1741 1372 1770 1400 in

1028 1408 1175 1447 hominem,
1190 1410 1238 1439 sed
1250 1410 1415 1440 desiderium
1426 1411 1638 1450 uniuscujusque
1649 1410 1772 1440 conside-

1029 1455 1081 1485 rat,
1096 1456 1122 1478 et
1134 1449 1283 1480 secundum
1302 1449 1376 1489 quod
1397 1449 1498 1480 viderit
1514 1450 1651 1479 hominem
1664 1450 1771 1480 deside-

1027 1495 1129 1519 rantem
1138 1489 1254 1528 aliquid,
1265 1501 1300 1520 ex
1310 1500 1341 1519 eo
1351 1490 1448 1530 accipit
1461 1489 1626 1519 occasionem
1639 1489 1768 1519 tentandi.

1027 1527 1108 1557 Unde
1119 1535 1145 1558 et
1158 1529 1298 1559 Christum
1313 1540 1375 1558 cum
1386 1529 1546 1559 esurientem
1559 1529 1696 1566 sensisset,
1711 1536 1770 1558 ten-

1027 1567 1094 1597 tavit
1114 1568 1141 1597 in
1161 1569 1241 1598 same.
1263 1569 1299 1599 Et
1313 1569 1400 1598 Adam
1418 1576 1445 1599 et
1457 1569 1561 1598 Hevam
1584 1579 1645 1598 cum
1659 1568 1772 1598 vidisset

1026 1606 1177 1638 divinitatis
1196 1619 1315 1638 amorem
1333 1609 1460 1639 habentes
1470 1629 1478 1643 ,
1491 1608 1642 1638 divinitatis
1655 1608 1771 1648 promis-

1027 1646 1101 1677 sione
1115 1647 1233 1678 seduxit.
1247 1649 1285 1678 Et
1296 1648 1397 1679 Judam
1410 1659 1472 1678 cum
1484 1648 1630 1678 invenisset
1643 1658 1768 1686 avarum,

1027 1687 1147 1726 pecuniae
1161 1688 1309 1729 cupiditate
1319 1687 1355 1718 ad
1372 1688 1552 1734 proditionem
1566 1687 1713 1718 salvatoris
1725 1694 1770 1718 at-

1026 1727 1120 1756 traxit.
1136 1728 1311 1769 Sampsonem
1331 1739 1393 1758 cum
1411 1727 1556 1758 invenisset
1572 1734 1716 1757 amatorem
1729 1728 1769 1758 fe-
1778 1738 1856 1761 Judsc.
1871 1744 1881 1760 ι

1027 1766 1173 1803 minarum,
1208 1779 1238 1798 er
1250 1768 1390 1798 mulierem
1404 1767 1590 1813 praecipitavit.
1609 1767 1654 1797 Sic
1667 1777 1732 1808 ergo
1744 1773 1772 1797 et

1028 1813 1091 1836 tune
1104 1807 1186 1836 diabo
1200 1819 1230 1838 us
1243 1808 1339 1838 videns
1358 1815 1462 1837 sanctos
1481 1818 1508 1836 in
1521 1807 1652 1848 angustiis
1669 1807 1770 1836 consti-

1030 1852 1114 1884 tutos,
1137 1854 1162 1876 et
1180 1848 1284 1877 fortiter
1297 1847 1476 1878 desiderantes
1489 1847 1590 1877 Christi
1605 1846 1750 1876 adventum
1759 1869 1768 1885 ,

1028 1886 1147 1925 primum
1157 1887 1267 1926 quidem
1277 1894 1386 1928 propter
1398 1887 1579 1917 intolerabiles
1590 1886 1771 1927 persequutio-

1029 1936 1075 1955 nes
1083 1949 1091 1963 ,
1117 1926 1215 1956 deinde
1249 1935 1359 1967 propter
1385 1927 1616 1968 repromissionem
1642 1926 1770 1966 temporis

1028 1965 1104 1995 illius
1116 1965 1150 1995 de
1161 1966 1277 1997 adventu
1289 1967 1402 2003 Christi,
1414 1978 1473 2006 quae
1482 1967 1549 1997 sacta
1561 1967 1647 1995 fuerat
1660 1966 1687 1995 in
1701 1965 1772 1996 Seri-

1028 2006 1116 2044 pturis
1126 2028 1134 2041 ,
1158 2006 1219 2036 ideo
1237 2007 1288 2036 sub
1301 2007 1408 2037 nomine
1422 2006 1523 2036 Christi
1536 2013 1562 2036 et
1575 2006 1770 2046 prophetarum

1027 2045 1142 2074 tentabat
1154 2046 1280 2075 seducere
1291 2053 1406 2076 sanctos.
1422 2047 1457 2076 Et
1467 2057 1535 2085 quos
1546 2045 1661 2075 diversis
1668 2045 1767 2075 crucia-

1025 2085 1100 2113 tibus
1118 2096 1170 2115 non
1185 2086 1272 2125 potuit
1285 2096 1423 2126 superare,
1438 2086 1526 2115 victus
1544 2085 1572 2114 in
1585 2095 1633 2114 sua
1646 2084 1768 2114 creduli-

1026 2130 1089 2159 tate,
1098 2125 1217 2154 armabat
1229 2135 1257 2154 se
1267 2125 1372 2161 fraude,
1380 2125 1471 2155 dicens
1483 2136 1530 2164 per
1541 2134 1603 2153 suos
1611 2123 1761 2153 ministros:

1027 2164 1106 2193 Ecce
1121 2165 1169 2193 hic
1182 2171 1224 2193 est
1238 2165 1370 2201 Christus
1381 2187 1388 2200 ,
1403 2175 1468 2194 ecce
1485 2165 1559 2193 illic.
1574 2165 1643 2193 Nam
1658 2163 1767 2202 quando

1026 2203 1117 2242 aliqua
1130 2214 1221 2233 rerum
1234 2205 1400 2234 conturbatio
1413 2204 1454 2241 fit,
1465 2211 1530 2234 tunc
1542 2203 1681 2233 abundant
1690 2205 1768 2232 'men-

1025 2242 1112 2273 dacia.
1128 2244 1322 2283 Unusquisque
1335 2244 1407 2273 enim
1418 2243 1483 2273 dum
1495 2251 1542 2273 aut
1555 2243 1630 2273 timet
1642 2243 1764 2274 adversa,

1025 2290 1071 2312 aut
1089 2283 1222 2313 desiderat
1242 2295 1370 2324 prospera
1382 2307 1389 2321 ,
1411 2284 1469 2324 ipse
1489 2283 1543 2313 sibi
1555 2293 1638 2312 novas
1659 2289 1768 2323 generat

1023 2322 1116 2352 famas.
1132 2324 1167 2353 Et
1179 2330 1208 2352 ut
1220 2322 1346 2353 diabolus
1359 2334 1500 2364 suspensas
1513 2322 1616 2352 animas
1627 2322 1768 2352 hominum

1024 2361 1131 2392 inventa
1142 2363 1279 2393 occasione
1288 2362 1405 2400 deludit,
1419 2363 1470 2393 hoc
1480 2363 1605 2393 nuntians
1616 2361 1644 2391 in
1655 2362 1767 2391 auribus

1024 2401 1175 2439 hominum,
1190 2403 1240 2432 hoc
1255 2410 1458 2439 ostentansante
1469 2403 1562 2432 oculos
1574 2411 1679 2437 eorum,
1693 2400 1766 2440 quod

1024 2451 1241 2481 unumquemque
1254 2450 1299 2472 aut
1312 2443 1408 2472 timere
1416 2449 1464 2472 aut
1472 2441 1624 2471 desiderare
1634 2451 1767 2480 cognove-

1024 2481 1070 2510 rit.
1094 2483 1170 2511 Sicut
1193 2482 1265 2511 enim
1286 2489 1402 2522 aegrotus
1424 2482 1452 2511 in
1477 2481 1618 2511 doloribus
1643 2480 1745 2520 positus
1756 2502 1764 2514 ,

1023 2521 1097 2550 omni
1107 2522 1211 2550 homini
1220 2522 1369 2552 ostendenti
1381 2521 1432 2551 sibi
1445 2520 1548 2560 aliquid
1559 2519 1595 2549 ad
1605 2519 1764 2556 remedium,

1022 2560 1100 2589 facile
1122 2561 1223 2597 credit,
1246 2572 1297 2591 non
1319 2561 1473 2602 dijudicans
1491 2570 1618 2601 personas
1631 2559 1764 2589 medican-

1023 2599 1101 2637 tium,
1116 2611 1201 2640 neque
1215 2601 1361 2631 discutiens
1372 2600 1484 2630 artificia
1494 2610 1586 2630 eorum
1601 2612 1609 2628 ε
1623 2599 1679 2639 ipsa
1693 2599 1766 2628 enim

1893 1800 1904 1837 ‘a

1892 1835 1904 2073 l
