1904 2840
163 1215 237 1232 xcviu

101 1249 191 1273 Esaia.
199 1250 221 1272 3.

248 187 316 232 780

835 194 918 221 OPUS
943 197 981 221 11⁵¹
985 197 1182 221 PERFECTUM

247 266 344 295 tamen,
358 264 488 297 quantum
501 257 536 287 ad
555 254 706 295 diabolum,
721 258 859 288 ostendere
878 259 920 288 illi
934 270 987 289 non
1003 262 1024 286 A
1039 270 1122 299 gnum
1135 258 1170 289 de
1184 269 1264 288 manu
1275 255 1386 289 David?
1398 259 1468 290 Nam
1481 269 1543 290 vere
1553 269 1608 290 non
1618 257 1657 291 'est
1666 258 1790 292 mundus

266 304 359 334 oterat,
374 308 454 336 quem
473 296 609 326 hominem
621 297 778 327 aestimabat.
794 298 847 328 Sed
862 299 898 328 ita
913 298 989 328 intel-

247 310 386 376 ligendum
399 343 449 372 est,
463 337 613 366 Assumsit
625 348 690 367 eum
704 347 790 377 super
801 345 929 367 montem
941 349 990 367 ex-

248 377 358 406 celsum
370 376 463 405 valde
475 390 484 406 .·
497 376 560 415 quia
575 383 675 415 quanto
686 377 771 416 magis
784 378 915 407 excelsior
928 378 988 407 fue-

247 417 283 446 rit
303 427 389 451 mons‚
403 422 476 445 tanto
495 416 581 454 magis
597 415 734 456 aspicienti
754 426 789 446 ex
801 426 833 446 eo
846 417 990 456 spatiosior

246 463 316 485 terra
330 456 447 486 videtur.
457 455 581 485 Ostendit
593 462 682 485 autem
699 455 745 493 ita,
760 466 813 485 non
827 463 857 486 ut
868 456 926 496 ipsa
944 467 988 486 re-

247 506 312 534 gna,
326 495 370 525 vel
386 495 507 525 civitates
521 505 625 532 eorum,
639 495 680 525 vel
695 496 821 535 populos,
837 496 880 526 vel
895 506 989 542 argen-
1017 526 1019 528 ,

247 542 316 571 tum,
329 535 372 564 vel
386 545 483 564 aurum
495 534 598 564 videret
609 547 615 563 ι
629 534 676 564 sed
689 542 776 574 partes
790 542 876 573 terrae,
889 536 917 565 in
929 546 990 574 qui-

246 575 298 603 bus
312 574 523 613 unumquodque
533 584 656 613 regnum,
667 574 711 604 vel
724 574 935 615 uniuscujusque
947 585 990 604 re-

247 614 292 652 gni
307 614 402 644 civitas
418 613 503 653 posita
517 619 573 642 erat
587 625 594 641 τ
607 620 638 642 ut
651 620 715 654 puta
729 614 752 643 si
769 615 895 644 ascendas
908 625 991 655 super

247 653 382 682 excelsum
397 653 499 689 locum,
514 652 599 693 digito
613 659 722 683 extenso
740 653 828 683 dicam
844 654 906 691 tibi,
922 655 991 684 Ecce

247 693 285 722 ihi
305 700 344 722 est
367 694 468 730 Roma,
487 699 534 722 aut
555 692 594 721 ihi
618 699 657 722 est
680 693 842 723 Alexandria
855 716 863 731 ‚
880 704 932 723 non
951 694 991 724 sic

247 732 356 761 ostendo
370 732 433 767 tihi,
449 739 479 761 ut
492 732 563 772 ipsas
576 731 668 761 videas
686 732 807 763 civitates
816 754 823 767 ,
833 733 881 762 sed
903 740 991 773 partes

247 779 322 801 terroe
338 772 367 803 in
378 772 478 811 quibus
491 771 583 811 positae
597 778 670 801 sunt.
683 772 712 802 Si
725 773 796 801 enim
810 780 897 802 nautae
909 783 989 802 unam

247 811 352 840 stellam
365 811 536 851 aspicientes,
548 821 600 840 non
619 810 708 841 dicam
721 811 756 840 ad
774 822 991 851 unamquamque

248 851 430 890 provinciam,
443 850 488 880 vel
509 850 640 888 insulam,
656 851 702 880 sed
721 851 758 880 ad
776 861 991 891 unamquamque

247 890 393 926 civitatem,
406 897 432 919 ct
443 889 479 919 ad
491 890 596 929 singula
606 891 675 927 loca,
686 901 746 929 quee-
756 897 859 931 petunt,
873 891 930 920 sine
940 892 990 921 ali-

247 941 301 968 quo
326 941 415 959 errore
438 936 485 959 aut
507 929 682 970 devagatione
703 929 826 969 dirigunt
855 940 964 960 mirsam
980 943 988 960 t

247 976 346 1007 quanto
361 969 445 1009 magis
458 969 596 1005 diabolus,
611 969 658 1008 qui
672 970 797 1010 princeps
810 970 879 1000 aeris
891 970 990 1000 consii-

247 1016 331 1044 tutus,
346 1016 427 1038 totam
440 1015 537 1038 tei-ram
557 1019 611 1038 non
624 1009 713 1038 solum
726 1010 836 1045 sciebat,
850 1010 898 1039 sed
911 1010 989 1039 etiam

247 1055 273 1077 et
280 1048 400 1084 videbat,
410 1055 512 1088 poterat
521 1047 629 1078 Christo
640 1059 703 1088 ergo
711 1055 737 1078 et
750 1049 856 1094 singula
866 1049 923 1079 loca
932 1060 991 1079 cer-

247 1087 348 1118 tissime
361 1088 446 1127 digito
457 1087 648 1124 demonstrare,
659 1095 684 1117 et
697 1088 909 1128 uniuscujusque
916 1089 991 1128 regni
1011 1104 1013 1107 r

248 1127 361 1156 honores
375 1134 400 1156 et
413 1134 510 1156 statum
525 1127 615 1157 verbis
628 1129 782 1168 exponere?
796 1129 866 1158 Nam
879 1139 931 1158 non
945 1139 990 1158 so-

247 1166 305 1195 lum
317 1174 451 1196 ostensum
464 1166 574 1202 dicitur,
590 1167 664 1204 quod
678 1167 828 1197 ostenditur
845 1167 880 1197 ad
894 1168 990 1198 viden-

248 1205 326 1242 dum,
338 1206 383 1235 sed
396 1206 475 1234 etiam
488 1205 562 1243 quod
574 1206 719 1244 exponitur
727 1207 761 1236 ad
771 1206 990 1247 intelligendum,

249 1245 317 1274 sicut
327 1246 455 1284 scriptum
471 1251 509 1273 est
520 1257 526 1273 :
542 1246 748 1275 Asca-adamus
759 1248 790 1275 in
804 1248 922 1276 domum
935 1249 993 1277 Dei

248 1285 356 1321 Jacob,
370 1291 397 1312 et
409 1284 539 1313 ostendet
553 1286 636 1312 nobis
649 1286 730 1314 viam
743 1296 836 1319 suam,
850 1293 877 1314 el
891 1289 991 1316 ambu-

250 1324 376 1352 labimus
399 1325 430 1351 in
450 1333 496 1351 ea.
516 1324 547 1352 9.
569 1325 642 1352 Hoec
663 1326 763 1353 omnia
788 1327 841 1353 tibi
864 1326 953 1361 dabo,
967 1328 992 1354 si

247 1363 400 1402 procidens
424 1363 593 1391 adoraveris
614 1373 668 1391 me.
692 1363 837 1393 Considera
856 1365 991 1402 quomodo

250 1402 340 1431 omnis
350 1401 491 1442 promissio
499 1401 522 1441 ej
527 1411 557 1430 us
565 1401 757 1432 irrationabilis
769 1410 818 1439 est,
827 1410 852 1432 et
863 1404 989 1434 mendax.

249 1442 328 1471 Certe
347 1441 394 1470 uni
408 1441 472 1470 dare
485 1451 536 1470 non
552 1448 655 1480 poterat
674 1443 774 1478 omnia,
787 1443 838 1472 nisi
851 1443 886 1472 ab
899 1443 987 1472 omni-
1006 1446 1025 1471 C
1041 1448 1127 1478 retro,
1143 1449 1250 1472 satana
1255 1457 1267 1478 ,·
1290 1446 1427 1483 scriptum
1443 1450 1486 1473 est
1506 1446 1583 1473 enim
1595 1455 1607 1472 .-
1622 1446 1781 1475 Dominum
1795 1453 1904 1480 Deuca·

248 1481 300 1510 bus
319 1481 408 1510 omnia
428 1481 550 1515 tolleret3
563 1480 585 1509 si
599 1488 689 1510 autem
708 1482 743 1510 ab
762 1483 887 1511 omnihus
902 1484 991 1512 omnia

249 1520 365 1556 tolleret,
375 1531 391 1549 a
402 1520 506 1554 nemine
516 1519 683 1556 adoraretur,
695 1531 757 1550 cum
768 1521 893 1551 diabolus
907 1532 993 1561 neque

249 1570 283 1588 ex
296 1570 395 1597 amore,
405 1570 489 1598 neque
503 1570 536 1588 ex
547 1559 643 1588 timore
652 1559 820 1590 adoretur-ab
830 1561 932 1599 a'iquo,
946 1561 992 1591 sed

249 1600 311 1638 quia
335 1599 467 1638 promittit
482 1598 604 1634 divitias,
612 1606 658 1628 aut
671 1599 727 1629 dat.
747 1600 890 1637 Quomodo
903 1607 992 1630 autem

248 1638 407 1678 expediebat
424 1638 534 1667 diabolo
551 1638 586 1667 ab
599 1638 724 1668 omnibus
745 1640 833 1669 omnia
847 1640 951 1677 tollere,
966 1648 992 1670 et

249 1679 296 1707 uni
315 1678 390 1714 clare,
413 1685 442 1707 ut
455 1678 489 1707 ab
502 1678 628 1707 omnibus
642 1685 835 1716 contemnatur,
850 1687 877 1709 et
889 1680 924 1709 ab
939 1691 991 1709 uuo

247 1718 373 1747 colatur?
399 1717 453 1748 Sed
477 1728 563 1756 neque
588 1717 660 1746 illud
685 1718 773 1748 dicere
793 1730 946 1758 possumus,
963 1727 992 1749 ut

249 1757 432 1796 unusquisque
449 1757 560 1796 quidem
574 1767 622 1786 sua
644 1764 754 1794 teneret,
769 1758 819 1787 iste
841 1766 930 1788 autem
943 1770 991 1789 su-

247 1807 296 1836 per
309 1798 398 1826 omnia
416 1804 495 1826 esset.
513 1798 588 1827 Unus
610 1798 680 1826 enim
694 1808 775 1837 super
789 1808 894 1828 omnem
909 1809 990 1828 mun-

247 1836 313 1865 dum
333 1847 418 1875 neque
437 1843 487 1872 est,
502 1846 534 1865 ne
573 1846 587 1864 e
598 1836 649 1865 fuit
664 1837 819 1875 aliquando,
834 1842 918 1877 neque
932 1839 990 1868 fieri

247 1883 344 1915 potest,
357 1883 387 1904 ut
401 1886 454 1905 non
468 1876 503 1905 sit
521 1876 542 1904 il
556 1875 564 1903 i
586 1875 683 1914 aliquis
705 1886 756 1905 non
778 1877 914 1907 subditus.
928 1878 990 1907 Pri-

247 1926 333 1950 mum,
346 1922 454 1955 propter
465 1916 563 1950 Deum,
576 1915 641 1953 quia
651 1925 702 1944 non
713 1917 834 1946 concedit
845 1917 953 1946 diabolo
964 1925 989 1947 et

246 1954 298 1984 hoc
319 1956 404 1983 facere
417 1965 505 1994 posse.
518 1954 654 1990 Secundo,
666 1963 776 1995 propter
789 1956 877 1996 ipsum
893 1956 988 1986 diabo-

247 1993 315 2023 lum.
326 1994 463 2024 Gaudium
475 1993 557 2028 enim,
568 2000 595 2022 et
605 1994 699 2031 gloria,
713 2002 738 2024 et
748 2003 862 2035 potestas
871 1996 985 2033 diaboli,

1039 299 1151 334 diaboli,
1160 309 1245 337 neque
1253 308 1333 338 regna
1343 298 1426 328 itlius.
1437 298 1572 339 Scriptum
1579 307 1619 329 est
1625 300 1696 330 enim
1708 311 1717 330 ε
1726 302 1786 332 Per
1793 302 1904 327 Ρων.8.ι

1040 349 1086 367 me
1098 349 1178 378 reges
1192 344 1327 378 regnant,
1339 344 1368 367 et
1385 349 1439 379 per
1453 348 1500 368 me
1517 341 1641 377 tyranni
1653 341 1786 370 scribunt

1035 379 1192 417 justitiam.
1214 377 1270 407 Sed
1287 388 1328 415 oa,
1345 386 1405 417 quae
1422 388 1472 418 per
1484 378 1651 418 iniquitatem
1668 387 1785 426 aguntur

1042 418 1070 446 in
1091 417 1193 446 mundo
1211 428 1217 444 τ
1232 424 1260 447 ut
1284 424 1347 457 puta
1362 428 1410 457 per
1422 418 1536 455 furtum,
1552 425 1598 448 aut
1609 430 1659 459 per
1672 430 1728 449 vim
1742 429 1784 449 ao·

1042 457 1149 495 quisisti
1162 456 1284 494 divitias,
1299 463 1345 486 aut
1358 457 1447 496 aliqua
1461 457 1610 497 perditione
1623 459 1718 488 animae
1731 466 1786 488 tute

1042 496 1183 536 suscepisti
1193 496 1307 526 honores
1320 507 1326 523 =
1342 496 1404 526 illas
1418 497 1468 526 tibi
1478 496 1588 527 divitias
1596 497 1722 528 diabolus
1732 498 1784 528 de-

1042 535 1093 571 dit,
1108 536 1155 565 sed
1167 546 1219 565 non
1234 537 1299 576 ipsae
1314 536 1417 565 divitiae
1428 536 1532 566 diaboli
1542 544 1615 575 sunt,
1627 541 1640 555 ⁸
1652 537 1700 567 sed
1718 548 1784 578 pro-

1042 575 1111 604 visio
1122 586 1224 604 earum.
1241 577 1295 605 Res
1305 582 1395 605 autem
1406 576 1470 616 ipsae
1480 575 1636 612 iniussum,
1648 577 1696 616 qui
1709 588 1783 607 crea-

1042 614 1082 644 vit
1096 625 1141 644 eas
1160 615 1194 644 ad
1217 615 1387 655 probationes
1399 622 1551 645 sanctorum
1561 623 1587 646 et
1600 624 1782 662 peccatorum.

1042 654 1076 683 Et
1091 654 1158 683 inter
1167 654 1235 683 duas
1248 654 1414 684 conditiones
1423 655 1514 695 posuit
1527 655 1588 686 illas
1599 666 1627 685 in
1640 656 1740 694 medio,
1753 663 1784 686 ut

1041 700 1066 722 et
1077 693 1202 723 diabolus
1212 694 1296 734 possit
1308 694 1369 724 illas
1380 693 1455 730 dare,
1462 696 1575 726 etDeus.
1583 697 1652 726 Nam
1663 695 1730 725 dans
1740 706 1786 736 po·

1041 739 1161 763 testatem
1182 733 1304 769 diabolo,
1319 744 1372 763 non
1386 744 1401 763 a
1418 744 1446 763 se
1463 734 1576 770 dimisit,
1591 742 1621 765 ut
1633 735 1656 765 si
1672 734 1783 774 quidem

1041 782 1103 801 eum
1120 780 1227 812 peccato
1241 773 1427 812 acquirantur,
1441 784 1491 814 per
1509 773 1650 804 diabolum
1663 774 1782 804 dentur:

1041 811 1082 840 sin
1094 819 1185 841 autem
1195 813 1252 842 sine
1258 819 1375 852 peccato,
1386 824 1433 852 per
1446 814 1543 842 Deum.
1558 814 1629 844 Ecce
1637 814 1708 844 enim
1720 824 1784 844 ocu-

1041 850 1083 881 los
1094 858 1209 888 nostros,
1223 859 1248 881 et
1261 863 1350 888 aures,
1361 859 1387 881 ct
1396 863 1437 889 os,
1455 860 1481 882 et
1492 860 1585 882 caetera
1596 854 1727 891 membra,
1740 853 1784 883 in-

1041 897 1081 919 ter
1095 890 1163 920 duas
1176 891 1342 921 conditiones
1351 892 1389 921 sic
1400 892 1500 922 creavit
1509 893 1535 922 in
1548 893 1677 930 medio‚nt
1687 900 1716 923 et
1723 892 1785 923 dis-

1041 929 1121 959 bolus
1131 931 1232 970 aperiat
1246 931 1339 960 oculos
1350 931 1479 968 hominis,
1492 939 1518 961 et
1528 933 1610 962 Deus.
1626 934 1655 963 Si
1668 933 1739 962 euim
1748 933 1784 963 ad

1040 975 1070 998 ιιι
1105 980 1146 999 em
1155 980 1211 999 rem
1222 970 1328 1010 aperuit
1339 971 1420 1000 homo
1434 971 1670 1007 oculos‚diabolus
1678 973 1784 1012 aperuit

1040 1018 1091 1038 ocu
1103 1019 1134 1038 os
1146 1008 1206 1048 ejus
1219 1021 1225 1037 =
1241 1010 1264 1039 si
1282 1017 1372 1039 autem
1385 1010 1420 1039 ad
1437 1010 1582 1050 justitiam,
1595 1013 1680 1042 Deus.
1696 1013 1784 1041 Num-

1041 1048 1149 1085 quidex
1158 1049 1221 1086 hoc,
1228 1049 1291 1088 qnia
1301 1050 1420 1086 membra
1431 1057 1518 1079 nostra
1529 1051 1683 1080 interduma
1690 1051 1784 1081 diabo-

1042 1087 1069 1116 lo
1083 1095 1211 1128 aguntur‚
1224 1086 1379 1118 volentibus
1389 1089 1482 1125 nobis,
1493 1090 1550 1129 jam
1561 1090 1679 1120 membra
1693 1098 1782 1120 nostra

1042 1126 1143 1156 diaboli
1157 1128 1241 1158 sunt?
1253 1128 1299 1158 Sic
1312 1134 1338 1158 et
1354 1128 1459 1158 divitia:
1481 1129 1606 1173 quamvis
1624 1130 1782 1160 interduma

1042 1166 1151 1196 diabolo
1162 1167 1271 1204 dentur,
1290 1175 1378 1198 tamen
1391 1167 1493 1197 diaboli
1506 1178 1558 1198 non
1573 1176 1645 1198 sunt.
1658 1169 1691 1199 'Si
1711 1169 1783 1199 enim

1042 1217 1105 1235 vere
1122 1207 1284 1243 consideres,
1299 1208 1384 1246 magis
1406 1207 1510 1237 divitiae
1533 1209 1543 1237 i
1563 1219 1599 1238 sae
1613 1209 1640 1238 in
1656 1215 1784 1249 potestate

1042 1253 1105 1275 sunt
1119 1246 1245 1283 hominis,
1253 1258 1335 1286 quam
1349 1247 1376 1276 in
1386 1254 1514 1286 potestate
1521 1247 1635 1278 diaboli.
1644 1250 1713 1278 Nam
1725 1247 1783 1278 dia-

1042 1285 1122 1314 bolus
1135 1296 1188 1315 non
1211 1287 1310 1325 quibus
1323 1287 1380 1332 ipse
1401 1287 1473 1324 vult,
1487 1287 1599 1317 divitias
1609 1287 1674 1319 dare
1686 1294 1783 1328 potest,

1042 1324 1089 1352 sed
1106 1326 1152 1363 qui
1167 1326 1263 1354 volunt
1286 1326 1321 1355 ab
1334 1326 1384 1355 illo
1402 1326 1534 1366 accipere.
1550 1327 1637 1357 Homo
1653 1334 1742 1358 autem
1754 1327 1783 1357 in

1061 1370 1168 1393 otestate
1177 1364 1287 1400 habet,a
1297 1376 1352 1404 qno
1366 1365 1428 1394 vult
1436 1376 1480 1394 eas
1492 1366 1620 1406 accipere,
1633 1366 1713 1397 sivea
1721 1367 1783 1397 dia-

1077 1402 1115 1439 lo,
1125 1403 1204 1432 sivea
1214 1405 1283 1433 Deo.
1294 1406 1343 1434 10.
1361 1405 1442 1433 Tunc
1455 1406 1525 1434 dicit
1537 1407 1564 1434 ei
1576 1407 1683 1435 Jesus:
1701 1407 1784 1435 Vade

1042 1482 1139 1511 Deum
1154 1489 1235 1511 tuum
1260 1483 1407 1519 adorabis,
1422 1490 1451 1512 et
1462 1483 1510 1512 illi
1521 1484 1578 1513 soli
1597 1486 1713 1514 servies.
1730 1486 1781 1515 Fi—

1041 1531 1102 1550 nem
1113 1522 1230 1551 tentandi
1244 1521 1476 1563 diaboloimponit
1484 1522 1587 1560 dicens,
1599 1524 1682 1553 Vade
1691 1531 1780 1561 retro,

1041 1567 1158 1598 satana,
1173 1568 1202 1590 ut
1210 1571 1244 1590 ne
1256 1562 1447 1601 progrediatur
1458 1562 1572 1592 ulterius
1584 1570 1696 1594 tentans.
1712 1564 1780 1594 Dia-

1040 1600 1120 1630 bolus
1131 1607 1231 1635 autem,
1247 1601 1316 1630 sicut
1330 1601 1440 1631 rationis
1450 1609 1490 1630 est
1510 1602 1670 1642 intelligere,
1684 1603 1714 1632 id
1729 1611 1779 1640 est,

1041 1640 1110 1669 sicut
1118 1640 1313 1670 rationabiliter
1323 1641 1439 1680 intelligi
1448 1647 1598 1681 potest‚non
1606 1643 1686 1681 quasi
1695 1643 1781 1673 obau-

1040 1679 1116 1708 diens
1142 1679 1178 1709 ad
1199 1687 1372 1720 praeceptum,
1396 1681 1504 1710 recessit
1520 1691 1527 1708 :
1551 1681 1598 1710 sed
1623 1688 1671 1711 aut
1695 1682 1782 1722 ipsius

1040 1719 1141 1748 Christi
1160 1719 1300 1755 divinitas,
1315 1727 1362 1749 aut
1382 1720 1500 1760 Spiritus
1523 1727 1640 1757 sanctus,
1655 1721 1703 1760 qui
1724 1729 1781 1752 erat

1039 1758 1067 1786 iu
1081 1769 1112 1788 eo
1123 1760 1241 1789 excussit
1260 1759 1324 1788 inde
1335 1759 1476 1789 diabolum
1493 1760 1587 1799 :quod
1608 1760 1644 1790 ad
1663 1767 1781 1791 nostram

1039 1798 1246 1828 consolationem
1259 1799 1366 1838 proficit
1385 1800 1514 1836 maxime,
1529 1800 1591 1839 quia
1606 1811 1659 1830 non
1675 1801 1781 1831 tamdiu

1038 1837 1159 1867 homines
1182 1838 1232 1867 Dei
1244 1838 1371 1868 diabolus
1391 1845 1484 1875 tentat,
1500 1839 1629 1878 quamdiu
1647 1840 1719 1876 vult,
1731 1840 1779 1870 sed

1037 1877 1167 1915 quamdiu
1178 1878 1303 1907 Christus
1315 1889 1376 1907 eum
1387 1877 1528 1918 permittit,
1537 1878 1580 1908 vel
1591 1879 1708 1919 Spiritus
1721 1877 1780 1910 sa'n-

1036 1923 1105 1953 etus,
1120 1917 1167 1956 qui
1188 1924 1227 1946 est
1240 1918 1268 1946 in
1281 1918 1330 1946 eis.
1351 1918 1483 1947 Diabolus
1496 1918 1580 1955 enim,
1591 1926 1721 1957 quantum
1743 1919 1779 1949 ad

1036 1966 1075 1991 se,
1090 1966 1236 1995 numquam
1256 1964 1368 1986 cessaret
1391 1964 1515 1987 tentans:
1539 1968 1588 1987 nce
1608 1959 1679 1987 enim
1697 1958 1779 1988 babet

1036 1996 1121 2024 alium
1132 2003 1233 2026 actum.
1248 1997 1308 2025 Non
1323 1996 1476 2033 manducat,
1490 2007 1541 2026 non
1555 1997 1636 2033 bibit,
1650 2008 1702 2027 non
1715 1997 1778 2028 dor-

246 2033 274 2062 in
287 2044 342 2071 quo
355 2040 405 2068 est,
420 2033 471 2062 nisi
487 2033 514 2061 in
528 2033 663 2071 superbia,
679 2040 704 2063 et
721 2035 748 2064 in
763 2035 875 2071 invidia,
891 2036 919 2065 in
935 2036 984 2071 ira,
1002 2043 1021 2065 D
1037 2035 1096 2069 mit,
1109 2046 1160 2064 non
1177 2046 1245 2074 opus
1259 2036 1371 2074 aliquod
1381 2036 1456 2065 aliud
1468 2037 1666 2076 operatur-,nisi
1680 2044 1709 2066 ut
1724 2044 1778 2066 ten—

245 2072 272 2100 in
287 2083 355 2101 vana
375 2072 472 2111 gloria,
487 2079 513 2101 et
533 2072 575 2101 his
590 2073 743 2102 similibus?
757 2075 814 2104 Ubi
831 2075 888 2104 haec
905 2085 986 2104 exer-

243 2118 349 2148 centur,
363 2122 445 2140 unum
467 2122 578 2150 regnum
600 2119 669 2141 stare
691 2123 742 2142 non
765 2121 861 2153 potest,
878 2115 925 2144 sed
937 2125 986 2144 ne-

242 2161 314 2180 cesse
326 2158 376 2186 est,
390 2158 420 2180 ut
441 2150 580 2180 dividatur
597 2151 624 2180 in
638 2152 727 2190 plura.
745 2154 802 2183 Ubi
816 2161 903 2183 autem
929 2154 985 2184 haec

241 2200 295 2219 non
310 2197 476 2227 exercentur,
492 2190 616 2219 diabolus
636 2201 687 2220 non
710 2193 817 2229 colitur,
833 2204 919 2233 neque
941 2205 983 2223 re-

241 2236 315 2268 gnat.
331 2229 474 2267 Quomodo
494 2240 557 2268 ergo
578 2241 688 2269 reguum
703 2232 753 2260 sihi
768 2233 883 2270 tolleret,
899 2240 924 2262 et
942 2233 983 2263 illi

240 2269 335 2298 daret?
350 2269 464 2306 Deinde,
477 2269 544 2308 quid
558 2269 580 2298 si
594 2271 677 2300 sancti
691 2279 765 2301 erant
779 2272 805 2301 in
820 2272 921 2302 mundo
931 2273 981 2302 ali-

239 2308 313 2347 quod
333 2319 445 2348 rcgnum
459 2309 597 2338 tenentes?
610 2311 677 2339 Nam
693 2310 714 2339 si
729 2313 860 2351 peccatori
877 2312 942 2342 dare
956 2320 982 2342 et

238 2348 333 2377 tollere
347 2355 433 2388 potest
456 2348 575 2383 divitias,
591 2350 688 2379 sanetis
705 2360 789 2389 neque
803 2352 877 2388 dare,
892 2362 978 2390 neque

236 2388 330 2417 tollere
344 2395 439 2427 potest.
456 2390 578 2424 Putasne,
593 2399 696 2428 semper
715 2391 802 2420 voluit
825 2392 919 2421 tollere
933 2391 975 2420 ‹li-

235 2427 315 2456 vitias
329 2428 403 2458 Joh?
414 2429 467 2458 Sed
481 2437 531 2457 non
545 2428 641 2467 potuit,
652 2429 701 2458 nisi
713 2431 820 2467 quando
830 2431 974 2470 permissus

234 2473 282 2495 est.
298 2467 438 2506 Numquid
452 2477 503 2497 nou
518 2468 616 2505 voluit,
631 2468 654 2497 si
674 2470 803 2508 potuisset
825 2470 918 2500 tollere
930 2481 971 2499 re-

266 2566 275 2577 e
293 2559 360 2585 Editi
371 2561 395 2585 iu
407 2569 486 2594 marg.
497 2567 521 2586 et
532 2561 560 2587 V.
573 2562 603 2586 D.
614 2562 795 2595 sedpmmisslo
805 2563 980 2588 curiensem

233 2596 327 2622 melius.

1036 2081 1082 2109 tet,
1097 2082 1126 2104 ut
1135 2075 1220 2110 sallat,
1232 2082 1261 2104 ut
1271 2075 1419 2104 subvertat.
1428 2075 1480 2104 Hic
1491 2082 1530 2104 est
1542 2076 1619 2104 cibus
1631 2075 1717 2111 illius,
1732 2076 1778 2106 hic

1035 2114 1122 2144 honor
1131 2136 1139 2151 ,
1164 2114 1215 2143 hoc
1235 2121 1261 2142 et
1298 2114 1421 2143 audium.
1442 2115 1582 2153 Propterea
1604 2114 1778 2154 infatigabilis

1035 2154 1110 2183 estin
1125 2154 1210 2190 malo;
1227 2152 1240 2169 ¹’
1254 2164 1282 2182 se
1323 2153 1438 2193 potentia
1458 2154 1508 2183 Dei
1520 2154 1625 2194 repellit
1641 2165 1713 2191 eum,
1729 2155 1777 2184 etsi

1035 2193 1164 2232 permittit
1173 2203 1235 2223 eum
1242 2193 1381 2232 paulisper
1390 2199 1499 2227 tentare,
1509 2200 1617 2233 propter
1624 2194 1706 2223 fidem
1714 2205 1777 2234 pro-

1033 2232 1160 2269 bandam,
1173 2239 1260 2261 tamen
1275 2243 1302 2261 re
1312 2233 1380 2261 vellit
1388 2243 1449 2262 eum
1459 2239 1571 2272 propter
1582 2233 1716 2262 infirmam
1730 2244 1778 2263 na-

1033 2278 1131 2301 turam.
1146 2272 1244 2301 Adhuc
1262 2244 1335 2306 vide,
1350 2283 1413 2301 cum
1431 2271 1558 2301 Christus
1572 2272 1599 2301 in
1614 2273 1702 2313 prima
1713 2280 1774 2302 ten·

1031 2312 1130 2341 tatione
1146 2322 1240 2352 passus
1251 2312 1344 2341 fuisset
1355 2311 1507 2341 tentationis
1518 2311 1656 2351 injuriam,
1670 2312 1776 2341 dicente

1030 2351 1083 2380 sibi
1095 2351 1220 2380 diabolo:
1235 2351 1266 2380 Si
1275 2352 1372 2380 Filius
1380 2352 1438 2380 Dei
1449 2361 1490 2387 es,
1502 2352 1550 2380 dic
1561 2351 1654 2391 lapidi
1662 2353 1731 2380 huic
1741 2357 1776 2381 ιιι

1018 2391 1082 2428 stat
1093 2392 1180 2430 panis
1192 2401 1203 2418 .·
1214 2401 1266 2420 non
1278 2398 1317 2420 est
1330 2397 1510 2430 exasperatus,
1520 2400 1568 2419 nec
1578 2390 1606 2419 in
1616 2390 1776 2430 increpatio-

1027 2440 1088 2459 nem
1102 2431 1143 2460 vcl
1159 2430 1333 2470 abjectionem
1343 2430 1408 2470 ejus
1417 2437 1457 2459 est
1468 2430 1600 2459 excitatus
1612 2441 1619 2457 ι
1631 2429 1677 2459 scd
1691 2430 1774 2459 susti-

1029 2470 1099 2508 nuit,
1114 2477 1139 2499 et
1158 2470 1232 2499 mitis
1248 2470 1393 2510 permansit
1398 2481 1408 2508 ;
1423 2476 1511 2498 tamen
1520 2475 1611 2499 contra
1618 2469 1700 2499 verba
1713 2476 1774 2499 ten-

1050 2564 1063 2582 ὓ
1082 2562 1161 2587 Iidem
1174 2562 1218 2586 sed
1228 2561 1396 2587 misericordia
1409 2560 1469 2585 Dei.
