1890 2826
65 1315 151 1338 ΜαιιΙι.
171 1322 192 1338 2.

66 1460 125 1483 [sai.
135 1468 159 1490 7.
171 1460 206 1491 14.

67 1505 151 1527 Matala.
176 1511 195 1527 1.

68 1873 141 1895 Mich.
149 1872 172 1895 5.
185 1880 207 1895 2.

67 1923 155 1945 nauh.
160 1924 208 1947 2.6.

219 169 290 216 464

218 243 295 283 plum
309 242 430 278 assumit,
438 248 468 272 ut
480 250 591 283 propter
604 243 674 273 hanc
683 254 746 273 cum
758 253 807 274 suo
815 243 962 276 conditore

217 288 431 328 conjunctionem
457 288 574 328 ipsuma
588 289 692 319 diaboli
715 290 909 320 consuetudine
930 301 961 319 ac

216 335 397 364 familiaritate
422 334 576 366 divelleret.
605 337 799 367 Verumtamen
832 337 899 367 dum
930 338 961 367 fit

217 381 309 418 homo,
325 392 378 411 non
402 389 432 411 ut
452 382 533 412 homo
557 389 637 423 partu
657 382 757 419 editur,
769 383 818 413 sed
838 390 869 413 ut
887 385 960 413 Deus

216 427 344 457 nascitur.
359 428 389 457 Si
401 428 472 456 enim
485 438 519 457 ex
532 429 668 458 communi
679 430 805 469 conjugio
818 429 961 469 prodiisset

217 479 247 502 ut
268 484 327 512 ego,
353 473 511 512 figmentum
528 481 544 502 a
566 473 650 514 vulgo
668 474 836 505 existimatus
865 483 957 505 esset:

213 520 270 559 jam
284 530 346 548 vero
361 519 462 549 idcirco
473 530 508 549 ex
520 520 636 560 Virgine
646 520 776 558 nascitur,
792 524 901 552 nascens
914 533 959 552 au-

216 572 284 602 tem,
297 572 323 594 et
341 572 447 595 uterum
463 565 600 595 illibatum
613 574 763 605 conservat,
778 575 804 598 et
815 568 958 598 intemera-

215 618 271 640 tam
287 611 470 651 virginitatem
488 612 616 649 custodit,
631 620 661 642 ut
673 613 817 644 inusitatus
836 615 957 655 pariendi

217 657 314 687 modus
325 667 427 697 magna!
442 658 582 688 mihifidei
592 659 748 689 conciliator
756 660 863 691 existat.
877 661 957 691 Unde

216 704 275 733 sive
298 715 340 733 me
365 704 473 743 gentilis
499 705 557 735 sive
579 706 692 736 Judaeus
714 706 832 747 interrog
846 715 868 745 t,
892 718 958 738 num

215 751 339 784 Christus
365 763 427 782 cum
457 752 607 782 secundum
629 761 752 784 naturam
779 756 853 784 Deus
879 762 957 791 esset,

213 798 294 828 homo
314 806 410 838 praeter
427 806 551 829 naturam
570 800 606 830 sit
623 801 719 838 sactus,
734 801 831 838 dicam,
843 802 888 832 Sic
901 809 954 832 est:

213 852 240 874 et
252 851 344 874 testem
359 845 520 875 inviolatum
532 845 697 885 virginitatis
710 847 832 887 sigillum
849 848 954 878 citabo:

215 892 251 920 ita
283 902 398 931 namque
423 893 497 921 Deus
527 899 586 929 est,
619 893 667 932 qui
695 900 797 923 naturae
834 894 956 924 ordinem

551 181 581 204 S.
608 181 750 206 JOANNIS
776 181 962 206 CHRYSOST.
990 183 1146 209 AncmEP.
1173 186 1446 214 CONSTANTINOP-

1014 246 1135 276 διαὸόλου
1150 248 1228 278 αὐτὸν
1243 250 1383 290 ἀποστήσῃ
1397 251 1543 287 συνηθείας.
1557 251 1655 292 Ὅμως
1674 251 1720 282 καὶ
1733 251 1785 282 ffic-

1014 300 1116 338 θρωπος
1129 301 1262 340 γινόμενος
1278 303 1328 343 οὐχ
1336 305 1372 337 ὡς
1382 303 1516 344 ἄνθρωπος
1528 305 1660 342 τίκτεται,
1675 306 1734 334 ἀλλ’
1748 306 1787 337 ὣς

1014 351 1083 385 Θεὸς
1095 357 1226 392 γεννᾶται.
1241 355 1275 384 Εἰ
1298 355 1349 396 γὰρ
1363 357 1394 386 ἔκ
1413 359 1508 387 κοινῶν
1527 358 1621 398 γάμων
1642 359 1783 398 προῆλθεν,

1014 403 1105 445 ὥσπερ
1126 405 1192 445 ἐγὼ,
1208 407 1301 447 ψεῦδος
1318 413 1372 442 τοῖς
1395 409 1502 444 πολλοῖς
1525 410 1673 450 ἐνομίζετο·
1687 413 1733 440 νῦν
1754 410 1783 440 δῖ

1015 456 1058 485 διὰ
1077 460 1155 487 τοῦτο
1173 460 1204 488 ἐκ
1218 460 1347 500 παρθένου
1368 461 1500 498 τίκτεται,
1514 462 1666 502 τικτόμενος
1684 462 1713 493 δὲ
1738 463 1789 492 καὶ

976 513 994 537 E
1013 509 1061 545 τὴν
1083 510 1187 551 μήτραν
1209 513 1384 544 ἀναλλοίωτον
1402 520 1492 556 τηρεῖ,
1506 516 1552 546 καὶ
1572 516 1621 553 τὴν
1641 516 1788 557 παρθενίαν

1012 561 1124 600 ἀζήμιον
1139 564 1324 604 διαφυλάττει,
1335 566 1378 596 ἵνα
1391 569 1405 596 ὁ
1418 566 1487 601 ξένος
1499 570 1547 604 τῆς
1557 568 1676 604 κυήσεως
1688 567 1787 608 τρόπος

1011 613 1125 649 πίστεώς
1147 627 1192 654 μοι
1218 617 1336 656 μεγάλης
1354 618 1477 659 πρόξενος
1489 620 1606 660 γένηται.
1626 620 1709 651 Ὅθεν
1733 620 1782 650 κᾶν

1011 665 1115 702 Ἕλλην
1130 679 1162 706 με
1172 690 1180 704 ,
1195 667 1244 697 κᾶν
1259 669 1383 704 Ἰουδαῖος
1395 672 1481 712 ἐρωτᾷ
1489 694 1497 708 ,
1510 672 1551 701 ὅτι
1562 674 1576 701 ὃ
1589 672 1705 712 Χριστὸς
1714 671 1783 705 Θεὸς

1012 717 1048 747 ὢν
1062 719 1132 748 κατὰ
1151 719 1237 760 φύσιν,
1253 722 1388 762 ἄνθρωπος
1400 723 1491 764 γέγονε
1515 724 1589 764 παρὰ
1607 724 1695 765 φύσιν,
1715 726 1782 764 ἐρῶ,

1012 770 1071 807 ναὶ,
1086 771 1208 812 μάρτυρα
1229 776 1274 803 τοῦ
1289 774 1368 815 λόγου
1382 774 1431 812 τὴν
1449 776 1560 806 ἄσπιλον
1579 778 1628 812 τῆς
1642 776 1789 816 παρθενίας,

1011 825 1143 863 σφραγῖδα
1156 826 1245 855 καλῶν
1255 838 1262 844 ·
1279 826 1349 856 οὕτω
1361 828 1412 868 γάρ
1426 829 1483 858 ἐστι
1496 829 1564 863 Θεὸς
1577 832 1657 859 νικῶν
1673 829 1722 866 τὴν
1734 831 1790 865 τῆς

1012 874 1113 912 φύσεως
1123 876 1204 910 τάξιν·
1215 877 1284 907 οὕτω
1296 880 1411 920 γαστρός
1421 882 1478 910 ἐστι
1489 881 1618 922 κεραμεὺς
1626 905 1633 919 ,
1644 881 1690 912 καὶ
1700 885 1784 922 ’παρ-

214 938 305 966 vincat
321 950 327 966 :
346 937 384 966 ita
395 938 497 967 ventris
509 945 548 968 est
570 938 658 976 fictor,
681 946 708 968 et
734 939 898 980 virginitatis
911 941 956 970 in—
966 955 1003 975 ὃς]
1013 927 1098 961 θενίας
1111 929 1229 967 εὑρετὴς,
1242 930 1283 961 ὅτι
1294 931 1340 960 καὶ
1351 932 1497 971 ἄμόλυντον
1508 934 1570 974 ἔσχε
1580 936 1627 970 τῆς
1638 933 1784 974 ΥεῊῆαω(

213 990 324 1020 ventor,
350 983 398 1022 qui
423 990 449 1013 et
474 984 678 1013 immaculatum
708 985 834 1015 habuerit
858 987 956 1017 nativi·
974 984 995 1006 A
1012 979 1056 1009 τὸν
1067 981 1173 1021 τρόπον,
1185 982 1230 1012 καὶ
1244 985 1330 1024 ἑαυτῷ
1350 985 1490 1025 ἀφράστως
1499 987 1654 1026 ᾠκοδόμησε
1666 987 1738 1024 ναὸν,
1753 987 1784 1017 ὃν

213 1029 275 1058 tatis
298 1029 422 1065 modum,
436 1036 462 1059 et
474 1030 648 1060 ineffabiliter
669 1031 801 1071 templum
823 1031 887 1070 sibi,
902 1043 956 1071 qno

214 1074 333 1104 voluerit
349 1075 440 1112 modo,
456 1077 645 1105 construxerit.
661 1076 713 1106 Dic
727 1077 796 1106 mihi
813 1089 888 1118 ergo,
907 1079 957 1109 Ju-

213 1122 282 1159 daee,
298 1123 433 1163 peperitne
450 1123 540 1162 virgo,
561 1124 670 1153 annon?
689 1124 718 1154 Si
743 1125 815 1154 enim
839 1126 954 1166 peperit,

215 1168 372 1197 inusitatum
383 1175 492 1208 partum
502 1169 643 1198 confitere:
653 1170 727 1208 quod
739 1171 762 1199 si
777 1182 828 1200 non
844 1173 956 1212 peperit,

214 1224 264 1242 cur
277 1214 410 1243 Herodem
430 1214 565 1243 fefellisti?
578 1215 621 1244 Tu
637 1215 709 1244 enim
729 1215 781 1256 ipsi
800 1218 956 1255 sciscitanti,

216 1260 264 1289 ubi
277 1260 401 1290 Christus
416 1267 579 1297 nasceretur,
595 1260 701 1298 dixisti,
717 1263 747 1291 In
758 1263 894 1293 Bethleem
906 1265 923 1294 J
926 1275 956 1293 u-

216 1305 291 1334 daeae.
302 1307 374 1335 Num
386 1305 470 1346 igitur
478 1317 527 1346 ego
538 1317 638 1346 pagum
647 1317 774 1337 noveram
787 1315 832 1338 aut
844 1309 932 1339 locum
943 1310 957 1339 Ξ)

217 1361 282 1380 num
295 1361 344 1391 ego
367 1351 524 1390 dignitatem
538 1351 596 1391 ejus
619 1353 667 1391 qui
681 1360 758 1382 natus
772 1361 828 1383 erat
847 1366 958 1395 perspe-

217 1405 287 1428 ctam
302 1398 453 1430 habebam?
463 1409 550 1429 nonne
563 1399 647 1429 Isaias
659 1400 745 1440 ipsius
763 1408 898 1440 tamquam
907 1403 958 1432 Dei

216 1444 378 1474 mentionem
390 1445 470 1474 fecit?
484 1446 585 1475 Par-iet
596 1446 678 1483 enim,
694 1446 792 1485 inquit,
801 1448 912 1487 filium,
930 1455 959 1478 et

218 1492 366 1520 vocabunt
388 1501 494 1520 nomen
511 1493 574 1531 ejus
592 1493 781 1523 EmmanuEI.
795 1494 890 1524 Nonne
911 1505 959 1524 nos

216 1537 336 1577 improbi
355 1537 458 1567 inimici
481 1538 620 1568 veritatem
642 1539 852 1570 introduxistis?
873 1551 959 1571 nonne

216 1594 265 1613 vos
275 1583 370 1613 scribae
384 1590 410 1613 et
434 1583 562 1614 Pharisaei
574 1583 716 1624 diligentes
726 1585 794 1625 legis
806 1587 955 1617 observato-

215 1639 258 1658 res
275 1639 367 1658 omnes
383 1639 426 1658 res
446 1630 505 1669 ejus
521 1640 569 1659 nos
582 1629 731 1660 docuistis?
750 1632 885 1671 numquid
905 1634 959 1663 He-

214 1674 334 1704 bra'icam
354 1675 476 1715 linguam
490 1686 538 1705 nos
560 1675 708 1705 callemus?
721 1687 809 1707 nonne
821 1690 870 1708 vos
886 1680 959 1710 Scri·

215 1726 309 1760 pturas
320 1721 486 1761 interpretati
499 1721 583 1750 estis?
598 1723 743 1761 Postquam
754 1723 831 1763 virgo
845 1727 959 1765 peperit,

215 1775 241 1798 et
250 1775 391 1806 antequam
403 1774 517 1808 pareret,
527 1778 559 1797 ne
567 1766 707 1798 videretur
718 1769 794 1799 locus
805 1771 852 1800 ille
863 1772 891 1801 in
901 1783 960 1813 gra-

215 1814 281 1843 tiam
300 1814 411 1844 Domini
432 1814 547 1853 exponi;
562 1824 650 1844 nonne
672 1825 721 1844 vos
747 1816 902 1858 interrogati
926 1819 960 1848 ab

220 1860 325 1890 Herode
346 1867 440 1890 testem
456 1860 600 1890 Michaeam
617 1862 775 1901 prophetam
795 1865 958 1903 protulistis,

219 1912 249 1935 ut
261 1916 410 1935 sermonem
427 1912 548 1935 vestrum
569 1906 736 1937 confirmaret
746 1908 760 1937 Ξ)
771 1910 813 1938 Et
827 1916 858 1939 tu
876 1911 958 1946 enim,

217 1952 317 1991 inquit,
333 1952 484 1982 Bethleem
500 1953 602 1981 domus
613 1953 760 1992 Ephrata‚
773 1966 960 1997 nequaquam

219 2000 341 2027 minima
358 2008 388 2027 es
403 2000 435 2027 in
456 1998 634 2037 principibus
653 2000 736 2029 Juda
752 2012 759 2026 ε
774 2012 811 2030 ex
832 2009 860 2031 te
881 2006 959 2033 enim

217 2046 294 2074 exiet
314 2045 387 2080 dux,
402 2045 454 2084 qui
475 2050 553 2084 reget
573 2045 712 2084 populum
736 2057 831 2076 meum
850 2050 956 2080 lsrael.

217 2092 300 2120 Recte
318 2090 398 2126 dixit,
412 2090 552 2130 propheta,
568 2091 618 2119 Ex
632 2098 669 2120 te.
681 2093 726 2121 Ex
745 2094 822 2123 vobis
841 2096 918 2132 exiit,
932 2104 958 2126 et

216 2137 244 2167 in
256 2138 348 2166 orbem
359 2143 491 2166 terrarum
505 2137 588 2166 venit.
605 2139 659 2175 Qui
671 2138 741 2168 enim
754 2147 803 2176 est,
815 2143 956 2182 progredi-

215 2189 276 2213 tur;
289 2182 413 2221 quivero
427 2192 479 2211 non
497 2189 546 2216 est,
562 2190 678 2220 creatur,
693 2191 740 2213 aut
752 2185 793 2214 sit.
810 2189 844 2216 At
858 2189 915 2228 ipse
931 2197 957 2219 et

216 2235 283 2265 erat,
296 2234 322 2257 et
334 2234 395 2257 ante
407 2234 475 2264 erat,
486 2235 512 2257 et
524 2239 628 2268 semper
637 2236 692 2258 erat
703 2230 765 2259 :sed
778 2239 832 2261 erat
846 2235 957 2272 quidem

217 2285 322 2314 semper
334 2280 364 2302 ut
377 2275 462 2311 Deus,
473 2273 605 2303 mundum
616 2275 768 2314 gubernans
783 2287 789 2303 ε
805 2277 886 2308 hodic
894 2291 959 2311 vero

218 2320 320 2361 prodiit
334 2331 341 2348 ε
359 2327 389 2349 ut
401 2320 482 2350 homo
502 2321 635 2361 populum
648 2323 727 2362 regit,
737 2330 767 2352 ut
779 2325 852 2354 Deus
872 2334 960 2357 autem

218 2366 310 2395 orbem
322 2372 456 2395 terrarum
470 2366 576 2396 salvum
588 2367 662 2397 facit.
676 2369 700 2398 Ο
711 2368 841 2409 benignos
853 2371 958 2402 hostes!

219 2423 236 2442 o
256 2412 389 2443 modestos
408 2423 439 2443 ac
459 2413 536 2443 mites
558 2422 734 2452 accusatores,
748 2416 795 2455 qui
818 2425 910 2448 natum
933 2420 960 2450 in

220 2459 357 2488 Bethleem
377 2460 464 2488 Deum
493 2469 549 2489 esse
573 2460 755 2501 imprudentes
782 2463 935 2495 indicarunt
951 2477 958 2494 =

254 2553 262 2564 ‘³
280 2550 341 2582 Reg.
352 2555 473 2585 παρθενίας
484 2555 610 2587 ἑρευνήτης,
619 2556 654 2579 ὅτι
666 2557 702 2580 καὶ
711 2556 850 2589 ἀνύμφευτον
858 2558 917 2590 ἔσχε,
925 2562 974 2582 etc.

222 2590 269 2613 llic
282 2597 404 2622 perpetuae
421 2598 479 2617 snut
496 2594 628 2619 varietates
640 2607 644 2620 :
663 2597 798 2628 praecipuas
810 2596 890 2623 solnm
902 2604 976 2624 nota-

1011 1032 1147 1070 ἠὸουλήθη
1157 1035 1263 1075 τρόπον.
1282 1036 1351 1066 Εἰπέ
1365 1050 1410 1076 μοι
1424 1034 1479 1075 οὖν,
1492 1034 1514 1068 ὦ
1525 1040 1646 1078 Ἰουδαίε,
1662 1040 1749 1070 ἔτεκεν
1763 1043 1782 1077 ἦ

1011 1085 1147 1126 παρθένος,
1158 1086 1229 1124 ἢοῦ;
1241 1089 1276 1117 Εἰ
1286 1088 1333 1127 μὲν
1345 1088 1396 1130 γὰρ
1405 1090 1502 1127 ἔτεκεν,
1513 1092 1675 1131 ὁμολόγησον
1685 1092 1734 1122 ϊὸννγ
1745 1092 1782 1128 ξέᾸ

1011 1149 1054 1167 νον
1066 1138 1141 1168 τόκον
1151 1151 1158 1158 ·
1170 1141 1193 1169 εἰ
1207 1139 1235 1169 δὲ
1250 1142 1297 1171 οὔκ
1310 1141 1400 1179 ἔτεκε,
1417 1143 1460 1173 διὰ
1472 1143 1498 1172 τί
1512 1144 1557 1174 τὸν
1571 1144 1694 1185 Ἡρώδην
1707 1145 1782 1182 ἠπά-

1010 1202 1112 1228 τησαςς
1126 1191 1165 1221 Σὺ
1177 1192 1228 1233 γὰρ
1252 1195 1323 1234 αὐτῷ
1344 1196 1546 1237 πυνθανομένῳ,
1559 1200 1610 1226 ποῦ
1633 1199 1647 1227 ὁ
1669 1198 1790 1238 Χριστὸς.

1011 1247 1150 1282 γεννᾶται,
1165 1239 1254 1282 εἶπας,
1269 1246 1310 1276 ὅτι
1332 1248 1360 1276 ἐν
1375 1248 1498 1288 Βηθλεὲμ
1518 1251 1566 1285 τῆς
1579 1250 1717 1284 Ἰουδαίας.
1732 1251 1788 1287 Μὴι

1011 1290 1056 1323 οἶν
1068 1295 1121 1334 ε’γὼ
1134 1296 1205 1336 ᾔδειν
1218 1297 1266 1333 τὴν
1285 1298 1388 1338 κώμην,
1403 1300 1421 1335 ἢ
1434 1299 1479 1330 τὸν
1498 1301 1592 1338 τόπον;
1608 1301 1645 1341 μὴ
1659 1302 1713 1342 ἐγὼ
1734 1305 1781 1332 τοῦ

1011 1347 1175 1387 γεννωμένου
1191 1349 1240 1383 τὴν
1255 1350 1329 1384 ἀξίαν
1350 1351 1507 1391 ἐγίνωσκονς
1521 1354 1571 1393 οὐχ
1585 1355 1600 1382 ὁ
1621 1354 1734 1389 Ἡσαΐας
1746 1357 1785 1389 ὡς

1011 1400 1082 1429 Θεοῦ
1096 1402 1175 1430 αὐτοῦ
1188 1402 1382 1441 ἐμνημόνευσε;
1398 1404 1510 1438 Τέξεται
1527 1405 1588 1446 γὰρ,
1613 1407 1702 1446 φησὶν,
1716 1407 1782 1443 υἱὸν,

1011 1452 1056 1481 καὶ
1068 1452 1209 1483 καλέσουσι
1218 1454 1248 1484 τὸ
1257 1455 1340 1494 ὄνομα
1351 1458 1431 1486 αὐτοῦ
1441 1457 1624 1497 Ἐμμανουήλ.
1637 1461 1699 1500 Οὗχ
1708 1462 1784 1499 ὑμεῖς

977 1511 993 1534 Β
1013 1504 1163 1544 ἀγνώμονες
1187 1507 1276 1546 ἐχθροὶ
1295 1507 1343 1544 τὴν
1369 1509 1493 1545 ἀλήθειαν
1515 1511 1710 1550 εἶσηγήσασθε;
1732 1514 1789 1553 οὐχλ

1014 1560 1088 1597 ὑμεῖς
1110 1559 1134 1586 οἱ
1156 1565 1323 1598 γραμματεῖς
1337 1561 1382 1590 καὶ
1395 1562 1540 1601 Φαρισαῖοι
1561 1564 1585 1591 οἱ
1606 1564 1723 1604 ἀκριὸεῖς
1735 1568 1781 1595 τοῦ

1011 1609 1092 1649 νόμου
1107 1610 1222 1651 φύλακες
1235 1611 1322 1642 πάντα
1336 1613 1370 1643 τὰ
1381 1615 1440 1643 κατ’
1452 1614 1531 1644 αὐτὸν
1542 1617 1614 1654 ἡμᾶς
1627 1616 1781 1655 ἐδιδάξατε;

1012 1661 1050 1700 μὴ
1068 1662 1117 1698 τὴν
1134 1665 1186 1692 τῶν
1209 1663 1341 1704 Ἑὸραίων
1354 1667 1478 1705 γλῶσσαν
1499 1667 1620 1706 εἴδομεν,
1635 1669 1686 1708 οὐχ
1709 1671 1791 1708 ὑμεῖς’

1012 1714 1059 1748 τὰς
1073 1716 1095 1744 Γ
1097 1715 1180 1756 ραφὰς
1191 1717 1377 1756 ἡρμηνεύσατε
1385 1730 1394 1754 ;
1409 1719 1487 1748 Μετὰ
1501 1719 1531 1749 τὸ
1545 1717 1631 1750 τεκεῖν
1649 1720 1697 1758 τὴν
1710 1733 1784 1762 παρ-

1013 1766 1095 1804 θένον,
1110 1767 1154 1797 καὶ
1171 1768 1224 1808 πρὸ
1242 1771 1287 1799 τοῦ
1301 1774 1397 1807 τεκεῖν,
1411 1770 1457 1800 ἵνα
1475 1771 1513 1810 μὴ
1529 1772 1590 1813 δόξῃ
1615 1772 1682 1814 πρὸς
1703 1774 1789 1815 χάριν

1013 1823 1059 1849 τοῦ
1071 1821 1142 1850 Θεοῦ
1156 1821 1347 1861 ἑρμηνεύεσθαι
1361 1822 1392 1852 τὸ
1401 1823 1552 1863 λεγόμενον,
1568 1827 1618 1866 οὔχ
1627 1827 1702 1866 ὑμεῖς
1716 1829 1784 1868 ἐρω-

1014 1871 1127 1911 τώμενοι
1146 1875 1209 1913 παρ’
1234 1873 1354 1914 Ἡρώδου
1363 1897 1370 1911 ,
1393 1875 1515 1916 μάρτυρα
1536 1878 1705 1918 παρηγάγετε
1726 1881 1784 1909 Μι-

1014 1924 1095 1964 χαίαν
1117 1925 1161 1955 τὸν
1182 1926 1331 1966 προφήτην,
1344 1927 1388 1957 ἵνα
1402 1929 1476 1967 ὑμῶν
1497 1930 1541 1959 τὸν
1563 1930 1639 1970 λόγον
1657 1931 1784 1971 κυρώοη-

1015 1989 1075 2014 ται,
1090 1978 1143 2007 Καὶ
1157 1977 1189 2007 σὺ
1203 1978 1272 2019 γὰρ,
1286 1979 1365 2019 φησὶ,
1376 1981 1499 2021 Βηθλεὲμ.
1513 1977 1582 2016 οἶκος
1600 1985 1646 2012 τοῦ
1662 1985 1784 2024 Ἐφραθᾶ

1014 2031 1138 2070 οὐδαμῶς
1149 2031 1279 2071 ἐλαχίστη
1293 2027 1318 2061 εἶ’
1330 2034 1358 2061 ἐν
1373 2037 1427 2066 τοῖς
1439 2035 1568 2073 ἡγεμόσιν
1579 2036 1680 2065 Ἰούδα·
1694 2037 1726 2066 ἐκ
1736 2041 1784 2067 σοῦ

975 2094 993 2118 c
1012 2082 1063 2122 γὰρ
1078 2082 1241 2116 ἐξελεύσεται
1255 2084 1417 2123 ἡγούμενος,
1433 2085 1504 2120 ὅστις
1517 2092 1643 2127 ποιμανεῖ
1659 2089 1703 2118 τὸν
1720 2090 1784 2119 λαόν

1012 2147 1063 2174 μου
1077 2134 1123 2164 τὸν
1136 2135 1254 2175 Ἰσραήλ.
1270 2138 1368 2170 Καλῶς
1379 2133 1452 2167 εἶπεν
1465 2140 1480 2167 ὃ
1495 2139 1634 2180 προφήτης
1643 2163 1652 2176 ,
1666 2142 1716 2171 Ἐκ
1728 2146 1786 2182 σοῦ.

1011 2187 1058 2222 Ἐξ
1068 2189 1142 2227 ὑμῶν
1159 2187 1210 2228 γὰρ
1230 2189 1321 2225 ἐξῆλθε
1331 2212 1339 2226 ,
1351 2190 1396 2219 καὶ
1410 2192 1447 2224 εἷς
1459 2191 1508 2228 τὴν
1529 2193 1684 2232 οἰκουμένην
1697 2190 1787 2231 ἦλθεν.

1013 2244 1049 2274 Ὁ
1062 2245 1113 2284 γὰρ
1130 2244 1176 2282 ὢν,
1190 2245 1351 2286 προέρχεται
1360 2259 1366 2265 ·
1381 2249 1395 2277 ὁ
1413 2247 1440 2277 δὲ
1456 2248 1493 2287 μὴ
1505 2248 1552 2284 ὧν,
1565 2249 1695 2287 κτίζεται,
1709 2250 1726 2287 ἢ
1745 2252 1792 2292 γί-

1015 2313 1097 2331 νεται.
1115 2301 1201 2336 Αὐτὸς
1215 2302 1242 2331 δὲ
1255 2302 1300 2332 καὶ
1311 2298 1354 2339 ἦν,
1374 2304 1420 2333 καὶ
1439 2306 1533 2345 προῆν,
1548 2305 1595 2335 καὶ
1607 2306 1648 2336 ἀεὶ
1661 2303 1694 2343 ἦν
1706 2319 1712 2325 ·
1727 2309 1786 2338 ἀλλ’

1015 2354 1047 2395 ἦν
1061 2358 1108 2398 μὲν
1123 2359 1164 2388 ἀεὶ
1178 2360 1214 2393 ὡς
1231 2359 1316 2395 Θεὸς,
1331 2361 1428 2391 διέπων
1441 2361 1485 2392 τὸν
1506 2362 1614 2402 κόσμον·
1628 2364 1744 2405 σήμερον
1758 2366 1786 2395 δὲ

1016 2417 1163 2454 προῆλθεν,
1178 2417 1214 2449 ὡς
1226 2416 1361 2457 ἄνθρωπος
1375 2418 1422 2457 μὲν
1442 2418 1487 2448 τὸν
1500 2419 1563 2448 λαὸν
1577 2421 1735 2460 ποιμαίνων,
1750 2424 1789 2457 ὡς

1017 2469 1085 2503 Θεὸς
1098 2470 1125 2500 δὲ
1135 2471 1183 2508 τὴν
1197 2472 1352 2512 οἰκουμένην
1364 2473 1508 2508 διασώζων.
1521 2474 1559 2505 Ὦ
1572 2476 1705 2515 πολεμίων
1719 2489 1786 2518 χρη,-

1025 2558 1116 2584 bimus.
