1890 2826
721 183 765 205 nr,
789 183 1034 209 commum-125.
1584 177 1652 213 355

92 251 238 281 meretricis
257 251 391 288 facientes,
408 251 518 281 Domini
538 251 748 281 misericordiam
769 251 900 286 afficiunt,
917 259 943 281 et
956 259 1087 291 quantum
1107 254 1134 282 in
1148 255 1186 284 eis
1206 262 1257 292 est,
1279 266 1374 286 vanam
1388 256 1514 287 reddunt.
1530 257 1651 288 Audiunt

90 297 234 335 daemones,
246 303 272 327 et
291 298 396 335 timent,
409 298 472 337 quia
487 298 563 328 Deus
575 307 629 328 non
641 297 765 327 connivet
776 303 807 326 ut
820 298 1019 336 conjungantur
1033 298 1096 335 sibi,
1108 309 1156 329 nos
1177 306 1265 330 autem
1278 301 1331 330 sibi
1345 301 1484 342 adjungat.
1505 303 1540 331 Et
1553 303 1651 332 audent

92 342 210 372 fidelium
221 341 332 382 quidam
343 343 500 373 abscindere
513 354 541 373 se
548 354 563 373 a
571 343 690 381 Christo,
701 344 846 383 atjungere
856 343 1041 373 meretricibus
1049 344 1063 373 Ξ)
1076 346 1136 375 Non
1149 353 1252 376 tantum
1261 354 1300 377 est
1311 349 1412 377 malum
1425 359 1440 378 e
1450 349 1514 378 caelo
1528 349 1651 378 inlutum

90 388 195 427 cadere,
212 397 343 428 quantum
355 391 459 420 malum
472 391 552 421 suerit
569 391 721 421 membrum
735 390 838 420 Christi
858 390 959 420 factum
971 402 987 420 a
1001 391 1096 422 divino
1109 393 1210 423 honore
1230 394 1364 431 excidere,
1386 402 1411 424 et
1429 395 1580 424 membrum
1592 395 1651 424 fieri

85 436 177 465 scorti.
199 436 315 474 Quando
334 437 419 476 igitur
432 436 645 478 concupiscentia
659 437 728 466 mala
749 437 898 466 inflammat
912 437 1040 473 animam,
1055 439 1143 469 statim
1158 440 1297 470 recordare
1320 441 1432 477 Christi,
1447 441 1533 480 cogita
1546 440 1651 470 adstare

60 501 65 505 -
86 482 136 511 tibi
149 483 265 512 Paulum
276 483 511 520 adhortantem‚ac
524 483 656 514 dicentem
670 495 677 512 ε
689 485 816 514 Nescitis
825 485 906 524 quod
915 494 1037 524 corpora
1056 492 1154 515 vestra
1168 489 1296 516 membra
1307 494 1375 517 sunt
1386 488 1493 517 Christi
1507 489 1520 514 P
1539 487 1649 516 Gerens
1664 502 1683 517 ι.
1698 496 1748 518 cm.
1759 497 1782 518 (i.

88 530 217 558 membra
236 530 353 565 Christi,
362 529 501 570 faciesne
520 531 651 559 membra
672 531 760 559 scorti
776 531 789 557 ?
802 530 833 559 Si
854 529 970 558 illorum
980 530 1125 559 verborum
1135 531 1218 560 fueris
1231 532 1384 561 recordatus
1401 531 1490 561 statim
1506 531 1649 571 fugientem
1663 526 1699 549 ⁸⁵·

88 574 193 604 videbis
213 575 386 616 voluptatem.
404 577 475 606 Nam
499 577 523 606 si
546 577 659 606 ancillas
676 576 785 606 domina
801 583 872 606 casta
894 582 921 604 et
940 575 1041 616 pudica
1054 577 1219 616 turpitudini
1245 578 1349 607 deditas
1371 579 1460 607 statim
1474 578 1531 607 solo
1542 585 1648 618 aspectu

87 621 200 661 pudicas
216 623 280 652 facit
293 633 301 650 ι
326 622 394 662 quid
406 623 518 660 mirum,
541 624 565 653 si
582 624 735 654 titillantem
748 623 914 663 voluptatem
936 623 1038 653 Christi
1054 624 1182 653 memoria
1203 626 1292 654 statim
1309 629 1379 666 sopit
1390 626 1404 654 Ξ)
1418 626 1528 665 Semper
1544 635 1648 654 crucem

88 668 156 698 habe
166 675 226 699 ante
238 668 332 699 oculos
344 676 405 699 tuos
417 669 577 708 radiantem,
592 677 619 700 et
631 680 716 711 purus
728 681 744 699 a
758 669 871 710 peccatis
892 680 940 709 per
950 669 981 698 id
993 669 1123 709 temporis
1139 670 1238 699 abibis.
1251 671 1320 700 Nam
1337 671 1406 700 sicut
1418 670 1543 700 columna
1556 670 1648 706 nubis,
1660 680 1736 701 arod.
1747 680 1782 702 ιλ.

87 714 174 754 figura
186 722 282 745 nostrae
295 716 392 752 crucis,
402 716 578 746 Hebraeorum
587 715 787 746 multitudinem
795 715 961 756 protegebat,
976 725 1010 744 ne
1021 714 1091 754 quid
1098 715 1163 745 mali
1177 716 1211 745 ab
1221 716 1357 756 AEgyptiis
1370 723 1504 756 pateretur
1517 715 1571 744 :ita
1582 726 1651 745 crux
1661 716 1698 731 ²¹·

87 770 147 793 ante
158 762 251 792 oeulos
266 762 325 792 visa
339 772 445 792 omnem
457 763 547 792 statim
565 763 651 803 abigit
664 763 763 792 malam
778 762 951 802 voluptatem.
962 763 1026 792 Haec
1035 762 1107 791 enim
1126 762 1199 792 salus
1212 770 1251 792 est
1270 763 1375 800 animae,
1390 763 1575 801 foedarumque
1586 772 1652 791 con—

87 807 312 849 cupiscentiarum
325 808 435 838 salubre
442 808 603 839 antidotum.
619 809 726 839 Etenim
741 809 911 839 infirmitates
923 809 1043 849 corporis
1054 808 1220 839 medicorum
1231 816 1301 839 artes
1314 816 1417 846 sanant,
1433 810 1549 838 animam
1563 815 1651 837 autem

86 862 214 895 aegrotam
227 861 323 884 curant
342 855 432 885 statim
445 856 553 895 eloquia
567 856 681 886 Christi.
697 857 847 896 Eapropter
858 863 883 885 et
900 866 945 885 cos
956 856 1004 895 qui
1019 863 1174 896 peccarunt,
1184 863 1211 885 et
1222 855 1312 885 adhuc
1333 855 1420 885 carnis
1433 855 1553 886 serviunt
1569 855 1650 885 volu-

86 903 216 942 ptatibus,
235 913 344 933 oramus
354 910 380 932 et
391 914 543 943 precamur,
554 911 584 933 ut
599 904 749 933 excitentur
766 914 797 933 ac
816 903 986 943 resipiscant,
1002 914 1035 933 ne
1050 904 1159 932 omnino
1173 904 1207 933 ab
1220 903 1407 933 affectionibus
1418 903 1570 938 vincantur,
1585 913 1651 933 neve

88 949 190 989 impetu
210 949 341 986 ferantur,
356 960 423 980 neve
447 950 475 979 in
486 960 605 980 amaram
620 951 774 981 servitutem
793 958 886 990 sponte
906 961 934 980 se
948 950 1103 990 subjiciant,
1128 950 1173 980 sed
1187 961 1215 980 se
1237 950 1265 979 in
1277 950 1333 979 acie
1353 957 1498 990 opponant,
1517 956 1543 978 et
1557 949 1651 978 timore

85 995 187 1025 Christi
199 1003 315 1026 mentem
329 997 514 1034 corroborent,
527 1008 558 1027 ac
573 997 683 1038 ejiciant
693 1008 728 1026 ex
743 1008 803 1026 arce
814 1007 923 1036 gravem
942 996 1080 1026 dominam
1093 1008 1101 1024 ε
1121 1004 1150 1026 ut
1163 997 1265 1037 abjecta
1282 997 1355 1026 omni
1365 996 1480 1034 macula,
1494 1003 1520 1025 et
1537 1006 1651 1037 peccan-

85 1041 153 1071 tium
166 1042 257 1079 turba,
270 1053 334 1072 cum
345 1050 435 1073 sancta
447 1050 475 1073 et
486 1043 639 1083 incorrupta
653 1044 742 1073 anima
751 1045 886 1083 possimus
896 1043 1020 1072 accedere
1038 1043 1072 1072 ad
1083 1042 1175 1072 divina
1186 1050 1213 1072 et
1226 1042 1371 1072 reverenda
1386 1049 1547 1072 sacramenta
1561 1043 1650 1082 magni

85 1089 134 1119 Dei
149 1096 175 1119 et
187 1090 335 1120 salvatoris
346 1091 412 1121 Jesu
423 1091 525 1121 Christi
542 1103 548 1119 :
565 1091 610 1120 eui
621 1091 707 1130 gloria
716 1098 743 1120 et
756 1090 901 1131 imperium
911 1090 940 1119 in
951 1090 1048 1120 saecula
1065 1090 1236 1120 saeculorum.
1247 1092 1344 1119 Amen.

658 1292 1101 1373 MONITUM

489 1444 537 1479 IN
563 1442 835 1490 SEQUENTIA
861 1441 956 1478 DUO
981 1441 1236 1478 OPUSCULA.

123 1559 188 1588 Haec
207 1557 338 1597 opuscula
351 1556 407 1589 duo
431 1556 465 1585 in
474 1555 569 1586 Latina
590 1553 818 1594 interpretatione,
833 1564 893 1592 quae
906 1553 963 1582 sola
974 1559 1107 1593 superest,
1124 1553 1305 1583 inventionem
1324 1560 1411 1583 tamen
1425 1559 1452 1583 et
1465 1553 1643 1592 eloquentiam

84 1603 268 1644 Chrysostomi
279 1613 369 1644 praese
380 1603 482 1638 ferunt,
489 1601 651 1640 omninoque
663 1600 745 1639 digna
755 1607 846 1629 sancto
859 1599 967 1629 doctore
978 1606 1050 1629 sunt.
1066 1599 1179 1639 Aliquid
1187 1607 1273 1629 tamen
1286 1600 1446 1641 suspicionis
1457 1601 1600 1637 succurrit,
1613 1611 1643 1629 ca

83 1661 137 1680 non
150 1650 201 1680 hoe
209 1650 303 1680 ordine
312 1657 339 1680 et
358 1650 423 1684 ritu,
439 1659 493 1688 quo
508 1648 552 1677 hic
563 1654 727 1686 comparent,
746 1646 780 1676 ah
795 1647 853 1686 ipso
866 1647 968 1677 Joanne
979 1653 1069 1676 nostro
1082 1646 1154 1676 edita
1167 1647 1260 1684 fuisse,
1276 1646 1324 1675 sed
1338 1657 1353 1675 a
1373 1646 1500 1686 quopiam
1520 1647 1585 1683 alio,
1596 1646 1644 1685 qui

83 1697 205 1727 exvariis
219 1697 277 1736 ejus
290 1696 356 1726 locis
366 1695 425 1725 haec
437 1695 473 1725 ita
483 1693 716 1724 consarcinaverit.
728 1693 767 1722 Ut
780 1699 809 1722 ut
820 1703 861 1722 res
873 1700 924 1730 est,
938 1693 995 1722 haec
1010 1693 1092 1733 digna
1105 1693 1184 1734 plane
1198 1699 1261 1722 sunt
1273 1703 1332 1731 quae
1343 1693 1529 1732 Chrysostomi
1537 1693 1643 1722 nomine

82 1745 263 1784 publicentur.
287 1744 477 1774 praemittimus
502 1749 592 1772 autem
614 1740 831 1770 Admonitionem
850 1741 963 1770 fratrum
989 1747 1143 1771 nostrorum
1164 1740 1412 1776 Benedictinorum,
1426 1740 1474 1779 qui
1488 1740 1642 1770 Editionem

83 1792 205 1831 Operum
218 1791 277 1822 divi
291 1790 437 1830 Augustini
454 1794 661 1825 curaverunt‚et
676 1794 753 1817 sexto
765 1783 850 1817 Tomo
864 1798 893 1827 p.
910 1788 969 1818 259
981 1794 1007 1817 et
1018 1798 1092 1827 seqq.
1107 1788 1164 1817 baec
1183 1787 1314 1827 opuscula
1333 1786 1485 1821 ediderunt,
1499 1793 1578 1825 atque
1590 1786 1641 1815 hoc

80 1837 217 1866 Monitum
254 1836 421 1866 raemiserunt
435 1848 442 1866 ε

121 1848 254 1912 «Exstanii
265 1892 399 1912 sermones
411 1881 456 1910 isti
467 1880 523 1910 duo
536 1880 563 1909 in
576 1886 663 1910 vetere
676 1877 832 1909 Corbeiensi
840 1878 939 1908 Codice
948 1885 1008 1908 ante
1019 1878 1104 1915 mille,
1111 1878 1151 1908 uti
1164 1878 1283 1916 videtur,
1290 1889 1373 1908 annos
1382 1877 1527 1918 descripte,
1537 1877 1642 1917 primus

82 1929 193 1968 quidem
206 1929 289 1959 hocce
312 1929 392 1960 titulo
406 1934 566 1969 praenotatus
581 1938 587 1955 :
603 1929 711 1966 Incipit
723 1936 816 1956 sermo
835 1929 930 1955 sancti
952 1927 1078 1956 loannis
1093 1927 1129 1955 de
1153 1926 1359 1957 Consolatione
1373 1927 1482 1955 mortis.
1501 1924 1640 1955 Secundus

79 1983 168 2006 autem
181 1977 270 2017 primo
285 1987 367 2016 quam
382 1977 506 2017 proxime
518 1977 677 2015 conjunctus
688 1974 790 2012 absque
811 1973 904 2011 titulo,
926 1973 1050 2012 nihilque
1060 1973 1137 2003 aliud
1155 1974 1183 2003 in
1195 1973 1248 2003 fine
1260 1973 1361 2002 habens
1374 1972 1438 2008 nisi,
1453 1972 1585 2011 Explicit
1604 1973 1641 2000 de

79 2024 307 2054 Ram-rectione.
322 2025 455 2054 Caeterum
465 2022 532 2052 alter
538 2022 589 2052 iste
603 2031 690 2051 sermo
702 2020 781 2050 tertia
793 2027 879 2061 parte,
894 2031 947 2059 qua
961 2020 988 2049 in
1002 2027 1062 2049 ante
1072 2020 1179 2050 excusis
1193 2020 1310 2057 carebat,
1323 2019 1426 2049 auctior
1439 2028 1510 2047 nunc
1520 2017 1639 2058 primum

78 2068 169 2108 prodit
181 2079 217 2098 ex
226 2068 334 2098 laudato
343 2068 498 2098 Corbeiensi
507 2066 655 2107 exemplari
668 2076 676 2093 τ
690 2076 775 2104 eaque
785 2077 847 2106 pars
860 2066 1107 2106 recapitulationem
1125 2076 1218 2096 eorum
1232 2077 1291 2105 quae
1303 2066 1330 2095 in
1342 2066 1430 2106 primo
1439 2074 1559 2094 sermone
1569 2063 1640 2092 dicta

78 2115 196 2151 suerunt,
220 2115 348 2153 continet,
369 2122 395 2145 et
408 2115 469 2144 aliis
491 2125 542 2143 non
560 2114 667 2144 incertis
688 2113 852 2153 argumentis
873 2113 908 2142 ad
921 2114 973 2143 hoc
995 2114 1156 2154 opusculum
1170 2114 1302 2154 pertinere
1315 2112 1493 2153 cognoscitur.
1509 2112 1638 2141 Joannem

11 2173 30 2198 η’
78 2171 160 2200 porro
169 2171 222 2191 non
235 2161 321 2191 alium
333 2172 415 2201 quam
426 2161 647 2201 Chrysostomum
658 2160 687 2189 in
700 2160 786 2189 fronte
798 2160 928 2190 sermonis
941 2160 1022 2200 primi
1036 2159 1204 2199 designatum
1213 2160 1364 2199 opinamur.
1382 2158 1479 2188 Confer
1492 2155 1638 2186 Homiliam

78 2206 163 2245 ipsius
176 2207 209 2236 41
229 2206 256 2235 in
282 2208 294 2235 1
313 2208 390 2244 Cor.‚
406 2208 455 2244 15,
467 2213 493 2236 et
507 2206 653 2236 Homiliam
667 2207 679 2234 1
705 2206 732 2234 in
754 2207 773 2235 9
786 2206 865 2242 Cor.‚
883 2212 910 2235 et
922 2205 1067 2235 Homiliam
1080 2207 1114 2235 61
1130 2205 1158 2235 in
1172 2207 1265 2243 Joan.,
1275 2204 1420 2235 Homiliam
1436 2203 1552 2241 denique
1570 2201 1588 2230 ’Τ
1602 2201 1637 2229 ad

80 2253 212 2293 populum
224 2253 429 2290 Anfiochenum,
442 2261 494 2283 etc.
514 2266 528 2281 »ι
