1890 2826
109 576 229 597 Mulierum

107 607 182 628 luxus.

256 119 301 155 52

256 194 346 233 gantia
360 199 386 223 et
399 192 521 230 lascivia,
543 193 658 232 singulis
679 199 867 232 congruentem
886 192 996 222 adhibet

258 241 429 279 medicinam,
448 241 537 282 primo
549 240 678 281 primam,
692 239 809 270 secundo
822 247 974 280 sequentem
989 253 995 269 ε
1017 245 1035 269 C

257 289 415 329 arrogantiae
424 312 432 327 ,
465 288 699 323 humiliationem;
734 287 839 318 ornatui
872 288 980 318 habitus
989 311 997 326 ,

258 336 344 377 ipsius
363 336 558 377 abreptionem.
574 336 667 374 Bello,
682 335 785 375 inquit,
801 342 865 366 tune
877 343 998 377 urgente,

257 383 348 412 omnia
360 383 523 413 auferentur.
545 384 613 420 Quae
630 382 700 412 enim
713 382 851 412 tumebant
863 389 889 412 et
902 393 999 423 super-

258 429 378 466 biebant,
401 436 474 458 metu
487 439 659 469 compressae,
674 428 709 457 ab
729 429 782 459 hoc
794 429 888 459 morbo
901 429 999 458 libera-

257 476 360 505 buntur
373 488 381 504 ε
395 486 455 515 quae
466 476 580 506 mollitie
589 483 615 505 et
627 476 697 505 luxu
707 476 817 506 omnino
829 475 998 512 diffluebant,

259 523 288 552 in
308 523 470 563 captivitatis
490 525 588 564 jugum
609 523 755 554 incidentes
764 546 772 562 ‚
799 524 834 554 ab
857 524 931 554 omni
953 523 1000 554 illa

259 570 373 599 mollitie
397 577 535 600 eruentur.
556 571 596 601 Ut
620 578 709 600 autem
734 571 912 601 onerosiorem
934 571 1000 612 ipsis

258 622 359 645 texeret
369 626 529 653 sermonem,
542 622 568 646 et
580 616 736 646 auditorum
749 623 864 647 mentem
876 617 1002 658 perstrin-

259 669 340 702 geret,
365 670 552 693 ornamentum
578 663 694 693 vestium
719 663 864 694 mulierum
889 664 1000 694 illarum

259 708 411 738 minutatim
425 716 553 746 recenset,
561 716 626 749 puta
639 720 799 747 aureorum;
813 710 887 749 quod
896 710 924 740 in
938 721 1002 740 ocu-

260 756 305 793 lis,
319 755 394 794 quod
405 755 432 784 in
444 755 548 794 reliquo
558 766 671 796 corpore
683 768 690 785 ι
704 756 766 786 hinc
778 757 899 797 procedit
908 756 943 786 ad
956 756 1002 786 do-

260 812 321 830 mus
338 808 471 831 ornatum.
495 802 556 831 Non
579 802 668 831 solum
691 802 763 832 enim
788 813 900 843 corpora
923 814 1001 833 orna-

262 847 355 876 mentis
369 847 541 884 decorabant,
561 847 609 877 sed
627 848 697 878 banc
709 849 897 878 contumeliam
917 859 1003 887 usque

260 893 294 923 ad
308 894 422 934 parietes
439 893 636 930 extendebant,
651 894 796 934 superfluis
811 894 964 930 sumtibus;
978 901 1003 923 et

259 941 411 971 calamistro
422 941 703 981 capillostorquentes,
717 941 773 971 alas
784 942 942 982 hujusmodi
956 942 1003 971 sal-

261 988 334 1018 laciae
359 988 459 1027 ubique
477 987 665 1017 extendebant.
686 989 762 1018 Hane
783 988 872 1027 itaque
892 988 1004 1019 intentat

261 1034 455 1064 accusationem
467 1044 529 1063 cum
542 1033 608 1063 dicit
620 1046 626 1063 ε
643 1034 770 1074 Auferet
779 1034 903 1074 gloriam
913 1036 1004 1064 vesti-

263 1084 350 1110 menti
367 1090 479 1117 earum,
497 1087 525 1110 et
539 1086 676 1110 ornatum
689 1090 800 1118 earum,
815 1086 843 1110 et
856 1082 1005 1111 cincinnos

262 1133 405 1163 ear-amm
418 1128 572 1164 corymbos
577 1126 736 1167 ,Corymbos
742 1133 832 1156 autem
839 1126 958 1163 dieit,vel
965 1138 1005 1157 or-

263 1180 354 1202 natum
364 1173 517 1213 quempiam
530 1172 683 1213 capitis,vel
694 1173 768 1202 vittae
777 1180 856 1213 caput
867 1173 1003 1213 stringen-

264 1219 297 1248 tis
306 1219 429 1248 formam.
440 1220 468 1249 E
471 1225 481 1248 t
489 1219 625 1248 lunulas.-
634 1226 820 1248 ornamentum
827 1219 928 1249 scilicet
934 1220 1006 1250 circa

263 1266 365 1295 collum
382 1266 471 1295 lunari
488 1267 584 1296 forma.
601 1267 642 1295 Et
656 1268 802 1297 cuchema.
825 1268 906 1296 Forte
920 1267 1005 1297 theri·

263 1311 430 1341 strumdicit.
442 1311 486 1341 Et
498 1319 635 1342 ornatum
633 1313 734 1354 faciei
746 1323 858 1343 earum.
873 1313 925 1343 Hic
938 1313 1006 1344 mihi

264 1358 372 1388 videtur
383 1358 476 1388 fucum
489 1365 516 1387 et
528 1358 663 1398 pigmenta
681 1359 861 1389 subindicare.
876 1360 917 1389 Et
930 1370 1006 1389 com-

262 1407 435 1444 positionem
449 1407 614 1435 ornamenti
624 1406 734 1446 gloriae.
750 1407 808 1436 Hoc
816 1417 883 1436 auro
895 1406 1007 1437 eircum-

262 1451 356 1482 datum
373 1451 449 1482 dicit.
466 1453 508 1481 Et
527 1452 661 1482 armillas
668 1466 681 1489 ;
694 1453 770 1482 aurei
782 1464 878 1494 nempe
899 1461 1008 1484 ornatus

263 1501 333 1530 cirea
343 1499 465 1530 brachia.
481 1501 523 1530 Et
542 1501 745 1530 dextrocheria
754 1515 766 1537 ;
786 1501 856 1532 eirca
877 1512 1007 1531 manuum

260 1548 412 1587 juncturas.
436 1547 479 1575 Et
498 1546 673 1582 reticulum;
692 1553 878 1576 ornamentum
896 1558 1007 1577 aureum
1023 1556 1047 1578 4⁵

263 1594 334 1624 circa
346 1601 438 1635 caput.
454 1595 495 1624 Et
508 1595 646 1629 annulos,
661 1595 875 1631 dextrocheria,
890 1601 919 1625 et
934 1606 1008 1635 proe-
1026 1585 1046 1608 Α

264 1646 345 1670 texta
365 1651 505 1680 purpura,
521 1647 549 1670 et
568 1641 687 1671 clavata
698 1651 838 1681 purpura,
853 1648 882 1671 et
893 1652 1007 1681 pannos

262 1696 316 1725 per
322 1687 451 1724 domum,
460 1693 488 1715 et
495 1687 644 1726 pellucido
653 1689 930 1718 Laconica.Tantum
936 1688 1008 1718 enim

264 1732 331 1772 ipsis
351 1733 437 1762 inerat
457 1733 574 1764 lasciviae
593 1733 730 1772 studium,
744 1740 774 1763 ut
798 1744 851 1764 non
873 1734 954 1764 modo
974 1734 1008 1764 iis

266 1785 410 1816 uterentur,
420 1790 479 1819 quae
492 1780 520 1810 in
533 1791 580 1809 sua
596 1780 703 1820 regione
716 1787 792 1810 erant
801 1804 811 1817 ,
821 1781 869 1811 sed
881 1782 962 1811 etiam
974 1792 1008 1811 ex

264 1824 350 1854 aliena
357 1831 428 1854 terra
437 1826 534 1866 procul
544 1827 605 1856 illas
616 1826 715 1856 advehi
722 1835 847 1856 curarent
865 1838 914 1868 per
922 1834 1007 1857 trans-

264 1871 383 1900 marinos
405 1879 578 1902 commeatus.
605 1873 726 1902 Multum
752 1873 824 1902 enim
843 1874 962 1913 spatium
983 1881 1009 1903 et

265 1918 375 1958 pelagus
389 1917 550 1948 immensum
563 1925 603 1948 est
616 1919 784 1949 Palaestinam
806 1920 874 1948 inter
885 1926 911 1949 et
924 1921 1007 1950 Lace-

264 1963 423 1994 daemonem.

1029 2145 1047 2168 B

306 2283 335 2311 9.
345 2282 406 2312 Non
418 2282 475 2312 sine
489 2293 569 2312 causa
580 2283 664 2323 igitur
675 2284 810 2324 regionem
822 2286 923 2326 posuit,
931 2285 1012 2316 misso

264 2399 266 2402 ,
301 2375 314 2394 b
331 2374 430 2407 Reg2et.
440 2374 517 2400 savii.
531 2379 707 2403 καταστείλασαι
720 2376 793 2402 mule.
805 2376 887 2403 Iidem
905 2381 1026 2405 ἀπαλλάσ-

267 2426 352 2441 corraz-

299 2462 310 2473 ο
328 2454 399 2486 Haee,
409 2460 455 2480 τῶν
464 2459 572 2486 γυναικῶν
581 2457 676 2486 ἐκείνων,
696 2453 788 2479 desunt
797 2455 823 2479 in
835 2455 896 2489 Reg.
910 2461 936 2480 et
946 2455 1023 2482 Savil.

300 2493 313 2511 ἃ
331 2497 365 2519 Τὰ
374 2497 457 2528 πτερά.
469 2493 500 2517 In
510 2491 575 2517 hanc
587 2501 674 2517 vocem
685 2492 738 2518 haec
748 2499 822 2519 notat
830 2494 907 2521 savit,
922 2505 927 2518 z
941 2505 953 2517 «
962 2496 1026 2528 Lege

266 2536 462 2567 περιπετάσματα,
476 2531 558 2564 inquit
571 2531 709 2564 Inter-prm,
723 2541 764 2557 seu
774 2533 828 2565 quis
840 2533 901 2558 alius
910 2534 942 2558 ad
955 2543 1025 2559 orum

592 131 620 153 S.
649 130 790 153 JOANle
816 130 999 154 CHRYSOST.
1029 131 1183 155 ARCfflEP.
1212 133 1483 158 CONSTAN'UNOP.

1053 194 1131 234 λῦψει
1140 195 1170 223 τὸ
1181 197 1275 235 σχῆμα
1287 196 1373 226 αὐτῶν
1387 197 1413 226 ἐν
1428 199 1462 236 τῇ
1479 196 1567 237 ἡμέρᾳ
1581 196 1683 237 ἐκείνῃ,
1699 197 1743 227 καὶ
1761 198 1822 237 &qas-

1054 242 1095 270 λεῖ
1108 241 1205 281 Κύριος
1218 242 1267 278 τὴν
1281 241 1356 276 δόξαν
1371 244 1418 272 τοῦ
1431 243 1576 282 ἱματισμοῦ
1588 244 1685 274 αὐτῶν.
1704 243 1759 273 Δύο
1771 244 1823 277 θεὶς

1055 287 1226 326 ἐγκλήματα,
1240 287 1364 318 ἀπόνοιαν
1378 288 1423 318 καὶ
1435 287 1585 328 ἀσέλγειαν,
1601 289 1706 330 ἑκάστῳ
1719 289 1821 319 κατάλ-

1054 334 1134 369 ληλον
1149 333 1242 373 ἐπάγει
1261 333 1410 374 φάρμακον,
1423 333 1469 364 καὶ
1490 334 1612 375 προτέρῳ
1638 335 1669 365 τὸ
1686 336 1823 376 πρότερον,

1054 381 1093 419 τῷ
1107 379 1219 420 δευτέρῳ
1236 380 1267 409 τὸ
1290 379 1428 420 ἐχόμενον·
1442 382 1475 421 τῇ
1490 380 1538 420 μὲν
1559 382 1684 422 ἀπονοίᾳ,
1705 381 1754 419 τὴν
1773 393 1822 411 τα-

1055 425 1189 462 πείνωσιν,
1216 427 1254 466 τῷ
1281 425 1308 455 δὲ
1327 427 1511 467 καλλωπισμῷ
1534 429 1580 456 τοῦ
1606 427 1758 468 σχήματος,
1773 427 1823 463 τὴν

1056 471 1189 511 ἀναίρεσιν
1203 471 1312 501 ἐκείνου.
1330 472 1454 511 Πολέμου
1468 472 1520 513 γὰρ
1537 473 1734 507 καταλαὸόντος
1745 473 1823 510 τότε,

1055 517 1089 547 τὰ
1102 517 1190 547 πάντα
1201 518 1339 558 οἰχήσεται
1347 539 1355 554 ,
1366 518 1454 558 φησίν.
1462 518 1500 548 Αἵ
1510 531 1539 549 τε
1551 519 1603 559 γὰρ
1616 519 1824 560 φλεγμαίνουσαι

1056 563 1101 593 καὶ
1124 564 1344 604 ἀπονενοημέναι,
1357 566 1396 604 τῷ
1415 564 1489 606 φόὸῳ
1514 564 1763 602 ι’κατοισϊαλιεῖσαι,
1777 568 1824 596 τοῦ

1056 609 1204 648 νοσήματος
1217 610 1451 650 ἀπαλλαγήσονται
1460 622 1466 630 ·
1477 610 1508 640 αἶ
1518 623 1548 641 τε
1559 611 1768 652 μαλακιζόμεναι
1778 614 1823 642 καὶ

1057 656 1101 686 διὰ
1119 656 1226 686 πάντων
1245 656 1439 697 θρυπτόμεναι,
1454 658 1491 690 εἰς
1512 657 1557 688 τὸν
1570 659 1619 694 τῆς
1639 659 1824 698 αἰχμαλωσίας

1057 703 1220 741 ἐμπεσοῦσαι
1236 703 1321 742 ζυγὸν,
1334 703 1423 740 πάσης
1446 703 1547 739 ἐκείνης
1572 705 1824 745 ἐλευθερωθήσονται

1057 750 1105 784 τῆς
1127 748 1262 788 βλακείας.
1279 749 1361 779 Ὥστε
1390 749 1417 779 δὲ
1436 751 1547 786 ποιῆσαι
1568 750 1614 780 τὸν
1636 750 1715 791 λόγον
1736 753 1826 785 αὐτοῖς

1057 794 1257 836 φορτικώτερον,
1268 796 1313 825 καὶ
1326 795 1492 836 καθάψασθαι
1506 798 1554 832 τῆς
1576 798 1629 826 τῶν
1651 797 1826 838 ἀκροωμένων

1059 841 1189 878 διανοίας,
1202 842 1247 871 καὶ
1261 844 1319 872 κατ’
1335 837 1400 876 εἶδος
1421 843 1550 882 διηγεῖται
1573 844 1618 873 τὸν
1635 843 1824 883 καλλωπισμὸν

1058 888 1110 916 τῶν
1132 887 1244 927 ἱματίων
1263 890 1334 917 ‘viiiv
1346 891 1475 928 γυναικῶν
1490 889 1607 926 ἐκείνων,
1620 891 1673 919 τῶν
1697 889 1825 930 χρυσίων,

1059 932 1104 962 τὸν
1125 933 1169 963 ἐπὶ
1188 935 1236 970 τῆς
1254 933 1353 974 ὄψεως,
1373 935 1418 964 τὸν
1442 936 1485 965 ἐπὶ
1505 938 1552 965 τοῦ
1571 936 1665 965 λοιποῦ
1685 936 1824 976 σώματος,

1060 977 1106 1008 καὶ
1119 978 1222 1019 πρόεισι
1243 979 1288 1009 καὶ
1310 979 1353 1009 ἐπὶ
1376 981 1420 1010 τὸν
1438 983 1486 1016 τῆς
1499 982 1583 1016 οἰκίας
1594 981 1703 1021 κόσμον.
1719 983 1760 1012 Οὐ
1774 982 1825 1022 γὰρ

1062 1024 1093 1061 δὴ
1107 1025 1184 1064 μόνον
1196 1025 1230 1055 τὰ
1250 1025 1362 1065 σώματα
1373 1028 1591 1066 ἐνεκαλλώπιζον,
1603 1028 1672 1059 ἀλλὰ
1689 1029 1736 1065 τὴν
1749 1029 1824 1070 ὅὸριν

1061 1070 1159 1107 ταύτην
1183 1071 1228 1102 καὶ
1253 1072 1332 1113 μέχρι
1361 1074 1413 1102 τῶν
1432 1074 1527 1114 τοίχων
1558 1074 1659 1115 ἐξῆγον,
1686 1077 1722 1109 εἷς
1751 1075 1826 1106 οὐδὲν

1062 1117 1118 1147 δέον
1130 1118 1330 1158 δαπανώμεναι·
1343 1119 1388 1149 καὶ
1406 1120 1452 1153 τὰς
1471 1121 1564 1161 τρίχας
1584 1122 1612 1152 δὲ
1635 1122 1825 1163 στρεὸλῶσαι,

1062 1162 1112 1193 ατὰ
1134 1164 1219 1205 πτερὰ
1244 1166 1292 1200 ἰ-’ῆς
1320 1165 1443 1201 τοιαύτης
1475 1168 1578 1203 ἀπάτης
1602 1168 1729 1198 πάντοθεν
1763 1169 1828 1199 ἐτά-

1062 1221 1129 1240 νυον.
1143 1210 1196 1240 Καὶ
1209 1213 1286 1241 τοῦτο
1298 1214 1360 1250 γοῦν
1374 1213 1479 1251 ἐγκαλεῖ
1499 1213 1592 1253 λέγων,
1606 1213 1646 1243 ὅτι
1660 1215 1760 1255 Ἀφελεῑ
1778 1215 1827 1251 τὴν

1063 1256 1138 1291 δόξαν
1155 1259 1201 1286 τοῦ
1220 1259 1363 1297 ἱματισμοῦ
1378 1260 1473 1295 αὐτῶν,
1492 1259 1536 1289 καὶ
1551 1260 1594 1289 τὸν
1619 1260 1718 1300 κόσμον
1730 1262 1827 1297 αὐτῶν,

1062 1303 1108 1333 καὶ
1128 1303 1163 1333 τὰ
1185 1303 1316 1343 ἐμπλόκια
1336 1305 1431 1341 αὐτῶν,
1458 1305 1503 1334 καὶ
1525 1305 1584 1340 τοὺς
1607 1306 1764 1346 κορύμὸους.
1778 1308 1828 1336 Κο-

1064 1349 1178 1391 ρύμὸους
1192 1348 1220 1380 δὲ
1232 1350 1316 1390 λέγει,
1329 1350 1347 1386 ἢ
1358 1349 1458 1389 κόσμον
1477 1351 1535 1380 τινὰ
1549 1352 1610 1393 περὶ
1629 1353 1679 1389 τὴν
1699 1353 1827 1394 κεφαλὴν,

1063 1396 1080 1431 ἢ
1095 1397 1173 1426 αὐτοῦ
1186 1398 1232 1426 τοῖἷ
1245 1396 1441 1437 κεφαλοδέσμου
1454 1397 1484 1426 τὸ
1498 1399 1600 1437 σχῆμα.
1621 1399 1675 1428 Καὶ
1694 1399 1754 1433 τοὺς
1773 1413 1827 1439 μη-

1064 1443 1166 1476 νίσκους
1177 1454 1183 1461 ·
1195 1442 1293 1481 κόσμον
1303 1443 1364 1483 περὶ
1385 1443 1430 1472 τὸν
1443 1444 1577 1484 τράχηλον
1600 1446 1760 1481 σεληνοειδῆ.
1774 1446 1827 1475 Καὶ

1063 1489 1094 1518 τὸ
1109 1488 1221 1528 κάθεμα.
1245 1491 1257 1504 ²
1266 1488 1347 1529 Τάχα
1359 1489 1390 1519 τὸ
1403 1488 1538 1530 θέριστρον
1551 1490 1633 1530 λέγει.
1656 1491 1710 1520 Καὶ
1723 1492 1767 1521 τὸν
1785 1492 1828 1522 κό-

1064 1547 1131 1574 σμον
1145 1537 1190 1564 τοῦ
1203 1533 1344 1575 προσώπου
1360 1535 1458 1564 αὐτῶν.
1474 1535 1606 1565 Ἐνταῦθά
1619 1548 1665 1575 μοι
1681 1537 1751 1566 δοκεῖ
1769 1538 1828 1566 ἐπι·

1063 1581 1201 1621 τρίμματα
1213 1580 1258 1611 καὶ
1277 1580 1429 1621 ὑπογραφὰς
1448 1581 1617 1612 αἰνίττεσθαι.
1632 1582 1685 1612 Καὶ
1706 1582 1755 1618 τὴν
1769 1582 1829 1611 σύν-

1064 1629 1133 1656 θεσιν
1146 1629 1192 1656 τοῦ
1207 1626 1306 1666 κόσμου
1318 1628 1367 1662 τῆς
1379 1626 1462 1664 δόξης.
1478 1629 1564 1657 Τοῦτο
1571 1627 1741 1668 περιχρύσιόν
1755 1639 1831 1668 φησι.

1065 1673 1118 1703 Καὶ
1131 1672 1192 1707 τοὺς
1203 1673 1345 1713 χλιδῶνας·
1358 1673 1392 1703 τὰ
1410 1673 1472 1713 περὶ
1484 1672 1545 1707 τοὺς
1560 1674 1701 1714 βραχίονας
1723 1674 1829 1714 χρυσία.

1065 1719 1118 1749 Καὶ
1137 1719 1172 1748 τὰ
1184 1719 1295 1760 ψέλλια·
1309 1719 1343 1749 τὰ
1361 1719 1422 1760 περὶ
1442 1719 1503 1753 τοὺς
1522 1720 1649 1760 καρπούς.
1664 1721 1716 1750 Καὶ
1730 1720 1761 1749 τὸ
1783 1722 1831 1759 ἐμ-

1064 1765 1182 1795 πλόκιον·
1196 1765 1294 1805 κόσμον
1307 1768 1419 1806 χρυσοῦν
1431 1766 1492 1806 περὶ
1503 1766 1552 1802 τὴν
1563 1766 1688 1807 κεφαλήν.
1702 1766 1756 1796 Καὶ
1770 1765 1831 1799 τοὺς

1065 1812 1224 1848 δακτύλους,
1250 1812 1295 1842 καὶ
1313 1811 1347 1841 τὰ
1370 1811 1518 1852 περιδέξια·
1541 1812 1558 1842 ἃ
1581 1812 1687 1852 λέγουσι
1703 1813 1828 1853 δεξιάρια.

1064 1858 1118 1889 Καὶ
1130 1857 1164 1888 τὰ
1184 1858 1293 1894 ἐνώτια,
1303 1859 1349 1888 καὶ
1365 1858 1399 1888 τὰ
1411 1858 1609 1899 περιπόρφυρα,
1624 1860 1669 1889 καὶ
1692 1859 1726 1888 τὰ
1751 1871 1831 1898 μεσο-

1064 1904 1200 1945 πόρφυρα,
1212 1905 1257 1934 καὶ
1276 1904 1310 1934 τὰ
1331 1904 1502 1944 ἑπιὸλήματα
1520 1905 1554 1934 τὰ
1575 1905 1644 1935 κατὰ
1666 1905 1714 1942 τὴν
1737 1905 1832 1941 οἰκίαν,

1065 1950 1154 1980 καὶτὰ
1175 1951 1287 1991 διαφανῆ
1300 1950 1451 1980 Λακωνικά.
1467 1951 1592 1987 Τοσαύτη
1604 1950 1656 1991 γὰρ
1669 1946 1702 1987 ἧν
1717 1952 1801 1981 αὐτῶν
1813 1954 1830 1987 ἡ

1064 1997 1124 2026 πεοὶ
1134 1996 1183 2033 τὴν
1197 1996 1334 2036 ἀσέλγειαν
1350 1996 1464 2033 σπουδὴ,
1475 1999 1512 2031 ὡς
1526 1997 1564 2036 μὴ
1584 1997 1662 2036 μόνον
1678 2001 1733 2031 τοῖς
1746 1998 1833 2037 ἐγχω-

1066 2043 1129 2083 ρίοις
1151 2044 1310 2083 κεχρῆσθαι,
1325 2042 1393 2072 ἀλλὰ
1416 2043 1461 2072 καὶ
1483 2042 1617 2083 πόρῤωθεν
1638 2044 1669 2073 ἐκ
1690 2045 1738 2078 τ’ἥς
1752 2045 1833 2073 ἀλλο-

1064 2089 1138 2130 τρίας
1158 2089 1238 2123 αὐτὰς
1258 2088 1402 2128 συλλέγειν,
1428 2089 1473 2119 καὶ
1497 2089 1661 2123 διαποντίους
1683 2090 1833 2128 ἀποδημίας

1064 2135 1131 2175 ὖπὲρ
1156 2135 1242 2164 αὐτῶν
1264 2134 1426 2164 στέλλεσθαι.
1447 2134 1521 2165 Πολὺ
1542 2135 1593 2175 γὰρ
1625 2135 1655 2166 τὸ
1678 2136 1757 2174 μέσον
1785 2138 1834 2171 τῆς

1065 2181 1245 2216 Παλαιστίνης
1263 2181 1309 2210 καὶ
1334 2182 1382 2215 τῆς
1408 2181 1605 2220 Λακεδαίμονος
1614 2203 1622 2216 ,
1646 2182 1690 2211 καὶ
1719 2182 1832 2222 πέλαγος

1068 2228 1187 2267 ἄπειρον.

1108 2288 1170 2327 Οὐχ
1180 2286 1270 2320 ἅπλῶς
1283 2285 1368 2315 τοίνυν
1382 2285 1430 2321 τὴν
1449 2286 1565 2326 πατρίδα
1575 2287 1700 2324 τέθεικεν,
1715 2288 1789 2329 ἀφεὶς
1799 2289 1833 2318 τὰ

1075 2377 1133 2403 iibri
1143 2377 1250 2403 Lutetiae
1259 2385 1325 2402 anno
1334 2377 1398 2402 ⁴588
1410 2377 1506 2402 excusi:
1516 2386 1592 2410 quam
1607 2386 1664 2403 vere
1675 2379 1776 2411 nescio-5
1789 2387 1834 2404 ne-

1074 2425 1123 2450 que
1138 2418 1204 2442 enim
1217 2417 1350 2442 convenire
1361 2415 1471 2442 videtur.
1481 2418 1577 2442 Boisius
1587 2422 1663 2452 πτερά
1673 2417 1765 2443 retinet
1776 2427 1781 2442 :
1795 2425 1833 2443 est

1074 2455 1151 2489 enim,
1170 2456 1252 2489 inquit
1271 2454 1322 2488 ille,
1339 2454 1439 2489 elegans
1450 2455 1538 2481 allusio
1557 2456 1591 2481 ad
1609 2465 1704 2490 pennas
1726 2459 1834 2490 pavonis

1075 2501 1171 2521 erectas
1182 2501 1208 2520 et
1221 2503 1351 2528 expansas.
1363 2505 1377 2519 ι»

1108 2543 1118 2554 ²
1135 2540 1199 2568 Τάχα
1211 2534 1282 2560 abest
1294 2544 1307 2560 a
1320 2535 1380 2567 Reg.
1394 2540 1419 2559 et
1430 2533 1507 2559 savit.
