1904 2840
246 186 317 232 734
563 183 565 185 ’
718 194 878 230 mA'rRlnA
901 193 945 217 Αι)
971 191 1054 216 orus
1081 190 1319 214 IMPERFECTUM

212 266 236 282 lv
248 271 262 286 n
286 258 313 287 in
331 257 452 287 Decretis
469 265 638 286 summorum
651 255 823 293 Pontificum,
835 262 861 285 et
871 255 899 284 in
912 254 1031 285 Summis
1044 252 1201 292 theologicis
1214 251 1304 292 magni
1317 250 1434 281 nominis
1445 251 1629 291 theologorum
1644 263 1651 280 z
1667 251 1695 280 in
1706 251 1807 291 quibus

247 316 262 330 »
284 304 375 333 multae
385 314 419 332 ex
431 302 474 332 his
482 301 842 342 sententiis,diligentissime
852 311 984 342 expensae,
997 300 1032 330 ab
1044 299 1118 328 omni
1135 298 1234 328 erroris
1249 297 1400 338 suspicione
1410 297 1592 327 vindicantur.

287 362 302 377 v»
323 350 418 388 Neque
440 348 484 378 his
505 347 650 387 quicquam
672 348 748 377 obest
770 357 861 377 recens
878 346 997 376 edictum
1014 345 1093 375 Pauli
1112 346 1191 384 Papae
1211 343 1313 383 quarti,
1327 342 1430 384 quippe
1448 343 1522 383 quod
1539 354 1592 374 non
1610 343 1769 384 simpliciter
1781 349 1809 372 et

247 408 262 424 ι)
285 396 393 425 omnino
406 394 498 435 rejecit
509 394 666 424 universum
676 394 728 424 hoc
749 401 878 434 opus,tot
886 395 944 434 jam
954 392 1059 423 saeculis
1071 390 1208 422 communi
1218 390 1345 421 Ecclesiae
1355 401 1464 420 assensu
1483 391 1704 432 comprobatum5
1717 390 1765 420 sed
1777 400 1807 419 ea

247 455 262 471 n
284 442 426 472 dumtaxat
441 442 524 482 hujus
535 441 624 482 operis
634 440 799 482 exemplaria
812 440 959 476 interdicit,
971 449 1030 478 quae
1043 445 1137 479 praeter
1150 436 1267 466 auctoris
1289 443 1404 467 mentem
1417 437 1451 466 ab
1465 437 1599 467 haereticis
1617 437 1710 467 vitiata
1729 436 1809 466 inve-

247 500 262 516 »
283 488 407 525 niuntur,
421 494 448 517 et
460 487 514 525 his,
527 486 628 526 quibus
639 496 710 517 nunc
723 492 834 524 scatent,
849 486 959 515 saeeibus
969 485 1118 524 inquinata.
1132 484 1188 514 Has
1200 489 1290 512 autem
1298 483 1374 512 faeces
1385 489 1411 513 et
1421 483 1514 514 sordes
1526 493 1579 513 non
1589 482 1706 512 auctoris
1717 482 1809 521 culpa,

247 547 262 562 η
285 534 333 564 sed
351 533 540 564 haereticorum
560 531 656 562 fraude
668 532 696 562 in
709 533 760 563 hos
780 531 984 562 commentarios
1005 529 1155 570 irrepsisse,
1180 527 1283 569 triplici
1302 528 1403 558 indicio
1422 528 1594 569 persuadent,
1615 527 1716 568 primo,
1735 526 1811 566 quod

247 594 262 609 γ»
284 580 447 621 exemplaria
460 579 583 620 quaedam
594 579 775 610 vetustissima
789 578 860 608 nihil
869 578 1022 608 contineant
1043 575 1200 618 hujusmodi
1217 585 1352 613 errorum,
1370 575 1418 606 sed
1437 575 1490 605 alia
1504 586 1586 606 manu
1601 575 1691 605 omnia
1711 574 1811 604 habent

247 640 262 655 n
284 627 419 667 adscripta
431 626 459 669 in
471 625 651 666 marginibus.
660 626 794 663 Secundo,
805 625 879 665 quod
891 624 1026 665 quidquid
1037 624 1191 654 haereticum
1199 629 1251 658 est,
1258 622 1296 651 ita
1307 633 1356 662 per
1362 621 1511 652 illationem
1519 621 1553 652 sit
1561 632 1692 663 germanae
1702 620 1810 651 lectioni

248 687 263 702 n
286 681 418 712 assutum,
426 680 466 710 ut,
475 673 498 703 si
511 679 653 709 resecetur,
661 682 695 702 ne
705 672 790 702 latum
798 672 908 712 quidem
916 682 1033 711 unguem
1047 677 1166 700 mutetur
1177 669 1304 699 sententia
1317 682 1324 698 ε
1334 668 1409 708 quod
1419 679 1482 699 sane
1493 669 1550 699 fieri
1565 679 1618 698 non
1631 674 1731 709 posset,
1741 667 1765 696 si
1775 667 1810 696 ab

246 736 260 750 »
283 723 343 763 ipso
355 729 463 752 auctore
475 721 590 761 ingenue
603 721 696 751 fuisset
708 720 840 750 intextum
853 719 1103 760 :quemadmodum
1115 728 1162 748 nec
1172 718 1291 747 humano
1303 718 1411 757 corpori
1424 717 1576 747 membrum
1587 715 1700 756 aliquod
1710 714 1811 744 auferri

246 782 261 796 n
283 771 370 809 Potest
382 768 483 806 absque
498 767 613 797 deformi
623 766 705 797 totius
718 773 859 796 structurae
872 765 1049 796 mutilatione.
1063 764 1167 800 Tertio,
1180 762 1254 802 quod
1267 762 1397 792 credibile
1407 773 1461 791 non
1472 762 1518 799 sit,
1531 769 1678 798 auctorem,
1693 759 1743 800 qui
1760 770 1810 788 nec
1837 757 1840 761 ’

246 829 261 844 n
284 826 385 852 amens,
393 825 442 845 nec
453 814 601 845 obliviosus
610 814 701 851 fuerit,
708 814 804 844 iisdem
814 814 848 844 de
857 814 981 850 rebus,et
994 812 1088 842 iisdem
1102 821 1168 852 pene
1178 810 1245 840 locis
1255 809 1414 839 scribentem
1428 809 1534 850 sibiipsi
1544 808 1679 839 contraria
1693 806 1809 837 sensisse

248 875 263 890 ι)
285 870 311 892 et
323 861 436 898 dixisse,
449 860 598 902 praesertim
607 861 710 891 veroin
721 861 776 899 his,
790 860 825 890 de
836 861 935 900 quibus
955 866 985 889 ut
999 859 1116 889 Arianus
1137 863 1289 887 accusatur.
1303 855 1447 893 Quomodo
1469 856 1542 885 enim
1563 854 1710 886 verisimile
1729 852 1812 883 fuerit

248 921 263 936 ι)
286 920 348 939 eum
361 919 424 938 cum
438 908 544 939 Arianis
557 907 591 937 de
603 907 755 947 inaequalite
769 914 794 937 et
805 907 912 938 diversa
926 906 1015 937 Patris
1028 913 1054 935 et
1070 904 1137 935 Filii
1151 903 1299 933 substantia
1312 902 1478 939 convenisse,
1492 902 1538 941 qui
1552 902 1682 932 adversus
1699 896 1815 931 Arianos

249 967 264 982 η
286 954 415 984 unitatem
428 961 455 984 et
473 953 650 993 aequalitatem
670 954 810 993 utriusque
834 953 928 983 multis
949 952 1016 982 locis
1039 950 1182 981 defendit?
1195 949 1330 990 praecipue
1343 959 1407 979 vero
1420 949 1502 979 Hom.
1515 949 1568 984 44,
1582 959 1664 989 super
1676 947 1733 977 illis
1749 957 1811 976 ver-

249 1013 264 1028 »
287 1002 344 1039 bis,
369 1012 417 1031 vas
438 1010 523 1031 vonis
533 1023 541 1037 ,
563 1011 670 1030 semu-2
695 1011 732 1030 m·
757 1010 899 1029 nnamsnu
910 1022 919 1037 ,
942 1009 994 1034 Qm
1021 1007 1176 1028 cuum-ris
1203 996 1328 1025 noxium
1356 1005 1516 1024 canonum.
1539 994 1597 1024 Ubi
1617 993 1675 1023 haec
1695 991 1789 1022 scribit
1802 1004 1810 1020 z

251 1058 264 1074 n
286 1049 334 1078 Sic
358 1054 387 1077 et
407 1048 493 1078 modo
511 1048 638 1077 hoereeici
659 1048 823 1077 sacerdotes
845 1046 990 1076 claudunt
1007 1047 1134 1086 januam
1157 1044 1304 1073 veritatis.
1320 1042 1401 1078 Ideo,
1418 1041 1538 1081 quando
1552 1041 1653 1080 legunt
1664 1040 1696 1067 in
1704 1039 1811 1078 populo

250 1109 265 1124 n
284 1106 336 1125 suo
358 1095 475 1135 aliquid
495 1095 571 1130 tale,
587 1105 639 1130 Qu:
665 1105 709 1124 ut
736 1105 819 1124 msrr
840 1105 940 1124 sumn
963 1104 1007 1122 ui:
1030 1103 1097 1128 nst,
1107 1101 1246 1130 perversa
1263 1090 1499 1129 interpretatione
1523 1088 1666 1117 claudunt
1686 1087 1812 1126 januam

251 1155 265 1169 »
289 1143 436 1177 veritatis,
446 1142 572 1170 dicentes
583 1141 694 1171 Filium
705 1143 845 1170 minorem
854 1141 946 1170 Patre
958 1152 966 1168 ε
979 1150 1044 1169 cum
1056 1145 1153 1168 tamen
1162 1137 1323 1167 secundum
1334 1136 1579 1176 dispensationem
1589 1135 1686 1163 camis
1697 1133 1819 1163 dicatur·

251 1201 266 1216 η
290 1191 396 1218 minor.
410 1190 447 1218 Et
459 1190 540 1218 Hom.
552 1189 603 1224 28,
618 1189 646 1217 in
668 1188 837 1228 expositione
859 1188 936 1218 illius
960 1186 1109 1223 sententiae,
1127 1195 1227 1216 onnus
1249 1194 1319 1213 mur
1342 1193 1471 1213 ‘tumn
1491 1193 1565 1212 suar
1586 1192 1605 1211 ,ι
1626 1191 1718 1210 nnn
1737 1190 1812 1216 um,

252 1246 267 1262 n
290 1244 442 1274 proponens
464 1244 495 1263 ac
518 1233 667 1263 dissolvens
690 1241 878 1273 argumentum
900 1244 993 1263 eorum
1003 1255 1011 1270 ‚
1023 1233 1070 1272 qui
1095 1243 1131 1261 ex
1150 1231 1193 1260 his
1216 1229 1307 1260 verbis
1330 1230 1485 1259 astruebant
1503 1228 1606 1258 Filium
1627 1228 1707 1257 Patre
1723 1226 1815 1256 mino-

252 1292 267 1308 »
289 1291 358 1316 rem,
373 1280 412 1309 sie
425 1279 512 1318 inquit
529 1292 536 1308 :
554 1280 586 1309 A
598 1290 656 1319 quo
671 1280 718 1309 illi
733 1280 841 1309 tradita
854 1286 922 1309 sunt
941 1282 1052 1315 omnia,
1067 1281 1094 1308 si
1106 1288 1181 1307 unus
1197 1283 1240 1306 est
1253 1277 1346 1305 Pater
1358 1282 1386 1306 et
1399 1276 1498 1305 Filius
1514 1287 1522 1304 .·
1535 1281 1588 1304 aut
1599 1284 1690 1314 quare
1709 1275 1817 1303 habere

252 1340 266 1355 π
291 1338 351 1356 ηοη
359 1333 484 1366 poterat,
498 1328 555 1356 nisi
568 1327 678 1355 tradita
696 1326 745 1355 illi
751 1326 895 1366 fuissent,
909 1328 935 1355 si
945 1337 997 1366 per·
1007 1326 1106 1355 omnia
1119 1325 1207 1353 Patri
1228 1334 1280 1353 suo
1304 1330 1366 1352 erat
1386 1322 1531 1361 oequalis?
1542 1322 1622 1351 Nam
1642 1320 1817 1360 sigmficatio

252 1387 267 1402 n
291 1374 456 1404 [raditiom's
479 1379 538 1402 tam
560 1373 681 1402 unitatis
700 1375 854 1410 rationem,
874 1383 963 1412 quam
983 1371 1161 1412 aequalitatis
1175 1370 1316 1399 excludit.
1331 1369 1515 1408 Respondeo,
1531 1369 1642 1397 tradita
1652 1373 1720 1396 sunt
1733 1367 1762 1395 εἰ
1771 1376 1815 1395 se-

252 1432 267 1448 n
288 1420 416 1450 cundum
430 1420 509 1459 quod
519 1420 680 1449 minoratus
691 1426 733 1449 est
743 1419 834 1459 paulo
847 1421 942 1450 minus
953 1420 990 1448 ab
1006 1418 1118 1458 angelis
1130 1428 1138 1446 ε
1154 1427 1222 1446 nam
1236 1416 1395 1446 secundum
1410 1414 1499 1449 illud,
1514 1414 1595 1453 quod
1608 1423 1668 1442 non
1681 1414 1817 1451 rapinam

252 1479 267 1494 n
290 1468 449 1496 arbitratus
463 1471 506 1494 est
519 1475 579 1495 esse
591 1475 622 1495 se
636 1466 779 1505 oequalem
792 1466 867 1503 Deo,
883 1466 963 1494 Deus
985 1475 1060 1494 unus
1074 1470 1103 1493 et
1115 1463 1239 1503 aequalis
1253 1468 1296 1491 est
1308 1463 1335 1490 ei
1344 1483 1352 1498 ‚
1368 1460 1419 1501 qui
1433 1460 1556 1489 tradidit
1573 1460 1683 1488 omnia.
1705 1457 1742 1487 Et
1758 1458 1815 1487 Ho-

252 1525 267 1540 »
290 1512 364 1541 milia
375 1512 426 1548 45,
437 1521 572 1551 exponens
582 1511 654 1540 illud
665 1511 786 1540 Matthaei
799 1513 848 1548 23,
864 1522 900 1539 m·
913 1521 966 1541 vos
980 1520 1109 1538 mama
1125 1518 1289 1537 mensuum
1303 1516 1424 1535 urium
1440 1514 1626 1539 vzs‘rnonuu,
1635 1503 1674 1532 ait
1689 1515 1697 1532 z
1715 1503 1818 1542 Quem-

253 1572 268 1587 »
291 1560 329 1588 do
342 1558 426 1588 vides
441 1559 602 1595 hoereticos,
618 1564 675 1587 tres
690 1568 742 1596 per
760 1560 860 1587 omnia
873 1558 1000 1597 aequales
1013 1557 1155 1592 dicentes,
1173 1565 1231 1584 non
1243 1554 1373 1594 ejusdem
1391 1562 1453 1582 esse
1465 1552 1648 1587 substantioe,
1664 1560 1723 1578 non
1742 1551 1817 1589 ejus-

253 1618 268 1632 „
291 1606 358 1635 dem
372 1614 433 1634 esse
445 1606 638 1642 auctoritatis,
650 1607 713 1634 sine
722 1606 863 1645 principio
878 1614 978 1634 omnes
991 1605 1053 1639 hos,
1063 1603 1168 1642 aliqua
1175 1607 1258 1640 parte
1270 1601 1411 1630 distantes
1421 1609 1441 1628 a
1453 1609 1495 1634 se,
1507 1609 1543 1627 ne
1555 1598 1666 1627 mireris
1676 1608 1684 1625 ε
1694 1596 1816 1635 implent

254 1665 268 1680 u
291 1654 368 1681 enim
380 1659 546 1679 mensuram
556 1657 673 1689 patrum
683 1662 801 1681 suorum
813 1652 976 1692 gentilium,
989 1653 1130 1691 quoniam
1143 1649 1190 1678 illi
1201 1648 1338 1678 similiter
1350 1646 1456 1676 multos
1470 1646 1538 1675 deos
1549 1644 1695 1673 colebant.
1708 1642 1819 1680 Quibus

254 1712 268 1726 »
291 1699 403 1739 quidem
417 1700 504 1730 verbis
519 1699 586 1739 quid
596 1699 715 1739 apertius
728 1698 781 1728 dici
796 1700 884 1739 potuit
897 1698 1025 1729 adversus
1039 1697 1166 1726 Arianam
1179 1694 1346 1730 sententiam,
1361 1703 1421 1731 quae
1432 1691 1496 1721 huic
1510 1690 1613 1720 auctori
1626 1688 1789 1719 adscribitur
1798 1688 1815 1717 Ξ)

254 1759 268 1774 n
290 1747 354 1776 Haec
368 1746 451 1785 igitur
464 1753 594 1786 estsuper
606 1745 649 1774 his
660 1745 857 1774 commentariis
868 1743 1049 1789 controversia
1063 1754 1070 1771 ε
1083 1742 1117 1772 de
1131 1752 1185 1780 qua
1194 1741 1318 1782 judicent
1331 1750 1373 1768 me
1386 1737 1540 1768 doctiores:
1553 1747 1613 1776 ego,
1628 1735 1697 1775 quid
1707 1734 1818 1769 addam,

255 1805 270 1820 a»
292 1792 363 1821 nihil
377 1791 474 1828 habeo,
484 1791 536 1820 nisi
550 1791 601 1820 hoc
617 1789 707 1830 ipsum
719 1791 797 1830 Opus
809 1790 939 1819 disertum
952 1796 978 1819 et
994 1788 1104 1818 doctum
1116 1798 1182 1824 esse,
1195 1797 1226 1817 ac
1238 1786 1353 1826 dignum
1366 1783 1440 1823 quod
1453 1782 1560 1813 assidue
1571 1782 1686 1822 legatur,
1693 1781 1718 1811 si
1731 1787 1820 1810 tamen

256 1850 270 1865 n
295 1837 372 1877 prius
382 1835 585 1875 diligentissime
596 1842 776 1875 expurgatum
788 1835 867 1865 fuerit
880 1836 914 1865 ab
927 1835 961 1864 iis
974 1834 1122 1870 erroribus,
1136 1843 1204 1872 quos
1218 1833 1246 1862 in
1259 1838 1334 1862 sexto
1351 1831 1422 1859 libro
1437 1829 1464 1859 in
1474 1829 1594 1859 censuris
1606 1838 1687 1868 super
1697 1826 1820 1858 Matthaei

257 1895 271 1911 n
294 1882 495 1923 expositoribus
508 1881 704 1911 annotavimus.
720 1881 825 1911 Floruit
842 1888 935 1911 auctor
946 1881 1003 1918 hic,
1020 1887 1050 1909 ut
1060 1891 1095 1910 ex
1107 1881 1146 1910 55
1159 1886 1186 1909 et
1198 1880 1238 1909 59
1249 1878 1308 1918 ejus
1319 1876 1447 1907 Homiliis
1462 1875 1612 1915 colligitur,
1628 1880 1688 1914 post
1700 1880 1821 1913 tempora

258 1942 272 1958 »
295 1929 439 1958 Theodosii
455 1929 570 1968 Augusti
585 1939 591 1956 ε
605 1926 766 1966 scripsitque
779 1927 858 1957 etiam
871 1927 900 1956 in
911 1927 979 1956 alios
992 1925 1166 1965 evangelistas
1176 1923 1324 1954 consimilis
1335 1922 1473 1952 industriae
1481 1919 1715 1951 commentarios.»

298 1975 353 2004 Hic
363 1974 453 2013 aliqua
465 1974 547 2003 babes
559 1983 594 2002 ex
611 1972 645 2001 iis
658 1983 716 2011 quae
730 1973 845 2002 Joannes
858 1972 1002 2002 Mahusius
1016 1983 1097 2012 supra
1111 1971 1227 2008 dixerat;
1243 1968 1290 1999 sed
1301 1969 1372 2009 stylo
1384 1968 1497 2008 paulum
1510 1965 1683 2006 elegantiore.
1698 1963 1821 1994 Mahusii

258 2032 337 2062 porro
350 2020 506 2050 sententiam
517 2018 597 2048 nihili
610 2019 702 2048 fecisse
715 2018 841 2049 videntur
856 2018 989 2048 Batonius
1002 2024 1028 2047 et
1047 2017 1095 2046 alii
1113 2027 1165 2046 non
1179 2015 1269 2056 pauci,
1285 2015 1339 2055 'qui
1358 2014 1431 2044 hunc
1444 2013 1602 2053 scriptorem
1613 2022 1664 2052 pro
1677 2011 1777 2051 Ariano
1788 2020 1823 2039 ex

259 2066 383 2096 haeretico
395 2066 558 2095 babuerunt.

988 2148 1016 2187 5.
1037 2149 1091 2178 iv.

263 2251 385 2280 Bar-onii
401 2250 545 2279 sententia
565 2249 602 2278 de
617 2249 708 2287 Opere
730 2247 896 2287 imperfecto
916 2249 948 2276 in
960 2248 1145 2283 Maeehaeum,
1162 2246 1238 2275 Hist.
1255 2245 1339 2274 Eccl.
1362 2245 1394 2274 T.
1410 2243 1448 2280 V,
1462 2242 1634 2283 ad2annum
1643 2241 1713 2271 407.
1734 2240 1824 2270 Tille-

361 2309 365 2313 ·
828 2295 930 2323 montii
943 2294 1044 2322 eadem
1056 2294 1092 2322 de
1103 2303 1135 2321 re
1147 2293 1254 2332 opinio.

307 2417 321 2431 α
332 2403 413 2433 Haud
433 2412 511 2440 aequo
522 2401 610 2431 animo
621 2400 675 2441 pati
689 2410 831 2440 possumus
840 2398 987 2438 adscriptas
1001 2398 1081 2428 fuisse
1095 2397 1333 2438 sanctissimorviro
1347 2396 1405 2436 ejus
1418 2395 1498 2425 titulo
1511 2393 1638 2423 hactenus
1658 2392 1825 2432 consignatas

270 2463 283 2478 n
306 2450 502 2490 quinquaginta
511 2455 626 2487 quatuor
643 2446 785 2483 nomilias,
799 2456 865 2485 quas
877 2446 954 2485 Opus
974 2445 1158 2485 imperfectum
1172 2444 1320 2480 nominant,
1340 2449 1371 2472 ut
1383 2442 1549 2481 distinguant
1561 2450 1577 2469 a
1594 2445 1777 2469 consummato
1794 2438 1823 2467 in

243 2511 256 2526 v
269 2510 283 2524 »
307 2496 430 2526 eumdem
437 2492 991 2535 evangelistamCommentario‚nonaginta
997 2499 1021 2521 ct
1035 2502 1114 2521 unam
1127 2491 1253 2520 homilias
1267 2487 1540 2530 complectente-Quis
1547 2486 1619 2516 enim
1627 2487 1823 2526 nonjureeom-

269 2555 282 2570 n
305 2550 523 2579 moveatur‚cum
534 2542 626 2572 videat
637 2540 753 2570 adscribi
766 2539 934 2569 sanctissimo
943 2538 1002 2568 viro
1013 2539 1046 2567 ab
1058 2540 1159 2567 incerto
1170 2545 1287 2574 auctore,
1298 2535 1346 2566 sed
1358 2542 1429 2565 certo
1440 2533 1576 2570 baereticO,
1585 2532 1822 2570 haereticorumque

267 2603 282 2618 »
304 2589 458 2626 deterrimo,
471 2588 631 2628 compositas
643 2586 768 2617 homilias
778 2585 838 2615 illas
847 2585 1016 2625 purulentas,
1027 2584 1158 2614 han-esum
1170 2590 1297 2614 scatentes
1309 2581 1487 2618 vei-minibus,
1500 2590 1559 2619 quae
1570 2589 1602 2609 ne
1615 2578 1702 2619 pilum
1713 2577 1821 2616 quidem
