1890 2826
609 184 767 210 SYNOPSIS
793 183 982 208 SCRIPTURE
1008 183 1119 207 SACRAE
1125 199 1132 206 .

95 251 172 292 ,παρὰ
182 253 228 281 τοῦ
241 249 339 291 πατρὸς
356 250 457 286 λαὸεῖν,
470 248 504 278 τὰ
517 247 643 288 γεγονότα
655 246 866 286 ἀπαγγέλλοντες

1587 170 1650 206 381

918 246 957 275 Ut
970 245 1149 274 autemsames
1159 244 1284 280 invaluit,
1297 254 1360 273 cum
1373 243 1482 273 instaret
1492 244 1510 274 J
1513 243 1578 272 udas
1589 244 1658 273 Ben-

99 298 212 328 ἅπαντα.
221 296 255 326 Ὁ
268 295 296 325 δὲ
307 295 444 335 ἀντείχετο
456 298 502 324 τοῦ
514 293 629 323 παιδίου.
646 293 692 326 Ὡς
712 292 739 322 δὲ
755 291 867 331 ἐπεκρά·
884 291 902 314 Ε
915 291 1050 331 jaminum
1060 291 1153 321 volens
1163 290 1307 326 abducere,
1316 300 1344 319 se
1351 300 1445 319 sanum
1458 296 1484 318 et
1497 289 1657 318 incolumem

97 354 176 378 τησεν
194 345 208 372 ὁ
229 342 319 381 λιμὸς,
338 341 383 370 καὶ
399 332 508 374 Ἰούδαῖ
512 339 631 370 ἐπέκειτο
646 338 802 378 βουλόμενος
815 339 867 367 λα-

98 389 152 418 ὅεῑν
177 388 221 418 τὸν
243 387 380 427 Βενιαμὶν,
408 389 469 426 ὓγιῆ
489 386 534 416 καὶ
555 387 623 415 σῶον
644 384 868 424 ἐπαγγειλάμενος

98 434 244 471 ἐπανήξειν,
258 433 354 464 ἔδωκεν
367 436 381 463 ὁ
394 433 494 463 Ἰακὼὸ
510 433 541 462 τό
561 444 590 462 τε
611 431 734 472 ἀργύριον
749 431 868 466 διπλοῦν,

98 480 222 514 κελεύσας
242 479 410 520 ἐπιφέρεσθαι
429 478 475 509 καὶ
495 479 567 519 δῶρα
586 478 672 518 ἕτερα.
686 477 733 511 Ὡς
748 476 776 506 δὲ
789 472 868 512 ἦλθον

919 336 1091 366 reducturum
1105 336 1252 377 pollicitus,
1264 335 1339 365 dedit
1351 336 1435 366 Jacob
1444 334 1611 374 duplicatum
1620 346 1659 364 ar-

918 390 1038 422 gentum,
1051 384 1148 423 jubens
1162 383 1213 412 alia
1225 393 1332 422 quoque
1352 382 1422 411 dona
1436 382 1539 411 afferre.
1559 383 1598 411 Ut
1612 393 1660 411 au-

918 435 973 458 tem
986 429 1020 458 ad
1033 431 1180 470 Josephum
1194 435 1383 469 pervenerunt,
1400 428 1434 457 ab
1447 439 1478 457 eo
1490 428 1661 468 perhumani-

918 482 958 504 ter
967 475 1071 515 excepti
1079 482 1157 513 sunt5
1171 474 1205 504 de
1215 482 1290 515 patre
1299 474 1346 504 ille
1354 474 1538 513 interrogavit,
1549 480 1575 503 et
1586 473 1660 503 lauto

98 527 163 566 πρὸς
182 526 227 556 τὸν
242 526 352 566 Ἰωσὴφ,
367 524 472 559 ἐδέξατο
485 523 578 558 αὐτοὺς
593 525 724 563 εὐμενῶς,
741 522 786 552 καὶ
807 521 869 562 περὶ
877 521 981 566 325ἰΙΙοε
1005 521 1130 551 convivio
1142 522 1254 560 excepit.
1269 521 1338 550 Cum
1352 530 1432 560 porro
1445 520 1479 549 de
1491 519 1581 549 reditu
1595 530 1659 559 age-

99 576 145 602 τοῦ
164 572 263 612 πατρὸς
275 571 398 612 ἠρώτησε
408 595 416 608 ,
429 572 474 600 καὶ
489 570 605 600 εἱστίασε
622 570 761 609 λαμπρῶς.
773 567 869 597 Ἥνίκα
886 576 904 598 Α
919 576 1002 605 retur,
1014 568 1096 609 jussit
1119 568 1248 607 poculum
1269 578 1380 596 aureum
1405 567 1478 607 injici
1503 567 1531 596 in
1553 577 1661 596 saccum

100 618 127 648 δὲ
141 618 194 648 ἔδει
203 617 326 654 ἀπιέναι,
340 617 370 647 τὸ
383 617 507 657 ποτήριον
521 617 552 646 τὸ
564 618 693 656 ἀργυροῦν
705 613 807 644 κελεύει
821 616 870 654 ἔμ-

99 665 230 700 ὅληθῆναι
248 666 286 704 τῷ
304 663 451 704 μαρσίππῳ
472 665 518 692 τοῦ
538 662 674 701 Βενιαμὶν,
697 663 744 690 οὐκ
764 660 870 690 εἰδότων

100 710 215 740 ἐκείνων.
229 710 275 744 Ὡς
289 710 315 740 δὲ
326 710 454 746 ε’νεὸλήθη
466 709 511 739 καὶ
519 708 643 742 λαθόντες
653 709 779 744 ἀπῆλθον,
791 718 872 746 προσ-

100 756 192 786 τάσσει
211 758 250 796 τῷ
268 756 312 789 ἐπὶ
336 758 384 792 τῆς
405 755 488 789 οἰκίας
500 757 515 784 ὁ
529 754 628 794 Ἰωσὴφ
642 753 802 787 καταδιῶξαι
812 751 872 786 τοὺς

101 803 206 842 ἄνδρας.
218 802 253 832 Ὁ
275 802 302 831 δὲ
321 801 485 835 καταδιώξας
505 800 639 837 ἐνεκάλει,
659 799 700 828 ὅτι
721 803 812 832 κακοῖς
827 797 871 828 τὸν

101 847 240 887 εὐεργέτην
257 847 413 888 ἠμείψαντο.
428 845 639 887 Ταραττομένων
661 845 689 875 δὲ
712 846 807 881 αὐτῶν,
828 844 873 874 καὶ

100 896 139 934 τῷ
153 893 201 932 μὲν
216 893 306 930 ἁλόντι
325 893 369 923 ἐπὶ
391 895 425 933 τῇ
442 890 543 932 κλοπῇ,
566 893 589 921 εἰ
605 891 740 932 εὑρεθείη,
763 891 873 921 θάνατον

100 939 248 980 δριζόντων,
255 941 356 973 ἑαυτοῖς
363 939 391 969 δὲ
402 938 531 973 δουλείαν,
539 938 689 978 εὑρίσκεται
696 938 769 978 παρὰ
781 940 819 977 τῷ
828 939 874 967 Βε-

101 985 199 1024 νιαμίν.
214 986 283 1015 Τότε
297 985 419 1015 εἰσελθὼν
432 987 446 1015 ὁ
457 984 571 1020 Ἰούδας,
586 984 631 1014 καὶ
647 983 747 1023 μακρὸν
763 982 873 1012 ἀποτεί-

101 1043 146 1065 νας
155 1032 233 1071 λόγον
243 1031 305 1071 περί
318 1043 346 1060 τε
361 1034 407 1060 τοῦ
422 1030 520 1071 πατρὸς
531 1030 576 1060 καὶ
586 1030 701 1070 περὶτοῦ
716 1029 815 1069 Ἰωσὴφ
828 1028 873 1058 καὶ

101 1081 147 1106 τοῦ
160 1078 295 1116 Βενιαμὶν,
311 1078 338 1110 ὃς
352 1073 384 1113 ἦν
399 1076 520 1115 ἑλόμενος
533 1075 592 1105 ἀντὶ
603 1078 648 1104 τοῦ
665 1074 801 1115 μειρακίου
813 1075 875 1103 δου-

101 1124 187 1153 λεύειν
202 1124 287 1159 αὐτὸς,
299 1125 336 1157 εἷς
347 1126 470 1153 τοσοῦτον
483 1122 604 1151 ἐνέὸαλεν
615 1117 701 1151 οἶκτον
711 1120 755 1150 τὸν
766 1120 874 1160 Ἰωσὴφ,

102 1173 156 1204 “ὥς
179 1171 337 1210 ἐλεγχθῆναι
358 1169 407 1205 τὴν
430 1168 530 1204 σκηνὴν
553 1168 668 1197 ἅπασαν.
692 1167 800 1200 Πάντας
823 1165 874 1206 γὰρ

103 1216 233 1252 ἕκῧαλὼν,
248 1216 290 1245 ἵνα
305 1217 376 1256 αὐτῷ
392 1216 450 1254 μετ’
469 1214 586 1249 ἐξουσίας
601 1213 722 1254 δακρύειν
737 1213 793 1252 ἐξῇ,
809 1225 876 1252 γνω-

105 1263 170 1304 ρίζει
183 1275 212 1293 τε
225 1262 303 1292 αὐτὸν
316 1266 370 1296 τοῖς
390 1263 510 1302 ἀδελφοῖς
520 1283 527 1296 ,
541 1260 586 1290 καὶ
601 1259 758 1290 ἀποστέλλει
772 1259 816 1288 ἐπὶ
830 1258 875 1288 τὸν

103 1309 207 1350 πατέρα
221 1308 289 1348 μετὰ
310 1307 399 1348 δώρων
412 1307 457 1336 καὶ
470 1306 578 1346 ἁμαξῶν
589 1318 596 1324 ·
611 1302 643 1342 ἦν
659 1305 686 1335 δὲ
700 1305 745 1335 καὶ
760 1307 798 1345 τῷ
811 1306 876 1334 Φα-

105 1354 160 1395 ραὼ
177 1358 254 1384 τοῦτο
268 1355 447 1383 συνευδοκοῦν.
466 1352 514 1386 Ὡς
528 1352 556 1382 δὲ
568 1352 680 1388 ἤκουσεν
696 1354 711 1381 ὁ
728 1350 827 1380 Ἰακὼὸ
841 1351 875 1380 τὰ

104 1400 173 1430 κατὰ
183 1400 228 1430 τὸν
241 1399 350 1439 Ἰωσὴφ,
364 1398 512 1439 περιχαρής
526 1410 555 1427 τε
568 1393 610 1434 ἦν,
625 1397 670 1426 καὶ
683 1399 729 1426 τοῦ
743 1398 813 1426 Θεοῦ
828 1408 875 1425 κε-

103 1445 243 1479 λεύσαντος
264 1445 365 1480 κατέῧη
388 1446 425 1478 εἷς
438 1443 582 1483 Αἴγυπτον.
597 1443 667 1483 Ὁρᾷ
688 1443 733 1472 τὸν
747 1441 847 1482 Ἰωσὴφ
861 1444 875 1471 ὁ

104 1491 202 1531 πατὴρ,
224 1490 378 1532 ἀπηγγέλθη
393 1493 477 1519 ταῦτα
491 1492 529 1530 τῷ
544 1489 648 1529 Φαραὼ
657 1511 668 1525 ,
684 1489 729 1518 καὶ
750 1488 874 1529 κατῴκη-

105 1549 149 1567 σεν
171 1539 197 1567 ἐν
216 1537 366 1576 Ῥαμεσσῆ.
382 1535 430 1570 Ὡς
453 1536 480 1565 δὲ
499 1535 619 1565 ἀνάλωτο
639 1535 669 1564 τὸ
684 1534 807 1575 ἀργύριον
828 1537 876 1570 τῆς

105 1585 169 1622 γῆς,
188 1583 270 1619 κτήνη
284 1582 396 1615 διδόντες
417 1583 441 1611 οἱ
463 1582 611 1621 ἄνθρωποι,
624 1580 771 1619 ε’λᾶμὸανον
786 1584 858 1610 σῖτον
869 1592 875 1598 ·

106 1629 196 1665 ἐπειδὴ
212 1629 239 1658 δὲ
250 1628 295 1658 καὶ
306 1631 389 1657 ταῦτα
401 1628 520 1663 ἐπέλιπε,
533 1627 601 1657 καὶὸ
611 1626 687 1666 λιμὸς
697 1627 744 1656 οὐκ
754 1626 875 1662 ἐπαύετο,

107 1673 214 1707 ἑαυτοὺς
225 1673 325 1703 ἔδωκαν
341 1673 408 1712 μετὰ
422 1675 468 1709 τῆς
482 1675 530 1712 γῆς
541 1684 548 1691 ·
563 1672 608 1702 καὶ
619 1672 754 1711 γενόμενοι
767 1674 805 1712 τῷ
819 1673 878 1701 Φα-

108 1719 162 1759 ραὼ
177 1721 278 1755 δοῦλοι,
300 1719 430 1758 ἔσπειρον,
444 1718 488 1748 καὶ
511 1718 541 1748 τὸ
559 1717 681 1757 πέμπτον
697 1717 775 1757 μέρος
797 1717 879 1746 ἐδίδο-

107 1778 155 1796 σαν
174 1767 255 1806 αὐτῷ,
277 1765 310 1795 τὰ
324 1765 449 1805 τέσσαρα
465 1765 540 1794 αὐτοὶ
558 1764 744 1804 καρπούμενοι.
766 1763 878 1792 Μέλλων

107 1812 135 1842 δὲ
159 1814 282 1852 τελευτᾷν
304 1814 317 1841 ὁ
340 1811 448 1848 Ἰακὼὸ,
472 1810 549 1851 ὅρκον
572 1812 680 1840 ἀπαιτεῖ
701 1810 745 1839 τὸν
759 1809 858 1850 Ἰωσὴφ
870 1832 878 1845 ,

107 1858 176 1887 ὥστε
195 1858 232 1897 μὴ
247 1858 327 1898 θάψαι
348 1857 426 1887 αὐτὸν
443 1858 470 1886 ἐν
482 1856 620 1896 Αἰγύπτῳ,
635 1857 694 1885 ἀλλ’
710 1857 737 1884 ἐν
751 1858 789 1896 τῷ
805 1855 880 1896 τάφῳ

107 1906 159 1934 τῶν
183 1903 305 1944 πατέρων
328 1906 416 1933 αὐτοῦ.
440 1903 493 1933 Καὶ
517 1902 576 1936 τοὺς
598 1901 669 1935 υἱοὺς
694 1901 793 1942 Ἰωσὴφ
803 1924 810 1937 ,
835 1901 879 1931 τὸν

108 1950 226 1991 Ἔφραῒμ
241 1950 286 1979 καὶ
298 1950 342 1978 τὸν
358 1951 490 1984 Μανασσῆ
500 1972 508 1986 ,
527 1951 575 1978 οὐκ
588 1950 624 1981 εἷς
637 1948 760 1988 ἐγγόνων,
773 1949 832 1977 ἀλλ’
844 1950 881 1981 εἷς

108 1997 170 2026 υἱῶν
185 1995 326 2035 καταλέγει
336 1994 420 2029 τάξιν.
434 1995 487 2024 Καὶ
501 1994 660 2033 ἠμὸλυώπει
675 1994 773 2023 'lanum
787 2005 792 2012 ·
805 1995 841 2027 ὡς
853 1993 880 2023 δὲ

108 2041 282 2081 κατεφίλησεν
296 2041 403 2077 αὐτοὺς,
423 2040 468 2070 καὶ
487 2039 539 2069 ἔδει
553 2041 679 2079 εὐλογεῖν,
693 2039 720 2073 ἐξ
734 2041 880 2079 ἀριστερῶν

108 2090 154 2116 τοῦ
169 2087 267 2117 Ἰακὼὸ
292 2087 388 2123 ἔστησε
409 2087 453 2116 τὸν
471 2086 592 2127 Ἐφραῒμ
613 2088 627 2116 ὁ
649 2085 765 2126 Ἰωσὴφ,
786 2086 830 2115 τὸν
853 2085 879 2114 δὲ

109 2134 242 2168 Μανασσῆ
263 2134 294 2162 ἐκ
312 2133 412 2167 δεξιῶν.
429 2132 463 2162 Ὁ
477 2133 505 2162 δὲ
519 2131 617 2162 ’Ianthe
638 2131 687 2168 τὴν
703 2131 787 2166 δεξιὰν
802 2136 880 2172 χεῖρα

109 2178 236 2214 ἐπέθηκεν
250 2178 294 2208 ἐπὶ
311 2178 355 2208 τὸν
369 2178 396 2212 ἐξ
412 2180 556 2219 ἀριστερῶν
571 2179 673 2207 ἑστῶτα
686 2178 731 2207 τὸν
745 2177 880 2217 νεώτερον,

109 2224 158 2260 τὴν
172 2224 199 2253 δὲ
222 2223 361 2264 ἀριστερὰν
382 2223 426 2253 ἐπὶ
445 2223 490 2253 τὸν
504 2224 534 2252 ἐκ
554 2223 654 2259 δεξιῶν,
676 2222 721 2252 καὶ
743 2222 879 2262 εὖλόγησε.

109 2271 164 2300 Τοῦ
189 2269 215 2299 δὲ
230 2269 330 2309 Ἰωσὴφ
351 2268 469 2307 οἰομένου
484 2268 553 2298 κατὰ
575 2269 682 2308 ἄγνοιαν
696 2271 773 2298 τοῦτο
793 2272 878 2297 ποιεῖν

107 2316 152 2346 τὸν
172 2314 291 2356 πατέρα,
312 2314 356 2344 καὶ
378 2314 569 2355 διορθουμένου,
583 2316 631 2344 οὐκ
652 2314 781 2354 ἠνέσχετο
795 2316 808 2343 ὁ
824 2315 877 2343 Ἰα-

108 2365 166 2396 κώὸ
179 2378 185 2384 ·
203 2365 277 2399 εἰδὼς
290 2365 341 2406 γὰρ
355 2365 405 2406 ἔφη
419 2369 496 2395 τοῦτο
509 2370 602 2402 ποιεῖν,
617 2366 664 2394 οὐκ
679 2367 791 2405 ἀγνοῶν.
809 2364 878 2395 Τότε
895 2362 899 2364 ’

109 2416 200 2446 δίδωσι
219 2418 258 2457 τῷ
277 2416 375 2456 Ἰωσὴφ
389 2418 402 2445 ὁ
421 2414 521 2445 Ἰακὼὸ
541 2415 590 2451 τὴν
609 2415 724 2454 Σίκιμαν
739 2414 879 2456 ἐξαίρετον,

108 2465 122 2483 ¹'
131 2466 164 2503 ἣν
179 2468 198 2496 ὁ.
204 2466 316 2505 Συμεὼν
329 2466 374 2496 καὶ
387 2465 452 2496 Λευὶ
464 2462 540 2495 εἶλον.
555 2465 609 2495 Καὶ
622 2466 724 2505 εὖλογεῖ
737 2464 796 2499 τοὺς
809 2464 879 2498 υἱοὺς

142 2564 152 2575 ·
170 2555 199 2586 ἐς
210 2560 340 2589 ἐλεγχθῆναι
352 2561 392 2587 τὴν
407 2561 487 2587 σκηνὴν
502 2559 599 2584 ἅπασαν.
613 2555 707 2591 ἐλέγχω
723 2565 769 2582 vox
781 2555 863 2590 Chry-

110 2601 220 2621 sostomo
232 2595 359 2620 familiaris
369 2594 417 2620 hoc
430 2604 482 2620 usu.

918 662 970 692 suit
983 662 1123 703 poculum,
1137 661 1204 690 dum
1217 660 1260 689 illi
1270 659 1386 696 abirent,
1392 659 1470 699 jubet
1481 660 1580 700 Joseph
1592 670 1662 699 prae-

922 710 1039 750 positum
1062 708 1159 738 domus
1187 718 1240 737 suae
1262 707 1337 736 viros
1363 705 1480 744 insequi.
1501 707 1664 744 Insequutus

921 755 967 785 ille
975 755 1112 785 incusabat
1122 753 1196 794 quod
1203 753 1353 790 beneficum
1365 752 1444 781 malis
1456 759 1664 784 remunerarent.

922 802 984 832 Illis
998 813 1061 832 vero
1074 801 1200 838 turbatis,
1215 808 1242 830 et
1254 806 1339 829 morte
1351 798 1464 839 dignum
1475 798 1665 828 definientibus

921 859 983 877 eum
997 848 1080 887 quiin
1095 849 1166 877 furto
1173 848 1356 888 deprehensus
1367 849 1444 885 foret,
1453 858 1533 886 seque
1542 846 1665 876 servituti

922 894 1064 930 obnoxios,
1088 896 1228 924 inventum
1250 895 1302 923 fuit
1324 895 1453 935 poculum
1473 894 1502 922 in
1514 891 1669 932 Benjamini

922 952 1008 971 sacco.
1019 942 1096 971 Tunc
1111 943 1245 981 ingressus
1257 941 1353 978 Judas,
1366 942 1499 981 longoque
1509 939 1601 969 habito
1609 950 1664 968 ser-

923 998 1000 1017 mone
1012 988 1045 1017 de
1053 995 1140 1028 patre,
1153 988 1187 1017 de
1197 988 1326 1028 Josepho,
1335 994 1361 1017 ct
1373 987 1408 1016 de
1418 986 1590 1027 Benjamin03
1604 996 1667 1015 cum

890 1036 907 1059 B
923 1045 951 1063 se
964 1035 1011 1064 ille
1020 1046 1069 1075 pro
1080 1045 1163 1075 puero
1175 1035 1210 1064 ad
1224 1036 1378 1065 servitutem
1392 1035 1510 1070 offerret,
1527 1033 1555 1062 in
1567 1039 1666 1061 tautam

923 1081 1178 1110 commiserationem
1197 1081 1345 1121 Josephum
1367 1081 1469 1121 injecit,
1492 1086 1521 1108 ut
1541 1085 1594 1107 tota
1618 1078 1665 1106 illa

923 1138 1000 1157 scena
1013 1127 1182 1167 proderetur.
1199 1127 1333 1157 Omnibus
1347 1127 1418 1157 enim
1431 1125 1559 1162 exclusis,
1570 1131 1601 1154 ut
1613 1124 1667 1153 sibi

923 1184 986 1203 cum
1007 1173 1127 1203 libertate
1151 1173 1215 1203 flere
1233 1173 1335 1209 liceret,
1354 1184 1410 1202 sese
1423 1172 1551 1202 fratribus
1564 1180 1666 1209 cogno—

925 1218 1054 1248 scendum
1065 1219 1199 1255 exhibuit,
1214 1219 1339 1258 misitque
1350 1218 1385 1248 ad
1398 1220 1503 1248 Patrem
1518 1229 1579 1247 cum
1589 1218 1667 1248 donis

923 1272 950 1295 et
975 1265 1122 1305 plaustris:
1139 1265 1168 1294 id
1186 1265 1260 1304 quod
1279 1265 1358 1294 etiam
1380 1265 1514 1294 Pharaoni
1537 1264 1668 1305 placitum

924 1318 990 1340 erat.
1001 1312 1039 1341 Ut
1050 1311 1156 1340 audivit
1169 1311 1253 1341 Jacob
1264 1322 1292 1340 ca
1301 1321 1359 1350 quae
1372 1310 1407 1339 ad
1414 1311 1562 1351 Josephum
1571 1317 1668 1350 specta-

926 1357 990 1386 bant
1005 1380 1013 1394 ,
1028 1357 1126 1395 gaudio
1141 1357 1265 1397 perfusus
1273 1364 1322 1394 est,
1336 1364 1362 1386 et
1371 1357 1483 1397 jubente
1491 1358 1548 1386 Deo
1562 1356 1668 1385 descen-

924 1403 966 1433 dit
976 1403 1003 1432 in
1016 1404 1175 1444 AEgyptum.
1191 1403 1276 1433 Videt
1289 1403 1438 1443 Josephum
1452 1409 1541 1442 pater:
1555 1403 1612 1431 haec
1626 1413 1668 1431 re-

925 1450 1082 1479 nuntiantur
1106 1449 1250 1486 Pharaoni,
1272 1449 1320 1488 qui
1341 1449 1461 1478 habitare
1479 1459 1524 1478 eos
1546 1448 1627 1488 jussit
1640 1448 1668 1476 in

925 1497 1059 1525 Ramesse.
1072 1497 1111 1526 Ut
1123 1502 1213 1524 autem
1229 1495 1390 1524 exhaustum
1403 1494 1599 1534 fuitargentum
1614 1501 1666 1523 tcr-

926 1553 973 1579 rae,
986 1542 1107 1582 jumenta
1122 1542 1214 1571 dantes
1236 1542 1279 1570 illi
1293 1542 1424 1577 homines,
1448 1541 1611 1570 frumentum
1624 1551 1669 1570 ac-

927 1588 1061 1628 cipiebant
1088 1599 1097 1617 :
1119 1588 1163 1616 his
1182 1597 1288 1626 quoque
1306 1587 1504 1623 deficientibus,
1527 1597 1576 1616 nec
1601 1587 1670 1615 fame

928 1634 1078 1670 desinente,
1097 1634 1198 1673 seipsos
1220 1644 1282 1663 cum
1302 1640 1372 1663 terra
1388 1633 1520 1663 dederunt
1535 1643 1585 1662 :ae
1597 1632 1668 1662 servi

929 1680 1081 1710 Pharaonis·
1091 1679 1227 1709 constituti
1242 1679 1418 1715 seminabant,
1434 1686 1459 1708 et
1471 1678 1592 1717 quintam
1606 1689 1669 1718 par-

929 1733 982 1756 tem
992 1726 1044 1766 ipsi
1050 1726 1207 1761 referebant,
1217 1732 1332 1764 quatuor
1339 1725 1392 1754 sibi
1400 1732 1487 1764 partes
1495 1731 1666 1755 reservantes.

930 1773 1014 1802 Morti
1029 1771 1168 1811 proximus
1181 1771 1275 1807 Jacob,
1288 1771 1472 1810 juramentum
1495 1770 1579 1809 exigit
1593 1781 1607 1799 a
1622 1771 1672 1800 Jo-

930 1818 1023 1858 sepho,
1041 1828 1074 1847 ne
1087 1819 1150 1847 sein
1164 1818 1281 1857 AEgypto
1291 1817 1425 1857 sepeliret,
1438 1816 1485 1846 sed
1502 1816 1529 1845 in
1547 1817 1672 1855 sepulcro

930 1872 1038 1905 patrum
1057 1874 1178 1894 suorum.
1204 1864 1342 1903 Filiosqu'e
1363 1863 1473 1904 Joscphi
1494 1863 1626 1903 Ephraim
1647 1871 1673 1892 et

932 1913 1079 1941 Manassen]
1088 1921 1140 1939 non
1150 1910 1178 1939 in
1189 1910 1377 1950 nepotum,sed
1388 1910 1414 1939 in
1424 1910 1543 1939 [iliorum
1552 1909 1673 1938 ordinem

931 1963 1058 1986 accenset.
1089 1956 1281 1996 Caligabatque
1299 1956 1385 1985 oculis
1411 1956 1495 1986 Jacob
1514 1968 1521 1984 ι
1537 1962 1567 1984 ut
1584 1962 1673 1984 aittem

931 2002 1066 2031 osculatus
1087 2009 1126 2032 est
1140 2013 1196 2038 eos,
1216 2012 1279 2031 cum
1295 2001 1488 2031 benedicturus
1510 2001 1572 2030 illos
1593 2007 1671 2037 esset,

932 2048 1032 2088 Joseph
1045 2060 1060 2078 a
1071 2048 1186 2078 sinistris
1208 2049 1302 2079 Jacobi
1317 2048 1408 2088 posuit
1419 2049 1563 2088 Ephraim,
1577 2055 1602 2076 et
1615 2049 1674 2076 Ma-

933 2105 1037 2124 nassem
1051 2105 1066 2124 a
1086 2094 1299 2129 dextris„Jacob
1313 2101 1400 2123 autem
1414 2093 1551 2123 dexteram
1566 2104 1674 2122 manum

897 2140 916 2163 D
932 2140 1060 2180 imposuit
1072 2151 1154 2180 super
1165 2140 1299 2180 juniorem
1312 2141 1359 2179 qui
1372 2151 1388 2169 a
1402 2140 1518 2169 sinistris
1530 2139 1626 2176 stabat,
1636 2140 1675 2169 si-

932 2186 1041 2215 nistram
1062 2197 1125 2216 vero
1139 2196 1221 2226 super
1240 2197 1300 2215 eum
1316 2186 1363 2225 qui
1378 2197 1392 2215 a
1414 2185 1527 2222 dextris,
1554 2192 1580 2214 et
1591 2185 1672 2214 bene-

931 2231 1013 2261 dixit.
1028 2233 1167 2261 Putantem
1174 2232 1274 2272 Joseph
1280 2243 1324 2261 um
1338 2231 1367 2260 id
1379 2238 1483 2271 patrem
1497 2242 1544 2271 per
1553 2231 1674 2270 ignoran-

931 2278 996 2308 tiam
1007 2278 1103 2315 facere,
1124 2285 1149 2308 et
1161 2286 1322 2316 monentem,
1337 2288 1389 2307 non
1402 2278 1466 2307 tulit
1484 2277 1578 2313 Jacob,
1594 2287 1674 2314 seque

931 2334 1055 2363 gnarum,
1078 2334 1130 2353 non
1159 2324 1325 2364 ignorantem
1348 2323 1376 2352 id
1399 2324 1484 2352 facere
1498 2322 1579 2351 dixit.
1596 2322 1673 2350 Tunc

931 2370 1006 2400 dedit
1038 2371 1156 2411 Josepho
1182 2371 1266 2401 Jacob
1288 2370 1416 2400 Sicimam
1432 2370 1493 2409 jure
1517 2368 1670 2407 praecipuo,

933 2428 1013 2457 quam
1025 2418 1141 2458 Symeon
1151 2424 1177 2446 et
1187 2417 1252 2447 Levi
1262 2423 1395 2457 ceperant.
1410 2416 1444 2445 Et
1452 2414 1584 2444 benedicit
1600 2414 1672 2443 filios

934 2475 1004 2495 suos.
1020 2464 1070 2495 Hic
1094 2465 1127 2494 de
1146 2465 1254 2494 Christo
1274 2463 1449 2493 vaticinatur:
1463 2462 1532 2490 Non
1546 2462 1670 2501 desiciet,

946 2556 960 2575 ¹‘
977 2552 1008 2583 siv
1020 2559 1032 2582 ὸ
1044 2559 1132 2588 Συμεὼν
1144 2558 1181 2580 καὶ
1194 2559 1245 2580 Λευὶ
1260 2555 1327 2579 εἶλον,
1340 2553 1396 2577 Hoc
1408 2552 1488 2584 ipsum
1505 2550 1568 2576 dicit
1577 2551 1672 2576 Homil.

1685 2473 1742 2494 Gen.
1757 2470 1798 2501 49.

1686 2510 1721 2524 10.

915 2596 944 2619 (57
957 2596 982 2619 in
996 2595 1120 2625 Genesim,
1134 2602 1159 2626 p.
1174 2593 1220 2618 635
1231 2605 1235 2618 ς
1249 2596 1288 2621 ἕως
1300 2595 1327 2617 ἀν
1339 2594 1392 2625 ἔλθῃ
1404 2592 1421 2623 ᾦ
1434 2595 1559 2617 ἀπόκειται.
1573 2591 1604 2615 In
1614 2590 1674 2615 vul·
1703 2600 1706 2604 ·
