1890 2826
554 177 598 202 DE
624 177 732 201 MUNDI
757 176 951 201 CREATIONE
977 179 1105 203 ORATIO
1134 181 1156 203 1.

69 246 141 279 σθαι,
153 244 184 273 ἐκ
195 244 248 272 τῶν
259 241 434 282 περιεχόντων
445 240 596 281 ι’ἡρμήνευε
607 239 641 269 τὰ
651 238 837 279 περιεχόμενα.

68 289 115 322 Ὡς
127 289 178 328 γὰρ
200 289 242 318 ὅτε
257 283 338 323 εἶπεν,
353 286 495 322 Ἐποίησεν
510 288 524 315 ὁ
538 285 606 319 Θεὸς
628 284 672 314 τὸν
691 284 837 323 ἄνθρωπον,

67 337 130 374 χῶν
143 334 232 364 λαὸὼν
255 334 308 363 ἀπὸ
320 336 367 369 τῆς
385 335 433 373 γῆς
442 353 450 367 ,
461 328 519 361 εἷπε
533 331 580 371 μὲν
594 330 624 360 τὸ
648 330 773 369 πλάσμα,
789 329 837 357 οὒκ

67 380 198 420 ἠρίθμησε
221 381 249 410 δὲ
272 380 306 410 τὰ
331 379 409 419 μέλη,
423 379 483 409 οὐδὲ
497 373 568 408 εἶπεν
577 389 583 396 ·
596 377 720 412 ἐποίησεν
742 378 756 405 ὀ
769 375 836 407 Θεὸς

67 426 231 467 ὀφθαλμοὺς,
245 426 291 456 καὶ
304 420 361 455 ὦτα
371 449 378 462 ,
394 425 439 455 καὶ
454 427 524 465 ῥῖνα·
540 424 609 453 ἀλλὰ
632 425 671 463 τῷ
688 424 771 452 εἰπεῖν
792 421 836 450 τὸν

71 473 206 513 ἄνθρωπον
226 473 275 502 ὅλα
287 472 483 512 συμπεριέλαὸε
500 470 534 500 τὰ
548 470 616 510 μέλη
626 482 633 488 ·
648 469 730 503 οὕτως
743 468 836 505 εἰπὼν,

68 520 112 549 τὸν
125 519 233 559 οὐρανὸν
246 519 292 549 καὶ
306 519 354 555 τὴν
365 521 415 556 γῆν
426 518 549 553 ἐποίησεν
563 519 577 546 ὁ
591 516 659 550 Θεὸς
669 539 677 551 ,
693 514 838 555 συμπεριί-

67 566 133 594 'tace
147 566 248 601 πάντα,
263 565 308 595 καὶ
327 564 500 604 συνεισήγαγε
513 563 558 593 καὶ
577 563 608 592 τὸ
621 562 713 595 σκότος
733 561 778 591 καὶ
792 560 838 594 τὰς

68 611 199 645 ἀὸύσσους
212 611 388 651 γεγενημένας
399 623 405 629 ·
416 610 515 643 Σκότος
526 610 577 650 γὰρ
593 605 635 646 ἦν,
647 608 737 649 φησὶν,
750 607 839 637 ἐπάνω

67 659 116 692 τῆς
137 657 264 687 α’ὅύσσου.
277 656 405 690 Ἀὅυσσος
419 656 447 686 δὲ
468 657 589 686 καλεῖται
612 655 642 684 τὸ
667 656 765 690 πλῆθος
786 656 839 683 τῶν

67 703 178 732 ὑδάτων.
189 703 254 733 Ὅτι
281 703 310 733 δὲ
333 703 378 732 καὶ
402 703 512 732 ἄὸυσσοι
538 701 669 741 ἐγένοντο,
681 704 807 740 μαρτυρεῖ
820 699 838 735 ἡ

68 748 162 789 Γραφὴ
174 749 288 788 λέγουσα
299 761 306 768 ·
320 749 379 789 Πρὸ
392 752 436 778 τοῦ
450 748 496 782 τὰς
508 747 638 780 ἀὸύσσους
649 748 774 782 ποιῆσαι,
788 746 840 786 πρὸ

67 798 113 824 τοῦ
136 795 184 831 τὴν
203 798 253 835 γῆν
266 794 396 834 γενέσθαι.
412 794 495 823 Ὥστε
509 793 554 823 καὶ
575 793 686 822 ἄὸυσσοι
711 792 839 832 ἐγένοντο,

66 836 137 871 Εἶτα
157 842 202 871 καὶ
225 843 239 870 ὁ
261 841 312 881 ἀὴρ
334 841 398 870 πότε
418 841 538 880 ἐγένετο,
553 839 645 869 ἄκουε·
660 839 714 869 Καὶ
735 841 840 878 πνεῦμα

69 888 141 917 Θεοῦ
165 887 306 928 ἐπεφέρετο
325 887 413 917 ἐπάνω
427 889 480 916 τῶν
496 887 608 915 ὑδάτων.
627 886 739 924 Πνεῦμα
759 884 787 914 δὲ
809 885 838 913 οὗ

66 933 97 963 τὸ
110 934 183 972 ἅγιον
196 932 267 972 λέγει
280 934 406 963 ἐνταῦθα·
419 934 448 962 οὔ
462 933 514 973 γὰρ
525 935 559 972 τῇ
574 931 660 962 κτίσει
671 933 839 970 συναριθμεῖ-

69 991 114 1008 ται
133 979 163 1008 τὸ
181 979 318 1009 ἄκτιστον·
332 978 400 1008 ἀλλὰ
412 982 517 1017 πνεῦμα
541 979 616 1007 καλεῖ
631 977 679 1013 τὴν
693 980 738 1006 τοῦ
763 975 839 1016 ἀέρος

65 1026 177 1062 κίνησιν.
193 1026 245 1056 Καὶ
263 1026 352 1066 ὥσπερ
371 1028 397 1055 ἐν
412 1028 450 1066 τῷ
463 1024 543 1064 Ἠλίᾳ
556 1023 705 1064 γέγραπται
718 1025 756 1063 τῷ
770 1035 838 1063 προ-

66 1073 136 1112 φήτῃ
145 1085 152 1092 ·
166 1073 219 1102 Καὶ
240 1075 254 1102 ὁ
277 1072 384 1112 οὐρανὸς
410 1071 597 1101 συνεσκότασεν
623 1071 650 1099 ἐν
674 1069 768 1110 νεφέλῃ
792 1068 837 1099 καὶ

66 1118 210 1158 πνεύματι·
223 1118 291 1148 οὕτω
315 1118 360 1148 καὶ
374 1119 485 1147 ἐνταῦθα
506 1120 611 1155 πνεῦμα
630 1115 679 1152 τὴν
692 1119 738 1145 τοῦ
762 1115 838 1156 ἀέρος

66 1165 138 1205 λέγει
164 1164 251 1205 φύσιν.
276 1165 375 1194 Λοιπὸν
397 1164 519 1194 λείπεται
546 1162 640 1198 δεῖξαι,
655 1165 706 1192 ποῦ
729 1162 760 1192 τὸ
783 1165 836 1202 πῦρ

67 1212 178 1251 ἐγένετο.
199 1206 282 1241 Εἶπεν
307 1213 322 1240 ὁ
346 1211 415 1244 Θεός
424 1223 430 1229 ·
454 1209 591 1250 γενηθήτω
613 1211 668 1249 φῶς
679 1230 687 1244 ,
705 1208 750 1238 καὶ
777 1208 836 1248 ἐγέ-

67 1270 125 1287 νετο
147 1261 164 1294 ἡ
189 1262 235 1288 τοῦ
257 1259 338 1298 πυρὸς
361 1257 436 1298 φύσις
446 1269 452 1275 ·
471 1257 500 1286 οὔ
525 1256 576 1295 γὰρ
603 1255 681 1294 μόνον
704 1257 783 1284 τοῦτο
804 1254 835 1284 τὸ

66 1307 119 1344 πῦρ
133 1306 213 1341 ἐστιν,
228 1305 296 1334 ἀλλὰ
309 1304 356 1333 καὶ
375 1305 402 1332 αἱ
420 1303 475 1332 ἄνω
488 1301 610 1340 δυνάμεις
629 1302 683 1341 πῦρ
697 1302 749 1330 εἶσι
757 1324 766 1336 ,
789 1300 845 1338 καὶ,

66 1350 188 1390 συγγενές
206 1351 263 1380 ἐστι
286 1349 317 1379 τὸ
340 1349 394 1379 ἄνω
419 1352 472 1388 πῦρ
498 1347 591 1378 τούτου
611 1350 657 1376 τοῦ
679 1349 743 1387 παρ’
759 1349 833 1385 ἡμῖν.

66 1397 177 1432 Ζητεὶτε
198 1395 240 1431 δὲ,
252 1395 293 1425 ὅτι
306 1395 336 1425 τὸ
357 1395 405 1435 μὲν
425 1394 580 1429 σδέννυται,
594 1394 624 1423 τὸ
650 1394 676 1423 δὲ
703 1395 733 1423 οὐ
755 1392 834 1422 σῧέν-

66 1454 149 1472 νυται.
169 1441 247 1471 Ἐπεὶ
274 1442 319 1472 καὶ
341 1440 402 1475 τοὺς
427 1440 554 1480 ἀγγέλους
587 1440 708 1477 ἐποίησεν
728 1441 743 1468 ὁ
766 1438 835 1471 Θεὸς

65 1488 204 1527 πνεύματα
212 1509 220 1523 ,
236 1488 281 1518 καὶ
293 1487 340 1521 τὰς
351 1487 438 1528 ψυχὰς
450 1489 527 1526 ἡμῶν
539 1486 692 1526 πνεύματα,
706 1485 774 1515 ἀλλὰ
788 1484 835 1518 τὰς

67 1534 115 1573 μὲν
125 1534 212 1574 ψυχὰς
231 1536 309 1573 ἡμῶν
329 1535 356 1562 ἐν
370 1533 492 1572 σώμασι,
506 1533 566 1567 τοὺς
577 1533 605 1562 δὲ
620 1533 747 1572 ἀγγέλους
760 1530 835 1564 ἐκτὸς

66 1579 208 1619 σωμάτων.
221 1580 325 1620 Ὥσπερ
341 1575 384 1609 οῦν
399 1579 443 1609 ἐπὶ
457 1581 509 1608 τῶν
521 1580 612 1619 ψυχῶν
627 1578 672 1608 καὶ
685 1579 737 1607 τῶν
754 1576 835 1616 ἀγγέ-

66 1627 130 1662 λων,
145 1625 214 1655 οὕτω
226 1626 272 1655 καὶ
285 1625 330 1656 ἐπὶ
342 1628 388 1655 τοῦ
401 1625 482 1664 πυρός
495 1626 566 1654 ἔστιν
589 1626 662 1654 ἰδεῖν.
674 1623 715 1654 Τὸ
735 1626 787 1663 πῦρ
804 1623 835 1653 τὸ

67 1671 121 1700 ἄνω
136 1671 196 1700 ἄνευ
210 1671 288 1708 ὕλης,
303 1671 333 1701 τὸ
351 1675 405 1711 πῦρ
424 1671 454 1700 τὸ
467 1671 540 1700 κάτω
555 1671 622 1710 μετὰ
636 1671 715 1707 ὕλης·
728 1670 759 1700 τὸ
783 1669 833 1710 γὰρ

66 1717 120 1746 ἄνω
140 1720 193 1757 πῦρ
208 1717 329 1757 συγγενὲς
341 1717 440 1747 τούτων
454 1717 535 1753 ἐστὶν,
550 1717 640 1757 ὥσπερ
660 1717 704 1747 καὶ
724 1719 740 1753 ἡ
759 1715 832 1757 ψυχὴ

65 1764 141 1801 ἡμῶν
154 1763 282 1802 συγγενὴς
304 1763 438 1802 ἀγγέλων·
459 1763 523 1793 καθὸ
544 1764 660 1793 κάκεῖνοι
679 1763 832 1802 πνεύματα,

66 1808 111 1838 καὶ
122 1804 200 1838 αὗται
212 1808 352 1848 πνεύματα
361 1833 368 1846 ,
380 1811 416 1843 ὡς
428 1809 474 1839 καὶ
486 1811 511 1839 οἱ
521 1814 592 1850 τρεῖς
603 1810 695 1843 παῖδες
712 1809 832 1849 λέγουσι·

64 1857 206 1895 Εὐλογεῖτε
218 1857 358 1895 πνεύματα
370 1856 415 1885 καὶ
431 1855 511 1895 ψυχαὶ
533 1855 640 1885 δικαίων
651 1867 658 1874 ·
671 1855 716 1885 καὶ
737 1856 816 1885 πάλιν
825 1868 832 1875 ·

65 1901 100 1931 Ὁ
112 1903 195 1930 ποιῶν
213 1900 273 1935 τοὺς
294 1900 420 1941 ἀγγέλους
438 1903 516 1931 αὐτοῦ
532 1901 680 1941 πνεύματα.
694 1901 766 1932 Οὔτε
788 1898 832 1931 οῦν

64 1947 137 1987 ψυχὴ
153 1948 214 1977 ἄνευ
240 1947 362 1986 σώματος
376 1947 511 1987 φαίνεται,
531 1947 589 1977 οὔτε
603 1950 656 1988 πῦρ
673 1948 733 1977 ἄνευ
749 1959 832 1977 στυπ-

63 1992 152 2030 πείου,
166 1992 184 2028 ἢ
199 1993 375 2032 κληματίδος,
389 1993 406 2029 ἢ
418 1993 508 2033 ἑτέρας
518 1993 582 2030 ὕλης
598 1993 668 2023 ἔστιν
682 1995 756 2023 ἰδεῖν.
772 1994 832 2023 Ἵνα

65 2037 93 2067 δὲ
107 2039 198 2079 δειχθῇ
211 2038 295 2068 ὅτιτὸ
316 2042 370 2079 πῦρ
391 2042 468 2069 τοῦτο
489 2040 538 2069 οὐκ
561 2039 631 2069 ἔστιν
652 2039 830 2080 ἀλλότριον,ἡ

64 2085 148 2118 κτίσις
159 2085 285 2115 διδάσκει.
296 2085 397 2115 Πολλοὶ
410 2080 462 2126 γόιρ
471 2085 599 2119 πολλάκις
611 2085 684 2126 παρὰ
697 2089 742 2115 τοῦ
756 2085 831 2121 ἡλίου

858 757 876 781 C

1560 170 1631 207 515

891 249 921 267 ea
942 250 1003 278 quae
1028 241 1198 270 eontinentur
1220 241 1359 273 indicavit.
1383 243 1459 273 Sicut
1480 244 1552 273 enim
1574 254 1636 274 cum

890 283 972 321 dixit,
988 287 1072 315 Fecit
1086 287 1167 315 Deus
1179 287 1323 317 hominem
1333 289 1481 328 pulverem
1491 291 1636 330 accipiens
1648 298 1704 319 Gen.
1724 303 1746 318 2.
1761 303 1784 325 7·

890 329 927 358 de
942 336 1030 365 terra,
1042 331 1181 371 opificium
1194 332 1276 370 dixit,
1291 345 1343 363 non
1357 335 1476 365 membra
1496 346 1635 365 enumera-

895 376 935 405 vit
947 389 954 405 :
971 387 1058 416 neque
1071 377 1143 407 dixit
1155 390 1162 406 :
1178 379 1254 408 Fecit
1264 381 1336 409 Deus
1350 381 1454 419 oeulos,
1463 389 1490 411 et
1502 392 1591 419 aures,
1612 389 1638 411 et

891 425 979 459 nai-es,
994 422 1040 452 sed
1052 423 1187 452 hominem
1201 423 1303 461 dicens,
1319 427 1408 456 omnia
1422 427 1504 457 simul
1518 429 1638 457 membra

892 469 1112 508 comprehendit:
1125 470 1164 499 sic
1178 481 1240 500 cum
1253 470 1330 508 dicit,
1341 474 1430 503 Deum
1439 474 1531 504 fecisse
1543 475 1639 504 caelum

892 522 918 544 et
930 522 1039 552 terram,
1055 523 1149 546 cuncta
1162 517 1320 557 complexus
1334 527 1384 556 est,
1401 527 1427 549 et
1444 531 1496 550 una
1517 522 1640 551 tenebras

892 568 918 591 et
932 561 1041 601 abyssos
1054 562 1135 592 factas
1155 563 1264 593 induxit
1277 576 1283 592 :
1299 574 1360 594 nam
1385 566 1637 606 Tenebrae,inquit‚
1650 579 1707 600 een.
1721 585 1771 600 με.

893 614 977 637 erant
992 618 1077 648 super
1078 609 1194 649 faciem
1206 612 1318 648 abyssi.
1336 611 1457 651 Abyssus
1477 623 1541 642 vero
1558 623 1635 643 voea-

894 661 939 683 tur
956 665 1087 694 aquarum
1108 667 1216 697 gurges.
1240 657 1322 694 Quod
1341 665 1430 687 autc-m
1449 659 1529 688 etiam
1549 657 1639 700 abyssi

892 699 967 728 saetae
985 699 1049 736 sint,
1072 700 1230 730 testificatur
1248 702 1388 742 Scriptura
1409 702 1500 733 dicens
1520 715 1527 732 x
1543 704 1639 733 Ante·
1647 710 1786 741 Proussaq.

895 756 983 784 quam
996 747 1121 784 abyssos
1142 749 1338 786 constitueret,
1357 756 1517 790 antequam
1532 759 1639 781 terram
1646 741 1686 763 ²⁶¹

895 799 1017 821 crearet.
1041 794 1134 835 Itaque
1157 794 1231 824 sactae
1249 803 1324 825 erant
1344 796 1445 837 abyssi.
1469 798 1573 827 Deinde
1595 810 1641 828 aer

894 849 1002 877 quoque
1014 839 1185 878 quandonam
1198 841 1284 871 faetus
1301 842 1345 880 sit,
1367 843 1432 872 nudi
1444 856 1450 872 :
1466 845 1508 873 Et
1523 846 1640 884 spirituc
1651 857 1707 878 Gen.
1721 864 1739 878 1,
1750 863 1772 879 2,

895 885 1118 926 Deiserebatur
1130 897 1218 926 super
1234 898 1339 927 aquas.
1361 890 1413 919 Hic
1433 901 1486 919 non
1507 891 1640 931 Spiritum

893 938 1014 960 sanctum
1026 931 1103 970 dicit3
1125 943 1177 962 non
1196 933 1268 963 enim
1287 945 1348 964 cum
1365 937 1494 966 creaturis
1510 948 1641 967 annume-

894 983 971 1005 ratur
982 976 1011 1006 id
1029 977 1103 1016 quod
1118 978 1265 1009 increatum
1284 988 1343 1010 est:
1357 982 1405 1011 sed
1421 983 1547 1022 spiritum
1564 992 1642 1014 vocat

893 1022 962 1052 aeris
975 1030 1088 1053 motum.
1106 1026 1144 1053 Ae
1157 1026 1384 1064 quemadmodum
1399 1028 1426 1057 in
1439 1030 1499 1059 Elia
1510 1030 1639 1071 propheta
1676 1071 1677 1074 Ἴ

892 1069 1022 1109 scriptum
1033 1076 1072 1099 est
1084 1082 1091 1099 τ
1105 1072 1147 1100 Et
1162 1072 1265 1101 coelum
1285 1077 1506 1106 contenebravit
1520 1078 1551 1105 in
1562 1079 1668 1108 nube3.
1677 1086 1736 1114 leeg.
1750 1084 1786 1108 18.

892 1121 920 1144 et
939 1117 1042 1155 spiritu
1055 1128 1063 1144 .·
1078 1116 1160 1146 sicet
1177 1117 1228 1148 hoc
1245 1119 1305 1149 loeo
1322 1120 1447 1160 spiritum
1467 1129 1545 1152 vocat
1571 1123 1638 1153 aeris
1646 1117 1684 1145 45.

891 1167 1024 1190 naturam.
1038 1162 1155 1191 Demum
1165 1172 1286 1204 superest
1297 1172 1326 1195 ut
1337 1166 1517 1204 ostendamus,
1528 1169 1638 1199 ubinam

890 1206 961 1246 ignis
975 1207 1061 1237 factus
1074 1208 1120 1237 sit.
1136 1209 1222 1238 Dixit
1234 1211 1324 1249 Deus,
1333 1214 1404 1242 Fiat
1416 1213 1508 1251 Μαι-,οι
1519 1215 1587 1244 sacta
1599 1223 1639 1246 est
1647 1226 1703 1247 Gen.
1718 1232 1737 1247 ι.
1751 1232 1774 1247 2.

888 1252 959 1293 ignis
973 1260 1067 1283 natura
1082 1266 1089 1282 :
1106 1264 1158 1284 non
1173 1256 1262 1286 solum
1276 1258 1346 1288 enim
1367 1259 1413 1289 hic
1434 1260 1504 1299 ignis
1520 1262 1634 1300 exsistit,

888 1298 936 1329 sed
946 1299 1026 1329 etiam
1036 1310 1158 1340 supernae
1168 1309 1310 1342 potestates
1327 1305 1398 1345 ignis
1410 1313 1483 1343 sunt,
1495 1308 1638 1347 amnisque

889 1352 928 1375 est
934 1356 1067 1386 supernus
1077 1347 1135 1384 ille,
1144 1349 1208 1379 huic
1217 1358 1307 1380 nostro
1315 1351 1382 1392 igni.
1392 1354 1529 1390 Quaeritur
1535 1361 1636 1391 autem,

889 1403 938 1421 cur
948 1392 994 1422 hic
1007 1394 1246 1436 &linguatum-ille
1263 1408 1326 1428 vero
1340 1409 1427 1428 secus.
1443 1400 1514 1437 Quia
1527 1401 1638 1441 angelos

890 1436 951 1466 feeit
963 1438 1037 1467 Deus
1055 1439 1178 1478 spiritus,
1194 1442 1348 1482 animasque
1361 1451 1464 1473 nostras
1477 1444 1541 1474 item
1554 1446 1636 1486 spiri-

890 1488 943 1520 tus,
955 1483 1002 1512 sed
1015 1484 1116 1514 animas
1127 1493 1229 1516 nostras
1240 1488 1267 1517 in
1282 1499 1394 1528 corpure
1403 1512 1411 1526 ,
1425 1491 1534 1529 angelos
1545 1498 1635 1520 autem

888 1537 964 1558 extra
974 1540 1097 1569 corpora.
1112 1533 1346 1568 Quemadmodum
1359 1535 1443 1575 igitur
1453 1536 1479 1565 in
1494 1537 1636 1566 animabus

887 1581 914 1604 et
927 1575 955 1604 in
969 1576 1081 1615 angelis,
1097 1577 1136 1606 sic
1150 1585 1175 1607 et
1188 1579 1215 1608 in
1230 1579 1292 1619 igne
1309 1591 1365 1610 rem
1381 1592 1409 1611 se
1429 1582 1526 1612 habere
1546 1583 1634 1612 cerni-

888 1627 943 1650 tur.
965 1622 1038 1660 Ignis
1058 1633 1190 1663 supernus
1206 1625 1263 1654 sine
1283 1627 1404 1664 materia,
1426 1628 1497 1667 ignis
1514 1628 1634 1659 infernus

889 1677 951 1696 cum
965 1667 1074 1697 materia
1087 1680 1094 1697 ε
1114 1669 1225 1699 caelestis
1243 1671 1314 1700 enim
1328 1671 1398 1711 ignis
1416 1673 1459 1702 his
1472 1681 1512 1703 est
1524 1674 1614 1704 affinis
1624 1697 1632 1712 ,

891 1712 960 1742 sicut
980 1719 1006 1742 et
1023 1714 1111 1743 anima
1132 1722 1223 1745 nostra
1242 1717 1330 1747 affinis
1349 1725 1389 1747 est
1408 1720 1531 1759 angelis:
1549 1727 1578 1750 ut
1592 1722 1635 1751 illi

850 1764 869 1786 F.
888 1759 999 1799 spiritus
1019 1767 1092 1797 sunt,
1114 1761 1153 1790 sic
1175 1768 1203 1791 et
1224 1762 1265 1791 hae
1285 1771 1347 1793 sunt
1366 1765 1490 1804 spiritus,
1511 1774 1542 1796 ut
1554 1768 1634 1797 etiam

888 1812 940 1834 tres
954 1806 1031 1845 pueri
1042 1805 1136 1835 dicunt
1150 1819 1157 1836 ι
1174 1809 1343 1839 Benedicite
1355 1812 1474 1850 spiritus
1486 1820 1514 1841 et
1527 1815 1635 1843 animae
1643 1826 1781 1850 D11n.3.86.

883 1853 1029 1891 justorum
1038 1863 1051 1889 ,·
1070 1863 1101 1882 ac
1121 1864 1240 1888 rursum.
1261 1856 1319 1895 Qui
1328 1857 1412 1898 facit
1425 1859 1546 1899 angelos
1566 1871 1633 1890 suos
1642 1874 1709 1895 Psal.
1730 1874 1782 1896 103.

888 1899 1015 1937 spiritus.
1029 1899 1122 1937 Neque
1132 1899 1217 1939 igitur
1225 1902 1314 1931 anima
1325 1903 1382 1932 sine
1393 1914 1505 1944 eorpore
1513 1914 1633 1946 apparet,
1641 1905 1665 1933 4⁴

888 1953 974 1982 neque
992 1943 1081 1982 ignem
1101 1944 1157 1974 sine
1170 1952 1283 1987 stuppa,
1299 1948 1341 1977 vel
1355 1957 1504 1987 sarmento,
1517 1952 1559 1981 vel
1579 1953 1632 1983 alia

889 1990 997 2019 materia
1019 1990 1112 2020 videre
1133 1998 1182 2022 est.
1206 1994 1245 2023 Ut
1265 2001 1353 2024 autem
1382 1996 1537 2027 ostendatur
1561 1999 1633 2029 hunc

887 2036 976 2074 ignem
996 2045 1050 2064 non
1070 2047 1127 2066 esse
1148 2037 1283 2075 alienum,
1301 2039 1329 2069 id
1350 2040 1428 2071 docet
1446 2042 1504 2082 ipsa
1525 2050 1631 2074 natura.

889 2081 970 2110 Multi
990 2091 1105 2121 namque
1118 2093 1188 2124 saepe
1200 2095 1235 2114 ex
1246 2086 1303 2116 sole
1315 2086 1404 2127 ignem
1417 2095 1576 2120 mutuantur
1584 2113 1594 2127 ,
1607 2098 1633 2120 et

65 2129 223 2164 δανείζονται
243 2134 305 2171 πῦρ,
326 2132 371 2161 καὶ
385 2132 525 2161 ἅπτουσιν·
540 2133 563 2161 εἰ
581 2131 608 2161 δὲ
630 2127 662 2168 ἦν
685 2131 832 2171 ἀλλότριον,
843 2146 880 2165 44¹
889 2127 1036 2179 accendunt
1048 2139 1055 2156 ι
1068 2128 1092 2158 si
1104 2137 1193 2159 autem
1206 2131 1310 2162 alienus
1319 2140 1402 2170 esset,
1412 2135 1554 2172 quomodo
1567 2137 1633 2166 alie-

63 2177 120 2209 πῶς
132 2175 163 2204 τὸ
180 2176 315 2216 ἀλλότριον
337 2177 364 2211 ἐξ
384 2179 463 2207 αὐτοῦ
487 2177 667 2216 &agean-303
683 2177 782 2210 Ἄλλως
806 2177 832 2205 δὲ
852 2175 870 2195 Α
889 2183 954 2202 num
967 2183 1002 2203 ex
1015 2184 1074 2213 ipso
1085 2175 1272 2216 acciperetur?
1285 2178 1414 2218 Alioquin
1427 2187 1483 2209 tum
1497 2181 1589 2220 ingens
1602 2182 1631 2211 in

63 2219 146 2254 οὕτως
158 2222 185 2251 ἐν
205 2223 242 2261 τῷ
260 2223 361 2263 οὐρανῷ
375 2225 428 2263 πῦρ
445 2224 515 2252 ἐστιν
530 2223 608 2252 ἄῦλον
632 2223 716 2261 μέγα,
738 2224 773 2255 ὡς
787 2222 832 2251 καὶ
873 2241 875 2243 v
889 2219 952 2248 melo
963 2220 1033 2259 ignis
1042 2227 1082 2250 est
1095 2221 1152 2251 sine
1162 2223 1283 2261 materia,
1299 2232 1330 2254 ut
1342 2225 1370 2255 in
1381 2233 1470 2257 monte
1480 2227 1544 2257 Sina
1559 2228 1631 2267 ignis

63 2267 91 2295 ἐν
104 2269 142 2307 τῷ
155 2267 209 2307 ὄρει
219 2269 287 2308 Σινᾷ
306 2272 359 2308 πῦρ
378 2271 507 2309 φανῆναι,
520 2268 608 2308 1’ὅπερ
624 2269 653 2297 οὐ
669 2268 750 2301 ξύλων
765 2269 832 2296 ὑπο-

63 2313 201 2351 κειμένων,
218 2314 276 2343 ἀλλ’
292 2314 320 2348 ἐξ
342 2315 420 2343 αὐτοῦ
441 2317 487 2343 τοῦ
511 2313 590 2343 ἇΰλου
611 2313 692 2352 πυρὸς
705 2313 803 2351 ἤγαγεν
818 2315 832 2342 ὁ

64 2358 132 2391 Θεὸς
146 2361 181 2392 εἰς
193 2359 254 2389 θέαν
264 2381 272 2395 ,
286 2360 332 2389 καὶ
345 2361 380 2393 ὡς
392 2359 423 2388 ἂν
438 2358 506 2389 εἴποι
515 2371 554 2391 τις
569 2354 634 2387 εἶναι
648 2361 724 2387 τοῦτο
739 2357 831 2397 μικρὸν

65 2405 96 2433 τὸ
118 2407 172 2444 πῦρ
193 2407 256 2445 παρ’
274 2407 357 2435 ἐκεῖνο
379 2405 410 2434 τὸ
434 2404 511 2443 μέγα.
525 2403 618 2436 Οὕτως
638 2399 682 2432 οῦν
702 2403 773 2442 λέγει
786 2403 831 2432 καὶ

64 2451 250 2487 Μωϋσῆς·Ἐξ
271 2453 380 2491 οὐρανοῦ
405 2451 527 2486 ἐποίησεν
548 2451 562 2478 ὁ
585 2449 680 2489 Κύριος
700 2449 830 2486 ἀκουστὴν

98 2542 112 2561 b
129 2541 212 2567 Vatic.
230 2547 256 2566 et
268 2542 371 2567 Cosmas
387 2544 525 2576 ἡρμήνευσε,
536 2538 613 2566 savil-
627 2538 735 2574 indeque
746 2541 822 2566 Com-

67 2580 135 2605 befls.
150 2585 251 2612 ἐμήνυσε.

887 2273 1044 2305 appareret,
1061 2277 1140 2306 quem
1158 2268 1258 2308 absque
1272 2270 1352 2309 lignis
1373 2272 1517 2311 subjectis,
1533 2273 1580 2302 sed
1597 2284 1630 2302 ex

887 2311 946 2351 ipso
959 2312 1074 2342 materiae
1088 2321 1196 2354 experte
1209 2315 1271 2355 igne
1291 2316 1327 2346 ad
1339 2317 1521 2356 spectaculum
1535 2317 1632 2347 eduxit

888 2360 979 2396 Deus,
1005 2366 1034 2389 ut
1056 2361 1192 2401 quispiam
1215 2362 1315 2392 dixerit
1341 2374 1456 2403 parvum
1477 2374 1533 2393 esse
1547 2362 1629 2393 'hunc

887 2405 976 2445 ignem
990 2407 1121 2446 cum‘itlo
1140 2408 1240 2447 ingenti
1260 2416 1453 2448 comparatum.
1473 2410 1519 2439 Sic
1539 2410 1629 2448 itaque

886 2452 923 2481 ait
943 2455 1052 2493 Moyses
1067 2465 1074 2482 ε
1089 2455 1137 2483 De
1152 2455 1223 2484 caelo
1242 2457 1373 2484 auditam
1386 2456 1462 2495 fecit
1483 2457 1627 2487 Dominus
1638 2449 1704 2470 '’⁶¹¹'‘
1717 2450 1739 2478 4·

1635 2479 1676 2502 36.

904 2542 917 2556 ⁸
934 2540 1012 2578 [ὅπερ
1022 2542 1166 2569 addidimus
1177 2552 1191 2568 e
1202 2544 1291 2578 Saril]
