1904 2840
232 204 301 250 742
831 208 912 232 opus
940 205 1184 229 mrem-acrum
1397 192 1421 234 1¹4
1488 193 1499 226 ’Ῑ

230 285 313 314 quare
329 276 444 305 Joannes
463 273 551 303 statim
569 272 598 301 in
617 271 752 312 principio
769 270 913 310 Evangelii
927 269 970 299 sui
988 271 1009 295 Λ
1027 268 1205 314 praecedebat·
1217 269 1246 298 in
1262 274 1381 309 tempore
1392 291 1400 305 ‚
1414 268 1504 298 David
1526 275 1612 314 tamen
1630 269 1768 315 praeoede-

83 319 152 340 Joan-
166 324 186 340 ¹-
200 325 219 341 ι.
232 314 382 345 divinitatis
394 314 453 354 ejus
466 311 623 342 monstravit
641 319 776 348 naturam,
797 310 889 340 dicens
903 322 909 339 :
933 311 971 338 In
1024 309 1071 337 bat
1081 317 1109 336 ln
1130 308 1269 348 d1gn1tate‚
1285 309 1309 338 E
1318 308 1472 347 tquomodo
1494 319 1579 348 major
1589 309 1652 354 'fuit
1665 308 1767 347 Dawd,

231 355 373 394 principio
396 359 459 382 orat
479 352 615 387 Verbum,
629 358 658 381 et
672 352 798 380 Verbum
818 356 880 379 erat
893 348 973 388 apud
1026 357 1107 386 quam
1119 348 1265 384 Abraham,
1277 358 1340 377 cum
1352 347 1514 387 quandoque
1526 348 1617 379 David
1625 349 1770 389 repreben-

82 399 197 421 Mauhaens
234 395 331 423 Deum
342 395 354 421 P
369 391 504 429 Quoniam
514 392 640 428 Joannes,
656 390 725 420 inter
738 396 827 430 gentes
841 389 868 418 in
877 388 973 419 exsilio
1027 398 1073 416 sus
1083 394 1122 416 est
1135 387 1162 416 in
1174 388 1304 427 peccato?
1323 386 1377 417 Sed
1391 387 1456 416 audi
1467 410 1476 425 ‚
1491 388 1619 426 quoniam
1631 387 1722 418 David
1734 387 1769 417 de

82 430 177 455 Jssdffi³⁵v
234 433 410 469 constitutus,
435 432 531 461 Graeco
554 440 674 460 sermone
693 428 872 469 Evangelium
894 438 974 457 causa
1028 427 1110 456 nimia
1130 427 1235 466 justitia
1256 438 1305 457 sua
1325 427 1461 456 confidens
1486 427 1593 457 dicebat
1613 440 1620 456 :
1641 429 1770 457 Domine
1779 435 1846 458 Paul.
1859 434 1904 464 74

83 461 184 513 {⁰³:322
235 472 355 511 gentium
374 471 492 511 scripsit,
511 481 571 509 quae
590 480 644 499 non
657 469 851 509 cognoscebant
863 468 888 497 si
900 469 973 496 Deus
1029 467 1110 496 Deus
1118 476 1208 503 meus,
1223 468 1249 496 si
1258 468 1318 505 feci
1326 467 1415 503 istud,
1423 468 1450 495 .ςί
1459 473 1503 496 est
1513 468 1653 506 iniquitas
1666 469 1699 496 in
1711 477 1770 495 ma-

83 500 180 552 }‘ffisssjc
236 511 338 541 Filium
351 511 443 548 habet,
464 516 511 539 aut
524 509 659 548 quomodo
680 509 799 551 genitum
810 507 892 536 habet
907 519 913 536 =
929 505 973 536 id·
1010 543 1012 546 v
1030 507 1115 535 nibus
1129 508 1210 535 meis.
1226 507 1311 544 Item,
1335 508 1527 546 Iniquitatem
1543 508 1569 536 si
1585 516 1654 535 cons
1673 507 1721 535 exi
1738 509 1770 535 in
1779 510 1894 534 Psal.65.

235 551 306 580 circo
320 550 489 591 superfluum
502 556 557 579 erat
576 549 696 589 primum
714 547 904 578 incarnationis
916 546 975 585 ejus

236 591 395 630 mysterium
408 589 531 630 gentibus
545 588 737 625 demonstrare,
756 598 818 617 cum
829 587 909 615 illum
922 585 976 625 ipsi

238 631 300 668 quis
319 637 386 659 esset
404 629 536 659 nescirent
557 641 565 658 t
582 628 643 657 ideo
659 627 837 658 necessarium
850 627 902 655 fuit
915 626 974 666 pri-

237 680 311 699 mum
329 669 385 698 illis
404 668 552 705 ostendere,
574 668 639 707 quia
652 675 691 696 est
707 667 796 697 Filius
812 666 863 695 Dei
876 667 949 695 Deus
966 677 972 694 :

1029 546 1115 575 corde
1128 556 1203 581 meo,
1219 557 1278 575 non
1295 547 1433 575 exaudiet
1445 547 1537 576 Deus.
1550 546 1624 586 Ergo
1663 545 1771 585 {missus
1783 544 1819 570 ¹8·

1029 593 1078 622 est,
1095 593 1125 615 ut
1143 586 1382 617 circumveniretur
1394 597 1410 615 a
1428 596 1506 615 carne
1523 599 1529 615 :
1545 596 1598 615 non
1617 593 1646 615 ut
1659 586 1770 626 injusti-

1029 626 1065 654 tia
1079 626 1264 655 ostenderetur
1277 627 1347 665 ejus,
1368 626 1415 655 sed
1435 632 1466 655 ut
1478 625 1536 665 ejus
1549 626 1676 666 jactantia
1695 636 1772 655 oom-

1029 672 1188 705 pesceretur.
1211 666 1349 695 Abraham
1362 672 1439 705 pater
1452 665 1589 703 fidelium,
1605 676 1685 704 quem
1698 667 1773 695 Deus

193 731 225 746 x„
237 708 334 738 deinde
345 708 372 737 in
386 709 569 747 sequentibus,
585 707 648 746 quia
661 717 767 736 carnem
781 706 908 746 suscepit,
930 705 975 734 di-

87 757 183 779 Ibidem.
206 763 224 777 t.
237 759 299 778 cens
313 760 321 777 ι
333 748 405 785 Quia
415 748 539 778 Verbum
551 747 744 787 carofactum
755 753 810 782 est,
818 752 847 775 et
858 747 975 775 habita-

89 787 124 817 14·
240 789 277 817 vit
289 790 321 816 in
333 787 577 817 nobis.Matthaeus
585 793 674 815 autem
684 785 865 826 Evangelium
874 784 977 815 Judaeis
1030 787 1100 813 veni
1118 786 1150 813 in
1175 791 1297 821 terram,
1314 795 1403 825 quam
1425 788 1476 815 tibi
1499 787 1702 816 demonstrabo
1707 795 1722 822 ;
1743 791 1775 814 ut

238 828 368 857 Hebraico
382 837 503 856 sermone
516 826 685 865 conscripsit,
704 826 773 855 sicut
786 825 843 864 jam
856 823 977 854 diximus
1030 824 1115 854 sciant
1126 835 1218 854 omnes
1231 825 1363 861 homines,
1386 825 1549 864 quicumque
1568 824 1704 855 voluerint
1718 834 1775 854 esse

236 878 335 907 supra,
356 873 386 896 ut
405 866 495 897 Judaei
513 866 630 906 legentes
649 865 847 894 aedificamntur
863 864 892 893 in
913 864 977 893 fide.
994 866 1013 889 B
1031 863 1083 893 filii
1100 864 1227 900 Abrahae,
1241 872 1267 894 et
1281 872 1376 894 terram
1397 864 1473 894 illam
1485 865 1577 895 vivam
1590 864 1775 904 promissionis

237 906 325 936 Judaei
338 906 409 936 enim
422 916 526 946 semper
546 905 748 950 cognoscebant,
762 904 824 943 quia
840 911 879 933 est
889 903 979 933 Filius
1031 903 1168 944 accipere,
1189 904 1225 934 dc
1251 915 1305 943 qua
1323 904 1452 944 scriptum
1471 912 1510 934 est
1531 917 1538 933 ε
1558 905 1652 934 Credo
1671 905 1775 933 videre
1783 909 1851 931 Psnl.
1868 907 1904 931 αδ.

1029 705 1118 734 voluit
1130 706 1283 746 exemplum
1295 716 1351 735 esse
1364 712 1527 743 sanctorum,
1541 705 1633 735 dicens
1645 704 1682 734 ad
1691 715 1771 734 eum:

1029 745 1111 774 Exui
1123 745 1159 774 de
1172 752 1251 775 term
1271 752 1321 776 tua
1332 767 1340 782 ,
1356 753 1383 775 et
1405 746 1442 774 de
1461 747 1633 785 cognatione
1653 751 1706 774 tua
1717 756 1728 775 .-
1746 751 1775 774 et
1786 753 1843 775 Gen.
1859 757 1904 774 12.1

240 947 300 983 Dei,
315 953 341 975 ct
355 945 489 985 quomodo
502 952 542 974 est
555 945 643 974 F1lius
656 944 718 974 Dei.
729 944 903 984 Supcrssuum
914 953 978 983 ergo

237 993 292 1015 erat
305 995 439 1025 exponere
452 985 490 1014 eis
503 984 652 1015 divinitatis
666 984 724 1023 ejus
744 990 877 1020 naturam,
897 993 978 1022 quam

238 1025 289 1065 ipsi
302 1024 402 1064 optime
416 1024 621 1064 cognoscebant,
634 1023 811 1053 necessarium
827 1030 918 1052 autem
929 1022 980 1051 fuit

237 1064 394 1104 mysterium
406 1064 594 1093 incarnationis
603 1063 732 1102 e'usipsis
743 1062 893 1092 ostendere.
901 1063 979 1099 Qua—

241 1114 269 1132 re
282 1110 372 1133 autem
382 1113 435 1133 non
445 1103 487 1132 illi
501 1104 605 1133 suffecit
632 1103 701 1132 icere
709 1102 787 1131 illum
796 1102 884 1131 fllium
896 1102 981 1131 Abra-

238 1143 279 1171 hae
298 1143 392 1178 solius,
413 1150 460 1172 aut
477 1143 566 1173 David
583 1142 688 1172 solius?
701 1142 773 1179 Quia
786 1141 821 1171 ad
840 1142 934 1170 ambos
946 1141 980 1170 de

237 1182 345 1212 Christo
364 1182 500 1211 nascituro
518 1193 553 1211 ex
573 1182 622 1218 eis,
641 1181 784 1221 promissio
799 1182 885 1210 fuerat
903 1181 980 1210 sacta.

92 1228 148 1248 Gen·
164 1232 200 1248 22·
239 1221 283 1251 Ad
294 1221 431 1250 Abraham
440 1221 551 1260 quidem
563 1221 601 1250 sic
617 1233 624 1249 z
645 1222 686 1250 Et
698 1221 728 1249 in
747 1223 856 1250 semine
870 1227 919 1249 tuo
935 1223 981 1249 be-

91 1259 125 1281 18.

241 1261 414 1289 nedicentur
424 1271 523 1290 omnes
538 1262 629 1290 tribus
647 1267 730 1290 lerrae
745 1272 753 1288 .·
772 1260 845 1298 quod
863 1259 980 1299 intelligi

239 1310 291 1329 non
301 1306 387 1340 potest
402 1300 453 1330 nisi
471 1301 499 1329 in
515 1299 634 1336 Christo,
647 1300 774 1338 quoniam
786 1300 856 1328 inter
871 1306 980 1331 caeteros

239 1340 257 1370 J
260 1339 377 1369 udaeoset
385 1346 475 1379 gentes
480 1350 626 1378 numquam
632 1338 747 1368 amicitia
755 1339 858 1368 stabilis
864 1338 926 1367 fuit.
936 1337 980 1367 Ad

88 1387 156 1408 Psal.
176 1384 227 1408 ι3ι.
240 1379 329 1410 David
341 1385 429 1408 autem
442 1379 478 1408 ita
492 1379 558 1408 dicit
569 1391 575 1407 :
591 1379 711 1407 Juravit
725 1384 822 1408 autem
834 1379 980 1407 Dominus

91 1424 126 1439 ΙΙ.

241 1419 341 1448 David
360 1420 524 1455 veritatem,
546 1424 574 1447 et
594 1428 654 1447 non
664 1418 863 1459 frustrabitur
880 1428 946 1447 eum
969 1429 977 1446 ε

239 1459 384 1496 defructu
395 1460 507 1487 ventris
518 1460 562 1487 cui
569 1467 677 1496 ponam
685 1467 770 1497 super
778 1459 874 1487 sedem
886 1464 977 1486 tuam.
996 1459 1015 1483 C

239 1497 305 1527 Ideo
316 1508 380 1537 ergo
392 1498 531 1536 utriusque
542 1497 631 1526 filium
641 1496 717 1532 dicit,
724 1504 754 1527 ut
765 1497 905 1536 utriusque
914 1507 978 1542 pro-

238 1537 377 1566 missiones
395 1537 422 1566 in
443 1537 551 1567 Christo
565 1536 689 1575 impletas
698 1536 860 1566 ostenderet.
875 1535 980 1565 Deinde

236 1577 299 1615 quia
312 1575 435 1606 Christus
445 1583 498 1606 tres
510 1576 653 1616 dignitates
662 1575 747 1605 fuerat
755 1576 910 1611 habiturus,
919 1586 979 1612 rex,

236 1615 379 1656 propheta,
395 1615 526 1645 sacerdos.
544 1615 681 1644 Abraham
693 1622 781 1645 autem
799 1615 894 1644 habuit
911 1615 980 1645 duos

237 1656 321 1693 filios,
335 1662 361 1684 ct
374 1654 441 1684 duas
459 1655 603 1695 dignitates
617 1666 625 1684 ε
658 1655 768 1695 ropheta
781 1655 852 1684 enim
869 1655 936 1692 fuit,
954 1662 981 1684 et

237 1695 373 1732 sacerdos,
396 1694 465 1724 sicut
477 1697 551 1724 Deus
570 1694 605 1724 ad
629 1695 636 1722 i
652 1694 709 1724 lum
729 1694 795 1724 dicit
805 1695 834 1724 in
856 1695 954 1724 Genesi
970 1706 978 1724 ε

90 1737 145 1757 001¹·
157 1734 190 1757 ¹5-
202 1742 227 1766 9·
239 1735 351 1774 Accipe
363 1745 486 1764 vaccam
500 1737 641 1764 triennem
655 1740 719 1770 οἱα,
733 1735 862 1774 propheta
878 1742 977 1772 autem,

91 1782 148 1803 [halt
158 1787 194 1803 ρο.
204 1790 226 1812 7.
237 1774 307 1803 sicut
316 1774 353 1803 ait
361 1775 494 1805 Dominus
505 1774 540 1803 ad
546 1773 704 1804 Abimelech
712 1773 746 1802 de
756 1774 818 1803 illo:
833 1775 980 1813 Quoniam

235 1815 377 1853 propheta
385 1821 429 1843 est
439 1820 467 1843 et
473 1816 568 1844 orabit
575 1823 628 1852 pro
640 1819 678 1849 te,
687 1819 715 1842 et
723 1814 824 1843 salvus
832 1816 889 1843 eris
901 1821 943 1852 tu,
952 1821 980 1843 et

237 1855 340 1882 domus
352 1860 414 1883 tua.
430 1853 495 1882 Ideo
504 1863 569 1892 ergo
581 1852 668 1881 dictus
682 1859 720 1881 est
734 1852 808 1882 filius
825 1854 941 1883 Abrahae
954 1861 979 1883 et

238 1893 341 1930 David,
354 1899 384 1922 ut
395 1893 527 1932 propheta
541 1891 651 1931 quidem
673 1891 840 1931 intelligatur
855 1900 881 1922 et
891 1904 979 1923 sacer-

238 1932 287 1961 dos
298 1943 333 1962 ex
346 1932 492 1969 Abraham,
506 1942 554 1961 rex
570 1938 659 1960 autem
672 1942 706 1960 cx
720 1932 820 1961 David.
837 1933 906 1962 Item
918 1932 980 1962 ideo

239 1981 291 2000 non
305 1971 394 2000 dictus
402 1978 442 2000 cst
451 1970 636 2000 tantummodo
647 1970 736 2000 David
749 1971 834 2008 filius,
848 1972 912 2011 quia
922 1973 980 2001 Da—

239 2010 287 2040 vid
300 2021 349 2040 rex
358 2011 410 2039 suit
419 2017 445 2039 et
455 2010 596 2050 propheta,
609 2009 731 2054 sacerdos
743 2018 832 2040 autem
842 2022 895 2040 non
908 2011 973 2041 fuit.

1033 944 1111 972 bona
1120 944 1240 973 Domini
1250 945 1281 973 in
1292 951 1368 973 terra
1376 946 1539 974 viventium
1548 956 1556 972 .·
1567 944 1695 982 quoniam
1703 943 1775 973 bona
1787 938 1823 962 ¹3·

1031 992 1080 1012 sua
1098 982 1196 1012 debent
1219 990 1402 1020 contemnere,
1427 984 1497 1013 sicut
1519 983 1656 1013 Abraham
1677 990 1775 1012 terram

1031 1033 1108 1051 suam
1120 1024 1268 1060 contemsit,
1292 1029 1318 1052 et
1335 1030 1455 1062 parentes
1468 1033 1532 1053 suos
1543 1023 1663 1053 carnales
1678 1022 1772 1052 dimit-

1031 1068 1104 1099 tere,
1125 1063 1195 1092 sicut
1214 1063 1262 1091 ille
1281 1062 1465 1102 cognationem
1482 1073 1560 1092 suam
1578 1062 1692 1092 dimisit.
1718 1062 1775 1099 Qui

1031 1108 1120 1131 autem
1128 1102 1263 1131 Abraham
1271 1101 1371 1131 imitari
1378 1101 1522 1138 noluerint,
1530 1112 1583 1132 non
1595 1108 1708 1142 possunt
1717 1112 1775 1131 esse

1031 1141 1082 1170 filii
1093 1142 1219 1171 Abrahae.
1227 1142 1380 1171 Abraham
1391 1148 1490 1171 nutem
1505 1143 1606 1183 genuit
1614 1143 1713 1179 Isaac,
1725 1141 1774 1181 qui

1031 1181 1220 1222 interpretatur
1236 1182 1318 1211 risus.
1341 1181 1424 1211 Risus
1441 1188 1530 1212 autem
1546 1188 1700 1216 sanctorum
1716 1188 1772 1217 est,

1032 1231 1086 1250 non
1103 1221 1186 1251 stulta
1201 1221 1370 1251 cachinnatio
1387 1221 1533 1259 labiorum,
1549 1221 1597 1251 sed
1617 1220 1776 1251 rationabile

1030 1260 1160 1300 gaudium
1167 1261 1265 1296 cordis,
1270 1261 1316 1299 qui
1322 1261 1336 1290 f
1335 1261 1373 1290 uit
1381 1272 1429 1301 per
1436 1261 1524 1290 omnia
1529 1260 1687 1302 mysterium
1693 1260 1775 1290 Chri-

1032 1300 1076 1336 sti,
1093 1301 1169 1330 Sicut
1183 1301 1255 1329 enim
1275 1300 1321 1330 ille
1332 1303 1419 1337 Isaac,
1434 1300 1639 1341 desperantibus
1649 1301 1706 1341 jam
1724 1311 1774 1346 pa·-

1032 1340 1164 1377 rentibus,
1185 1340 1213 1368 in
1230 1339 1326 1369 ultima
1344 1347 1477 1370 senectute
1496 1341 1610 1370 donatus
1625 1347 1664 1369 est
1683 1340 1775 1370 laeutia

1032 1378 1099 1415 suis,
1115 1385 1145 1408 ut
1167 1385 1351 1418 cognoscatur,
1366 1379 1429 1418 quia
1442 1390 1495 1408 non
1507 1386 1562 1409 crat
1575 1379 1648 1409 filius
1661 1386 1774 1415 naturae,

1032 1417 1078 1447 sed
1091 1418 1183 1457 gratiae
1202 1431 1208 1447 :
1223 1418 1262 1448 sic
1275 1425 1301 1447 et
1314 1426 1404 1448 noster
1420 1420 1494 1448 Isaac
1518 1419 1546 1448 in
1560 1419 1707 1449 novissimo
1719 1419 1775 1448 fine

1033 1457 1180 1497 productus
1201 1465 1240 1488 est
1259 1469 1275 1486 a
1295 1466 1379 1488 matre
1396 1458 1491 1488 Judaea
1511 1458 1641 1498 gaudium
1659 1459 1773 1496 cunetis,

1033 1498 1101 1526 sieut
1114 1497 1181 1527 dicit
1193 1497 1304 1537 angelus
1314 1498 1350 1527 ad
1360 1505 1478 1538 pastores
1490 1510 1499 1527 ε
1513 1499 1591 1527 Ecce
1604 1498 1774 1538 evangelizo
1784 1505 1839 1527 Luc.
1850 1510 1874 1526 2.
1886 1509 1904 1526 n

1033 1538 1117 1566 vobis
1128 1538 1268 1577 gaudium
1280 1548 1429 1578 magnum,
1443 1539 1523 1577 quod
1531 1540 1586 1568 erit
1596 1540 1675 1567 omni
1682 1538 1773 1577 plebi.

1033 1576 1115 1606 Unde
1125 1578 1162 1606 ait
1173 1577 1309 1617 apostolus
1324 1590 1332 1606 ι
1347 1577 1510 1616 Postquam
1522 1579 1604 1607 venit
1622 1577 1775 1616 plenitudo
1786 1582 1841 1604 Gal.
1849 1579 1873 1611 4.
1883 1578 1904 1610 4.

1034 1618 1179 1656 temporis,
1195 1618 1273 1646 misit
1284 1617 1364 1646 Deus
1376 1617 1487 1646 Filium
1501 1627 1586 1646 suu-m
1597 1615 1611 1633 ¹³
1620 1623 1725 1647 natum
1738 1627 1776 1647 ez·

1034 1657 1162 1693 muliere,
1173 1664 1272 1686 natum
1286 1658 1338 1686 sub
1352 1656 1424 1696 lege.
1439 1656 1493 1686 Sed
1505 1656 1555 1688 iste
1566 1667 1616 1697 per
1631 1656 1777 1696 virginem,

1033 1696 1080 1725 ille
1089 1695 1123 1725 de
1132 1706 1198 1732 anu,
1206 1696 1286 1726 ambo
1295 1703 1370 1727 extra
1376 1706 1451 1736 spem
1458 1703 1568 1726 naturoe.
1576 1697 1627 1726 Ille
1635 1702 1776 1736 postquam

1033 1742 1117 1765 mater
1129 1737 1187 1776 ejus
1196 1746 1289 1776 parere
1299 1746 1378 1776 posse
1390 1743 1547 1774 cessaverat,
1557 1737 1606 1766 iste
1617 1736 1777 1782 priusquam

1034 1782 1119 1804 mater
1131 1776 1189 1815 ejus
1199 1787 1293 1815 parere
1305 1786 1383 1816 posse
1395 1776 1535 1816 inciperet.
1548 1775 1603 1807 Sed
1615 1775 1662 1805 1lle
1671 1775 1706 1805 de
1717 1774 1775 1805 ani-

1034 1815 1097 1844 cula
1108 1814 1169 1844 ideo
1178 1816 1235 1855 jam
1248 1815 1398 1852 deficiente,
1412 1815 1462 1845 iste
1472 1821 1561 1845 autem
1573 1815 1607 1845 de
1620 1814 1725 1855 virgine
1737 1814 1777 1844 in-

1035 1862 1160 1895 corrupta
1179 1866 1185 1883 :
1200 1854 1265 1894 quia
1281 1854 1329 1884 ille
1350 1855 1426 1884 Isaac
1438 1855 1510 1889 filios
1522 1855 1607 1885 fuerat
1629 1861 1775 1894 generatu-

1034 1905 1080 1923 rus
1094 1895 1122 1923 in
1137 1895 1195 1935 lege
1206 1894 1412 1934 corrumpenda,
1423 1894 1471 1924 iste
1481 1901 1571 1924 autem
1580 1895 1608 1924 in
1620 1894 1705 1934 gratia
1712 1904 1776 1934 per-

1034 1944 1169 1963 mansura.
1194 1934 1270 1964 Sicut
1293 1934 1372 1964 illum
1397 1941 1480 1963 mater
1504 1934 1616 1965 nescivit
1633 1956 1641 1971 ‚
1668 1933 1777 1972 quando

1033 1972 1180 2002 ducebatur
1203 1973 1238 2002 ad
1251 1973 1458 2010 immolandum,
1470 1973 1517 2004 sed
1530 1981 1671 2014 postquam
1682 1983 1775 2003 rever-

1032 2023 1077 2042 sus
1089 2019 1127 2041 est
1140 2013 1269 2052 cognovit
1278 2014 1341 2051 quia
1351 2020 1407 2042 erat
1420 2013 1526 2043 oblatus
1542 2027 1549 2043 ι
1561 2013 1600 2043 sic
1612 2014 1696 2043 istum
1710 2022 1775 2052 syn-

238 2050 303 2079 Ideo
312 2059 375 2094 ergo
383 2049 524 2079 amborum
534 2049 608 2078 filius
619 2057 769 2079 nominatus
778 2057 827 2086 est,
841 2058 870 2080 ut
881 2051 979 2081 utrius·
994 2056 1015 2080 D
1033 2062 1116 2091 agoga
1130 2062 1183 2081 non
1207 2052 1332 2091 cognovit
1344 2063 1401 2082 esse
1414 2052 1517 2090 Filium
1530 2052 1593 2090 Dei,
1609 2063 1672 2082 cum
1691 2051 1775 2081 duoe-

239 2100 292 2128 que
302 2096 385 2129 patris
398 2089 498 2156 triplex
518 2088 635 2128 dignitas
649 2089 773 2128 originali
789 2090 850 2130 jure
877 2101 975 2130 eogno-

239 2135 356 2158 sceretur
368 2128 396 2156 in
410 2129 431 2158 C
453 2128 527 2157 risto.
540 2128 593 2158 Sed
606 2138 689 2166 quare
703 2129 779 2168 prius
791 2129 882 2160 David
892 2131 978 2160 nomi-

239 2166 325 2205 navit,
337 2178 399 2197 cum
413 2167 549 2196 Abraham
559 2167 690 2207 praeccdat
700 2169 728 2197 in
742 2169 877 2208 tempore?
886 2170 976 2200 P-rima

239 2207 317 2245 ratio,
332 2214 358 2236 ct
369 2206 486 2246 simplex
498 2207 556 2236 haec
572 2214 612 2236 est
627 2218 636 2235 =
651 2217 713 2236 eum
727 2209 895 2247 propositum
910 2217 979 2239 esset

239 2246 406 2286 evangelistae
417 2257 451 2275 cx
464 2246 601 2275 Abraham
611 2247 790 2286 generationes
803 2249 913 2278 Domini
925 2259 978 2278 nu-

240 2297 353 2324 merare,
365 2285 388 2314 si
398 2285 474 2325 prius
485 2285 598 2316 dixisset
603 2295 665 2316 eum
673 2285 761 2315 filium
770 2287 894 2325 Abrahae,
901 2295 977 2328 post-

240 2337 270 2355 ea
283 2333 374 2356 autem
387 2324 479 2356 David
497 2337 504 2354 ε
519 2335 622 2362 necesse
639 2324 755 2354 habebat
766 2326 864 2355 iterum
879 2329 977 2359 reverti

239 2365 275 2395 ad
293 2365 441 2402 Abraham,
459 2365 525 2405 etin
538 2365 598 2405 ipso
611 2365 671 2394 loco
681 2364 723 2394 bis
740 2368 752 2381 ⁸
765 2375 828 2394 eum
850 2376 975 2396 numera—

239 2416 279 2434 re.
303 2405 396 2434 Altera
413 2411 502 2434 autem
519 2405 588 2434 ratio
607 2411 647 2434 est
662 2426 671 2439 ‚
697 2405 761 2443 quia
782 2405 858 2444 regni
885 2406 975 2446 digni-

240 2451 278 2474 tas
291 2446 377 2485 major
393 2451 433 2474 cst
452 2455 533 2483 quam
547 2450 657 2473 naturae.
677 2444 745 2474 Nam
763 2444 813 2473 etsi
837 2445 974 2475 Abraham

272 2557 283 2569 ι
299 2550 366 2574 Eum
379 2551 516 2574 nominare.
529 2550 572 2575 Sic
583 2550 613 2575 V.
627 2550 670 2583 1).,
683 2559 758 2583 quam
769 2550 902 2577 lectionem
914 2553 990 2577 etiam

240 2588 384 2621 iumargine
397 2589 489 2615 habent
502 2589 580 2615 Editi.

1030 2098 1104 2120 retur
1113 2091 1147 2120 ad
1161 2098 1285 2129 mortem3
1300 2091 1348 2120 sed
1359 2098 1501 2131 postquam
1513 2091 1658 2121 resurrexit
1670 2102 1686 2121 a
1701 2101 1776 2120 mor-

1028 2130 1094 2167 tuis,
1107 2138 1171 2160 tnnc
1183 2138 1365 2170 cognoverunt
1377 2141 1439 2160 eum
1450 2130 1549 2161 Judaei.
1560 2131 1637 2161 Sicut
1649 2130 1777 2170 illeligna

1029 2171 1133 2209 portavi
1137 2178 1156 2207 t,
1167 2170 1215 2199 ubi
1228 2170 1313 2199 fuerat
1322 2170 1503 2200 incendendus
1514 2182 1525 2198 :⁷
1533 2171 1571 2200 sic
1580 2177 1606 2200 et
1614 2170 1664 2200 iste
1672 2170 1776 2210 lignum

1030 2210 1158 2249 portavit,
1176 2209 1224 2239 ubi
1239 2210 1326 2239 fuerat
1345 2209 1553 2249 crucifigendus.
1573 2210 1651 2241 Sicut
1661 2210 1709 2240 ille
1721 2221 1778 2240 non

1029 2249 1125 2279 restitit
1133 2250 1258 2288 Abrahae,
1267 2260 1330 2278 cuin
1339 2250 1420 2280 vellet
1426 2260 1489 2279 eum
1497 2249 1628 2288 occidere,
1639 2249 1773 2287 seddixit,

1028 2289 1106 2318 Pater
1126 2289 1176 2326 mi,
1198 2289 1253 2334 liga
1271 2288 1340 2318 mihi
1361 2299 1457 2319 manus
1478 2296 1505 2319 et
1521 2289 1615 2330 pedes,
1629 2289 1773 2329 nequando

1027 2330 1166 2373 insurgam
1179 2329 1207 2358 in
1221 2330 1468 2368 impugnationem:
1482 2329 1522 2358 sie
1542 2336 1568 2358 et
1577 2329 1626 2358 ille
1638 2339 1691 2358 non
1704 2339 1772 2358 oon-

1026 2367 1139 2398 tradixit
1151 2368 1236 2405 Patri,
1251 2367 1298 2397 sed
1312 2375 1421 2408 paratus
1433 2368 1581 2408 respondit,
1593 2368 1624 2398 Si
1633 2369 1773 2407 possibile
1783 2363 1867 2389 Mfl‘ffl·
1881 2362 1904 2386 ²⁴

1025 2413 1078 2443 est,
1094 2414 1223 2438 transeat
1235 2418 1255 2437 a
1265 2418 1310 2436 me
1324 2408 1404 2438 calix
1413 2410 1485 2437 iste:
1500 2408 1551 2436 sed
1561 2417 1620 2436 non
1633 2410 1708 2437 sicut
1718 2418 1771 2448 ego
1780 2398 1821 2428 39¹

1025 2448 1106 2485 volo,
1126 2449 1176 2477 sed
1199 2450 1274 2477 sicut
1287 2454 1329 2484 tu,
1340 2449 1426 2477 Pater.
1448 2448 1535 2476 Isaac
1558 2453 1655 2476 autem
1671 2449 1772 2487 genuit

1050 2554 1063 2572 b
1080 2553 1166 2579 Codex
1186 2554 1216 2578 V.
1237 2554 1267 2579 D.
1289 2553 1364 2578 habet
1372 2553 1480 2586 sactum
1499 2561 1531 2577 ex
1547 2552 1658 2583 muliere,
1671 2551 1773 2587 sactum

1016 2591 1061 2616 sub
1072 2592 1134 2625 Iege,
1146 2598 1170 2618 et
1183 2593 1218 2618 sic
1229 2598 1331 2619 notatur
1344 2593 1369 2618 in
1381 2592 1492 2625 margine
1504 2593 1572 2624 prius
1584 2591 1727 2618 Editorum.
