1890 2826
679 162 712 184 [N
739 160 869 191 1SA1AM,
899 160 976 182 CAP.
1007 159 1053 183 VI.

90 226 133 261 Τῆ
154 226 205 264 γὰρ
224 224 355 264 Ἑὸραίων
367 223 474 262 γλώττῃ
494 226 504 238 “
513 222 619 262 ἔμπυρα
638 221 758 261 στόματα
772 222 855 260 ἐρμη-
909 219 1079 248 munditiem.
1096 221 1134 249 Ita
1147 220 1218 249 enim
1230 220 1359 260 propheta
1374 219 1463 249 David
1475 230 1653 260 supernarum

89 258 191 300 νεόεται
203 270 238 300 τὰ
253 269 386 309 Σεραφίμ.
400 268 437 298 Τί
449 263 494 297 οῧν
511 269 542 297 ἐκ
555 267 647 297 τούτου
673 266 854 306 μανθάνομεν;
910 271 1069 304 potestatum
1087 265 1242 305 expeditum
1265 265 1444 294 ministerium
1458 266 1550 296 volens
1576 266 1654 295 nobis

91 316 131 346 Τὸ
142 315 254 356 καθαρὸν
268 318 316 351 τῆς
329 314 418 348 οὐσίας
427 337 435 351 ,
445 314 476 344 τὸ
489 314 630 353 ἄγρυπνον,
646 313 676 342 τὸ
688 311 855 352 διεγηγερμέ-
874 317 892 340 R
910 310 1057 347 ostendere,
1078 321 1180 341 necnon
1196 311 1363 342 velocitatem
1384 311 1583 350 agilitatemque
1597 312 1649 342 mi-

89 373 142 398 νον,
154 362 184 391 τὸ
194 361 299 401 γοργὸν,
313 361 343 390 τὸ
355 359 531 400 ἐνεργητικὸν,
543 359 573 389 τὸ
586 359 759 395 ἀκηλίδωτον.
776 357 856 388 Οὕτω
911 356 1024 393 nistorii,
1041 356 1146 386 dicebat
1162 368 1169 385 ε
1197 358 1254 396 Qui
1265 358 1348 398 sacis
1365 357 1484 397 angelos
1506 364 1569 386 tuos
1593 360 1651 397 spi·
1663 368 1730 390 Psal.
1754 367 1803 390 103.

89 411 151 448 γοῦν
166 408 212 438 καὶ
232 410 246 437 ὁ
259 407 396 447 προφήτης
409 406 492 436 Δαυὶδ
510 407 562 434 τῶν
585 405 639 434 ἄνω
659 404 795 443 δυνάμεων
809 403 857 439 τὴν
911 403 994 438 ritu-5,
1014 408 1042 431 et
1068 404 1214 432 ministros
1230 409 1293 432 tuos
1302 403 1461 445 flammam
1482 405 1557 442 ignis
1567 414 1587 440 ς-
1605 400 1687 432 ve—4·

90 454 303 494 ἀπαραπόδιστον
326 452 459 482 διακονίαν
484 451 640 491 βουλόμενος
659 452 722 489 ἡμῖν
743 449 859 483 ιὲνδείξαΜ
912 447 1058 485 locitatem,
1084 448 1237 486 levitatem,
1258 449 1405 489 agilitatem
1424 448 1502 478 nobis
1525 459 1575 489 per
1597 449 1654 478 haec

91 503 167 536 σθαι,
176 499 222 529 καὶ
234 498 266 528 τὸ
274 497 343 539 ταχὺ
352 500 399 533 τῆς
412 497 556 537 ὑπηρεσίας
569 496 614 526 καὶ
626 495 727 536 σφόδρα
740 495 856 535 ἐνεργὲς,
912 493 1040 523 elementa
1054 493 1204 524 ostendens.
1223 493 1387 535 Hujusmodi
1401 494 1488 523 officia
1501 494 1601 523 habent
1613 494 1654 523 hae
1692 500 1806 536 Virtutum

91 546 179 584 ἔλεγεν
189 557 195 563 ·
210 545 244 574 Ὁ
256 546 338 574 ποιῶν
346 543 406 577 τοὺς
419 542 546 582 ἀγγέλους
555 543 634 572 αὐτοῦ
644 541 783 580 πνεύματα
793 563 800 576 ,
812 540 858 570 καὶ
912 539 1034 577 virtutes,
1062 551 1109 569 ore
1131 551 1200 580 puro
1222 541 1384 570 celebrantes
1408 540 1557 569 Dominum
1572 563 1580 576 ,
1605 540 1656 570 hoc
1667 531 1785 552 ⁰ae¹⁰⁵¹¹¹¹¹¹¹

92 591 152 624 τοὺς
173 589 337 630 λειτουργοὺς
360 591 438 618 αὐτοῦ
460 589 542 628 πυρὸς
560 587 662 628 φλόγα”
677 587 708 617 τὸ
730 586 815 627 ταχὺ,
828 586 859 616 τὸ
1667 562 1746 583 omma.

93 640 198 677 κοῦφον,
211 636 241 666 τὸ
255 635 411 677 δραστήριον
427 637 491 674 ἡμῖν
512 634 556 664 διὰ
568 635 620 663 τῶν
645 633 782 673 στοιχείων
797 632 859 661 τού-

93 695 144 715 των
158 682 360 721 ἐνδεικνύμενος.
371 681 510 711 ΙΙΤοιαῦτα
530 680 575 709 καὶ
589 681 617 709 αἱ
631 679 753 718 δυνάμεις
765 678 859 715 αὐταὶ,

90 731 213 769 καθαροῖς
226 728 354 767 στόμασιν
377 729 539 767 ἀνυμνοῧσαι
554 726 600 755 τὸν
621 726 770 761 Δεσπότην,
783 725 859 765 ἔργον

91 767 168 804 roffio
181 774 289 814 ἔχουσαι
301 775 440 810 διηνεκῶς,
455 772 586 813 εὐφημίας
599 771 792 812 ἀναφέρουσαι,
806 772 860 800 λει-

92 819 214 860 τουργίαν
228 819 404 849 ἀδιάλειπτον.
416 819 540 848 Δείκνυσι
560 817 588 847 δὲ
603 818 690 846 αὐτῶν
711 817 742 847 τὸ
755 816 860 855 ἀξίωμα

91 867 122 896 τὸ
133 865 245 901 πλησίον
259 860 326 895 εἶναι
339 867 384 895 τοῦ
403 864 506 905 θρόνου.
519 863 648 903 Καθάπερ
665 862 717 903 γὰρ
740 862 784 892 ἐπὶ
806 865 859 892 τῶν

94 911 224 951 βασιλέων
237 913 290 940 τῶν
299 910 343 940 ἐπὶ
354 913 403 950 γῆς
415 912 440 940 οἱ
449 912 476 940 ἐν
487 909 603 949 μείζοσιν
615 908 761 947 ἀξιώμασιν
771 908 842 942 ὄντες
850 929 859 943 ,

91 961 155 998 παρ’
172 958 248 988 αὐτὸν
258 957 387 993 ἑστήκασι
398 957 442 986 τὸν
457 956 544 997 θρόνον
558 955 603 984 τὸν
624 954 759 994 βασιλικόν
771 967 777 973 ·
792 955 860 984 οὕτω

93 1004 125 1040 δὴ
142 1004 188 1034 καὶ
215 1000 292 1034 αὗται
317 1005 344 1032 αἱ
369 1002 490 1042 δυνάμεις
510 1002 554 1031 διὰ
576 1001 624 1037 τὴν
644 1000 860 1040 ὓπερὸάλλουσαν

93 1050 191 1091 ἀρετὴν
215 1050 259 1079 τὸν
285 1050 339 1079 ἄνω
365 1048 454 1089 θρόνον
478 1049 605 1077 κυκλοῧσι
614 1069 622 1083 ,
643 1049 691 1082 τῆς
712 1046 860 1086 ἀπορρήτου

94 1095 288 1135 μακαριότητος
298 1095 479 1124 ἀπολαύουσαι
491 1094 615 1128 διηνεκῶς
623 1114 630 1128 ,
641 1092 686 1121 καὶ
698 1093 862 1132 ἐντρυφῶσαι

93 1143 126 1181 τῇ
138 1141 256 1180 μακαρία
268 1140 342 1175 λήξει
355 1142 402 1175 τῆς
414 1138 578 1178 λειτουργίας
587 1137 693 1173 ταύτης.
705 1137 757 1171 Ἓξ
767 1137 862 1177 πτέρυ-

93 1200 137 1227 γες
150 1189 188 1227 τῷ
211 1186 265 1222 ἑνὶ,
277 1186 323 1215 καὶ
338 1185 366 1219 ἓξ
379 1185 507 1225 πτέρυγες
521 1187 559 1224 τῷ
572 1184 620 1213 ἑνί.
643 1187 654 1200 ⁰
664 1183 718 1213 Καὶ
742 1188 798 1217 ταῖς
814 1183 861 1222 μὲν

93 1233 152 1262 δυσὶ
165 1233 361 1262 κατεκάλυπτον
373 1231 433 1265 τοὺς
451 1231 535 1264 πόδας
559 1232 668 1266 ἑαυτῶν,
682 1234 739 1263 ταῖς
753 1230 781 1259 δὲ
803 1230 862 1259 δυσὶ

93 1278 291 1308 κατεκάλυπτον
308 1277 342 1307 τὰ
363 1277 492 1318 πρόσωπα
511 1278 621 1312 ἑαυτῶν,
641 1276 687 1305 καὶ
709 1280 766 1309 ταῖς
789 1276 861 1305 δυσὶν

93 1324 229 1354 ἐπέτανθο.
244 1323 298 1354 Καὶ
313 1323 453 1363 ἐκέκραγεν
468 1323 555 1362 ἕτερος
569 1322 634 1362 πρὸς
647 1322 691 1351 τὸν
702 1322 801 1362 ἕτερον,
817 1321 862 1351 καὶ

93 1371 182 1410 ἔλεγον
193 1382 199 1389 ·
213 1370 297 1409 ἅγιος,
305 1370 378 1409 ἅγιος
387 1391 395 1405 ,
408 1369 495 1408 ἅγιος,
506 1369 602 1408 Κύριος
615 1367 742 1398 Σαὸαώθ.
750 1367 862 1408 Πλήρης

93 1421 169 1445 πᾶσα
181 1418 198 1452 ἡ
212 1417 246 1455 γῆ
258 1417 306 1450 τῆς
319 1414 392 1451 δόξης
412 1416 501 1444 αὐτοῦ.
517 1414 553 1444 Τί
568 1414 691 1454 βούλεται
704 1417 769 1453 ἡμῖν
778 1417 863 1443 ταῦτα

94 1462 128 1491 τὰ
140 1461 226 1502 πτερὰ
236 1483 244 1497 ,
255 1462 301 1492 καὶ
321 1462 347 1491 τί
361 1461 519 1491 αἰνίττονται
534 1463 598 1500 ἡμῖν
613 1461 640 1490 αἱ
663 1460 806 1500 πτέρυγες
821 1461 862 1490 Οὔ

93 1507 144 1548 γὰρ
159 1507 190 1544 δὴ
205 1507 291 1548 πτερὰ
308 1507 353 1537 ἐπὶ
365 1507 413 1540 τὰς
432 1507 587 1546 ἀσωμάτους
601 1507 722 1545 δυνάμεις
744 1506 844 1539 ἐκείνας
855 1518 861 1524 ·

912 595 981 625 opus
994 585 1095 625 jugiter
1112 586 1250 624 habentes,
1270 586 1364 615 laudes
1377 586 1527 623 offerentes,
1542 587 1656 616 incessa-

911 630 967 660 bile
975 631 1164 661 ministerium.
1173 632 1276 662 Earum
1285 639 1373 661 autem
1383 631 1540 671 dignitatem
1551 631 1579 661 id
1585 643 1657 662 com-

912 684 1040 706 monstrat
1056 677 1130 716 quod
1143 678 1211 707 solio
1221 679 1276 708 sint
1293 678 1400 708 vicinae.
1421 677 1656 715 Quemadmodum

912 722 984 752 enim
997 723 1071 763 apud
1085 730 1203 753 terrenos
1214 734 1300 763 reges,
1314 723 1360 763 qui
1373 723 1401 752 in
1415 724 1515 763 majore
1528 723 1658 762 dignitate

912 775 985 805 sunt,
997 779 1081 809 prope
1105 769 1204 799 solium
1214 769 1320 809 regium
1333 776 1403 799 stant
1419 782 1425 798 ε
1440 770 1479 798 sic
1492 776 1518 798 et
1530 769 1572 798 hae
1582 776 1656 809 pote-

911 821 991 844 states
1001 815 1036 844 ob
1049 815 1158 845 virtutis
1169 815 1344 856 *eminentiam
1359 815 1476 845 sublime
1490 815 1590 844 solium
1601 815 1653 845 cir-

912 860 1083 898 cumsistunt,
1102 861 1232 890 ineffabili
1249 860 1414 890 beatitudine
1427 867 1555 901 perpetuo
1565 861 1655 890 fruen-

879 919 897 943 ς
912 913 962 944 tes,
977 913 1003 936 et·
1015 907 1044 935 in
1055 907 1130 937 beata
1151 914 1222 938 sorte
1232 907 1388 947 hujusmodi
1401 906 1484 936 officii
1497 906 1654 946 gaudentes,

914 952 970 982 Sex
983 953 1040 982 alae
1052 955 1115 989 uni,
1122 960 1150 982 et
1160 964 1211 982 sex
1227 954 1284 982 aloe
1294 953 1392 981 alteri.
1405 954 1446 981 Et
1459 953 1577 992 quidem
1588 953 1658 982 dua-

915 1000 968 1027 bus
981 999 1124 1027 velabant
1134 1000 1222 1038 pedes
1240 1009 1319 1034 suos,
1330 999 1446 1027 duabus
1463 1005 1561 1028 autem
1573 999 1658 1028 vela—

916 1046 987 1073 bant
999 1044 1100 1084 facies
1118 1055 1199 1081 suas,
1217 1051 1246 1074 et
1267 1045 1381 1074 duabus
1395 1045 1550 1074 volabant.
1566 1046 1596 1075 5.
1617 1046 1658 1074 Et

915 1091 1087 1121 clamabant
1097 1091 1175 1120 alter
1182 1092 1224 1120 ad
1234 1091 1371 1127 alterum,
1382 1098 1410 1121 et
1420 1092 1556 1120 dicebant
1563 1102 1573 1118 .·
1584 1091 1658 1121 San-

916 1143 989 1173 ctus,
999 1143 1131 1174 sanctus,
1141 1144 1271 1174 sanctus,
1279 1138 1425 1166 Dominus
1434 1137 1575 1167 Sabaoth.
1589 1138 1659 1167 Ple-

917 1193 957 1211 na
973 1189 1016 1212 est
1036 1185 1129 1212 omnis
1144 1190 1221 1212 terra
1235 1183 1336 1222 gloria
1351 1184 1423 1222 ejus.
1440 1183 1515 1220 Quid
1527 1184 1605 1213 nobis
1617 1184 1659 1212 hae

915 1239 1009 1269 pennae
1022 1229 1183 1268 significant,
1195 1236 1221 1259 et
1234 1228 1302 1268 quid
1315 1229 1393 1258 nobis
1406 1229 1455 1258 alae
1467 1229 1659 1259 subindicant?

916 1275 1008 1314 Neque
1016 1275 1088 1304 enim
1097 1275 1259 1316 incorporeae
1268 1275 1321 1304 illae
1331 1282 1471 1315 potestates
1482 1275 1537 1305 alas
1543 1275 1657 1305 habent:

916 1320 963 1350 sed
987 1331 1095 1350 rursum
1119 1321 1293 1350 crassioribus
1315 1320 1410 1360 figuris
1423 1331 1518 1350 arcana
1537 1321 1660 1360 quaedam

915 1366 993 1397 nobis
1005 1366 1106 1396 indicat
1119 1367 1259 1407 propheta,
1269 1367 1417 1396 infirmitati
1429 1378 1522 1396 eorum
1535 1369 1582 1407 qui
1595 1375 1660 1398 tunc

917 1413 1060 1442 audiebant
1083 1424 1111 1443 se
1134 1420 1310 1454 attemperans
1318 1436 1326 1450 ,
1348 1413 1484 1453 simulque
1507 1414 1586 1443 etiam
1610 1426 1660 1455 per

882 1469 901 1491 D
916 1458 985 1487 hanc
1012 1458 1256 1498 attemperationem
1285 1469 1361 1488 sensa
1390 1459 1514 1498 quaedam
1547 1467 1660 1490 mentem

918 1515 1024 1534 omnem
1037 1506 1190 1544 superantia
1203 1512 1324 1535 accurate
1337 1504 1415 1534 nobis
1429 1505 1578 1535 ostendens.

94 1553 162 1583 ἀλλὰ
175 1553 255 1583 πάλιν
267 1553 311 1584 διὰ
324 1553 479 1593 παχυτέρων
492 1553 638 1593 σχημάτων
652 1552 792 1592 ἀπόρῥητά
803 1564 862 1582 τινα
897 1562 899 1565 ·

94 1602 158 1638 ἡμῖν
172 1602 186 1629 ὁ
200 1600 338 1640 προφήτης
350 1600 518 1639 παραδηλοῖ,
532 1598 749 1638 συγκαταὸαίνων
767 1599 814 1637 μὲν
828 1601 861 1638 τῇ

96 1645 216 1685 ἀσθενείᾳ
228 1647 280 1675 τῶν
291 1646 350 1675 τότε
365 1645 548 1685 ἀκροωμένων,
562 1644 633 1683 ὅμως
653 1645 680 1673 δὲ
693 1644 738 1673 καὶ
752 1644 795 1674 διὰ
814 1646 862 1679 τῆς

97 1690 317 1729 συγκαταὸάσεως
335 1696 422 1721 πᾶσαν
447 1690 562 1719 διάνοιαν
585 1690 775 1729 ὑπερὸαίνοντα
798 1690 862 1725 νοή-

97 1748 170 1774 ματα
183 1736 250 1775 μετὰ
262 1736 396 1776 ἀκριὸείας
407 1738 471 1774 ἡμῖν
486 1735 687 1774 ἐνδεικνύμενος.

137 1782 173 1812 Τί
186 1777 230 1811 οὖν
253 1782 411 1811 αἰνίττονται
431 1782 458 1811 αἱ
483 1780 623 1820 πτέρυγες;
638 1780 679 1810 Τὸ
698 1781 798 1820 ὑψηλὸν
818 1781 863 1811 καὶ

97 1828 237 1868 μετάρσιον
247 1830 300 1858 τῶν
307 1827 442 1867 δυνάμεων
450 1826 560 1856 τούτων.
571 1825 650 1856 Οὕτω
662 1827 706 1856 καὶ
717 1829 731 1856 ὁ
742 1827 863 1867 Γαὸριὴλ

98 1874 240 1913 πετόμενος
247 1897 255 1911 ,
266 1874 311 1903 καὶ
321 1875 352 1903 ἐκ
362 1875 414 1902 τῶν
425 1874 541 1913 οὐρανῶν
550 1872 715 1902 καταὸαίνων
730 1872 871 1912 φαίνεται,“

96 1920 139 1949 ἵνα
153 1920 238 1959 μάθῃς
263 1919 293 1948 τὸ
316 1918 385 1959 ταχὺ
406 1918 451 1948 καὶ
472 1921 576 1958 κοῦφον.
593 1917 646 1947 Καὶ
673 1917 827 1956 θαυμάζεις,
840 1919 863 1947 εἷ

97 1965 142 1995 ἐπὶ
155 1967 207 1995 τῶν
219 1966 406 2005 λειτουργικῶν
421 1963 555 2003 δυνάμεων
576 1963 684 1996 ταύταις
697 1967 754 1997 ταῖς
777 1962 863 1997 λέξεσι

428 2010 620 2021 ‚‚‚‚‚

96 2059 126 2086 οὐ
137 2057 310 2097 παρῃτήσατο
333 2055 431 2092 ταύτην
445 2054 679 2095 μεταχειρίσασθαι
696 2054 744 2091 τὴν
763 2067 863 2094 συγκα-

96 2102 224 2139 τάὸασινς
243 2102 404 2141 Βουλόμενος
412 2101 463 2141 γὰρ
476 2103 554 2131 αὐτοῦ
575 2101 657 2135 δεῖξαι
672 2100 689 2136 ἢ
704 2101 734 2130 τὸ
749 2101 862 2140 ἀσώμα-

97 2159 151 2184 τον,
171 2147 189 2183 ἢ
212 2148 243 2178 τὸ
263 2147 331 2188 ταχὺ
351 2150 398 2183 τῆς
423 2149 558 2187 πανταχοῦ
573 2146 735 2187 παρουσίας,
753 2147 831 2187 φησὶν
849 2149 862 2176 ὁ

98 2192 181 2222 Δαυίδ
190 2205 197 2211 ·
217 2193 252 2223 ‘O
265 2196 416 2233 περιπατῶν
431 2193 475 2222 ἐπὶ
488 2192 624 2232 πτερύγων
639 2192 752 2231 ἀνέμων.
767 2193 863 2222 Καίτοι

99 2250 128 2278 γε
142 2238 201 2268 οὔτε
209 2239 300 2278 ἄνεμοι
310 2239 442 2279 πτέρυγας
454 2239 567 2279 ἔχουσιν,
582 2239 641 2268 οὔτε
653 2239 729 2272 αὐτὸς
742 2239 785 2268 ἐπὶ
798 2251 861 2268 πτε-

100 2283 184 2324 ρύγων
197 2289 343 2323 περιπατεῖ.
357 2286 420 2318 Πῶς
427 2285 488 2324 γὰρ,
502 2287 516 2314 ὁ
527 2287 663 2324 πανταχοῦ
673 2284 779 2324 παρών;
793 2286 860 2314 Ἀλλ’

130 2394 141 2405 n
157 2385 256 2421 Εμπυρα
264 2392 378 2419 στόματα,
391 2388 471 2420 ignita
482 2396 535 2412 ora.
544 2388 616 2412 Hanc
626 2396 677 2412 csse
687 2393 759 2420 putat
769 2387 852 2422 Chry-

98 2431 223 2450 sostomus
246 2425 476 2457 interpretationem
489 2427 557 2450 vocis
570 2425 712 2456 Hebrazcae,
732 2429 851 2457 ΒῖᾒἾῐβ,

98 2467 170 2500 quasi
190 2466 306 2492 videlicet
329 2468 468 2499 composita
489 2467 522 2492 sit
542 2476 572 2492 ex
586 2471 662 2508 esim,
682 2476 756 2499 urere,
770 2474 796 2493 et
808 2472 851 2500 Πῇ

99 2510 135 2535 vel
155 2513 195 2540 75,
210 2519 236 2534 os
245 2530 251 2541 ‚
262 2512 320 2534 oris.
332 2509 382 2535 Sed
392 2509 531 2542 Seraphim,
549 2516 576 2535 ιιι
598 2518 671 2535 nemo
684 2509 771 2542 nescit,
786 2512 852 2544 igni-

97 2557 134 2575 lm
145 2551 183 2578 vel
197 2553 283 2585 igneos
295 2551 439 2583 simpliciter
451 2551 581 2584 significat.

957 1781 987 1808 5.
1000 1779 1076 1816 Quid
1088 1779 1171 1819 igitur
1185 1779 1358 1809 subindicant
1371 1780 1419 1809 alae
1430 1779 1444 1809 Ξ)
1464 1779 1660 1809 Celsitudincm

917 1832 943 1855 et
956 1825 1147 1855 sublimitatem
1161 1825 1261 1855 harum
1278 1826 1422 1855 virtutum.
1437 1826 1482 1856 Sic
1505 1833 1529 1855 ct
1548 1826 1659 1855 Gabriel

918 1872 1023 1909 volans,
1038 1878 1064 1901 et
1076 1872 1110 1901 de
1130 1872 1195 1901 caelo
1213 1872 1374 1901 descendens
1393 1879 1513 1912 apparet,
1529 1879 1559 1901 ut
1571 1873 1658 1902 discas

918 1919 1083 1948 velocitatem
1103 1926 1129 1948 et
1150 1919 1297 1949 levitatem.
1321 1919 1424 1958 thuid
1444 1919 1562 1956 miraris,
1584 1920 1606 1948 si
1626 1919 1660 1949 de

882 1980 901 2003 Ε
918 1964 1082 1995 administris
1098 1964 1245 1995 virtutibus
1265 1965 1376 2004 loquens
1390 1964 1546 2006 hujusmodi
1570 1966 1660 1995 verbis

919 2022 983 2041 usus
997 2018 1046 2048 est,
1061 2007 1168 2051 quando
1181 2012 1261 2041 etiam
1276 2011 1310 2041 de
1324 2011 1511 2042 universorum
1533 2013 1591 2042 Deo
1605 2023 1657 2042 non

917 2054 1077 2095 dedignatus
1109 2062 1148 2084 est
1170 2055 1239 2084 hanc
1257 2055 1386 2084 adhibere
1409 2056 1658 2096 attemperationm?

917 2101 988 2130 Cum
997 2101 1068 2130 enim
1081 2101 1163 2131 vellet
1179 2100 1270 2131 David
1283 2101 1419 2130 ostendere
1432 2108 1479 2130 aut
1499 2102 1558 2141 ejus
1570 2101 1658 2131 incor-

917 2157 1026 2188 poream
1048 2153 1190 2185 naturam,
1220 2154 1267 2176 aut
1290 2147 1456 2176 velocitatem
1474 2158 1534 2186 quae
1556 2148 1658 2186 ubique

917 2203 1031 2233 praesens
1050 2200 1100 2229 est,
1128 2193 1165 2222 ait
1182 2205 1189 2221 ε
1219 2194 1277 2232 Qui
1290 2193 1425 2222 ambulas
1445 2204 1531 2233 super
1547 2204 1658 2233 pennas
1670 2208 1735 2230 psal,
1754 2210 1806 2231 103.

881 2228 905 2279 ἵ
917 2245 1083 2268 ventorum.
1098 2239 1156 2268 Etsi
1171 2248 1258 2277 nequo
1274 2238 1347 2267 venti
1358 2249 1458 2277 pennas
1470 2239 1595 2274 habeant,
1609 2249 1657 2268 nc·
1667 2239 1690 2261 3.

919 2295 971 2324 que
993 2284 1051 2324 ipse
1066 2295 1146 2324 super
1159 2294 1259 2324 pennas
1279 2283 1409 2313 ambulet.
1425 2284 1566 2321 Quomodo
1587 2284 1657 2313 enim

934 2389 947 2407 ‘¹
966 2388 1100 2414 Bavaricus
1118 2392 1220 2414 τοιαῦται
1238 2392 1260 2414 αἱ
1282 2390 1384 2421 δυνάμεις
1404 2391 1479 2414 αὐταί.
1499 2387 1546 2412 Alii
1565 2391 1658 2413 τοιαῦτα

902 2431 939 2454 καὶ
952 2431 984 2453 ai·

934 2473 943 2485 θ
962 2470 1004 2492 Καὶ
1011 2472 1060 2495 ταῖς
1066 2469 1108 2499 μὲν
1116 2468 1171 2497 δυσὶ,
1181 2471 1230 2490 etc.
1239 2467 1298 2490 llaec
1307 2466 1401 2490 inversa
1412 2470 1483 2496 sunt5
1492 2473 1549 2488 nam
1560 2465 1584 2488 in
1591 2464 1658 2489 Scri-

902 2511 974 2539 ptura
992 2514 1063 2530 sacra
1082 2506 1164 2538 primo
1181 2510 1308 2537 ponuntur
1327 2503 1372 2527 alae
1384 2512 1438 2536 qum
1452 2502 1540 2528 faciem
1557 2509 1657 2537 tegunt,

904 2544 1013 2570 secundo
1026 2544 1074 2569 illae
1086 2553 1139 2577 quae
1151 2543 1225 2576 pedes
1236 2543 1373 2567 occultant.
