1904 2840
166 2238 180 2264 †
190 2236 218 2258 al.
241 2245 276 2259 ra·

138 2268 206 2289 tione.

279 201 348 246 804

879 209 962 232 OPUS
989 207 1225 231 IMPERFECTUM

279 277 403 305 humanse
414 283 473 302 com
494 263 606 302 assionis
617 270 783 318 'ppprobria
803 270 920 301 traducit
939 281 1023 309 usque
1040 273 1061 296 Α
1076 277 1138 307 test,
1153 270 1216 309 quia
1229 269 1338 300 dilectio
1351 270 1396 300 vel
1406 270 1501 301 odium
1514 273 1602 302 carnis
1623 273 1650 303 in
1667 283 1746 304 sensu
1766 282 1816 310 est,

280 315 314 344 ad
332 320 455 346 mortem,
471 313 478 341 i
494 312 518 341 le
530 318 555 341 te
569 312 709 341 inimlcum
721 322 799 341 suum
811 310 960 350 adoptavit,
976 320 1022 338 co-

279 353 406 383 heredem
425 351 570 390 Unigcnito
592 362 641 381 suo
665 350 738 388 fecit,
760 357 786 380 et
803 357 834 379 tu
856 350 900 380 vel
923 349 1023 378 nudam

279 392 449 423 dilectionem
465 391 574 420 inimico
595 390 770 420 tuo'reddere
793 400 847 419 non
868 389 930 419 vis?
948 388 1023 426 Quid

280 440 366 462 tamen
386 432 497 468 mirum,
523 431 545 459 si
566 441 647 470 grave
673 429 872 469 illislvideatur
901 429 1023 458 inimicos

280 482 380 507 amare,
395 471 442 510 qui
453 481 502 500 nec
514 470 607 499 amicis
619 471 676 499 suis
686 471 816 499 sinceram
833 467 1023 498 conscientiam

281 511 406 541 servant?
431 511 499 540 Nam
526 520 588 539 cum
615 510 650 539 sit
673 509 791 539 mundus
813 509 862 538 iste
891 507 1024 537 scandalis

281 551 388 591 plenus,
409 549 432 579 si
446 549 546 579 amicos
563 549 698 579 voluerint
709 549 822 587 diligere
834 554 949 583 tantum,
970 557 1023 575 non

282 596 409 636 poterunt
429 589 549 618 invenire
562 599 629 628 quos
642 589 768 628 diligant.
784 587 871 617 Hodie
883 587 954 617 enim
974 586 1023 616 iste

282 630 362 659 illum
374 629 487 659 offendit
505 629 534 658 in
547 639 575 657 re
589 629 649 664 tali,
664 639 723 657 cras
743 627 790 656 ille
810 627 891 656 istum
909 626 1024 656 offendet

281 670 310 699 in
324 669 405 699 altera
421 679 460 706 re,
475 675 501 698 et
514 668 551 698 ita
567 668 608 705 fit,
631 674 660 697 ut
673 667 696 697 si
714 667 861 696 decreverit
876 667 956 695 homo
969 666 1024 695 ini-

281 709 366 739 micos
379 719 442 738 suos
453 708 539 744 odire,
553 718 657 737 necesse
677 714 717 736 est
735 713 765 735 ut
783 705 856 735 odiat
876 716 977 742 omnes,
1000 712 1026 734 et

282 748 390 779 odiatur
403 748 437 778 ab
450 748 584 778 omnibus.
601 747 687 778 Vides
700 746 763 785 quia
776 746 845 774 sicut
863 756 897 774 ex
919 745 958 774 ira
978 745 1026 773 ho-

281 787 424 819 micidium
445 788 574 821 nascitur,
596 793 623 816 et
640 798 674 816 ex
687 785 900 825 concupiscentia
918 784 1024 814 adulte-

282 828 354 857 rium
368 841 375 857 :
389 828 427 857 sic
448 838 484 857 ex
504 826 567 856 odio
589 826 759 856 inimicorum
773 824 928 864 praeciditur
943 824 1024 853 etiam

268 867 390 897 -dileotio
405 867 563 896 amicorum.
579 867 607 897 Si
622 873 711 895 autem
732 865 766 894 ad
786 871 891 904 tempus
911 863 1025 893 susum-s

282 918 344 936 eum
358 907 435 946 quasi
447 906 597 943 inimicum,
612 904 783 946 postmodum
797 904 898 932 victum
912 904 1025 932 benevo-

282 947 363 976 lentia
384 953 429 976 tua
443 946 543 975 amabis
557 956 618 975 eum
632 945 706 984 quasi
729 944 855 972 amicum.
870 944 938 972 Puto
951 942 1025 981 quod

282 997 335 1016 non
348 993 451 1015 tantum
463 996 512 1025 pro
525 985 640 1015 inimicis
649 983 747 1014 nostris
753 983 878 1012 Christus
892 982 938 1011 illa
951 992 1026 1011 man-

282 1026 368 1062 davit,
391 1032 518 1064 quantum
539 1035 588 1064 pro
610 1024 688 1054 nobis
704 1035 711 1052 :
730 1032 782 1051 non
805 1022 867 1061 quia
888 1022 930 1050 illi
948 1021 1025 1061 digni

283 1073 356 1103 sunt,
373 1072 401 1094 nt
414 1065 563 1104 diligantur
576 1065 610 1093 ab
629 1064 733 1102 aliquo,
753 1062 801 1092 sed
820 1061 883 1100 quia
904 1071 952 1090 nos
972 1071 1024 1089 non

283 1116 376 1135 sumus
390 1104 477 1144 digni,
499 1111 528 1133 ut
548 1104 664 1142 aliquem
679 1103 811 1131 odiamus.
830 1101 933 1131 Odium
953 1100 1025 1129 enim

284 1145 394 1185 spiritus
413 1151 451 1173 est
472 1144 652 1179 tenebrarum,
665 1149 691 1171 et
703 1142 866 1180 ubicumque
887 1139 1023 1176 insederit,

283 1184 404 1214 sordidat
425 1184 438 1199 ¹³
444 1182 675 1224 pulchritudinem
701 1181 830 1211 sanitatis.
866 1180 905 1210 Er
923 1190 940 1209 o
971 1189 1025 1208 non

283 1231 388 1254 tantum
399 1223 459 1252 ideo
470 1223 547 1263 jubet
558 1222 672 1262 diligere
692 1220 826 1257 inimicos,
842 1226 872 1249 ut
885 1220 905 1248 il
918 1229 947 1248 os
960 1219 1026 1248 dili-

284 1274 388 1304 gamus,
407 1270 536 1302 quantum
552 1269 581 1291 ut
595 1274 609 1292 a
623 1261 766 1301 nobisipsis
779 1259 853 1299 quod
865 1259 968 1288 malum
986 1266 1026 1288 est

284 1303 455 1344 repellamus.
476 1304 510 1332 Et
522 1302 580 1331 ideo
595 1312 648 1332 non
665 1301 765 1337 dicam,
779 1301 802 1329 si
817 1299 916 1328 laeseris
934 1299 1024 1328 inimi-

284 1354 357 1379 cum,
373 1342 419 1371 sed
432 1343 454 1371 si
467 1342 555 1371 oderis
568 1353 630 1371 eum
645 1346 758 1376 tantum,
774 1351 816 1369 am
837 1339 890 1368 lius
909 1339 961 1367 tibi
972 1349 1023 1367 no-

285 1383 363 1412 cuisti
390 1382 536 1412 secundum
562 1382 688 1417 animam,
709 1390 789 1419 quam
811 1378 853 1408 ili
877 1378 1026 1407 secundum

284 1433 392 1462 corpus.
409 1422 443 1451 Et
456 1422 498 1451 illi
514 1422 622 1451 forsitan
634 1420 703 1450 nihil
717 1430 794 1449 noces
807 1418 900 1448 odiens
911 1429 984 1454 eum,
999 1423 1025 1446 te

283 1469 373 1491 autem
387 1462 476 1501 ipsum
490 1462 546 1491 sine
558 1461 643 1491 dubio
657 1459 742 1489 laedjs.
757 1459 787 1490 Si
799 1468 862 1497 ergo
876 1468 909 1496 pe
928 1456 1025 1487 creeris
1042 1461 1061 1484 C
1074 1459 1168 1505 fafiee
1183 1461 1218 1488 iis
1229 1482 1237 1496 ‚

283 1501 403 1538 inimico,
426 1502 474 1530 tihi
488 1513 529 1531 am
552 1502 605 1530 lius
618 1499 771 1541 pepercisti,
791 1508 872 1541 quam
886 1497 905 1525 il
920 1498 938 1526 i.
954 1497 989 1527 Et
1002 1495 1025 1541 si

283 1541 444 1580 benefeceris
456 1542 491 1577 ei,
510 1542 529 1570 ti
551 1541 560 1570 i
573 1540 690 1580 amplius
703 1538 861 1579 praestitisti,
877 1547 956 1575 quam
969 1536 1022 1565 ilh.

283 1582 384 1610 Iterum
397 1591 573 1610 commemoro
585 1579 659 1619 quod
670 1578 792 1618 superius
805 1577 874 1606 dixi.
891 1576 1025 1613 Quoniam

284 1620 467 1659 ignorantibus
479 1620 635 1660 mysterium
651 1625 750 1648 naturae
763 1618 886 1646 humanae
900 1615 1026 1656 impossi-

282 1660 338 1689 bile
359 1660 467 1690 videtur
487 1659 599 1699 diligere
612 1658 761 1688 inimicum.
780 1657 815 1686 Et
828 1667 890 1685 vere
902 1656 1027 1694 impossi-

282 1699 338 1729 bile
349 1707 398 1737 est,
410 1707 539 1739 quantum
554 1698 590 1728 acl
601 1698 688 1728 carnis
701 1703 833 1732 naturam,
848 1696 911 1734 quia
925 1696 1027 1735 passio-

283 1739 364 1773 nibus
396 1739 515 1779 subjacet
531 1751 539 1768 ε
562 1745 691 1777 quantum
721 1743 810 1765 autem
833 1736 868 1764 ad
893 1736 1008 1764 animam
1018 1758 1027 1771 ‚

282 1779 411 1817 possibile
424 1785 473 1815 est,
494 1778 557 1817 quia
569 1777 672 1818 proprii
683 1775 780 1816 judicii
794 1781 832 1804 est
846 1774 905 1804 ideo
922 1787 928 1803 :
946 1781 971 1803 ct
986 1785 1027 1803 re-

285 1828 345 1857 gere
355 1825 380 1847 et
388 1819 500 1848 retinere
510 1824 596 1857 potest
607 1827 714 1845 carnem
722 1826 736 1843 a
747 1815 928 1854 passionibus.
941 1815 1026 1844 Num-

285 1868 366 1896 quam
388 1858 459 1887 enim
479 1858 566 1886 anima
580 1856 732 1896 passibilem
752 1861 854 1893 regeret
867 1864 982 1890 carnem,
1003 1854 1026 1883 si

285 1897 293 1925 i
315 1908 343 1926 sa
358 1897 528 1937 passionibus
541 1902 609 1925 esset
621 1895 750 1935 subjecta.
767 1896 834 1924 Puto
845 1901 944 1930 autem,
959 1895 1028 1923 sicut

286 1908 357 1965 illud
368 1936 442 1975 quod
454 1936 556 1965 dictum
570 1942 625 1964 est:
640 1935 698 1974 Ego
710 1942 799 1963 autem
811 1933 881 1971 dico,
889 1934 950 1963 Non
961 1943 1027 1963 con-

286 1976 406 2015 cupisces
422 1988 428 2004 :
445 1986 499 2005 non
519 1976 640 2013 loquitur
654 1976 726 2003 Deus
739 1974 773 2003 ad
788 1974 874 2003 carnis
892 1980 1026 2010 naturam,

285 2026 345 2053 quae
354 2025 406 2044 non
418 2022 503 2056 potest
512 2015 570 2044 fieri
582 2021 611 2043 ut
623 2024 674 2043 non
686 2014 854 2054 concupiscat
865 2012 938 2052 quod
949 2024 1029 2042 suum

285 2059 324 2083 es‘t
335 2067 342 2083 :
357 2055 404 2084 sed
417 2054 452 2083 ad
463 2054 590 2090 animam,
601 2064 660 2094 quae
670 2064 722 2082 non
732 2054 918 2093 concupiscere
931 2059 1026 2093 potest.
1046 2053 1065 2076 Ι)

285 2094 355 2123 Nam
368 2094 475 2133 quando
497 2094 558 2134 quis
578 2094 764 2133 corporalibus
782 2092 892 2131 quidem
911 2093 1029 2122 motibus

286 2133 429 2170 excitatur,
451 2133 575 2163 voluntas
597 2140 685 2162 autem
705 2133 780 2162 illius
799 2142 852 2162 non
872 2132 1029 2168 inclinatur,

287 2179 317 2202 ut
330 2172 409 2202 faciat
426 2184 495 2212 opus
516 2173 590 2212 quod
609 2174 694 2202 facere
711 2173 864 2212 instigatur,
880 2171 926 2201 sed
939 2171 1030 2201 stabili

287 2212 436 2252 proposito,
453 2213 614 2242 continentia
628 2219 653 2241 ct
666 2212 817 2252 operatione
830 2211 976 2251 †justitiae‚
992 2212 1030 2240 ir-

287 2252 458 2281 rationabiles
471 2259 560 2281 motus
573 2252 692 2292 corporis
711 2252 820 2291 frangit,
837 2258 863 2280 et
877 2251 899 2280 si
918 2261 1030 2292 corpore

287 2292 462 2332 concupiscit,
476 2292 581 2321 animus
592 2293 650 2331 ejus
658 2302 709 2321 non
721 2290 896 2331 concupiscit,
907 2291 929 2320 si
943 2298 1031 2320 autem

287 2332 448 2360 consenserit
466 2332 574 2371 explere
591 2331 664 2370 quod
677 2332 787 2372 cogitat,
805 2338 870 2360 tunc
883 2341 945 2361 vere
959 2330 1031 2360 dici-

287 2377 332 2400 tur
338 2372 426 2400 animo
435 2371 633 2410 concupiscere:
643 2372 681 2400 sic
688 2371 748 2400 etin
755 2371 872 2399 hocloco
883 2383 889 2399 ι
899 2380 960 2400 caro
967 2370 1031 2409 qui-

287 2410 348 2439 dem
361 2410 501 2440 inimicum
512 2421 591 2440 suum
602 2411 715 2450 diligere
729 2420 781 2439 non
795 2416 890 2455 potest,
903 2409 1032 2447 quemad-

287 2450 398 2479 modum
412 2461 460 2480 nec
472 2458 512 2480 est
525 2451 663 2490 possibile,
679 2458 709 2479 ut
723 2450 850 2489 injurtam
869 2459 922 2478 non
934 2450 1032 2479 sentiat

287 2489 339 2518 sibi
354 2490 471 2525 illatam3
485 2491 573 2520 anima
587 2497 675 2519 autem
692 2489 832 2519 inimicum
845 2487 960 2528 diligere
980 2500 1033 2529 po-

320 2596 330 2607 n
348 2589 379 2614 V.
392 2590 423 2614 D.
437 2595 462 2614 et
473 2588 543 2614 Editi
554 2590 580 2614 in
592 2598 671 2622 marg.
685 2589 823 2623 opprobriis
837 2588 950 2612 tradidit.

321 2629 332 2646 b
352 2628 430 2652 tidem
452 2628 477 2652 in
497 2637 574 2661 marg.
586 2628 796 2661 pulchritudinem
813 2628 971 2657 sanctitatis,
988 2635 1042 2659 quae

1076 310 1171 339 animae
1189 316 1278 339 autem
1289 311 1316 339 in
1330 310 1477 340 intellectu.
1494 313 1637 352 Propterea
1650 313 1739 344 anima
1759 326 1821 354 qm-

1076 349 1138 378 dem
1151 349 1299 379 secundum
1311 350 1441 379 rationem
1455 352 1580 387 vertitur,
1595 363 1656 382 caro
1676 360 1765 384 autem
1778 355 1820 383 in-

1076 388 1209 418 vertibilis
1232 389 1260 418 in
1286 390 1408 429 passione
1432 397 1560 420 tenetur:
1580 392 1708 430 quoniam
1731 394 1820 424 anima

1076 428 1161 457 libera
1177 435 1227 464 est,
1241 436 1268 459 et
1282 430 1333 458 sub
1347 429 1500 469 principatu
1515 431 1567 460 Dei
1582 438 1636 467 est;
1650 442 1712 461 caro
1732 440 1821 463 autem

1077 468 1182 508 captiva
1194 475 1244 506 est,
1260 475 1286 498 et
1299 469 1351 498 sub
1363 470 1518 536 principatu
1530 470 1635 500 diaboli
1646 478 1697 508 est,
1712 473 1782 502 sicut
1794 481 1821 503 et

1077 507 1195 537 mundus
1212 509 1259 547 qui
1279 508 1305 537 in
1321 519 1363 537 ma
1377 508 1438 548 igno
1455 510 1556 548 positus
1576 517 1626 547 est,
1647 512 1773 550 quoniam
1794 520 1821 543 et

1076 547 1135 586 ipsa
1159 558 1220 576 caro
1239 547 1273 577 de
1290 547 1391 577 mundo
1407 555 1457 578 est.
1482 549 1598 586 Quando
1617 560 1681 590 ergo
1693 562 1822 581 nocemur

1076 587 1111 615 ab
1124 587 1225 625 aliquo,
1244 587 1293 617 etsi
1311 587 1419 617 odimus
1438 599 1512 624 eum,
1526 599 1580 618 non
1593 596 1681 619 tamen
1695 592 1820 630 exsequi-

1077 637 1139 655 mur
1152 627 1244 656 odium
1257 634 1389 663 nostrum,
1405 628 1601 658 considerantes
1612 629 1662 658 Dei
1674 630 1818 670 justitiam,

1076 665 1124 695 sed
1137 667 1221 706 magis
1241 667 1436 706 confringentes
1449 675 1538 697 motus
1556 667 1659 698 doloris
1679 670 1774 707 nostri,
1795 678 1822 700 et

1075 705 1257 736 benedicimus
1278 707 1314 743 ei,
1337 713 1363 736 et
1383 707 1573 737 benefacimus.
1600 710 1737 748 Cognosce
1756 710 1822 748 quia

1076 755 1137 774 caro
1161 746 1270 785 quidem
1292 754 1381 776 nostra
1402 746 1461 776 odit
1481 746 1623 777 inimicum
1642 759 1734 785 suum,
1761 760 1821 788 quae

1076 786 1162 829 nocita
1183 785 1296 826 diligere
1317 797 1369 815 non
1390 794 1487 827 potest,
1509 787 1597 816 anima
1622 794 1711 817 autem
1730 788 1822 829 diligit

1076 825 1226 855 mimicum.
1255 826 1365 864 Alioqui
1390 827 1413 855 si
1441 827 1626 865 unusquisque
1651 835 1740 857 motus
1766 840 1821 858 suae

1042 867 1060 890 B
1076 865 1163 894 carnis
1173 865 1332 900 consideret,
1343 866 1449 895 nullum
1459 866 1559 895 bonum
1571 867 1656 896 facere
1666 867 1819 898 invenitur:

1076 905 1138 942 quia
1151 915 1229 934 omne
1241 905 1353 941 bonum,
1368 905 1524 935 adversante
1537 907 1624 936 carnis
1637 914 1742 944 natura,
1757 918 1821 937 con-

1076 944 1268 988 tradicentibus
1282 945 1427 985 nobisipsis
1440 946 1589 985 explemus.
1603 946 1707 976 Deinde
1729 948 1776 986 qui
1796 955 1822 978 te

1075 990 1240 1013 mnocentem
1251 984 1405 1052 infulatur,
1414 985 1438 1014 si
1451 985 1563 1025 incipias
1574 986 1740 1016 considerare
1750 997 1821 1026 quo-

1075 1023 1156 1052 modo
1171 1034 1187 1052 a
1198 1023 1279 1052 diabo
1291 1034 1307 1053 o
1315 1023 1469 1092 possidetur
1482 1032 1508 1054 et
1521 1025 1620 1065 agitur,
1631 1026 1767 1065 quomodo
1775 1038 1821 1058 vo-

1075 1063 1206 1092 luntatem
1212 1073 1287 1092 suam
1299 1074 1314 1092 a
1336 1064 1430 1103 implet
1438 1075 1485 1103 per
1497 1065 1674 1095 ministerium
1687 1067 1755 1106 ejus,
1768 1077 1821 1097 non

1075 1103 1163 1132 solum
1173 1113 1225 1132 non
1237 1103 1359 1132 irasceris
1366 1103 1402 1138 ei,
1411 1103 1459 1132 sed
1466 1104 1555 1134 adhuc
1564 1105 1818 1136 misereberis'e’us:

1075 1142 1210 1172 miseratio
1224 1149 1313 1171 autem
1325 1143 1439 1172 ‘excitat
1454 1144 1588 1173 affectum.
1606 1145 1659 1175 Vis
1673 1155 1737 1186 ergo
1775 1146 1822 1176 ili-

1076 1193 1137 1221 gere
1151 1182 1293 1211 inimicum
1306 1182 1406 1211 tuum?
1419 1183 1448 1213 si
1459 1183 1586 1224 injuriam
1597 1185 1707 1224 pateris,
1718 1185 1774 1215 noli
1783 1185 1821 1215 in-

1072 1222 1174 1262 juriam
1184 1228 1338 1262 praesentem
1347 1222 1476 1267 aspicere,
1491 1223 1538 1252 sed
1551 1223 1688 1253 considera
1698 1225 1822 1264 gloriam,

1075 1273 1155 1301 qnam
1170 1272 1219 1307 pro
1230 1260 1351 1291 mercede
1360 1272 1386 1290 1n
1397 1261 1503 1302 judicio
1513 1270 1726 1302 consequuturus
1740 1263 1820 1295 esssi

1075 1301 1258 1340 aequammiter
1265 1308 1423 1341 supportare
1430 1303 1556 1339 volueris,
1564 1303 1587 1332 si
1593 1303 1722 1333 damnum
1728 1315 1821 1343 passus

1075 1341 1169 1377 fueris,
1179 1341 1235 1370 noli
1243 1341 1294 1370 hoc
1302 1341 1431 1370 damnum
1441 1343 1570 1382 aspicere,
1583 1342 1629 1372 sod
1642 1343 1712 1373 illud
1739 1344 1822 1374 atien-

1077 1380 1119 1409 tiae
1134 1380 1251 1410 lucrum.
1271 1380 1329 1409 Illis
1341 1380 1412 1409 enim
1423 1388 1509 1410 totum
1519 1381 1627 1411 videtur
1635 1382 1718 1412 diffini
1732 1394 1757 1419 e,
1772 1384 1820 1423 qui

1077 1420 1280 1449 retributionem
1291 1429 1344 1448 non
1356 1427 1463 1459 sperant
1473 1421 1559 1450 futuri
1566 1421 1676 1460 judicii.
1687 1423 1728 1451 Et
1737 1425 1822 1453 bene·

1251 1461 1308 1527 gui
1330 1460 1453 1488 oderunt
1475 1470 1539 1489 vos.
1559 1461 1651 1490 Sciens
1668 1461 1819 1498 Dominus,

1077 1510 1141 1538 qma
1153 1499 1240 1528 carnis
1273 1498 1361 1528 ilectio
1372 1509 1406 1528 ex
1416 1499 1553 1529 beneficiis
1567 1501 1721 1530 carnalibus
1736 1503 1822 1532 nasci—

1077 1546 1133 1574 tur,
1147 1539 1194 1567 ubi
1205 1548 1258 1567 non
1269 1538 1321 1567 fuit
1335 1538 1421 1577 prius,
1436 1546 1462 1568 et
1473 1539 1592 1568 nutritur
1602 1540 1694 1577 etiam,
1709 1541 1757 1570 ubi
1769 1542 1821 1572 fuit

1077 1579 1154 1619 prius
1168 1590 1174 1606 :
1187 1578 1246 1607 ideo
1257 1577 1336 1617 jubet
1353 1588 1401 1606 nos
1415 1578 1567 1608 benefacere
1585 1579 1712 1616 inimicis,
1727 1588 1758 1610 ut
1771 1592 1821 1611 eo-

1078 1628 1139 1647 rum
1150 1618 1212 1647 odia
1226 1617 1322 1646 nostris
1333 1617 1469 1647 beneficiis
1481 1626 1694 1658 compescantur.
1707 1618 1821 1651 sienim

1079 1657 1168 1687 dando
1187 1665 1212 1687 et
1232 1656 1387 1697 accipiendo
1404 1657 1521 1687 amicitia
1541 1658 1677 1696 nascitur,⁴
1691 1670 1750 1698 quae
1767 1671 1820 1690 non

1079 1705 1135 1727 erat
1157 1698 1233 1737 prius
1257 1709 1263 1725 :
1287 1703 1477 1735 consequenter
1501 1704 1528 1726 et
1553 1697 1661 1735 odium,
1687 1706 1713 1728 et
1733 1701 1821 1729 omnis

1079 1737 1220 1766 inimicitia
1242 1736 1443 1766 beneficiorum<
1455 1736 1610 1767 assiduitate
1631 1740 1819 1778 compescitur.

1081 1777 1153 1816 Ergo
1169 1776 1314 1805 benefacite
1333 1775 1497 1811 odientibus,
1512 1783 1542 1805 ut
1553 1787 1588 1806 ex
1601 1784 1688 1807 vestra
1702 1779 1820 1808 benevo-

1080 1817 1162 1846 lentia
1175 1816 1228 1856 ipsi
1246 1826 1274 1845 se
1287 1815 1420 1855 judicent,
1443 1816 1507 1855 quia
1525 1816 1624 1856 injuste
1642 1828 1691 1847 vos
1712 1818 1819 1848 odiunt.

1083 1857 1171 1885 Orate
1179 1866 1232 1895 pro
1244 1856 1493 1885 calumniantibus
1502 1866 1568 1885 vos.
1582 1858 1695 1886 Orantes
1709 1868 1758 1898 pro
1773 1858 1821 1887 ini-

1080 1896 1168 1931 micis,
1184 1906 1237 1925 non
1248 1902 1352 1924 tantum
1364 1894 1437 1932 illos,
1450 1902 1581 1934 quantum
1592 1906 1640 1925 nos
1653 1897 1821 1927 commenda-

1081 1946 1141 1965 mus
1151 1937 1208 1965 Deo
1224 1947 1231 1964 ε
1247 1942 1272 1964 et
1286 1934 1371 1974 magis
1381 1935 1542 1965 exaudimur
1556 1946 1605 1976 pro
1616 1936 1731 1966 inimicis
1745 1947 1822 1967 orau-

1079 1982 1129 2011 tes,
1143 1986 1224 2014 quam
1238 1985 1287 2015 pro
1304 1974 1394 2004 nobis.
1409 1975 1466 2012 Qui
1484 1975 1555 2004 enim
1573 1986 1622 2016 pro
1639 1986 1667 2006 se
1685 1983 1753 2012 orat,
1769 1987 1822 2006 non

1081 2015 1172 2053 gratiae
1186 2025 1254 2054 opus
1265 2014 1481 2052 exsequitur,sed
1490 2016 1674 2052 natu1·ae.Quis
1687 2015 1759 2045 enim
1771 2027 1821 2056 pro

1080 2064 1108 2083 se
1129 2064 1181 2083 non
1203 2053 1279 2083 orat?
1294 2053 1350 2090 Qui
1373 2061 1462 2083 autem
1484 2065 1533 2094 pro
1553 2055 1661 2084 inimico
1681 2065 1730 2084 suo
1751 2062 1821 2092 orat,

1081 2093 1162 2133 digne
1185 2092 1330 2122 exauditur
1340 2114 1347 2128 ‚
1359 2093 1421 2131 quia
1445 2094 1536 2133 gratiae
1560 2104 1629 2133 opus
1653 2094 1821 2133 exsequitur.

1081 2134 1132 2163 ⁴5.
1147 2134 1185 2162 Ul
1195 2135 1257 2162 sitis
1262 2133 1326 2172 filii
1341 2133 1440 2161 Patris
1454 2134 1555 2162 vestri.
1570 2134 1602 2162 In
1616 2143 1671 2171 quo
1684 2134 1756 2163 enim
1769 2134 1824 2164 alio

1082 2180 1253 2211 cognoscetur
1273 2171 1338 2210 quia
1357 2171 1408 2200 filii
1425 2182 1518 2201 sumus
1540 2173 1602 2208 Dei,
1622 2173 1673 2202 nisi
1693 2173 1823 2203 fuerimus

1082 2212 1183 2241 similes
1198 2213 1253 2241 Deo
1262 2211 1276 2240 Ξ)
1292 2210 1355 2240 Filii
1368 2211 1439 2240 enim
1453 2213 1572 2242 carnales
1585 2213 1737 2251 frequenter
1746 2213 1822 2242 simi-

1082 2251 1172 2281 lantur
1185 2251 1338 2281 carnalibus
1351 2251 1482 2291 patribus,
1497 2251 1525 2280 in
1535 2252 1612 2288 facie,
1631 2259 1676 2281 aut
1690 2252 1718 2281 in
1731 2252 1823 2291 loque-

1083 2291 1119 2327 la,
1132 2298 1179 2320 aut
1192 2291 1220 2320 in
1234 2291 1301 2326 risu,
1315 2297 1362 2319 aut
1378 2291 1405 2319 in
1418 2291 1509 2329 aliquo
1524 2291 1645 2332 corporis
1659 2291 1735 2336 signo
1751 2303 1758 2321 =
1771 2292 1823 2320 filii

1083 2338 1172 2360 antem
1185 2330 1337 2370 spirituales
1351 2330 1378 2359 in
1393 2331 1539 2360 sanctitate.
1550 2332 1586 2361 Et
1598 2331 1640 2360 illi
1650 2330 1760 2370 quidem
1774 2331 1824 2360 etsi

1084 2370 1185 2399 similes
1205 2370 1323 2404 fuerint,
1346 2370 1454 2399 laudem
1470 2371 1574 2400 nullam
1590 2377 1737 2406 merentur,
1758 2377 1784 2400 et
1801 2370 1825 2399 si

1083 2409 1238 2445 dissimiles,
1253 2409 1356 2438 nullam
1377 2410 1602 2449 vituperationem
1615 2422 1622 2438 ε
1637 2409 1699 2448 quia
1718 2420 1771 2439 non
1785 2416 1825 2439 est

1084 2450 1112 2479 iu
1126 2456 1252 2489 potestate
1263 2449 1381 2478 hominis
1390 2449 1495 2487 qualem
1505 2449 1618 2488 accipiat
1626 2449 1747 2488 corporis
1758 2460 1824 2488 qua-

1084 2489 1197 2518 litatem.
1210 2489 1275 2518 Filii
1289 2495 1378 2518 autem
1388 2488 1448 2525 Dei,
1461 2488 1594 2527 siquidem
1602 2488 1704 2518 similes
1713 2488 1822 2525 fuerint,

1064 2586 1142 2613 lectio
1154 2586 1270 2620 quadrat.

1102 2635 1112 2647 ’ἑ
1133 2625 1213 2652 Iidem
1226 2627 1252 2651 in
1264 2633 1342 2658 marg.
1356 2629 1423 2649 creat
1433 2623 1562 2657 affectum.

1830 1369 1889 1386 LIX!

1867 2769 1878 2822 ,ἢκ
