1890 2826
83 2128 175 2156 3.Itvg.
187 2133 224 2157 17.

236 166 302 213 176

229 238 314 274 nulla,
328 248 388 278 quae
411 247 558 277 numquam
578 238 638 268 fieri
658 244 770 278 possunt
787 237 859 267 mala
881 249 889 266 ε
914 246 974 276 quae

228 295 294 314 vero
307 291 373 321 sunt
383 284 426 321 his
437 284 581 322 contraria,
589 283 769 324 semper-mala
781 290 854 320 sunt,
862 293 911 313 nee
918 293 976 312 um-

229 342 310 370 quam
322 331 385 367 fieri
398 331 472 362 bona
479 338 591 372 possunt
605 342 612 359 ε
628 329 782 370 cujusmodi
798 336 863 360 sunt
873 330 972 370 impie-

229 384 280 414 tas,
289 372 469 418 blasphemia,
481 377 604 414 lascivia,
619 376 775 414 erudelitas,
782 375 975 412 inhumanitas,

229 423 376 464 ingluvies,
388 431 415 454 et
430 424 482 454 alia
496 423 641 464 ejusmodi.
656 424 718 454 Non
729 422 792 453 dico
805 422 910 452 malum
923 422 971 451 ho-

229 470 330 505 minem
340 480 486 509 numquam
498 470 558 500 fieri
564 479 644 511 posse
650 470 765 507 bonum,
775 479 862 508 neque
872 469 975 498 bonum

229 515 287 545 fieri
306 516 408 546 malum
422 515 496 545 haud
514 525 644 554 umquam
656 524 734 555 posse
749 525 756 543 ι
776 513 825 544 sed.
842 524 884 543 res
903 513 976 553 ipsas

228 562 287 592 fieri
299 562 366 591 tales
379 572 432 592 non
445 572 534 602 posse.
549 561 696 598 Enimvero
709 558 751 590 12ae
762 560 791 590 in
803 570 852 589 suo
864 569 976 589 manen-

229 614 269 638 tes
289 608 395 646 ordine,
416 609 476 638 aliae
499 608 576 638 bonae
594 614 668 645 sunt,
691 607 752 637 alias
770 606 847 636 malae
873 617 880 635 :
896 605 977 635 homo

229 664 306 693 vero,
319 654 427 694 quando
438 652 485 683 illa
496 654 608 693 quidem
621 653 744 692 elegerit,
758 653 856 690 bouus,
869 651 978 691 quando

231 848 310 879 syna,
329 845 356 868 et
369 838 470 868 similia
487 851 494 868 =
513 838 583 868 mala
594 848 658 868 vero
671 847 821 876 munquam
841 836 900 866 fieri
914 846 977 877 pos-

230 891 293 914 sunt
302 885 384 921 bona,
397 891 428 914 ut
439 883 562 920 lascivia,
578 883 760 913 inhumanitas
771 889 798 912 et
809 881 956 912 crudelitas
969 894 975 910 ι

230 930 354 969 quaedam
376 937 467 960 autem
486 929 632 969 aliquando
652 929 716 966 hoc,
742 928 890 968 aliquando
907 927 976 958 illud

231 977 300 1006 fiunt
310 987 360 1016 pro
373 976 475 1006 ratione
486 975 570 1005 animi
583 981 610 1004 et
628 975 738 1004 affectus
749 985 854 1009 eorum,
877 974 927 1014 qui
939 974 979 1004 eis

231 1030 359 1053 utuntur.
368 1022 477 1053 Divitiae
489 1031 692 1060 nonnumquam
707 1020 741 1050 ad
754 1021 841 1050 aliena
853 1021 923 1050 bona
937 1021 979 1050 in-

230 1068 353 1099 vadenda
371 1069 532 1105 inserviunt,
554 1077 756 1106 nonnumquam
772 1066 809 1096 ad
829 1067 979 1107 eleemosy-

558 179 587 201 S.
615 176 756 200 JOANMS
783 175 966 199 CHRYSOST-
996 175 1150 200 anctum).
1179 178 1452 202 CONSTANTINOP-

1027 248 1102 276 γεια,
1115 237 1238 277 ὠμότης,
1258 239 1449 280 ἀπανθρωπία,
1461 241 1673 281 γαστριμαργία,
1689 242 1733 270 καὶ
1746 241 1796 270 ὅσα

1027 286 1146 313 τοιαῦτα.
1159 285 1200 314 Οὐ
1214 284 1285 324 λέγω
1307 285 1347 315 ὅτι
1367 285 1502 325 ἄνθρωπος
1522 286 1603 320 κακὸς
1623 288 1671 317 οὐκ
1686 286 1718 316 ἄν
1731 298 1796 316 ποτε

1028 329 1129 368 γένοιτο
1154 330 1249 368 καλὸς,
1273 331 1333 361 οὔτε
1362 332 1442 366 καλὸς
1468 333 1516 362 οὐκ
1540 332 1572 362 ἄν
1605 340 1670 363 ποτε
1695 332 1796 372 γένοιτο

1027 374 1123 409 κακός·
1145 377 1204 406 ἀλλ’
1226 377 1268 406 ὅτι
1290 377 1358 407 αὐτὰ
1381 377 1415 407 τὰ
1438 378 1585 418 πράγματα
1607 380 1655 409 οὒκ
1678 379 1710 408 ἄν
1731 390 1796 408 ποτε

1025 420 1134 460 γένοιτο.
1158 423 1252 452 Ταῦτα
1273 423 1321 462 μὲν
1343 423 1394 463 γὰρ
1407 424 1469 460 ἐἴη
1490 423 1535 454 ἐπὶ
1556 426 1604 460 τῆς
1626 424 1724 457 οἰκείας
1745 425 1795 453 τά-

1027 466 1105 505 ξεως,
1119 467 1153 498 τά
1174 480 1204 498 τι
1227 469 1312 505 καλὰ,
1335 471 1380 500 καὶ
1400 470 1434 500 τὰ
1455 471 1542 500 κακά·
1561 472 1576 500 ὁ
1594 470 1622 500 δὲ
1645 471 1809 510 ἄνθρωπος,·

1026 515 1088 543 ὅταν
1102 514 1151 554 μὲν
1164 517 1252 546 ἐκεῖνα
1265 515 1373 554 ἕληται,
1384 517 1480 554 καλὸς,
1493 517 1556 547 ὅταν
1570 518 1598 547 δὲ
1611 517 1730 552 ἐναντία,
1745 529 1790 547 κα·

1026 560 1079 594 κός.
1093 562 1198 591 Οὐκοῦν
1211 566 1281 602 τρεῖς
1291 559 1369 592 αὗται
1383 568 1487 604 μοῖραι·
1497 563 1532 593 τὰ
1544 563 1591 603 μὲν
1605 563 1657 604 γὰρ
1671 563 1741 593 καλὰ
1750 565 1809 594 ot'm.v

1028 607 1059 636 ἂν
1073 607 1175 646 γένοιτο
1193 608 1279 645 κακὰ,
1294 605 1347 639 οἷον
1367 609 1539 650 σωφροσύνη,
1554 610 1719 649 ἐλεημοσύνη
1729 633 1737 647 ,
1753 610 1798 639 καὶ

1027 653 1076 684 ὅσα
1090 656 1200 684 τοιαῦτα
1209 666 1215 672 ·
1233 655 1267 684 τὰ
1281 655 1309 685 δὲ
1323 655 1394 685 κακὰ
1407 657 1456 685 οὐκ
1474 655 1505 685 ἄν
1519 667 1584 685 ποτε
1597 655 1698 696 γένοιτο
1713 656 1798 693 καλὰ,

141 706 172 726 ria
211 709 294 748 -vero
306 699 450 737 contraria,
466 699 553 728 malus
565 698 627 728 erit.
639 698 728 737 Igitur
742 704 794 727 tres
807 703 870 726 sunt
877 696 921 726 isti
935 706 977 726 re·
994 707 1012 730 B
1028 696 1081 730 οἷον
1093 698 1227 740 ἀσέλγεια,
1240 700 1430 741 ἀπανθρωπία,
1443 701 1563 740 ὠμότης·
1582 701 1616 731 τὰ
1630 701 1658 731 δὲ
1672 702 1736 732 ποτὲ
1750 702 1799 742 μὲν

215 753 221 758 ·
232 756 295 775 rum
306 745 416 776 ordines
433 758 442 776 z
457 746 528 775 hona
547 744 658 784 quidem
679 753 827 782 numquam
840 742 899 772 fieri
912 752 977 782 pos-

149 806 169 819 ιο
188 806 194 819 ι
215 799 294 822 .sunt
306 793 388 830 mala,
401 791 554 833 eujusmodi
576 798 639 821 sunt
659 790 843 831 temperantia,
861 789 978 819 eleemo-

1028 751 1114 783 τοῦτο,
1128 747 1193 778 ποτὲ
1207 748 1235 778 δὲ
1256 749 1341 777 ἐκεῖνο
1357 746 1517 788 Ι’γινόμιενα,
1532 749 1606 789 παρὰ
1620 749 1669 785 τὴν
1690 749 1800 788 γνώμην

1028 795 1081 823 τῶν
1099 793 1256 834 χρωμένων.
1271 793 1306 823 Ὁ
1320 795 1432 828 πλοῦτος
1445 794 1510 824 ποτὲ
1534 794 1581 834 μὲν
1603 794 1654 834 γὰρ
1667 796 1705 828 εἷς
1718 796 1800 824 πλεο-

1028 839 1113 874 νεξίαν
1129 841 1318 880 ὓπηρετεῖται,
1336 839 1401 869 ποτὲ
1416 840 1443 870 δὲ
1463 842 1501 874 εἰς
1520 841 1715 880 ἐλεημοσύνην·
1731 842 1800 871 ἀλλὰ

1028 885 1102 925 παρὰ
1113 885 1162 922 τὴν
1178 885 1288 925 γνώμην
1301 889 1347 916 τοῦ
1361 886 1508 927 χρωμένου.
1522 887 1608 918 Πενία
1620 887 1684 917 ποτὲ
1702 888 1750 927 μὲν
1763 890 1800 922 εἰς

1029 931 1200 971 βλασφημίαν
1208 953 1217 968 ,
1238 931 1303 962 ποτὲ
1324 932 1352 961 δὲ
1376 934 1413 966 εἰς
1428 932 1558 972 εὐφημίαν
1580 933 1626 963 καὶ
1645 934 1800 974 φιλοσοφίαν

1029 979 1211 1017 ὖπηρετεῖται.
1232 978 1311 1008 Ἐπεὶ
1323 973 1368 1007 οἷν
1381 978 1475 1008 πολλοὶ
1487 980 1541 1008 τῶν
1555 979 1724 1020 ἄλογωτέρων
1738 980 1800 1017 (ἐπὶ

1028 1023 1080 1063 γὰρ
1092 1023 1142 1059 τὴν
1154 1023 1228 1054 λύσιν
1240 1024 1308 1054 ἰτέον
1322 1024 1431 1064 λοιπὸν)
1443 1025 1474 1054 οὗ
1487 1025 1523 1054 τὰ
1533 1025 1604 1055 κακὰ
1617 1025 1710 1064 μόνον,
1725 1026 1743 1056 ἃ
1752 1028 1800 1057 οὔκ

1029 1068 1060 1097 ἄν
1075 1080 1140 1098 ποτε
1154 1069 1257 1108 γένοιτο
1267 1069 1348 1105 καλὰ,
1360 1070 1429 1100 ἀλλὰ
1441 1070 1550 1101 καὶτῶν
1562 1071 1650 1110 μέσων
1661 1071 1718 1101 ἔνια
1730 1073 1801 1102 κακὰ

230 1125 293 1145 nam
304 1114 509 1155 impertiendam
523 1127 530 1144 ε
545 1124 642 1145 verum
660 1113 690 1143 id
702 1113 734 1143 fit
746 1124 781 1143 ex
793 1113 883 1143 animo
897 1120 923 1143 et
936 1113 978 1142 af·
995 1120 1015 1144 C
1030 1115 1166 1151 καλοῦσιν,
1179 1111 1233 1144 οἷον
1246 1115 1338 1145 πενίαν
1348 1137 1356 1151 ,
1370 1116 1572 1156 αἰχμαλωσίαν,
1587 1117 1719 1154 δουλείαν,
1733 1119 1801 1159 ἅπερ

230 1160 302 1189 fectu
314 1160 383 1200 ejus,
397 1159 445 1198 qui
455 1159 493 1188 eis
506 1158 603 1188 utitur.
618 1159 764 1198 Paupertas
776 1167 978 1196 nonnumquam

231 1205 267 1234 ad
279 1205 487 1246 blasphemiam,
501 1214 705 1242 nonnumquam
717 1203 753 1232 ad
765 1202 979 1232 benedictionem

232 1260 263 1279 ae
273 1249 473 1290 philosophiam
486 1248 609 1278 inservit.
626 1247 699 1285 Quia
713 1247 795 1287 igitur
814 1246 981 1287 insipientio-

231 1306 275 1325 res
293 1305 346 1325 non
368 1296 448 1336 pauci
462 1296 532 1336 (jam
550 1294 622 1324 enim
635 1293 671 1323 ad
690 1293 851 1323 solutionem
870 1292 982 1323 venien-

231 1337 300 1370 dum
308 1344 368 1379 est)
383 1351 436 1370 non
457 1340 547 1371 solum
560 1339 642 1376 mala,
658 1350 717 1379 quae
741 1349 889 1378 numquam
910 1338 980 1368 bona

233 1386 294 1416 fieri
316 1382 442 1427 possunt,
456 1386 504 1416 sed
525 1386 605 1416 etiam
619 1396 654 1415 ex
667 1385 702 1415 iis
723 1395 784 1423 quae
798 1383 886 1414 media
905 1391 980 1420 sunt,

234 1434 365 1463 nonnulla
381 1441 477 1465 vocant
491 1427 572 1470 mala,
589 1440 619 1462 ut
630 1437 823 1473 paupertatem,
838 1431 982 1471 captivita-

233 1486 298 1517 tem,
311 1480 478 1517 servitutem,
489 1490 549 1519 quae
562 1490 614 1509 non
624 1478 692 1508 inter
701 1478 783 1512 mala,
796 1477 843 1507 sed
851 1478 920 1507 inter
931 1488 984 1507 me-

233 1523 277 1554 dia
291 1536 348 1556 esse
360 1525 524 1556 numeranda
535 1525 781 1555 demonstravimus
793 1536 800 1553 ε
815 1523 894 1553 multi
903 1534 980 1560 vero,

1030 1160 1164 1200 ἐδείξαμεν
1174 1163 1204 1191 οὐ
1218 1163 1272 1190 τῶν
1285 1163 1384 1197 κακῶν,
1399 1162 1467 1191 ἀλλὰ
1481 1163 1534 1191 τῶν
1549 1162 1637 1202 μέσων
1647 1164 1724 1194 ὄντα·
1736 1167 1801 1195 πολ-

1029 1207 1071 1236 λοὶ
1085 1206 1123 1244 δὲ,
1137 1206 1202 1247 ὅπερ
1215 1207 1294 1247 ἔφθην
1311 1208 1407 1245 εἰπὼν,
1420 1210 1504 1237 ταῦτα
1518 1209 1589 1238 κακὰ
1601 1211 1738 1247 καλοῦσιν,
1754 1213 1802 1241 οὐκ

1029 1253 1092 1283 ὄντα
1105 1253 1176 1283 κακά
1185 1266 1192 1272 ·
1204 1257 1215 1270 ⁰
1227 1254 1288 1294 περὶ
1297 1249 1333 1283 ὧν
1347 1256 1361 1283 ὁ
1374 1254 1513 1294 προφήτης
1523 1255 1597 1295 φησὶ,
1609 1258 1662 1285 τῶν
1675 1257 1744 1287 κατὰ
1753 1258 1803 1294 τὴν

1029 1300 1082 1328 τῶν
1096 1299 1202 1329 πολλῶν
1217 1299 1340 1328 ὑπόνοιαν
1354 1299 1533 1338 καλουμένων,
1548 1302 1578 1330 οὗ
1590 1303 1644 1331 τῶν
1656 1302 1737 1336 ὅντως
1750 1315 1802 1333 κα-

1030 1347 1084 1374 κῶν
1094 1357 1101 1363 ·
1121 1345 1182 1384 περὶ
1197 1345 1394 1384 αἰχμαλωσίας,
1407 1345 1469 1385 περὶ
1487 1346 1618 1384 δουλείας,
1631 1348 1693 1388 περὶ
1706 1350 1802 1388 λιμοῦ,

1031 1390 1076 1419 καὶ
1089 1389 1139 1419 ὅσα
1152 1393 1271 1420 τοιαῦτα.
1286 1390 1350 1420 Ὅτι
1361 1390 1412 1431 γὰρ
1424 1394 1510 1422 ταῦτα
1522 1394 1552 1422 οὔ
1568 1393 1639 1423 κακὰ
1648 1416 1656 1430 ,
1676 1394 1745 1424 ἀλλὰ
1757 1396 1803 1425 καὶ

1031 1438 1120 1465 κακῶν
1134 1435 1295 1476 ἀναιρετικὰ,
1309 1435 1354 1466 τὸν
1368 1437 1446 1476 λιμὸν
1456 1437 1582 1478 πρότερον
1594 1441 1631 1473 εἰς
1644 1440 1724 1479 μέσον
1734 1442 1803 1480 οἰγοίᾖ

1031 1493 1130 1521 γωμεν,
1144 1482 1188 1511 τὸν
1203 1487 1270 1511 πᾶσι
1281 1482 1388 1522 φρικτὸν
1403 1483 1448 1513 καὶ
1461 1484 1571 1524 φοὸερὸν
1585 1480 1652 1514 εἶναι
1664 1487 1801 1517 δοκοῦντα.

1031 1529 1095 1561 Πῶς
1108 1523 1152 1557 οὖν
1166 1529 1196 1557 οὗ
1207 1527 1300 1565 κακὸν,
1315 1528 1442 1566 μάνθανε,
1452 1529 1498 1559 καὶ
1509 1530 1633 1560 παιδεύου
1643 1533 1803 1573 φιλοσοφεῖν.

234 1578 263 1601 ut
276 1579 336 1602 ante
355 1571 426 1608 dixi,
441 1572 499 1602 haee
520 1571 658 1612 appellant
682 1570 754 1600 mala
772 1580 832 1609 quae
845 1569 915 1599 mala
928 1580 981 1599 non
996 1578 1016 1602 D
1032 1573 1128 1603 Ἤνίκα
1142 1576 1195 1603 τῶν
1213 1573 1346 1614 Ἐὅραίων
1366 1577 1380 1604 ὁ
1402 1575 1484 1614 δῆμος
1507 1577 1544 1609 εἷς
1556 1576 1668 1617 ἔσχατον
1681 1578 1804 1612 ἐξώκειλε

233 1626 295 1648 sunt
308 1629 316 1646 x
331 1617 366 1647 de
387 1617 446 1647 istis
465 1618 585 1657 loquitur
598 1616 741 1657 propheta,
756 1626 816 1655 quae
832 1615 982 1645 secundum

233 1665 310 1704 vulgi
324 1664 548 1694 existimationem
570 1663 640 1693 mala
665 1669 805 1696 vocantur,
825 1672 877 1691 nou
889 1672 982 1692 revera

233 1717 295 1740 sunt
308 1710 380 1740 mala
393 1722 399 1738 :
412 1709 447 1739 de
460 1709 627 1750 captivitate,
639 1708 674 1738 de
683 1707 821 1743 servitute,
830 1707 864 1737 de
877 1708 948 1737 fame
957 1715 988 1747 etl

232 1756 294 1785 aliis
305 1755 453 1796 ejusmodi.
462 1754 544 1792 Quod
553 1754 626 1797 enim
633 1754 691 1783 haec
699 1763 751 1783 non
758 1751 838 1782 modo
849 1753 920 1783 mala
929 1763 982 1783 non

232 1802 284 1832 sint
289 1824 296 1838 ,
303 1802 352 1831 sed
357 1801 438 1832 etiam
443 1801 478 1831 ad
484 1801 556 1831 mala
563 1799 723 1841 depellenda
728 1800 783 1829 sint
789 1800 848 1829 usui
853 1800 983 1840 ,primum

233 1848 260 1878 in
276 1847 396 1878 medium
410 1848 513 1888 prolata
525 1847 594 1877 fame
609 1846 763 1884 doceamus,
771 1856 832 1884 quae
842 1846 979 1876 tremenda

234 1892 362 1924 omnibus
379 1904 411 1923 ac
425 1892 555 1923 terribilis
577 1892 685 1923 videtur
702 1903 768 1921 esse.
788 1885 869 1921 D‘isce
889 1892 984 1931 igitur,

234 1950 288 1978 quo
303 1944 380 1980 paeto
392 1939 465 1968 mala
474 1949 527 1969 non
537 1939 582 1974 sit,
594 1945 620 1967 et
633 1937 669 1967 ad
683 1937 931 1978 philosophandum
942 1937 983 1967 in-

1031 1619 1206 1660 παρανομίας,
1215 1619 1275 1648 τότε
1286 1619 1317 1656 δὴ
1332 1622 1346 1649 ὁ
1359 1619 1442 1660 μέγας
1453 1621 1557 1658 Ἠλίας,
1569 1623 1614 1652 καὶ
1625 1624 1678 1652 τῶν
1688 1626 1804 1664 οὐρανῶν

1032 1666 1102 1700 ἄξιος
1111 1687 1119 1701 ,
1132 1667 1146 1695 ὃ
1161 1665 1318 1706 βουλόμενος
1333 1665 1383 1703 τὴν
1402 1667 1433 1696 ἐκ
1445 1668 1493 1703 τῆς
1514 1668 1642 1707 ῥᾳθυμίας
1655 1669 1730 1699 νόσον
1743 1664 1806 1700 ἀνε-

1032 1713 1098 1748 λεῖν,
1113 1711 1159 1742 καὶ
1173 1712 1313 1751 διορθῶσαι
1323 1712 1433 1750 ταύτην,
1448 1713 1566 1754 ἐπήγαγε
1578 1714 1661 1755 λέγων
1671 1728 1678 1735 ·
1692 1717 1733 1756 Ζῇ
1748 1718 1803 1747 Κύ-

1034 1769 1096 1798 ριος,
1109 1753 1131 1798 ᾧ
1143 1757 1280 1796 παρέστην
1303 1758 1414 1788 ἐνώπιον
1435 1760 1531 1796 αὖτοῦ,
1552 1762 1575 1789 εἰ
1589 1760 1663 1791 ἔσται
1681 1762 1768 1799 ὑετὸς,
1781 1765 1805 1792 εἷ

1034 1803 1071 1843 μὴ
1091 1803 1134 1833 διὰ
1151 1803 1283 1842 στόματός
1297 1816 1347 1843 μου
1357 1816 1364 1822 ·
1378 1804 1424 1834 καὶ
1437 1807 1451 1834 ὁ
1467 1806 1593 1844 μηλοντὴν
1608 1807 1690 1846 μόνην
1710 1820 1806 1844 κεκτη-

1033 1847 1126 1889 μένος,
1142 1850 1187 1879 τὸν
1210 1850 1319 1890 οὐρανὸν
1344 1850 1511 1881 ἀπέκλεισεν
1529 1852 1644 1890 τοσαύτη
1669 1855 1806 1895 παρῤησία

1034 1897 1106 1936 αὐτῷ
1119 1895 1184 1936 πρὸς
1198 1895 1243 1925 τὸν
1264 1895 1344 1926 Θεόν.
1359 1896 1442 1936 εΟρᾷς
1463 1896 1504 1926 ὅτι
1526 1899 1556 1927 οὗ
1578 1898 1659 1933 κακὸν
1673 1902 1690 1936 ἡ
1714 1900 1806 1938 πενίας

1033 1941 1117 1972 αΟὖκ
1131 1938 1162 1971 ἂν
1182 1943 1196 1970 ὁ
1217 1940 1323 1972 πάντων
1343 1940 1488 1982 ἀνθρώπων
1502 1943 1656 1985 πενέστερος
1674 1946 1806 1983 τοσαύτης

234 1992 345 2015 struere.
371 1986 441 2014 Cum
464 1984 583 2025 pop‘ulus
598 1983 772 2013 Hebraeorum
794 1983 829 2013 ad
851 1994 984 2013 summam
999 1993 1018 2017 R
1035 1987 1168 2017 ἀπέλαυσε
1192 1986 1356 2028 παρρησίας,
1378 1990 1414 2022 ὡς
1433 1990 1521 2030 χαμαὶ
1539 1991 1667 2030 βαδίζων,
1681 1994 1720 2023 ἑνὶ
1734 1994 1806 2035 μόνῳ

234 2030 435 2071 improbitatem
457 2029 618 2066 devenisset,
637 2035 697 2058 tum
716 2040 829 2069 magnus
851 2029 937 2067 Elias,
957 2036 985 2059 et

234 2077 300 2106 oaelo
316 2070 512 2117 dignus,‘cum
534 2076 615 2106 vellet
637 2075 766 2105 socordiae
788 2077 914 2106 morbum
933 2087 985 2106 au-

233 2123 313 2160 ferre,
321 2132 438 2161 eumque
450 2121 595 2162 corrigere,
607 2120 704 2162 adjecit
714 2117 821 2151 dicens:
836 2123 915 2151 Vivit
926 2123 986 2152 Do-

235 2170 342 2205 minus,
351 2171 400 2198 cui
409 2169 509 2197 adstiti
522 2175 622 2196 coram
635 2178 680 2203 eo,
691 2167 716 2196 si
729 2168 786 2195 erit
797 2168 912 2206 pluvia,
927 2170 983 2198 nisi

233 2225 286 2254 per
296 2224 328 2243 os
343 2224 438 2243 meum
454 2227 464 2243 ε
477 2220 504 2243 et
525 2211 572 2252 qui
591 2210 705 2242 meloten
719 2210 805 2242 solam
818 2213 981 2252 possidebat,

233 2258 329 2290 caelum
345 2260 443 2289 clausit
466 2272 473 2289 ι
490 2266 562 2289 tanta
586 2259 660 2299 apud
679 2260 767 2288 Deum
781 2258 864 2299 gratia
884 2260 982 2290 valuit.

236 2306 323 2337 Vides
335 2312 522 2346 paupertatem
543 2305 646 2334 malum
660 2315 712 2334 non
737 2315 794 2337 esse
804 2305 818 2334 Ξ)
830 2306 892 2335 Non
912 2305 984 2335 enim

233 2360 303 2383 tanta
325 2353 409 2392 gratia
423 2351 551 2382 valuisset
572 2348 729 2380 mortalium
741 2358 898 2381 cunctorum
914 2363 982 2392 pau-

265 2464 276 2476 a
293 2460 343 2486 Εἵη.
361 2457 392 2481 In
403 2456 448 2480 Ms.
466 2459 485 2482 εὶ
501 2454 605 2488 legitur-3
619 2453 664 2479 sed
674 2454 780 2480 savinus
791 2455 818 2480 in
832 2455 945 2488 margine
962 2460 996 2485 εἴη

232 2496 315 2528 posuit
323 2503 351 2520 ex
363 2496 516 2528 conjectura,
528 2503 605 2528 quam
615 2499 739 2527 sequutus
748 2499 787 2518 est
799 2495 914 2520 Ducaeus.

266 2535 279 2554 b
297 2540 413 2566 Γινόμενα.
425 2534 473 2558 Ms.
487 2533 564 2558 habet.
571 2539 695 2566 γινόμενον,
706 2539 735 2558 ut
744 2541 828 2565 supra.
843 2534 901 2559 Mox
913 2534 999 2568 legen-

231 2572 294 2598 dum
310 2572 412 2599 videtur
425 2576 523 2601 τοιοῦτος
535 2575 546 2598 ὁ
559 2575 664 2601 πλοῦτος.

1033 2032 1104 2074 λόγῳ
1129 2033 1260 2070 τοσαύτην
1283 2033 1360 2074 ἰσχὺν
1390 2035 1578 2070 ἐπιδείξασθαι.
1603 2038 1696 2068 Εἰπὼν
1719 2040 1806 2070 τοίνυν

1033 2081 1120 2114 τοῦτο,
1134 2079 1254 2119 ἐπήγαγε
1265 2078 1353 2118 λιμὸν,
1367 2078 1488 2121 καθάπερ
1500 2083 1669 2123 παιδαγωγὸν
1682 2084 1789 2124 ἄριστον
1798 2108 1806 2122 ,

1033 2125 1079 2154 καὶ
1099 2125 1243 2165 διορθωτὴν
1264 2127 1316 2155 τῶν
1338 2126 1481 2166 γινομένων
1501 2131 1606 2158 κακῶν·
1628 2130 1675 2159 καὶ
1688 2131 1807 2172 καθάπερ

1034 2173 1147 2211 πυρετοῦ
1160 2171 1260 2212 λάὸρου
1275 2173 1312 2205 εἰς
1325 2173 1405 2210 σῶμα
1419 2173 1592 2211 ἐμπεσόντος,
1606 2175 1652 2205 καὶ
1668 2176 1746 2206 αὐταὶ
1760 2179 1808 2213 τῆς

1034 2219 1083 2256 γῆς
1091 2216 1118 2246 αἱ
1129 2217 1223 2258 φλέὸες
1235 2217 1457 2258 ἀνεξηράνθησαν,
1469 2219 1514 2249 καὶ
1523 2220 1664 2261 χείμαῤῥοι
1674 2222 1809 2260 ἐπέλιπον,

1035 2263 1081 2292 καὶ
1092 2261 1209 2302 βοτάναι,
1218 2263 1317 2299 καὶτῆς
1323 2266 1372 2302 γῆς
1383 2266 1411 2293 αἱ
1419 2265 1527 2303 λαγόνες
1536 2266 1624 2306 ἄγονοι
1630 2267 1723 2298 λοιπὸν
1731 2264 1809 2304 ἦσαν.

1037 2308 1090 2338 Καὶ
1102 2309 1132 2338 οὗ
1147 2308 1229 2349 μικρὰ
1243 2307 1302 2338 τότε
1323 2312 1337 2339 ὁ
1357 2309 1440 2349 δῆμος
1460 2311 1648 2351 ἐκαρπώσατο,
1664 2316 1712 2349 τῆς
1725 2314 1810 2354 ῥύμης

1037 2356 1084 2389 τῆς
1100 2354 1144 2384 ἐπὶ
1158 2353 1207 2391 τὴν
1221 2354 1387 2394 παρανομίαν
1409 2357 1580 2396 ἀπαλλαγεὶς,
1594 2358 1639 2387 καὶ
1652 2359 1809 2397 συσταλεὶς,

1080 2464 1090 2475 t
1108 2457 1185 2483 Saxit.
1196 2463 1270 2490 putat
1281 2457 1413 2492 legendum
1424 2463 1475 2495 περὶ
1485 2463 1570 2487 τούτων
1581 2464 1593 2488 ὸ
1604 2473 1673 2496 προρ.

1048 2533 1056 2558 1
1080 2496 1100 2558 ἶ)
1111 2496 1189 2523 savit.
1210 2496 1342 2531 legendum
1362 2504 1438 2531 putat
1458 2502 1483 2526 οὐ
1506 2504 1559 2536 γὰρ,
1579 2499 1625 2526 sed
1640 2504 1679 2527 οὐκ
1698 2506 1725 2528 ἅν
1743 2500 1807 2527 hene

1057 2543 1080 2558 ia
1102 2540 1138 2559 et.
