1890 2826
352 200 386 223 IN
413 200 525 232 nsum,
554 200 620 222 HOC
647 200 787 222 SCl'l'OTE
815 200 906 230 QUOD
934 201 966 222 IN
995 200 1185 225 uovtsslluls
1214 202 1342 234 DlEBUS,
1372 204 1448 226 E'l'c.

123 262 266 301 βλέπουσι,
289 261 323 290 τὰ
341 261 369 290 δὲ
389 260 427 300 μὴ
447 260 568 300 ὁρώμενα
588 262 618 290 οὗ
641 260 800 299 βλέπωσιν·
816 261 840 289 οἱ
859 260 885 289 δὲ

122 310 168 343 τῆς
181 307 294 340 πίστεως
308 306 438 346 ὀφθαλμοὶ
450 305 600 335 τούναντίον
614 305 694 341 ἅπαν,
707 305 741 334 τὰ
759 305 807 344 μὲν
818 304 886 344 ὁρώ-

121 365 189 392 μενα
201 354 230 382 οὗ
246 352 387 392 βλέπουσι,
400 351 434 381 τὰ
447 351 475 381 δὲ
487 351 525 391 μὴ
545 351 667 391 δρώμενα
680 350 817 390 βλέπουσι.
835 350 887 379 Καὶ

119 400 161 428 ὅτι
174 398 207 428 τὰ
220 398 370 438 βλεπόμενα
382 400 412 428 οὐ
427 398 568 437 βλέπουσι,
578 397 623 426 καὶ
636 397 670 426 τὰ
684 397 721 436 μὴ
737 396 887 436 βλεπόμενα

122 443 272 483 βλέπωσιν,
284 447 299 474 ὁ
312 445 418 478 Παῦλος
430 443 562 479 ἐδήλωσεν
576 443 656 472 εἰπὼν
671 442 768 476 οὕτως·
783 442 823 471 Τὸ
836 442 887 481 γὰρ
905 449 923 471 1)

120 491 272 530 παραυτίκα
289 490 402 531 ἐλαφρὸν
419 491 467 525 τῆς
482 489 594 529 θλίψεως
607 492 666 518 καθ’
688 489 836 528 ὑπερὸολὴν
851 490 888 521 εἷς

120 536 268 576 ὓπερὸολὴν
289 536 393 566 αἰώνων
413 536 492 576 βάρος
512 536 587 571 δόξης
603 538 667 574 ἡμῖν
682 534 887 574 κατεργάζεται,

120 582 158 620 μὴ
169 583 336 612 σκοπούντων
345 585 422 622 ἡμῶν
433 582 467 612 τὰ
477 582 627 621 βλεπόμενα
635 604 643 618 ,
658 581 727 611 ἀλλὰ
738 581 772 610 τὰ
782 581 819 620 μὴ
829 582 886 620 βλε-

119 627 230 666 πόμενα.
244 628 298 658 Καὶ
309 630 366 661 πῶς
379 628 411 658 ἄν
425 640 464 661 τις
477 628 526 657 ἴδοι
541 628 576 657 τὰ
589 627 627 666 μὴ
645 627 796 667 βλεπόμενα
801 641 809 664 ;
824 627 886 661 Πῶς

118 674 216 711 ἄλλως,
226 675 285 704 ἀλλ’
295 675 313 710 ἢ
324 679 378 708 τοῖς
394 676 442 710 τῆς
451 674 565 707 πίστεως
579 675 737 714 ὀφθαλμοῖς;
751 673 832 703 Οὕτω
841 673 886 702 καὶ

119 722 238 761 ἀλλαχοῦ
250 734 324 762 φησι·
337 722 433 751 Πίστει
443 715 552 760 νοοῦμεν
565 720 739 760 κατηρτίσθαι
752 720 811 753 τοὺς
825 722 886 749 αἰῶ-

119 779 175 800 νας.
196 769 274 805 Πῶς;
299 769 328 797 οὗ
346 767 398 807 γὰρ
415 767 527 807 εἴδομεν.
541 769 589 800 Εἷς
607 768 638 797 τὸ
653 766 691 806 μὴ
711 768 742 796 ἐκ
759 767 885 805 φαινομέ-

119 825 169 844 νων
192 813 226 842 τὰ
246 814 396 853 βλεπόμενα
418 813 566 853 γεγονέναι,
588 814 662 853 φησί.
688 814 817 843 Βούλεσθε
841 813 886 842 καὶ

120 858 211 898 ἑτέραν
224 859 336 900 παράγω
350 859 506 900 μαρτυρίαν,
518 859 559 889 ὅτι
567 859 601 888 τὰ
613 859 651 897 μὴ
665 860 814 899 βλεπόμενα
826 859 886 898 βλέ-

119 914 212 932 πουσιν
225 905 249 933 οἱ
262 906 309 939 τῆς
320 904 433 937 πίστεως
442 903 589 944 ὁφθαλμοί;
601 903 733 937 Γαλάταις
746 903 810 933 ποτὲ
823 904 886 943 γρά-

118 960 174 988 φων
188 950 320 983 ὁΠαῦλος
344 949 445 989 ἔλεγεν·
467 945 516 982 Οἷς
536 951 595 980 κατ’
618 949 767 989 ὀφθαλμοὺς
786 949 886 985 Ἰησοῦς
903 950 920 972 Ε

119 993 232 1033 Χριστὸς
244 995 399 1035 προεγράφη
410 997 437 1025 ἐν
452 997 512 1034 ὑμῖν
527 995 732 1036 ἐσταυρωμένος.

157 1093 193 1122 Τί
207 1093 308 1132 λέγεις,
328 1088 351 1122 ὦ
370 1094 484 1132 μακάριε
506 1094 615 1129 Παῦλε;
630 1094 657 1122 ἐν
671 1092 791 1131 Γαλατίᾳ
804 1104 884 1121 σταυ-

119 1139 243 1178 ρούμενον
266 1139 344 1168 αὐτὸν
358 1135 426 1168 εἶδον
443 1139 578 1175 Γαλάται;
594 1139 652 1178 οὐχὶ
672 1139 768 1172 πάντες
789 1140 886 1177 ὁμολο-

117 1186 224 1223 γοῦμεν,
237 1184 278 1213 ὅτι
293 1185 320 1213 ἐν
334 1185 500 1224 Παλαιστίνῃ
520 1186 548 1214 ἐν
566 1185 633 1224 μέσῃ
654 1185 767 1223 Ἰουδαίᾳ
783 1185 814 1214 τὸ
834 1185 886 1214 ποί-

118 1232 159 1263 θος
171 1229 287 1269 ἐγένετο,
301 1231 365 1263 Πῶς
378 1226 422 1259 οὖν
437 1231 515 1260 αὐτὸν
534 1225 601 1259 εἶδον
621 1230 814 1270 σταυρούμενον
831 1232 885 1260 Γα-

117 1276 212 1311 λάταις
236 1277 300 1308 Τοῖς
322 1278 370 1310 τῆς
392 1275 506 1309 πίστεως
530 1277 692 1315 ὀφθαλμοῖς,
711 1279 740 1305 οὗ
760 1281 814 1310 τοῖς
838 1279 885 1312 τῆς

117 1321 221 1361 σαρκός.
234 1316 309 1354 Εἶδες
329 1324 385 1355 πῶς
404 1323 429 1351 οἱ
449 1324 497 1357 τῆς
522 1321 636 1354 πίστεως
653 1323 782 1361 ὀφθαλμοὶ
799 1322 832 1351 τὰ
847 1323 884 1361 μὴ

117 1367 260 1406 φαινόμενα
274 1367 430 1406 βλέπουσιν;
442 1367 505 1396 Ἀπὸ
521 1367 646 1396 τοσούτου
658 1370 721 1407 γοῦν
735 1368 885 1407 διαστήμα-

116 1424 160 1445 τος
173 1413 218 1442 καὶ
225 1412 296 1451 μετὰ
308 1416 429 1442 τοσοῦτον
440 1412 533 1452 χρόνον
542 1412 587 1441 τὸν
597 1413 712 1452 Χριστὸν
725 1408 792 1442 εἶδον
803 1425 884 1443 σταυ-

117 1458 250 1497 ρούμενον.
263 1457 344 1487 Οὕτω
357 1458 402 1487 καὶ
416 1460 491 1496 ὑμεῖς
509 1457 620 1497 βλέπετε
634 1458 694 1492 τοὺς
707 1459 812 1499 νεκροὺς
827 1461 885 1489 ἀνι-

116 1503 274 1542 σταμένους·
287 1503 356 1533 οὕτω
369 1503 483 1543 σήμερον
497 1504 579 1533 εἴδετε
593 1504 637 1533 τὸν
649 1504 744 1543 λεπρὸν
759 1505 884 1544 καθαιρό-

117 1550 301 1588 μενον·οὖτως
324 1551 406 1579 εἴδετε
427 1550 471 1579 τὸν
492 1550 706 1590 παραλελυμένον
720 1551 883 1587 ἀναστάντα,

1613 194 1656 227 33
1668 207 1676 227 ι

940 267 1029 290 autem
1044 262 1095 290 sub
1109 269 1243 302 aspectum
1255 273 1306 292 nou
1327 263 1436 300 cadunt,
1463 274 1513 292 non
1533 264 1623 294 vident
1636 278 1642 294 :
1656 272 1682 293 ut

941 307 1004 336 fidei
1017 309 1090 337 oculi
1101 309 1209 338 omnino
1227 317 1332 346 contra,
1351 320 1411 349 quae
1429 310 1480 339 sub
1489 318 1625 349 aspectum
1638 323 1680 340 cu-

939 353 1019 391 dunt,
1034 365 1087 384 non
1101 355 1202 392 vident,
1212 367 1272 395 quae
1287 368 1349 387 vero
1361 357 1412 386 sub
1424 363 1559 396 aspectum
1571 368 1622 386 non
1633 369 1679 386 ea—

939 399 1019 437 dunt,
1030 400 1134 431 vident.
1149 402 1230 438 Quod
1247 410 1335 432 autem
1361 413 1419 441 quae
1432 402 1559 433 videntur
1573 413 1624 432 non
1639 404 1679 432 vi-

939 445 1030 483 deant,
1044 454 1069 476 et
1080 458 1139 485 quae
1151 458 1202 476 non
1216 447 1341 477 videntur
1350 447 1468 485 videant,
1481 448 1581 477 Paulus
1594 448 1683 478 declu-

940 492 1012 520 ravit
1038 492 1081 521 his
1106 493 1195 522 verbis
1210 506 1216 521 :
1232 494 1298 522 Nam
1314 495 1552 523 Momentaneum
1567 501 1595 522 et
1617 494 1680 523 leve
1692 506 1714 520 2.
1729 499 1780 520 Cur.
1791 498 1812 529 ί..

941 539 1231 578 tribulati0nissupm
1244 540 1361 569 modum
1371 542 1403 569 in
1416 541 1594 569 sublimitate
1601 547 1681 570 aeter-
1696 537 1730 558 ¹7·

940 595 1009 613 num
1028 585 1129 624 glor-ite
1150 587 1265 625 pondus
1292 593 1428 625 operatur
1449 588 1479 615 in
1501 588 1584 616 uobis
1596 600 1608 622 ;
1622 598 1682 625 *non

938 632 1188 661 considerantibus
1201 634 1283 661 nobis
1295 643 1360 671 quae
1380 633 1529 670 videntur,
1543 634 1595 662 sed
1617 645 1682 673 quae

941 688 999 706 non
1010 678 1159 707 videntur.
1173 679 1208 707 Et
1218 678 1353 716 quomodo
1364 679 1498 718 quispiam
1513 691 1543 708 ea
1555 690 1614 717 quae
1628 691 1681 709 non

939 723 1064 753 videntur
1073 724 1191 753 viderit?
1203 726 1265 761 Quo
1272 725 1424 761 aliomodo⁷
1434 725 1486 754 nisi
1498 725 1560 754 fidei
1575 727 1681 756 oculis?

937 770 982 800 Sic
1001 777 1027 799 et
1040 771 1106 799 alibi
1129 771 1187 799 ait:
1204 772 1279 799 Fide
1297 771 1487 811 intelligimus
1501 779 1604 811 aptata
1621 783 1681 802 esse
1693 778 1830 800 llebr.11.3.

937 817 1056 846 soecula.
1083 817 1228 854 Quomodo
1242 818 1256 846 ἱ)
1274 827 1326 847 non
1347 818 1419 846 enim
1443 817 1576 847 videmus.
1596 821 1634 848 Ut
1644 830 1679 847 ex

938 864 1135 893 invisibilibus
1156 864 1289 893 visibilia
1291 865 1412 903 fierent.
1432 865 1522 894 Vultis
1535 864 1610 894 aliud
1622 876 1680 904 pro-

937 909 1020 937 feram
1044 910 1242 945 testimonium,
1255 909 1328 947 quod
1352 909 1415 938 fidei
1428 909 1500 938 oculi
1521 921 1551 938 ea
1573 910 1681 940 videant

939 964 999 992 quae
1025 964 1078 983 non
1103 955 1253 984 videntur?
1266 955 1370 984 Galatis
1392 954 1537 992 aliquando
1562 956 1680 985 scribens

939 1001 1039 1029 Paulus
1062 1001 1168 1029 dicebat
1188 1012 1194 1027 :
1218 1000 1300 1029 Ante
1323 1011 1446 1039 quorum
1470 1001 1570 1029 oculos
1594 1003 1680 1031 Jesus
1693 1006 1747 1026 Gal·
1765 1006 1787 1027 3-
1811 1011 1829 1026 ¹·

940 1046 1071 1078 Christus
1078 1048 1260 1086 praescriptus
1273 1053 1315 1074 est
1332 1047 1364 1074 in
1376 1047 1460 1074 vobis
1473 1047 1640 1086 crucifixus.

978 1093 1007 1120 92.
1031 1091 1106 1127 Quid
1125 1090 1211 1126 dieis,
1228 1101 1244 1119 o
1263 1091 1338 1119 beate
1356 1090 1460 1120 Paule?
1481 1091 1508 1120 in
1541 1092 1682 1122 Galatiane

939 1136 1065 1166 viderunt
1078 1147 1140 1165 eum
1154 1137 1256 1166 Galatae
1269 1135 1430 1166 crucifixum
1439 1137 1453 1166 Ξ)
1466 1147 1552 1166 nonne
1570 1138 1679 1167 eonfite-

938 1195 999 1213 mur
1008 1194 1099 1214 omnes
1112 1183 1140 1212 in
1150 1183 1290 1212 Palaestina
1300 1183 1327 1212 in
1340 1182 1428 1212 media
1439 1185 1456 1214 J
1459 1183 1532 1212 udaea
1543 1184 1680 1214 Christum

937 1240 992 1259 esse
1011 1229 1141 1269 passum?
1155 1228 1300 1265 Quomodo
1312 1239 1377 1268 ergo
1395 1229 1485 1268 ipsum
1499 1229 1602 1259 Galatae
1615 1240 1679 1259 cru-

937 1274 1049 1303 cifixum
1061 1274 1206 1305 viderunt?
1219 1273 1308 1310 Fidei,
1323 1284 1376 1302 non
1394 1274 1493 1311 carnis,
1509 1275 1604 1304 oculis.
1628 1276 1679 1306 Vi-

937 1320 1030 1349 distin'
1044 1320 1178 1359 quomodo
1191 1319 1255 1348 fidei
1268 1319 1341 1348 oculi
1354 1331 1383 1349 ea
1402 1331 1461 1359 quae
1481 1330 1532 1349 non
1555 1330 1682 1360 apparent

938 1366 1068 1396 videant?
1079 1368 1103 1396 A
1118 1374 1189 1396 tanto
1200 1366 1271 1395 enim
1285 1365 1436 1402 intervallo}
1455 1373 1481 1395 et
1498 1374 1560 1407 post
1581 1374 1681 1397 tannim

937 1420 1042 1453 tempus
1058 1413 1197 1443 Christum
1210 1412 1337 1442 viderunt
1350 1412 1523 1442 crucifixum.
1537 1413 1582 1443 Sic
1594 1421 1620 1443 et
1635 1425 1682 1443 vos

937 1458 1037 1488 videtis
1059 1466 1179 1488 mortuos
1203 1464 1369 1497 resurgentes
1386 1470 1392 1486 ε
1411 1458 1450 1488 sic
1470 1458 1551 1488 hodie
1574 1459 1682 1489 cernitis

936 1506 1073 1545 leprosum
1098 1505 1258 1534 mundatum
1281 1517 1288 1533 :
1314 1504 1353 1533 sic
1373 1505 1551 1544 paralyticum
1577 1505 1682 1535 vidistis

936 1558 1065 1586 erectum,
1080 1557 1106 1580 et
1119 1550 1204 1590 magis
1217 1549 1333 1586 vidistis,
1347 1561 1428 1588 quam
1443 1551 1459 1580 J
1463 1550 1542 1584 udaei,
1558 1551 1604 1589 qui
1619 1558 1683 1580 tune

116 1595 160 1624 καὶ
174 1597 274 1634 μᾶλλον
288 1595 420 1625 Ἰουδαίων
443 1592 495 1624 τῶν
509 1595 644 1635 παρόντων
663 1596 755 1625 εἴδετε.
770 1597 884 1626 Ἐκεῖνοι
900 1605 920 1627 Α
936 1596 1109 1626 aderantJssi
1124 1606 1237 1634 namque
1248 1602 1387 1635 praesentes
1410 1605 1462 1624 non
1479 1595 1610 1625 admisere
1628 1597 1681 1625 mi-

117 1641 165 1678 μὲν
178 1640 234 1680 γὰρ.
242 1640 368 1679 παρόντες
389 1642 418 1669 οὗ
440 1640 616 1680 παρεδέξαντο
640 1641 670 1670 τὸ
692 1643 795 1680 θαῦμα,
810 1644 884 1680 ὑμεῖς

118 1686 146 1715 δὲ
169 1685 277 1718 ἀπόντες
297 1685 472 1725 παρεδέξασθε
491 1684 540 1721 τὴν
559 1685 658 1715 πίστιν.
673 1685 756 1716 ’Ώστε
779 1687 885 1721 δικαίως

119 1727 191 1761 εἷπον
204 1731 269 1771 πρὸς
279 1733 363 1770 ὑμᾶς,
376 1731 417 1760 ὅτι
429 1731 563 1771 Μακάριοι
576 1734 638 1769 ὑμῖν
651 1733 675 1760 οἱ
688 1733 831 1771 ὀφθαλμοὶ,
845 1733 885 1762 ὅτι

119 1777 269 1816 βλέπουσιν.
284 1779 317 1807 Εἰ
339 1777 366 1806 δὲ
386 1777 431 1806 καὶ
444 1777 570 1816 ἑτέρωθεν
582 1777 670 1816 βούλει
685 1781 776 1817 μαθεῖν
799 1778 840 1807 ὅτι
853 1778 886 1808 τὰ

120 1823 157 1862 μὴ
171 1823 320 1863 βλεπόμενα
334 1823 474 1862 βλέπουσιν
495 1824 519 1852 οἱ
543 1824 590 1858 τῆς
613 1823 726 1857 πίστεως
743 1824 887 1863 ὀφθαλμοὶ,

119 1869 152 1898 τὰ
163 1869 191 1898 δὲ
206 1869 356 1908 βλεπόμενα
366 1869 589 1909 παρατρέχουσιν·
607 1869 729 1909 οὐδὲγὰρ
749 1870 781 1898 ἂν
802 1871 888 1903 ἄλλως

119 1915 197 1945 ἴδοιεν
211 1915 245 1945 τὰ
261 1915 298 1954 μὴ
321 1915 483 1954 βλεπόμενα,
498 1917 521 1944 εἷ
536 1915 573 1954 μὴ
589 1916 814 1955 καταφρονήσαιεν
835 1918 887 1946 τῶν

119 1960 278 2000 εἰρημένων·
301 1960 412 1990 ἄκουσον
431 1964 477 1990 τοῦ
491 1960 599 1989 Παύλου
623 1961 683 2000 περὶ
707 1965 754 1990 τοῦ
769 1962 888 2002 Ἀδραὰμ

121 2006 322 2045 διαλεγομένου,
340 2006 381 2036 ὅτι
399 2010 454 2039 τοῖς
471 2008 519 2042 τ’ἥς
540 2006 654 2040 πίστεως
674 2008 817 2047 ὀφθαλμοῖς
836 2003 888 2037 εἶδε

121 2052 165 2081 τὸν
176 2052 230 2081 υἱὸν
245 2051 398 2091 τικτόμενον
409 2052 453 2081 τὸν
468 2051 570 2088 Ἰσαὰκ,
585 2053 630 2082 καὶ
650 2053 719 2082 οὕτω
732 2054 889 2088 κατεδέξατο

121 2096 170 2131 τὴν
182 2097 348 2136 ἐπαγγελίαν.
363 2097 399 2127 Τί
411 2097 462 2137 γάρ
474 2109 554 2137 φησι,
568 2099 620 2127 Καὶ
639 2098 675 2136 μὴ
692 2098 838 2135 ἀσθενήσας
856 2102 888 2139 τῇ

122 2141 227 2177 πίστει,
241 2145 270 2172 οὔ
286 2143 428 2178 κατενόησε
440 2144 470 2173 τὸ
485 2145 578 2173 ἑαυτοῦ
597 2145 676 2183 σῶμα
689 2144 889 2184 νενεκρωμένον.
907 2154 923 2177 B

123 2188 235 2226 Μεγάλη
249 2191 296 2224 τῆς
308 2189 422 2222 πίστεως
444 2192 462 2225 ἢ
485 2189 604 2229 δύναμις.
622 2190 726 2231 “Ώσπερ
749 2191 801 2230 γὰρ
816 2192 895 2230 λογι-’

123 2233 184 2271 σμοὶ
211 2234 355 2273 ἀνθρώπων
379 2234 459 2264 δειλοὶ
483 2236 529 2264 καὶ
556 2237 685 2272 ἀσθενεῖς,
705 2236 774 2265 οὕτω
803 2236 891 2270 πίστις

123 2279 218 2319 ἰσχυρὰ
231 2279 276 2308 καὶ
295 2279 402 2315 δυνατή.
424 2281 465 2310 Οὔ
491 2281 632 2316 κατενόησε
654 2281 685 2310 τὸ
705 2284 798 2310 ἑαυτοῦ
813 2283 891 2320 σῶμα

123 2324 323 2363 νενεκρωμένον.
337 2325 420 2364 “Ορᾷς
443 2327 500 2359 πῶς
523 2328 608 2366 ἀφῆκε
632 2327 666 2356 τὰ
689 2327 823 2366 ὁρώμενα;
836 2329 892 2361 πῶς

123 2371 170 2400 οὐκ
182 2366 248 2399 εἶδεν
258 2372 294 2404 εἷς
303 2371 333 2399 τὸ
340 2373 437 2409 γ’ἥρας;
452 2371 547 2400 Καίτοι
558 2384 588 2411 γε
600 2372 664 2402 αὖτὸ
675 2373 727 2412 πρὸ
735 2374 787 2401 τῶν
799 2374 892 2413 ὀφθαλ-

124 2417 180 2454 μῶν
193 2416 290 2445 ἔκειτο·
307 2415 376 2445 ἀλλὰ
389 2421 443 2449 τοῖς
460 2418 507 2452 τῆς
520 2417 633 2451 πίστεως
647 2420 790 2458 ὀφθαλμοῖς
804 2418 874 2458 ἑώρα
884 2441 892 2455 ,

123 2462 153 2490 οὐ
166 2466 220 2495 τοῖς
231 2465 277 2491 τοῦ
289 2462 419 2500 σώματος.
429 2462 477 2491 Διὸ
501 2463 549 2492 οὔκ
559 2459 611 2492 εἶδε
625 2463 655 2492 τὸ
665 2466 761 2504 γῆρας,
773 2464 831 2493 οὐδὲ
844 2465 893 2501 τὴν

122 2506 247 2546 νέκρωσιν
272 2507 391 2548 Σοίῤῥαιςι
410 2509 439 2537 οὗ
453 2508 595 2544 κατενόησε
611 2508 670 2544 Τὴν
696 2509 822 2549 νέκρωσιν
845 2512 892 2545 τῆς

124 2553 224 2592 μήτρας
236 2554 351 2594 Σάῤῥας.
368 2554 426 2589 Τὴν
447 2554 584 2593 στείρωσιν
597 2557 662 2593 ἡμῖν
675 2556 786 2585 ἐνταῦθα
809 2556 892 2585 αἰνίτ-

125 2615 206 2633 τεται.
221 2606 308 2640 Διπλῆ
320 2604 370 2644 γὰρ
386 2607 401 2640 ἡ
418 2604 537 2635 ἀσθένεια
551 2600 592 2643 ἦν,
607 2607 622 2641 ἦ
637 2606 683 2644 μὲν
705 2606 757 2636 ἀπὸ
771 2607 818 2642 τῆς
830 2608 892 2641 ἧλι-

935 1642 1072 1678 rzmulum,
1098 1652 1145 1672 vos
1169 1648 1257 1670 autem
1283 1641 1403 1670 absentes
1426 1641 1506 1670 fidem
1525 1641 1681 1671 admisistis.

935 1689 1028 1726 Itaque
1051 1687 1113 1726 jure
1125 1687 1184 1715 dixi
1207 1686 1295 1722 vohis,
1310 1688 1396 1715 Beati
1406 1690 1498 1716 vestri
1507 1688 1596 1722 oculi,
1611 1690 1682 1727 quia
1695 1698 1778 1718 alaim.
1797 1696 1832 1718 ι3Δ

936 1735 1050 1763 vident.
1071 1733 1152 1770 Quod
1165 1733 1188 1762 si
1207 1732 1316 1762 aliunde
1338 1743 1445 1771 qnoque
1465 1733 1568 1762 discere
1586 1734 1681 1764 volue-
1696 1727 1731 1749 ’θ’

937 1780 976 1809 ris
986 1801 994 1814 ‚
1009 1779 1073 1808 fidei
1091 1779 1183 1808 oeulos
1195 1789 1226 1807 ea
1236 1800 1243 1813 ‚
1265 1788 1324 1816 quae
1348 1788 1400 1807 uon
1422 1778 1566 1816 videntur,
1578 1779 1682 1815 videre,

938 1832 964 1854 et
974 1835 1015 1862 ea,
1037 1835 1096 1863 quae
1116 1823 1254 1860 videntur,
1267 1830 1472 1863 praetercurrere
1486 1836 1492 1852 :
1509 1834 1594 1863 neque
1611 1825 1684 1854 enim

939 1871 992 1900 alio
1016 1869 1096 1899 modo
1113 1869 1231 1900 viderint
1249 1879 1289 1904 ea,
1306 1879 1366 1906 quae
1392 1879 1444 1898 non
1465 1869 1609 1907 videntur,
1628 1870 1681 1900 nisi

939 1927 1020 1956 supra
1046 1915 1117 1945 dicta
1130 1914 1301 1955 despexerint
1319 1926 1325 1943 :
1339 1914 1403 1944 audi
1416 1915 1531 1944 Paulum
1544 1915 1579 1945 de
1594 1916 1681 1945 Abra-
1722 1927 1832 1948 Abraham

939 1963 1020 1991 hamo
1037 1961 1226 1998 disserentem,
1245 1960 1320 1999 quod
1336 1971 1431 2000 nempe
1450 1961 1514 1990 fidei
1533 1961 1619 1991 oculis
1639 1962 1682 1992 vi·
1693 1958 1750 2009 “5¹52
1763 1958 1835 2008 3⁰⁰¹&

940 2007 1011 2037 derit
1027 2008 1116 2037 filium
1134 2017 1214 2036 suum
1234 2006 1307 2035 Isaac
1320 2006 1496 2043 naseiturum,
1510 2013 1536 2036 et
1554 2007 1593 2036 sic
1608 2018 1683 2037 acce-
1694 1997 1768 2041 inin„
1775 1996 1835 2040 1³32.

942 2053 1011 2093 perit
1027 2053 1243 2093 promissionem.
1258 2051 1334 2089 Quid
1353 2052 1424 2081 enim
1443 2052 1498 2081 ait?
1506 2053 1549 2081 Et
1566 2063 1626 2082 non
1644 2055 1685 2082 in·
1694 2058 1753 2103 {2¹⁰¹-
1799 2085 1804 2099 Ι

938 2099 1074 2138 firmatus
1085 2098 1206 2138 enfide,
1220 2107 1273 2127 nec
1285 2098 1478 2129 consideravit
1486 2107 1588 2137 eorpus
1601 2108 1684 2128 suum
1717 2080 1780 2108 ⁰m'4
1810 2086 1833 2108 9-

943 2151 1115 2175 emortuum.
1129 2146 1229 2184 Magna
1239 2143 1280 2174 vis
1287 2143 1603 2181 fidei.Quemadmodum
1614 2145 1686 2174 enim
1708 2147 1714 2149 “

945 2191 1139 2231 Cogitationes·
1150 2190 1299 2219 hominum
1310 2190 1418 2219 timidae
1431 2195 1499 2219 sunt
1513 2195 1540 2218 et
1552 2190 1685 2230 infirmoe,
1697 2202 1753 2229 Sap.
1762 2206 1785 2228 9.
1799 2199 1834 2226 14.

944 2237 984 2267 sic
996 2237 1062 2267 fides
1075 2237 1152 2267 sortis
1172 2243 1318 2276 potensque
1337 2243 1384 2265 est.
1402 2237 1472 2265 Non
1495 2236 1687 2265 consideravit

944 2295 1049 2324 corpus
1060 2295 1145 2314 suum
1154 2289 1326 2312 emortuum.
1341 2282 1440 2313 Viden’
1452 2282 1587 2320 quomodo
1599 2282 1689 2311 visibi—

945 2331 982 2359 lia
994 2326 1148 2360 dimiserit?
1159 2329 1294 2368 quomodo
1303 2339 1355 2358 non
1368 2328 1514 2367 respexerit
1526 2329 1554 2356 in
1568 2334 1687 2356 senectu-

947 2377 1020 2406 tem?
1030 2375 1145 2407 Etiamsi
1153 2376 1210 2404 haee
1221 2386 1275 2415 prae
1288 2374 1374 2404 oculis
1392 2381 1460 2409 erat,
1472 2372 1519 2402 sed
1527 2372 1590 2401 fidei
1602 2372 1688 2401 oculis

947 2422 1068 2458 videbat,
1076 2432 1129 2451 non
1143 2421 1229 2450 oculis
1239 2420 1370 2460 corporis.
1387 2418 1453 2447 Ideo
1463 2428 1516 2446 non
1529 2417 1645 2456 respexit
1654 2416 1688 2445 ad

948 2475 1118 2503 senectutem,
1127 2477 1213 2505 neque
1222 2466 1275 2495 Ad
1283 2471 1443 2494 emortuam
1450 2463 1572 2492 vulvam
1582 2462 1687 2491 Same.
1701 2471 1758 2493 nom
1770 2471 1792 2499 ,4,
1803 2476 1834 2498 ι9,

946 2515 998 2544 Hic
1020 2514 1186 2544 sterilitatem
1207 2512 1284 2541 nobis
1305 2509 1466 2539 subindicat.
1486 2508 1596 2547 Duplex
1619 2508 1691 2537 enim

947 2560 1092 2589 infirmitas
1101 2565 1169 2595 (ει-31,
1184 2557 1260 2586 alia-a
1271 2561 1414 2591 senectute,
1427 2553 1480 2582 alia
1492 2554 1526 2582 ab
1538 2553 1693 2582 infirmitate

949 2614 1058 2636 naturae.
1073 2606 1165 2643 Neque
1182 2604 1252 2632 enim
1267 2607 1370 2630 tantum
1381 2609 1478 2639 corpus
1492 2599 1528 2628 ob
1542 2605 1645 2628 aetatem
1657 2599 1692 2628 ad
