1890 2826
120 546 184 566 Psnl.
208 552 258 574 tc9.

115 787 211 816 llehwy.
220 774 259 808 12:

276 196 345 241 432
989 203 1125 226 mcnwrr

270 268 311 297 sin
332 278 397 296 vcro
415 265 547 301 sacerdos,
567 276 630 305 ergo
649 275 700 294 non
720 275 778 294 rex.
795 264 932 294 Adversus
951 275 1018 304 quos

272 314 372 343 Paulus
390 323 481 353 agen5‚
496 312 570 341 omni
586 312 705 341 oratione
718 310 753 340 ad
766 311 936 341 evertendam
950 311 1018 341 hanc

270 360 424 401 opinionem
445 365 607 399 comparata,
629 358 667 387 ait
682 370 690 386 .·
706 359 780 388 Num
797 358 882 398 igitur
894 358 1018 388 Christus

270 407 419 437 secundum
451 405 592 435 sacerdotii
619 404 703 434 vestri
729 404 852 434 ordinem
878 405 1017 434 surrexit?

271 453 352 494 Apud
371 464 418 484 vos
432 452 543 491 quidem
557 461 671 493 regnum
687 458 713 481 et
726 450 904 480 sacerdotium
917 450 1017 480 distin—

270 506 311 529 cta
334 506 395 528 sunt
414 511 421 527 t
439 499 465 528 in
480 498 588 528 Christo
611 504 756 537 utrumque
774 497 947 539 conjunctum
969 504 1016 527 est.

275 547 316 575 Τιι
330 546 412 581 enim,
435 545 483 582 ait,
496 544 632 573 sacerdos
653 554 682 572 es
693 544 726 572 in
746 548 897 579 aeternum,
913 553 1018 571 secun—

272 593 340 621 dum
364 593 497 621 ordinem
511 590 717 620 Melchisedec.
734 591 828 628 Itaque
844 588 1018 618 ratiocinatur

269 639 381 675 Paulus,
392 645 418 668 et
431 639 468 668 ait
484 650 491 666 ε
505 637 534 668 Si
545 637 617 667 enim
630 636 749 677 primum
758 635 829 665 illud
838 635 1017 665 sacerdotium

268 693 324 714 crat
344 684 588 725 irreprehensibile,
607 683 675 723 quid
693 682 832 724 oportebat
852 682 953 718 dicere,
975 692 1016 711 se-

268 731 388 761 cundum
407 730 530 761 ordinem
550 729 730 766 Melchisedec
743 728 906 758 sacerdotem
921 739 1016 758 surre—

266 784 374 807 cturum
387 789 393 806 ε
406 785 432 807 et
449 788 501 807 non
526 775 675 807 secundum
692 774 814 805 ordinem
833 774 945 804 Aaron?
960 776 1016 804 El-

265 826 342 853 enim
358 824 504 854 translato
515 824 690 859 sacerdotio,
705 831 818 850 necesse
835 826 880 849 est
900 827 933 850 ut
945 821 1016 861 legis

178 882 216 901 wis
230 888 254 901 w.
267 871 421 900 translatio
436 871 504 910 fiat.
514 870 588 909 Ergo
602 870 729 900 Servator
742 873 830 898 noster
843 878 965 897 summus
978 874 1017 897 est

110 1386 177 1407 [lelna
186 1387 248 1408 ιο.5.

109 1426 208 1478 Ρςῖιὶόι)
226 1456 247 1477 7·

108 1838 190 1867 Epltes.
199 1838 246 1859 5.1.

166 920 219 963 ⁰¹:¹1*
263 917 386 956 pontifex
400 929 406 946 :
420 927 473 946 non
490 917 591 947 ratione
604 914 754 946 divinitatis
763 924 829 951 suae,
840 913 887 943 sed
899 914 934 943 ob
947 914 1015 954 figu-

264 972 321 990 mm
331 961 418 991 carnis
433 973 440 989 :
451 961 478 990 in
491 960 615 1001 supernis
625 959 660 988 ad
666 958 805 988 dexteram
816 959 866 987 Dei
875 958 1015 988 considens

263 1015 374 1047 propter
383 1018 442 1044 nos,
457 1014 483 1036 et
497 1017 618 1037 summus
633 1005 763 1046 pontifex,
779 1004 927 1034 secundum
941 1005 1013 1035 onii-

262 1064 323 1082 ncm
336 1053 528 1083 Melchisedec.
541 1054 581 1083 Dc
595 1062 648 1091 quo
665 1050 750 1080 multa
761 1050 816 1079 dici
833 1058 950 1091 possent,
965 1051 1012 1081 sed

262 1110 314 1128 non
339 1107 400 1129 sunt
422 1100 504 1140 hujus
528 1099 593 1129 loci.
619 1097 746 1128 Animum
775 1096 886 1132 adhibe,
908 1108 1008 1136 quaeso.

262 1146 347 1175 Erant
370 1146 397 1174 in
418 1146 476 1186 lege
492 1146 575 1175 veteri
593 1145 820 1179 holocautomata,
836 1150 892 1172 erat
905 1144 1008 1173 sacrifi-

261 1192 333 1221 cium
352 1203 401 1231 pro
425 1200 544 1232 peccato,
566 1200 621 1222 erat
637 1190 738 1220 oblatio
754 1201 761 1218 t
777 1191 902 1220 Servatur
921 1197 1010 1220 autem

262 1238 308 1267 ubi
324 1239 348 1268 in
364 1239 437 1268 hunc
456 1239 589 1268 mundum
608 1238 726 1276 advenit,
747 1239 885 1271 sacrificiis
906 1240 961 1270 illis
980 1242 1008 1270 fi-

261 1295 341 1323 guras
367 1285 554 1318 referentibus.
573 1286 654 1315 finem
675 1287 790 1327 imponit
806 1310 813 1323 ,
828 1287 939 1326 proprio
960 1297 1008 1316 suo

260 1341 372 1371 corpore
392 1341 441 1371 pro
462 1331 535 1360 omni
556 1332 688 1361 sacrificio
711 1333 868 1362 substituto.
889 1333 931 1362 De
955 1344 1008 1372 quo

260 1377 360 1406 Paulus
375 1390 381 1406 z
396 1379 436 1407 Et
446 1379 593 1414 ingressus
603 1380 635 1407 in
647 1380 799 1416 mundum,
812 1380 883 1407 dicit
895 1391 904 1407 .-
916 1379 1009 1408 Sacri-

257 1423 358 1461 ficium
375 1430 403 1452 et
419 1424 598 1453 oblationem
618 1425 740 1454 noluisti
761 1437 771 1454 .·
789 1435 891 1465 corpus
910 1431 1008 1454 autem

260 1471 370 1507 aptasti
384 1470 455 1498 mihi
476 1482 484 1498 .-
510 1470 751 1499 holocautomata
770 1478 798 1500 et
815 1481 869 1511 pro
889 1478 1009 1510 peccato

261 1525 319 1542 non
336 1516 503 1554 postulasti.
526 1516 608 1545 Tunc
623 1516 698 1553 diti,
712 1517 791 1546 Ecce
803 1521 903 1554 venio,
916 1519 947 1546 in
961 1527 1010 1547 ca-

257 1562 318 1599 pite
333 1562 403 1590 libri
423 1564 561 1601 scriptum
578 1568 620 1591 est
633 1563 670 1590 de
683 1572 739 1591 me.
755 1563 857 1592 Paulus
870 1574 933 1603 crgo
947 1575 1010 1594 cum

258 1607 292 1635 dc
307 1607 462 1647 prophetico
475 1618 585 1637 munere
598 1607 722 1642 dixisset,
733 1618 782 1638 nce
793 1618 845 1638 non
860 1609 930 1638 illud
944 1621 1009 1649 quo-

258 1663 321 1691 quc,
332 1653 402 1682 Cum
416 1653 579 1682 sacrificium
593 1660 618 1682 et
629 1653 792 1683 oblationem
804 1661 831 1684 et
843 1666 892 1694 pro
902 1662 1009 1695 peccato
1031 1690 1034 1695 ¹

259 1698 437 1738 rcpudiasscs,
448 1706 512 1728 tunc
523 1699 592 1736 dixi,
603 1700 672 1729 Ecce
683 1700 762 1729 venio
774 1713 780 1729 :
793 1701 864 1730 tollit
877 1701 1007 1741 primum,

260 1750 290 1772 ut
308 1744 457 1774 secundum
478 1745 607 1775 stabiliat.
624 1747 660 1774 At
673 1746 783 1775 ubinam
802 1747 964 1777 sacrificium
983 1756 1009 1778 et

259 1790 360 1820 oblatio
376 1791 402 1820 in
414 1802 526 1832 corpore
537 1792 638 1822 Christi
653 1792 811 1822 invenitur?
824 1795 1007 1832 Quemadmo-

259 1836 326 1866 dum
348 1838 485 1877 apostolus
510 1838 611 1867 Paulus
631 1845 745 1868 testatur
765 1851 772 1867 τ
791 1841 916 1870 Obsecro
940 1853 1006 1878 vos,

250 1885 379 1924 fratres,
392 1894 446 1924 per
455 1886 684 1914 misericordiam
700 1886 757 1914 Dei
771 1893 803 1915 ut
815 1894 965 1928 tamquam
976 1891 1009 1929 fi-

260 1930 295 1958 lii
315 1931 416 1959 dilecti
435 1930 591 1960 ambuletis
607 1933 638 1959 in
659 1934 782 1961 caritate
798 1946 805 1961 .-
819 1936 1007 1973 quemadmo-

259 1977 330 2005 dum
350 1983 378 2005 et
404 1977 535 2006 Christus
556 1977 660 2006 dilexit
687 1989 750 2011 nos.
770 1986 799 2008 et
823 1983 1007 2022 semetipsum

256 2032 310 2060 pro
323 2024 405 2051 nobis
419 2023 500 2051 dedit
513 2023 687 2062 sacrificium
699 2031 727 2053 et
738 2025 916 2055 oblationem
930 2029 1005 2065 Deo,

258 2070 290 2097 in
305 2069 422 2097 odorem
436 2071 603 2098 suavitatis.
617 2070 729 2109 Propter
744 2078 769 2100 te
783 2072 908 2102 Christus
929 2084 1006 2103 sum-

258 2126 318 2144 mus
338 2122 378 2144 est
397 2115 520 2144 Pontifex
541 2128 547 2144 :
569 2122 679 2155 propter
700 2117 817 2156 seipsum
839 2120 922 2149 Deus.
943 2121 1007 2150 Noli

258 2168 362 2190 mutare
371 2161 454 2191 verba
466 2161 515 2190 Dei
528 2161 596 2191 vivi.
608 2163 639 2190 In
653 2163 768 2199 Patrem,
781 2164 897 2201 Filium,
909 2173 934 2195 et
945 2167 1007 2207 Spi-

258 2208 343 2238 ritum
358 2214 479 2237 sanctum
493 2208 643 2247 baptizatus
661 2219 688 2238 es
703 2221 710 2236 t
728 2220 777 2239 cur
790 2212 903 2241 sublatis
920 2214 1006 2243 nomi-

1072 265 1123 305 γὰρ
1150 266 1246 306 ἱερεὺς,
1271 268 1349 307 φησὶν
1358 290 1365 303 ,
1386 271 1423 303 εἷς
1443 269 1488 299 τὸν
1513 271 1595 299 αἰῶνα
1615 270 1683 299 κατὰ
1704 270 1752 306 τὴν
1772 269 1845 304 τάξιν

1073 312 1248 352 Μελχισεδέκ.
1271 313 1324 343 Διὰ
1336 317 1414 344 τοῦτο
1428 315 1608 355 συλλογίζεται
1618 338 1626 352 ,
1650 315 1695 345 καὶ
1716 316 1802 356 λέγει·
1823 318 1846 346 εἴ

1070 358 1122 398 γὰρ
1133 361 1150 395 ἡ
1164 359 1257 399 πρώτη
1272 360 1401 400 ἱερωσύνη
1413 357 1446 398 ἦν
1455 361 1603 401 ἄμεμπτος,
1610 362 1650 396 τίς
1657 362 1736 402 χρεία
1747 363 1846 403 λεχθῆ-

1071 417 1114 434 ναι
1127 405 1196 435 κατὰ
1208 405 1257 442 τὴν
1269 406 1342 441 τάξιν
1356 407 1524 448 Μελχισεδὲκ
1535 408 1690 438 ἀνίστασθαι
1708 407 1793 449 ἱερέα,
1803 408 1848 438 καὶ

1071 453 1099 481 οὐ
1118 451 1188 481 κατὰ
1208 452 1257 489 τὴν
1282 452 1354 487 τάξιν
1369 453 1483 494 'Ampe-Su
1508 454 1724 493 Μετατιθεμίνης
1738 454 1789 495 γὰρ
1800 456 1848 490 τῆς

1071 498 1228 537 ἱερωσύνης,
1243 498 1271 533 ἐξ
1281 498 1398 539 ἀνάγκης
1412 500 1457 530 καὶ
1470 499 1550 539 νόμου
1574 500 1711 540 μετάθεσις
1737 500 1846 539 γίνεται.

1036 547 1054 570 Β
1071 543 1220 584 Ἀρχιερεὺς
1233 544 1320 574 τοίνυν
1334 547 1348 575 6
1362 546 1458 586 Σωτὴρ
1470 548 1548 586 ἡμῶν
1559 569 1567 583 ,
1588 547 1617 576 οὐ
1641 545 1712 576 κατὰ
1736 546 1780 576 τὸν
1799 547 1847 582 τῆς

1071 589 1193 625 θεότητος
1209 590 1286 630 λόγον
1298 614 1306 628 ,
1328 591 1397 621 ἀλλὰ
1412 592 1482 622 κατὰ
1499 593 1543 622 τὸν
1561 594 1609 628 τῆς
1630 591 1726 632 σαρκὸς
1747 591 1829 622 τύπον
1839 604 1845 610 ·

1070 634 1124 663 ἄνω
1140 635 1277 676 σύνθρονος
1290 639 1360 666 Θεοῦ
1375 638 1408 667 δι’
1418 640 1499 677 ἡμᾶς,
1509 639 1554 668 καὶ
1568 638 1705 678 ἀρχιερεὺς
1717 637 1785 668 κατὰ
1795 638 1843 674 τὴν

1068 680 1141 714 τάξιν
1154 683 1330 723 Μελχισεδέκ.
1341 683 1410 723 Περὶ
1420 679 1451 714 οὗ
1463 684 1544 717 πολὺς
1555 686 1569 713 6
1579 684 1666 724 λόγος,
1680 684 1738 713 ἀλλ’
1753 684 1783 713 οὗ
1798 687 1844 713 τοῦ
1861 725 1863 727 ¹

1069 727 1205 767 παρόντος.
1226 729 1349 769 Πρόσεχε
1359 751 1367 765 ,
1381 731 1538 769 παρακαλῶ.
1550 725 1603 759 Ἦν
1618 731 1645 758 ἐν
1658 731 1697 770 τῷ
1705 729 1777 769 νόμῳ
1787 731 1846 758 ὁλο-

1069 774 1232 812 καυτώματα
1241 797 1249 810 ,
1262 775 1338 805 θυσία
1352 775 1413 816 περὶ
1425 776 1570 816 ἁμαρτίας,
1584 775 1736 816 προσφορά“
1763 775 1845 805 ἐλθὼν

1068 821 1082 848 6
1094 820 1191 860 Σωτὴρ
1203 821 1282 851 παύει
1296 822 1343 856 τὰς
1355 822 1467 856 τυπικὰς
1490 822 1651 862 προσφορὰς,
1665 822 1710 852 καὶ
1733 826 1803 852 ποιεῖ
1816 823 1846 852 τὸ

1069 867 1148 904 σῶμα
1167 866 1198 895 τὸ
1208 861 1274 897 ἴδιον
1288 868 1347 897 ἀντὶ
1360 869 1448 905 πάσης
1461 869 1559 902 θυσίας.
1577 867 1657 908 Λέγει
1666 869 1773 899 Παῦλος
1784 869 1845 909 περὶ

1068 915 1114 941 τοῦ
1134 913 1272 954 Σωτῆρος·
1286 914 1335 944 Διὸ
1349 914 1530 955 εἰσερχόμενος
1545 917 1581 948 εἷς
1594 915 1639 944 τὸν
1648 914 1747 954 κόσμον
1758 915 1843 955 λέγει·

1068 959 1170 989 Θυσίαν
1183 960 1228 989 καὶ
1242 961 1394 1001 προσφορὰν
1409 964 1457 990 οὐκ
1471 961 1619 997 ἠθέλησας·
1644 963 1724 1000 σῶμα
1741 962 1769 991 δὲ
1789 973 1840 991 κα-

1033 1004 1051 1027 C
1067 1005 1184 1045 τηρ-τίσω
1199 1005 1243 1044 μοί
1253 1019 1259 1024 ·
1274 1007 1484 1047 ὁλοκαυτώματα
1498 1008 1542 1037 καὶ
1554 1007 1615 1047 περὶ
1630 1006 1762 1047 ἁμαρτίας
1776 1010 1787 1023 ²
1796 1009 1844 1037 οὐκ

1066 1051 1226 1087 εὐδόκησας·
1246 1052 1305 1082 τότε
1320 1048 1410 1088 εἷπον,
1433 1053 1487 1083 ἰδοὺ
1509 1053 1584 1089 ἥκω·
1607 1054 1634 1082 ἐν
1659 1053 1780 1093 κεφαλίδι
1804 1055 1844 1093 βι-

1065 1096 1140 1127 ὅλίου
1163 1097 1313 1138 γέγραπται
1324 1098 1385 1138 περὶ
1409 1100 1483 1138 ἐμοῦ.
1504 1099 1595 1129 Εἰπὼν
1612 1098 1660 1135 τὴν
1681 1099 1843 1139 προφητείαν

1064 1144 1185 1179 Παῦλος,
1196 1144 1241 1173 καὶ
1255 1144 1381 1184 εἰρηκὼς,
1395 1145 1436 1174 ὅτι
1449 1145 1553 1175 Θυσίαν
1569 1145 1614 1174 καὶ
1627 1144 1779 1185 προσφορὰν
1798 1145 1844 1174 καὶ

1063 1190 1126 1230 περὶ
1140 1190 1273 1230 ἁμαρτίας
1287 1192 1335 1220 οὐκ
1347 1190 1479 1228 ἠθέλησας
1488 1216 1495 1228 ,
1513 1192 1572 1221 τότε
1586 1187 1659 1222 εἷπον
1669 1214 1677 1228 ‚
1695 1191 1750 1221 ἰδοὺ
1765 1191 1824 1227 ἥκω
1836 1212 1844 1226 ,

1064 1237 1166 1277 ἀναιρεῖ
1177 1236 1208 1266 τὸ
1220 1239 1325 1280 πρῶτον
1337 1259 1344 1273 ,
1357 1237 1400 1267 ἵνα
1410 1237 1441 1267 τὸ
1455 1237 1576 1277 δεύτερον
1588 1238 1684 1277 στήσῃ.
1698 1237 1752 1267 Καὶ
1763 1239 1814 1266 ποῦ
1825 1239 1842 1272 ἡ

1061 1282 1137 1311 θυσία
1155 1282 1199 1311 καὶ
1217 1285 1234 1318 ἡ
1257 1284 1394 1324 προσφορὰ
1407 1284 1555 1324 εὑρίσκεται
1569 1286 1595 1313 ἐν
1615 1285 1655 1324 τῷ
1668 1282 1772 1322 σώματι
1797 1284 1843 1312 τοῦ

1062 1329 1193 1367 Χριστοῦ;
1218 1328 1313 1362 Καθὼς
1337 1329 1434 1369 λέγειὸ
1449 1330 1593 1363 ἀπόστολος
1617 1330 1737 1363 Παῦλος·
1754 1330 1843 1367 Παρα-

1061 1374 1136 1402 καλῶ
1150 1375 1233 1412 ὑμᾶς,
1254 1375 1360 1415 ἀδελφοὶ
1373 1397 1381 1411 ,
1405 1376 1447 1405 διὰ
1465 1378 1517 1405 τῶν
1530 1377 1674 1415 οἰκτιρμῶν
1685 1378 1731 1405 τοῦ
1745 1377 1817 1406 Θεοῦ
1834 1399 1841 1411 ,

1061 1420 1098 1452 ὡς
1109 1419 1188 1448 τέκνα
1213 1422 1338 1460 ἀγαπητὰ
1352 1443 1359 1456 ,
1385 1426 1555 1462 περιπατεῖτε
1574 1424 1602 1451 ἐν
1620 1421 1728 1461 ἀγάπῃ,
1754 1422 1841 1455 καθὼς

1027 1461 1046 1484 D
1063 1465 1107 1495 καὶ
1121 1467 1135 1495 6
1148 1466 1262 1506 Χριστὸς
1272 1467 1412 1507 ἠγάπησεν
1426 1470 1498 1507 ἡμᾶς
1508 1490 1516 1504 ,
1527 1468 1572 1497 καὶ
1582 1467 1733 1507 παρέδωκεν
1748 1468 1839 1498 ἑαυτὸν

1063 1511 1129 1552 ὑπὲρ
1142 1515 1219 1552 ἡμῶν
1235 1513 1327 1544 θυσίαν
1339 1514 1384 1544 καὶ
1393 1515 1546 1556 προσφορὰν
1560 1517 1598 1555 τῷ
1607 1516 1686 1555 Θεῷ,
1703 1517 1740 1549 εἷς
1753 1515 1839 1555 ὀσμὴν

1065 1558 1182 1592 εὐωδίας.
1215 1559 1267 1589 Διὰ
1290 1560 1319 1590 σὲ
1335 1561 1490 1602 ἀρχιερεὺς,
1520 1562 1552 1590 δι’
1567 1561 1659 1591 ἑαυτὸν
1689 1562 1766 1595 Θεός.
1791 1562 1839 1598 Μὴ

1063 1603 1215 1642 μετάὸαλλε
1229 1605 1337 1646 ῥήματα
1351 1608 1422 1636 Θεοῦ
1450 1608 1554 1641 ζῶντος.
1584 1608 1631 1641 Εἰς
1657 1607 1768 1647 Πατέρα
1795 1608 1841 1637 καὶ

1063 1651 1128 1681 Υῑὸν
1138 1674 1145 1688 ,
1163 1651 1208 1681 καὶ
1232 1652 1306 1692 ἅγιον
1325 1654 1438 1692 Πνεῦμα
1447 1653 1608 1688 ἐδαπτίσθης
1618 1665 1624 1672 ·
1641 1653 1668 1682 τί
1681 1653 1795 1694 ἀναιρεῖς
1807 1654 1840 1683 τὰ

1062 1698 1179 1738 ὀνόματα
1205 1698 1239 1728 τὰ
1259 1700 1359 1736 ζῶντα,
1389 1699 1434 1728 καὶ
1457 1699 1569 1739 εἰσάγεις
1595 1700 1727 1739 ὀνόματα,
1766 1701 1841 1740 λογι-

1062 1746 1137 1783 σμῶν
1157 1744 1326 1784 γεννήματα,
1348 1744 1451 1784 λέγων,
1477 1745 1616 1784 ἀγέννητος
1640 1745 1685 1775 καὶ
1708 1746 1840 1785 γεννητὸς,

1062 1791 1168 1825 κτιστὸς
1180 1791 1226 1820 καὶ
1241 1791 1377 1828 ἄκτιστος,
1389 1791 1426 1821 ὢν
1437 1792 1477 1821 ἀεὶ
1490 1792 1535 1821 καὶ
1557 1792 1594 1831 μὴ
1609 1791 1646 1821 ὧν
1661 1792 1718 1829 ἀεί;
1730 1792 1840 1835 Τούτων

1063 1837 1187 1877 ἀνέχεται
1198 1838 1266 1872 Θεὸς
1277 1840 1329 1867 τῶν
1343 1837 1463 1878 ματαίων
1479 1837 1621 1878 ῥημάτων;
1643 1838 1694 1868 Ἓν
1710 1840 1784 1879 ῥῆμα
1797 1839 1840 1868 ἵνα

1064 1883 1203 1924 μεταὸἄλῃ
1218 1884 1356 1924 προφήτης
1383 1884 1458 1921 ποτὲ,
1477 1884 1655 1914 ἐκινδύνευσεν
1679 1885 1840 1915 ἀπολέσθαι·

1029 1927 1045 1950 Ε
1063 1929 1107 1959 καὶ
1121 1929 1203 1969 βλέπε
1217 1930 1333 1970 ῥήματος
1348 1933 1444 1970 μικροῦ
1458 1929 1655 1970 ἀκριὸολογίαν.
1672 1930 1716 1960 Τὰ
1730 1931 1839 1970 ῥήματα

1062 1977 1114 2004 τῶν
1137 1978 1279 2015 προφητῶν
1304 1987 1372 2009 τινες
1392 1975 1503 2006 ἐκάλουν
1514 1976 1566 2005 ὑπὸ
1579 1977 1716 2016 ἀπειρίας,
1744 1978 1839 2016 λῆμμα

1062 2021 1170 2061 Κυρίου.
1185 2021 1266 2061 Λέγει
1279 2024 1293 2051 6
1306 2022 1375 2055 Θεὸς
1393 2021 1436 2051 διὰ
1454 2021 1599 2062 Ἱερεμίου·
1623 2022 1688 2051 Ἐὰν
1716 2023 1838 2063 ἐρωτήσῃ

1062 2080 1091 2097 σε
1105 2069 1119 2096 6
1132 2068 1209 2103 λαὸς,
1224 2067 1242 2103 ἢ
1256 2070 1270 2097 6
1288 2067 1373 2107 ἱερεὺς
1384 2090 1393 2103 ,
1407 2067 1424 2103 ἢ
1439 2070 1453 2097 6
1469 2068 1624 2108 προφήτης,
1650 2069 1695 2098 καὶ
1710 2069 1772 2109 εἴπῃ
1789 2082 1839 2105 σοι,

1060 2114 1087 2143 τί
1111 2114 1141 2144 τὸ
1165 2115 1276 2153 λῆμμα;
1299 2114 1357 2144 εἰπὲ
1371 2115 1479 2150 αὐτοῖς,
1505 2114 1546 2144 ὅτι
1568 2115 1598 2144 τὸ
1623 2116 1719 2155 λῆμμα
1741 2116 1838 2157 Κυρίου

1061 2162 1137 2199 ὑμεῖς
1151 2161 1219 2189 ἐστε.
1247 2160 1375 2200 Λήψομαι
1393 2159 1445 2200 γὰρ
1466 2162 1535 2200 ὑμᾶς
1560 2162 1657 2201 λῆμμα
1669 2185 1677 2199 ,
1705 2162 1750 2192 καὶ
1769 2161 1838 2203 ῥέξω

1062 2208 1146 2246 ὑμᾶς,
1172 2206 1216 2235 ἵνα
1230 2206 1267 2246 μὴ
1287 2206 1382 2246 λέγητε
1406 2208 1511 2246 λῆμμα.
1531 2206 1583 2236 ιῈν
1604 2210 1677 2248 ῥῆμα
1689 2208 1733 2238 ἵνα
1753 2220 1836 2247 μετα-

259 2254 338 2283 nibus
360 2253 524 2289 viventibus,
541 2253 647 2283 inducis
671 2255 778 2284 nomina
797 2258 945 2297 excogitata
964 2259 1006 2298 di·
1018 2255 1175 2298 humi-1203,
1198 2254 1301 2282 ἅπεῑλεῑ
1313 2256 1327 2282 ὅ
1340 2253 1420 2286 Θεός·
1443 2253 1488 2282 καὶ
1501 2253 1533 2283 σὺ
1544 2253 1688 2294 ὁλόκληρον
1700 2254 1840 2294 δημᾶῖων

259 2310 332 2335 ccns,
351 2299 486 2339 ingenitus
508 2306 533 2328 et
555 2300 670 2339 genitus,
692 2308 796 2330 creatus
816 2309 841 2331 et
859 2303 1002 2342 increatus,
1027 2305 1047 2327 Α
1063 2298 1200 2339 ἄκρίὸεῑαν
1215 2299 1399 2339 διαστρέφεῑς,
1426 2299 1532 2339 Πατρὸς
1558 2299 1641 2341 ἄνομα
1666 2299 1839 2340 παραγραφό·

258 2345 305 2384 qui
327 2357 432 2386 semper
449 2352 488 2375 est
505 2352 530 2375 et
549 2346 596 2385 qui
617 2357 721 2386 semper
738 2357 790 2376 non
809 2349 866 2377 est?
883 2351 1005 2381 Haeccine

258 2390 332 2431 Deus
351 2393 439 2422 inania
463 2392 542 2422 verba
566 2393 681 2422 tolerat?
702 2394 822 2423 Unicum
841 2396 1005 2427 vocabulum

257 2451 321 2478 :cum
334 2439 480 2479 aliquando
490 2439 620 2480 propheta
631 2440 794 2478 immutaret,
809 2441 889 2470 etiam
903 2443 937 2472 de
950 2445 1006 2473 vita

259 2486 423 2527 periclitatus
442 2493 482 2515 est
499 2497 506 2524 ς
523 2485 628 2515 attende
642 2486 722 2516 unius
739 2487 842 2516 voculae
855 2490 1005 2519 accuratio-

294 2586 302 2597 Ἀ
321 2578 382 2604 Tres
393 2578 451 2602 MSS.
467 2581 504 2604 οὐκ
517 2582 635 2609 ἐζήτησας.

1063 2357 1139 2385 μενος
1146 2368 1154 2381 ,
1165 2345 1232 2374 Υἱοῦ
1246 2345 1320 2379 ἀξίαν
1332 2345 1499 2385 ἀρνούμενος,
1510 2345 1666 2384 Πνεύματος
1676 2345 1750 2384 ἁγίου
1763 2344 1839 2379 δόξαν

1063 2393 1176 2427 ἀθετῶν;
1189 2387 1240 2432 ἀρα
1249 2391 1372 2432 διαφεύξῃ
1384 2390 1431 2425 τὰς
1444 2393 1491 2420 τοῦ
1505 2392 1575 2421 Θεοῦ
1588 2395 1694 2431 χεῖρας;
1706 2390 1779 2431 Βαρὺ
1793 2391 1838 2420 καὶ

1063 2442 1172 2482 φοὸερὸν
1193 2442 1346 2483 διαστρέψαι
1370 2442 1448 2481 λόγον
1462 2442 1532 2472 Θεοῦ
1546 2443 1656 2479 ζῶντος,
1679 2441 1777 2482 Κυρίου
1791 2445 1837 2471 τοῦ

1063 2494 1133 2521 Θεοῦ
1147 2494 1234 2531 ἡμῶν.
1252 2492 1343 2532 Λόγων
1357 2491 1583 2533 διαστρεφομένων
1596 2494 1739 2532 ἀγανακτεῖ
1752 2492 1835 2526 Θεός·
