1890 2826
208 157 277 180 222

205 223 247 247 cat
259 229 265 246 :
277 217 319 247 sin
333 223 424 247 autem
436 215 493 247 illis
505 218 622 248 exeundi
635 219 680 250 vel
699 218 850 260 respirandi
862 217 948 248 facul·
963 221 980 244 Ε

205 270 286 293 tatem
305 263 425 303 aliquam
442 265 615 302 concesserit,
634 265 752 295 multum
770 265 828 295 illis
846 265 949 305 praebet

206 309 306 347 solatii,
320 320 406 349 neque
419 310 484 340 sinit
494 310 616 348 interire,
631 310 678 341 sed
690 311 947 342 efferatiores-multo

203 355 310 386 reddit:
322 355 359 385 ita
372 356 403 386 fit
417 356 445 386 in
459 357 538 387 malis
551 357 757 397 cogitationibus
766 379 774 394 ,
790 367 853 399 cum
865 368 948 387 exor-

203 408 237 430 1ae
259 401 332 431 intus
355 402 454 431 fuerint
466 403 504 432 :si
519 413 626 432 omnem
647 403 704 432 illis
727 402 812 441 viam,
826 413 861 433 ne
878 403 950 432 foras

204 448 349 488 prodeant,
371 449 610 485 intercluserimus‚
631 449 755 480 celeriter
772 449 835 480 illas
853 449 949 490 oppri—

203 504 325 524 memus:
336 494 377 524 sin
398 501 487 524 autem
501 495 563 525 illas
577 495 669 526 verbis
685 495 714 526 in
726 495 814 526 lucem
828 495 949 536 protule-

202 540 299 578 rimus,
314 551 377 571 cum
398 541 544 572 validiores
564 541 626 579 illas
646 541 802 579 reddemus,
825 549 851 572 et
872 542 950 581 quasi

203 598 251 627 per
270 586 391 631 linguam
406 588 557 628 respirandi
578 589 730 619 facultatem
746 589 803 619 illis
816 588 947 618 concede·
955 610 991 631 ¹94

202 646 274 672 mus,
284 642 343 665 tum
356 635 391 665 ab
405 636 454 665 illa
468 636 589 676 turpium
603 637 749 667 verborum
759 637 947 668 exercitatione
964 639 984 661 A

202 682 232 711 in
243 682 376 712 foedarum
389 683 524 712 actionum
541 683 700 713 barathrum
716 691 798 723 quam
811 684 949 714 celerrime

202 727 389 758 devolvemur.
410 728 514 758 Idcirco
537 739 590 758 non
610 729 769 769 simpliciter
786 730 948 770 Sepulcrum

202 774 313 805 vocavit·
328 775 470 815 propheta,
485 775 543 812 sed,
555 775 728 816 Sepulcrum
746 783 862 816 patens,
875 776 949 806 istud

203 819 294 860 ipsum
307 820 384 859 quod
397 820 457 850 dixi
469 820 537 851 vitio
551 828 666 851 vertens.
676 823 737 852 Non
749 823 821 852 enim
830 823 949 861 seipsum

205 873 308 896 tantum
321 865 406 895 afficit
416 866 574 906 ignominia,
585 867 632 906 qui
646 868 734 908 turpia
744 868 826 898 verba
837 868 949 908 profert,

204 912 252 942 sed
265 919 292 942 et
302 913 440 954 proximos
453 923 530 948 suos,
539 920 565 943 et
577 923 622 943 eos
634 914 756 952 quicum
769 915 827 954 ipso
840 925 951 945 versan-

206 965 262 995 tur,
278 958 374 989 multis
387 958 514 988 sordibus
526 959 624 999 opplet.
644 960 682 989 Et
693 960 922 998 quemadmodum
929 960 953 990 si

205 1005 329 1045 sepulcra
340 1012 499 1042 reseremus,
515 1005 636 1035 civitates
647 1012 720 1046 peste
734 1006 948 1045 complebimus:

205 1051 242 1080 ita
252 1051 277 1080 si
288 1051 379 1092 turpia
397 1051 509 1081 licenter
522 1052 678 1092 aperiantur
698 1062 755 1088 ora,
771 1059 892 1088 cunctos,
904 1051 952 1091 qui

205 1107 268 1127 cum
282 1097 340 1127 illis
360 1097 578 1136 congredientur,
591 1097 760 1136 gravissimis
773 1098 874 1127 morbis
887 1097 952 1127 infi-
968 1100 985 1123 B

205 1143 286 1173 cient.
298 1143 404 1173 Idcirco
416 1145 526 1184 januam
541 1150 658 1184 oportet,
671 1150 785 1181 vectem,
799 1154 830 1173 ac
845 1144 953 1174 frenum

205 1189 248 1218 ori
270 1189 416 1230 imponere.
433 1191 524 1219 Unam
545 1189 635 1228 itaque
652 1196 710 1219 tum
723 1190 806 1219 fuisse
820 1189 951 1228 linguam,

206 1235 269 1264 satis
278 1246 295 1264 a
303 1235 381 1265 nobis
391 1246 439 1276 per
454 1235 512 1265 hoec
533 1234 744 1264 demonstratum
754 1242 807 1266 est:
817 1235 954 1274 reliquum

206 1288 256 1319 est,
270 1289 392 1321 utquam
402 1282 438 1311 ob
448 1292 556 1312 causam
570 1282 662 1311 multae
673 1282 777 1312 suerint
785 1281 896 1312 invectae
908 1281 953 1311 di-

206 1338 309 1358 camus.
321 1328 376 1359 Sed
387 1328 494 1358 interim
509 1339 658 1359 sermonem
671 1328 707 1357 ad
721 1339 808 1358 mores
821 1328 956 1359 instruen-

208 1375 258 1404 dos
287 1374 464 1415 pertinentem
488 1375 634 1404 inferamus
645 1386 651 1404 :
663 1374 806 1404 doceamus
834 1375 956 1414 linguam

208 1429 327 1452 nostram
337 1423 443 1452 frenum
457 1431 612 1463 gerere,nec
620 1422 708 1452 omnia
721 1429 819 1452 temere
827 1423 955 1463 proferre,

208 1478 268 1508 quae
288 1468 317 1498 in
336 1475 451 1498 mentem
471 1468 605 1506 venerint,
625 1477 680 1498 non
699 1468 793 1498 fratres
807 1479 952 1498 accusare:

208 1525 260 1544 non
275 1521 371 1544 mutuo
384 1525 432 1544 nos
445 1514 567 1544 mordere
576 1524 606 1544 ac
620 1513 760 1545 devorare.
773 1515 881 1554 Pejores
893 1521 956 1544 sunt

209 1562 266 1592 illis
276 1563 323 1602 qui
337 1573 448 1603 corpora
459 1562 592 1599 mordent,
603 1562 645 1594 illi
658 1562 706 1602 qui
716 1563 806 1593 verbis
819 1562 849 1592 id
859 1569 952 1603 agunt.

209 1609 258 1640 Illi
269 1619 368 1649 corpus
380 1609 506 1639 dentibus
524 1609 664 1646 mordent,
678 1609 723 1639 bic
737 1609 854 1640 animam
864 1610 955 1640 verbis
969 1611 987 1635 C

209 1655 331 1692 mordet,
353 1655 579 1686 existimationem
601 1656 742 1692 vulnerat,
757 1655 956 1686 immedicabile

209 1702 310 1731 vulnus
323 1701 422 1741 infligit
434 1713 441 1730 ε
453 1707 617 1741 quapropter·
630 1707 704 1731 tanto
715 1700 833 1741 graviori
846 1702 956 1743 suppli-

209 1748 252 1777 cio
260 1748 405 1788 plectetur,
419 1754 520 1787 quanto
531 1747 651 1787 graviori
664 1758 756 1777 morsu
771 1747 886 1778 invadit.
902 1749 957 1779 Ne-

209 1805 261 1833 que
271 1805 337 1824 vero
350 1798 455 1824 tantum
469 1793 570 1824 idcirco
585 1794 693 1824 veniam
704 1804 757 1823 non
769 1794 958 1834 impetrabitis

209 1840 257 1878 qui
270 1840 438 1877 accusat‚sed
448 1840 528 1870 etiam
546 1839 620 1879 quod
633 1850 721 1878 neque
731 1841 836 1880 justum
850 1851 899 1870 nec
911 1841 956 1871 in-

206 1886 311 1925 justum
320 1886 405 1926 possit
415 1885 581 1929 improbitati
593 1896 647 1914 suae
657 1893 817 1926 praetextum
830 1886 958 1917 obtende-

209 1942 249 1961 re.
266 1933 335 1962 Nam
345 1932 397 1961 alia
414 1932 525 1976 quidem
539 1939 646 1972 peccata
660 1932 723 1962 licet
738 1943 831 1963 causas
843 1933 958 1964 habeant

210 1990 225 2008 a
239 1979 341 2008 ratione
358 1975 445 2008 tamen
465 1974 583 2016 alienas,
610 1978 709 2008 habent
732 1987 839 2010 tamen.
853 1988 955 2022 utpote,

210 2031 338 2054 scortator
351 2024 492 2054 libidinem
506 2025 608 2065 explet,
617 2026 663 2055 sur
670 2033 854 2066 paupertatem
862 2028 956 2064 solvit,

210 2072 345 2102 homicida
374 2071 542 2102 iracundiam
565 2071 654 2107 sedan
679 2072 827 2103 maledicus
851 2075 954 2106 nullam
970 2077 990 2100 1>

209 2125 296 2159 potest
308 2118 473 2149 occasionem
486 2119 591 2148 afferre.
602 2121 689 2156 Quam
701 2120 782 2157 enim,
792 2132 892 2160 quaeso,
908 2133 956 2162 pe-

209 2166 350 2195 cuniarum
368 2165 473 2204 copiam
497 2165 632 2204 acquirit?
648 2177 730 2205 quam
750 2166 892 2197 libidinem
905 2179 955 2198 ex-

207 2211 285 2251 plet?
298 2211 376 2242 Nihil
389 2210 465 2240 aliud
481 2218 530 2247 est,
545 2223 627 2250 quam
643 2212 754 2242 invidiae
766 2214 877 2242 materia
891 2226 898 2243 τ
911 2214 954 2244 cui

209 2258 285 2287 nulla
299 2258 419 2298 suppetit
431 2257 504 2296 justa
521 2268 600 2287 causa
621 2269 668 2287 nec
691 2258 800 2299 injusta,
815 2267 955 2300 propterea

208 2305 286 2334 nulla
296 2305 374 2335 venia
385 2304 468 2344 digna
482 2311 614 2333 censetur.
627 2304 679 2335 Vis
693 2306 838 2334 accusare?
852 2306 955 2336 Utilenr

208 2351 258 2380 tibi
280 2350 418 2380 materiam
438 2350 555 2390 praebeo.
570 2350 621 2380 Vis
644 2350 823 2380 maledicere?
837 2352 955 2382 Maledic

62 2397 263 2438 lsai.43.26.tuis
281 2396 407 2438 peccatis.
424 2396 482 2426 Dic
501 2395 584 2434 enim,
601 2395 700 2435 inquit,
717 2402 747 2426 tu
768 2404 890 2438 peccata
904 2404 956 2428 tua

242 2487 314 2513 -sic
331 2486 580 2512 Colbert.reete.1n
598 2484 680 2510 Editis
693 2488 738 2512 λὺιι
754 2485 833 2511 deest.
846 2485 968 2514 Ibidemt

209 2534 350 2562 κατηγορῶν.
362 2526 404 2551 Sic
415 2526 492 2550 ctiam
503 2523 635 2558 legendum
646 2533 721 2557 supra
736 2534 794 2550 cum
805 2525 900 2551 Savilio
915 2529 967 2552 exi-

210 2567 285 2591 stimo
298 2577 427 2598 συγγνωμης
438 2568 450 2592 ὁ
459 2570 597 2599 κακηγορῶν.
609 2563 642 2589 Et
654 2562 719 2589 sorte
734 2563 792 2589 alibi
803 2573 867 2598 saepe
882 2566 909 2591 in
919 2565 966 2591 hac

548 157 576 181 S·
602 156 744 181 JoANMs
769 155 954 181 CHRYSOST·
983 156 1140 181 aucmEP.
1167 157 1440 182 CONSTANTINOP-

1000 217 1047 248 καὶ
1060 218 1193 257 ἀναπνοὴν
1207 219 1335 260 παράσχῃ
1364 219 1460 260 μικρὰν
1471 243 1480 258 ,
1507 221 1608 258 πολλὴν
1619 222 1707 256 αὐτοῖς
1731 221 1773 252 δί-

1002 264 1068 293 δωσι
1082 264 1130 301 τὴν
1143 265 1313 305 παραμυθίαν
1326 287 1335 302 ,
1354 266 1400 295 καὶ
1421 267 1468 296 οὐκ
1488 266 1596 307 ἀφίησιν
1614 267 1774 305 ἀπολέσθαι,
1822 302 1824 304 ,

1002 311 1061 339 ἀλλ’
1072 311 1189 351 ἐκθηριοῖ
1211 311 1335 352 μειζόνως
1344 321 1351 329 ·
1375 311 1443 342 οὕτω
1457 312 1503 342 καὶ
1516 312 1560 343 ἐπὶ
1573 315 1626 343 τῶν
1639 314 1773 354 λογισμῶν

1001 356 1102 396 γίνεται
1125 358 1178 387 τῶν
1191 355 1314 398 πονηρῶν
1327 381 1335 396 ,
1356 358 1418 388 ὅταν
1435 361 1565 400 τεχθῶσιν
1580 359 1665 390 ἔνδον·
1680 359 1712 390 ἂν
1726 359 1774 399 μὲν

1002 402 1203 443 ἀποκλείσωμεν
1215 405 1301 444 αὐτῶν
1315 405 1365 441 τὴν
1379 407 1416 439 εἰς
1424 405 1458 435 τὰ
1470 405 1520 440 ἔξω
1533 406 1660 446 πρόοδον,
1672 406 1776 446 ταχέως

1002 448 1096 483 αὖτοὺς
1110 449 1268 490 ἀφανίζομεν
1279 462 1286 469 ·
1310 450 1341 481 ἂν
1362 451 1389 481 δὲ
1404 451 1448 481 διὰ
1460 453 1514 481 τῶν
1538 451 1663 492 ῥημάτων
1682 451 1781 486 αὐτοὺς

1001 495 1194 535 ἐξενέγκωμεν,
1216 496 1352 531 κάκείνως
1374 497 1557 538 ἰσχυροτέρους
1574 497 1755 538 εἷργασάμεθα
1766 512 1787 535 ,-

1002 540 1088 574 δόντες
1100 542 1262 571 ἀναπνεῦσαι
1276 542 1320 572 διὰ
1329 545 1377 579 τ’ἥς
1389 543 1511 583 γλώττης
1524 544 1627 578 αὐτοῖς,
1650 543 1696 573 καὶ
1710 543 1775 583 πρὸς

1002 586 1036 616 τὰ
1058 589 1111 617 τῶν
1127 587 1232 618 ἀτόπων
1254 588 1373 629 πράξεων
1398 589 1519 630 βάραθρα
1541 589 1644 630 ταχέως
1658 588 1714 619 ἀπὸ
1726 591 1776 628 τῆς

1002 636 1054 664 τῶν
1076 635 1192 675 αἰσχρῶν
1211 634 1338 675 ῥημάτων
1355 635 1467 674 μελέτης
1490 635 1702 675 καταπίπτομεν.
1722 636 1776 666 Διὰ

1001 683 1078 710 τοῦτο
1099 683 1112 710 ὁ
1129 680 1268 721 προφήτης
1284 682 1335 721 οὐχ
1350 681 1442 715 ἅπλῶς
1452 681 1535 722 τάφον
1550 681 1675 712 ἐκάλεσεν
1685 705 1693 719 ,
1707 681 1786 712 ἀλλὰ

1001 726 1092 766 Τάφον
1115 726 1294 767 ἀνεῳγμένον,
1308 726 1373 756 αὐτὸ
1384 730 1461 757 τοῦτο
1475 728 1593 767 ἐγκαλῶν
1611 727 1675 768 ὅπερ
1689 722 1775 757 εἷπον.

1001 772 1071 802 Οὐδὲ
1086 771 1136 812 γὰρ
1149 773 1241 802 ἑαυτὸν
1255 772 1376 813 αἰσχύνει
1395 773 1472 812 μόνον
1494 775 1509 804 ὁ
1527 773 1561 804 τὰ
1583 773 1683 814 αἰσχρὰ
1696 776 1777 814 φθεγ-

1000 818 1110 858 γόμενος
1125 818 1248 858 ῥήματα,
1268 818 1338 848 ἀλλὰ
1351 818 1397 849 καὶ
1417 818 1476 854 τοὺς
1495 819 1627 857 πλησίον,
1649 819 1695 849 καὶ
1717 819 1778 853 τοὺς
1805 822 1810 830 ’

1001 865 1203 904 συγγινομένους
1216 867 1289 906 αὐτῷ
1299 866 1400 901 πολλῆς
1413 866 1602 905 ἀναπίμπλησι
1621 868 1668 903 τῆς
1681 865 1777 905 λύμης.

1002 911 1056 940 Καὶ
1070 909 1189 951 καθάπερ
1209 912 1232 940 εἷ
1250 911 1310 945 τοὺς
1323 911 1420 951 τάφους
1439 911 1594 952 ἀνοίξομεν,
1615 913 1709 952 λοιμοῦ
1730 912 1796 955 τὰς,

1003 956 1093 989 πόλεις
1103 956 1290 995 ἔμπλήσομεν·
1303 956 1372 986 οὕτω
1383 957 1417 987 τὰ
1428 958 1528 999 αἰσχρὰ
1542 958 1661 998 στόματα
1676 960 1700 988 εἰ
1710 958 1779 998 μετὰ

1003 1002 1091 1035 ἀδείας
1110 1001 1252 1042 ἀνοίγοιτο,
1269 1002 1329 1036 τ’ὁὺς
1348 1003 1550 1043 συγγινομένοδς
1564 1005 1683 1039 ἅπαντας
1697 1005 1773 1035 νόσου

1005 1048 1200 1088 χαλεπωτάτης
1222 1049 1363 1087 ἐμπλήσει.
1388 1049 1441 1080 Διὰ
1464 1054 1541 1080 τοῦτο
1559 1050 1622 1091 χρὴ
1631 1050 1712 1091 θύραν
1732 1051 1778 1081 καὶ

1005 1094 1104 1134 μοχλὸν
1122 1094 1167 1124 καὶ
1180 1094 1288 1134 χαλινὸν
1302 1096 1429 1125 ἐπιθεῖναι
1442 1098 1481 1136 τῷ
1501 1096 1622 1135 στόματι.
1646 1096 1710 1127 ιὈτι
1730 1097 1777 1136 μὲν

1004 1137 1048 1171 οὗν
1060 1140 1110 1180 μία
1124 1139 1196 1181 φωνὴ
1209 1136 1242 1176 ἦν
1255 1140 1315 1170 τότε
1328 1162 1336 1176 ,
1357 1143 1453 1175 ἱκανῶς
1469 1143 1502 1171 ἐκ
1516 1141 1616 1172 τούτων
1629 1144 1694 1182 ἡμῖν
1707 1144 1779 1173 ἀπο-

1003 1186 1148 1217 δέδεικται·
1175 1186 1266 1216 λοιπὸν
1287 1186 1315 1216 δὲ
1334 1187 1476 1226 ἀναγκαῖον
1487 1189 1588 1225 εἰπεῖν,
1610 1187 1679 1222 τίνος
1692 1188 1778 1218 ἕνεκεν

1004 1234 1031 1262 αἱ
1040 1233 1136 1263 πολλαὶ
1142 1233 1349 1272 ἐπεισήχθησαν.
1359 1233 1438 1263 Ἀλλὰ
1445 1233 1511 1268 τέως
1519 1234 1564 1264 τὸν
1573 1234 1732 1275 ἠθικώτερον
1737 1247 1780 1275 γυ-

1004 1278 1146 1318 μνάσωμεν
1159 1278 1236 1318 λόγον
1244 1290 1250 1297 ·
1259 1278 1444 1317 παιδεύσωμεν
1454 1279 1502 1316 τὴν
1513 1279 1645 1320 ἡμετέραν
1657 1281 1778 1320 γλίἴντταν

1003 1324 1111 1364 χαλινὸν
1123 1325 1208 1364 ἔχειν,
1223 1324 1268 1354 καὶ
1288 1324 1326 1363 μὴ
1341 1324 1429 1354 πάντα
1442 1325 1534 1359 ἅπλῶς
1545 1326 1665 1366 ἐκφέρειν
1678 1326 1712 1357 τὰ
1726 1327 1780 1357 ἀπὸ

1003 1374 1051 1408 τῆς
1065 1371 1190 1405 διανοίας·
1203 1370 1241 1411 μὴ
1253 1376 1409 1411 κατηγορεῖν
1429 1371 1492 1406 τοὺς
1503 1372 1629 1413 ἀδελφοὺς
1639 1395 1648 1409 ,
1671 1373 1709 1412 μὴ
1733 1375 1780 1404 άλ-

1003 1417 1100 1453 λήλους
1121 1417 1225 1447 δάκνειν
1241 1417 1286 1447 καὶ
1300 1417 1469 1447 κατεσθίειν.
1495 1420 1558 1449 Τῶν
1570 1419 1728 1451 ,δακνόντων
1742 1420 1778 1450 τὰ

1006 1464 1119 1503 σώματα
1143 1464 1247 1504 χείρους
1266 1464 1331 1494 εἰσὶν
1351 1466 1376 1494 οἱ
1388 1463 1431 1494 διὰ
1441 1465 1526 1505 λόγων
1543 1468 1621 1496 τοῦτο
1635 1469 1778 1501 ποιοῦντες.

1005 1510 1121 1540 Ἐκεῖνοι
1140 1514 1195 1544 τοῖς
1208 1511 1296 1540 ὀδοῦσι
1317 1511 1441 1544 δάκνουσι
1464 1512 1496 1541 τὸ
1517 1513 1596 1550 σῶμα
1607 1533 1616 1547 ,
1638 1508 1712 1547 οἶτος
1724 1518 1786 1550 τοῖςγ

1005 1556 1092 1597 λόγοις
1103 1556 1192 1586 δάκνει
1209 1557 1259 1593 τὴν
1279 1557 1368 1598 ψυχὴν
1378 1580 1386 1594 ,
1409 1557 1550 1598 τιτρώσκει
1562 1557 1612 1594 τὴν
1625 1558 1759 1600 ὑπόληψιν
1770 1582 1779 1596 ,

1006 1603 1111 1633 ἀνίατον
1122 1608 1193 1633 ποιεῖ
1216 1604 1247 1634 τὸ
1267 1607 1382 1644 τραῦμα.
1401 1605 1502 1645 Διόπερ
1527 1604 1633 1644 μείζονα
1647 1605 1780 1640 ἐκδέξεται

1007 1650 1116 1680 κόλασιν
1126 1650 1172 1679 καὶ
1186 1649 1315 1691 τιμωρίαν
1327 1673 1334 1687 ,
1349 1650 1410 1680 ὅσον
1421 1650 1609 1692 χαλεπώτερον
1621 1651 1737 1688 ἔντίθησι
1750 1652 1780 1682 τὸ

1008 1697 1106 1736 δῆγμα.
1119 1697 1160 1726 Οὐ
1175 1696 1219 1726 διὰ
1236 1699 1313 1726 τοῦτο
1324 1696 1351 1726 δὲ
1368 1696 1447 1735 μόνον
1461 1697 1612 1727 ἐκπεσεῖται
1623 1697 1781 1738 συγγνώμης

1007 1745 1021 1772 ὁ
1034 1745 1204 1782 κατηγορῶν,
1220 1743 1279 1772 ἀλλ’
1294 1742 1334 1772 ὅτι
1351 1742 1410 1772 οὔτε
1426 1742 1531 1772 δικαίαν
1547 1742 1607 1773 οὔτε
1624 1743 1713 1773 ἄδικον
1724 1743 1781 1784 ἔχει

1006 1788 1139 1829 πρόφασιν
1153 1790 1236 1817 εἰπεῖν
1249 1790 1297 1824 τῆς
1311 1787 1438 1828 πονηρίας
1448 1800 1495 1824 της
1506 1790 1608 1819 ἑαυτοῦ.
1621 1790 1656 1819 Αἱ
1668 1789 1716 1829 μὲν
1729 1789 1781 1829 γὰρ

1007 1835 1112 1864 σ’ίλλιιιζ
1099 1833 1227 1875 αμαρτίαι
1252 1833 1300 1863 κᾶν
1323 1834 1431 1873 ἀλόγους
1462 1834 1559 1874 ἔχωσιν
1584 1835 1690 1871 αἰτίας,
1721 1837 1780 1865 ἀλλ’

1007 1880 1107 1919 8μως”
1092 1893 1104 1909 ε
1106 1892 1213 1920 χουσιν
1238 1875 1308 1917 οἷον,
1331 1882 1345 1909 ὁ
1358 1879 1453 1919 πόρνος
1479 1879 1618 1919 ἐπιθυμίαν
1632 1882 1748 1920 πληροῖ,
1766 1883 1780 1910 ὃ

1007 1926 1124 1962 κλέπτης
1148 1926 1195 1962 τὴν
1216 1926 1326 1955 Ιπενίαν
1351 1925 1409 1954 λύει
1421 1946 1429 1960 ,
1454 1925 1609 1965 ἀνδροφόνος
1631 1925 1675 1955 τὸν
1699 1927 1781 1966 θυμὸν

990 1989 992 1991 ·
1007 1972 1101 2013 παύει·
1120 1973 1135 2002 ὁ
1154 1974 1309 2012 κατηγορῶν
1324 1970 1447 2009 οὐδεμίαν
1462 1969 1518 2011 ἔχει
1536 1971 1667 2011 πρόφασιν
1687 1974 1780 2002 εἰπεῖν.

1007 2018 1093 2049 Ποίαν
1106 2018 1172 2058 γὰρ,
1185 2017 1244 2047 εἶπέ
1257 2029 1312 2056 μοι,
1326 2016 1475 2057 χρημάτων
1488 2017 1639 2056 περιουσίαν
1653 2018 1779 2058 περιὸάλ-

1007 2066 1097 2101 λεται;
1109 2064 1187 2094 ποίαν
1203 2063 1345 2102 ἐπιθυμίαν
1359 2064 1474 2102 πληροῖς
1495 2062 1580 2093 Οὐδὲν
1594 2063 1683 2104 ἕτερόν
1694 2066 1782 2102 ἐστιν,

1008 2113 1066 2142 ἀλλ’
1081 2111 1099 2147 ἢ
1115 2109 1260 2151 βασκανίας
1274 2109 1409 2144 ὑπόθεσις,
1422 2109 1483 2138 οὔτε
1497 2108 1600 2139 δικαίαν
1615 2109 1678 2140 οὔτε
1691 2111 1781 2141 ἄδικον

1007 2158 1104 2198 ἔχουσα
1125 2156 1221 2187 αἰτίαν.
1246 2155 1299 2186 Διὰ
1317 2158 1397 2187 τοῦτο
1419 2155 1599 2195 ἀπεστέρηται
1625 2157 1782 2197 συγγνώμης

1007 2204 1121 2241 ἁπάσης.
1136 2203 1231 2234 Βούλεί
1249 2201 1439 2242 ι’κακηγορεῖν;
1455 2201 1559 2241 Δίδωμί
1580 2214 1622 2232 σοι
1645 2203 1782 2244 χρησίμην

1008 2250 1141 2280 ὑπόθεσιν.
1155 2249 1250 2279 Βούλει
1271 2250 1358 2282 κακῶς
1373 2247 1474 2288 λέγειν;
1499 2248 1567 2278 Εἰπὲ
1585 2249 1633 2284 τὰς
1652 2250 1784 2289 ἁμαρτίας

1007 2310 1054 2328 σου
1068 2300 1167 2332 κακῶς.
1188 2297 1257 2337 Λέγε
1270 2296 1322 2336 γὰρ
1341 2296 1373 2326 σὺ
1388 2319 1395 2333 ,
1421 2297 1504 2337 φησὶ,
1525 2296 1574 2331 τὰς
1590 2297 1721 2338 ἁμαρτίας
1735 2309 1782 2328 σου

1007 2350 1111 2388 πρῶτος
1122 2371 1131 2386 ,
1151 2348 1195 2378 ἵνα
1206 2348 1357 2387 δικαιωθῇς.
1385 2342 1462 2381 Εἶδες
1480 2347 1640 2388 κακηγορίαν
1655 2348 1782 2388 στέφανον

1008 2398 1120 2439 ἔχουσαν
1132 2398 1180 2428 καὶ
1191 2397 1321 2438 ἐγκώμιον
1335 2396 1381 2427 καὶ
1388 2398 1565 2436 δικαιοσύνην;
1573 2397 1783 2434 Πα’λιν,Δίκαιος

1019 2487 1127 2513 homilia
1139 2495 1272 2524 κατηγορῶν
1284 2497 1333 2521 pro
1343 2495 1475 2524 κακηγορῶν
1486 2489 1597 2521 positum
1606 2487 1691 2515 fuerit

1050 2529 1064 2547 b
1080 2527 1154 2554 Colb.
1169 2533 1310 2562 κακηγορεῖν.
1322 2526 1372 2556 Alii
1386 2534 1528 2563 κατηγορεῖν.
