1890 2826
108 769 169 792 [laid.
183 779 202 792 ν.
211 768 244 792 ι8.

99 1696 155 1717 Gen.
169 1701 189 1717 1.
203 1696 239 1725 14.

257 180 328 224 534

258 253 274 281 s
279 263 328 281 xus
353 259 391 281 est
409 252 435 281 in
450 251 560 286 oriente,
582 251 646 279 luna
666 250 719 279 fixa
733 257 772 279 est
793 250 820 279 in
847 249 999 279 occidente:

258 299 383 337 qnoniam
398 298 462 327 huic
473 297 582 337 quidem
597 297 704 337 jussum
722 297 808 326 suerat
821 306 933 336 praeesse
946 307 1000 326 no-

258 345 304 381 eti,
321 345 360 374 illi
377 355 440 375 vero
453 344 518 373 diei.
535 344 615 373 Facta
631 342 715 382 igitur
729 349 767 371 est
780 341 855 378 luna,
869 349 896 372 et
912 343 1000 383 primo

258 392 302 420 die
316 392 392 432 plena
408 391 536 431 gignitur.
551 391 612 420 Non
625 389 695 419 enim
710 400 760 428 par
769 395 825 418 erat
837 389 926 418 statim
939 400 1000 418 mu-

257 438 337 467 tilum
360 448 428 478 opus
448 432 600 477 apparerej
626 435 674 465 sed
704 435 844 476 oportebat
867 435 1001 465 luminare

258 484 361 513 ostendi
383 484 462 523 quale
480 484 580 512 factum
600 489 650 512 est.
671 483 766 512 Postea
787 491 852 511 vero
866 478 902 511 ex
913 489 1001 511 muta-

258 531 329 560 tione
349 530 465 560 ostendit
480 537 601 570 tempora
623 536 649 559 et
662 535 829 569 tempestates
848 535 875 557 et
893 527 998 558 dierum

258 576 466 606 vicissitudines.
481 576 561 605 Illam
575 575 659 616 igitur
672 574 764 604 condit
776 575 850 604 Deus
863 574 941 613 quasi
952 573 999 603 de-

948 188 1088 212 SEVERIA
1095 190 1127 213 NJ

1053 251 1158 281 ἐλάσσω
1180 254 1217 285 εἷς
1231 253 1314 293 ἀρχὰς
1334 255 1381 290 τῆς
1395 253 1494 288 νυκτός.
1514 253 1581 284 Ὅτε
1601 256 1616 284 ὁ
1637 254 1710 290 ἥλιος
1735 253 1822 294 ἐπάγη

1053 298 1089 330 εἷς
1113 298 1260 335 ἀνατολὴν,
1285 299 1372 339 ἐπάγη
1395 302 1412 336 ἡ
1437 300 1536 337 σελήνη
1557 300 1707 335 εἷς’δύσιν·
1731 299 1822 336 ἐπειδὴ

1053 344 1139 380 ἐκείνη
1163 344 1209 383 μὲν
1231 345 1322 385 ἄρχειν
1342 348 1390 382 τῆς
1412 346 1503 380 νυκτὸς
1525 346 1680 383 ἐκελεύσθη,
1700 348 1714 375 ὃ
1738 346 1765 376 δὲ
1776 348 1824 382 τῆς

1054 389 1162 429 ἡμέρας.
1186 390 1310 430 Ἐγένετο
1333 387 1378 421 οὖν
1399 395 1416 428 ἡ
1438 392 1554 429 σελήνη,
1575 392 1621 422 καὶ
1643 397 1767 432 γεννᾶται
1789 394 1823 432 τῇ

1054 435 1147 475 πρώτῃ
1167 436 1256 477 ἡμέρᾳ
1277 437 1449 474 πανσέληνος.
1471 439 1512 468 Οὔ
1526 437 1578 478 γὰρ
1588 437 1668 467 ἔδει’
1653 437 1823 478 ηκρωτηριά-

1055 483 1114 510 eom
1123 482 1154 511 τὸ
1163 481 1239 521 ἔργον
1249 483 1353 520 εὐθέως,
1363 485 1421 513 ἀλλ’
1433 483 1486 513 ἔδει
1497 484 1633 539 δειχθῆναι
1642 482 1688 512 τὸν
1698 485 1825 523 φωστῆρα

1053 523 1089 555 οἴ
1081 539 1104 560 ς
1129 527 1241 567 ἐγένετο.
1263 527 1341 558 Μετὰ
1364 529 1392 559 δὲ
1413 542 1498 559 ταυτα
1524 531 1557 570 τῇ
1579 528 1719 559 ἀλλοιώσει
1744 527 1824 562 ἔδειξε

1052 573 1161 612 χρόνους
1175 574 1220 603 καὶ
1234 574 1340 614 καιρους
1359 575 1404 605 καὶ
1424 575 1549 616 διαφορὰς
1559 577 1675 615 ἡμερῶν.
1689 575 1767 604 Ποιεῖ
1779 569 1824 604 οὖν

257 623 351 653 cimam
379 623 500 663 quintam
525 622 642 663 plenam.
667 621 714 651 sol
740 627 816 650 ortus
838 627 877 650 est
899 630 996 650 mane:
1015 619 1034 642 Ε
1054 619 1135 655 αὐτὴν
1149 622 1162 649 ὁ
1175 621 1215 649 Θε
1216 620 1270 654 ὸς
1256 633 1292 654 ως
1311 621 1579 651 πεντεκαιδεκαταίαν
1598 620 1822 661 πεπληρωμένην

257 667 364 706 quando
376 667 447 696 enim
453 667 539 696 infixa
545 666 596 695 fuit
605 666 670 695 luna
679 666 707 695 in
717 665 946 701 matutin'ishoris‚
956 676 1001 705 ap-

256 713 346 752 paruit
355 713 382 742 in
390 712 536 742 occidente.
549 711 607 742 Ubi
616 711 699 751 igitur
705 711 862 740 solcursum
872 721 951 740 suum
965 710 1001 740 ad

255 758 418 789 occidentem
436 758 603 795 conficiebat,
611 758 675 787 luna
692 757 781 787 statim
797 757 832 786 ad
845 764 935 787 ortum
952 768 998 787 ve-

255 805 355 842 niebat,
369 812 399 834 ut
412 805 571 845 impleretur
585 804 656 834 illud
670 814 676 831 :
689 805 887 834 Dominentur
899 804 959 833 diei
972 811 1000 833 et

254 945 301 974 tia.
311 946 459 985 Oportebat
472 945 547 974 illam
553 951 648 984 quarta
654 944 699 973 die
710 944 817 981 factam,
829 950 951 982 quartam
961 943 1001 972 lu·

255 1002 321 1021 cere.
336 994 369 1021 At
380 992 403 1021 si
417 999 511 1031 quarta
525 991 630 1028 fuisset,
640 1002 776 1021 summum
788 990 933 1020 occidentis
947 1000 1000 1019 non

254 1046 419 1079 occupasset.
445 1039 557 1069 lnvema
573 1039 657 1079 igitur
670 1045 710 1068 est
728 1037 858 1067 excedens
876 1036 999 1067 undecim

254 1086 327 1115 dies.-
348 1093 443 1124 quarta
456 1086 524 1115 facta
537 1092 587 1122 est,
602 1092 627 1114 et
640 1085 785 1125 apparebat
804 1091 834 1113 ut
855 1083 1000 1123 quintade-

254 1132 322 1160 cima
338 1143 344 1158 ε
361 1131 485 1161 undecim
499 1141 563 1171 ergo
582 1130 679 1160 diebus
693 1131 757 1159 luna
770 1131 854 1159 solem
869 1130 1000 1171 praecede-

253 1178 309 1213 bat,
333 1187 385 1206 non
411 1177 559 1206 secundnm
579 1177 738 1206 creationem
751 1198 759 1212 ‚
783 1175 831 1205 sed
851 1176 999 1206 secundum

253 1223 322 1253 lucis
335 1223 517 1264 splendorem.
532 1224 714 1260 Quamobrem
730 1223 829 1262 quibus
848 1229 912 1252 tunc
934 1223 998 1253 luna

253 1269 397 1299 excedebat
412 1269 520 1306 diebus,
536 1280 581 1298 cos
602 1269 653 1298 soli
672 1269 798 1299 restituit.
819 1271 904 1298 Lunae
925 1269 998 1298 enim

253 1326 283 1344 ae
298 1317 395 1345 mensis
419 1315 550 1355 cujusque
563 1325 704 1351 numerus,
721 1326 736 1344 a
754 1314 851 1354 viginti
864 1325 959 1343 novem
971 1321 997 1343 et

251 1361 367 1391 dimidio
384 1362 489 1397 diebus,
504 1362 530 1390 in
543 1360 684 1390 duodecim
699 1361 762 1390 anni
776 1361 924 1398 mensibus,
939 1360 996 1390 dies

250 1408 331 1438 habet
349 1416 478 1438 trecentos
491 1407 685 1447 quinquaginta
699 1414 826 1446 quatuor.
842 1407 911 1436 Nam
922 1406 944 1436 si
959 1406 995 1436 ita

251 1454 384 1483 calculum
403 1454 526 1495 posueris
539 1477 547 1491 ‚
562 1461 592 1483 ut
606 1453 704 1483 mensis
719 1453 754 1482 sit
767 1452 873 1482 dierum
899 1452 995 1492 viginti

250 1511 346 1530 novem
360 1509 386 1530 et
411 1500 532 1537 dimidii,
554 1500 618 1530 anni
635 1499 693 1528 dies
706 1506 769 1529 sunt
788 1500 898 1528 trecenti
912 1499 994 1538 quin·
1010 1495 1027 1518 Β

250 1547 377 1586 quaginta
390 1553 517 1585 quatuor,
541 1553 571 1575 nt
583 1556 650 1584 qnos
663 1545 729 1574 luna
748 1551 812 1574 tunc
824 1546 917 1586 rapuit
933 1545 995 1585 piu·

249 1603 292 1622 res
313 1593 380 1629 dies,
398 1603 447 1632 per
465 1603 565 1621 annum
586 1591 637 1621 soli
657 1590 763 1620 reddat.
791 1592 926 1632 Supputet
946 1590 995 1630 qui

248 1640 307 1678 ejus
328 1639 392 1667 artis
404 1638 507 1678 peritus
519 1644 567 1667 est.

290 1686 318 1714 5.
343 1686 436 1714 Fiant
450 1684 608 1713 luminaria
627 1685 660 1711 in
668 1683 861 1724 firmamento
875 1684 950 1719 caeli,
963 1691 996 1713 ut

251 1731 369 1760 luceant
392 1740 478 1769 super
501 1736 618 1758 terram.
642 1729 779 1766 Quoniam
803 1729 874 1769 ignis
899 1737 995 1759 natura

249 1787 357 1806 sursum
378 1776 514 1813 tendebat,
527 1776 632 1805 frenum
647 1782 747 1804 naturae
758 1777 832 1805 Dens
851 1776 992 1816 imposuit,

249 1831 279 1852 ut
302 1822 391 1852 radios
415 1832 467 1851 non
493 1832 601 1851 sursum
623 1821 766 1857 emitteret,
784 1821 831 1850 sed
853 1821 991 1852 deorsum.

249 1870 322 1909 Ignis
331 1870 403 1898 enim
413 1879 466 1898 non
476 1869 543 1898 solet
553 1868 680 1897 deorsum
689 1867 807 1903 tendere,
815 1867 861 1896 sed
873 1879 990 1898 sursum.

250 1915 278 1944 Si
293 1916 376 1944 facem
389 1915 483 1950 habes,
498 1921 571 1943 verte
584 1913 721 1949 deorsum,
733 1919 758 1941 et
771 1912 877 1942 videbis
889 1914 993 1943 etiamsi

249 1961 457 1989 instrumentum
470 1958 542 1988 illud
551 1958 677 1988 deorsum
687 1965 786 1995 vertas,
803 1959 891 1998 ignem
904 1967 992 1989 tamen

249 2016 356 2034 sursum
390 2005 508 2034 tendere.
537 2006 606 2034 Cum
640 2003 719 2033 sciret
752 2015 815 2044 ergo
848 2016 907 2034 eam
936 2016 993 2035 esse
1009 2011 1027 2034 C

249 2051 324 2080 illius
349 2058 471 2080 naturam
482 2074 488 2086 ‚
515 2050 637 2079 cohibuit
662 2050 737 2079 illam
750 2073 757 2087 ,
786 2062 819 2080 ne
844 2051 992 2082 secundum

248 2105 371 2127 naturam
402 2097 516 2133 luceret,
531 2096 577 2126 sed
603 2096 750 2125 secundum
777 2105 948 2137 praeceptum.
962 2099 991 2128 Si

249 2146 310 2184 quis
332 2152 451 2174 vestrum
473 2144 626 2173 observavit
645 2143 735 2172 oleum
753 2143 779 2172 in
798 2145 925 2180 lucerna,
938 2156 991 2184 qua

248 2192 350 2221 scilieet
364 2192 465 2221 ratione
479 2201 540 2220 cum
558 2190 617 2219 oleo
630 2189 775 2226 avellatur,
789 2198 814 2220 et
827 2192 870 2222 vis
883 2192 935 2220 olei
949 2191 990 2221 in-

248 2239 289 2267 fra
305 2239 410 2272 trahat,
426 2244 520 2266 natura
543 2247 608 2266 vero
627 2237 697 2276 ignis
717 2247 824 2266 sursum
843 2237 944 2274 tendat,
959 2249 990 2267 ac

248 2284 325 2323 quasi
353 2284 409 2314 vim
436 2283 568 2324 patiatur,
594 2283 690 2312 clamat
707 2294 713 2311 ε
736 2283 759 2312 si
787 2282 894 2321 qnando
918 2284 990 2313 enim

247 2331 256 2359 i
259 2331 320 2370 gnis
331 2337 442 2370 cogatur
451 2340 569 2366 currere,
580 2335 672 2358 contra
682 2339 785 2358 morem
796 2339 887 2366 sunm,
898 2340 990 2359 vocem

248 2377 356 2414 emittit,
369 2387 399 2406 ae
412 2376 435 2405 si
449 2376 507 2407 vim
523 2382 669 2415 pateretur,
684 2385 714 2403 ac
728 2374 751 2403 si
764 2381 854 2403 contra
869 2381 991 2404 naturam

248 2423 376 2452 tenderet.
390 2423 419 2452 Si
440 2421 506 2461 quid
525 2421 597 2451 enim
616 2420 746 2449 elemento
759 2427 854 2460 praeter
867 2428 990 2450 naturam

247 2468 360 2504 accidat,
373 2468 463 2508 ipsum
476 2468 582 2497 clamat.
610 2466 721 2504 Quare?
734 2467 832 2496 Oleum
847 2477 909 2496 cum
922 2467 989 2506 inje-

281 2559 294 2577 1,
311 2559 369 2582 llaec
382 2556 458 2582 habes
470 2557 536 2589 apud
549 2557 666 2582 cosmam
673 2565 698 2589 p.
714 2557 772 2580 325.

281 2605 291 2616 ἑ·
310 2597 402 2629 [Savil.
417 2598 482 2630 conj.
495 2603 646 2631 παρατηρήσῃ
658 2601 692 2622 τό.
705 2594 838 2620 Combefis.
855 2593 925 2620 dedit
938 2606 1009 2629 mps-

1052 664 1087 694 Ὁ
1100 665 1174 701 ἥλιος
1188 666 1324 696 ἀνέτελλεν
1346 666 1452 707 ὄρθρου·
1467 666 1511 697 ὅτε
1526 667 1578 707 γὰρ
1592 665 1678 705 ἐπάγη
1693 668 1710 702 ἡ
1725 665 1823 702 σελήνη

1053 712 1079 739 ἐν
1093 713 1132 751 τῷ
1143 712 1244 752 ὄρθρῳ,
1259 713 1380 752 ἐφαίνετο
1393 712 1457 752 πρὸς
1472 712 1554 742 δύσιν.
1566 711 1614 745 Ὡς
1627 707 1672 741 οὖν
1691 711 1798 752 ἔτρεχεν
1811 714 1825 741 ὁ

1052 756 1126 792 ἥλιος
1146 758 1191 787 τὸν
1208 758 1273 787 ἴδιον
1289 759 1383 798 δρόμον
1396 758 1461 799 πρὸς
1475 758 1563 794 δύσιν,
1581 760 1598 794 ἡ
1615 757 1714 794 σελήνη
1727 757 1826 798 ἤρχετο

1053 802 1147 837 εὐθέως
1160 806 1206 833 τοῦ
1222 804 1383 840 ἀνατέλλειν,
1397 807 1439 834 ἵνα
1453 807 1582 845 πληρωθῇ
1597 804 1645 840 τὸ,
1659 803 1825 844 Ἀρχέτωσαν

138 868 198 890 Dan,
208 876 246 890 cu„
257 853 340 881 nocti.
355 851 439 881 Aliud
463 851 571 881 demum
586 851 737 890 quaeritnr.
752 861 802 880 cur
817 851 890 879 Deus
906 851 999 879 lunam
1007 865 1043 885 10⁵7
1053 850 1100 883 τῆς
1117 849 1219 890 ἡμέρας
1232 850 1277 879 καὶ
1297 852 1344 886 τῆς
1355 850 1455 884 νυκτός.
1470 849 1594 880 ι’Λοιπὸν
1606 849 1729 889 ζήτημα·
1744 849 1787 879 διὰ
1799 850 1826 879 τί

103 899 178 920 lumm
198 893 1035 938 1¹2-plenamsecit?Anim11madhibe·altaenhnestsenten-A
1053 896 1068 923 ὁ
1080 895 1150 929 Θεὸς
1164 895 1377 937 πεπληρωμένην
1391 897 1499 933 ἐποίησε
1519 896 1568 932 τὴν
1590 897 1721 935 σελήνην,
1735 895 1825 954 Πρόσ-

105 938 155 951 Ιι-ἰπι
173 932 246 959 primo

104 962 169 983 theeri
174 968 189 984 t.

1053 953 1117 982 εχε·
1131 941 1161 971 τὸ
1174 942 1225 983 γὰρ
1244 943 1332 982 νόημα
1350 943 1426 983 βαθύ.
1441 945 1543 984 Ἐχρῆν
1563 943 1644 980 αὗτὴν
1663 946 1696 983 τῇ
1710 942 1826 982 τετάρτῃ

1053 988 1142 1029 ἡμέρᾳ
1159 989 1320 1028 γεναμένην,
1343 991 1379 1023 ὡς
1397 989 1568 1045 rerapwfown
1575 989 1724 1034 φαίνεσθαι
1746 987 1826 1018 Ἀλλὰ

1053 1035 1133 1064 πάλιν
1146 1036 1170 1064 εἰ
1181 1031 1213 1071 ἦν
1225 1035 1382 1075 τεταρταία,
1396 1036 1427 1066 τὸ
1440 1036 1520 1076 ἄκρον
1534 1037 1582 1071 τῆς
1594 1030 1692 1068 δύσεως
1711 1035 1759 1064 οὐκ
1776 1035 1823 1062 ἀν-

1052 1085 1149 1121 τεῖχεν.
1164 1082 1268 1121 Εὗρέθη
1278 1077 1323 1111 οὗν
1338 1083 1533 1111 πλεονεκτοῦσα
1545 1082 1639 1111 ἕνδεκα
1651 1079 1767 1120 ἡμέρας·
1779 1091 1825 1109 τε-

1051 1127 1164 1168 ταρταία
1179 1127 1292 1166 ἐγένετο,
1309 1127 1354 1157 καὶ
1371 1127 1491 1168 ἐφαίνετο
1507 1129 1543 1161 ὡς
1557 1124 1825 1157 πεντααιδεκᾱταία·

1051 1174 1144 1203 ἕνδεκα
1156 1174 1257 1214 ἡμέρας
1271 1173 1436 1203 ἐπλεονέκτει
1446 1173 1538 1203 λοιπὸν
1546 1175 1563 1209 ἡ
1574 1172 1672 1208 σελήνη
1684 1171 1730 1201 τὸν
1740 1170 1826 1207 ἥλιον,

1050 1220 1079 1249 οὐ
1101 1222 1135 1259 τῇ
1158 1220 1282 1255 ποιήσει,
1302 1219 1371 1250 ἀλλὰ
1385 1222 1418 1260 τῇ
1434 1219 1537 1260 φαύσει.
1552 1218 1604 1249 Διὰ
1618 1222 1695 1248 τοῦτο
1717 1217 1747 1251 ἃς
1766 1216 1826 1246 τότε

1049 1266 1256 1303 ἐπλεονέκτησεν
1271 1269 1287 1301 ἡ
1300 1265 1408 1302 σελήνη,
1419 1265 1564 1296 ἀποδίδωσι
1577 1266 1617 1305 τῷ
1635 1263 1713 1304 ἡλίῳ.
1726 1262 1762 1294 Ὁ
1774 1263 1825 1303 γὰρ

1048 1311 1117 1340 κατὰ
1131 1312 1246 1347 σελήνην
1261 1312 1306 1341 καὶ
1321 1314 1379 1341 καθ’
1395 1312 1507 1341 ἕκαστον
1526 1313 1598 1350 μῆνα
1612 1310 1666 1341 ἀπὸ
1685 1310 1768 1340 εἴκοσι
1779 1309 1824 1338 ἐν-

1047 1358 1093 1386 νέα
1108 1357 1197 1396 ἥμισυ·
1210 1360 1317 1398 ἡμερῶν
1336 1358 1446 1397 ἀριθμὸς
1459 1357 1612 1397 γιγνόμενος
1621 1378 1630 1392 ,
1641 1360 1713 1386 ποιεῖ
1730 1357 1758 1386 ἐν
1772 1359 1827 1388 τοῖς

1047 1404 1157 1433 δεκαδύο
1171 1403 1237 1442 μησὶ
1251 1406 1296 1433 τοῦ
1309 1405 1428 1433 ἐνιαυτοῦ
1439 1403 1540 1443 ἡμέρας
1553 1402 1706 1442 τριακοσίας
1718 1401 1819 1437 πεντή-

1046 1462 1126 1479 κοντα
1144 1449 1283 1490 τέσσαρας.
1297 1450 1363 1480 Ἐὰν
1380 1449 1431 1490 γὰρ
1446 1449 1515 1479 οὕτω
1538 1448 1656 1489 ψηφίσῃς
1679 1448 1724 1478 τὸν
1746 1449 1818 1485 μῆνα

1046 1496 1099 1526 ἀπὸ
1113 1496 1196 1525 εἴκοσι
1209 1495 1283 1525 ἐννέα
1293 1496 1378 1535 ἥμισυ
1391 1497 1508 1535 ἡμερῶν,
1521 1494 1655 1534 γίγνονται
1671 1496 1717 1524 τοῦ
1729 1495 1818 1523 ἐνιαυ-

1046 1545 1091 1571 τοῦ
1108 1541 1207 1581 ἡμέραι
1221 1541 1370 1581 τριακόσιαι
1387 1540 1553 1576 πεντήκοντα
1572 1539 1714 1580 τέσσαρες,
1731 1539 1776 1569 ἵνα
1788 1540 1819 1572 ἃς

1046 1586 1235 1622 ἐπλεονέκτησε
1255 1587 1316 1616 τότε
1339 1586 1441 1627 ἡμέρας
1463 1589 1482 1622 ἦ
1502 1585 1603 1622 σελήνη
1621 1586 1680 1615 κατ’
1700 1585 1817 1615 ἐνιαυτὸν

1045 1633 1191 1662 ἀποδίδωσι
1202 1635 1240 1673 τῷ
1250 1632 1329 1674 ἡλίῳ.
1344 1632 1379 1662 Ὁ
1390 1631 1523 1673 ψηφιστὴς
1534 1631 1679 1672 ψηφιζέτω.

1088 1685 1280 1721 Γενηθήτωσαν
1306 1687 1443 1725 φωστῆρες
1464 1686 1492 1714 ἐν
1518 1686 1558 1725 τῷ
1584 1683 1749 1724 στερεώματι
1770 1685 1818 1712 τοῦ

1047 1733 1171 1771 οὐρανοῦ,
1185 1730 1255 1760 ὥστε
1268 1730 1368 1771 φαίνειν
1383 1731 1427 1760 ἐπὶ
1448 1732 1496 1766 τῆς
1512 1732 1570 1770 γῆς.
1587 1729 1698 1766 Ἐπειδὴ
1713 1731 1730 1765 ἡ
1742 1728 1818 1769 φύσις

1046 1781 1091 1807 τοῦ
1099 1777 1180 1818 πυρὸς
1195 1777 1346 1817 ἀνώδρομος
1365 1772 1415 1814 ἦν,
1432 1776 1540 1816 χαλινὸν
1560 1776 1707 1813 ἐπιτίθησιν
1721 1778 1736 1806 ὁ
1749 1775 1818 1809 Θεὸς

1046 1826 1078 1863 τῇ
1098 1823 1189 1864 φύσει,
1208 1823 1277 1852 ὥστε
1297 1822 1334 1862 μὴ
1350 1823 1404 1852 ἄνω
1422 1821 1538 1862 πέμπειν
1555 1821 1605 1858 τὴν
1625 1822 1724 1861 αὐγὴν,
1749 1821 1818 1851 ἀλλὰ

1046 1870 1130 1899 κάτω.
1146 1871 1206 1909 Πῦρ
1220 1869 1272 1908 γὰρ
1286 1870 1334 1899 οὐκ
1354 1868 1477 1908 ἀνέχεται
1495 1867 1636 1926 προσέχειν
1655 1867 1742 1903 κάτω,
1757 1869 1816 1897 ἀλλ’

1046 1915 1110 1945 ἄνω.
1114 1915 1201 1945 ”Ἐὰν
1188 1927 1253 1955 εχῃς
1259 1916 1337 1955 δᾷδα,
1347 1914 1458 1955 στρέψον
1469 1914 1550 1950 αὐτὴν
1559 1914 1641 1951 κάτω,
1650 1913 1696 1943 καὶ
1704 1915 1767 1954 ὁρᾶς
1775 1913 1817 1942 ὅτι

1046 1962 1094 1990 κᾶν
1103 1961 1133 1990 τὸ
1139 1961 1247 2000 ὄργανον
1255 1972 1322 2000 στρε
1310 1960 1380 2000 “iffi‘’
1388 1960 1418 1989 τὸ
1426 1963 1479 2000 πῦρ
1486 1960 1541 1989 ἅνω
1546 1959 1645 2000 τρέχει.
1652 1958 1765 1996 Ἐπειδὴ
1772 1954 1817 1988 οὖν

1046 2007 1104 2047 ᾔδει
1119 2008 1198 2036 αὐτοῦ
1206 2006 1330 2042 τοιαύτην
1343 2001 1410 2035 εἶναι
1420 2005 1469 2041 τὴν
1482 2005 1568 2046 φύσιν,
1582 2005 1710 2042 ἐπέδησεν
1724 2005 1815 2042 αὐτ-ἡν,

1045 2053 1088 2082 ἵνα
1102 2052 1139 2092 μὴ
1150 2052 1219 2082 κατὰ
1228 2051 1277 2087 τὴν
1289 2051 1365 2092 φύσιν
1374 2050 1484 2090 λάμπῃ,
1497 2050 1566 2080 ἀλλὰ
1577 2050 1646 2080 κατὰ
1656 2050 1686 2079 τὸ
1696 2050 1816 2090 πρόστα-

1044 2110 1109 2137 γμα.
1130 2097 1165 2126 Εἴ
1176 2109 1216 2131 τις
1229 2099 1303 2136 ὑμῶν
1323 2096 1541 2136 παρατηρησᾶτω
1553 2096 1646 2136 (sic')
1659 2096 1746 2126 ἔλαιον
1764 2095 1817 2125 ἀπὸ

1043 2144 1153 2184 λύχνου,
1168 2145 1225 2176 πῶς
1238 2148 1459 2182 συγκατασπᾶται
1470 2145 1509 2182 τῷ
1522 2142 1604 2183 ἐλαίῳ
1615 2142 1646 2172 τὸ
1659 2145 1712 2182 πῦρ
1722 2165 1729 2177 ,
1743 2142 1788 2171 καὶ
1798 2144 1816 2178 ἡ

1044 2190 1092 2229 μὲν
1105 2189 1150 2230 βία
1162 2192 1207 2219 τοῦ
1222 2189 1310 2219 ἐλαίου
1324 2188 1397 2218 κάτω
1407 2189 1481 2219 ἕλκει
1490 2212 1497 2226 ,
1510 2191 1527 2224 ἡ
1543 2188 1571 2218 δὲ
1585 2188 1660 2229 φύσις
1674 2191 1720 2218 τοῦ
1736 2188 1817 2228 πυρὸς

1044 2237 1098 2268 ἄνω
1112 2236 1218 2276 τρέχει,
1238 2235 1282 2264 καὶ
1302 2235 1392 2275 ὥσπερ
1415 2234 1474 2274 βίαν
1488 2234 1664 2275 ὑφιστάμενον
1678 2233 1799 2273 καταὸοᾷ
1809 2245 1816 2251 ·

1044 2282 1069 2312 εἴ
1081 2294 1145 2312 ποτε
1156 2282 1207 2322 γὰρ
1223 2281 1399 2320 ἀναγκάζεται
1412 2284 1464 2320 π’ῠρ
1478 2280 1581 2321 τρέχειν
1594 2279 1668 2320 παρὰ
1681 2279 1730 2315 τὴν
1751 2280 1816 2309 ἀκο-

1043 2328 1158 2365 λουθίαν,
1171 2328 1258 2368 φωνὴν
1270 2327 1377 2368 ἀφίησιν
1389 2329 1424 2368 ὡς
1439 2326 1499 2366 βίαν
1510 2326 1623 2366 πάσχον,
1632 2328 1668 2358 ὡς
1679 2325 1752 2365 παρὰ
1765 2325 1814 2365 φύ-

1044 2388 1085 2405 σιν
1099 2376 1197 2405 ὁδεῦον.
1210 2375 1296 2405 Ὅταν
1311 2375 1362 2415 γάρ
1376 2386 1402 2403 τι
1415 2373 1489 2414 παρὰ
1503 2373 1580 2413 φύσιν
1598 2375 1625 2402 ἐν
1638 2374 1677 2413 τῷ
1692 2373 1815 2413 στοιχείῳ

1043 2421 1161 2460 γένηται,
1174 2423 1233 2462 βοᾷ.
1248 2421 1340 2457 Διατί;
1354 2420 1440 2450 Ὅταν
1451 2419 1582 2458 ἐπιὸληθῇ
1595 2419 1681 2448 ἔλαιον
1693 2420 1731 2459 τῷ
1738 2418 1815 2459 πυρὶ,

1044 2468 1133 2507 φωνὴν
1148 2470 1195 2497 οὐκ
1215 2467 1322 2507 ἀφίησιν
1332 2488 1340 2502 ,
1357 2466 1402 2495 ἐὰν
1417 2466 1445 2495 δὲ
1465 2465 1535 2505 ὕδωρ
1549 2465 1680 2505 ἐπιὸληθῇ
1690 2488 1697 2502 ,
1719 2464 1811 2505 τρίζει.

1058 2563 1174 2593 τηρήσατε»
1182 2556 1228 2590 ε”λ.[
1236 2558 1307 2581 Fort.
1319 2556 1366 2590 leg.
1375 2561 1565 2591 trapam—„phuae
1577 2559 1602 2582 τὸ
1615 2556 1662 2587 effi]
