1904 2840
215 203 286 252 966
813 209 900 233 orus
925 208 1160 232 mrem-*nerum

777 251 785 265 Ι

213 278 238 307 si
253 287 313 306 vere
325 286 377 305 non
388 281 451 304 sunt
462 278 548 302 creata
560 272 587 301 in
599 271 678 300 nobis
685 270 832 301 secundum
840 272 956 301 animam
974 274 994 297 Δ
1008 270 1193 300 numularium
1212 281 1282 306 esse,
1297 273 1345 311 qui
1364 271 1527 302 differentias
1546 280 1639 313 pensat
1656 273 1751 303 verbo-

213 317 318 357 judicia
344 322 370 344 et
390 314 517 348 virtutes,
540 311 641 350 quibus
668 321 810 351 possumus
835 312 957 341 resistere

217 356 334 385 motibus
348 351 623 392 concupiscentiarum
633 357 784 380 nostrarum
795 351 955 381 carnalium:

219 402 320 425 certum
334 400 384 427 est,
399 394 462 431 quia
480 391 540 420 ideo
555 397 641 420 creata
665 397 727 420 sunt
739 391 809 420 bona
823 390 956 427 carnalia,

220 442 250 464 ut
263 441 370 462 utamur
381 432 447 460 iltis.
463 431 494 461 Si
506 437 595 460 autem
608 437 727 459 creatum
739 437 778 459 est
790 430 817 459 in
829 431 919 465 nobis,
933 436 959 458 et

220 473 369 512 intelligere
386 482 431 501 eos
442 493 449 507 ‚
463 477 489 500 et
502 480 579 510 posse
592 469 714 499 resistere
733 471 771 498 eis
782 481 789 497 :
801 471 858 499 sine
874 469 959 498 dubio

220 523 272 542 non
286 512 346 541 ideo
359 518 444 541 creata
457 517 519 540 sunt
527 509 675 549 corporalia
684 509 754 538 bona
764 516 789 538 et
798 508 958 545 mundialia,

184 573 191 577 κ
221 560 251 582 ut
264 552 302 582 eis
314 558 436 587 utamur,
450 550 496 579 sed
511 556 541 579 ut
554 549 703 578 resistentes
714 549 752 578 eis
762 571 769 584 ,
784 549 889 578 meliori
902 555 960 577 stu-

220 592 266 621 dio
279 591 449 630 acquiramus
461 589 538 619 nobis
550 587 707 617 mercedem.
720 589 789 617 Nam
803 599 850 617 nec
864 587 961 617 intelli-

219 642 282 671 gere
302 630 403 659 malum
425 636 451 658 et
463 630 566 658 bonum
586 628 612 656 in
636 628 713 656 nobis
733 634 801 656 esset
822 635 958 664 creatum,

219 670 273 700 nisi
283 666 360 710 prius
378 676 496 698 creatum
509 668 602 697 fuisset
615 674 642 696 et
653 677 730 706 posse
742 667 863 696 resistere
876 667 958 696 malo.

220 711 260 740 Ut
276 709 344 749 quid
359 709 440 739 ‚enim
463 707 566 737 homini
592 706 686 736 datum
707 707 800 735 fuisset
826 707 960 745 intellige—

221 760 266 785 re,
280 749 303 778 si
318 759 371 778 non
384 748 478 777 fuisset
497 747 522 776 ei
539 746 632 776 datum
652 753 677 775 et
711 757 768 775 osse
787 746 872 775 facere
888 746 962 785 quod

222 788 348 828 intelligit
358 788 455 817 melius
469 797 525 816 esse
533 787 547 815 ἱ)
558 757 709 824 Numquid)
712 785 873 814 animalibus
890 787 962 814 Deus

220 828 322 858 creavit
347 827 496 867 intelligere
505 849 512 863 ,
537 825 611 865 quod
627 825 771 858 ‚honestius
795 832 820 854 et
839 825 960 854 laudabi-

222 868 277 897 lius
302 867 362 896 est?
384 868 461 903 Non,
487 866 551 905 quia
578 875 626 894 nec
646 864 747 894 creavit
768 865 795 893 in
822 865 861 894 eis
888 875 964 904 posse

222 908 308 936 facere
324 906 430 946 aliquid
451 905 525 945 quod
547 904 644 934 melius
657 911 705 933 est.
729 904 774 934 Sic
792 914 840 933 nec
861 904 963 933 homini

222 954 336 976 creasset
358 945 525 986 intelligere,
545 944 598 973 nisi
617 950 729 973 creasset
747 944 772 973 ei
793 951 819 972 et
832 943 905 982 quod
919 944 964 972 in-

223 986 322 1025 telligit
345 986 430 1015 facere
457 995 546 1025 posse.
574 984 624 1013 26.
658 984 846 1022 Respontlens
867 991 965 1012 aulem

223 1027 358 1055 dominus
372 1026 444 1065 ejus,
458 1025 533 1053 dixit
545 1025 571 1053 ei
583 1035 594 1052 .-
602 1023 689 1052 Serve
701 1033 825 1062 nequam
837 1030 865 1051 et
871 1025 963 1063 piger,

223 1067 334 1094 sciebas
348 1067 419 1104 quia
430 1070 506 1093 meto
519 1065 568 1092 ubi
581 1074 639 1091 non
654 1064 800 1099 seminavi,
812 1068 839 1090 et
850 1073 966 1102 congre-

224 1116 260 1144 go
275 1106 326 1134 ubi
339 1115 398 1133 non
418 1105 520 1143 sparsi.
535 1104 584 1132 97.
608 1103 740 1142 Oportuit
757 1112 824 1142 ergo
844 1108 871 1131 te
890 1113 966 1131 com-

224 1146 338 1173 mittere
344 1146 497 1183 pecuniam
510 1153 602 1172 meam
614 1141 798 1175 numulariis,
807 1147 834 1170 et
842 1144 966 1171 veniens
991 1157 993 1159 ·

224 1195 275 1223 ego
298 1186 467 1223 recepissem
487 1193 551 1212 eam
566 1192 630 1211 cum
645 1183 751 1210 usuris.
767 1182 888 1219 Nequam
898 1181 967 1210 dici-

225 1230 286 1258 tur,
299 1223 362 1261 quia
383 1223 571 1252 contumeliam
590 1220 710 1251 reddidit
723 1219 832 1249 domino
852 1231 901 1260 pro
915 1221 966 1249 ho—

225 1263 416 1302 norezpiger,
441 1262 503 1300 quia
526 1261 656 1290 talentum
678 1270 730 1288 non
755 1259 916 1300 duplicavit.
932 1261 967 1290 Et

226 1301 285 1330 ideo
306 1312 354 1340 pro
377 1312 408 1330 eo
430 1300 538 1339 quidem
561 1299 638 1338 quasi
661 1299 811 1338 superbus,
839 1310 892 1339 pro
915 1299 967 1329 hoc

225 1350 313 1369 autem
336 1342 412 1379 quasi
434 1340 572 1379 negligens
596 1338 800 1368 condemnatur.
825 1340 898 1369 Vere
918 1349 965 1368 ne-

225 1391 322 1418 quam,
337 1380 400 1418 quia
421 1380 571 1419 largitatem
591 1377 693 1407 domini
715 1378 791 1415 quasi
811 1378 967 1407 violentiam

225 1419 371 1448 accusavit.
394 1420 451 1448 Nee
473 1419 543 1447 enim
558 1419 631 1447 Deus
645 1416 705 1446 ideo
727 1418 838 1456 gratiam
863 1418 967 1447 intelle-

226 1466 301 1494 ctus,
323 1465 369 1487 aut
389 1458 510 1487 notitiam
529 1457 571 1486 sui
587 1456 688 1485 homini
708 1455 800 1492 dedit,
814 1457 967 1486 desiderans

225 1498 339 1537 gloriam
351 1498 402 1527 sibi
418 1496 520 1536 acquiri
533 1507 582 1536 per
594 1506 656 1525 eum
670 1508 676 1524 :
692 1495 739 1524 sed
753 1502 781 1524 ut
792 1507 838 1536 per
853 1497 966 1535 gratiam

225 1538 277 1567 Dei
290 1538 413 1577 ipse-sibi
428 1537 510 1567 vitam
521 1543 646 1564 aeternam
659 1541 685 1563 et
697 1534 811 1574 gloriam
822 1543 964 1573 mereatur,

225 1584 250 1606 et
263 1577 413 1606 societatem
434 1575 544 1605 caelestis
567 1574 642 1613 regni
664 1584 727 1603 cum
749 1575 813 1604 Deo.
837 1576 893 1604 Hoc
911 1575 968 1605 sine

225 1616 311 1645 dubio
325 1615 484 1656 intelligitur
497 1626 530 1644 ex
543 1614 604 1654 ipsa
624 1613 830 1654 praecedcntium
844 1625 967 1644 remune-

226 1656 327 1685 ratione
345 1657 492 1696 justorum.
517 1655 546 1684 Si
570 1654 640 1683 enim
664 1659 774 1693 propter
799 1665 827 1683 se
852 1653 969 1684 dedisset

225 1696 338 1734 gratiam
360 1694 534 1730 hominibus,
560 1703 724 1732 numquam,
746 1704 761 1722 a
781 1694 865 1723 servis
883 1705 967 1733 pauca

226 1735 295 1764 susci
306 1736 390 1772 iiens,
405 1734 528 1763 redderet
542 1733 639 1762 multa.
662 1731 716 1762 Sed
734 1733 836 1762 malitia
849 1743 966 1762 excaeca-

226 1781 280 1810 tus,
295 1746 362 1803 dum
373 1774 460 1803 voluit
469 1772 626 1813 sapientiam
640 1772 690 1801 Dei
702 1772 805 1808 fallere,
819 1773 967 1812 majoribus

227 1824 254 1842 se
275 1815 357 1842 iratus
378 1813 494 1843 vinculis
519 1812 661 1851 alligavit,
682 1811 774 1841 dicens
789 1825 795 1840 :
810 1813 897 1841 Metis
918 1814 968 1842 ubi

227 1863 286 1882 non
300 1854 462 1881 seminasti.
478 1853 506 1882 Si
521 1852 594 1880 enim
610 1862 672 1880 vere
686 1851 766 1880 talem
779 1851 859 1880 scivit
882 1851 968 1881 domi—

226 1902 291 1921 num
304 1903 397 1927 suum,
411 1902 442 1921 eo
456 1892 540 1931 magis
553 1890 647 1920 debuit
658 1891 790 1926 festinare,
806 1897 835 1919 ut
848 1902 895 1930 per
906 1891 969 1920 dili-

227 1932 342 1970 gentiam
354 1942 431 1961 suam
454 1930 594 1960 avaritiam
614 1929 717 1958 domini
739 1930 781 1958 sui
804 1930 919 1967 faceret,
935 1941 968 1960 ne

226 1981 275 2009 per
290 1971 476 2010 negligentiam
488 1969 644 2009 injustitiam
654 1969 712 2008 ejus
721 1969 804 2008 magis
815 1969 849 1998 ad
862 1970 967 1999 iracun-

226 2009 299 2038 diam
317 2016 494 2049 provocaret:
510 2009 573 2048 quia
591 2008 729 2041 austeritas
744 2019 795 2037 non
816 2010 965 2039 contemni—

225 2056 281 2085 tur,
294 2049 472 2078 sed-timetur.
486 2048 542 2085 Qui
555 2054 643 2076 autem
655 2048 740 2083 timet,
753 2058 804 2076 non
818 2056 967 2079 contemne-

226 2099 265 2123 re,
282 2088 328 2117 sed
340 2089 445 2128 placare
455 2088 569 2123 festinat,
583 2087 668 2116 sciens
677 2087 812 2125 quomodo
824 2088 870 2126 qui
883 2089 967 2125 metit,

227 2127 275 2156 ubi
287 2138 341 2156 non
354 2127 475 2162 seminat,
491 2128 576 2166 magis
590 2126 647 2155 vult
667 2127 770 2162 metire,
786 2127 832 2155 ubi
855 2128 967 2156 semina—

206 2184 210 2188 ι
226 2167 278 2196 vit.
310 2167 441 2206 Oportuit
469 2176 535 2205 ergo
564 2173 591 2194 te
614 2170 791 2194 committere
812 2169 966 2205 pecuniam

227 2216 321 2235 meam
343 2206 533 2240 numulariis,
548 2212 576 2233 et
594 2206 714 2234 veniens
728 2216 779 2244 ego
800 2208 966 2245 recepissem

226 2256 290 2274 eam
303 2256 369 2276 cum
382 2249 487 2274 usuris.
501 2244 619 2281 Quidam
630 2250 725 2283 putant
736 2251 789 2273 tres
801 2245 864 2274 istos
875 2256 965 2275 omnes

225 2284 346 2314 doctores
359 2295 425 2320 esse,
440 2284 591 2313 differentes
607 2290 695 2312 autem
709 2285 806 2322 gratias
817 2285 942 2314 habuisse
956 2298 962 2314 :

225 2331 249 2353 et
265 2324 338 2363 hune
351 2324 459 2353 tertium
470 2323 530 2352 ideo
543 2322 636 2363 argui,
653 2323 715 2361 quia
729 2333 780 2352 non
793 2323 885 2353 docuit
896 2325 963 2354 alios

224 2365 335 2403 gratiam
362 2363 477 2393 scientiae
487 2385 494 2398 ,
521 2374 602 2400 quatu
626 2362 751 2391 habebat.
778 2363 814 2392 Et
840 2365 963 2402 quamvis

223 2403 309 2433 omnis
336 2403 416 2432 homo
443 2402 581 2432 rationalis
607 2402 766 2431 constitutus
792 2403 962 2433 numularios

221 2443 275 2472 dici
287 2444 387 2482 possit,
407 2449 493 2471 tamen
509 2441 596 2470 nescio
609 2441 631 2470 si
645 2441 739 2470 habeat
752 2441 880 2471 rationem
890 2465 898 2476 ,
914 2444 961 2481 qui

219 2482 258 2511 sic
272 2483 398 2511 minimus
412 2489 461 2516 est,
478 2488 506 2510 ut
523 2482 602 2510 unius
617 2480 706 2510 talenti
722 2481 833 2520 gratiam
852 2481 958 2511 habeut.

218 2522 273 2558 Qui
288 2521 458 2550 numularius
476 2528 533 2557 est,
553 2531 604 2550 non
620 2520 722 2560 indiget
740 2520 817 2559 ejus:
831 2521 853 2549 si
871 2528 959 2550 autem

217 2568 256 2590 est
269 2562 314 2600 qui
330 2561 406 2590 illius
417 2560 570 2600 magisterio
579 2571 646 2600 opus
660 2559 766 2593 habeat,
778 2560 825 2589 ille
840 2561 896 2589 sine
908 2561 958 2590 du-

217 2600 263 2631 bio
277 2601 446 2630 numularius
458 2611 509 2630 non
525 2607 574 2630 est.
590 2599 669 2630 cauti
683 2599 755 2628 enim
769 2599 886 2629 hominis
898 2607 936 2630 est
945 2623 952 2637 ,

1009 321 1079 339 rum.
1105 310 1177 350 Ergo
1199 320 1303 340 necesse
1323 318 1363 341 est
1377 311 1450 340 hunc
1471 313 1580 341 tertium
1603 312 1751 353 intelligere

1009 349 1178 389 popularem,
1190 349 1259 379 sicut
1272 350 1393 380 diximus
1407 362 1438 380 su
1459 362 1497 381 ra.
1510 352 1601 381 Mensa
1614 359 1653 381 est
1665 352 1752 382 omnis

1009 389 1067 418 Scri
1090 396 1150 418 tura
1163 389 1255 418 divina
1266 410 1274 424 ‚
1288 390 1358 419 sicut
1376 397 1403 419 et
1422 362 1489 419 alibi
1501 392 1694 431 exposuimus,
1709 402 1752 420 se-

1010 438 1061 456 cun
1086 439 1130 457 um
1144 428 1217 467 quod
1235 428 1301 458 dicit
1314 429 1443 474 propheta
1465 429 1499 459 de
1513 430 1652 469 Scriptura
1665 432 1750 462 Vete-

1011 467 1048 496 ris
1070 468 1233 497 Testamenti
1255 468 1358 498 Judaens
1383 468 1538 498 scandalum
1565 470 1656 499 facta:
1682 472 1752 500 Fiat
1762 479 1830 504 Peal,
1842 479 1881 504 68.

1012 517 1114 536 mensa
1133 517 1232 536 eorum
1246 518 1344 537 coram
1358 510 1428 546 ipsis
1451 511 1484 537 in
1509 509 1647 548 laqueum
1657 532 1666 546 ,
1680 516 1707 539 et
1719 511 1752 538 in
1762 511 1802 535 23.

1012 548 1246 583 retributionem,
1271 554 1299 576 et
1326 549 1359 576 in
1384 549 1569 578 scandalum.
1596 550 1656 578 Non
1680 549 1753 578 enim

1012 596 1102 615 mensa
1128 597 1221 615 eorum
1251 587 1399 627 corporalis
1427 588 1495 617 facta
1523 588 1561 617 eis
1588 588 1615 617 in
1641 588 1753 618 scanda-

1012 625 1080 659 lum,
1096 625 1142 654 sed
1164 626 1302 666 Scriptura
1321 627 1389 665 legis
1411 638 1515 656 eorum.
1532 629 1661 666 Legentes
1680 628 1752 657 enim
1761 638 1852 656 ccxxm

1012 665 1040 693 in
1055 665 1079 694 le
1098 675 1122 700 e,
1135 665 1311 695 Maledictus
1323 668 1414 696 omnis
1427 668 1478 707 qui
1485 667 1591 706 pendet
1602 671 1633 696 in
1648 667 1726 706 ligno
1740 680 1748 696 .-
1763 673 1833 693 Dent·
1850 678 1888 693 ²¹-

1013 711 1038 733 et
1051 705 1079 735 vi
1100 711 1172 734 entes
1181 706 1275 735 Jesum
1288 706 1459 743 crucifixum,
1474 713 1564 736 contra
1580 706 1666 745 legem
1679 707 1752 736 :esti-
1761 701 1802 725 ²3·

1013 751 1153 773 mavei-unt
1165 745 1272 774 credere
1285 746 1313 774 in
1326 746 1419 775 Jesum
1429 746 1601 781 crucifixum,
1616 756 1696 784 quem
1708 746 1755 776 lex

1014 783 1187 813 maledictum
1200 785 1376 814 annuntiabat
1389 798 1396 814 :
1412 796 1465 815 non
1487 785 1675 824 intelligentes,
1691 786 1756 824 quia

1015 830 1130 852 nostram
1140 824 1354 854 maledictionem
1368 824 1395 854 in
1408 825 1481 865 ligno
1493 831 1653 865 susceperat,
1666 832 1695 854 ut
1708 835 1757 855 nos

980 870 997 892 B
1015 862 1140 892 liberaret
1153 874 1169 892 a
1182 864 1377 899 maledictione,
1395 875 1478 903 quem
1498 875 1698 905 susceperamus
1710 875 1758 904 per

1017 902 1121 941 lignum
1135 914 1142 931 ε
1158 910 1185 932 et
1204 903 1243 932 sic
1255 904 1324 933 facta
1337 910 1376 933 est
1386 905 1425 933 eis
1437 915 1526 933 mensa
1543 915 1648 939 eorum,
1660 904 1688 933 id
1706 911 1756 942 est,

1017 942 1157 982 Scriptura
1169 942 1236 982 legis
1249 954 1352 979 eorum,
1369 943 1396 972 in
1410 943 1577 973 scandalum.
1587 945 1655 974 Item
1663 943 1758 974 viden-

1018 988 1056 1011 tes
1075 993 1137 1011 eum
1150 982 1178 1011 in
1188 982 1314 1012 -sabbatis
1336 989 1500 1023 operantem,
1515 983 1633 1023 leprosos
1646 990 1759 1022 tangen-

1018 1027 1111 1058 tem‚a
1126 1022 1226 1061 quibus
1247 1022 1372 1052 omnihus
1397 1022 1529 1052 abstinere
1552 1022 1597 1052 lex
1615 1022 1759 1062 diligenter

1019 1061 1190 1100 praecipiebat
1199 1082 1207 1096 ,
1221 1061 1391 1091 scandalizati
1404 1068 1466 1090 sunt
1481 1062 1509 1090 in
1521 1072 1584 1091 eum
1594 1084 1602 1098 ,
1616 1061 1733 1092 dicentes
1749 1075 1756 1091 :

1009 1101 1078 1130 ·Hic
1091 1102 1177 1130 homo
1191 1111 1250 1130 non
1265 1109 1307 1131 est
1320 1112 1356 1130 ex
1370 1102 1444 1137 Deo,
1458 1102 1509 1141 qui
1529 1103 1684 1130 sabbatum
1701 1111 1761 1131 non
1769 1110 1856 1138 Joan9
1871 1108 1904 1131 16.

1021 1141 1145 1170 custodit
1154 1153 1162 1169 .·
1175 1151 1227 1170 ῐιοη
1236 1141 1423 1181 intelligentes,
1434 1141 1497 1180 quia
1505 1141 1642 1180 corporale
1651 1140 1762 1179 quidem

1020 1180 1151 1217 solvebat,
1165 1180 1305 1220 spirituale
1317 1188 1405 1210 autem
1418 1180 1556 1220 implebat.
1571 1181 1606 1210 Et
1615 1181 1666 1210 hoc
1681 1180 1762 1210 modo

1020 1219 1087 1248 sacta
1099 1227 1138 1249 est
1151 1221 1190 1250 eis
1208 1231 1297 1249 mensa
1311 1231 1415 1257 eorum,
1431 1219 1460 1249 id
1473 1227 1522 1256 est,
1534 1220 1672 1260 Scriptura
1695 1220 1763 1260 legis

1020 1269 1125 1294 eorum,
1140 1260 1166 1289 in
1182 1259 1425 1300 scandalumErgo
1439 1269 1528 1289 mensa
1542 1267 1581 1290 est
1593 1260 1678 1289 omnis
1691 1259 1763 1290 Scri-

1020 1305 1099 1338 ptura
1115 1299 1220 1336 divina,
1235 1299 1262 1328 in
1282 1311 1334 1339 qua
1349 1300 1426 1340 panis
1435 1299 1509 1328 verbi
1524 1300 1643 1328 nutriens
1659 1299 1763 1328 animas

1040 1338 1123 1368 ositus
1137 1346 1186 1376 est,
1202 1350 1283 1379 supra
1295 1350 1377 1377 quam
1390 1349 1481 1368 omnes
1494 1339 1640 1368 Christiani
1657 1349 1764 1368 recum-

1020 1349 1098 1413 liunt,
1113 1386 1138 1407 et
1159 1379 1304 1418 epulantur
1326 1380 1353 1407 in
1376 1378 1484 1417 spiritu.
1499 1378 1654 1408 Numularii
1673 1386 1764 1408 autem

1020 1417 1191 1456 praesidentes
1204 1428 1300 1447 mensae
1314 1418 1355 1446 illi
1374 1424 1438 1446 sunt
1461 1417 1610 1446 sacerdotes
1630 1418 1722 1447 fideles
1737 1424 1764 1447 et

1022 1456 1181 1495 prudentes:
1193 1457 1242 1496 qui
1253 1468 1316 1486 cum
1330 1456 1447 1487 viderint
1461 1456 1541 1485 fidem
1559 1464 1585 1486 et
1597 1464 1671 1486 actus
1683 1457 1763 1487 Chri-

1021 1496 1180 1532 stianorum,
1190 1497 1326 1536 accipiunt
1333 1495 1468 1535 judicium
1475 1495 1510 1525 de
1519 1496 1763 1535 Scripturis,quasi

1021 1534 1055 1563 de
1063 1546 1164 1571 mensa,
1178 1542 1204 1564 et
1216 1536 1365 1575 ponderant
1378 1546 1435 1570 eos,
1450 1542 1476 1564 et
1485 1535 1626 1571 aestimant,
1642 1542 1668 1564 et
1681 1535 1762 1565 intel-

1021 1574 1111 1613 ligunt
1131 1575 1155 1603 si
1170 1574 1197 1604 di
1219 1575 1246 1604 ni
1259 1582 1322 1604 sunt
1344 1576 1409 1611 Deo,
1422 1581 1468 1603 aut
1490 1584 1554 1603 non.
1571 1575 1607 1604 Et
1629 1574 1653 1604 si
1667 1574 1766 1604 habent

1021 1614 1172 1653 charagma,
1191 1585 1220 1643 id
1237 1622 1286 1651 est,
1301 1615 1416 1654 figuram
1440 1620 1466 1643 et
1490 1613 1632 1653 imaginem
1656 1614 1764 1652 mundi,

1021 1661 1083 1683 sunt
1103 1654 1199 1694 ipsius,
1218 1661 1243 1683 et
1259 1661 1363 1694 oportet
1384 1664 1429 1683 eos
1447 1653 1571 1693 abjicere.
1588 1653 1659 1683 Huic
1669 1664 1766 1684 mensae

1022 1693 1069 1731 qui
1080 1694 1243 1723 commiserit
1254 1695 1335 1723 fidem
1348 1704 1436 1729 suam,
1449 1704 1531 1732 quam
1542 1693 1692 1733 baptizatus
1705 1704 1766 1723 sus·

1022 1733 1092 1772 cepit
1104 1744 1118 1762 a
1143 1733 1263 1770 Christo,
1279 1741 1309 1763 ut
1328 1734 1355 1763 in
1371 1733 1491 1762 Ecclesia
1511 1740 1674 1773 permaneat,
1687 1733 1765 1764 Seri-

1022 1773 1114 1811 pturas
1127 1780 1174 1802 aut
1187 1773 1267 1812 legat,
1277 1781 1323 1803 aut
1336 1772 1428 1802 audiat
1440 1773 1600 1802 incessanter
1612 1783 1646 1802 ex
1659 1772 1724 1810 fide,
1735 1780 1765 1803 ut

1021 1812 1253 1851 alloquutionibus
1275 1812 1442 1842 sacerdotum
1456 1822 1603 1851 numquam
1615 1812 1763 1842 fraudetur.

1022 1852 1192 1891 Impossibile
1210 1853 1282 1882 enim
1299 1859 1349 1888 est,
1364 1859 1394 1881 ut
1418 1862 1471 1880 non
1489 1852 1685 1891 multiplicetur
1698 1851 1765 1881 fides

1021 1891 1116 1931 ipsius.
1134 1892 1266 1921 Paulatim
1278 1893 1350 1921 enim
1370 1891 1404 1920 de
1418 1891 1463 1920 die
1476 1892 1502 1920 in
1521 1891 1592 1920 diem
1610 1891 1689 1921 timor
1705 1893 1764 1921 Do—

1021 1931 1088 1959 mini
1103 1938 1253 1970 generatur,
1269 1942 1362 1961 sensus
1382 1931 1439 1971 ejus
1460 1931 1639 1968 illuminatur,
1656 1931 1765 1960 scientia

1021 1971 1079 2009 ejus
1095 1971 1200 2007 crescit,
1213 1971 1388 2000 confirmatur
1403 1971 1429 1999 in
1443 1970 1507 2005 fide,
1521 1970 1653 1999 excitatur
1666 1971 1700 2000 ad
1715 1970 1764 2000 de-

1022 2009 1151 2039 siderium
1171 2011 1246 2049 regni
1266 2011 1388 2047 caelestis,
1409 2010 1587 2050 apprehendit
1608 2021 1670 2039 eum
1690 2011 1764 2040 zelus

1022 2049 1193 2088 antiquorum
1205 2057 1430 2088 sanctorumquos
1444 2049 1662 2086 legit‚excitatur
1671 2056 1696 2078 et
1707 2050 1764 2089 ipse

1021 2089 1181 2127 plerumque
1201 2089 1236 2118 ad
1254 2089 1360 2118 easdem
1386 2089 1509 2117 virtutes.
1531 2088 1616 2119 Vides
1636 2096 1763 2126 quantam

1022 2138 1132 2156 usuram
1150 2128 1213 2156 facit
1230 2134 1398 2166 augmentata
1422 2127 1499 2164 fides,
1515 2127 1575 2156 data
1589 2127 1624 2156 ad
1645 2138 1763 2157 mensam

1020 2167 1220 2207 scripturarum
1234 2174 1392 2196 sanctarum.
1407 2167 1483 2196 Sicut
1496 2167 1567 2196 enim
1601 2167 1694 2196 ecunia
1708 2167 1763 2197 haec

1020 2207 1167 2247 corporalis
1174 2207 1293 2245 quidem,
1302 2206 1324 2235 si
1333 2207 1368 2235 sit
1380 2207 1407 2235 in
1416 2206 1533 2243 sacculo,
1541 2206 1584 2236 inc
1598 2217 1643 2236 usa
1655 2206 1711 2246 ipsa
1723 2214 1763 2236 est

1019 2256 1125 2286 semper
1133 2258 1141 2284 ς
1150 2248 1172 2275 si
1182 2254 1271 2276 autem
1278 2247 1357 2275 fuerit
1365 2246 1461 2287 agitata
1470 2245 1504 2275 de
1512 2256 1591 2275 manu
1600 2246 1627 2274 in
1638 2257 1759 2283 manum,

1020 2296 1069 2314 usu
1083 2287 1142 2325 ipso
1154 2286 1360 2326 multiplicatur,
1369 2285 1439 2314 unde
1451 2296 1530 2314 usura
1541 2285 1640 2320 dicitur
1649 2285 1684 2314 ab
1693 2296 1760 2314 usu:

1018 2325 1057 2353 sic
1077 2332 1103 2354 et
1125 2325 1190 2354 tides
1203 2325 1315 2360 Christi,
1331 2325 1465 2364 siquidem
1487 2325 1570 2354 otiosa
1591 2331 1711 2354 teneatur
1731 2325 1759 2354 in

1017 2364 1107 2400 corde,
1123 2375 1174 2393 non
1187 2365 1275 2398 solum
1289 2365 1346 2404 ipsa
1361 2371 1449 2394 manet
1459 2375 1517 2403 quae
1531 2364 1593 2400 fuit,
1609 2365 1656 2394 sed
1669 2363 1759 2394 adhuc

1017 2405 1165 2433 minoratur
1178 2405 1204 2433 in
1217 2405 1282 2439 otio,
1298 2411 1323 2433 et
1337 2404 1473 2444 torpescit,
1487 2411 1514 2433 et
1527 2404 1615 2443 segnis
1627 2403 1754 2439 efficitur,

1015 2450 1040 2472 et
1052 2444 1180 2483 paulatim
1204 2455 1251 2483 per
1267 2451 1342 2474 actus
1354 2443 1471 2472 carnales
1484 2443 1618 2472 exinanita
1633 2443 1666 2472 ad
1682 2443 1755 2471 nihi-

1014 2482 1071 2511 lum
1084 2483 1158 2512 vadit
1172 2496 1178 2511 :
1193 2485 1216 2512 si
1227 2491 1314 2513 autem
1337 2483 1481 2512 exercitata
1495 2482 1577 2511 fuerit
1594 2482 1754 2522 Scripturis,

1013 2529 1037 2550 et
1053 2523 1255 2561 loquutionibus
1276 2522 1542 2558 assiduissuscitata,
1559 2523 1687 2561 operibus
1707 2522 1755 2550 ho-

1013 2562 1053 2590 nis
1061 2562 1207 2597 vivificata,
1217 2573 1268 2596 non
1280 2563 1367 2592 solum
1377 2562 1449 2598 dico,
1458 2561 1694 2601 multiplicabitur.
1708 2560 1756 2590 sed

1012 2611 1157 2640 numquam
1180 2601 1283 2631 desinet
1303 2612 1430 2635 crescere,
1457 2601 1541 2630 donec
1566 2602 1639 2631 vivet
1659 2601 1751 2630 homo.
