1890 2826
79 674 128 696 Ιιε.
143 679 165 695 ι.
178 679 201 696 2.

81 722 138 744 Gen.
150 721 190 753 24

233 174 304 216 254

228 249 287 279 bat.
304 247 396 285 Unde,
408 257 425 277 o
437 245 698 284 Nabuchodonosor,
709 245 779 276 nosti
796 245 885 275 filium
900 244 973 274 Dei?

229 295 328 336 Aspice
347 294 421 324 hunc
446 293 592 323 barbarum
617 293 778 334 prophetare
803 301 839 322 ex
865 298 974 331 aspectu

230 342 299 372 solo.
314 343 355 371 Et
372 342 504 378 accessit,
520 347 548 369 et
563 342 684 371 vocavit
695 349 743 369 eos
756 349 767 366 .·
779 340 804 369 0
817 338 972 375 sedrache,

230 389 376 425 Misache,
392 387 570 427 Abdenago‚
585 386 663 416 servi
673 387 732 416 Dei
742 385 888 422 altissimi,
897 394 974 424 egre-

230 436 347 471 dimini,
375 441 404 464 ει
426 435 534 464 venite.
551 432 633 464 Vide.
651 435 713 464 Non
733 432 815 474 jussit
836 430 974 470 exstingui

228 483 385 512 fornacem:
400 480 447 511 sed
471 480 561 520 quid?
575 479 694 511 Vocavit
718 490 774 518 eos,
802 485 833 508 ut
856 477 972 508 exirent.

229 528 318 560 Vides
339 528 502 558 miraculum
523 530 649 567 magnum
662 530 690 557 et
707 524 878 556 incredibile.
892 522 975 561 Quod

229 576 348 606 maxime
361 581 471 606 noverat
476 585 522 604 eos
534 570 724 611 deliniturum,'
736 572 766 602 id
779 571 842 601 illos
853 570 972 602 vocavit.

230 621 309 652 Nihil
328 621 395 651 huic
410 619 545 650 nobilitati
564 631 613 660 par
629 625 677 650 est.
702 617 776 648 Audi
797 617 870 647 enim
886 618 975 646 Deum

231 667 363 697 dicentem
378 680 385 696 ε
402 669 500 697 Moses
509 676 609 697 servus
621 676 701 695 meus
715 670 844 694 mortuus
857 669 910 692 est.
926 664 973 700 Et,

231 715 331 752 Isaac,
359 715 467 754 inquit,
493 722 592 742 servus
616 719 693 742 tuus.
711 711 771 740 Hac
795 708 976 750 appellatione

231 761 368 790 exsultant
389 759 488 800 augeli,
497 767 523 789 et
534 758 697 795 cherubini,
711 765 737 788 et
748 756 904 797 Seraphini.
918 757 976 786 Nec

231 807 312 837 sicuti
337 807 519 837 contentiosus
551 806 650 845 aliquis
675 805 789 842 fecisset,
818 804 847 833 in
870 804 977 833 fornace

230 851 386 883 manserunt
409 852 487 893 pueri
503 864 510 881 ι
525 851 573 881 sed
590 851 685 881 'statim
706 850 866 880 obedierunt
880 859 886 876 ι
899 855 926 878 et
941 847 977 877 ad

231 898 407 939 spectandum
416 898 580 928 miraculum
591 898 684 926 omnes
696 906 852 926 convenere.

501 995 626 1026 CAPUT
646 994 689 1025 IV
695 1017 702 1023 .

273 1100 286 1127 1
295 1121 301 1128 .
324 1099 390 1138 Ego
403 1095 677 1127 Nabuchodonosor
689 1093 845 1123 abundans
857 1102 936 1122 eram
949 1092 980 1121 in
998 1102 1017 1126 E

233 1146 320 1174 domo
338 1154 413 1181 mea,
423 1149 452 1172 et
454 1141 573 1185 florens
596 1142 628 1170 in
637 1140 712 1169 solio
724 1149 799 1176 meo,
815 1146 841 1168 et
861 1140 979 1179 pinguis

226 1194 265 1221 'in
276 1190 385 1231 populo
397 1199 471 1218 meo.
484 1189 542 1218 Cur
556 1187 593 1217 ita
610 1187 662 1216 hoc
676 1186 794 1226 scripsit,
810 1193 836 1215 et
847 1196 899 1215 non
914 1185 980 1215 scri-

231 1237 312 1277 psit·
325 1233 577 1273 Nabuchodonosor
596 1239 653 1262 erat
668 1231 829 1261 abundans:
842 1231 890 1261 sed
903 1231 980 1271 quasi

233 1295 268 1314 ex
278 1292 392 1324 persona
405 1280 502 1311 illius?
510 1278 582 1310 Mihi
592 1279 720 1310 videntur
727 1278 784 1307 haec
798 1278 901 1308 verba
895 1278 980 1318 ipsius

563 182 593 207 S.
621 182 762 207 JOANNIS
788 181 972 207 cnnYSOST.
1002 180 1158 208 ARcfflEP.
1187 184 1460 209 CONSTANTINOP-

1027 245 1137 285 ὑψίστου
1149 268 1158 284 ,
1181 246 1314 283 ἐξέλθετε,
1330 246 1375 276 καὶ
1395 247 1477 275 δεῦτε.
1493 244 1575 286 Ὅρα.
1596 246 1656 275 Οὐκ
1675 239 1796 275 ἐκέλευσε

1027 293 1170 330 σὸεσθῆναι
1191 294 1236 325 τὸν
1249 293 1369 333 κάμινον,
1389 292 1458 322 ἀλλὰ
1478 292 1505 321 τί
1516 288 1682 328 ;”Εκάλεσεν
1706 292 1798 325 αὐτοὺς

1027 336 1148 373 ἐξελθεῖν.
1164 335 1241 374 Εἶδες
1255 343 1343 379 θαῦμα
1358 339 1426 379 μέγα
1439 338 1485 368 καὶ
1497 337 1653 378 παράδοξον.
1664 337 1703 367 Ὃ
1718 337 1798 376 μάλι-

1029 396 1079 414 στα
1091 385 1151 424 ᾔδει
1164 388 1325 426 θεραπεῢσον
1335 407 1342 421 ,
1363 388 1442 415 τοῦτο
1455 383 1589 414 ἐκάλεσεν.
1602 383 1687 414 Οὖδὲν
1701 382 1800 419 ταύτης

1027 432 1076 467 τῆς
1089 430 1220 471 εὐγενείας
1240 431 1309 462 ἴσον.
1320 431 1413 461 Ἄκουε
1431 430 1484 471 γὰρ
1500 433 1546 460 τοῦ
1571 428 1642 460 Θεοῖ
1661 429 1782 468 λέγοντος
1793 440 1800 446 ·

1028 478 1146 514 Μωϋσῆς
1153 480 1167 508 ὁ
1175 478 1296 518 θεράπων
1303 490 1353 517 μου
1361 477 1544 513 τετελεύτηκε.
1554 476 1608 506 Καὶ
1616 474 1719 511 Ἰσαὰκ,
1725 474 1800 515 φησὶ,

1027 525 1042 553 ὁ
1054 523 1144 558 δοῦλός
1155 535 1211 554 σου.
1224 523 1318 565 Ταύτῃ
1330 526 1355 553 οἱ
1369 524 1476 564 ἄγγελοι
1490 525 1525 563 τῇ
1537 521 1703 565 προσηγορίᾳ
1713 521 1801 560 ἀγάλ-

1027 567 1134 606 λονται,
1158 568 1203 597 καὶ
1218 568 1252 598 τὰ
1263 568 1413 608 Χερουὸὶμ,
1430 567 1477 597 καὶ
1490 567 1524 596 τὰ
1538 561 1669 607 Σεραφίμ.
1683 565 1738 597 Καὶ
1751 566 1801 605 οὐχ

1028 616 1064 648 ὡς
1085 614 1116 644 ἄν
1129 627 1170 649 τις
1187 614 1333 655 φιλόνεικος
1350 614 1525 651 nodosam*
1537 613 1726 653 ἅναπέμειναν,
1740 613 1798 641 ἀλλ’

1029 660 1124 695 εὖθέως
1145 661 1316 698 ὑπήκουσαν·
1337 660 1382 690 καὶ
1406 661 1533 696 συνῆλθον
1554 660 1669 693 ἅπαντες
1693 659 1756 688 ἰδεῖν
1770 657 1801 687 τὸ

1030 710 1129 745 θαῦμα.

1316 998 1459 1028 ΚΕΦΛΛ.
1483 997 1518 1027 δ’.

1074 1094 1147 1135 Ἐγὼ
1166 1094 1401 1136 Ναὸουχοδονόσορ
1416 1096 1531 1132 εὖθηνῶν
1549 1095 1623 1135 ἤμην
1642 1097 1670 1125 ἐν
1684 1096 1722 1136 vif)
1741 1095 1805 1136 οἴκῳ

1035 1153 1084 1180 μου
1095 1163 1103 1177 ,
1125 1141 1170 1171 καὶ
1183 1142 1300 1171 εὖθαλῶν
1321 1141 1365 1170 ἐπὶ
1383 1144 1428 1170 τοῦ
1443 1141 1533 1182 θρόνου
1549 1153 1610 1181 μου,
1629 1142 1675 1172 καὶ
1694 1142 1762 1173 πίων
1779 1143 1806 1172 ἔν

1033 1192 1072 1230 τῷ
1098 1191 1154 1229 λαῷ
1183 1201 1243 1228 μου.
1269 1189 1348 1223 Τίνος
1375 1189 1463 1219 ἕνεκεν
1487 1190 1556 1219 οὕτω
1582 1193 1660 1220 τοῦτο
1686 1190 1806 1232 ἔγραφεν,

1033 1235 1079 1265 καὶ
1105 1235 1164 1275 οὗγὶ
1191 1235 1303 1276 ἔγραψεν
1317 1247 1324 1253 ·
1353 1235 1591 1278 Ναὸουχοδονόσορ
1614 1232 1648 1274 ἦν
1673 1237 1807 1273 εὖθηνῶν,

1035 1282 1093 1310 ἀλλ’
1109 1283 1145 1316 ὡς
1164 1283 1195 1311 ἐκ
1207 1281 1350 1322 προσώπου
1370 1281 1485 1312 ἐκείνου·
1478 1305 1487 1320 ,
1501 1282 1582 1321 Ἐμοὶ
1593 1283 1664 1312 δοκεῖ
1677 1285 1761 1313 ταῦτα
1774 1283 1808 1312 τὰ

232 1328 507 1361 Nabuchodonosoris
519 1338 585 1357 esse.
601 1328 747 1365 Postquam
758 1324 830 1354 enim
840 1335 855 1354 a
865 1325 979 1365 pristino
991 1353 1027 1372 ²²1
1036 1327 1143 1368 ῥήματα
1156 1329 1235 1357 αὐτοῦ
1248 1322 1313 1357 εἶναι
1325 1330 1370 1358 τοῦ
1384 1327 1626 1368 Ναὸουχοδονόσορ.
1635 1328 1747 1365 Ἐπειδὴ
1757 1327 1809 1368 γὰρ

233 1387 324 1407 errore
332 1375 476 1415 collegerat
487 1385 526 1412 se,
537 1374 563 1403 in
575 1371 687 1414 publica
701 1374 766 1401 Acta
778 1381 822 1400 eas
836 1370 928 1400 literas
939 1381 982 1400 re·
1000 1382 1020 1404 Α
1035 1373 1177 1413 ἀνήνεγκεν
1189 1375 1235 1403 ἀπ’
1252 1373 1353 1410 ἐκείνης
1366 1376 1413 1410 τῆς
1427 1374 1539 1411 πλάνης,
1553 1375 1579 1404 ἐν
1595 1374 1731 1415 δημοσίοις
1743 1375 1810 1405 αὐτὰ

207 1463 209 1465 K
234 1423 334 1452 tulerat
347 1422 424 1451 forte.
439 1422 530 1461 Ipsam
545 1419 629 1460 igitur
646 1418 873 1452 constitutionem,
887 1424 918 1446 ut
929 1416 983 1446 fide

233 1468 333 1508 dignus
345 1468 391 1505 sit,
402 1466 513 1496 adducit
524 1465 632 1495 Daniel.
644 1465 715 1494 Nam
725 1464 867 1494 hominum
880 1470 983 1493 naturae

233 1516 291 1556 ipse
303 1515 351 1555 qui
363 1525 457 1555 passus
469 1519 511 1543 est
524 1512 656 1550 loquitur.
665 1511 703 1541 Et
715 1510 785 1540 mihi
797 1510 885 1551 aspice
898 1520 981 1549 quau-

234 1569 292 1591 tum
300 1561 492 1590 documentum
501 1558 536 1588 sit
543 1557 673 1588 adversus
683 1556 850 1597 superbos-A
856 1556 984 1597 superbia

235 1608 307 1637 enim
318 1617 412 1647 passus
422 1612 462 1636 est
471 1614 647 1644 quaecumque
659 1613 754 1644 passus
765 1609 804 1632 est
814 1615 821 1632 z
832 1609 858 1632 et
870 1601 987 1632 ostendit

236 1665 343 1684 causam
361 1652 506 1693 superbiae,
523 1658 583 1681 tum
603 1661 619 1679 a
640 1650 704 1687 fine,
718 1656 776 1679 tum
796 1649 831 1679 ab
847 1649 944 1679 initio:
958 1648 987 1678 in

238 1701 292 1730 fine
314 1699 425 1739 quidem
446 1698 548 1735 dicens,
567 1698 714 1736 Quoniam
728 1707 828 1725 omnes
849 1697 988 1735 superbos

232 1748 329 1787 'potest
350 1744 560 1782 humilium-in
579 1743 714 1783 principio
731 1749 821 1772 autem
843 1749 870 1771 et
887 1742 923 1771 ab
935 1753 987 1772 ex·-

238 1792 325 1822 ordiis
339 1803 447 1822 causam
467 1790 600 1830 superbiai
615 1789 725 1818 docens.
745 1789 788 1819 lbi
810 1788 907 1818 etenim
924 1799 988 1818 eum

242 1840 304 1870 ideo
318 1840 400 1869 fuisse
409 1837 584 1868 humiliatum
598 1835 736 1865 declarat:
750 1835 796 1864 hic
809 1846 874 1866 vero
886 1846 939 1874 qua
952 1834 987 1864 de

240 1897 321 1917 causa
334 1885 468 1926 superbus
480 1883 605 1923 evaserit,
617 1893 714 1922 nempe
727 1893 762 1911 ex
775 1892 806 1911 eo
819 1882 892 1920 quod
901 1881 987 1927 multa

240 1933 374 1962 frueretur
391 1930 533 1969 felicitate3
545 1929 584 1959 sic
596 1935 622 1958 et
638 1927 728 1959 David
745 1928 832 1957 dicit:
846 1928 918 1957 Ideo
941 1938 990 1957 eos

230 1980 335 2008 'tenuit
348 1978 500 2017 superbia:
513 1977 549 2004 ita
558 1982 585 2005 et
595 1974 642 2003 hic
653 1975 753 2004 multas
766 1974 842 2014 ponit
854 1985 889 2014 pr
890 1973 991 2015 osperi-

231 2031 317 2055 tates.
329 2025 361 2055 In
375 2021 511 2064 principio
524 2021 576 2050 ait·
589 2015 760 2050 Abundans
774 2030 853 2049 eram
864 2021 896 2049 in
905 2021 992 2049 domo

242 2082 319 2108 mea,
333 2078 363 2101 et
365 2070 508 2113 florens
496 2079 528 2097 ιη
542 2068 616 2097 solio
629 2078 704 2105 meo,
717 2073 746 2096 et
762 2068 880 2107 pinguis
893 2066 926 2095 in
939 2078 992 2106 po-

241 2118 314 2158 pulo
331 2127 405 2146 meo.
418 2116 481 2146 Non
498 2112 569 2143 enim
583 2114 643 2143 fieri
657 2119 743 2154 potest
761 2119 792 2142 ut
809 2113 899 2142 omnia
920 2112 991 2142 bona

244 2164 327 2194 simul
349 2166 520 2193 concurrant.
537 2160 675 2199 Contingit
694 2159 723 2187 in
745 2158 861 2199 imperio
881 2157 992 2197 quidem

245 2221 301 2239 esse
315 2209 430 2246 felicem,
439 2205 515 2238 domi
530 2217 593 2237 vero
608 2205 753 2241 infelicem,
762 2203 991 2243 quemadmodum

204 2277 208 2279 -
244 2255 386 2291 Herodem*
400 2252 628 2294 quemadmodum
654 2250 764 2281 David:
778 2250 877 2280 accidit
899 2261 993 2280 rursus

246 2310 350 2339 contra,
361 2302 388 2331 in
408 2301 512 2341 populo
526 2300 636 2339 quidem
650 2298 785 2328 infelicem
797 2307 870 2332 esse;
884 2308 898 2326 a
910 2297 991 2327 domo

244 2355 335 2391 autem
350 2347 420 2376 nihil
435 2357 517 2386 grave
540 2357 571 2376 ac
592 2345 735 2374 molestum
762 2343 914 2373 sustinere:
931 2343 992 2372 ficii

1034 1420 1160 1451 κατέθετο
1173 1421 1320 1462 γράμματα
1333 1421 1407 1455 ἴσως.
1427 1422 1498 1451 Αὐτὸ
1518 1418 1562 1452 ουν
1575 1422 1725 1464 σύνταγμα,
1740 1422 1809 1453 ὥστε

1036 1465 1186 1506 ἀξιόπιστον
1200 1465 1338 1505 γενέσθαι,
1353 1465 1468 1506 παράγει
1479 1469 1492 1496 ὁ
1504 1466 1617 1503 Δανιήλ.
1633 1468 1677 1508 Τῇ
1691 1468 1743 1508 γὰρ
1756 1470 1809 1498 τῶν

1037 1511 1182 1552 ἀνθρώπων
1205 1511 1283 1552 φύσει
1305 1511 1407 1546 αὖτὸςὸ
1421 1512 1557 1547 πεπονθὼς
1575 1513 1733 1554 διαλέγεται.
1755 1514 1810 1545 Καὶ

1037 1557 1085 1587 θέα
1099 1569 1145 1597 μοι
1165 1558 1235 1595 πόση
1249 1558 1386 1592 παίδευσις
1398 1558 1499 1598 γίνεται
1518 1558 1588 1589 κατὰ
1606 1562 1659 1590 τῶν
1673 1559 1810 1601 ὑπερηφά-

1037 1616 1099 1634 νων.
1125 1603 1189 1635 Ἀπὸ
1211 1604 1263 1645 γὰρ
1278 1604 1457 1645 ὑπερηφανίας
1480 1604 1608 1636 πέπονθεν
1622 1606 1691 1648 ἅπερ
1704 1607 1810 1643 ἔπαθεν,

1038 1650 1084 1680 καὶ
1098 1650 1213 1680 δείκνυσι
1225 1651 1274 1687 τὴν
1288 1651 1375 1681 αἰτίαν
1388 1653 1436 1687 τῆς
1453 1651 1633 1692 ὑπερηφανίας
1648 1652 1701 1682 ἀπό
1719 1665 1749 1683 τε
1763 1656 1809 1683 τοῦ

1038 1697 1129 1730 τέλους
1142 1697 1186 1726 καὶ
1200 1699 1248 1733 τῆς
1268 1699 1367 1738 ἀρχῆς·
1385 1698 1411 1727 ἐν
1437 1697 1485 1737 μὲν
1497 1700 1537 1739 τῷ
1550 1698 1621 1729 τέλει
1633 1698 1732 1738 λέγων,
1744 1698 1811 1729 Ὀτι

1038 1743 1140 1778 πάντας
1163 1743 1223 1778 τοὺς
1246 1744 1428 1785 ὑπερηφάνους
1452 1745 1561 1775 δύναται
1580 1747 1742 1776 ταπεινῶσαι
1754 1757 1761 1764 ·
1783 1746 1811 1774 ἐν

1040 1792 1112 1831 ἀρχῇ
1125 1791 1152 1820 δὲ
1162 1790 1207 1820 καὶ
1217 1792 1248 1820 ἐκ
1261 1791 1407 1831 προοιμίων
1419 1791 1467 1828 τὴν
1479 1792 1565 1821 αἰτίαν
1575 1794 1622 1828 τῆς
1633 1791 1811 1832 ὑπερηφανίας

1040 1837 1183 1867 διδάσκων.
1199 1838 1275 1867 Ἐκεῖ
1290 1836 1337 1876 μὲν
1351 1837 1412 1877 γὰρ,
1425 1837 1525 1874 ὅτνδιὰ
1539 1841 1616 1868 τοῦτο
1629 1837 1792 1873 ἐταπεινώθη
1805 1861 1813 1874 ,

1041 1884 1174 1920 ἐδήλωσεν
1183 1895 1190 1902 ·
1204 1884 1316 1913 ἐνταῦθα
1331 1883 1358 1914 δὲ
1380 1883 1459 1914 πόθεν
1473 1887 1576 1914 τοιοῦτο
1589 1884 1709 1924 ἐγένετο,
1723 1886 1753 1914 ἐκ
1767 1888 1813 1914 τοῦ

1042 1931 1142 1965 πολλῆς
1166 1930 1315 1973 ἀπολαῦσαι
1340 1930 1498 1970 εὐπραγίας·
1520 1929 1610 1970 ὥσπερ
1634 1930 1679 1960 καὶ
1699 1933 1713 1960 ὁ
1731 1931 1815 1960 Δαυὶδ

1041 1975 1129 2016 λέγει·
1152 1975 1204 2005 Διὰ
1226 1978 1302 2005 τοῦτο
1322 1975 1466 2016 ἐκράτησεν
1482 1978 1568 2017 αὑτῶν
1592 1978 1609 2012 ἡ
1633 1977 1814 2017 ὑπερηφανία·

1043 2021 1113 2051 οὕτω
1127 2021 1160 2058 δὴ
1174 2021 1220 2051 καὶ
1242 2022 1354 2051 ἐνταῦθα
1369 2023 1469 2055 πολλὰς
1482 2022 1585 2058 τίθησιν
1599 2022 1752 2063 εὐπραγίας.
1768 2024 1815 2053 Ἐν

1044 2070 1078 2108 τῇ
1094 2069 1164 2108 ἀρχῇ
1186 2079 1264 2108 φησι·
1279 2068 1405 2104 Εὗθηνῶν
1427 2068 1500 2108 ἤμην
1514 2069 1541 2099 ἐν
1555 2070 1593 2109 τῷ
1610 2068 1675 2109 οἴκῳ
1691 2081 1757 2108 μου,
1771 2069 1817 2099 καὶ

1045 2115 1161 2144 εὖθαλῶν
1183 2113 1227 2143 ἐπὶ
1241 2115 1287 2142 τοῦ
1301 2113 1391 2154 θρόνου
1407 2125 1457 2153 μου
1469 2137 1478 2153 ,
1492 2114 1537 2144 καὶ
1560 2115 1628 2145 πίων
1650 2117 1677 2144 ἐν
1699 2117 1737 2156 τῷ
1759 2109 1817 2156 λαῷ

1046 2173 1107 2201 μου.
1132 2161 1173 2200 Οὐ
1194 2160 1245 2200 γάρ
1270 2161 1326 2190 ἐστι
1347 2160 1434 2190 πάντα
1448 2162 1513 2200 ὁμοῦ
1529 2162 1696 2202 συνδραμεῖν.
1709 2162 1818 2192 Ἔνεστι

1046 2206 1115 2237 κατὰ
1130 2206 1178 2246 μὲν
1200 2206 1249 2243 τὴν
1267 2206 1352 2247 ἀρχὴν
1367 2208 1516 2248 εὐπραγεῖν,
1531 2208 1600 2238 κατὰ
1623 2207 1651 2237 δὲ
1671 2207 1720 2244 τὴν
1733 2208 1818 2238 οἰκίαν

1047 2255 1215 2295 δυσπραγεῑν,
1229 2252 1348 2293 καθάπερ
1371 2255 1385 2283 ὁ
1408 2253 1543 2294 Ἡρώδης·
1558 2254 1677 2295 καθάπερ
1689 2257 1703 2285 ὁ
1715 2255 1799 2284 Δαυίδ
1811 2267 1818 2273 ·

1046 2299 1131 2330 ἔνεστι
1144 2299 1224 2328 πάλιν
1238 2299 1387 2329 τούναντίον
1401 2301 1428 2329 ἐν
1443 2299 1491 2340 μὲν
1505 2302 1544 2340 τῷ
1567 2302 1625 2341 λαῷ
1649 2301 1819 2341 δυσπραγεῖν,

1047 2346 1100 2376 ἀπο
1113 2345 1139 2375 δὲ
1152 2347 1200 2382 τ’ἤς
1216 2345 1299 2378 οἰκίας
1312 2345 1395 2384 μηδὲν
1409 2345 1522 2386 πάσχειν
1547 2346 1652 2376 δεινόν·
1678 2346 1777 2376 ἔνεστιν
1791 2348 1819 2376 ἔν

244 2397 326 2425 etiam
337 2399 423 2434 potest
434 2392 500 2421 utin
516 2392 582 2421 urbe
593 2402 648 2432 pax
660 2391 709 2423 sit3
723 2397 751 2419 at
762 2400 877 2431 regnum
889 2391 992 2419 tumul-
1011 2408 1030 2431 C
1047 2392 1095 2431 μὲν
1109 2394 1160 2440 τῇω
1157 2391 1235 2421 πόλει
1253 2391 1405 2432 εἰρηνεύειν,
1429 2391 1507 2428 τὴν
1493 2392 1520 2422 οὲ
1535 2393 1620 2433 ἀρχὴν
1635 2392 1818 2433 ταράττεσθαι.

244 2441 318 2471 tibus
329 2438 476 2479 quatiatur.
491 2439 598 2469 Verum
615 2437 660 2466 isti
672 2436 778 2466 fencem
800 2435 922 2474 undique
938 2447 994 2465 esse

244 2486 357 2527 contigit
368 2498 375 2515 ι
386 2484 457 2527 nihil
469 2491 525 2514 erat
537 2483 632 2521 quod
625 2494 716 2523 ipsum
729 2480 850 2512 molestia
865 2481 995 2511 afficeret.

194 2547 196 2550 ·
243 2533 331 2564 Vides
346 2533 477 2572 quantum
498 2530 601 2560 malum
619 2530 654 2559 sit
668 2529 773 2559 vacatio
793 2540 824 2558 ac
843 2529 995 2559 securitas?

245 2582 319 2612 Sicut
332 2581 403 2611 enim
419 2580 446 2610 in
459 2578 628 2619 corporibus,
643 2588 705 2608 cum
718 2588 770 2608 non
785 2589 817 2608 ex
833 2577 988 2608 necessitate

1047 2440 1117 2468 Ἀλλ’
1130 2441 1204 2472 οὗτος
1214 2437 1342 2467 πάντοθεν
1355 2439 1495 2478 εὐπραγεῖν
1510 2434 1597 2479 εἶχεν·
1609 2434 1712 2468 οὖδὲνῗ
1694 2451 1727 2476 ην
1741 2439 1818 2469 αὐτὸν

1046 2486 1157 2514 λυποῦν.
1168 2483 1251 2524 Ὁρᾷς
1264 2482 1345 2513 πόσον
1359 2484 1439 2514 κακὸν
1461 2484 1553 2514 ἄδεια·
1546 2507 1554 2521 ,
1567 2484 1695 2525 Καθάπερ
1709 2484 1786 2525 γὰρ’
1774 2485 1819 2515 επὶ

1045 2534 1097 2560 τῶν
1113 2530 1253 2570 σωμάτων,
1267 2529 1330 2560 ὅταν
1355 2530 1392 2569 μὴ
1414 2529 1538 2570 γίνωνται
1558 2532 1583 2560 οἱ
1608 2530 1677 2560 κατὰ
1701 2531 1819 2571 ἀνάγκην

1048 2577 1142 2617 μόχθοι
1159 2577 1203 2607 καὶ
1219 2576 1351 2616 ἀσχολίαι,
1374 2576 1558 2613 ἐπιτηδευτούς
1570 2589 1641 2611 τινας
1657 2578 1820 2618 ἐπιχειροῦσι

1808 613 1889 639 *Lar
