1904 2840
115 297 252 320 Luc-2231.

115 419 207 448 Itom.9.
219 419 253 447 14.

261 179 332 228 698

977 189 1107 213 senum,

262 264 347 292 neque
359 253 476 282 alienum
490 252 547 281 Deo
560 259 638 292 putes
657 257 787 281 certamen
807 250 912 280 athletae
933 259 1005 280 nun·
1024 253 1042 276 C
1060 250 1156 290 Πέτρῳ
1169 250 1241 289 λέγει
1258 251 1273 278 ὁ
1293 249 1402 290 Κύριος·
1419 249 1519 289 Πέτρε,
1535 248 1589 279 ἰδοὺ
1603 251 1616 278 ὁ
1639 253 1753 282 σατανᾶς
1763 247 1825 288 ἐξῃ-

265 293 338 322 tiare.
357 293 435 322 Petro
450 301 565 330 namque
577 290 644 321 dicit
660 290 795 320 Dominus
807 301 814 319 :
828 290 926 327 Petre‚
940 300 1006 320 ecce

263 339 384 362 satanas
402 332 541 371 expetivit
561 340 616 360 vos
626 353 634 367 ,
651 336 683 359 ut
697 331 837 360 cribraret
851 336 1005 370 tamquam

265 372 399 401 triticum.
414 370 551 411 Apostolis
574 369 729 399 tentationes
743 369 920 410 praenuntiat3
935 369 1005 399 Jobo

264 418 352 440 autem
364 421 417 439 non
428 409 549 450 praedicit
559 410 713 439 tentationes
725 415 751 438 et
763 409 916 439 certamina.
926 410 1005 439 Num

264 452 410 491 injustitia
420 450 501 489 apud
510 450 605 479 Deum
619 451 683 479 est?
698 448 797 478 Absit.
811 450 882 479 Nam
895 448 938 478 his
948 448 1005 478 ani-

265 501 341 520 mum
352 489 439 526 addit,
450 489 500 519 hos
509 500 574 519 vero
588 488 726 527 relinquit.
739 489 797 518 Cur
807 498 859 518 non
872 488 897 518 ei
907 488 1003 528 praedi-

265 531 312 567 cit,
329 536 357 559 ut
369 528 521 569 apostolis?
535 529 641 559 Sciebat
657 529 730 558 Deus
743 527 846 558 diaboli
858 528 1003 562 vafritiem,

266 570 366 599 sciebat
378 568 508 598 invidiam
522 591 530 605 ,
544 568 644 598 sciebat
656 567 831 597 calliditatem
843 578 897 607 qua
918 573 1006 607 posset

267 610 393 638 virtutem
412 607 570 638 obtundere.
583 607 614 639 Si
626 606 739 637 dixisset
749 607 775 637 ei
797 609 880 644 Deus,
893 606 1006 636 Attende

267 649 360 686 tibi‚et
371 647 476 677 decerta
486 659 495 686 ;
507 648 530 677 si
546 657 630 686 usqne
646 647 674 676 in
684 647 764 676 finem
776 647 946 683 sustinueris,
954 646 1005 675 du·

266 688 377 756 plicatas
391 687 441 717 tibi
452 687 589 717 facultates
599 686 747 721 restituam,
755 697 868 726 regnum
879 686 1006 715 caelorum

287 727 413 757 ereditate
422 726 714 766 consequeris,coronas
724 725 931 755 immortalitatis
940 725 1008 754 acci-

267 768 336 806 picS,
350 766 424 796 orbis
440 773 509 796 totns
519 766 614 806 plenus
626 765 675 795 erit
690 765 817 795 laudibus
827 765 881 795 tuis
897 776 904 793 :
917 764 939 794 si
953 765 1008 793 baec

267 806 390 842 dixisset,
405 812 580 836 concertasset
596 805 689 844 utique
706 806 809 845 justus;
824 804 871 834 sed
884 804 1010 833 diabolus

267 845 331 875 hinc
343 845 508 875 occasionem
517 844 685 885 arripuisset:
699 855 740 881 ac,
748 844 771 874 si
782 844 818 873 ita
827 844 964 873 decertans
969 843 1010 872 vi-

268 885 356 920 cisset,
363 884 477 914 dixisset
486 886 554 921 Deo,
561 885 634 914 Num
643 884 726 924 gratis
736 883 901 913 decertavit?
909 883 1010 912 Promi-

1058 289 1158 326 τήσατο
1170 290 1239 328 ὑμᾶς
1248 311 1255 323 ,
1271 291 1316 319 τοῦ
1331 289 1445 318 σινιάσαι
1459 290 1496 322 ὡς
1518 288 1562 318 τὸν
1577 292 1657 318 σῖτον.
1669 290 1733 322 Τοῖς
1755 289 1825 318 ἀπο-

1059 329 1160 362 στόλοις
1179 328 1303 368 προλέγει
1326 328 1386 362 τοὺς
1406 327 1632 368 πειρασμούς·τῷ
1654 328 1682 358 δὲ
1707 326 1771 357 ’1ὼὸ
1795 329 1824 357 οὗ

1058 368 1180 407 προλέγει
1205 367 1463 408 τοὺςπειρασμοὺς,
1486 368 1545 398 οὐδὲ
1569 367 1617 404 τὴν
1642 368 1761 403 ἄθλησιν.
1777 367 1826 403 Μὴ

1058 407 1149 437 ἀδικία
1161 407 1235 447 παρὰ
1256 409 1295 447 τῷ
1317 409 1394 447 Θεῷ,
1406 407 1454 443 Μὴ
1468 406 1577 446 γένοιτο.
1590 406 1659 440 Τοὺς
1677 406 1725 446 μὲν
1737 418 1777 436 πα
1794 419 1826 436 α-

1059 447 1193 487 θαρσύνει,
1206 446 1266 481 τοὺς
1291 447 1318 476 δὲ
1338 446 1544 486 καταλιμπάνει.
1561 446 1614 476 Διὰ
1643 446 1669 476 τί
1694 446 1731 485 μὴ
1755 418 1827 485 λῖγει

1059 488 1145 526 αὐτῷ,
1160 488 1195 519 ὡς
1208 490 1262 520 τοῖς
1276 486 1446 522 ἀποστόλοις,
1460 486 1538 528 ’ᾘδει
1547 485 1636 519 δΘεὸς
1649 488 1694 515 τοῦ
1705 484 1827 515 δια-δόλου

1058 526 1106 562 τὴν
1121 526 1290 566 κακουργίαν,
1303 526 1361 562 ἤδει
1383 526 1427 556 τὸν
1449 525 1550 566 φθόνον,
1572 525 1631 561 ἤδει
1643 524 1692 561 τὴν
1705 524 1829 554 ὑπόνοιαν
1864 533 1868 537 “

1059 565 1205 604 δυναμένην
1219 559 1353 604 ἀμὸλῦναι
1375 565 1424 602 τὴν
1443 564 1550 606 ἀρετήν.
1563 557 1599 595 Εἰ
1620 559 1692 594 εἶπεν
1717 565 1787 594 αὔτ”“
1814 566 1829 593 ὁ

1059 605 1141 640 Θεὸς,
1157 605 1271 646 πρόσεχε
1283 606 1385 645 σεαυτῷ
1395 628 1402 642 ,
1414 605 1460 635 καὶ
1473 604 1616 644 ἀγώνισαι·
1630 603 1676 634 ἐὰν
1686 576 1830 643 {ampeli-1³3<

1060 646 1097 678 εἰς
1110 644 1199 680 τέλος,
1212 644 1246 674 τὰ
1269 644 1422 685 ὑπάρχοντά
1448 656 1490 674 σοι
1510 645 1545 678 εἷς
1560 644 1591 673 τὸ
1611 643 1748 673 διπλάσιον
1762 645 1829 672 ἀπο-

1061 684 1171 723 δίδωμι,
1194 684 1330 724 βασιλείαν
1353 685 1469 724 οὐρανῶν
1490 686 1542 721 κλη
1574 682 1714 722 νομήσεις,
1732 682 1829 723 στεφά-

1061 735 1119 757 νους
1130 724 1273 757 ἀθανασίας
1286 723 1360 763 δέξῃ,
1376 723 1460 762 μεστὴ
1472 725 1525 754 τῶν
1545 695 1684 762 gwidoni
1705 724 1759 752 τῶν
1774 723 1828 751 σῶν

1061 763 1106 793 καὶ
1126 765 1179 792 τῶν
1194 763 1307 792 ἐπαίνων
1331 766 1348 799 ἡ
1373 763 1514 802 οἰκουμένη
1539 767 1614 792 πᾶσα
1637 761 1790 802 γενήσεται·
1806 763 1830 791 εἰ

1061 805 1146 832 ταῦτα
1170 798 1252 838 εἶπεν,
1266 802 1408 842 ἠγωνίζετο
1424 803 1471 842 μὲν
1493 803 1523 832 ἂν
1539 804 1553 832 ὁ
1567 802 1664 836 δίκαιος
1673 813 1680 820 ·
1694 803 1708 830 ὃ
1731 801 1759 831 δὲ
1773 801 1829 831 διά-

1062 842 1137 875 δολος
1151 842 1231 872 πάλιν
1245 842 1366 883 ἀφορμὴν
1388 842 1436 872 ἐλά
1459 842 1521 871 δανε
1533 853 1539 861 ·
1554 842 1600 871 καὶ
1621 843 1646 871 εἰ
1669 840 1718 880 μὲν
1733 841 1831 880 ἀγωνι-

1062 881 1096 911 coi.
1119 893 1173 916 ενος
1187 881 1268 915 οὕτως
1287 883 1416 918 ἐνίκησεν,
1429 855 1502 921 ἔςεγε
1515 882 1553 921 τῷ
1566 882 1641 921 Θεῷ,
1657 880 1694 920 μὴ
1712 879 1764 920 γὰρ
1777 881 1830 909 δω-

268 925 326 954 sisti
334 925 358 954 ei
373 923 766 963 immortalitatem,promisisti
777 933 805 952 re
825 933 900 959 num,
909 922 1009 963 promi·
1027 931 1047 954 n
1063 933 1091 962 ρε
1110 933 1123 950 ν
1137 921 1302 960 ἠγωνίσατος
1317 921 1486 961 Ἐπηγγείλω
1500 922 1572 961 αὐτῷ
1582 919 1735 956 ἀθανασίαν,
1746 921 1831 959 ἐπηγ-

268 964 327 993 sisti
338 974 458 993 coronas.
471 964 501 994 Si
515 964 604 1002 itaque
616 974 679 992 cum
692 969 813 1004 tempora
825 962 882 992 ium
894 961 1011 991 fructum

268 1004 430 1043 accepisset,
443 1004 471 1033 in
491 1003 668 1043 suspicionem
685 1009 795 1032 vocatus
811 1009 850 1032 est
862 1001 937 1041 quasi
958 1011 1011 1031 non

265 1043 366 1083 justus,
382 1043 428 1073 sed
443 1042 518 1088 quasi
535 1042 715 1072 mercenarius
731 1054 738 1071 ε
754 1042 778 1071 si
791 1048 949 1071 aeternorum
962 1041 1012 1070 bo-

268 1093 365 1112 norum
376 1082 578 1122 promissionem
592 1081 841 1122 accepisset,annon
853 1081 939 1110 multo
953 1091 1011 1110 ma-

268 1122 309 1161 gis
316 1122 380 1151 hinc
386 1122 510 1151 diabolus
517 1121 681 1150 occasionem
687 1120 859 1160 arripuisset?
864 1120 918 1151 Sed
925 1119 1012 1150 occul-

269 1168 307 1190 tat
319 1172 440 1197 coronas,
455 1168 484 1190 ut
497 1160 640 1190 certamina
650 1158 789 1200 patefaciat
805 1172 811 1188 :
825 1160 940 1190 occultat
949 1160 1012 1189 bra·

269 1201 346 1230 vium
353 1224 362 1236 ,
372 1209 402 1230 ut
411 1201 538 1229 athletam
547 1199 678 1229 ostendat.
693 1200 750 1229 Cur
760 1209 808 1238 ego
816 1221 823 1234 ‚
831 1199 905 1229 dices
913 1222 921 1237 ,
931 1199 1012 1228 etiam

269 1241 398 1280 apostolis
406 1250 459 1269 non
472 1238 638 1269 occultavit?
648 1238 670 1267 si
681 1239 752 1267 enim
762 1249 792 1267 ea
804 1238 838 1268 de
849 1249 928 1268 causa
942 1238 1012 1269 Jobo

270 1290 323 1310 non
332 1279 470 1320 praedixit,
481 1288 530 1307 cur
540 1287 592 1307 non
605 1277 699 1307 eodem
714 1277 794 1307 modo
803 1277 930 1317 apostolis
942 1288 1011 1317 prae-

269 1320 357 1348 mium
368 1318 475 1348 tacuit?
485 1318 538 1348 Job
548 1317 621 1346 solus
633 1316 795 1352 decertabat,
806 1327 857 1356 pro
871 1317 1011 1356 semetipso

269 1359 421 1394 laborabat,
436 1367 486 1397 pro
499 1356 639 1395 semetipso
652 1355 788 1396 pugnabat
799 1368 805 1384 :
822 1355 936 1396 apostoli
948 1366 1012 1385 vero

270 1408 405 1439 praecones
418 1403 494 1426 terrae
505 1402 581 1425 erant
593 1401 619 1424 et
630 1394 751 1424 doctores
763 1394 847 1424 orbis.
861 1394 930 1434 lpsis
942 1401 1013 1424 certe

270 1437 404 1467 occultare
414 1441 534 1476 poterat,
545 1433 591 1464 sed
602 1433 702 1463 mundo
719 1444 761 1463 res
775 1433 933 1463 detrimento
946 1433 1011 1463 suis-

1062 960 1142 1000 γεῖλω
1163 961 1308 1000 βασιλείαν,
1336 961 1487 1001 ἐπηγγείλω
1511 960 1662 1001 στεφάνους.
1684 960 1718 989 Εἴ
1745 959 1831 988 τοίνυν

1062 1003 1115 1030 τῶν
1128 999 1295 1040 προσκαίρων
1306 999 1396 1030 λαόὼν
1405 1000 1454 1037 τὴν
1469 1000 1624 1035 ἀπόλαυσιν,
1638 998 1769 1035 ὓπενοήθη
1782 1001 1832 1038 οὐχ

1062 1042 1098 1074 ὡς
1109 1039 1224 1076 δίκαιος,
1238 1040 1296 1068 ἀλλ’
1309 1042 1346 1074 ὡς
1365 1040 1534 1079 ὑπομίσθιος·
1548 1041 1572 1069 εἰ
1586 1038 1666 1068 ἔλαὸε
1687 1040 1740 1068 τῶν
1763 1039 1831 1067 αἰω-

1062 1079 1124 1130 νίων
1151 1079 1415 1130 τὴν,ὑπόσχεσιν,,οὒ
1441 1080 1531 1129 πολλῷ
1555 1079 1655 1129 μᾶλλον
1671 1081 1685 1108 ὁ
1710 1077 1831 1128 διάβολος

1061 1118 1662 1211 52⁰ssffiiiafssffffi232⁵262ffii{3335⁸23⁰¹?
1675 1128 1832 1191 ‘Zifflv‘i

1063 1197 1133 1238 δείξῃ
1147 1197 1192 1227 τὸν
1207 1198 1334 1234 ἀθλητήν,
1350 1197 1402 1227 Διὰ
1418 1197 1444 1228 τί
1464 1210 1517 1233 ουν,
1531 1196 1610 1238 φησὶ,
1624 1168 1744 1229 adiacet<
1763 1197 1832 1236 ἀπο-

1063 1237 1164 1270 στόλοις
1178 1238 1226 1267 οὖκ
1240 1237 1269 1266 ἔκ
1287 1239 1366 1277 υψενζ
1380 1240 1404 1267 εἷ
1417 1237 1469 1278 γὰρ
1495 1238 1538 1267 διὰ
1562 1239 1640 1266 τοῦτο
1663 1237 1710 1267 οὐκ
1723 1230 1780 1265 εἷπε
1793 1237 1833 1275 τῷ

1063 1276 1137 1313 ’18)6,
1153 1277 1195 1306 διὰ
1208 1277 1235 1306 τί
1250 1282 1287 1316 μη
1299 1279 1337 1316 τῷ
1349 1278 1421 1316 αὐτῷ
1435 1277 1526 1317 τρόπῳ
1539 1276 1584 1306 καὶ
1597 1276 1705 1306 ἐπὶτῶν
1715 1275 1833 1305 ἀποστό-

1065 1317 1118 1345 λων
1131 1315 1265 1351 ἐσιώπησε
1274 1317 1317 1346 τὸν
1329 1312 1423 1351 Zeton
1437 1316 1499 1346 Ἰὼὸ
1511 1316 1588 1355 μόνος
1598 1315 1752 1355 ἠγωνίζετο,
1766 1315 1833 1354 ὑπὲρ

1067 1357 1162 1384 ἑαυτοῦ
1182 1354 1303 1394 ἔκαμνεν,
1317 1355 1383 1395 ὑπὲρ
1398 1357 1490 1384 ἑαυτοῦ
1509 1354 1664 1394 ἠγωνίζετο·
1676 1356 1701 1384 οἱ
1719 1354 1747 1383 δὲ
1766 1354 1833 1383 ἀπό-

1064 1395 1151 1423 στολοι
1172 1394 1286 1434 κήρυκες
1309 1390 1377 1430 ἦσαν
1398 1396 1446 1429 τῆς
1469 1397 1517 1433 γῆς
1541 1394 1586 1423 καὶ
1609 1394 1762 1423 διδάσκαλοι
1785 1395 1833 1429 τῆς

1064 1433 1226 1472 οἰκουμένης.
1243 1435 1336 1467 Abroi<
1360 1433 1408 1472 μὲν
1431 1429 1476 1462 οὖν
1500 1433 1598 1473 κρύψαι
1623 1432 1750 1469 ἠδύνατο,
1765 1432 1833 1462 ἀλλὰ

271 1484 321 1507 set.
341 1478 447 1506 Poterat
465 1474 566 1504 Paulus
585 1474 641 1502 sine
659 1473 1013 1518 comnarumfromissione
1030 1482 1049 1505 ε
1065 1474 1103 1513 τῷ
1117 1473 1209 1513 κόσμῳ
1222 1473 1305 1512 ζημία
1318 1473 1348 1503 τὸ
1369 1478 1481 1513 πρᾶγμα
1493 1473 1600 1512 ἐγίνετο.
1612 1471 1743 1502 Ἦδύνατο
1756 1473 1833 1501 Παῦ-

272 1523 372 1546 certare
380 1527 389 1554 3
400 1521 504 1555 poterat
521 1515 615 1543 Petrus
630 1512 687 1541 sine
709 1512 884 1552 promissione
898 1513 1012 1542 viriliter

271 1566 349 1595 agere
361 1566 370 1592 ;
392 1560 512 1594 poterant
534 1552 648 1597 apostoli
674 1561 726 1580 non
753 1558 858 1592 accepta
879 1551 1013 1581 bonorum

271 1594 448 1635 promissione
472 1602 521 1632 pro
533 1598 633 1622 virtute
656 1600 796 1630 pugnare:
821 1590 869 1620 sed
881 1601 934 1620 non
949 1591 1011 1620 ubi-

272 1645 325 1674 que
337 1633 454 1668 Paulus,
472 1641 524 1660 non
539 1630 638 1669 ubique
662 1631 770 1668 Petrus;
784 1630 932 1660 multorum
951 1630 1011 1660 ani—

273 1684 322 1703 mae
345 1672 486 1702 imbecillae
510 1677 592 1707 sunt,
617 1669 764 1699 multorum
802 1676 902 1699 mentes
926 1670 1012 1700 vacil-

273 1714 340 1743 lant.
352 1712 382 1742 Si
397 1712 468 1741 enim
487 1710 583 1746 hodie,
597 1715 738 1750 postquam
760 1719 873 1749 regnum
895 1710 1011 1749 promis-

273 1763 334 1783 sum
345 1759 394 1786 est,
407 1752 615 1788 futurorumque
627 1749 759 1778 bonorum
774 1749 904 1788 possessio
913 1772 920 1785 ‚
932 1756 1010 1789 atque

273 1792 430 1832 angelorum
457 1789 620 1819 consortium
636 1810 644 1825 ,
671 1794 697 1816 et
715 1787 836 1827 paradisi
865 1788 929 1819 volu
951 1796 1008 1824 tas,

272 1831 352 1861 multi
366 1830 496 1870 promissa
514 1833 696 1861 contemnunt,
712 1827 887 1866 praesentibus
908 1829 935 1857 in
957 1828 1011 1858 iau-

272 1878 311 1900 tes
325 1883 332 1899 :
355 1871 378 1898 si
396 1868 505 1898 omnino
518 1866 654 1896 silentium
674 1865 707 1894 de
730 1865 764 1895 iis
777 1866 881 1904 fuisset,
897 1867 958 1907 quis
975 1867 1009 1897 ad

1065 1513 1109 1546 λος
1136 1513 1196 1542 ἄνευ
1215 1524 1261 1542 στε
1283 1513 1350 1542 ἄνων
1370 1511 1528 1551 ἐπαγγελίας
1554 1511 1732 1550 ἀγωνίσασθαι
1740 1523 1747 1530 ·
1770 1511 1832 1548 ἠδό-

1065 1564 1128 1581 νατο
1140 1552 1243 1592 Πέτρος
1256 1524 1316 1581 ἀνευ
1332 1551 1493 1591 ἐπαγγελίας
1505 1551 1676 1591 ἀνδρίσασθαι
1685 1562 1691 1569 ·
1703 1550 1832 1586 ἠδύναντο

1064 1592 1088 1621 οἳ
1103 1591 1244 1621 ἀπόστολοι
1258 1590 1296 1630 μὴ
1310 1591 1445 1630 δεξάμενοι
1467 1590 1628 1630 ἐπαγγελίαν
1646 1591 1750 1629 ἀγαθῶν
1764 1590 1831 1629 ὗπὲρ

1065 1632 1160 1680 ἀρετῇς
1168 1633 1184 1660 ἀ
1202 1630 1420 1680 ωνίσασθαι·ἀλλ’
1428 1631 1456 1659 οὗ
1465 1633 1601 1679 πανταχοῦ
1610 1630 1724 1680 Παῦλρς,
1729 1629 1760 1660 οὔ
1766 1641 1832 1678 παν-

1064 1672 1267 1744 Ξὲἕέοἷῖἆρῗε
1287 1670 1832 1749 'sitm5⁶133⁹ss¹32¹⁹02224332²320a122

1063 1749 1273 1790 κηρυττομένης,
1286 1749 1434 1789 μελλόντων
1453 1750 1559 1788 ἀγαθῶν
1571 1747 1753 1782 ἀπολαύσεως,
1767 1759 1831 1777 συν·

1064 1789 1218 1825 διαιτήσεως
1232 1790 1386 1829 ἀγγελικῆς,
1400 1790 1448 1824 τῆς
1459 1790 1485 1818 ἐν
1495 1787 1649 1828 παραδείσῳ
1659 1789 1774 1827 τρυφῆς,
1786 1799 1832 1817 κα-

1063 1831 1220 1878 ταςρρονοῦσι
1231 1831 1282 1858 τῶν
1291 1828 1494 1868 ἐπηγγελμένων
1507 1828 1611 1864 πολλοὶ,
1624 1827 1833 1867 προστετηκότες

1064 1879 1129 1908 προς
1141 1867 1174 1897 τὰ
1183 1868 1302 1908 παρόντα
1311 1880 1317 1887 ·
1330 1870 1353 1897 εἰ
1363 1867 1468 1902 πάντως
1479 1867 1615 1904 ἐσιωπήθη
1624 1888 1632 1902 ,
1645 1866 1685 1899 τίς
1696 1865 1727 1895 ἂν
1736 1866 1832 1906 προσέ-

272 1911 396 1950 pietatem
419 1913 570 1938 accurreret
579 1906 593 1935 ἰ)
611 1906 678 1935 .Ῑιιι·ο
701 1915 766 1944 ergo
780 1928 787 1941 ‚
802 1906 897 1936 fratres
906 1929 914 1944 ,
939 1907 1009 1937 Jobo
1020 1927 1057 1947 ⁶9³
1065 1908 1149 1947 δραμε
1161 1909 1194 1947 τῇ
1204 1908 1338 1943 εὖσεὸεία;
1347 1907 1465 1941 Εἰκότως
1473 1903 1646 1947 οὗν,ἀδελφοὶ
1653 1908 1700 1945 ,τῷ
1711 1905 1759 1944 μὲν
1767 1905 1831 1935 ’1ὼὸ

272 1960 326 1979 non
338 1947 454 1978 ostendit
469 1944 572 1982 futura,
586 1951 617 1973 ut
627 1944 733 1973 firmius
746 1944 820 1974 illius
830 1947 1009 1990 'propositum
1028 1956 1050 1978 Α
1064 1949 1093 1976 οὗ
1107 1947 1220 1976 δείκνυσι
1231 1947 1265 1976 τὰ
1289 1959 1322 1986 με

272 1989 397 2018 exhibeat
405 1998 415 2025 3
428 1985 556 2026 apostolis
569 1993 633 2014 vero
646 1984 736 2012 sutura
749 1985 882 2028 pronuttit
895 2007 904 2023 ‚
919 1992 949 2015 ut
961 1996 1010 2015 au-

272 2028 392 2056 ditorum
403 2026 506 2055 animos
526 2023 635 2059 excitet,
646 2029 676 2051 ut
695 2023 770 2052 orbis
789 2031 923 2054 terrarum
935 2034 1011 2054 men⁴

271 2074 325 2096 tem
345 2065 492 2095 confirmet.
511 2062 592 2092 Multi
606 2071 677 2090 nunc
707 2073 821 2102 regnum
838 2063 953 2094 audiunt
965 2086 973 2101 ,
986 2071 1012 2094 et

271 2110 462 2141 contemnum3
475 2102 554 2132 multi
579 2101 717 2131 Christum
735 2109 899 2142 exspectant,
916 2110 942 2132 et
955 2115 1012 2133 ma-

271 2145 359 2174 litiam
378 2142 514 2179 induunt;
537 2140 616 2169 multi
632 2151 646 2169 a
659 2141 775 2179 nequitia
790 2151 843 2170 non
859 2142 985 2172 recedunt
1001 2155 1009 2181 ς

271 2184 351 2214 multi
370 2182 452 2212 hodie
466 2180 564 2221 jejunia
578 2179 729 2217 honorant,
742 2187 767 2209 et
787 2180 881 2210 dicunt
897 2193 904 2210 ε
923 2182 1011 2212 Hodie

271 2222 424 2254 adversario
444 2231 503 2250 meo
525 2219 596 2248 nihil
618 2218 680 2247 dico
704 2231 711 2248 ι
734 2226 848 2249 transeat
879 2222 1011 2266 passionis

270 2262 372 2294 Christi
384 2261 452 2297 dies,
462 2267 488 2289 et
497 2259 572 2288 litem
585 2268 672 2297 agam,
683 2258 796 2288 ulciscar
807 2259 927 2305 injurias,
937 2261 1010 2290 mul-

269 2310 296 2332 ta
318 2301 423 2331 faciam.
439 2300 514 2339 Ergo
535 2298 616 2327 frater
635 2307 663 2327 es
683 2297 759 2326 illius
780 2299 852 2327 Esau
875 2300 921 2337 qui
945 2301 1010 2330 talia

269 2341 390 2381 cogites:
409 2340 467 2369 haec
490 2337 591 2379 profers
613 2346 672 2375 quae
697 2336 769 2366 dixit
792 2339 872 2366 Esaii.
902 2340 1009 2369 Etenim

269 2381 342 2411 Esaii
351 2381 461 2410 fratrem
482 2377 602 2407 occidere
614 2376 713 2412 voluit,
729 2376 775 2405 sed
787 2383 888 2416 patrem
902 2390 1009 2408 revere-

158 2439 169 2450 n
191 2438 227 2461 vs.
268 2421 360 2451 batur.
375 2420 412 2449 Et
429 2416 497 2457 quid
514 2415 608 2446 dixit?
621 2415 863 2455 Appropinquent
883 2418 945 2447 dies
960 2418 1009 2447 lu-

270 2466 333 2490 ctus
340 2459 432 2499 patris
439 2458 505 2493 mei,
517 2461 545 2485 et
552 2462 621 2485 tunc
632 2456 760 2484 occidam
759 2456 891 2496 fratrem
902 2468 1006 2486 meum.-

270 2505 406 2539 praetereat
419 2507 491 2526 mors
504 2495 587 2535 patris
600 2494 664 2531 mei,
673 2501 700 2524 et
712 2501 775 2524 tunc
788 2495 916 2525 occidam.
931 2497 966 2525 Et
979 2504 1006 2526 tu
1027 2505 1044 2528 Β

269 2538 336 2576 quid
350 2537 417 2566 dicis
428 2537 442 2565 ἐ’
452 2537 579 2565 Transeat
593 2533 694 2564 Christi
726 2534 811 2571 assio,
825 2541 851 2564 et
864 2541 927 2565 tunc
941 2546 1005 2564 con-

270 2585 309 2606 tra
324 2578 425 2606 hostem
439 2585 528 2605 meum
543 2573 664 2614 litigabo.
715 2572 759 2603 ide
778 2583 810 2602 nc
831 2574 911 2604 frater
930 2575 1001 2604 Esaii

1357 1957 1432 1983 οντα,
1444 1946 1487 1976 ἵνα
1500 1945 1677 1987 στερεωτέραν
1690 1944 1761 1984 δείξῃ
1783 1945 1832 1981 τὴν

1064 1986 1186 2026 πρόθεσιν
1197 1998 1203 2004 ·
1218 1991 1272 2019 τοῖς
1285 1987 1313 2016 δὲ
1328 1987 1484 2019 ἀποστόλοις
1506 1986 1697 2025 ἐπαγγέλλεται
1708 1983 1743 2014 τὰ
1763 1984 1832 2023 μέλ-

1063 2026 1163 2061 λοντα,
1174 2025 1217 2054 ἵνα
1236 2028 1289 2055 τῶν
1302 2027 1438 2065 ἀκροατῶν
1459 2025 1573 2065 διεγείρῃ
1599 2025 1646 2058 τὰς
1662 2024 1767 2093 &axel-z,
1788 2023 1832 2053 ἵνα

1063 2067 1111 2100 τῆς
1133 2064 1287 2103 οἰκουμένης
1301 2064 1419 2105 νευρώσῃ
1439 2065 1487 2100 τὴν
1512 2064 1638 2094 διάνοιαν.
1691 2063 1762 2092 ολλοὶ
1786 2065 1831 2092 νῦν

1064 2104 1188 2133 ἀκούουσι
1200 2104 1262 2144 περὶ
1282 2103 1432 2143 βασιλείας,
1450 2104 1496 2133 καὶ
1518 2115 1605 2142 καταφ
1623 2105 1724 2132 ονῶσι·
1738 2103 1832 2132 πολλοὶ

1063 2143 1179 2183 Χριστὸν
1190 2143 1358 2183 ἐκδέχονται,
1369 2143 1414 2172 καὶ
1435 2143 1562 2184 πονηρίαν
1577 2144 1604 2172 ἔν
1621 2142 1724 2172 ύονταν
1737 2143 1830 2172 πολλοὶ

1063 2183 1157 2216 κακίας
1170 2184 1217 2212 οὐκ
1230 2185 1397 2223 ἀναχωροῦσι
1407 2195 1413 2201 ·
1428 2185 1525 2222 τιμῶσι
1543 2181 1636 2212 πολλοὶ
1649 2182 1764 2221 σήμερον
1784 2181 1832 2215 τὰς

1062 2222 1184 2258 νηστείας
1194 2243 1202 2257 ,
1214 2222 1259 2251 καὶ
1277 2223 1397 2262 λέγουσι·
1408 2222 1525 2262 σήμερον
1539 2221 1611 2252 οὐδὲν
1625 2221 1695 2261 λέγω
1706 2223 1744 2261 τῷ
1759 2222 1830 2250 ἀντι-

1062 2262 1127 2302 δίκῳ
1139 2273 1189 2301 μου
1197 2274 1203 2280 ·
1211 2261 1338 2302 παρέλθοι
1347 2265 1364 2298 ἡ
1376 2262 1464 2302 ἡμέρα
1475 2265 1521 2291 τοῦ
1532 2261 1630 2294 πάθους
1640 2263 1686 2290 τοῦ
1699 2261 1830 2301 Χριστοῦ,

1061 2301 1107 2331 καὶ
1126 2301 1249 2341 γυμνάζω
1273 2301 1322 2337 τὴν
1347 2301 1432 2337 δίκην,
1455 2302 1550 2331 ἔκδικῶ
1573 2300 1622 2336 τὴν
1646 2299 1738 2340 ὕὸριν,
1761 2302 1830 2329 ποιῶ

1061 2341 1158 2370 πολλοί.
1165 2343 1268 2371 Οὐκοῦν
1283 2341 1392 2381 ἀδελφὸς
1405 2336 1430 2370 εἷ
1439 2344 1484 2370 τοῦ
1493 2341 1579 2370 ‘He-effi
1587 2362 1596 2376 ‚
1606 2341 1690 2369 ταῦτα
1703 2339 1829 2378 ἐνθυμού-

1063 2392 1139 2419 μενος
1148 2393 1154 2399 ·
1168 2380 1251 2410 ταύτὰ
1266 2380 1364 2420 λέγεις,
1375 2380 1392 2409 ἃ
1410 2375 1482 2410 εἶπεν
1493 2379 1590 2409 εΗσαῦ.
1602 2378 1658 2408 Καὶ
1676 2378 1728 2428 γὰρ
1741 2378 1828 2408 Ἡσαῦ

1062 2420 1176 2455 ἠθέλησε
1183 2423 1305 2462 Ἑρνεῦσαι
1313 2420 1356 2449 τὸν
1367 2420 1485 2460 ἀδελφὸν,
1493 2418 1562 2450 ἀλλὰ
1569 2418 1612 2447 τὸν
1622 2429 1724 2457 πατερα
1732 2418 1829 2457 ᾐδεῖτο.

1063 2460 1116 2488 Καὶ
1136 2459 1162 2488 τί
1184 2463 1270 2496 εἰπεν;
1282 2459 1481 2499 Ἐγγισάτωσαν
1495 2459 1522 2487 αἱ
1543 2456 1643 2507 ἡμέραι
1656 2459 1701 2486 τοῦ
1721 2457 1830 2494 πένθους

1063 2501 1107 2527 τοῦ
1119 2499 1216 2538 πατρός
1241 2510 1306 2538 μου,
1318 2499 1362 2528 καὶ
1382 2498 1441 2528 τότε
1456 2498 1574 2538 φονεύσω
1585 2508 1628 2526 τον
1639 2496 1750 2536 ἀδελφόν
1764 2508 1814 2535 μου
1822 2508 1828 2515 ·

1062 2537 1180 2577 παρέλθῃ
1193 2541 1207 2567 ὁ
1218 2538 1326 2571 θάνατος
1338 2540 1382 2567 τοῦ
1393 2537 1493 2577 πατρός
1509 2548 1560 2576 μου
1569 2558 1577 2572 ,
1587 2536 1633 2566 καὶ
1646 2536 1706 2565 τότε
1718 2537 1827 2575 ἀναιρῶ.

1064 2577 1116 2606 Καὶ
1130 2577 1160 2606 σὺ
1176 2578 1201 2606 τί
1211 2578 1310 2616 λέγεις;
1322 2577 1445 2617 Παρέλθῃ
1458 2576 1574 2609 τὸπάθος
1583 2579 1628 2605 τοῦ
1641 2577 1756 2615 Χριστοῦ
1765 2597 1773 2612 ,
1782 2575 1827 2604 καὶ
