1890 2826
562 174 606 197 DE
632 173 894 197 PnoPflETtAuum
922 172 1165 196 OBscuntTA'rE.
1198 174 1234 197 ΙΙ.

116 241 268 280 ἐπιθυμίαν,
295 237 362 268 οὕτω
375 240 528 267 κατασπᾶτε
543 236 677 266 ἀπόνοιαν.
694 236 747 265 Καὶ
761 232 792 272 ἦν
809 239 882 265 πᾶσα

116 291 133 323 ἡ
145 289 179 326 γῆ
193 287 280 326 χεῖλος
293 285 331 321 ἓν,
345 284 390 314 καὶ
403 283 476 324 φωνὴ
491 282 539 322 μία
553 288 643 312 πᾶσιν.
657 281 725 312 Ἰδοὺ
739 282 770 311 τὸ
791 281 884 318 ζητού-

116 344 192 371 μενον
209 331 257 361 ἔτι.
271 332 312 361 Οὔ
323 330 384 371 περὶ
396 329 520 365 ταύτηςὸ
535 328 611 368 λόγος
621 352 629 365 ,
651 329 711 358 ἀλλ’
724 328 766 358 ὅτι
787 327 884 361 πάντες
915 367 917 369 q

114 380 138 408 οἱ
149 378 282 417 ἄνθρωποι
295 376 383 417 φωνὴν
399 370 470 416 εἶχον
484 374 557 414 μίαν.
579 374 631 403 Διὰ
649 373 676 402 τί
695 374 722 403 δὲ
746 374 833 413 χεῖλος
855 373 883 402 ἓν

113 423 222 453 ἐκάλεσε
237 422 286 459 τὴν
299 422 386 463 φωνήν
398 435 407 460 ;
421 421 502 455 Ἔθος
514 423 548 460 τῇ
562 421 655 460 Γραφῇ
666 421 735 449 οὕτω
745 420 836 449 καλεῖν
849 419 883 449 τὰ

114 469 238 509 ῥήματα,
261 469 396 508 γλῶσσαν.
417 467 569 506 Ἀναγκαῖον
590 466 618 495 δὲ
636 465 772 495 καὶτοῦτο
786 464 884 495 εἰδέναι

113 515 158 545 διὰ
179 515 240 548 τοὺς
262 512 427 554 αἱρετικοὺς,
450 512 510 546 τοὺς
533 514 744 551 κατηγοροῦντας
762 512 810 546 τῆς
835 511 884 546 δη-

114 559 251 600 μιουργίας
263 562 309 588 τοῦ
321 560 409 594 Θεοῦ,
422 557 483 590 τοὺς
495 556 635 596 λέγοντας,
661 556 703 585 ὅτι
720 555 834 595 πονηρὸν
852 555 883 584 τὸ

114 607 200 645 σῶμα.
215 604 326 641 Ἐπειδὴ
339 603 391 644 γὰρ
401 602 435 632 τὰ
448 603 551 643 πονηρὰ
565 602 699 642 κινήματα
709 603 758 637 τ’ἥς
769 601 883 634 διανοίας

112 656 167 685 τοῖς
184 651 277 691 μέλεσι
299 653 352 690 τοῦ,
365 650 488 689 σώματος
509 651 526 685 ἡ
553 648 648 689 Γραφὴ
667 649 758 678 καλεῖ·
782 643 835 678 οἷόν
855 659 882 676 τι

112 697 195 737 λέγω·
218 697 369 733 Ἠκόνησαν
390 697 514 735 γλῶσσαν
534 696 620 725 αὐτῶν
646 694 710 724 ὡσεὶ
727 694 823 734 ὄφεως·
845 693 880 724 Ἥ
896 703 914 726 n

112 744 221 782 γλῶσσα
235 744 322 773 αὐτῶν
335 742 454 782 μάχαιρα
466 740 550 775 ὀξεῖα·
573 740 722 779 νομίζωσιν
735 736 780 769 οῧν
793 751 860 773 τινες
871 761 879 775 ,

112 788 233 828 ὅτι-περὶ
245 789 294 823 τῆς
303 786 424 827 γλιῖγτι-ης
439 786 551 826 εἴρηται.
571 786 631 814 Οὐκ
644 784 747 824 εἴρηται
769 783 796 814 δὲ
820 784 882 824 περὶ

112 836 161 870 τῆς
170 833 303 874 γλώττης·
325 833 362 872 μὴ
375 832 490 872 γένοιτο·
509 831 584 871 ἔργον
595 831 646 871 γάρ
662 832 720 860 ἔστι
732 832 779 859 τοῦ
791 831 861 860 Θεοῦ
873 841 880 848 ·

114 880 182 910 ἀλλὰ
193 879 254 920 περὶ
267 882 320 909 τῶν
335 878 460 919 ῥημάτων
474 880 528 908 τῶν
544 879 669 918 φονικῶν,
683 879 736 906 τῶν
750 877 879 906 ἀποκτιν-

112 927 210 957 νύντων
228 926 396 966 ἀνθρώπους,
417 926 469 955 τῶν
483 923 667 963 ἐμπιπτόντων
690 922 777 962 ξίφους
796 924 881 962 χαλε-

112 972 240 1013 πώτερον.
274 972 310 1002 Ἡ
331 972 440 1012 γλῶσσα
463 971 549 1000 αὐτῶν
576 969 696 1009 μάχαιρα
727 968 812 1002 ὀξεῖα·
836 967 881 997 καὶ

111 1019 204 1049 πάλιν·
219 1018 304 1053 Χείλη
328 1018 402 1047 δόλια
417 1018 445 1046 ἐν
468 1016 579 1056 καρδίᾳ,
603 1014 648 1044 καὶ
662 1015 689 1043 ἐν
703 1012 799 1052 καρδίᾳ
823 1012 880 1041 ἐλά-

111 1065 178 1099 λησε
203 1057 289 1092 κακά’·
314 1063 344 1091 οὗ
367 1061 429 1100 περὶ
453 1063 499 1090 τοῦ
525 1059 619 1099 μέλους
643 1058 727 1097 λέγων
755 1060 801 1086 τοῦ
824 1057 881 1086 σώ-

113 1119 208 1146 ματος,
220 1106 289 1136 ἀλλὰ
302 1105 363 1145 περὶ
375 1107 428 1134 τῶν
438 1103 559 1134 ὑπούλων
581 1102 716 1143 ῥημάτων.
740 1100 820 1130 Οὕτω
836 1100 881 1130 καὶ

112 1155 223 1183 ἐνταῦθα
243 1151 338 1188 εἰπὼν,
364 1151 418 1181 Καὶ
438 1146 470 1186 ἦν
491 1155 565 1180 πᾶσα
588 1151 606 1185 ἡ
628 1150 662 1188 γῆ
685 1148 773 1188 χεῖλος
786 1146 832 1184 ἓν,
850 1148 880 1176 οὗ

112 1203 189 1229 τοῦτο
202 1198 317 1232 ἐδίδαξεν
328 1221 336 1235 ,
362 1197 404 1226 ὅτι
417 1196 514 1228 πάντες
532 1195 664 1235 ἄνθρωποι
684 1190 756 1233 εἶχον
779 1193 806 1222 ἓν
820 1197 880 1232 χεῖ-

112 1247 157 1279 λος
167 1267 176 1281 ,
198 1244 266 1274 ἀλλὰ
279 1245 366 1284 χεῖλος
378 1242 428 1278 ἰ-ὴν
441 1241 530 1282 φωνὴν
545 1240 678 1270 ἐκάλεσεν.
698 1238 791 1269 Εἰπὼν
804 1238 856 1279 γὰρ
869 1260 878 1275 ,

111 1284 166 1318 ’Ἦν
177 1293 253 1318 πᾶσα
264 1290 282 1323 ἡ
295 1290 330 1327 γῆ
343 1288 432 1327 χεῖλος
449 1286 476 1315 ἓν
486 1307 494 1321 ,
516 1285 635 1324 ἐπήγαγε
643 1307 651 1322 ,
678 1283 732 1314 Καὶ
744 1283 817 1324 φωνὴ
831 1282 880 1322 μία

112 1339 204 1364 πᾶσιν.
230 1334 324 1367 Οὕτως
344 1333 407 1363 ὅταν
439 1332 503 1372 λέγῃ
515 1354 524 1369 ,
559 1331 650 1371 Τάφος
674 1329 836 1370 ἀνεῳγμένος
862 1331 880 1365 ἡ

112 1380 210 1420 λάρυγξ
223 1381 309 1410 αὐτῶν
317 1402 325 1417 ,
336 1380 366 1409 οὔ
376 1381 422 1415 τοῦ
436 1379 564 1418 λάρυγγος
575 1381 730 1417 κατηγορεῖ,
745 1376 814 1406 ἀλλὰ
828 1376 881 1405 τῶν

113 1428 201 1457 κακῶν
216 1425 341 1466 ῥημάτων
362 1426 414 1454 τῶν
436 1424 628 1454 ἀναδαινόντων
643 1424 757 1458 ἐκεῖθεν,
776 1423 829 1451 τῶν
842 1433 882 1451 νε-

112 1476 183 1512 κρῶν
197 1472 344 1512 δογμάτων.
358 1471 450 1511 Τάφος
463 1470 515 1510 γὰρ
527 1469 604 1499 τοῦτό
614 1471 670 1499 ἐστι
679 1465 698 1507 ,’
713 1470 813 1508 νεκρῶν
835 1469 880 1498 δο-

112 1523 184 1559 χεῖον
210 1519 295 1548 ὀστῶν
318 1517 363 1547 καὶ
391 1516 532 1555 σωμάτων.
547 1516 667 1545 Τοιαῦτα
689 1514 817 1544 κάκείνων
846 1514 881 1543 τὰ

113 1564 234 1604 στόμα-ια
245 1586 253 1600 ,
278 1566 331 1593 τῶν
344 1563 559 1602 κατηγορούντων
572 1564 617 1591 τοῦ
632 1561 791 1600 δημιουργοῦ
801 1571 808 1577 ·
825 1571 881 1589 τοι·

114 1614 181 1639 αῦτα
201 1610 236 1639 τὰ
258 1609 378 1648 στόματα
390 1611 441 1638 τῶν
460 1607 559 1647 αἰσχρὰ
576 1605 758 1646 φθεγγομένων
779 1606 881 1646 ἀνθρώ-

114 1667 184 1692 πων,
198 1657 250 1685 τῶν
265 1654 464 1694 λοιδορούντων,
476 1656 529 1682 τῶν
544 1652 647 1688 δυσώδη
661 1652 706 1681 καὶ
718 1651 822 1692 πονηρὰ
834 1652 880 1692 ῥῆ-

115 1714 186 1741 ματα
198 1703 229 1735 ἐκ
244 1703 291 1737 ἰῆς
304 1701 401 1734 οἰκείας
414 1699 544 1740 φάρυγγος
563 1698 752 1728 ἐκὸαλλόντων.

153 1983 272 2017 Εὐωδίας
283 1982 365 2019 αὐτὴν
378 1982 524 2021 ἔμπλησον,
537 1980 670 2020 ἄνθρωπε,
686 1979 724 2019 μὴ
738 1978 865 2011 δυσωδίας
874 1990 881 1997 ·

1605 175 1668 197 221

934 244 986 263 non
998 234 1127 265 adversus
1146 242 1268 265 naturam
1286 240 1414 270 nostram,
1428 234 1475 264 sed
1488 234 1619 265 adversus
1634 235 1673 264 la-

933 281 1036 310 scivam
1055 281 1229 321 cupiditatem
1247 281 1406 311 direximus¹
1421 282 1481 310 Non
1503 288 1532 310 ut
1552 288 1675 311 naturam

933 327 1119 364 criminemur,
1130 327 1186 356 haec
1199 327 1328 364 dicimus,
1337 326 1384 356 sed
1401 333 1431 356 ut
1443 327 1617 367 cupiditatem
1632 327 1676 356 in-

933 379 1073 402 sectemur.
1091 373 1151 413 Hoc
1166 380 1244 412 pacto
1259 373 1329 402 iram
1347 372 1494 413 reprimite,
1506 372 1545 402 sic
1567 372 1677 413 cupidi-

932 425 1013 447 tatem
1039 417 1175 458 mitigate,
1199 418 1238 448 sic
1259 418 1438 458 arrogantiam
1462 418 1607 448 retundite.
1635 420 1677 448 Et

932 470 996 494 erat
1022 466 1116 494 omnis
1145 470 1222 494 terra
1248 465 1360 494 labium
1382 475 1471 494 unum
1491 470 1520 493 et
1541 475 1603 493 vox
1616 475 1678 494 una

933 512 1078 540 omnibus.
1100 511 1171 540 Ecce
1193 510 1282 540 adhuc
1303 510 1469 551 propositam
1490 510 1675 549 quaestionem.

933 557 994 586 Non
1007 556 1042 586 de
1061 555 1113 586 hac
1135 563 1174 586 est
1193 566 1290 593 sermo,
1306 556 1352 587 sed
1365 555 1439 596 quod
1451 566 1542 585 omnes
1555 556 1677 586 homines

933 603 1055 633 eamdem
1074 603 1195 644 linguam
1221 604 1357 633 haberent.
1379 605 1471 641 Quare
1489 613 1553 632 vero
1573 603 1676 633 labium

933 661 1019 680 unum
1041 649 1163 690 linguam
1183 651 1311 681 vocavit?
1332 651 1478 691 Scriptum
1497 660 1556 679 mos
1578 657 1617 680 est
1639 652 1676 680 ita

933 707 1067 726 sermones
1086 697 1208 737 linguam
1228 707 1333 727 vocare.
1355 696 1388 727 ld
1411 706 1475 726 vero
1495 696 1577 726 fuerit
1589 707 1677 737 operae

933 743 1049 782 pretium
1069 753 1147 772 nosse
1167 750 1279 783 propter
1299 743 1448 779 haereticos,
1461 743 1509 782 qui
1528 743 1580 773 Dei
1593 743 1676 783 opifi-

932 788 1005 818 cium
1026 796 1168 826 accusant,
1184 789 1231 828 qui
1253 799 1352 829 corpus
1371 789 1472 819 malum
1495 800 1552 819 esse
1570 789 1675 819 dicunt.

931 835 1002 866 Nam
1014 835 1077 874 quia
1089 845 1187 875 pravos
1201 835 1283 864 animi
1295 842 1383 865 motus
1396 846 1445 876 per
1457 835 1578 875 eorporis
1588 845 1676 864 mem-

932 881 982 910 bra
1005 881 1143 921 Scriptura
1167 881 1306 921 designat:
1324 881 1443 922 exempli
1464 892 1561 918 causa,
1575 882 1674 911 Acue-

934 933 1002 956 runt
1025 927 1157 967 linguam
1178 938 1262 957 suam
1282 931 1358 958 sicut
1379 931 1538 967 serpentis;
1560 928 1677 968 Lingua

933 983 1034 1002 eorum
1054 974 1173 1012 gladius
1194 979 1297 1003 acutus
1313 985 1320 1002 .·
1336 973 1491 1002 existimant
1511 973 1623 1012 quidam
1642 973 1677 1002 dc

933 1017 1026 1057 lingua
1044 1019 1147 1048 dictum
1167 1029 1232 1048 esse.
1247 1020 1307 1048 Non
1320 1025 1359 1048 est
1373 1026 1463 1048 autem
1476 1018 1511 1048 de
1525 1019 1616 1059 lingua
1629 1019 1676 1048 di-

932 1070 1006 1093 ctum
1018 1076 1024 1093 :
1037 1064 1124 1103 absit3
1144 1071 1184 1094 est
1202 1065 1274 1095 enim
1296 1065 1388 1105 lingua
1409 1066 1460 1095 Dei
1476 1060 1560 1106 opus3
1575 1066 1623 1095 sed
1642 1066 1677 1095 de

932 1109 1023 1139 verbis
1033 1109 1243 1148 homicidarum,
1252 1107 1318 1150 quse
1331 1111 1454 1141 homines
1462 1112 1602 1152 jugulant,
1615 1122 1677 1151 quae

932 1157 1063 1187 funestius
1083 1167 1165 1196 quam
1185 1158 1257 1187 ensis
1278 1157 1420 1188 invadunt.
1442 1160 1559 1199 Lingua
1576 1169 1675 1189 eorum

932 1202 1050 1242 gladius
1072 1210 1175 1233 acutus
1182 1215 1196 1240 ;
1220 1210 1246 1233 et
1268 1214 1362 1233 rursus
1381 1205 1495 1233 :Labia
1519 1205 1624 1235 dolosa
1645 1207 1678 1234 in

932 1249 1030 1285 corde,
1042 1255 1071 1278 et
1097 1249 1184 1278 corde
1209 1249 1334 1289 loquuta
1355 1257 1424 1280 sunt
1451 1251 1534 1280 mala
1548 1261 1621 1281 :non
1642 1251 1678 1280 de

933 1294 1054 1324 membro
1072 1295 1194 1336 corporis
1215 1295 1337 1335 loquens,
1353 1296 1400 1326 sed
1417 1296 1451 1326 de
1469 1297 1593 1327 subdolis
1614 1308 1676 1327 ver-

932 1340 984 1370 bis.
1001 1341 1043 1370 Itn
1054 1352 1116 1371 cum
1129 1341 1249 1372 hocloco
1263 1341 1387 1377 dixisset,
1396 1343 1437 1372 Ec
1447 1348 1510 1372 erae
1520 1345 1614 1372 omnis
1625 1350 1677 1373 ter·-

932 1397 966 1416 ra
981 1387 1095 1417 labium
1109 1398 1211 1426 unum,
1226 1398 1279 1417 non
1293 1388 1345 1418 hoc
1363 1387 1467 1425 docuit,
1481 1399 1574 1419 omnes
1586 1389 1676 1419 homi—

932 1444 979 1464 nes
998 1445 1082 1464 unum
1104 1434 1208 1464 labium
1227 1435 1368 1473 habuisse,
1388 1435 1435 1465 sed
1456 1436 1560 1466 labium
1583 1447 1676 1466 vocem

931 1480 1087 1520 appellavit.
1103 1482 1173 1511 Cum
1183 1480 1256 1510 enim
1268 1481 1393 1519 dixisset,
1406 1483 1482 1512 Erat
1493 1484 1586 1512 omnis
1599 1489 1677 1513 terra

933 1526 1044 1555 labium
1052 1537 1154 1563 unum,
1167 1527 1320 1567 subjunxit,
1333 1529 1376 1557 Et
1388 1538 1452 1557 vox
1459 1539 1520 1558 una
1529 1531 1674 1559 omnibus.

931 1572 971 1601 Ita
996 1583 1058 1602 cum
1083 1572 1170 1610 dixit,
1185 1573 1355 1613 Sepulcrum
1381 1581 1485 1613 patens
1508 1582 1552 1604 est
1576 1581 1678 1615 guttur·

933 1627 1042 1655 eorum,
1057 1628 1110 1648 non
1125 1625 1219 1658 guttur
1231 1626 1347 1656 accusat,
1363 1619 1409 1649 sed
1424 1620 1494 1650 mala
1507 1621 1601 1657 verba,
1616 1632 1676 1660 quae

932 1664 995 1694 inde
1013 1665 1172 1706 ascendunt,
1186 1672 1292 1694 mortun
1313 1665 1449 1705 dogmata.
1470 1668 1529 1697 Hoc
1548 1667 1621 1697 enim
1632 1678 1674 1697 se-

933 1709 1059 1750 pulcrum
1081 1717 1135 1745 est,
1158 1717 1328 1740 mortuorum
1350 1711 1452 1741 ossium
1479 1722 1677 1752 corporumque

933 1753 1140 1793 receptaculum.
1169 1753 1247 1783 Talia
1271 1760 1334 1783 sunt
1361 1761 1388 1784 et
1409 1754 1523 1784 illorum
1542 1766 1600 1792 ora,
1627 1757 1677 1796 qui

933 1799 1085 1828 Creatorem
1103 1804 1242 1834 accusant,
1258 1797 1322 1827 talia
1340 1805 1404 1828 sunt
1424 1809 1518 1829 eorum
1534 1799 1676 1829 hominum

934 1852 991 1878 ora,
1003 1841 1052 1880 qui
1071 1841 1162 1881 turpia
1182 1841 1265 1872 verba
1285 1842 1434 1882 proferunt,
1454 1843 1502 1882 qui
1521 1844 1676 1874 convician—

936 1892 991 1922 tur,
1010 1885 1058 1923 qui
1077 1896 1113 1915 ex
1129 1896 1179 1916 suo
1197 1892 1305 1926 gutture
1323 1886 1416 1917 foetida
1436 1898 1573 1927 pravaque
1593 1888 1676 1919 verba

936 1929 1114 1970 profundunt.

974 1975 1005 2006 8.
1027 1976 1102 2006 Bono
1122 1975 1194 2006 illud
1212 1976 1295 2006 odore
1313 1978 1431 2018 comple,
1452 1977 1490 2007 mi
1510 1978 1607 2015 homo,
1622 1988 1676 2008 non

113 2029 242 2070 θησαυρὸν
255 2029 366 2064 ποίησον
380 2027 526 2068 βασιλικὸν,
541 2026 579 2066 μὴ
589 2025 670 2066 τάφον
681 2024 831 2055 σατανικόν.
848 2025 882 2054 Εἰ
898 2029 918 2052 D
936 2024 1028 2053 soetere
1039 2036 1046 2052 ε
1058 2023 1212 2054 thesaurum
1232 2024 1304 2054 illud
1322 2025 1444 2065 regium,
1462 2035 1514 2055 non
1528 2025 1677 2057 satanicum

113 2075 141 2105 δὲ
155 2075 236 2116 τάφος
256 2075 330 2110 ἐστὶ,
354 2074 403 2104 κᾶν
414 2073 571 2103 ἀπόκλεισον
581 2094 590 2108 ,
613 2071 657 2101 ἵνα
669 2070 706 2110 μὴ
718 2070 849 2111 προὸαίνῃ
864 2073 880 2106 ἡ

113 2121 238 2150 δυσωδία.
254 2120 363 2160 Πονηρὰ
373 2119 442 2160 ἔχεις
456 2118 642 2158 ἐνθυμήματα;
664 2116 712 2153 Μὴ
722 2120 882 2157 προενέγκῃς

115 2165 181 2195 αὐτὰ
194 2166 237 2195 διὰ
249 2165 374 2206 ῥημάτων
383 2177 390 2184 ·
410 2164 486 2194 ἔασον
500 2164 573 2194 κάτω
586 2166 705 2200 κεῖσθαι,
724 2162 768 2192 καὶ
780 2161 882 2202 ταχέως

115 2211 311 2250 ἀποπνίγονται.
322 2210 468 2251 Ἄνθρωποί
481 2211 561 2250 ἐσμεν
569 2232 577 2246 ,
591 2209 678 2238 πολλὰ
691 2208 820 2241 πολλάκις
832 2219 883 2236 πο-

114 2256 183 2297 νηρὰ
197 2256 378 2296 βουλευόμενοι
390 2257 435 2286 καὶ
446 2256 532 2286 ἄτοπα
539 2256 585 2286 καὶ
594 2254 693 2294 αἰσχρὰ
705 2253 883 2293 βουλεύματα·

114 2303 183 2332 ἀλλὰ
197 2302 234 2342 μὴ
249 2306 427 2344 συγχωρῶμεν
438 2306 475 2338 εἷς
488 2304 596 2343 ῥήματα
608 2300 642 2330 τὰ
656 2300 776 2339 νοήματα
796 2299 881 2341 Ι’προ-

114 2351 213 2384 ελθεῖν,
228 2351 271 2379 ἵνα
284 2350 426 2389 πιεζόμενα
439 2350 512 2380 κάτω
525 2350 700 2389 ἀσθενέστερα
719 2348 823 2388 γίνηται
837 2348 882 2377 καὶ

75 2415 79 2419 ·
113 2396 287 2431 ἀπολλύηται.
310 2395 436 2436 Καθάπερ
452 2395 504 2436 γὰρ
523 2395 601 2436 θηρία
614 2408 654 2428 τις
668 2393 824 2424 παντοδαπὰ
837 2393 882 2423 καὶ

115 2439 234 2479 ἀνήμερα
248 2441 285 2473 εἰς
303 2439 402 2468 λάκκον
422 2439 546 2478 ἐμβαλὼν
558 2461 566 2474 ,
585 2440 616 2468 ἂν
636 2439 683 2477 μὲν
698 2438 816 2478 ἐμφράξῃ
837 2438 881 2468 τὸν

114 2486 211 2516 λάκκον
223 2486 334 2521 ἄνωθεν,
348 2485 488 2524 ἀποπνίγει
500 2484 593 2525 ῥᾳδίως
601 2497 608 2503 ·
624 2484 654 2513 ἂν
665 2484 692 2514 δὲ
704 2483 815 2518 διέξοδόν
822 2496 881 2514 τινα

935 2071 1090 2111 sepulcrum
1111 2071 1196 2100 effioe.
1212 2072 1294 2109 Quod
1313 2073 1334 2101 si
1350 2072 1507 2112 sepulcrum
1524 2073 1569 2109 sit,
1583 2073 1676 2113 saltem

935 2116 1057 2153 occlude,
1067 2127 1101 2146 ne
1113 2117 1191 2147 foetor
1202 2124 1288 2147 exeat.
1302 2119 1392 2147 Pravae
1405 2117 1455 2147 tibi
1468 2125 1531 2148 sunt
1540 2119 1677 2158 cogitatio-

934 2163 1002 2192 nes?
1014 2163 1054 2192 Ne
1067 2163 1157 2192 verbis
1171 2163 1233 2192 illas
1246 2160 1384 2203 proseras':
1396 2163 1592 2198 sinedeorsum
1603 2165 1675 2204 jace-

934 2219 973 2244 re,
986 2215 1044 2238 tum
1055 2209 1109 2238 cito
1123 2209 1336 2239 suffocabantur.
1351 2210 1479 2240 Homines
1492 2221 1597 2248 sumus,
1607 2221 1676 2250 saepe

934 2256 1019 2286 multa
1045 2266 1129 2296 prava
1139 2278 1147 2292 ,
1171 2255 1241 2285 foeda
1251 2277 1259 2292 ,
1284 2256 1428 2296 turpiaque
1451 2257 1561 2290 consilia
1588 2263 1676 2285 mente

933 2310 1088 2334 versamus3
1103 2299 1150 2329 sed
1167 2309 1201 2329 ne
1222 2299 1395 2339 cogitationes
1412 2300 1439 2329 in
1453 2300 1534 2330 verba
1548 2299 1675 2339 progredi

933 2347 1061 2383 sinamus,
1074 2352 1104 2375 ut
1112 2345 1238 2375 deorsum
1247 2356 1403 2386 compressae
1415 2346 1602 2375 imbecilliores
1610 2345 1675 2374 red-

1691 428 1746 449 Gen.
1765 433 1825 449 Ιι.Ι,

1747 707 1829 727 sont-a

1760 719 1764 726 i

1688 738 1828 760 Manictnuns.

1688 892 1756 914 Psal.
1777 892 1828 920 139,

1688 924 1712 952 ἦ.
1722 922 1791 945 «156.
1804 923 1826 945 5.

1689 1169 1754 1190 Psal.
1767 1176 1772 1190 ι
1783 1169 1827 1191 ι.3.

1687 1588 1783 1625 P³f¹¹²5⁴
1792 1596 1798 1610 ι
1806 1594 1825 1609 1.

932 2391 1032 2421 dantur
1045 2399 1071 2421 et
1084 2398 1203 2432 pereant.
1218 2392 1287 2421 Nam
1301 2391 1370 2421 sicut
1382 2392 1429 2420 ubi
1443 2391 1504 2429 quis
1514 2390 1615 2420 diversi
1627 2400 1686 2430 ge-⁴

933 2439 1003 2468 neris
1028 2449 1059 2468 ac
1082 2439 1181 2468 seroces
1206 2434 1304 2467 bestias
1326 2438 1353 2466 in
1375 2438 1464 2466 lacum
1484 2437 1634 2472 immiserit,
1650 2437 1673 2466 si

932 2485 999 2514 sorte
1013 2494 1127 2524 superne
1139 2484 1225 2514 lacum
1241 2482 1417 2519 obturaverit,
1428 2482 1506 2511 facile
1520 2482 1581 2512 illas
1592 2483 1673 2512 suffo-

150 2578 161 2596 ¹=
180 2575 251 2610 Apud
263 2576 329 2602 savit
353 2575 393 2600 hie
406 2581 486 2601 textus
503 2574 596 2606 delicit,
607 2577 710 2609 jureque
722 2574 761 2600 illc
775 2575 893 2600 mendum
903 2575 1095 2607 suspicatumst,
