1904 2840
12 728 110 751 artius.
117 727 141 751 5.

19 1118 51 1149 ἐι.
69 1132 89 1148 1.
103 1128 127 1151 6.

684 188 716 210 ΙΝ
745 187 958 210 MATTHAEUM.
988 189 1105 212 HOMIL.
1135 190 1166 213 L.

1626 181 1698 230 955

158 262 252 292 neque
275 250 375 291 angeli
396 250 533 280 caelorum
545 271 553 286 ,
577 259 672 295 neque
697 249 794 278 Filius
807 271 816 286 ,
841 251 900 278 nisi
916 253 936 276 Α
952 249 1022 295 dest,
1037 251 1122 290 magis
1135 259 1222 290 nocet,
1237 260 1262 282 et
1280 253 1448 293 superfluum
1467 261 1517 284 est.
1530 256 1604 285 Deus
1618 265 1693 301 ergo,

156 293 237 321 solus
257 291 359 320 Pater.
381 291 431 320 57.
446 290 534 319 Sicut
550 299 627 318 enim
648 299 680 317 in
699 288 800 318 diebus
820 289 896 325 Noe',

156 333 201 360 ita
218 331 273 360 en't
295 337 323 359 et
339 330 485 359 adventus
503 328 579 358 Filii
592 329 729 358 hominis.
746 329 797 357 58.
818 328 899 357 Sicut

155 372 234 400 enim
245 376 330 398 erant
343 371 374 398 in
388 369 489 398 diebus
501 375 570 398 ante
586 369 729 397 diluvium
743 369 896 397 comeden-

156 417 198 439 tes
215 417 242 439 et
263 410 404 445 bibentes,
427 411 567 438 nubentes
580 414 608 437 et
622 411 726 445 nuptui
737 408 896 444 tradentes,

155 459 247 490 usque
255 449 295 478 ad
305 460 370 478 eum
382 449 458 477 diem
469 459 527 489 quo
538 449 660 477 intravit
670 447 734 477 Noe'
745 449 776 475 in
785 457 895 483 arcam,

154 490 204 519 59.
225 496 254 519 et
265 499 324 518 non
335 495 531 528 cognoverunt
543 489 636 517 donec
649 489 732 516 venit
742 487 897 522 diluvium,

154 536 183 558 et
201 530 269 559 tulit
290 539 409 558 omnes:
424 530 468 565 ita
484 529 536 557 erit
556 536 583 557 et
601 528 745 557 adventus
761 527 836 555 Filii
849 527 899 555 ‚ho-

153 570 249 598 minis.
264 569 358 607 Usque
370 578 442 597 nunc
457 568 582 607 exposuit
601 568 677 607 signa
691 567 897 596 consummatio-

153 609 206 645 nis,
219 608 394 649 praecedentia
407 614 467 637 aute
480 607 736 636 consummationem
747 618 755 636 ε
765 616 837 635 nunc
847 605 897 634 do-

153 655 206 685 oet,
227 648 291 687 quia
310 648 416 677 subitus
427 647 517 677 veniet
530 647 692 677 novissimus
704 645 800 675 mundi
813 646 894 674 inter-

153 686 208 717 itus
215 688 371 717 hominibus
379 687 448 716 nihil
457 686 547 716 adhuc
555 687 609 716 tale
617 686 675 716 fieri
685 685 895 726 suspicantibus,

153 727 301 757 secundum
311 727 384 766 quod
396 726 463 756 dicit
472 734 498 756 et
507 727 645 766 apostolus
657 738 666 756 ε
682 726 755 755 Cum
767 726 897 754 dixerint

151 777 212 806 pax
221 774 250 797 et
262 771 412 801 securitas,
425 773 495 796 tune
510 777 526 795 r·
561 768 674 795 eminus
687 765 749 794 illis
758 775 894 804 superve-

153 808 363 836 nietinteritus.
381 807 416 836 Et
426 806 461 836 de
469 806 515 836 die
525 777 577 835 illo
589 806 692 835 incerto
706 804 742 834 ad
753 804 895 834 cumulum

151 846 231 876 etiam
244 846 363 886 seipsum
375 846 450 886 pouit
469 846 559 876 dicens
570 857 578 874 ι
591 847 635 874 De
653 845 700 874 die
719 851 817 873 autem
838 844 895 873 illa

151 892 182 915 et
201 887 275 916 hora
293 897 377 915 nemo
399 886 462 915 seit.
484 885 518 914 ld
537 891 588 921 est,
612 895 665 914 non
688 884 776 914 solum
796 884 894 922 aliquis

151 925 303 962 bominum,
325 925 372 955 sed
390 936 475 964 neque
493 924 650 963 angelorum
663 925 816 963 quisquam,
830 925 894 953 Nec

150 964 208 1004 ipse
219 966 327 1001 Filius,
344 966 400 994 nisi
409 964 489 994 solus
501 966 594 994 Pater
603 977 612 994 ,·
621 971 651 993 ut
662 974 739 993 nemo
754 964 818 992 ferat
832 973 892 992 mo-

151 1004 227 1042 leste,
240 1005 304 1044 quia
315 1004 388 1034 diem
399 1005 478 1033 illum
486 1006 559 1034 Deus
567 1003 657 1043 posuit
668 1004 695 1032 in
709 1003 819 1038 incerto,
830 1013 892 1032 cum

150 1043 184 1073 de
197 1044 256 1084 ipso
275 1045 311 1074 sit
330 1045 419 1074 Filius
443 1044 570 1073 incertus.
594 1043 688 1073 Simile
701 1043 806 1082 aliquid
828 1043 892 1071 scri-

150 1090 227 1129 ptum
245 1091 284 1114 est
305 1091 332 1113 et
353 1084 382 1113 in
402 1084 515 1113 Actibus
537 1082 729 1151 apostolorum.
744 1084 813 1112 Nam
828 1093 891 1112 cum

149 1130 354 1164 interrogassent
366 1133 427 1153 eum
440 1123 546 1163 discipu
560 1122 568 1151 i
582 1123 652 1161 ejus,
669 1123 806 1158 Domine,
824 1124 850 1152 si
859 1126 890 1151 in

150 1169 275 1204 tempore
293 1164 349 1193 hoc
366 1164 498 1192 restitues
512 1172 630 1202 regnum
645 1162 740 1191 lsrael
751 1165 765 1190 P
780 1172 890 1202 respon-

148 1202 190 1233 dit
201 1204 240 1233 eis
254 1216 261 1233 :
274 1204 344 1233 Non
363 1210 406 1232 est
429 1209 559 1232 vestrum
582 1212 665 1231 nosse
690 1207 819 1241 tempora
839 1203 891 1232 vel

149 1250 294 1273 momenta
313 1254 378 1284 quae
391 1243 483 1272 Pater
492 1245 591 1282 posuit
611 1243 644 1270 in
664 1251 718 1270 sua
735 1247 886 1281 potestate.

148 1283 193 1323 Op
231 1290 308 1313 rtune
321 1294 356 1312 ex
368 1282 420 1312 hoe
438 1282 497 1312 loco
511 1281 635 1311 convenit
657 1281 812 1317 admonere,
827 1292 890 1311 cum

148 1294 229 1352 muffi
241 1323 373 1360 homines,
390 1323 508 1351 maxime
528 1321 576 1360 qui
589 1320 716 1350 videntur
728 1320 811 1358 docti,
827 1331 890 1350 cum

147 1362 303 1402 interrogati
315 1362 415 1391 fuerint
427 1360 546 1400 aliquam
555 1360 738 1399 quaestionem,
753 1360 776 1390 si
786 1361 890 1390 contin-

146 1409 221 1441 geret
239 1413 284 1432 eos
303 1402 427 1442 ignorare
447 1400 521 1440 quod
539 1400 687 1440 quaeritur:
703 1400 890 1430 erubescentes

146 1451 180 1471 ne
193 1442 339 1472 videantur
351 1440 456 1480 aliquid
477 1441 610 1481 ignorare,
632 1440 695 1479 quia
716 1447 802 1469 totum
822 1440 890 1469 scire
906 1444 925 1468 G

145 1489 286 1521 putantur,
298 1482 418 1511 colorant
428 1481 493 1510 salsa
525 1490 554 1509 ro
565 1481 648 1514 veris,
664 1486 690 1508 et
700 1479 794 1508 dicunt
813 1479 886 1516 aliis,

146 1521 220 1559 quod
230 1531 283 1550 non
294 1521 437 1550 audierunt
450 1531 465 1549 a
480 1491 596 1549 Clitisto.
609 1520 750 1558 Propterea
763 1518 887 1547 conside-

146 1567 234 1589 rantes
247 1561 320 1589 hunc
335 1560 435 1595 locum,
457 1569 511 1588 non
523 1558 650 1587 deberent
664 1558 819 1587 erubescere
838 1557 888 1587 ali-

146 1599 214 1638 quid
235 1599 424 1638 mysteriorum
441 1598 492 1628 Dei
505 1608 534 1627 se
546 1598 679 1637 ignorare,
703 1607 765 1626 cum
786 1596 886 1636 legant,

146 1639 237 1683 ipsum
250 1639 388 1669 Christum
400 1648 453 1667 non
463 1637 660 1667 erubescentem
672 1647 748 1666 suam
762 1636 887 1676 ignoran-

146 1685 211 1707 tiam
224 1678 343 1708 confiteri
355 1677 390 1707 ad
399 1676 626 1718 respondendum,
639 1676 702 1715 quia
715 1677 762 1704 De
774 1677 822 1704 die
833 1676 888 1705 illa

146 1724 175 1747 et
188 1719 261 1747 horn
273 1729 356 1747 nemo
362 1719 427 1753 scit,
441 1727 533 1757 neque
540 1716 651 1756 angeli,
664 1726 758 1756 neque
770 1715 868 1745 Filius
876 1728 884 1744 ε

147 1758 264 1787 maxime
276 1768 338 1787 eum
351 1758 386 1787 sit
399 1757 587 1797 mysteriorum
603 1755 652 1784 Dei
670 1755 755 1784 multa
774 1755 888 1794 profun-

146 1798 216 1827 ditas
227 1810 233 1827 :
250 1808 298 1827 nec
311 1804 398 1826 tamen
419 1796 558 1832 mentitur,
578 1793 686 1834 quando
705 1795 794 1835 ipsum
815 1794 888 1833 quod

147 1837 208 1875 scit,
223 1849 239 1867 a
253 1839 329 1867 Patre
336 1836 447 1876 accepit.
458 1835 555 1865 Merito
568 1845 644 1864 suam
654 1835 791 1863 scientiam
804 1833 888 1863 dene-

149 1884 202 1917 gat,
217 1887 275 1916 quae
289 1887 342 1905 non
358 1887 393 1905 ex
406 1886 437 1905 eo
450 1888 456 1904 ε
471 1876 542 1905 sicut
558 1881 584 1904 et
597 1873 662 1903 alibi
685 1884 746 1903 cum
757 1880 825 1903 esset
837 1874 887 1903 bo-

149 1927 211 1952 nus,
230 1917 331 1946 bonum
342 1927 369 1945 se
380 1915 532 1954 denegavit,
557 1914 619 1953 quia
639 1913 745 1942 bonitas
762 1914 820 1952 ejus
834 1920 889 1943 erat

149 1968 183 1986 ex
195 1958 281 1986 Patre.
299 1956 335 1986 Et
344 1966 375 1984 ne
388 1962 496 1995 propter
509 1954 732 1994 dispensationem
746 1952 890 1982 humanam

150 1997 296 2026 aestimetur
309 1996 378 2025 scire
391 2005 419 2024 se
432 2005 551 2034 negasse,
566 2003 618 2022 non
634 1993 716 2029 dixit,
734 1993 828 2030 Neque
841 1993 889 2021 Fi-

953 300 1016 333 quia
1027 291 1179 335 non-omnia
1193 293 1317 332 mysteria
1329 292 1396 323 dicit
1405 293 1572 331 hominibus,
1584 304 1637 324 non
1652 305 1695 325 in-

952 328 1027 358 videt
1053 337 1168 359 sclelltlae
1193 339 1288 361 nostrae
1301 345 1307 360 ε
1330 332 1378 362 sed
1402 333 1466 372 quia
1492 343 1546 363 non
1571 334 1691 364 omnium

952 368 1139 414 mysteriorum
1153 370 1261 401 scientia
1277 372 1354 401 nobis
1375 373 1492 413 prodest.
1513 373 1594 403 Sicut
1613 376 1692 403 enim

953 418 984 435 m
998 409 1098 437 diebus
1112 410 1190 447 Νοὲ,
1211 413 1253 440 sic
1276 414 1329 440 erit
1350 419 1379 441 et
1396 414 1539 442 adventus
1555 413 1630 443 Filii
1643 414 1691 443 ho-

953 449 1051 477 minis.
1073 448 1153 477 Sicut
1177 457 1262 479 erant
1283 453 1313 480 in
1331 453 1432 482 diebus
1457 459 1526 481 ante
1546 454 1690 482 diluvium

953 488 1165 518 manducantes
1179 496 1206 519 et
1220 492 1360 527 bibentes,
1382 498 1410 520 et
1424 494 1574 529 nubentes,
1589 498 1618 522 et
1633 503 1689 522 nu-

951 528 1013 564 ptui
1032 527 1188 558 tradentes.
1205 530 1287 567 Quod
1300 530 1376 566 dicit,
1398 531 1472 561 Sicut
1486 532 1537 561 fuit
1550 532 1577 561 in
1592 531 1689 562 diebus

951 567 1016 603 Noe,
1030 567 1226 598 manducabant
1233 576 1258 599 et
1268 570 1405 607 bibebant,
1416 571 1551 601 nubebant
1559 572 1688 612 etnuptui

952 606 1090 636 tradebant
1104 619 1110 635 :
1127 618 1179 637 non
1194 615 1265 638 vetat
1277 609 1450 647 manducare,
1470 617 1515 639 aut
1526 611 1629 648 bibere,
1641 619 1689 641 aut

951 645 1134 691 nubere..Nec
1152 648 1223 677 enim
1239 649 1277 677 fas
1295 655 1334 678 est
1352 655 1382 678 ut
1396 649 1515 679 destruat
1536 651 1610 688 quod
1631 651 1688 690 ipse

951 692 1108 729 constituit:
1123 686 1170 716 sed
1185 687 1263 727 jubet
1283 698 1342 725 nos,
1358 695 1388 717 ut
1400 688 1473 727 quod
1487 690 1628 719 carnaliter
1646 691 1686 720 fa-

951 734 1048 769 cimus,
1071 725 1106 754 ad
1119 726 1169 755 Dei
1186 727 1299 766 gloriam
1313 727 1447 765 facientes,
1462 729 1638 769 spiritualiter
1650 731 1687 759 sa-

950 774 1063 799 ciamus,
1078 772 1107 794 ut
1115 767 1232 806 carnalia
1244 774 1332 796 nostra
1350 775 1458 807 propter
1470 769 1610 808 spirituale
1622 780 1687 809 pro-

950 804 1068 843 positum
1078 815 1090 834 s
1113 805 1230 835 iritualia
1240 806 1315 836 fiant.
1328 807 1397 844 Quis
1406 814 1454 844 est,
1468 808 1515 847 qui
1526 808 1560 837 ad
1574 809 1694 847 gloriam·

950 844 999 888 Dei
1020 855 1080 874 man
1103 852 1163 874 ucat
1183 853 1208 875 et
1223 846 1312 875 bibit?
1329 846 1384 883 Qui
1402 846 1437 876 de
1455 858 1535 876 manu
1550 848 1600 877 Dei
1613 859 1687 878 aoce-

949 893 1020 922 plsse
1029 885 1141 914 aestimat
1152 885 1224 924 quod
1239 885 1381 915 manducat
1392 893 1418 915 et
1426 887 1505 916 bibit.
1519 888 1588 924 Quis
1599 895 1687 918 autem

948 922 982 967 de
998 934 1079 953 manu
1094 925 1143 953 Dei
1162 935 1189 953 se
1207 925 1338 964 accepisse
1351 925 1483 955 aestimat?
1496 927 1551 963 Qui
1562 935 1689 966 operatur

944 963 1088 1001 justitiam,
1098 970 1124 1005 et
1133 965 1219 994 Deum
1233 965 1308 994 timet
1321 965 1462 995 offendere.
1474 967 1542 996 Nam
1556 973 1581 995 et
1592 977 1686 998 servus

948 1001 994 1031 ille
1012 1004 1091 1041 quasi
1113 1014 1205 1033 servus
1217 1004 1304 1033 fidelis
1319 1004 1460 1034 manducat
1483 1006 1510 1034 in
1532 1006 1623 1042 domo,
1657 1007 1685 1036 ui

946 1042 1095 1072 considerat
1109 1043 1170 1072 ideo
1188 1044 1344 1083 accepisse-a
1359 1044 1480 1082 domino,
1504 1051 1533 1074 ut
1549 1056 1617 1085 opus
1636 1018 1685 1076 do-

946 1081 1013 1110 mini
1031 1090 1165 1121 operetur.
1180 1084 1249 1112 Nam
1263 1085 1311 1122 qui
1326 1085 1414 1114 Deum
1432 1095 1484 1114 non
1506 1085 1582 1114 timet
1601 1086 1684 1115 offen-

945 1120 1019 1158 dere,
1033 1122 1080 1151 ille
1098 1122 1154 1151 sine
1167 1122 1252 1152 dubio
1265 1133 1318 1152 non
1332 1123 1444 1153 aestimat
1462 1135 1477 1154 a
1496 1126 1553 1154 Deo
1572 1136 1600 1154 se
1612 1136 1684 1155 acce-

944 1161 1016 1205 pisse
1026 1161 1100 1200 quod
1106 1162 1174 1191 bibit
1186 1176 1193 1198 ;
1204 1162 1251 1191 sed
1258 1170 1366 1203 propter
1374 1163 1426 1192 hoc
1433 1164 1521 1193 solum
1530 1164 1687 1203 manducat,

945 1210 1008 1238 quia
1021 1212 1082 1230 caro
1095 1209 1144 1231 est.
1157 1202 1226 1239 Quis
1239 1209 1328 1232 autem
1341 1209 1390 1239 est,
1401 1203 1449 1241 qui
1462 1203 1496 1233 ad
1509 1204 1621 1243 gloriam
1632 1206 1684 1234 Dei

945 1240 1043 1269 nubit?
1061 1241 1116 1278 Qui
1132 1242 1210 1271 nubit
1230 1249 1276 1271 aut
1296 1249 1405 1282 propter
1418 1242 1581 1273 desiderium
1597 1244 1682 1273 bono-

945 1290 1006 1308 rum
1015 1280 1145 1317 filiorum,
1160 1289 1205 1310 aut
1218 1282 1367 1321 periculum
1378 1283 1598 1322 peccati'timens.
1614 1285 1683 1320 Quis

945 1325 994 1354 est,
1018 1320 1066 1358 qui
1088 1328 1198 1361 propter
1220 1321 1384 1350 desiderium
1405 1322 1539 1352 bonorum
1563 1323 1685 1353 filiorum

944 1359 1041 1388 nubit?
1063 1360 1119 1397 Qui
1142 1367 1284 1400 postquam
1302 1360 1427 1390 habuerit
1441 1361 1523 1398 filios,
1544 1362 1615 1392 circa
1633 1363 1684 1393 Dei

944 1397 1115 1439 disciplinam
1135 1401 1250 1429 continet
1267 1411 1322 1429 eos.
1339 1400 1466 1439 Alioquin
1488 1402 1535 1440 qui
1555 1402 1626 1432 filios
1640 1413 1685 1432 ne-

944 1438 1034 1477 gligit,
1048 1439 1094 1468 ille
1107 1449 1157 1468 non
1170 1439 1330 1470 desideravit
1342 1441 1399 1469 Deo
1413 1451 1547 1479 generare,
1562 1441 1608 1471 sed
1621 1442 1683 1472 dia-

943 1477 1016 1507 bolo.
1040 1478 1109 1515 Quis
1135 1485 1185 1515 est,
1213 1479 1260 1517 qui
1281 1486 1390 1518 propter
1410 1481 1560 1519 periculum
1582 1482 1682 1521 peccati

942 1517 1038 1549 nubit?
1049 1517 1103 1554 Qui
1112 1524 1253 1557 postquam
1262 1518 1393 1558 nupserit,
1401 1520 1600 1549 matrimonium
1611 1527 1681 1550 caste

942 1563 1089 1586 conservat.
1110 1557 1165 1593 Qui
1186 1564 1273 1586 autem
1290 1564 1400 1596 propter
1419 1559 1618 1589 matrimonium
1638 1560 1679 1589 in—

943 1594 1095 1625 differenter
1107 1596 1227 1625 abutitur
1245 1597 1383 1626 amoribus
1398 1597 1464 1634 suis,
1483 1597 1531 1627 ille
1544 1608 1596 1628 non
1612 1610 1679 1639 pro-

942 1641 1002 1674 pter
1013 1635 1123 1664 tutelam
1134 1636 1229 1665 animae
1242 1636 1344 1675 nupsit,
1361 1635 1407 1665 sed
1421 1644 1529 1677 propter
1540 1638 1679 1668 abundan-

942 1681 995 1703 tem
1010 1675 1149 1704 lasciviam
1162 1675 1260 1705 carnis.
1282 1675 1337 1711 Qui
1359 1685 1422 1715 ergo
1436 1676 1474 1705 sic
1491 1677 1633 1708 manducat
1652 1686 1679 1708 et

942 1714 1022 1750 bibit,
1037 1725 1089 1743 non
1101 1721 1203 1744 tantum
1220 1714 1381 1744 manducare
1402 1722 1428 1744 et
1447 1716 1540 1746 bibere
1560 1717 1677 1754 videtur,

942 1761 1070 1792 quantum
1086 1754 1136 1784 Dei
1167 1754 1263 1784 loriam
1276 1754 1398 1793 operari:
1414 1755 1478 1793 quia
1491 1766 1543 1785 non
1555 1756 1607 1786 sibi
1621 1768 1679 1787 ser—

942 1794 992 1827 vit,
1005 1793 1052 1823 sed
1062 1795 1130 1823 Deo.
1169 1801 1180 1823 t
1188 1794 1235 1833 qui
1247 1794 1284 1823 sic
1298 1793 1386 1830 nubit,
1397 1805 1448 1823 non
1458 1801 1561 1824 tantum
1572 1796 1679 1826 videtur

942 1833 1053 1867 nubere,
1075 1841 1205 1872 quantum
1227 1833 1277 1863 Dei
1301 1833 1414 1869 gloriam
1435 1835 1556 1874 operari:
1572 1836 1679 1875 quando

943 1883 996 1901 non
1019 1872 1082 1909 sibi,
1099 1873 1146 1902 sed
1168 1875 1225 1902 Deo
1248 1873 1421 1913 multiplicat,
1442 1879 1467 1903 et
1488 1874 1545 1904 sine
1571 1883 1678 1915 peccato

943 1918 1091 1942 conservat.
1117 1913 1173 1943 Hoc
1196 1923 1259 1952 ergo
1280 1912 1369 1942 dicere
1385 1913 1456 1943 vult.
1472 1914 1546 1944 Sicut
1564 1922 1624 1944 ante
1634 1915 1678 1945 di-

944 1951 1049 1981 luvium
1063 1974 1070 1987 ,
1095 1952 1231 1981 recedente
1258 1952 1293 1983 ab
1320 1951 1475 1982 hominibus
1498 1954 1549 1983 Dei
1572 1954 1678 1992 timore,

946 1991 1015 2020 nihil
1043 1991 1174 2021 faciebant
1203 1991 1324 2021 homines
1345 1991 1380 2020 ad
1404 1992 1517 2030 gloriam
1543 1994 1593 2023 Dei
1603 2017 1611 2031 ‚
1633 1994 1680 2024 sed

151 2036 206 2065 lius
227 2035 362 2065 hominis:
379 2034 440 2073 quia
459 2033 606 2063 secundum
623 2033 793 2062 divinitatem
804 2031 891 2061 dixis-
909 2036 928 2059 D

151 2083 201 2111 set,
218 2086 270 2106 non
282 2074 428 2105 secundum
440 2074 584 2102 humanam
597 2080 729 2102 naturam.
743 2072 812 2101 Nam
824 2071 892 2101 inter

152 2116 255 2145 Filium
279 2115 330 2145 Dei
353 2122 380 2143 ct
406 2114 508 2143 Filium
530 2112 648 2141 hominis
679 2111 748 2140 nihil
773 2111 890 2140 interest.

154 2155 223 2185 Ecce
237 2154 378 2184 senectutis
396 2154 471 2193 signu
490 2152 686 2192 cognoscimus,
709 2150 780 2180 diem
804 2157 894 2179 autem

155 2194 281 2223 ultimum
295 2193 465 2232 ignoramus:
481 2192 519 2221 sic
533 2199 559 2221 et
570 2191 683 2220 labentis
695 2190 768 2229 sigua
783 2190 892 2226 scimus,

154 2234 236 2263 finem
257 2234 316 2272 ejus
336 2242 389 2260 non
409 2231 588 2271 agnoscimus.
610 2230 770 2261 sicutenim
786 2229 894 2268 quando

946 2031 1035 2060 omnia
1048 2037 1157 2071 propter
1175 2032 1259 2060 solam
1273 2042 1394 2060 carnem:
1411 2032 1468 2061 sive
1481 2033 1552 2062 enim
1565 2033 1680 2063 mandu-

946 2070 1040 2100 cabant
1059 2077 1105 2100 aut
1123 2070 1260 2106 bibebant,
1280 2081 1332 2100 non
1352 2070 1387 2100 ad
1407 2071 1520 2111 gloriam
1539 2074 1589 2102 Dei
1608 2083 1681 2102 man-

946 2109 1080 2139 ducabant
1104 2117 1151 2139 aut
1174 2110 1320 2146 bibebant,
1348 2110 1417 2140 sicut
1444 2111 1552 2141 mandat
1575 2119 1680 2153 aposto-

948 2149 1001 2185 lus,
1016 2148 1063 2178 sed
1076 2156 1185 2189 propter
1197 2150 1282 2179 solam
1296 2150 1459 2189 voluptatem
1473 2151 1605 2181 carnalem
1619 2163 1625 2179 :
1640 2152 1678 2181 sic
1693 2163 1765 2180 ccxm

925 2211 927 2213 .
949 2189 999 2218 crit
1012 2189 1082 2218 circa
1098 2189 1187 2218 saeculi
1210 2189 1303 2228 finem,
1313 2190 1388 2219 Sicut
1407 2190 1478 2219 enim
1493 2190 1623 2227 homines,
1636 2191 1682 2229 qui
1697 2204 1716 2218 ι.
1729 2197 1781 2217 ουν.
1798 2201 1831 2217 ιο.

949 2228 976 2257 in
999 2235 1085 2257 totum
1107 2229 1182 2258 carni
1204 2228 1316 2269 subjecti
1331 2236 1409 2265 sunt,
1429 2230 1552 2267 quamvis
1571 2227 1747 2259 habeant'3-4·

155 2273 279 2303 videmus
292 2271 427 2301 hominem
440 2281 540 2306 senem,
557 2270 656 2299 scimus
673 2269 736 2307 quia
750 2278 895 2308 propemo-

156 2313 223 2342 dum
235 2311 381 2341 moriturus
394 2316 445 2346 est,
460 2308 567 2348 quando
583 2315 683 2337 autem.
696 2308 828 2336 nescimus
839 2319 845 2336 :
858 2307 897 2336 sic

157 2360 183 2382 ct
197 2351 329 2382 mundum
342 2348 449 2395 quando
465 2348 650 2389 perturbatum
664 2346 798 2382 videmus,
818 2356 902 2375 casu-·

159 2403 220 2421 rum
233 2399 428 2430 cognoscimus,
448 2388 520 2417 diem
538 2394 626 2416 autem
650 2386 814 2426 ignoramus.
835 2387 897 2426 My-

159 2432 269 2461 sten‘um
282 2431 328 2461 Dei
339 2429 407 2459 scire
416 2428 525 2468 expedit
534 2426 643 2466 quidem
654 2425 819 2455 hominibus.
830 2426 899 2454 Nam

160 2478 187 2500 ct
211 2481 305 2500 servus
322 2469 404 2499 fidior
422 2469 452 2497 fit
470 2468 540 2496 circa
555 2465 714 2503 obsequium
727 2464 830 2494 domini
844 2465 898 2500 sui,

161 2521 224 2539 cum
246 2509 357 2549 coeperit
378 2514 475 2537 secreta
496 2517 543 2535 sua
567 2504 740 2534 committere.
765 2503 816 2534 Sed
831 2503 901 2533 illud

162 2550 230 2579 scire
243 2549 345 2578 bonum
363 2554 412 2583 est,
427 2546 499 2586 quod
519 2544 625 2585 proficit
643 2543 679 2573 ad
701 2543 903 2573 aedificationem

163 2589 255 2618 scienti
270 2600 277 2616 t
290 2587 341 2617 hoc
355 2594 444 2616 autem
463 2585 530 2615 scire
540 2607 548 2620 ,
561 2582 636 2623 quod
654 2582 723 2613 nihil
743 2582 821 2612 nobis
843 2593 902 2623 pro-

950 2267 1166 2303 animam,tamen
1174 2268 1343 2298 solummodo
1354 2279 1445 2297 carnes
1452 2268 1685 2305 dicuntur,tcstan-

951 2314 976 2336 te
985 2306 1124 2346 Scriptura
1138 2319 1144 2336 :
1159 2309 1227 2337 Non
1237 2309 1416 2347 permanebit
1435 2309 1551 2346 spiritus
1563 2318 1642 2337 meus
1656 2309 1686 2337 in
1697 2323 1752 2343 Gen.
1762 2321 1785 2343 (5¹
1795 2320 1819 2342 3,

953 2347 1118 2376 hominibus
1129 2348 1203 2385 istis,
1220 2349 1357 2386 quoniam
1368 2353 1435 2375 sunt
1449 2356 1560 2376 carnes.
1575 2348 1606 2375 In
1623 2347 1687 2386 qui-

952 2386 1004 2415 bus
1017 2392 1105 2415 autem
1120 2397 1181 2426 pars
1195 2386 1288 2415 animoe
1298 2385 1557 2425 praevalet‚quamvis
1565 2386 1618 2415 sint
1627 2397 1689 2416 car-

954 2425 1039 2462 nales,
1053 2425 1206 2466 spirituales
1221 2425 1359 2460 dicuntur,
1372 2424 1440 2453 sicut
1452 2423 1518 2453 dicit
1529 2426 1664 2465 apostolus
1680 2437 1687 2453 ε

956 2464 1013 2494 Vos
1027 2473 1122 2494 autem
1136 2475 1194 2494 non
1216 2467 1282 2493 estis
1296 2465 1327 2491 in
1346 2473 1443 2499 carne,
1458 2463 1510 2492 sed
1522 2466 1553 2493 in
1575 2467 1689 2503 spiritu,
1702 2477 1768 2499 Rom.
1782 2475 1804 2499 3,
1815 2483 1841 2505 9·

956 2505 1084 2534 stramen
1101 2506 1217 2543 spiritus
1226 2504 1282 2531 Dei
1293 2503 1402 2531 habitet
1417 2504 1447 2531 in
1458 2504 1552 2532 vobis.
1561 2503 1606 2533 Sic
1613 2513 1693 2544 opera

958 2544 1110 2578 hominum,
1126 2542 1248 2581 quamvis
1271 2541 1323 2570 sint
1341 2540 1501 2580 spiritualia,
1518 2543 1540 2572 si
1555 2542 1622 2572 faeta
1634 2544 1693 2573 sue—

958 2583 1011 2612 rint
1025 2589 1133 2622 propter
1147 2591 1253 2611 causam
1268 2580 1370 2617 carnis,
1383 2586 1476 2619 utputa
1489 2603 1495 2616 ,
1511 2583 1533 2612 si
1547 2582 1608 2621 quis
1627 2590 1695 2622 opus
