1890 2826
76 351 157 374 Ειει-Ιι.
175 357 210 379 ι7.

78 627 197 657 Ις(ιι’.8.7.

85 1093 223 1122 va-5.19.

219 135 268 179 64

219 207 289 247 quit,
299 214 329 236 ut
338 217 391 247 pro
403 206 491 236 lubito
504 206 561 236 haee
575 206 740 246 quibusdam
750 206 831 236 rebus
844 212 890 235 aut
905 215 963 245 per-

220 253 292 282 sonis
304 259 421 293 aptarem
434 251 520 282 sedin
533 252 706 292 sequentibus
720 262 777 282 sose
791 252 963 292 interpretata
978 279 1002 297 ⁶⁵

548 146 578 169 S.
606 144 747 168 JOANNIS
773 143 957 168 CHRYSOST.
987 143 1141 168 ARCfflEP.
1170 145 1443 170 CONSTANTINOP-

1019 207 1146 245 προϊοῦσα
1163 207 1259 244 ἑαυτὴν
1281 207 1459 248 ἡρμήνευσεν,
1481 205 1651 236 εἰποῦσα-Ὁ
1664 208 1714 248 γὰρ
1733 208 1786 246 ἆμ-

1018 251 1106 281 πελὼν
1121 252 1220 292 Κυρίου
1238 253 1353 283 Σαὸαὼθ
1374 249 1444 287 οἶκος
1463 256 1509 283 τοῦ
1525 253 1633 293 Ἰσραήλ
1653 254 1719 283 ἐστι.
1734 253 1788 283 Καὶ

220 307 260 330 est
266 299 359 329 dicens
374 312 381 328 ε
396 300 490 328 Vinea
501 301 579 328 enim
594 299 714 329 Domini
723 298 853 329 Sabaoth
860 299 963 328 domus
982 307 1000 330 A
1018 300 1032 327 ὁ
1043 298 1172 335 Ἰεζεκιὴλ
1190 299 1217 329 δὲ
1230 299 1309 330 πάλιν
1324 300 1399 330 ἀετὸν
1412 302 1501 331 καλῶν
1515 300 1598 339 μέγαν
1612 300 1656 330 καὶ
1671 301 1788 339 μεγαλοα

222 346 317 376 Israel
337 352 390 376 est.
410 346 534 375 Ezechiel
549 356 614 376 vero
625 356 745 384 rursum,
759 356 822 376 cum
843 344 965 384 aquilam

222 403 346 432 magnam
355 399 381 422 et
391 403 549 432 magnarum
562 392 666 422 alarum
675 391 869 433 ingredientem
878 391 906 421 in
920 392 966 422 Li·

222 439 334 476 banum,
357 445 383 468 et
403 438 563 470 avellentem
584 449 722 468 summum
742 438 868 470 verticem
893 437 966 468 cedri

223 491 423 522 commemorat,
438 494 491 513 non
504 484 633 524 relinquit
645 495 726 525 penes
737 484 880 515 arbitrium
891 483 967 513 audi-

226 537 313 559 torum
322 530 368 570 huj
373 541 403 559 us
411 530 545 571 allegoriae
556 530 800 571 interpretationem
810 542 817 566 ;
828 529 968 570 sedexpli-

226 583 267 606 cat
278 576 335 614 ille,
348 587 429 616 quam
439 577 558 616 aquilam
565 577 648 615 dicat,
657 589 736 617 quam
747 577 867 612 cedrum.
878 577 916 607 Et
923 577 969 606 hic

226 635 335 654 rursum
355 624 382 653 in
404 624 593 663 sequentibus,
621 625 668 654 ubi
689 625 813 664 fluvium*
824 624 968 664 quemdam

226 671 376 701 violentum
393 670 498 700 inducit
515 671 542 700 in
555 672 573 702 J
575 671 689 709 udaeam,
703 681 737 701 ne
750 671 843 701 liceret
854 670 970 701 auditori

227 717 315 746 cuivis
326 727 445 757 personae
453 727 503 756 pro
509 717 620 748 arbitrio
627 717 684 747 haec
692 724 793 758 aptare,
803 716 874 747 dixit
882 727 972 756 regem

227 774 284 793 esse
295 774 368 800 eum,
381 773 460 802 quem
472 762 588 793 fluvium
596 764 769 794 nominasset.
782 764 845 794 Haec
851 774 915 794 vero
926 763 973 793 lex
1003 788 1011 796 ,

1019 345 1148 385 πτέρυγον
1161 345 1276 376 εἰσιόντα
1290 348 1326 380 εἰς
1338 346 1382 376 τὸν
1401 346 1527 382 Λίὸανον,
1549 346 1595 376 καὶ
1617 346 1790 380 ἀποκνίζοντα

1020 391 1051 421 τὸ
1062 392 1141 432 ἄκρον
1149 394 1195 428 τῆς
1209 392 1302 433 κέδρου
1311 416 1319 430 ,
1334 392 1392 423 οὐδὲ
1404 393 1459 422 ἐκεῖ
1475 392 1583 433 ἀφίησιν
1593 393 1638 422 ἐπὶ
1650 391 1786 432 τῇγνώμῃ

1019 439 1070 467 τῶν
1085 439 1221 478 ἀκροατῶν
1235 442 1338 469 κεῖσθαι
1352 440 1400 474 τῆς
1413 437 1572 478 ἀλληγορίας
1579 438 1628 474 τὴν
1639 437 1790 478 ἑρμηνείαν,

1019 484 1088 513 ἀλλὰ
1101 484 1147 514 καὶ
1161 484 1238 519 αὓζτὸς
1251 484 1340 524 λέγει,
1357 484 1415 514 τίνα
1432 484 1480 523 μὲν
1492 483 1537 513 τὸν
1551 483 1627 513 ἀετόν
1641 495 1722 522 φησι,
1733 483 1792 512 τίνα

1020 530 1047 560 δὲ
1060 530 1108 566 τὴν
1123 530 1225 570 κέδρον.
1239 530 1293 560 Καὶ
1310 527 1384 564 οὗτος
1402 530 1429 559 δὲ
1450 530 1530 560 πάλιν
1549 529 1659 570 προϊὼν,
1672 528 1791 569 ποταμόν

1019 588 1078 606 τινα
1101 576 1211 617 σφοδρὸν
1238 576 1342 617 ἀνάγει,
1357 576 1451 616 λέγων,
1465 576 1510 606 ἐπὶ
1527 576 1576 612 τὴν
1590 577 1734 612 Ἰουδαίαν,
1750 575 1795 605 ἵνα

1021 622 1059 662 μὴ
1071 623 1115 662 ἐξῇ
1129 624 1168 663 τῷ
1186 622 1308 652 ἀκούοντι
1324 622 1393 652 κατὰ
1405 622 1454 659 τὴν
1468 619 1565 653 οἰκείαν
1579 623 1688 663 γνώμην
1702 622 1789 662 ἁρμό-

1021 670 1072 703 ζειν
1089 668 1119 697 τὸ
1132 668 1270 708 εἰρημένον
1283 668 1418 710 προσώπῳ
1432 664 1455 710 ᾧ
1470 669 1607 709 βούλεται,
1622 665 1679 698 εἶπε
1691 668 1736 698 καὶ
1750 668 1796 698 τὸν

1024 714 1136 755 βασιλέα
1151 718 1252 752 τοῦτον,
1276 716 1304 745 ὃν
1319 715 1439 755 ποταμὸν
1453 716 1570 746 ἐκάλεσε.
1582 716 1636 746 Καὶ
1656 717 1794 754 πανταχοῦ

1024 763 1072 797 τῆς
1087 763 1195 802 Γραφῆς
1209 757 1283 795 οὗτος
1296 764 1310 791 ὁ
1330 762 1407 802 νόμος
1417 785 1425 799 ,
1449 762 1555 792 ἐπειδὰν
1577 763 1730 802 ἀλληγορῇ,
1747 760 1795 790 λί-

229 810 329 848 ubique
352 809 474 839 locorum
495 809 523 838 in
550 810 690 850 Scriptura
713 816 846 847 servatur,
861 816 891 839 ut
911 820 974 840 cum
989 814 1008 837 B
1024 819 1080 847 γειν
1095 807 1141 837 καὶ
1154 807 1313 847 ἀλληγορίας
1329 808 1377 845 τὴν
1390 808 1542 849 ἑρμηνείαν,
1556 807 1626 837 ὥστε
1640 807 1677 847 μὴ
1692 808 1796 841 ἁπλῶς,

230 856 371 895 allegorice
377 854 452 894 loqui
455 861 508 891 tur,
515 856 648 896 allegoriae
657 855 902 897 interpretationem
909 855 975 884 affe-

230 909 281 938 rat,
296 908 326 931 ut
339 911 372 930 ne
382 911 476 931 eorum
486 901 534 940 qui
544 901 685 942 allegorias
696 909 786 932 amant
797 901 913 942 cupidus
920 900 976 930 aui-

229 958 291 977 mus
303 954 400 977 temere
411 953 437 976 et
444 946 554 977 fortuito
567 955 638 978 erret
653 954 679 978 et
685 958 854 987 quocumque
863 948 973 977 seratur.

231 995 268 1024 Et
280 993 347 1033 quid
361 993 479 1031 miraris,
495 993 517 1022 si
532 993 561 1023 id
577 994 715 1034 prophetae
732 993 848 1024 faciant?
860 995 979 1023 Prover-

231 1041 340 1070 biorum
349 1047 418 1070 certe
429 1047 521 1070 auctor
536 1039 563 1070 id
580 1041 714 1071 observat.
726 1042 795 1071 Cum
805 1040 878 1070 enim
890 1039 980 1069 dixis-

234 1094 273 1117 set
297 1099 303 1116 :
335 1087 443 1117 Cervus
469 1087 617 1125 amicitioe,
640 1093 669 1116 et
692 1087 793 1127 pullus
818 1088 982 1125 gratiarum

236 1140 353 1163 tuarum
367 1140 553 1163 conversetur
567 1140 659 1163 tecum
672 1142 683 1163 .·
698 1134 807 1175 etsons
824 1144 910 1174 aquoe
924 1139 981 1162 tuoe

237 1180 288 1209 tibi
306 1179 363 1209 soli
378 1183 416 1209 sit
434 1191 445 1208 .·
466 1179 654 1220 interpretatus
667 1187 717 1218 est,
730 1191 782 1210 cur
795 1180 853 1217 haec
869 1179 981 1216 diceret,

236 1236 332 1266 nempe
347 1225 381 1255 de
396 1236 479 1255 uxore
497 1226 617 1267 legitima
628 1233 652 1256 et
668 1227 763 1263 libera,
780 1232 809 1255 ut
826 1232 956 1256 averteret
968 1237 984 1256 a

238 1270 377 1302 meretrice
392 1278 418 1301 et
431 1271 529 1301 aliena.
545 1272 606 1302 Pari
622 1272 702 1302 modo
715 1272 760 1302 hic
773 1271 920 1313 explicavit
933 1272 985 1302 hoc

1027 853 1094 892 μηδὲ
1111 855 1147 887 ὡς
1167 852 1245 894 ἔτυχε
1263 853 1311 890 τὴν
1326 854 1472 884 ἀκόλαστον
1486 854 1626 893 ἐπιθυμίαν
1648 855 1700 883 τῶν
1713 853 1797 888 ἀλλη-

1026 904 1112 939 γορεῖν
1137 899 1302 940 βουλομένων
1324 901 1475 930 πλανᾶσθαι
1501 900 1547 930 καὶ
1569 902 1708 939 πανταχοῦ
1719 898 1798 938 φέρε-

1029 948 1099 976 σθαι.
1115 946 1169 976 Καὶ
1188 945 1214 975 τί
1228 945 1384 985 θαυμάζεις,
1399 948 1422 975 εἰ
1441 949 1464 976 οἱ
1479 948 1628 986 προφῆται,
1644 945 1697 975 Καὶ
1708 947 1722 974 ὃ
1737 946 1798 974 Πα-

1031 991 1186 1032 ροιμιαστὴς
1192 991 1220 1028 δὲ
1229 992 1298 1021 οὕτω
1307 997 1386 1022 ποιεῖ.
1394 992 1485 1022 Εἰπὼν
1494 992 1555 1032 γὰρ,
1564 991 1682 1032 Ἔλαφος
1697 1003 1715 1031 φ
1722 990 1801 1026 ιλίας,

1031 1038 1076 1068 καὶ
1096 1039 1183 1072 πῶλος
1203 1040 1255 1068 τῶν
1268 1039 1384 1079 χαρίτων
1400 1039 1526 1078 ὁμιλείτω
1547 1050 1604 1068 σοι·
1619 1038 1682 1068 ικαὶ
1694 1041 1712 1074 ἡ
1726 1037 1800 1077 πηγὴ

1031 1087 1076 1114 τοῦ
1091 1083 1183 1118 ὕδατός
1197 1095 1243 1116 ,σου
1257 1085 1325 1114 ἔστω
1338 1096 1379 1114 σοι
1393 1085 1479 1125 μόνῳ·
1493 1084 1645 1124 ἡρμήνευσε
1657 1083 1726 1117 τίνος
1735 1083 1795 1113 ἕνε-

1032 1142 1076 1160 κεν
1088 1133 1171 1160 ταῦτα
1184 1130 1281 1171 ἔλεγεν,
1295 1130 1336 1160 ὅτι
1344 1131 1405 1171 περὶ
1417 1130 1540 1170 γυναικὸς
1549 1131 1661 1169 ἐννόμου
1674 1130 1720 1160 καὶ
1731 1132 1803 1160 ἐλευ-

1033 1176 1123 1217 θέρας,
1137 1176 1292 1217 ἀποτρέπων
1313 1177 1412 1217 πόρνης
1428 1177 1474 1206 καὶ
1493 1176 1633 1217 ἀλλοτρίας
1660 1176 1801 1206 ἅπτεσθαι.

1034 1223 1114 1254 Οὕτω
1132 1222 1164 1260 δὴ
1185 1223 1230 1254 καὶ
1251 1218 1325 1257 οἶτος
1349 1225 1461 1254 ἐνταῦθα
1485 1219 1557 1261 εἶπε,
1573 1223 1631 1253 τίνα
1652 1222 1734 1264 ἔφησε
1755 1224 1804 1253 τὸν

1034 1270 1178 1309 ἀμπελῶνα
1189 1264 1264 1299 εἶναι*
1279 1266 1348 1300 Ε’ίτα
1367 1269 1458 1306 ἐπειδὴ
1474 1264 1546 1299 εἶπεν
1560 1271 1646 1299 αὐτῶν
1658 1271 1692 1299 τὰ
1703 1269 1797 1309 ἐγκλή-

239 1318 309 1355 loco,
322 1328 403 1357 quam
412 1317 512 1348 diceret
518 1329 574 1347 esse
581 1318 695 1349 vineam.
703 1318 808 1348 Deinde
822 1328 986 1349 cumeorum
1002 1322 1020 1347 C
1037 1327 1122 1355 ματα,
1136 1310 1194 1346 εἷπε
1215 1315 1262 1350 τὰς
1275 1316 1416 1356 τιμωρίας·
1436 1315 1516 1345 πάλιν
1531 1315 1596 1355 πρὸς
1621 1318 1659 1356 τῷ
1672 1315 1744 1345 τέλει
1756 1315 1806 1351 τὴν

238 1365 351 1394 crimina
365 1364 538 1403 enuntiasset,
554 1365 741 1406 suppliciaque
760 1365 884 1403 dixisset,
892 1376 988 1395 rursus

238 1412 267 1440 in
280 1411 332 1440 fine
343 1410 525 1440 defensionem
540 1418 617 1451 parat
631 1410 739 1442 dicens:
750 1412 941 1452 Exspectavi,
957 1418 989 1441 ut

232 1458 352 1498 sacer-et
367 1458 525 1498 judicium,
534 1458 614 1498 fecit
632 1465 731 1487 autem
750 1460 947 1500 iniquitatem,
962 1464 990 1487 et

243 1514 302 1533 non
310 1504 467 1543 justitiam,
482 1505 534 1534 sed
545 1505 713 1534 clamorem.
730 1505 747 1535 J
750 1512 817 1542 uste,
832 1505 930 1544 inquit,
938 1516 991 1545 poe-

243 1559 305 1577 nam
311 1548 400 1589 exigo.
408 1549 572 1589 Exspectavi
581 1550 663 1586 enim,
670 1550 700 1580 U
698 1557 709 1579 t
707 1549 826 1591 faceret
832 1550 989 1590 judicium,

245 1594 273 1623 id
286 1594 491 1635 est,justi.tiam;
505 1595 559 1635 ipsi
574 1605 639 1625 vero
653 1595 785 1626 contraria
797 1596 990 1636 eahibuerunss

245 1642 424 1682 iniquitatem,
443 1642 603 1683 injustitiam
626 1650 653 1673 et
670 1643 824 1674 clamorem.
841 1644 993 1674 Clamorem

245 1689 291 1719 hic
306 1695 383 1719 vocat
400 1688 557 1728 acquirendi
573 1689 759 1730 cupiditatem,
774 1690 905 1730 injustum
918 1691 994 1720 suro-

248 1747 315 1770 rem,
328 1735 541 1765 irrationabilem
561 1735 639 1774 iram,
664 1747 780 1778 pugnas,
800 1737 993 1767 contentiones.

249 1783 278 1812 8.
287 1782 316 1811 V
313 1793 337 1811 ιε
344 1783 395 1823 qui
400 1783 581 1822 conjungunt
587 1783 708 1813 domum
714 1784 887 1820 addomum,
893 1793 996 1824 agrum

1038 1361 1181 1401 ἀπολογίαν
1202 1361 1291 1399 τίθησι
1304 1362 1402 1401 λέγων·
1421 1360 1573 1400 ι’Ἔμεινα,
1583 1360 1627 1390 ἵνα
1637 1361 1736 1401 ποιήσῃ
1751 1361 1807 1402 κρί-

1038 1420 1090 1444 σιν,
1105 1408 1212 1444 ἐποίησε
1233 1408 1260 1438 δὲ
1285 1408 1405 1448 ἀνομίαν,
1419 1407 1465 1438 καὶ
1487 1410 1516 1437 οὐ
1541 1407 1718 1444 δικαιοσύνην,
1739 1407 1808 1437 ἀλλὰ

1038 1453 1165 1495 κραυγήν.
1181 1453 1245 1484 Ὅτι
1267 1454 1389 1490 δικαίως,
1405 1454 1494 1494 φησὶν,
1507 1455 1612 1484 ἀπαιτῶ
1630 1452 1716 1489 δίκην.
1730 1452 1804 1482 Ἀνέ-

1041 1512 1117 1539 μεινα
1137 1499 1198 1540 γὰρ,
1211 1499 1272 1530 Ἵνα
1291 1500 1391 1540 ποιήσῃ
1413 1500 1509 1541 κρίσιν,
1522 1499 1659 1535 τουτέστι,
1672 1499 1806 1529 δικαιοσύ-

1040 1558 1099 1582 νην·
1114 1546 1187 1576 αὖτοὶ
1201 1545 1228 1576 δὲ
1250 1546 1285 1576 τὰ
1305 1545 1411 1576 ἐναντία
1435 1545 1602 1580 ἐπεδείξαντο
1619 1545 1739 1584 ἀνομίαν,
1752 1545 1811 1574 ἀδι-

1040 1592 1100 1622 κίαν
1116 1591 1161 1622 καὶ
1178 1592 1304 1633 κραυγήν.
1318 1591 1445 1632 Κραυγὴν
1458 1593 1570 1622 ἐνταῦθα
1590 1591 1638 1628 τὴν
1659 1590 1812 1625 πλεονεξίαν

1041 1639 1129 1679 λέγει,
1142 1638 1187 1668 τὸν
1203 1638 1292 1669 ἄδικον
1308 1638 1399 1678 θυμὸν,
1415 1638 1464 1675 τὴν
1486 1637 1566 1678 ὀργὴν
1589 1638 1639 1674 τὴν
1661 1637 1813 1676 ἀλόγιστον,

1042 1684 1089 1719 τὰς
1116 1684 1219 1726 μάχας,
1237 1684 1284 1718 τὰς
1303 1684 1473 1725 φιλονεικίας.
1492 1685 1563 1715 Οὐαὶ
1589 1686 1613 1715 οἱ
1635 1683 1810 1716 συνάπτοντες

1044 1730 1127 1761 οἰκίαν
1141 1730 1205 1771 πρὸς
1217 1730 1301 1761 οἰκίαν
1310 1753 1318 1767 ,
1333 1731 1379 1761 καὶ
1393 1731 1473 1770 ἀγρὸν
1487 1730 1553 1770 πρὸς
1567 1729 1647 1771 ἀγρὸν
1661 1729 1816 1770 ἐγγίζοντες,

1043 1775 1087 1806 ἵνα
1100 1777 1145 1806 τοῦ
1165 1775 1279 1812 πλησίου
1303 1775 1452 1816 ἀφέλωνταί
1476 1787 1512 1805 τι.
1531 1774 1624 1804 Εἰπὼν
1638 1774 1679 1804 ὅτι
1697 1773 1815 1814 κραυγὴν

251 1829 292 1857 ad
301 1838 404 1869 agrum
412 1833 557 1868 aptantes,
566 1835 597 1858 ut
609 1839 629 1858 a
639 1831 771 1869 proximo
787 1830 926 1870 auferam
940 1829 998 1858 ali.
1013 1834 1032 1857 ι)
1047 1822 1170 1860 ἐποίησε,
1184 1821 1303 1853 τουτέστι
1321 1821 1482 1858 πλεονεξίαν,
1492 1821 1629 1862 ἁρπαγὰς,
1642 1820 1714 1860 λέγει
1727 1820 1773 1850 καὶ
1786 1820 1817 1849 τὸ

251 1875 333 1914 quid.
345 1875 416 1903 Cum
426 1873 540 1903 dixisset
549 1874 639 1915 ipsum
649 1875 793 1905 clamorem
807 1875 911 1911 fecisse,
921 1874 950 1904 id
959 1882 998 1904 est

252 1920 407 1958 acquirendi
415 1919 602 1960 cupiditatem,
611 1927 637 1950 et
648 1921 767 1962 rapinas,
778 1921 889 1961 subjicit
899 1921 999 1960 iniqui-

253 1966 315 1995 tatis
331 1966 446 2006 speciem
470 1966 555 1995 multa
574 1966 681 2006 plenam
701 1967 836 2006 nequiit-23
856 1978 887 1997 ac
904 1979 999 1999 rursus

255 2022 271 2040 a
287 2010 409 2040 lamentis
422 2010 530 2039 initium
546 2010 632 2048 ducit,
647 2011 861 2050 magnitudinem
875 2020 999 2052 peccato-

256 2065 318 2084 rum
342 2054 494 2092 ostendens,
510 2065 608 2094 eosque
629 2055 767 2086 insinuans
787 2055 835 2095 qui
855 2056 999 2087 incurabili

256 2101 351 2130 morbo
362 2100 531 2130 laborabant.

296 2148 326 2177 4.
341 2148 405 2177 Haec
417 2147 497 2176 etiam
510 2157 582 2177 nunc
593 2148 688 2177 tentari
696 2147 789 2178 videre
799 2155 838 2178 est
850 2148 884 2177 ab
896 2149 940 2186 iis,
953 2151 1002 2189 qui

258 2194 328 2223 male
353 2194 458 2224 divitiis
481 2191 606 2232 utuntur,
621 2195 670 2234 qui
692 2195 782 2225 vicina
794 2191 854 2225 loca
875 2196 1002 2227 invadere

259 2240 386 2281 cogitant,
398 2251 452 2270 non
466 2247 496 2270 ut
513 2241 683 2271 securitatem
696 2241 812 2282 pariant,
827 2241 874 2272 sed
892 2249 923 2272 ut
935 2243 1002 2273 insi-

293 2353 304 2364 ·
322 2342 342 2371 ἡ
352 2349 414 2378 πηγὴ
425 2348 465 2371 τοῦ
473 2347 552 2375 ὕδατὸς
561 2356 599 2371 σου
611 2349 668 2372 ἔστω
678 2357 711 2372 σοι
717 2351 790 2380 μόνῳ.
800 2346 860 2371 Haec
871 2347 968 2372 nonita
978 2354 1022 2372 co-

259 2383 356 2409 haerent
367 2383 393 2408 in
402 2383 468 2409 libro
477 2383 671 2410 Proverbiorum
682 2385 706 2416 5,
719 2386 758 2410 18.
774 2384 827 2410 Sed
834 2384 888 2410 haec
896 2391 1022 2418 postrema

260 2433 318 2457 pars
337 2423 458 2456 praeeedit
468 2443 475 2454 ,
494 2429 519 2448 et
536 2429 575 2449 est
592 2433 677 2449 versus
701 2426 741 2450 18.
760 2426 886 2451 Posterior
904 2434 964 2451 vero
983 2431 1023 2451 est

260 2473 315 2496 quoe
325 2463 366 2488 hie
376 2463 591 2496 praetermittitur,
604 2469 630 2488 et
641 2470 679 2489 est
691 2473 774 2489 versus
787 2465 827 2490 19.
839 2464 880 2497 ltpi
891 2471 976 2490 autem
988 2465 1023 2490 le-

261 2504 327 2535 gitur
337 2507 394 2529 ἕστω
410 2515 445 2530 σοι
457 2506 510 2537 ιδίᾳ.
522 2501 566 2528 Sic
582 2510 666 2528 autem
677 2512 740 2536 saepe
752 2503 816 2529 solet
827 2504 1023 2538 chrysostomus

263 2541 316 2566 lom
334 2542 471 2576 Scriptura)
483 2542 532 2568 alio
549 2551 624 2575 quaro
636 2543 736 2575 jaceant
755 2542 833 2568 modo
847 2543 937 2569 afferre
946 2563 953 2576 ‚
966 2545 1024 2578 quia

1048 1864 1113 1907 εἶδος
1126 1871 1174 1905 τ’ῆς
1182 1868 1293 1904 ἀδικίας,
1306 1870 1406 1905 πολλῆς
1416 1867 1638 1908 ἐμπεπλησμένον
1649 1870 1696 1903 τῆς
1705 1878 1814 1906 κακουρ-

1049 1915 1116 1956 γίας.
1131 1915 1184 1946 Καὶ
1205 1915 1285 1945 πάλιν
1307 1915 1378 1951 ‘aiath
1399 1915 1498 1955 θρήνων
1519 1914 1644 1955 ἄρχεται,
1656 1913 1686 1944 τὸ
1710 1912 1818 1952 μέγεθος

1047 1962 1100 2001 τῶν
1113 1959 1312 2000 ἁμαρτημάτων
1327 1959 1531 1999 ἐνδεικνύμενος,
1540 1959 1586 1989 καὶ
1599 1958 1659 1992 τοὺς
1673 1957 1707 1988 τὰ
1721 1957 1817 1987 ἀνίατα

1050 2009 1189 2040 νοσοῦντας
1204 2005 1347 2047 ἐμφαίνων.

1090 2153 1185 2182 Ταῦτα
1198 2150 1226 2181 δὲ
1237 2151 1282 2181 καὶ
1294 2154 1338 2181 νῦν
1347 2150 1506 2190 τολμώμενα
1518 2149 1571 2179 ἴδοι
1581 2161 1620 2183 τις
1630 2149 1662 2179 ἂν
1678 2149 1751 2190 παρὰ
1765 2152 1819 2180 τῶν

1054 2199 1142 2232 κακῶς
1154 2200 1193 2238 τῷ
1204 2197 1311 2238 πλούτῳ
1323 2196 1503 2238 κεχρημένων,
1511 2195 1536 2226 οἳ
1545 2195 1592 2229 τὰς
1605 2196 1761 2235 γειτνιάσεις
1769 2197 1824 2226 ἐπι-

1055 2247 1167 2281 νοοῦσιν,
1181 2245 1230 2273 οὗκ
1256 2244 1292 2277 εἷς
1309 2243 1467 2284 ἀσφάλειαν,
1479 2243 1538 2272 ἀλλ’
1560 2243 1597 2275 εἷς
1617 2241 1760 2278 ἐπιδουλὴν
1772 2244 1825 2272 τῶν

1071 2357 1161 2381 nempe
1172 2347 1318 2374 memoriter
1326 2346 1456 2373 afferebat.

1106 2389 1119 2407 Ι»
1138 2389 1271 2414 Bavaricus
1282 2386 1324 2412 hic
1333 2386 1421 2420 adjicit.
1432 2390 1509 2420 ἔμεινα
1523 2390 1558 2413 ἵνα
1575 2393 1656 2422 ποιήσῃ
1667 2393 1763 2422 καρπόν,
1775 2391 1824 2411 etc.

1072 2425 1123 2451 Sed
1134 2435 1186 2452 non
1197 2426 1272 2453 video
1281 2425 1334 2451 haec
1345 2432 1404 2458 apte
1416 2427 1495 2458 repeti
1505 2425 1554 2450 hoc
1567 2425 1633 2452 loco.

1104 2473 1114 2484 Ε
1132 2464 1181 2492 Ᾱπὸ
1191 2470 1276 2501 θρήνων
1286 2470 1392 2500 ἄρχεται,
1405 2465 1441 2489 sic
1451 2465 1586 2490 Bavar'lcus
1594 2469 1671 2495 recte,
1684 2470 1711 2489 ul.
1723 2472 1828 2497 respon-

1072 2504 1132 2531 deat
1141 2515 1149 2531 ι
1157 2505 1195 2531 oei
1210 2509 1259 2533 obal
1269 2513 1352 2538 supra.
1363 2504 1410 2530 Alii
1420 2507 1460 2532 ἀπ’
1472 2508 1759 2541 ἀπανθρωπένωνᾶρχεται.
