1890 2826
266 169 306 202 18
594 177 622 199 S.
652 177 792 200 JOANMS
819 178 1002 201 CHRYSOST.
1032 179 1187 203 Alterum).
1218 181 1490 205 CONSTANTINOP-

257 240 330 279 quod
339 250 393 269 non
403 239 491 268 solum
501 238 571 268 mala
583 248 635 268 non
646 244 794 276 coerceant,
802 238 848 268 scd
854 246 964 269 conatus
973 239 999 269 in
1019 246 1036 270 Β
1056 241 1124 271 ἀλλὰ
1137 242 1182 272 καὶ
1207 242 1391 273 ἀντιτείνουσιν
1401 255 1407 261 ·
1428 244 1457 273 οὗ
1472 243 1550 282 μόνον
1571 244 1600 273 οὗ
1614 244 1760 282 πολεμοῦσι
1772 247 1825 276 τοῖς

259 298 307 317 con
311 287 375 317 trari
379 297 424 316 um
429 292 544 321 vertant,
550 295 603 314 non
610 285 690 314 modo
696 285 711 314 f
710 295 770 314 ures
777 295 828 315 non
836 293 1001 326 oppugnent,

259 333 306 363 sed
317 340 343 363 et
356 333 422 373 ipsis
431 332 590 372 jungantur,
600 342 634 361 ex
645 330 776 360 diametro
789 332 938 372 oppositam
951 332 1002 362 vir-

259 380 311 409 tuti
335 379 489 420 principum
512 378 658 417 nequitiam
687 377 822 408 adeuntes.
838 379 1001 419 Diligentes

260 436 391 455 munera.
410 425 500 454 Altera
518 424 608 464 gravis
630 423 730 464 species
751 424 833 454 famis
855 425 1001 464 auri,quae

258 472 378 501 fucatum
398 470 507 510 quidem
531 470 611 499 habet
634 477 833 510 argumentum,
853 470 900 500 sed
923 472 1001 500 bene—

259 518 383 548 volentiae
393 517 502 546 obtentu
512 522 658 545 extremam
667 516 807 546 avaritiam
818 516 921 557 prodit.
931 517 1002 546 Per-

259 571 412 604 sequentes
425 565 655 593 retributionem.
668 563 829 593 Memoriam
840 563 1002 604 injuriarum

258 621 322 650 erga
335 611 459 640 inimicos
471 609 695 646 servantes-,mala
709 609 856 639 retribuere
870 617 1001 640 conantur

259 658 293 687 iis
306 658 391 697 quise
405 657 504 697 injuria
514 657 739 695 affecerunt,quae
746 663 786 686 est
792 656 884 696 ingens
893 656 1001 686 malitiae

258 705 359 746 species
373 717 380 734 ε
393 704 569 744 quamobrem
588 714 641 733 non
661 703 689 732 in
699 704 777 733 Novo
793 710 895 733 tantum
907 703 1001 732 Testa-

259 750 411 787 mento,sed
424 750 506 780 etiam
519 749 547 779 in
559 749 664 786 Veteri,
682 759 777 789 magno
790 748 880 778 studio
892 759 1001 778 coerce-

106 800 245 829 Zac'1-7·¹0·
258 804 312 827 tur.
330 797 481 826 Malitiam
489 796 573 832 enim,
589 796 688 834 inquit,
703 795 831 834 proximi
841 796 887 824 sui
907 804 942 824 ne
961 805 1002 824 re-

260 849 342 873 vocet
355 845 479 883 quisque
501 849 633 872 vestrum
654 843 687 870 in
705 841 793 871 corde
812 851 877 871 suo.
897 841 939 871 Ab
950 841 1002 871 hoc

258 890 331 919 enim
345 890 470 929 nequitiae
491 899 585 929 genere
599 899 700 929 purum
714 898 771 918 esse
789 894 892 928 oportet
913 898 1001 928 popu-

259 935 329 973 lum,
343 935 482 974 multoque
495 934 581 973 magis
601 933 762 974 principem,
775 934 823 973 qui
843 933 958 963 subditis
974 933 1002 962 in

255 982 360 1023 judicio
374 983 520 1022 praecipere
532 981 622 1016 debet,
635 987 664 1010 ut
677 987 778 1020 ponant
791 979 956 1017 inimicitias,
969 990 1003 1009 ne

259 1035 352 1069 portus
368 1028 396 1057 in
408 1028 552 1068 scopulum
561 1033 691 1057 vertatur.
706 1026 836 1066 Pupillis
857 1037 916 1055 non
924 1027 1004 1066 judi-

259 1082 370 1105 cantes.
385 1074 419 1105 ld
433 1081 483 1111 est,
497 1074 531 1103 iis
542 1083 595 1102 non
609 1072 815 1113 patrocinantes,
827 1079 857 1102 ut
866 1074 912 1112 jus
925 1083 1005 1103 suum

259 1122 406 1152 obtineant.
422 1121 582 1162 Etjudicio
594 1120 756 1149 viduarum
775 1130 836 1148 non
851 1120 1004 1149 attenden-

108 1179 158 1200 Non
184 1178 251 1199 modo
262 1175 313 1198 tes.
326 1167 546 1202 Observandum,
563 1176 616 1196 non
632 1165 713 1195 modo
728 1165 829 1195 malum
842 1173 1004 1205 perpetrare,

108 1210 192 1232 “¹³¹¹'m
262 1215 308 1245 sed
323 1216 403 1245 etiam
420 1215 522 1244 honum
533 1224 586 1243 non
603 1223 692 1252 agere,
708 1211 814 1241 crimini
828 1211 898 1249 dari,
910 1223 1005 1251 quem-

108 1245 236 1270 perpetrare
245 1256 251 1266 ,
455 1262 460 1267 ,
532 1261 537 1267 ,
999 1259 1005 1265 .

109 1273 148 1294 sea
186 1274 253 1294 cuam
262 1262 409 1292 admodum
426 1268 506 1291 etiam
531 1271 558 1290 in
576 1260 655 1290 Novo
678 1259 857 1288 Testamenta.
872 1260 942 1289 Nam
958 1270 1006 1298 qui

109 1305 192 1325 ¹¹⁰¹¹ffl¹¹
209 1311 251 1340 ¹³⁰5·
262 1309 423 1338 esurientem
436 1318 489 1337 non
502 1307 590 1344 alunt,
605 1316 658 1336 non
672 1305 736 1345 quia
747 1304 833 1335 aliena
846 1312 1003 1345 rapuerunt,
1023 1325 1042 1348 D

108 1343 172 1387 ,¹153
177 1343 253 1388 aaffi
262 1356 309 1386 sed
326 1356 390 1395 quia
412 1366 461 1385 sua
476 1354 566 1394 egenis
591 1363 644 1382 non
664 1359 819 1392 erogat-unt,
835 1354 863 1382 in
882 1353 1006 1392 gehenna

108 1397 195 1419 M¹¹'¹'¹·
210 1397 250 1419 ²⁵·
261 1402 351 1442 ignem
375 1401 522 1431 mittuntur
538 1402 599 1430 :sic
623 1399 708 1438 igitur
733 1398 764 1428 hi
788 1409 860 1428 nunc
880 1399 1006 1429 incusan-

108 1429 148 1457 ω’
261 1456 317 1485 tur,
341 1458 394 1477 non
417 1446 491 1486 quod
511 1446 607 1476 alienis
621 1445 700 1474 bonis
719 1444 834 1482 inhient,
854 1455 908 1474 non
933 1446 1008 1485 quod

262 1494 361 1535 injuste
380 1493 500 1534 potentia
525 1498 646 1528 utantur,
674 1490 721 1520 scd
740 1491 815 1530 quod
837 1491 928 1531 egenis
945 1492 1006 1522 offi-

265 1542 366 1570 ciosam
389 1550 499 1570 manum
521 1549 575 1568 non
599 1538 721 1568 tendant.
737 1539 786 1570 24.
814 1539 937 1578 Propter
953 1540 1009 1569 Ιιοο

263 1589 325 1618 haec
339 1588 410 1616 dicit
426 1588 605 1616 Dominator
620 1586 765 1615 Dominus
782 1585 943 1623 Sabbaoth,
954 1596 1007 1625 po-

264 1642 328 1664 tens
341 1634 437 1665 Israb'l
445 1645 454 1661 :
464 1632 494 1662 id
506 1639 556 1669 est,
571 1631 678 1673 populi.
693 1632 755 1662 Non
766 1631 823 1660 sine
834 1642 913 1661 causa
924 1632 1006 1669 illud,

262 1683 384 1718 Potens,
399 1679 501 1721 posuit,
517 1679 565 1709 sed
586 1679 614 1708 in
633 1677 790 1708 memoriam
811 1689 939 1709 revocans
953 1679 1009 1709 illis

261 1737 303 1764 ea,
319 1737 379 1766 quae
399 1732 496 1767 praeter
507 1736 582 1765 spem
599 1723 757 1763 consequuti
779 1730 852 1762 sunt,
866 1725 1006 1762 beneficia,

261 1783 422 1812 gravesque,
442 1782 508 1811 quas
532 1771 603 1811 passi
625 1777 696 1807 sunt,
720 1780 823 1811 poenas.
845 1771 917 1808 Quia
937 1772 1007 1800 enim

261 1831 324 1849 cum
344 1830 414 1859 saepe
431 1826 458 1848 et
478 1818 563 1848 multa
583 1825 745 1858 peccassent,
768 1825 794 1847 et
814 1827 938 1857 magnam
959 1818 1008 1848 Dei

261 1866 417 1906 patientiam
431 1864 536 1905 experti
549 1871 646 1901 essent,
655 1864 683 1893 in
696 1864 832 1903 ignaviam
845 1864 1007 1902 inciderunt,

262 1912 292 1941 id
302 1918 371 1941 certe
383 1912 444 1941 vult
452 1911 599 1947 declarare,
609 1909 684 1948 quod
692 1909 818 1940 videlicet
824 1911 920 1950 possit,
929 1921 1010 1950 quan-

262 1958 298 1987 do
322 1957 393 1994 vult,
422 1956 569 1986 vindictam
596 1966 712 1993 sumere,
740 1957 797 1985 sine
824 1956 880 1985 ulla
906 1964 1010 1987 servata

262 2003 390 2043 temporis
403 2003 447 2033 vel
467 2002 676 2042 opportunitatis
690 2003 838 2040 occasione,
853 2003 901 2032 sed
921 2005 1011 2034 omnia

263 2050 315 2078 sibi
329 2043 434 2089 semper
447 2055 540 2088 parata
554 2055 580 2077 et
598 2048 633 2077 ad
655 2058 765 2077 manum
785 2059 852 2078 esse.
867 2049 1011 2090 Voesortt'-

264 2096 317 2124 bus
329 2095 425 2124 Israk‘l
438 2105 445 2122 ε
461 2104 520 2123 non
530 2095 607 2123 enim
617 2095 739 2123 cessabit
738 2095 833 2136 furor·
842 2106 923 2125 meus
934 2106 1006 2125 con-

265 2149 312 2171 tra
325 2142 458 2171 inimicos
473 2150 560 2169 meos.
577 2139 653 2178 Quid
670 2140 741 2170 enim
755 2141 880 2171 miserius
903 2142 948 2180 iis,
963 2142 1011 2182 qui

265 2189 355 2218 Deum
376 2188 476 2217 hahent
492 2187 651 2216 inimicum?
666 2188 735 2216 Non
753 2189 889 2224 cessabit,
910 2189 1009 2228 inquit,

265 2245 317 2264 non
332 2241 363 2264 ut
375 2234 402 2263 in
413 2233 624 2273 desperationem
635 2233 769 2273 conjiciat,
784 2233 831 2263 sed
845 2242 874 2264 ut
887 2234 1010 2265 timorem

266 2291 366 2321 augens
376 2280 410 2310 ad
419 2279 603 2320 poenitentiam
613 2286 698 2309 vocet.
713 2279 786 2310 Nam
797 2280 856 2316 illo,
868 2282 898 2313 N
900 2292 938 2311 on
948 2292 1009 2311 ces-

266 2327 447 2368 sabitfuror,
464 2326 612 2356 terribilius
631 2333 670 2356 est
695 2326 777 2365 illud,
795 2328 905 2358 Contra
918 2331 1013 2358 inimi-

267 2386 316 2405 cos
326 2385 414 2405 meos.
429 2373 507 2404 Nihil
519 2372 591 2402 enim
605 2372 641 2401 ita
655 2374 743 2402 Deum
753 2373 788 2403 ad
801 2374 869 2404 iram
880 2376 1013 2406 concitare

267 2422 346 2459 solet,
372 2428 403 2451 ut
426 2419 527 2460 injuria
550 2419 715 2459 pauperibus
740 2420 818 2451 facta.
847 2423 899 2451 Voe
922 2429 1012 2452 autem

259 2470 394 2511 sortibus
408 2466 525 2503 dicebat,
538 2474 592 2496 non
606 2465 680 2503 quod
693 2467 851 2506 potentiam,
868 2468 914 2498 sed
936 2469 1011 2508 quod

303 2561 317 2580 ¹¹
334 2560 469 2585 Bavaricus
481 2561 670 2594 φιλοχρηματίας.

302 2607 313 2618 0
331 2600 372 2625 Sic
384 2599 527 2624 Bavaricus.
540 2595 720 2631 [Omittehatur
734 2601 777 2632 γὰρ
790 2601 865 2624 πολλὰ
878 2600 935 2631 καί]

1056 287 1192 324 κλέπταις,
1209 288 1277 318 ἀλλὰ
1288 288 1333 318 καὶ
1346 288 1569 329 συμπράττουσιν,
1583 290 1614 318 ἐκ
1628 289 1769 329 διαμέτρου
1779 291 1826 325 τῆς

1055 334 1240 373 προσηκούσης
1261 337 1356 375 ἀρετῆς
1376 335 1485 375 ἄρχοντι
1498 335 1547 371 τὴν
1564 335 1659 365 κακίαν
1681 334 1823 374 μετιόντες.

1056 379 1220 419 Ἀγαπῶντες
1234 381 1314 420 δῶρα.
1326 381 1439 422 Ἕτερον
1452 380 1465 398 ¹²
1476 381 1647 422 φιλοχρυσίας
1659 376 1726 414 εἶδος
1744 382 1825 421 χαλε-

1055 425 1114 463 πὸν,
1126 427 1296 467 εὐπρόσωπον
1310 427 1358 467 μὲν
1375 427 1499 458 ὑπόθεσιν
1518 427 1594 468 ἔχον,
1609 428 1636 456 ἐν
1649 426 1824 467 προσχήματι

1056 470 1083 501 δὲ
1097 472 1288 512 φιλοφροσύνης
1301 473 1348 510 τὴν
1360 474 1476 514 ἐσχάτην
1488 473 1638 507 πλεονεξίαν
1646 472 1825 512 ἐπιδεικνύμε-

1054 529 1107 547 νον.
1133 518 1278 552 Διώκοντες
1305 519 1486 558 ἀνταπόδομα.
1514 521 1747 555 Μνησικακοῧντες
1771 523 1826 552 τοῖς

1055 565 1167 604 ἐχθροῖς,
1174 566 1365 595 ἀνταποδοῦναι
1377 565 1566 600 σπουδάζοντες
1573 569 1626 599 τοῖς
1638 564 1826 601 λελυπηκόσιν,

1055 610 1120 651 ὅπερ
1134 611 1258 651 μέγιστον
1271 613 1366 646 κακίας
1383 608 1457 646 εἶδος.
1471 614 1513 642 Δι’
1535 612 1550 642 ὃ
1569 614 1616 642 οὐκ
1635 613 1662 641 ἐν
1683 613 1717 651 τῇ
1739 612 1825 650 Καινῇ

1056 657 1145 695 μόνον,
1161 658 1230 687 ἀλλὰ
1243 658 1287 688 καὶ
1301 659 1329 688 ἐν
1344 661 1378 700 τῇ
1391 660 1501 699 Παλαιᾷ
1516 658 1583 699 μετὰ
1600 659 1700 694 πολλῆς
1711 657 1827 698 εἴργεται

1055 706 1102 739 τῆς
1113 705 1236 740 σπουδῆς.
1252 705 1355 734 Κακίαν
1369 705 1420 745 γὰρ
1434 705 1555 742 ἕκαστος,
1567 705 1642 746 φησὶ,
1655 708 1700 734 τοῦ
1713 704 1827 740 πλησίον

1056 751 1135 780 αὐτοῦ
1152 750 1188 789 μὴ
1205 756 1392 789 μνησικακεῖτε
1407 752 1434 781 ἐν
1455 756 1512 785 ταῖς
1529 751 1648 791 καρδίαις
1662 752 1748 790 ὑμῶν.
1761 750 1826 780 Μά-

1055 797 1133 826 λιστα
1148 796 1194 835 μὲν
1209 797 1260 837 γὰρ
1281 797 1325 827 καὶ
1346 798 1377 827 τὸ
1396 798 1552 837 δημοτικὸν,
1567 799 1658 838 πολλῷ
1679 797 1706 826 δὲ
1727 797 1826 836 μᾶλλον

1021 848 1039 873 C
1056 841 1100 871 τὸν
1111 842 1227 882 ἄρχοντα
1234 843 1332 879 ταύτης
1343 845 1382 873 δεῖ
1394 844 1546 885 καθαρεύειν
1553 846 1601 880 τῆς
1612 843 1715 879 κακίας,
1725 843 1826 873 καὶτοῦ

1056 888 1120 928 πρὸς
1142 889 1284 929 ἀπέχθειαν
1305 889 1463 930 ψηφίζεσθαι
1484 894 1539 924 τοῖς
1556 889 1718 930 κρινομένοις
1737 890 1827 925 ἀπηλ-

1055 935 1162 974 λάχθαι,
1174 934 1217 965 ἵνα
1230 936 1267 974 μὴ
1282 938 1296 965 ὁ
1312 936 1394 975 λιμὴν
1410 937 1537 970 σκόπελος
1550 937 1667 976 γένηται.
1685 937 1828 976 Ὀρφανοῖς

1057 982 1086 1010 οὗ
1098 981 1238 1022 κρίνοντες.
1252 983 1277 1011 Τ
1278 982 1405 1018 ουτέστιν,
1418 984 1447 1012 οὗ
1456 982 1655 1022 προϊστάμενοι,
1669 983 1704 1016 ὡς
1717 982 1762 1012 καὶ
1773 983 1826 1011 τῶν

1058 1027 1165 1056 δικαίων
1186 1032 1284 1067 τυχεῖν.
1305 1028 1359 1058 Καὶ
1379 1028 1464 1068 κρίσει
1482 1030 1573 1069 χηρῶν
1588 1029 1618 1057 οὗ
1641 1028 1825 1068 προσέχοντες.

1057 1072 1265 1113 Παρατηρητέον
1279 1073 1320 1103 ὅτι
1333 1076 1362 1104 οὐ
1377 1074 1407 1104 τὸ
1426 1079 1593 1111 κακοποιεῖν,
1610 1075 1669 1104 ἀλλ’
1683 1074 1723 1104 ὅτι
1739 1074 1784 1103 καὶ
1797 1074 1827 1103 τὸ

1059 1119 1155 1159 ἀγαθὸν
1169 1119 1206 1159 μὴ
1220 1120 1375 1160 ἐργάζεσθαι
1388 1123 1414 1150 ἐν
1428 1121 1500 1155 τάξει
1518 1126 1604 1151 κεῖται
1618 1120 1758 1160 πονηρίας,
1774 1132 1826 1150 κα-

1060 1165 1142 1206 θάπερ
1156 1161 1201 1196 οῧν
1212 1167 1257 1197 καὶ
1267 1169 1294 1196 ἐν
1305 1170 1338 1207 τῇ
1351 1169 1448 1208 Καινῇ.
1461 1170 1496 1198 Οἱ
1509 1168 1560 1208 γὰρ
1575 1169 1705 1198 πεινῶντα
1720 1167 1757 1207 μὴ
1769 1166 1828 1207 θρέ-

1059 1213 1169 1252 ψαντες,
1189 1213 1291 1254 οὖχΰὸτι
1310 1213 1344 1242 τὰ
1364 1214 1491 1254 ἀλλότρια
1508 1214 1643 1254 ἥρπασαν,
1667 1215 1725 1243 ἀλλ’
1741 1214 1780 1243 ὅτι
1794 1213 1828 1242 τὰ

1059 1260 1145 1288 αὐτῶν
1157 1261 1186 1289 οὐ
1200 1259 1350 1299 προήκαντο
1363 1264 1418 1294 τοῖς
1432 1260 1577 1299 δεομένοις,
1597 1262 1634 1293 εἷς
1644 1260 1674 1289 τὸ
1693 1261 1741 1295 τῆς
1753 1259 1826 1299 γεέν-

1059 1317 1104 1342 νης
1118 1305 1268 1344 πέμπονται
1280 1306 1454 1347 πῦρ-,ὥσπερ
1469 1303 1512 1336 οῧν
1531 1306 1576 1336 καὶ
1595 1302 1666 1336 οὗτοι
1686 1308 1730 1335 νῦν
1747 1307 1828 1346 ἐγκα-

1058 1353 1181 1388 λοῦνται,
1201 1355 1251 1393 οὔχ
1264 1354 1303 1383 ὅτι
1321 1354 1520 1386 πλεονεκτοῦσιν
1529 1374 1537 1388 ,
1548 1354 1602 1382 οὐδ’
1623 1352 1663 1382 ὅτι
1677 1353 1827 1382 καταδυνα-

1059 1399 1209 1436 στεύουσιν,
1231 1401 1289 1429 ἀλλ’
1309 1400 1350 1429 ὅτι
1372 1399 1417 1429 καὶ
1440 1404 1494 1433 τοῖς
1519 1398 1648 1438 δεομένοις
1670 1400 1717 1434 τῆς
1741 1399 1827 1427 αὐτῶν

1060 1445 1179 1485 βοηθείας
1195 1447 1242 1476 οὐκ
1253 1445 1373 1486 ὀρέγουσι
1389 1450 1475 1486 χεῖρα.
1491 1444 1543 1475 Διὰ
1556 1448 1633 1475 τοῦτο
1647 1445 1710 1474 τάδε
1727 1444 1800 1484 λέγει
1813 1448 1827 1475 ὁ

1059 1493 1197 1527 Δεσπότης
1210 1492 1306 1532 Κύριος
1315 1491 1458 1528 Σαὸὅαὼθ,
1473 1494 1486 1521 ὁ
1500 1492 1629 1528 δυνάστης
1640 1494 1685 1524 τοῦ
1700 1491 1810 1531 Ἰσραήλ
1821 1503 1827 1509 ·

1059 1536 1190 1574 τουτέστι,
1202 1539 1247 1566 τοῦ
1259 1538 1333 1566 λαοῦ.
1347 1537 1409 1577 Οὐχ
1422 1538 1512 1570 ἁπλῶς
1523 1536 1551 1567 δὲ
1567 1537 1692 1572 τέθεικεν,
1702 1538 1736 1567 Ὁ
1748 1537 1826 1566 δυνά-

1059 1576 1134 1618 στης,
1148 1583 1216 1613 ἀλλὰ
1230 1583 1437 1622 ἀναμιμνήσκων
1460 1583 1552 1619 αὐτοὺς
1567 1583 1612 1613 καὶ
1633 1586 1686 1612 τῶν
1706 1585 1769 1622 παρ’
1785 1583 1828 1611 ἐλ-

1059 1629 1138 1664 πίδας
1160 1630 1313 1670 εὐεργεσιῶν
1326 1653 1334 1668 ,
1359 1630 1405 1659 καὶ
1425 1631 1477 1659 τῶν
1497 1632 1623 1670 χαλεπῶν
1646 1629 1780 1659 κολάσεων
1798 1629 1829 1662 ἃς

1060 1675 1211 1714 ὑπέμειναν.
1227 1679 1238 1692 '³
1250 1676 1360 1712 Ἐπειδὴ
1374 1676 1425 1716 γὰρ
1439 1676 1525 1706 πολλὰ
1539 1676 1585 1705 καὶ
1598 1675 1725 1708 πολλάκις
1739 1676 1827 1715 ἆμαρ-

1061 1721 1189 1759 τάνοντες,
1202 1722 1247 1752 καὶ
1255 1723 1356 1758 πολλῆς
1375 1722 1550 1756 ἀπολαύοντες
1563 1724 1611 1758 τῆς
1633 1721 1829 1762 μακροθυμίας,

1062 1769 1099 1802 εἷς
1116 1768 1244 1809 ρᾳθυμίαν
1262 1768 1370 1798 ἔπιπτον
1381 1790 1389 1803 ,
1409 1771 1486 1798 τοῦτο
1506 1768 1667 1803 ἐνδείξασθαι
1691 1768 1829 1807 βούλεται,

1062 1815 1103 1845 ὅτι
1127 1814 1233 1845 δυνατὸν
1257 1814 1300 1844 ὅτε
1324 1814 1446 1854 βούλεται
1468 1814 1629 1850 ἐπεξελθεῖν,
1644 1814 1689 1843 καὶ
1702 1816 1731 1844 οὔ
1747 1815 1829 1843 δεῖται

1028 1877 1046 1900 E
1062 1864 1175 1902 καιρῶν,
1188 1861 1247 1891 οὐδὲ
1262 1860 1378 1901 χρόνων,
1396 1861 1455 1890 ἀλλ’
1471 1861 1564 1900 ἕτοιμα
1587 1862 1659 1901 αὐτῷ
1677 1860 1765 1889 πάντα
1785 1860 1830 1889 καὶ

1062 1908 1307 1949 παρεσκευασμένα.
1320 1907 1390 1938 Οὐαὶ
1405 1911 1459 1940 τοῖς
1472 1906 1606 1947 ἰσχύουσιν
1620 1908 1646 1936 ἓν
1661 1906 1785 1947 Ἰσραήλ·
1800 1908 1829 1936 οὐ

1062 1954 1191 1984 παύσεται
1203 1953 1254 1994 γάρ
1269 1965 1319 1993 μου
1339 1955 1354 1983 ὁ
1371 1953 1452 1992 θυμὸς
1473 1954 1499 1982 ἐν
1520 1957 1574 1986 τοῖς
1594 1952 1756 1987 ὑπεναντίοις
1769 1965 1829 1992 μου.

1063 2001 1099 2031 Τί
1112 2001 1163 2042 γὰρ
1177 2000 1332 2041 ἀθλιώτερον
1347 2002 1399 2030 τῶν
1413 2000 1456 2030 τὸν
1469 2000 1539 2030 Θεὸν
1559 2000 1685 2039 πολέμιον
1700 2000 1829 2040 ἐχόντων;

1063 2048 1103 2077 Οὔ
1112 2047 1241 2076 παύσεται
1256 2046 1283 2076 δὲ
1298 2046 1399 2086 ἔλεγεν,
1422 2047 1473 2086 οὐχ
1496 2046 1539 2076 ἵνα
1561 2048 1598 2080 εἷς
1622 2046 1771 2086 ἀπόγνωσιν
1783 2047 1831 2084 ἐμ-

1062 2093 1161 2134 ὅοὶλλῃ,
1176 2093 1234 2122 ἀλλ’
1248 2091 1292 2122 ἵνα
1304 2092 1418 2128 αὐξήσας
1428 2092 1472 2122 τὸν
1486 2092 1565 2132 φόὸον
1581 2094 1617 2126 εἷς
1629 2092 1768 2131 μετάνοιαν
1780 2104 1828 2122 κα-

1030 2151 1049 2172 A
1063 2141 1138 2181 λε’σῃ.
1151 2139 1228 2170 ιιΤοῦ
1237 2139 1302 2180 γὰρ,
1317 2140 1357 2168 Οὐ
1371 2138 1503 2168 παύσεται
1516 2141 1530 2168 ὁ
1543 2139 1637 2177 θυμὸς,
1651 2138 1830 2179 φοὸερώτερον

1064 2188 1111 2225 τὸ,
1129 2187 1176 2218 Ἔν
1198 2190 1251 2220 τοῖς
1264 2185 1426 2220 ὑπεναντίοις
1448 2197 1507 2225 μου.
1525 2185 1610 2215 Οὐδὲν
1630 2186 1681 2226 γὰρ
1705 2185 1774 2215 οὕτω
1787 2186 1831 2215 τὸν

1064 2234 1133 2265 Θεὸν
1154 2232 1306 2274 παροξύνειν
1328 2232 1433 2268 εἴωθεν,
1449 2234 1485 2266 ὡς
1504 2234 1521 2268 ἡ
1544 2232 1613 2262 κατὰ
1635 2234 1687 2261 τῶν
1711 2232 1832 2268 πενήτων

1065 2280 1154 2310 ἀδικία
1173 2281 1232 2309 κατ’
1248 2278 1340 2312 αὐτοὺς
1361 2278 1495 2318 γινομένη.
1512 2279 1582 2308 Οὖαὶ
1601 2278 1628 2308 δὲ
1643 2282 1698 2312 τοῖς
1711 2278 1833 2319 ἰσχύουσι

1064 2327 1162 2366 ἔλεγεν,
1173 2327 1223 2366 οὐχ
1235 2326 1324 2359 ἅπλῶς
1335 2325 1383 2362 τὴν
1402 2325 1511 2364 δύναμιν
1527 2325 1675 2354 διαὸάλλων
1683 2346 1691 2360 ,
1703 2325 1772 2355 ἀλλὰ
1785 2324 1833 2361 τὴν

1065 2373 1109 2403 ἐπὶ
1119 2375 1193 2413 κακῷ
1207 2372 1325 2412 δύναμιν.
1341 2372 1431 2412 Ἰσχὺν
1445 2373 1473 2401 δὲ
1489 2373 1601 2403 ἐνταῦθα
1617 2375 1645 2403 οὒ
1659 2373 1708 2409 τὴν
1721 2375 1766 2402 τοῦ
1781 2371 1833 2401 σώ-

1066 2420 1147 2460 ματός
1166 2430 1254 2460 φησιν,
1269 2418 1336 2449 ἀλλὰ
1352 2418 1400 2454 τὴν
1415 2417 1467 2447 ἀπὸ
1478 2421 1525 2455 τῆς
1542 2421 1594 2448 τῶν
1607 2419 1771 2460 πραγμάτων
1782 2430 1830 2447 πε-

1067 2468 1174 2509 ριὸολῆς
1204 2465 1364 2496 δυναστείαν.
1391 2465 1445 2494 Καὶ
1476 2465 1562 2506 κρίσιν
1595 2465 1699 2501 ποιήσω
1724 2466 1754 2495 ἐκ
1781 2467 1832 2494 τῶν

1111 2561 1125 2579 d
1144 2565 1187 2587 Τοῦ
1197 2565 1241 2596 γὰρ
1248 2563 1272 2586 οὐ
1279 2562 1396 2587 παύσεται,
1406 2557 1552 2592 Legendum
1561 2564 1635 2591 putat
1643 2557 1741 2583 Alienus
1749 2564 1788 2586 τοῦ
1801 2561 1831 2584 δέ.

1083 2599 1151 2625 Infra
1166 2602 1217 2626 κατ’
1229 2601 1307 2628 αὐτούς
1318 2604 1375 2632 post
1384 2600 1457 2624 ἀδικία
1468 2597 1538 2623 deest
1549 2598 1575 2623 in
1587 2598 1716 2623 Bavarico.
