1890 2826
505 186 539 209 IN
566 185 664 209 innuo
680 200 690 216 ‚
710 184 742 207 ln
770 184 836 214 Qua
862 182 1072 216 ΡοΤΕεΤΑΤΕ,
1094 185 1169 208 ETc.

1553 173 1623 218 495

61 250 122 290 ἐμὲ,
138 247 216 287 ἀλλὰ,
229 247 286 284 Τὴν
302 246 375 282 δόξαν
395 258 460 286 μου·
473 248 503 276 οὔ
516 246 567 286 γὰρ
579 247 660 281 ἔστιν,
679 243 830 284 ὑπερὸάντα
846 246 864 269 Β
881 244 951 273 enim
967 245 1029 274 licet
1039 267 1046 281 ‚
1062 246 1301 285 praetergrediendo
1323 245 1454 286 gloriam,
1480 246 1622 276 essentiam

60 296 107 332 τὴν
126 294 211 330 δόξαν,
233 292 324 323 οὗσίαν
337 294 432 332 εὑρεῖν.
450 293 567 328 Μωϋσῆς
589 291 663 321 οὐδὲν
677 285 735 330 εἶρε
749 289 828 319 πλέον

59 339 135 376 δόξης
146 362 154 377 ,
175 339 220 369 καὶ
239 338 339 375 ταύτην
350 340 401 368 οὐκ
414 332 481 368 εἶδεν
496 339 533 371 εἰς
544 336 699 376 ὁλόκληρον,
714 335 783 364 ἀλλὰ
795 335 829 364 τὰ

56 388 127 416 νῶτα
136 397 144 405 ·
160 387 208 415 οὒκ
220 384 311 420 ἐπειδὴ
324 384 416 418 νώτοις
429 383 474 414 καὶ
483 383 591 419 στήθεσι
605 382 797 422 διαγέγραπται
810 383 827 417 ἡ

56 431 114 462 θεία
127 431 216 472 φύσις·
231 432 303 466 ἄπλῆ
313 430 364 471 γάρ
376 431 433 460 ἔστι
446 430 491 460 καὶ
501 429 652 462 ἀσύνθετος·
663 429 722 458 ἀλλ’
735 427 826 464 ἐπειδὴ

55 481 70 508 ὁ
84 478 153 511 Θεὸς
166 478 259 507 ἑαυτὸν
268 477 337 507 οὕτω
344 476 478 516 γνωρίζει,
491 477 521 505 οὐ
535 475 605 506 κατὰ
615 474 664 510 τὴν
677 475 750 514 αὐτῷ
763 473 827 514 πρέ-

55 536 157 554 πουσαν
170 523 254 560 ἀξίαν,
269 522 338 553 ἀλλὰ
351 522 420 551 κατὰ
433 522 482 558 τὴν
494 522 603 561 δύναμιν
614 523 666 551 τῶν
677 520 826 560 μελλόντων

56 569 198 599 ἀπολαύειν
212 572 259 605 τῆς
273 569 366 609 ὄψεως.
380 569 498 603 Μωϋσῆς
513 568 588 602 δόξαν
599 567 706 607 ἔφθασε,
725 565 770 595 καὶ
778 565 827 602 τὴν

55 615 130 650 δόξαν
149 616 200 655 οὐχ
219 615 345 655 ὖπερέόη.
367 614 421 644 Καὶ
443 615 489 651 σὺ,
512 614 626 655 αἱρετικὲ
639 636 647 650 ,
674 613 721 649 τὴν
750 612 826 646 δόξαν

54 660 188 701 ὖπερὸὰς,
213 660 303 690 οὐσίαν
327 662 397 690 Θεοῦ
421 662 663 699 πολυπραγμονεῖς;
686 658 826 697 Ἔλθωμεν
854 698 855 701 ¹

54 706 100 735 καὶ
114 707 158 735 ἐπὶ
170 706 216 736 τὸν
229 707 358 747 μακάριον
376 707 495 736 Παῦλον.
511 707 617 739 Παῦλος
630 706 657 735 ἐν
671 707 705 745 τῇ
716 705 763 745 νέᾳ
775 716 826 734 κα-

54 752 196 787 ταστάσει,
217 752 332 793 ἐγκύψας
356 756 475 792 μερικαῖς
498 763 567 793 τισιν
594 750 754 790 οἰκονομίαις
780 753 825 780 τοῦ

54 799 141 834 Θεοῦ,
163 797 208 827 καὶ
231 798 321 838 ὥσπερ
344 798 492 838 ἰλιγγιάσας
506 797 540 826 τὰ
554 796 622 836 βάθη
646 799 693 832 τῆς
714 796 824 832 ἐννοίας,

53 844 101 879 τὴν
123 844 241 884 μεγάλην
262 845 364 881 ἐκείνην
383 844 428 874 καὶ
441 843 591 879 ἐκπλήξεως
610 842 743 883 γέμουσαν
764 845 826 873 ἀνε-

54 890 134 927 δόησε
148 890 246 931 φωνὴν,
258 886 310 920 ὧδέ
329 902 368 926 πη
390 889 488 929 λέγων·
501 884 539 919 Ὧ
555 889 632 928 βάθος
646 888 761 918 πλούτου
782 900 826 918 σο-

54 936 114 976 φίας
125 936 170 966 καὶ
180 935 301 975 γνώσεως
314 937 384 966 Θεοῦ
392 958 400 971 ,
415 937 451 969 ὣς
465 934 652 975 ἀνεξερεύνητα
660 934 694 964 τὰ
708 934 826 974 κρίματα

55 983 134 1011 αὐτοῦ
142 1004 151 1018 ,
163 981 208 1012 καὶ
221 981 413 1022 ἀνεξιχνίαστοι
425 983 452 1011 αἱ
463 981 518 1010 ὁδοὶ
533 982 621 1010 αὐτοῦ.
636 979 685 1013 Τίς
696 980 747 1019 γὰρ
760 980 827 1019 ἔγνω

52 1031 112 1057 νοῦν
130 1027 243 1068 Κυρίους
261 1027 279 1063 ἢ
298 1028 338 1061 τίς
351 1027 499 1067 σύμὸουλος
513 1028 592 1056 αὐτοῦ
608 1026 726 1066 ἐγένετο;
748 1026 765 1061 ἢ
787 1026 827 1059 τίς

52 1074 199 1114 προέδωκεν
221 1075 293 1114 αὐτῷ
302 1097 310 1110 ,
334 1073 380 1102 καὶ
403 1072 643 1108 ἀνταποδοθήσεται
669 1074 740 1112 αὐτῷ
748 1083 756 1110 ;
772 1071 826 1101 Καὶ

52 1119 83 1148 τὸ
96 1121 171 1154 τέλος
184 1122 230 1150 τοῦ
251 1119 329 1158 λόγου
340 1131 346 1137 ·
366 1118 430 1148 “On
443 1118 471 1152 ἐξ
484 1120 564 1147 αὐτοῦ
578 1117 623 1147 καὶ
638 1118 670 1146 δι’
687 1119 766 1147 αὐτοῦ
781 1118 826 1147 καὶ

9 1175 13 1181 ·
53 1167 90 1199 εἷς
103 1166 182 1195 αὐτὸν
202 1165 236 1195 τὰ
252 1165 354 1194 πάντα·
379 1165 449 1204 αὐτῷ
463 1166 480 1200 ἦ
495 1163 557 1198 δόξα
581 1165 617 1197 εἷς
641 1163 700 1197 τοὺς
722 1165 825 1198 αἰῶνας.

52 1212 134 1252 Ὁρᾷς
154 1212 194 1241 ὅτι
215 1213 251 1245 εἷς
272 1212 320 1248 τὴν
343 1210 418 1244 δόξαν
439 1210 520 1240 ἐλθὼν
541 1213 586 1239 τοῦ
607 1211 693 1245 Θεοῦ,
708 1210 752 1239 τὸν
766 1210 825 1250 ὅρον

881 290 1008 329 reperire.
1027 293 1135 331 Moyses
1147 292 1216 321 nihil
1229 293 1289 332 plus
1316 303 1397 331 quam
1423 292 1537 331 gloriam
1550 292 1622 320 inve-

881 336 937 373 nit,
952 346 1038 375 neque
1061 338 1137 367 illam
1156 345 1238 368 totam
1253 339 1340 375 vidit,
1356 338 1403 368 sed
1427 338 1537 367 dorsum
1549 350 1557 366 ι
1569 348 1621 366 non

879 381 954 421 quod
967 382 1047 412 dorso
1057 390 1084 412 et
1094 391 1200 424 pectore
1213 381 1343 414 delineata
1357 386 1393 414 sit
1403 383 1496 414 divina
1508 389 1600 412 natura
1611 395 1618 411 .-

858 444 860 446 ·
879 427 995 467 simplex
1008 428 1079 457 enim
1092 436 1131 458 est
1151 436 1176 459 et
1191 430 1386 470 incomposita;
1402 428 1447 459 sed
1469 428 1533 467 quia
1546 428 1622 457 Deus

877 474 917 503 sic
929 484 957 503 se
969 475 1182 514 cognoscendum
1205 476 1320 515 praebet‚
1334 486 1387 504 non
1408 474 1555 505 secundum
1569 474 1621 504 sibi

877 527 1067 560 congruentem
1086 520 1256 561 dignitatem,
1270 521 1317 550 sed
1338 521 1486 550 secundum
1509 521 1620 550 faculta-

877 572 929 595 tem
944 576 1053 602 eorum,
1071 567 1119 606 qui
1147 567 1236 606 ipsum
1251 567 1337 596 visuri
1356 574 1429 596 sunt.
1455 568 1564 606 Moyses
1586 565 1622 595 ad

876 614 990 653 gloriam
1002 614 1119 654 pertigit,
1132 621 1158 644 et
1172 614 1285 654 gloriam
1296 625 1349 643 non
1363 624 1550 654 supergressus
1560 620 1599 643 est
1612 626 1617 642 :

875 667 903 693 at
915 667 954 696 tu,
966 660 1098 697 haeretice,
1110 661 1224 700 gloriam
1242 667 1432 700 transgressus,
1446 660 1619 689 substantiam

877 707 926 736 Dei
948 707 1054 736 curiose
1076 707 1224 736 scrutaris?
1239 707 1388 738 Veniamus
1404 713 1430 735 et
1453 705 1488 734 ad
1512 705 1619 735 beatum

841 753 861 777 C
876 753 1001 782 Paulum.
1017 753 1119 782 Paulus
1132 754 1159 782 in
1180 754 1258 783 Novo
1279 754 1460 787 Testamento,
1475 763 1536 782 cum
1557 763 1620 781 con-

879 796 1009 826 sideraret
1026 797 1203 837 particulares
1225 797 1355 836 quasdam
1372 797 1424 826 Dei
1443 796 1619 836 dispensatio-

876 854 933 881 nes,
948 843 1025 883 quasi
1038 844 1170 884 vertigine
1180 851 1274 884 captus
1290 843 1317 872 in
1331 842 1466 883 profundo
1478 843 1617 881 cogitatio-

875 889 929 925 nis,
941 896 1051 929 stupore
1073 889 1178 929 plenam
1193 900 1288 919 vocem
1310 888 1398 918 emisit
1414 888 1458 917 his
1470 888 1559 918 verbis
1573 901 1579 916 :
1595 890 1620 917 0
1629 901 1695 922 Rom.
1708 907 1742 923 Π,

875 936 1004 964 altitudo
1021 936 1192 965 divitiarum
1211 937 1362 974 sapientiae
1371 941 1399 963 et
1410 935 1538 964 scientia!
1549 935 1618 970 Dei,
1630 931 1742 955 33··-3⁶-

877 991 967 1020 quam
980 982 1287 1020 incomprehensibilia
1305 987 1373 1010 sunt
1379 982 1495 1021 judicia
1505 982 1578 1020 ejus,
1592 988 1620 1011 et

876 1027 1093 1067 investigabiles
1115 1029 1174 1056 vioe
1194 1025 1278 1067 ejus!
1292 1027 1363 1066 Quis
1387 1029 1463 1056 enim
1482 1030 1619 1067 cognovit

875 1083 990 1102 sensum
1013 1074 1155 1102 Domini?
1182 1080 1234 1103 aut
1258 1076 1324 1113 quis
1349 1074 1534 1103 consiliarius
1557 1076 1620 1113 ejus

874 1119 932 1157 fuit
940 1122 953 1147 Ρ
964 1126 1015 1148 αιιι
1028 1121 1093 1159 quis
1101 1121 1183 1159 prior
1192 1119 1273 1148 dedit
1284 1120 1342 1157 illi,
1353 1126 1380 1148 et
1391 1120 1565 1149 retribuetur
1573 1122 1599 1148 ei
1607 1123 1620 1147 ἕ)

875 1164 1005 1204 Finisque
1018 1166 1147 1194 sermonis
1159 1177 1166 1193 t
1180 1165 1328 1203 Quoniam
1341 1176 1378 1194 ea:
1391 1166 1452 1204 ipso
1461 1175 1514 1204 per
1527 1167 1620 1205 ipsum

875 1217 903 1239 et
916 1214 948 1240 in
966 1213 1028 1250 ipso
1049 1217 1117 1241 sunt
1135 1212 1234 1240 omnia
1247 1223 1253 1239 :
1267 1213 1323 1251 ipsi
1342 1211 1439 1251 gloria
1453 1215 1484 1240 in
1497 1213 1618 1241 saecula.

52 1260 102 1299 οὐχ
112 1258 246 1298 ὑπερίδῃ
259 1257 313 1288 Καὶ
326 1257 352 1286 τί
366 1257 426 1297 περὶ
445 1256 589 1296 ἀνθρώπων
602 1255 671 1296 λέγω
676 1267 686 1294 5
702 1256 826 1292 Ἀνάὸηθι
840 1256 860 1279 D
876 1257 1045 1288 Viden'eum
1066 1269 1128 1288 cum
1141 1257 1176 1287 ad
1195 1258 1308 1298 gloriam
1322 1257 1373 1287 Dei
1386 1257 1513 1295 venisset,
1528 1259 1620 1288 termi-

51 1305 116 1344 πρὸς
129 1305 162 1334 τὰ
175 1303 341 1344 ὓπερκόσμια
355 1305 388 1343 τῇ
407 1302 492 1343 ἐννοίᾳ
501 1314 507 1320 ·
523 1302 656 1342 ἐρώτησον
670 1302 731 1336 τοὺς
743 1304 820 1343 οὖρα-

52 1351 110 1384 νοὺς
123 1351 168 1382 καὶ
181 1350 240 1380 εἰπέ
249 1362 256 1369 ·
270 1349 296 1379 τί
308 1361 353 1389 μοι
362 1349 423 1390 περὶ
434 1351 505 1379 Θεοῦ
517 1348 687 1388 ἀναγγέλλειν
702 1349 821 1385 δύνασθε;

51 1396 154 1436 οὐρανοὶ
169 1395 331 1435 διηγήσασθέ
356 1407 400 1435 μοι
422 1394 541 1428 ποταπὸς
552 1396 566 1424 ὁ
581 1395 666 1431 Θεός;
692 1394 822 1435 ἀπαγγεί-

50 1442 114 1472 λατέ
128 1454 172 1481 μοι
191 1441 218 1471 τί
237 1443 307 1471 ἐστιν
328 1441 404 1481 οὐσίᾳ
418 1444 433 1471 ὁ
446 1440 531 1477 Θεός;
554 1440 624 1470 Ἀλλ’
647 1442 695 1470 οὐκ
711 1441 824 1481 ἀποκρί-

51 1500 139 1518 νονται
154 1490 178 1517 οἱ
191 1487 313 1528 οὐρανοὶ,
334 1488 395 1528 περὶ
414 1490 467 1517 τῶν
489 1487 624 1516 ἀδυνάτων
645 1487 821 1526 ἐρωτώμενοι.

51 1533 130 1564 Ἀλλὰ
140 1533 191 1564 κᾶν
202 1536 286 1562 ταῦτα
297 1534 436 1573 τολμηρῶς
447 1532 617 1572 ἐπερωτήσῃς
625 1554 633 1568 ,
648 1532 822 1572 ἀποκριθήσε-

50 1592 95 1609 ται
109 1579 152 1609 Bt&
163 1582 208 1608 τοῦ
225 1579 372 1618 Θαυμασίου
391 1578 520 1618 Ἱερεμίου
544 1578 574 1607 τὸ
596 1581 664 1607 θεῖον
678 1579 761 1607 ἐκεῖνο
774 1578 822 1607 λό-

50 1637 105 1664 γιον
116 1638 122 1644 ·
137 1624 260 1665 Ἐφριξεν
277 1625 384 1665 οὐρανὸς
399 1623 442 1653 ἐπὶ
456 1627 541 1653 τοῦτο.
554 1622 667 1663 Φρίττει
678 1623 728 1663 γὰρ
743 1625 823 1663 οὐρα-

49 1671 92 1704 νὸς
103 1672 222 1707 ἀληθῶς.
238 1670 300 1700 ὅταν
311 1670 359 1710 ἴδῃ
371 1669 419 1705 τὴν
433 1668 504 1698 θείαν
518 1669 823 1708 πολυπραγμονουμένην

50 1717 135 1757 φύσιν.
157 1715 334 1757 Ἀντικρούσει
354 1715 381 1745 δὲ
402 1715 448 1745 καὶ
467 1717 480 1744 ὁ
500 1714 629 1755 μακάριος
650 1715 750 1752 Δαυὶδ,
773 1715 822 1752 τὴν
839 1731 858 1754 Ε

50 1763 163 1803 ἄμετρον
186 1761 445 1802 πολυπραγμοσύνην
470 1761 597 1798 κολάζων,
621 1760 667 1790 καὶ
689 1761 756 1801 ἐρεῖ,
776 1764 823 1791 οὐκ

49 1809 178 1845 ἤκουσας,
204 1807 245 1837 ὅτι
273 1809 309 1837 Οἱ
330 1807 434 1848 οὐρανοὶ
455 1808 608 1846 διηγοῦνται
636 1806 711 1847 φύσιν
735 1808 822 1843 Θεοῦ,

2 1857 5 1860 ’
51 1854 133 1891 ἀλλὰ,
145 1853 229 1888 Δόξαν
242 1855 322 1883 Θεοῦ.
334 1854 393 1883 Οὔκ
403 1852 480 1886 αὐτός
491 1864 531 1882 σοι
544 1853 587 1881 διὰ
601 1855 648 1888 τῆς
660 1852 736 1892 ἁγίας
749 1852 823 1882 κιθά-

51 1912 96 1940 ρας
110 1899 260 1936 οἷνεὸόησεν,
272 1899 313 1929 ὅτι
327 1900 362 1928 Οἱ
371 1892 476 1938 οὐρανοὶ
490 1899 640 1938 διηγοῦνται
655 1898 730 1933 δόξαν
742 1900 822 1934 Θεοῦ,

49 1947 77 1975 οὗ
92 1945 168 1986 φύσιν
183 1947 270 1982 Θεοῦ,
291 1946 351 1974 Οὐκ
370 1944 460 1974 οὐσίαν
475 1944 674 1984 ἑρμηνεύουσιν,
690 1944 758 1974 ἀλλὰ
777 1945 822 1974 δό-

50 1990 93 2025 ξαν
108 1992 178 2021 Θεοῦ
194 1990 410 2030 ἀναγγέλλουσιν.
423 1990 504 2020 Ἀλλὰ
518 1990 554 2029 μὴ
567 1990 674 2029 νομίζῃς
684 1989 731 2024 τὰς
746 1993 823 2031 ὑπερ·
829 2020 866 2041 4²4

876 1314 940 1332 num
955 1314 1007 1332 non
1022 1304 1184 1333 excessisse?
1197 1303 1304 1342 Ecquid
1321 1303 1355 1333 de
1369 1303 1527 1334 hominibus
1540 1303 1620 1334 dico?

875 1349 1042 1389 Cogitatione
1062 1349 1175 1379 ascende
1195 1349 1229 1379 ad
1244 1350 1356 1379 caelestia
1367 1362 1374 1385 ς
1391 1349 1522 1390 interroga
1543 1352 1621 1381 caelos

875 1405 900 1427 et
911 1398 955 1427 dic
970 1410 976 1426 τ
991 1397 1066 1435 Quid
1088 1397 1155 1426 mihi
1168 1397 1203 1427 de
1222 1399 1278 1427 Deo
1292 1407 1400 1427 narrare
1418 1398 1549 1437 potestis?
1563 1399 1621 1428 caeli

876 1449 983 1470 narrate
1006 1441 1075 1470 mihi
1095 1441 1184 1479 qualis
1210 1441 1246 1470 sit
1268 1441 1361 1470 Deus?
1383 1442 1533 1471 renuntiate
1552 1443 1620 1472 mihi

874 1498 933 1526 quae
944 1487 978 1516 sit
990 1487 1101 1516 essentia
1114 1487 1163 1516 Dei
1171 1487 1185 1516 Ξ)
1195 1488 1300 1518 Verum
1312 1498 1365 1516 non
1375 1488 1536 1528 respondent
1545 1490 1618 1524 caeli,

874 1533 908 1562 de
922 1533 956 1563 iis
969 1544 1028 1572 quae
1042 1544 1134 1562 eorum
1148 1533 1301 1562 facultatem
1315 1541 1442 1574 superant
1453 1534 1618 1575 interrogati.

873 1579 927 1609 Sed
949 1580 971 1608 si
994 1579 1051 1608 haec
1070 1578 1197 1608 audacter
1219 1579 1551 1620 qtiaesieris,respondehit
1571 1592 1620 1621 per

874 1624 1062 1653 admirabilem
1082 1624 1226 1654 Jeremiam
1236 1646 1244 1660 ‚
1259 1624 1384 1654 divinum
1398 1625 1469 1654 illud
1482 1627 1620 1665 proferens

874 1669 1012 1707 eloquium
1024 1682 1030 1698 ε
1044 1671 1194 1698 Inhorrui:
1216 1670 1322 1699 coelum
1338 1681 1424 1709 super·
1436 1672 1502 1700 hoc.
1517 1673 1614 1702 Inhor-
1629 1688 1676 1709 Jer.
1687 1695 1709 1709 2,
1733 1694 1770 1712 12,

875 1716 954 1745 rescit
973 1715 1044 1744 euim
1058 1725 1122 1745 vere
1142 1715 1248 1751 caelum,
1262 1716 1308 1744 ubi
1321 1716 1420 1746 viderit
1434 1724 1556 1747 naturam
1575 1718 1619 1748 di-

874 1762 964 1790 vinam
976 1760 1108 1800 indagari.
1123 1761 1166 1790 Ex
1184 1761 1307 1800 opposito
1324 1769 1400 1791 canet
1410 1763 1504 1792 beatus
1514 1765 1616 1801 David,

874 1807 1041 1837 temerariam
1065 1806 1245 1837 curiositatem
1269 1808 1385 1848 plectens
1397 1832 1404 1846 ‚
1417 1816 1442 1839 et
1455 1810 1526 1840 dicet
1539 1823 1546 1839 :
1558 1812 1617 1841 Non

874 1853 973 1883 audisti
989 1853 1071 1890 illud,
1089 1853 1162 1883 Caeli
1182 1861 1333 1890 enarrant,
1346 1865 1398 1884 non
1419 1863 1541 1886 naturam
1555 1858 1616 1894 Dei,

874 1898 919 1927 sed
939 1899 1064 1939 gloriam
1086 1899 1154 1928 Dei.
1176 1900 1271 1928 Nonne
1292 1899 1349 1939 ipse
1368 1901 1417 1930 tibi
1438 1913 1486 1941 per
1500 1910 1616 1933 sanctam

874 1943 1004 1973 citharam
1015 1944 1152 1981 clamavit,
1165 1944 1237 1974 Caeli
1248 1953 1389 1975 enarrant
1400 1948 1525 1987 gloriam
1538 1949 1595 1978 Dei
1603 1953 1616 1978 Ρ
1628 1966 1694 1987 Psal.
1706 1964 1767 1988 13¹„

874 1991 933 2019 Non
948 1997 1070 2019 naturam
1084 1990 1146 2027 Dei,
1159 2000 1212 2020 non
1223 1991 1400 2022 substantiam
1413 1993 1558 2032 declarant,
1571 1996 1617 2025 sed

49 2036 172 2076 κοσμίως
192 2037 314 2075 δυνάμεις
337 2037 432 2066 εἰδέναι
445 2048 472 2065 τι
485 2035 576 2065 πλέον.
592 2035 746 2076 Ἐρώτησον
770 2038 819 2076 ἀγ-
838 2049 858 2071 Α
877 2036 995 2075 gloriam
1007 2036 1059 2065 Dei
1076 2036 1235 2065 annuntiant
1260 2038 1392 2068 Caeterum
1406 2050 1439 2068 ne
1449 2047 1526 2079 putes
1539 2042 1616 2071 caele-

48 2082 157 2120 γε’λους,
177 2082 309 2122 ἐρώτησον
330 2082 417 2121 λέγω,
443 2084 491 2111 οὐκ
513 2082 604 2118 ἐπειδὴ
630 2082 821 2122 ἐπιτέτραπταί

50 2139 91 2157 σοι
103 2129 273 2168 προσομιλεῖν
292 2133 350 2162 ταῖς
362 2128 416 2157 ἄνω
430 2128 581 2167 δυνάμεσιν,
605 2129 663 2158 ἀλλ’
687 2128 777 2164 ἐπειδὴ
791 2130 821 2158 ἐκ

0 2179 2 2182 ’
49 2177 96 2210 τῆς
109 2175 217 2214 Γραφῆς
229 2175 299 2214 ἔχεις
309 2174 343 2203 τὰ
357 2173 486 2214 φάρμακα
495 2197 503 2210 ,
515 2173 560 2203 καὶ
573 2174 607 2203 τὰ
618 2173 821 2212 ἐπιστομίζοντά

1 2212 5 2238 s
48 2230 94 2249 σου
108 2219 155 2255 τὴν
169 2220 329 2260 θρασύτητα.
344 2218 497 2259 Ἐρώτησον
518 2218 578 2252 τοὺς
592 2219 719 2259 ἀγγέλους
732 2232 738 2238 ·
753 2220 818 2260 ἐρώ-

49 2277 130 2302 τησον
144 2265 206 2295 ὅταν
228 2265 285 2305 ἴδῃς
305 2263 398 2298 αὖτοὺς
419 2264 463 2293 ἐπὶ
484 2267 533 2303 γῆς
555 2264 712 2305 χορεύοντας
725 2264 742 2301 ἢ
757 2268 822 2295 ἀνυ-

51 2314 187 2350 μνοῦντας.
202 2310 271 2341 Εἰπὲ
287 2311 387 2343 αὐτοῖς·
400 2310 427 2339 τί
441 2309 528 2339 καινὸν
544 2310 696 2347 διδάσκετε;
710 2310 737 2339 τί
752 2310 821 2345 ξένον

50 2358 246 2397 ἀπαγγέλλετε;
269 2357 314 2386 καὶ
332 2355 427 2389 εὐθέως
440 2358 454 2384 ὃ
468 2358 535 2388 θεῖος
547 2355 625 2396 χορὸς
639 2356 820 2395 ἀποκριθήσε-

50 2402 94 2432 ταί
107 2415 149 2432 σοι
162 2402 205 2432 διὰ
224 2404 276 2431 τῶν
289 2402 365 2431 θείων
379 2400 537 2440 εὐαγγελίων
548 2413 554 2419 ·
568 2401 638 2435 Δόξα
655 2402 682 2430 ἐν
703 2402 823 2441 ὑψίστοις

51 2450 130 2489 Θεῷ,
151 2448 197 2478 καὶ
217 2448 262 2477 ἐπὶ
283 2451 332 2487 γῆς
354 2448 459 2486 εἰρήνη,
485 2448 511 2475 ἐν
537 2447 683 2487 ἀνθρώποις
705 2448 820 2478 εὐδοκία.

50 2489 151 2523 τΗλθον
163 2493 207 2522 tut
217 2495 265 2532 γ’ῆς
274 2493 395 2532 ἄγγελοι,
407 2492 452 2521 καὶ
466 2494 514 2527 τῆς
528 2491 603 2527 δόξης
616 2491 675 2526 τοὺς
687 2493 761 2534 ὅρους
771 2495 822 2534 οὐχ

873 2089 925 2111 stes
937 2082 1051 2111 virtutes
1064 2082 1131 2120 quid
1160 2083 1230 2111 ultra
1242 2093 1410 2123 cognoscere.
1425 2087 1561 2126 Interroga
1572 2099 1618 2116 an-

874 2128 960 2168 gelos,
975 2127 1120 2168 interroga,
1135 2128 1256 2167 inquam,
1270 2139 1323 2158 non
1343 2131 1416 2169 quod
1439 2132 1490 2161 tibi
1510 2143 1617 2164 conces-

873 2187 934 2206 sum
956 2176 991 2206 sit
1012 2186 1073 2206 cum
1093 2177 1218 2217 supernis
1231 2176 1379 2207 virtutihus
1402 2180 1545 2219 congredi,
1571 2182 1618 2211 sed

874 2223 937 2262 quia
956 2233 991 2252 ex
1011 2222 1151 2262 Scriptura
1167 2222 1285 2252 remedia
1304 2224 1395 2260 habes,
1407 2237 1518 2264 quaeque
1532 2228 1616 2256 auda-

874 2263 943 2299 ciam
965 2276 1039 2299 tuam
1062 2269 1218 2309 reprimant.
1236 2269 1377 2310 Interroga
1394 2272 1521 2311 angelos:
1534 2274 1615 2302 inter-

876 2321 940 2355 roga
962 2325 1008 2344 eos
1030 2325 1092 2344 cum
1106 2314 1208 2345 videris
1232 2315 1260 2344 in
1277 2322 1347 2344 terra
1372 2316 1483 2346 choreas
1497 2325 1615 2356 agentes,

874 2367 921 2390 aut
932 2361 1046 2401 hymnos
1056 2367 1189 2391 canentes.
1204 2361 1255 2390 Dic
1269 2361 1414 2398 illis,Quid
1426 2363 1488 2391 novi
1497 2363 1616 2393 docetis?

874 2407 941 2446 quid
955 2406 1056 2436 insoliti
1070 2406 1234 2436 annuntiatis
1243 2406 1257 2435 Ρ
1268 2406 1410 2445 statimque
1427 2407 1537 2436 divinus
1550 2409 1616 2437 cho-

875 2464 920 2483 rus
931 2464 978 2494 per
991 2460 1080 2483 sancta
1094 2453 1232 2492 evangelia
1246 2452 1416 2491 respondebit
1427 2453 1476 2482 tibi
1490 2466 1496 2482 ι
1511 2455 1617 2485 Gloria
1629 2468 1682 2489 Luc.
1696 2476 1721 2492 2,
1730 2467 1765 2496 h'o·

875 2499 906 2527 in.
920 2498 1071 2527 altissimis
1087 2498 1160 2531 Deo,
1171 2502 1198 2524 et
1219 2498 1251 2524 in
1265 2503 1342 2525 terra
1360 2506 1431 2534 pax,
1444 2498 1475 2526 in
1489 2498 1614 2527 homini-

53 2539 236 2580 ὓπερέῆησαν·
258 2539 303 2568 καὶ
326 2538 450 2578 αῖρετῑκοῖ
464 2537 570 2571 τούτους
589 2539 754 2578 ὓπερὸαίνειν
775 2542 822 2570 οὐκ
840 2558 856 2580 B
877 2544 931 2572 bus
951 2542 1174 2581 beneplacitum.
1194 2541 1334 2569 Venerunt
1352 2538 1378 2566 in
1393 2546 1490 2569 terram
1514 2543 1614 2580 angeli,

21 2612 24 2615 .
51 2586 181 2620 ὤκνησαν.
196 2584 275 2615 Ἀλλᾶ
291 2584 327 2623 μή
342 2596 366 2613 τι
380 2586 407 2613 αἱ
421 2584 546 2614 ἀνωτάτω
560 2584 682 2623 δυνάμεις
693 2608 700 2622 ,
717 2588 744 2615 αἱ
756 2586 821 2626 ὑπὲρ

876 2593 901 2615 ct
914 2586 1004 2626 gloriae
1016 2584 1142 2614 terminos
1158 2593 1208 2612 non
1220 2583 1399 2622 praetergressi
1411 2593 1486 2623 sunt;
1500 2585 1615 2616 haeretici
