1904 2840
1614 194 1683 241 847

149 265 212 304 qnia
223 263 320 294 melius
331 269 370 294 est
382 263 492 303 gloriari
505 263 532 293 in
542 263 618 294 celo.
635 265 742 301 Quanto
749 263 822 293 enim
835 263 887 293 cla-
901 265 923 290 Α
938 270 1088 303 cognoscat,
1099 263 1147 302 qui
1157 263 1192 293 ab
1205 263 1293 302 initio,
1310 271 1339 294 ut
1349 263 1422 295 dixit
1435 265 1581 306 Sapientia,
1593 268 1683 297 omnia
1694 277 1832 307 Sap.11.2x.

147 305 205 333 rius
220 311 259 333 est
271 303 366 334 caelum
381 314 463 342 quam
485 310 567 339 terra,
590 310 664 333 tanto
685 302 835 343 gloriosior,
847 310 886 332 cst
938 304 967 331 in
980 302 1108 343 pondere,
1121 313 1245 339 numero,
1256 311 1282 333 et
1291 314 1414 334 mensura
1427 306 1527 335 c'reavit
1535 306 1549 335 Ξ)
1558 306 1611 336 Sed
1621 307 1683 337 ideo

148 343 195 372 illa
208 343 294 382 gloria
305 353 385 382 quam
401 342 463 372 ista.
483 344 524 373 De
536 343 640 382 magnis
651 350 739 372 autem
753 342 886 372 thesauris
938 342 1099 379 numeravit,
1113 352 1146 371 ne
1157 342 1263 382 aliquid
1282 343 1377 383 perdat
1390 355 1425 374 ex
1438 345 1520 384 ipsis;
1533 346 1603 376 sicut
1615 347 1682 376 dicit

146 382 279 412 bonorum
301 382 346 412 vel
368 382 502 417 malorum
523 382 601 421 quasi
620 382 757 412 modicum
796 389 887 416 ustum
937 381 1068 421 propheta
1087 393 1094 410 ε
1118 383 1198 411 Mihi
1217 389 1314 411 autem
1345 385 1433 414 nimis
1454 385 1591 415 honorati
1614 393 1683 416 sunt
1693 395 1759 418 Psal.
1782 398 1833 423 133,

133 421 222 453 dedit
240 422 267 451 iu
286 421 397 458 mundo,
415 429 445 451 ut
463 433 497 452 ex
514 421 622 451 modico
640 429 720 462 gustu
739 432 782 451 ma
794 431 884 458 orum,
938 421 1029 450 amici
1041 423 1094 458 tui,
1115 422 1206 451 Deus.
1230 423 1432 453 Dinumerabo
1458 434 1507 453 eos
1516 447 1526 461 ,
1548 431 1577 454 et
1598 436 1685 466 super·
1696 431 1731 455 ¹7·
1747 427 1783 451 ¹8·

146 462 188 490 vel
203 462 347 499 bonorum,
360 461 554 501 plenitudinem
567 471 767 501 cognoscamus.
784 461 887 490 Nolite
938 470 1058 490 arenam
1070 461 1352 501 multiplicabuntur.
1368 464 1430 492 Non
1454 463 1622 501 minuuntur,
1634 466 1683 504 qui

146 502 246 530 timere
258 511 316 538 eos,
338 503 390 541 qui
409 501 546 530 occidunt
565 511 678 539 corpus,
699 501 752 530 sed
767 511 833 530 eum
854 503 887 530 ti·
937 500 1071 530 numerati
1084 507 1164 538 sunt,
1188 500 1235 530 sed
1249 501 1329 530 etiam
1349 502 1613 542 multiplicabuntur.
1630 506 1683 536 Vis

145 547 228 574 mete,
241 543 294 580 qui
303 547 397 579 potest
409 550 512 580 corpus
526 547 555 570 et
567 542 698 570 animum
712 541 833 579 perdere
852 541 885 569 in
937 539 1005 568 scire
1025 539 1183 578 dignitatem
1203 543 1424 571 numeratorum?
1438 543 1583 572 Considera
1602 555 1680 574 ovem
1692 555 1780 579 Μαιιιι,
1796 557 1832 582 18,

143 579 318 617 gehennam.
333 579 408 617 Quid
420 580 500 617 dicis,
514 580 602 609 anima
619 579 710 620 perit?
723 580 817 609 Nonne
829 579 883 609 im·
937 578 1012 606 illam
1026 578 1160 617 quomodo
1174 587 1265 624 pastor
1276 590 1328 609 non
1344 582 1476 619 requievit
1487 593 1534 622 per
1545 582 1682 615 desertum
1695 586 1772 609 ¹²·13-

644 202 679 225 m
705 201 913 226 MATTHAEUM.
940 201 1059 225 norm..
1078 202 1172 225 XXV.

0 705 79 729 mcor.
96 697 253 731 15.-dici1ur.
277 698 357 728 Unde
374 705 401 727 et
422 698 522 728 Paulus
543 699 596 728 ait:
615 699 642 736 Q

0 734 30 759 lt.

0 785 66 822 (poe.
80 792 119 810 20.
142 777 179 807 Et
192 779 308 807 Joannes
322 788 349 806 in
364 777 525 824 Apocalypsi
537 787 588 823 sua
599 777 639 806 sic
657 775 743 806 dicit:
759 778 880 811 Beatus,

0 824 15 838 ›-

143 619 264 649 moi-talis
275 626 362 649 creata
375 619 433 649 est?
444 621 532 649 Morte
542 619 613 649 enim
623 629 675 649 non
686 619 775 649 solum
785 619 884 648 exstin-

143 659 196 688 ctio
214 659 363 698 corporalis
382 659 515 698 signatur,
540 659 587 689 sed
609 659 689 688 etiam
709 668 786 698 poena
810 669 883 688 mors

642 699 752 727 uotidie
774 700 884 727 morior

140 748 194 777 pro
204 743 304 767 vestra
314 739 420 783 gloria,
431 748 520 778 quam
529 738 622 767 habeo
632 739 664 766 in
673 737 788 767 Christo
797 738 881 767 Jesu.

142 818 194 855 qui
204 816 291 846 habet
308 823 419 856 partem
445 827 477 846 m
495 826 590 856 prima
613 817 841 853 resurrectione;
856 819 884 845 ei

142 857 364 887 secundamors
377 866 436 885 non
450 856 659 885 dominabitur.
675 855 798 886 Secunda
810 855 883 885 enim
897 863 915 886 B

140 906 214 925 mors
226 902 265 925 est
283 896 365 936 ignis,
379 903 406 925 ct
418 895 544 936 sulphur.
563 895 649 926 Vides
667 905 743 935 ergo,
757 895 820 934 quia
833 906 882 935 per

138 934 334 965 damnationem
350 935 446 964 animae
463 945 516 964 non
536 935 603 965 dicit
616 935 703 975 ipsam
720 934 881 965 solutionem

138 975 233 1004 animae
243 997 252 1011 ‚
281 974 330 1004 sed
358 975 548 1005 cruciationem
575 975 700 1014 gehennae
713 996 721 1010 ,
752 984 812 1013 quae
842 982 882 1004 est

137 1024 209 1044 mors
228 1014 353 1044 secunda.
377 1014 412 1044 Et
424 1021 561 1053 tamquam
573 1015 595 1042 si
615 1013 715 1052 aliquis
733 1013 807 1043 dicat
820 1025 828 1042 ε
842 1015 881 1044 Ut

138 1053 205 1092 quid
217 1060 287 1084 tanta
306 1053 413 1083 licentia
434 1053 496 1082 data
510 1060 551 1082 est
563 1053 654 1089 malis,
669 1059 699 1082 ut
711 1053 792 1082 etiam
812 1063 881 1083 con-

136 1099 177 1122 tra
196 1093 362 1123 voluntatem
387 1092 438 1122 Dei
457 1093 571 1122 habeant
590 1092 739 1122 in>sanctis
761 1100 880 1132 potesta—

85 1142 127 1159 cn
137 1139 189 1162 tem
209 1133 342 1162 nocendi?
365 1132 462 1169 Absit,
483 1131 553 1161 nihil
575 1138 687 1172 possunt
708 1133 764 1161 Deo
784 1133 880 1162 nolen-

0 1968 44 1982 ΜΠ,
64 1968 100 1993 19.

0 1998 15 2014 D.
30 1999 65 2015 ΙΙ.

135 1179 170 1201 te.
192 1173 241 1202 29.
261 1173 368 1201 Nonne
385 1173 444 1201 duo
460 1181 590 1211 passeres
609 1181 674 1201 asse
689 1178 831 1209 veneunt,
850 1180 880 1202 et

136 1221 212 1240 unus
226 1222 262 1240 ez·
280 1213 323 1241 eis
334 1222 393 1240 non
415 1212 500 1240 cadet
520 1212 583 1240 sine
602 1211 758 1240 voluntate
779 1211 879 1242 Patr-Is

135 1250 228 1280 vestri
238 1254 252 1279 P
272 1251 303 1281 Si
316 1261 380 1292 ergo
392 1260 512 1291 passeres
530 1250 557 1279 in
578 1250 717 1280 voluntate
733 1251 783 1280 Dei
797 1252 878 1291 positi

134 1297 209 1327 sunt,
225 1301 278 1321 non
300 1290 328 1319 in
343 1297 470 1331 potestate
492 1290 649 1325 hominum,
668 1300 736 1328 quos
757 1291 830 1320 Deus
841 1291 877 1321 ad

134 1340 213 1359 usum
222 1330 363 1359 hominum
375 1330 447 1365 fecit,
459 1336 558 1368 quanto
569 1330 654 1375 magis
666 1339 715 1359 vos
728 1340 735 1357 :
748 1339 801 1359 non
813 1341 874 1360 cum

132 1370 196 1398 estis
206 1369 234 1398 in
249 1376 376 1409 potestate
387 1369 538 1405 hominum,
552 1369 598 1398 sed
613 1379 641 1398 ιιι
655 1368 793 1399 voluntate
803 1370 872 1408 Dei,

132 1418 201 1447 quos
213 1410 287 1438 Deus
297 1408 331 1438 ad
341 1419 417 1439 suam
425 1407 539 1448 gloriam
549 1407 630 1438 fecit?
638 1407 668 1438 Si
677 1419 768 1448 passer
776 1417 871 1440 eventu

132 1458 186 1478 non
196 1449 323 1485 moritur,
337 1458 386 1478 nec
397 1447 469 1477 cadit
480 1470 487 1482 ‚
500 1454 611 1488 propter
623 1447 676 1477 hoc
690 1448 778 1487 ipsum
787 1470 795 1484 ,
809 1449 872 1488 quia
888 1453 906 1476 C

132 1498 201 1528 opus
214 1489 265 1517 Dei
277 1495 316 1517 est
330 1500 337 1516 ε
353 1494 453 1526 quanto
466 1487 551 1527 magis
567 1488 657 1527 justus
671 1488 750 1516 homo
766 1498 819 1517 non
833 1496 872 1518 est

131 1528 158 1556 in
171 1533 267 1557 eventu
281 1528 402 1567 positus,
417 1526 482 1565 quia
493 1526 581 1566 imago
594 1526 646 1555 Dei
657 1526 714 1555 est?
728 1526 782 1556 Sed
795 1534 842 1556 aut
855 1539 871 1557 a

130 1567 189 1596 Deo
202 1565 316 1596 traditus
329 1565 454 1600 moritur,
468 1572 515 1594 aut
523 1576 538 1594 a
550 1567 606 1594 Deo
626 1565 757 1594 liberatus
768 1566 869 1596 evadit.

130 1606 160 1635 Si
173 1607 201 1635 iu
211 1605 364 1645 passeribus
373 1604 442 1634 nihil
454 1605 511 1633 sine
522 1605 622 1633 ratione
633 1604 722 1644 agitur
730 1627 739 1640 ,
753 1615 870 1643 quorum

129 1644 247 1674 duorum
260 1643 377 1684 pretium
392 1644 472 1673 unius
487 1650 526 1673 est
532 1643 599 1673 assis
612 1650 730 1682 :quanto
743 1644 828 1684 magis
840 1645 870 1674 in

129 1684 207 1714 vobis
228 1684 286 1713 sine
298 1694 340 1713 me
357 1683 424 1712 nihil
446 1683 552 1722 agitur,
565 1693 681 1721 quorum
701 1683 817 1722 pretium
831 1691 870 1714 est

128 1723 237 1763 sanguis
249 1724 342 1753 meus?
353 1724 381 1753 Si
394 1723 433 1752 sic
444 1722 576 1751 habentur
584 1732 718 1762 passeres,
732 1723 868 1761 quomodo

128 1762 245 1792 habendi
262 1769 324 1792 sunt
340 1762 413 1791 filii?
427 1762 493 1792 Ideo
509 1772 572 1801 ergo
586 1772 639 1790 non
653 1761 756 1791 debetis
774 1762 868 1792 timere

127 1802 249 1832 homines
259 1825 268 1839 ,
283 1802 345 1841 quia
358 1812 410 1831 nou
424 1809 463 1831 est
476 1801 503 1830 in
516 1801 595 1831 vobis
609 1801 719 1830 illorum
732 1800 848 1841 potestas
857 1825 865 1840 ‚

126 1842 174 1871 sed
183 1842 244 1872 Dei.
259 1843 319 1871 Non
331 1842 402 1871 enim
413 1840 519 1880 quando
530 1841 625 1870 volunt
633 1840 721 1880 impii,
733 1847 797 1870 tunc
807 1852 868 1881 pos-

126 1888 188 1911 sunt
197 1891 292 1910 nocere
302 1881 399 1910 sanctis
408 1903 415 1917 ‚
426 1880 473 1910 sed
482 1879 590 1919 quando
601 1881 674 1909 Deus
686 1880 742 1909 illis
753 1881 866 1911 nocendi

126 1927 233 1961 tempus
241 1921 408 1955 concesserit,
421 1927 450 1949 ut
461 1919 602 1959 provideat
614 1919 712 1949 sanctis
723 1919 779 1949 suis
788 1930 867 1950 coru·-

127 1970 197 1990 nam.
211 1960 283 1989 Dicit
294 1960 396 1989 Pilatus
408 1959 443 1989 ad
455 1961 565 1989 Jesum:
585 1958 686 1988 Nescis
701 1961 772 1998 quia
785 1967 867 1998 pote-

125 2006 230 2029 statem
250 2001 343 2029 habeo
365 2000 510 2028 dimittere
529 2005 574 2035 te,
589 2004 618 2027 et
631 1999 795 2038 crucifigere
814 2002 864 2028 te?

125 2039 274 2079 Respondit
282 2038 317 2068 ad
328 2049 388 2068 cum
400 2051 407 2067 :
418 2040 487 2069 Non
500 2039 620 2067 haberes
634 2038 728 2067 ullam
739 2044 865 2077 potesla—
880 2046 900 2069 1)

99 2107 101 2109 ,
126 2085 183 2108 tem
196 2090 228 2107 m
241 2089 303 2115 me,
318 2080 376 2108 nisi
395 2080 448 2107 tibi
461 2078 564 2106 datum
573 2078 685 2117 suisset
701 2079 861 2108 desursum.

124 2119 192 2154 Quae
201 2128 264 2157 crgo
277 2124 352 2147 estsa
374 2117 466 2154 ientia,
485 2117 564 2146 illum
581 2127 632 2146 non
646 2116 739 2146 timere
754 2118 801 2156 qui
817 2118 863 2147 dat

123 2163 277 2195 potestatem
287 2178 295 2192 ‚
382 2157 462 2186 illum
488 2155 580 2185 timere
619 2156 646 2185 ui
669 2156 786 2196 accipit?
807 2157 863 2193 Qui

123 2196 195 2224 enim
206 2195 252 2224 dat
261 2202 414 2234 potestatem
424 2218 432 2231 ,
447 2194 554 2234 quando
566 2206 602 2225 vu
616 2202 625 2224 t
636 2195 682 2224 dat
694 2208 700 2224 :
713 2196 759 2234 qui
773 2202 862 2226 autem

123 2235 235 2279 accipit,
249 2244 300 2263 non
312 2234 420 2273 quando
439 2235 499 2263 vult
511 2234 617 2273 accipit.
631 2235 704 2273 Ergo
717 2235 740 2263 si
760 2245 813 2264 non
834 2246 862 2265 es

123 2274 254 2311 traditus,
269 2273 326 2303 sine
339 2284 418 2302 causa
432 2273 509 2302 times
518 2279 562 2308 ,et
578 2274 602 2302 si
614 2273 728 2303 traditus
740 2284 768 2303 es
780 2296 787 2310 ,
803 2274 860 2304 sine

122 2324 200 2343 causa
210 2313 297 2342 times.
306 2314 362 2342 Deo
370 2312 442 2342 enim
453 2312 597 2347 liberante,
611 2313 690 2341 homo
701 2313 751 2342 tibi
767 2323 860 2343 nocere

121 2363 173 2382 non
182 2359 277 2392 potest,
286 2358 312 2381 et
319 2351 341 2380 si
351 2351 520 2381 vult.Nescis
534 2351 668 2389 quomodo
677 2352 778 2381 Pilatus
785 2353 859 2382 vole-

120 2392 167 2421 bat
175 2393 308 2422 dimittere
317 2391 465 2426 Christum,
474 2390 521 2419 sed
534 2400 584 2418 non
595 2391 775 2430 poterat,quia
785 2393 858 2422 Deus

119 2441 182 2460 eum
195 2431 335 2461 tradebat?
347 2431 394 2460 50.
410 2431 504 2459 Vestri
514 2435 613 2458 autem
626 2436 654 2458 et
665 2430 766 2469 capilli
780 2441 814 2460 ca
839 2433 857 2454 '-

120 2471 156 2498 tis
177 2481 273 2499 omnes
294 2471 438 2499 numerati
459 2475 538 2500 sunt.
559 2468 634 2505 Quid
648 2469 724 2499 nobis
749 2480 798 2511 pro
818 2477 858 2501 est

119 2509 232 2549 capillos
245 2515 396 2538 numeratos
410 2509 517 2545 habere,
533 2507 555 2537 si
569 2507 721 2538 morimur?
733 2509 797 2539 Ideo
806 2520 857 2539 nu-

118 2548 211 2577 merati
225 2555 304 2584 sunt,
325 2555 354 2577 ut
375 2548 402 2576 in
423 2555 549 2577 aetcrnum
565 2547 699 2577 vivamus.
715 2549 855 2588 Numquid

118 2587 179 2617 ideo
200 2594 320 2617 numerat
343 2587 445 2626 aliquid
470 2588 558 2624 Deus,
583 2594 611 2616 ut
633 2597 773 2617 muncrum
796 2589 854 2628 ejus

936 617 1098 654 discurrere,
1113 617 1198 647 donec
1211 620 1343 648 inveniret
1355 630 1413 649 eam
1424 643 1432 658 ,
1445 628 1470 650 et
1488 622 1523 650 ad
1536 623 1681 662 pristinum

936 667 1079 686 numerum
1089 664 1234 687 revocaret.
1247 659 1357 687 Nullam
1367 670 1399 688 ex
1410 660 1535 690 omnibus
1546 672 1573 691 se
1583 663 1681 693 habere

936 696 1058 736 putabat,
1070 697 1092 726 si
1106 697 1140 726 de
1153 707 1264 726 numero
1274 708 1323 728 suo
1337 709 1390 728 una
1403 700 1512 739 periret.
1524 701 1578 738 Qui
1591 710 1679 732 alitem

936 735 1048 775 perituri
1058 743 1134 773 sunt,
1148 747 1201 766 non
1215 744 1398 767 munerantur.
1413 739 1477 769 Ideo
1488 741 1622 770 Dominus
1630 742 1678 771 di-

934 775 987 804 cit:
1001 776 1104 806 Vestri
1112 778 1200 805 etium
1215 778 1317 816 capilli
1328 779 1432 817 capitis
1446 783 1590 809 numerati
1597 789 1678 811 sunt.

935 815 1087 844 Peccatores
1107 823 1195 845 autem
1209 823 1239 845 ut
1262 817 1330 855 quid
1348 826 1535 855 numerantur,
1562 821 1680 859 quiesse

934 863 986 882 non
1001 854 1185 884 aestimantur?
1197 855 1352 885 illud'euim
1366 865 1489 888 numerat
1501 860 1589 895 Deus,
1605 861 1680 898 quod

932 892 993 922 vult
1012 893 1165 933 possidere:
1177 894 1250 933 quod
1264 903 1353 925 autem
1366 907 1419 926 non
1433 898 1494 927 vult
1514 898 1613 928 habere
1624 922 1631 936 ‚
1648 907 1678 929 ut

933 931 1000 970 quid
1015 933 1155 963 numerat?
1167 934 1232 963 Ideo
1245 945 1297 964 non
1313 943 1489 966 numerantur
1509 945 1677 977 peccatores,

933 978 962 1000 ut
974 972 1137 1011 quicumque
1150 984 1183 1002 ex
1203 974 1270 1013 ipsis
1284 975 1384 1014 periret
1403 986 1455 1005 non
1469 977 1574 1014 sentiat,
1590 988 1677 1017 neque

932 1018 1007 1040 curet
1026 1013 1110 1048 Deus,
1125 1013 1201 1051 quasi
1215 1014 1250 1042 de
1263 1024 1316 1043 non
1336 1016 1482 1045 numeratis
1498 1028 1504 1044 :
1518 1016 1586 1046 sicut
1608 1018 1675 1047 scri-

931 1056 1010 1118 ἓῑιιιιι
1028 1058 1086 1088 est,
1100 1052 1161 1081 Pro
1183 1053 1273 1082 nihilo
1288 1054 1434 1098 liabentur
1447 1066 1546 1085 omnes
1563 1063 1672 1096 gentes.
1684 1070 1750 1092 Em,
1770 1071 1810 1100 4⁰·

958 1100 1006 1129 rgo
1020 1101 1138 1130 passeres
1160 1099 1222 1121 sunt
1244 1092 1384 1130 meliores,
1406 1105 1487 1132 quam
1505 1101 1674 1135 peccatores?
1688 1107 1724 1131 ¹7-

931 1129 1003 1166 Non,
1018 1130 1066 1159 sed
1077 1130 1189 1160 similes.
1204 1132 1280 1161 Sicut
1291 1132 1362 1161 enim
1373 1134 1445 1163 Deus
1453 1144 1506 1163 non
1518 1135 1599 1171 dixit,
1610 1137 1674 1176 quia

931 1178 984 1197 non
996 1169 1095 1199 cadunt
1107 1182 1114 1198 :
1127 1170 1189 1207 sed,
1207 1171 1263 1200 sine
1275 1171 1413 1201 voluntate
1424 1174 1473 1202 Dei
1487 1184 1539 1203 non
1554 1175 1654 1205 cadunt
1662 1188 1671 1215 ;

930 1207 979 1237 Dei
1001 1209 1072 1239 enim
1093 1209 1217 1239 voluutas
1235 1218 1292 1247 est,
1310 1218 1340 1240 ut
1361 1213 1631 1252 comprehendantur,
1647 1223 1673 1246 et

929 1248 964 1276 ad
979 1258 1057 1277 usum
1071 1249 1216 1288 procedant
1230 1250 1383 1287 hominum,
1397 1252 1461 1290 quia
1472 1253 1507 1282 ad
1521 1253 1573 1283 hoc
1591 1256 1673 1286 creati

928 1293 991 1316 sunt
1003 1299 1011 1317 ε
1024 1288 1063 1317 sic
1076 1288 1199 1318 voluntas
1209 1289 1261 1319 Dei
1271 1297 1320 1326 est,
1334 1297 1362 1319 ut
1373 1291 1455 1320 homo
1464 1314 1472 1330 ,
1489 1293 1537 1331 qui
1547 1293 1604 1323 sinc
1613 1294 1672 1334 lege

927 1326 978 1355 Dei
992 1327 1079 1363 vixit,
1093 1328 1151 1357 sinc
1170 1328 1229 1367 lege
1242 1335 1268 1358 et
1281 1336 1371 1368 pereat
1384 1343 1390 1358 :
1407 1337 1433 1359 et
1454 1332 1501 1369 qui
1516 1334 1603 1362 Deum
1618 1344 1671 1364 non

925 1366 1047 1411 aspexit,
1059 1377 1113 1396 nou
1130 1367 1243 1408 aspiciat
1264 1368 1344 1398 illum
1368 1370 1450 1400 Deus.
1471 1373 1544 1402 Vere
1569 1373 1596 1401 in
1620 1374 1672 1404 hoc

926 1415 1001 1445 pejor
1021 1413 1060 1435 est
1073 1406 1154 1436 homo
1173 1415 1296 1447 peccator
1315 1419 1395 1447 quam
1409 1410 1526 1447 animal,
1540 1413 1669 1451 quoniam

924 1445 1023 1474 animal
1035 1446 1083 1474 etsi
1104 1456 1156 1475 non
1175 1447 1325 1486 glorificat,
1338 1458 1391 1477 non
1404 1451 1546 1480 exacerbat
1558 1463 1565 1480 ε
1580 1451 1616 1481 ho
1624 1463 1667 1482 mo

923 1491 1012 1513 autem
1025 1485 1112 1514 malus
1123 1496 1175 1514 non
1190 1486 1278 1515 solum
1293 1497 1345 1515 non
1360 1487 1505 1526 glorificat,
1520 1491 1566 1520 sed
1579 1491 1668 1522 adhuc

924 1523 1076 1553 exacerbat.
1097 1526 1203 1561 Quanta
1217 1532 1306 1554 autem
1327 1526 1362 1554 sit
1382 1526 1499 1565 dignitas
1512 1538 1668 1560 numerato-

922 1572 998 1597 rum,
1009 1563 1089 1591 etiam
1101 1565 1128 1592 in
1143 1564 1214 1592 libro
1226 1565 1338 1593 Numeri
1356 1566 1522 1603 ostenditur,
1538 1570 1664 1607 quoniam
1678 1584 1749 1607 Num.
1764 1585 1785 1607 3,
1798 1591 1820 1608 et

921 1601 997 1630 electi
1009 1608 1035 1630 et
1047 1602 1125 1631 colati
1137 1610 1310 1632 numerantur
1322 1614 1338 1633 a
1353 1606 1439 1642 Mose,
1451 1617 1499 1645 per
1510 1611 1666 1648 praeceptio·
1677 1616 1715 1638 26.

921 1650 981 1670 nem
997 1641 1057 1670 Dei.
1074 1642 1135 1671 Non
1156 1649 1314 1672 numeratur
1327 1643 1396 1673 inter
1419 1656 1463 1674 eos
1485 1646 1594 1677 femina.
1611 1650 1665 1679 Fe-

920 1680 992 1709 mina
1001 1687 1088 1710 autem
1098 1681 1259 1721 intelligitur
1267 1682 1405 1718 mollities,
1413 1695 1472 1722 quae
1479 1693 1518 1714 est
1527 1689 1664 1728 corruptio

920 1720 1077 1759 corporalis.
1089 1721 1184 1750 Omnis
1198 1728 1286 1750 autem
1302 1722 1345 1751 vir
1358 1723 1449 1753 mollis
1459 1725 1559 1762 animo,
1569 1728 1664 1757 remis-

919 1759 1007 1789 sibilis
1019 1759 1047 1788 in
1061 1759 1125 1797 fide,
1138 1767 1163 1789 et
1175 1768 1320 1800 corruptus
1334 1761 1360 1790 in
1373 1763 1488 1801 actibus,
1499 1775 1610 1804 corpore
1620 1767 1664 1797 vir

919 1805 976 1835 est,
991 1806 1017 1828 et
1036 1799 1135 1829 semina
1155 1800 1333 1840 intelligitur:
1349 1800 1409 1831 ideo
1432 1813 1484 1832 non
1506 1813 1663 1836 numeratur

919 1848 981 1867 cum
995 1838 1101 1868 sanctis.
1115 1840 1224 1869 Femina
1239 1847 1328 1869 autem
1342 1841 1363 1870 si
1376 1841 1532 1872 virilitatem
1545 1853 1662 1876 sanctam

918 1877 1044 1907 hahuerit
1054 1900 1062 1915 ,
1078 1878 1127 1908 etsi
1139 1889 1250 1919 corpore
1263 1879 1361 1909 femina
1374 1888 1413 1910 est
1424 1904 1431 1917 ,
1445 1883 1534 1912 animo
1549 1891 1588 1913 est
1601 1885 1659 1919 vir.

918 1925 943 1946 et
963 1925 1119 1947 numeratur
1131 1929 1193 1947 cum
1214 1919 1320 1948 sanctis.
1335 1920 1397 1949 Illic
1417 1922 1480 1959 quia
1496 1923 1582 1962 ligura
1605 1933 1660 1955 crat

905 1980 907 1983 .
918 1967 990 1992 caro,
1004 1957 1102 1986 femina
1115 1958 1295 1998 repellebatur
1309 1971 1315 1987 :
1328 1960 1373 1989 hic
1385 1967 1474 1990 autem
1487 1963 1550 2000 quia
1561 1965 1660 1994 veritas

917 2003 967 2033 est,
982 1996 1110 2026 femineus
1123 1997 1228 2026 animus
1237 2008 1288 2027 non
1302 2007 1467 2029 numeratur.
1482 2002 1544 2031 Illic
1552 2004 1660 2034 servilis

917 2036 1034 2065 conditio
1042 2036 1246 2073 excludebatur,
1254 2037 1299 2067 hic
1309 2045 1397 2068 autem
1405 2043 1569 2071 conversatio
1577 2044 1660 2073 servi-

917 2075 951 2105 lis
963 2075 1108 2114 expellitur
1118 2076 1193 2116 apud
1201 2078 1298 2106 Deum.
1312 2079 1372 2107 Non
1386 2078 1433 2108 ille
1450 2091 1545 2110 servus
1557 2089 1596 2111 cst
1609 2083 1657 2121 qui

916 2126 1009 2146 servus
1017 2121 1054 2143 cst
1062 2114 1211 2149 hominum,
1219 2116 1265 2145 sed
1273 2118 1319 2155 qui
1326 2119 1426 2157 peccati
1433 2119 1474 2148 sui
1480 2143 1486 2148 .
1494 2120 1566 2160 Ergo
1574 2121 1654 2157 liber,

915 2154 938 2183 si
948 2165 1026 2194 opera
1038 2154 1105 2183 mala
1117 2155 1219 2192 fecerit,
1232 2155 1335 2186 diaboli
1348 2168 1441 2187 servus
1451 2166 1503 2188 est:
1517 2171 1620 2197 servus,
1632 2162 1656 2190 si

914 2193 984 2223 bona
1004 2204 1084 2232 opera
1103 2194 1210 2230 fecerit,
1234 2195 1308 2225 filius
1321 2197 1370 2226 Dei
1391 2204 1451 2226 est:
1467 2198 1527 2227 ideo
1549 2200 1656 2229 servilis

914 2233 1004 2262 anima
1029 2243 1081 2262 non
1107 2241 1273 2263 numeratur.
1301 2237 1367 2265 Item
1395 2246 1481 2275 neque
1509 2238 1653 2277 AEgyptius

914 2272 1071 2302 mundialis.
1084 2273 1138 2310 Qui
1150 2284 1213 2313 ergo
1222 2273 1312 2314 diligit
1324 2275 1466 2311 mundum,
1482 2276 1508 2305 in
1519 2277 1654 2305 saeculari-

912 2311 964 2341 bus
975 2312 1087 2352 negotiis
1098 2313 1205 2352 gaudet.
1222 2314 1333 2353 Propter
1345 2316 1449 2353 negotia
1462 2315 1556 2343 mundi
1567 2322 1652 2345 trans-

911 2351 988 2381 itoria
1008 2351 1145 2387 tristatur,
1161 2359 1270 2392 propter
1284 2354 1370 2381 Deum
1388 2363 1451 2382 vero
1466 2363 1517 2381 non
1541 2354 1649 2391 gaudet.

911 2391 961 2421 lllc
979 2401 1031 2423 non
1056 2399 1229 2427 numeratur,
1251 2392 1298 2429 qui
1322 2392 1410 2419 anima
1433 2392 1578 2431 AEgyptius
1598 2401 1649 2423 est.

910 2430 1055 2470 AEgyptius
1078 2438 1166 2460 autem
1179 2430 1203 2459 si
1221 2430 1331 2459 caelestia
1353 2431 1500 2467 amaverit,
1523 2432 1651 2462 Hebraeus

909 2477 958 2500 est.
974 2471 1040 2499 ltem
1064 2480 1111 2498 nec
1132 2480 1201 2514 puer
1213 2475 1378 2497 numeratur.
1392 2468 1442 2497 Ille
1462 2470 1509 2506 qui
1531 2481 1597 2509 puer
1609 2479 1650 2501 cst

909 2509 1041 2546 sensibus,
1057 2509 1160 2538 malitia
1171 2515 1260 2536 autem
1280 2508 1412 2546 perfectus
1429 2514 1468 2537 est
1480 2520 1488 2537 :
1499 2509 1546 2547 qui
1560 2517 1650 2540 autem

908 2548 1009 2578 malitia
1021 2559 1088 2587 puer
1097 2554 1146 2583 est,
1159 2547 1280 2575 sensibus
1291 2546 1421 2585 perfectus
1431 2554 1478 2576 est.
1494 2548 1548 2585 Qui
1560 2556 1647 2579 autem

908 2594 1042 2617 mensurat
1064 2585 1257 2626 plenitudinem
1281 2585 1364 2614 aetatis
1386 2586 1508 2624 Christi,
1531 2588 1577 2618 ille
1598 2590 1647 2618 etsi
