1890 2826
581 197 611 221 S.
638 198 780 224 JOANMS
806 201 992 227 CRRYSOST·

236 182 308 228 4.6

234 263 260 285 et
272 267 334 297 rege
347 257 446 288 Edorn.
461 259 534 288 Cum
547 266 636 290 autem
646 270 700 291 non
714 261 864 293 invenirent
880 275 978 303 aquam

231 302 259 331 in
277 302 393 340 deserto,
414 311 440 334 et
458 304 493 334 de
510 304 565 335 vita
585 306 810 346 periclitarentur,
825 309 978 339 consulente

231 349 348 379 Ochozia
363 350 473 381 veniunt
489 350 524 380 ad
537 351 690 382 Elissaeum.
702 353 754 383 ule
770 364 834 385 vero
852 355 977 386 irascitur

229 440 311 479 dixit,
332 442 383 472 nisi
401 443 429 472 in
444 444 556 484 gratiam
569 444 640 485 regis
656 445 745 476 Judae.
759 448 853 487 Neque
872 455 974 479 tantum

228 497 360 526 aquarum
381 489 486 529 copiam
506 490 641 531 praedirit,
664 492 710 522 sed
732 493 812 523 etiam
833 495 974 525 victoriam

227 541 317 563 contra
328 535 516 572 Moabitidem,
526 537 557 567 id
569 538 642 577 quod
653 538 732 569 etiam
747 539 853 570 evenit:
867 540 893 569 iu
911 548 971 570 tan—

226 587 334 620 tamque
354 582 486 613 deductus
507 591 547 614 cst
568 585 746 616 calamitatem
765 597 814 616 rex
836 585 972 617 Moabita-

225 638 298 665 rum,
311 635 340 658 ut
354 630 434 659 etiam
451 631 540 661 filium
555 639 681 662 mactaret
694 643 775 673 supra
784 644 903 663 murum.
919 635 971 665 Hic

224 673 313 712 agitur
331 675 365 705 de
384 676 508 712 muliere,
528 679 606 718 cujus
625 679 716 708 oleum
729 679 968 719 superabundavit,

222 719 293 749 etde
304 722 482 759 Sumanitide,
495 723 540 753 cui
554 723 641 753 filium
653 725 759 754 salvum
770 725 889 755 reddidit
902 726 970 756 Elis-

222 776 301 802 saeus,
315 774 341 796 et
352 775 488 798 mortuum
501 770 651 800 suscitavit.
665 771 746 799 Fame
763 772 968 811 superveniente

220 813 426 844 amaritudinem
445 815 557 845 abstulit
567 827 583 845 a
598 816 692 850 lebete,
703 823 729 846 et
748 817 775 846 in
794 818 901 847 nomine
915 820 967 849 Dei

220 867 326 890 centum
338 861 411 891 viros
425 862 554 892 enutrivit
564 874 599 892 ex
613 862 709 903 viginti
721 863 837 903 panibus
852 865 966 895 hordea-

219 907 281 936 eeis.
295 909 382 947 Lepi-a
396 909 508 938 affectus
527 915 566 938 est
580 910 696 938 Neeman
711 909 770 939 dux
784 911 853 950 regis
866 911 965 951 Syriae,

219 955 267 992 qui
287 955 414 984 accedens
434 955 469 984 ad
490 966 578 995 regem
592 956 676 986 Isra'e'l
695 956 827 986 medelam
847 959 964 998 petebat3

217 1000 265 1029 ille
279 1011 343 1031 vero
355 1002 453 1031 anxius
467 1000 546 1031 scidit
564 1001 721 1031 vestimenta
737 1013 796 1031 sua.
811 1004 904 1043 Ipsum
922 1015 966 1035 ac-

216 1047 296 1076 cersit
315 1048 349 1077 El
354 1048 454 1085 issaeus,
475 1048 605 1088 jubetque
625 1048 747 1088 immergi
769 1049 796 1078 in
817 1050 964 1081 Jordanem

213 1094 320 1133 septies.
337 1095 387 1124 Ille
398 1105 462 1124 vero
475 1095 563 1135 primo
574 1094 684 1133 quidem
702 1096 829 1135 neglexit,
845 1107 893 1127 nee
907 1109 963 1127 mc-

213 1138 303 1168 delam
315 1140 378 1169 inde
391 1142 519 1181 speravit.
535 1142 651 1171 Domum
663 1142 748 1172 servis
761 1143 818 1172 suis
832 1143 964 1174 hortanti-

213 1185 276 1221 bus,
297 1187 466 1227 immergitur
484 1194 511 1217 et
532 1195 643 1217 curatur
665 1200 672 1217 ε
689 1188 813 1228 donaque
834 1191 961 1222 offerebat

213 1231 337 1268 Elissam,
352 1235 400 1272 qui
414 1234 461 1264 illa
477 1235 590 1275 respuit.
614 1234 805 1265 Abscedentem
823 1236 901 1267 illum
916 1238 959 1267 in-

211 1285 341 1317 sequutus
363 1280 439 1310 Giezi
453 1291 547 1311 servus
565 1280 682 1318 Etissaei,
702 1281 778 1320 quasi
791 1282 825 1311 ab
843 1282 956 1313 Etissaeo

210 1323 320 1361 missus,
341 1335 357 1354 a
377 1327 495 1356 Necman
515 1326 613 1367 accipit
629 1326 685 1356 duo
705 1326 801 1357 talenta
820 1336 954 1368 argentea,

209 1375 236 1398 et
255 1369 310 1401 duo
329 1372 498 1403 vestimenta.
515 1372 558 1402 Ad
578 1372 720 1403 Elissaeum
739 1384 803 1403 vero
818 1385 953 1414 reversus,
972 1384 990 1407 C

208 1423 312 1455 gestum
331 1419 464 1448 occultare
476 1419 604 1449 tentabat.
618 1419 669 1450 Ille
687 1426 775 1449 autem
789 1431 896 1451 servum
910 1434 954 1453 re-

207 1462 327 1503 darguit,
347 1472 373 1498 et
390 1466 418 1494 in
435 1475 543 1505 poenam
564 1465 677 1495 immisit
695 1465 808 1506 lepram.
832 1468 955 1499 Veniunt

207 1509 259 1538 filii
278 1511 469 1551 prophetarum
485 1522 583 1541 caesum
597 1511 670 1551 ligna
684 1511 720 1541 ad
738 1512 927 1544 aedificandum
943 1527 949 1544 ε

206 1563 236 1585 ut
248 1567 314 1586 vero
328 1558 429 1587 ferrum
444 1558 523 1588 unius
536 1569 570 1588 ex
581 1558 678 1598 capulo
691 1558 803 1596 excidit,
816 1567 952 1591 exsectum

204 1602 310 1641 lignum
324 1603 436 1633 immisit
449 1604 585 1640 Elissaeus,
600 1611 626 1634 et
638 1604 738 1634 serrum
749 1616 832 1645 supra
853 1617 951 1645 aquam

203 1649 342 1678 sublatum
351 1656 401 1679 est.
412 1651 472 1680 Rex
483 1650 568 1690 Syria}
577 1651 681 1680 bellum
692 1651 816 1681 movebat
827 1651 852 1680 in
866 1653 950 1682 Israe-

203 1694 256 1723 lem
270 1702 301 1724 ut
317 1696 477 1735 praedixerat
491 1697 630 1727 Elissaeus.
644 1699 686 1727 Re
703 1704 837 1738 comperta
853 1697 947 1733 hostis,

202 1740 284 1770 mittit
304 1749 419 1771 turmam
431 1742 550 1772 militum
569 1743 597 1772 in
619 1743 772 1773 Elissaeum.
789 1745 875 1774 Deum
899 1756 950 1774 ro-

201 1794 279 1826 gante
297 1789 437 1828 propheta,
447 1789 563 1818 caecitate
576 1790 764 1829 percutiuntur
777 1789 797 1820 ii
808 1791 855 1830 qui
870 1802 948 1821 vene—

199 1840 274 1870 runt,
289 1841 315 1863 et
327 1834 432 1863 inducit
442 1845 487 1864 eos
500 1836 527 1864 in
539 1835 641 1865 medios
652 1835 788 1872 inimicos,
804 1847 947 1876 regemque

199 1880 271 1917 ipsos
285 1880 416 1919 perimere
427 1881 560 1910 volentem
573 1882 681 1911 cohibet
693 1882 831 1918 Elissaens,
847 1883 893 1912 sed
900 1885 946 1924 ju-

197 1924 242 1954 bet
261 1926 395 1956 alimentis
415 1927 486 1956 datis
506 1927 616 1957 remitti.
633 1928 719 1957 Tanta
740 1930 945 1968 superveniente

196 1971 277 2007 fame,
292 1979 321 2001 ut
334 1980 415 2012 eaput
428 1973 496 2002 asini
510 1973 702 2013 quinquaginta
714 1973 800 2010 siclis,
812 1981 838 2004 et
848 1983 943 2014 quarta
959 1982 979 2005 t)

197 2027 259 2056 pars
267 2018 327 2046 cabi
338 2019 461 2048 stercoris
470 2019 657 2048 columbarum
668 2019 787 2058 quinque
795 2021 868 2050 siclis
875 2032 940 2051 ven-

195 2062 314 2100 deretur,
324 2063 426 2094 accedit
432 2064 467 2094 ad
475 2075 562 2104 regem
573 2065 670 2093 mulier
678 2066 788 2095 alteram
800 2067 941 2098 mulierem

195 2107 332 2146 incusans,
338 2109 411 2149 quod
420 2121 482 2140 cum
490 2110 578 2140 {ilium
586 2122 665 2139 suum
673 2122 762 2140 secum
770 2113 938 2151 comedisset,

194 2155 413 2194 promisissetque
421 2167 449 2185 se
458 2156 537 2185 etiam
548 2156 635 2185 [ilium
644 2158 758 2186 suumin
769 2158 860 2188 cibum
870 2170 939 2199 prae-

193 2199 312 2230 hituram
329 2211 397 2238 esse,
416 2202 555 2241 promissis
569 2212 622 2231 non
635 2202 757 2231 stetisset.
769 2204 846 2233 Tunc
860 2205 939 2236 scidit

176 2250 178 2252 ’
194 2257 243 2275 rex
254 2247 409 2276 vestimenta
418 2248 608 2286 sua‚misitque
621 2248 712 2278 virum
721 2248 767 2287 qui
777 2257 857 2289 caput
868 2252 938 2282 Elis-

192 2293 237 2322 saei
249 2300 408 2334 amputaret.
423 2294 548 2324 Pras-dicit
558 2294 688 2335 propheta
699 2295 723 2324 ei
737 2296 784 2334 qui
798 2307 825 2325 se
839 2309 935 2329 conve-

191 2348 276 2378 nerat,
286 2341 331 2371 die
341 2342 456 2377 crastina
468 2342 524 2372 fore
535 2341 694 2371 solutionem
706 2342 784 2372 famis
796 2355 802 2372 ε
814 2355 875 2374 cum
888 2357 936 2375 au—

192 2393 244 2416 tem
267 2388 314 2417 ille
337 2398 389 2417 non
416 2388 553 2425 crederet,
575 2388 738 2418 vaticinatur
762 2389 786 2418 ei
809 2398 934 2421 mortem.

191 2434 303 2473 Leprosi
321 2441 436 2472 quatuor
449 2434 484 2464 ob
500 2435 598 2464 famem
611 2434 638 2463 in
654 2434 865 2474 desperationem
885 2437 934 2467 ad—

189 2479 275 2516 ducti,
288 2490 344 2509 sese
355 2480 478 2510 hostibus
490 2480 587 2510 dedere
599 2480 754 2519 decernunt,
767 2489 792 2511 et
805 2482 840 2511 ad
850 2491 935 2514 castra
952 2476 970 2499 E

189 2525 335 2563 venientes,
350 2526 397 2555 illa
411 2526 522 2565 quidem
539 2527 695 2556 hominibus
714 2537 808 2565 vacua,
821 2529 934 2559 tentoria

190 2581 253 2600 vero
266 2571 372 2601 divitiis
385 2573 464 2612 plena
482 2573 653 2603 invenerunt.
672 2576 711 2603 Ac
725 2584 787 2603 cum
800 2574 932 2615 diripuis-

188 2624 246 2646 sent
266 2624 363 2656 quanta
384 2625 486 2657 gestare
502 2625 635 2659 poterant,
649 2619 679 2650 id
699 2620 756 2660 regi
780 2621 933 2652 nuntiatum

1018 203 1176 229 Ancttttzl‘.
1203 207 1477 234 CONSTANTINOP-

1034 265 1121 300 σιλεὺς
1134 267 1260 308 Ἰσραῂλ,
1283 270 1442 310 προσ-λαθὼν
1459 271 1505 302 καὶ
1519 271 1563 303 τὸν
1576 273 1709 316 Ἰωσαφὰτ
1729 278 1807 317 βασι-

1032 310 1079 340 λέα
1094 311 1198 349 Ἰούδα,
1226 314 1271 344 καὶ
1284 314 1328 344 τὸν
1341 316 1433 356 Ἐδὼμ
1454 318 1573 357 βασιλέα.
1587 319 1635 354 Ὡς
1651 321 1679 350 δὲ
1698 324 1748 362 οὐχ
1761 323 1805 352 εὖ-

984 387 1020 406 355
1032 369 1121 397 ρισκον
1138 358 1208 400 ὕδωρ
1229 361 1256 390 ἔν
1271 363 1304 402 τῇ
1319 362 1424 403 ἐρήμῳ,
1439 364 1499 393 ἀλλ’
1521 365 1681 397 ἐκινδύνευον
1695 369 1808 410 διαφθα-

231 402 322 425 contra
342 407 430 437 regem
445 397 538 434 Israel,
554 408 603 428 nec
620 409 648 429 se
659 397 737 430 illum
756 401 886 441 respicere
905 403 976 433 velle
992 416 1011 438 Α
1031 405 1125 443 ρῆναι,

1157 406 1400 445 συμὸουλεύσαντος
1432 410 1555 450 Ὀχοζίου
1585 412 1709 453 ἔρχονται
1741 415 1807 456 πρὸς

1029 448 1192 481 Ἐλισσαῖον.
1205 452 1240 483 ‘0
1246 452 1275 483 δὲ
1287 454 1420 494 ὀργίζεται
1429 455 1496 496 πρὸς
1506 456 1551 486 τὸν
1561 459 1672 497 βασιλέα
1685 460 1809 501 Ἰσραὴλ,

1028 495 1073 525 καὶ
1088 497 1143 526 οὐδ’
1158 497 1190 526 ἂν
1205 499 1269 528 ἰδεῖν
1283 501 1360 530 αὐτὸν
1383 500 1448 541 ἔφη,
1466 504 1491 531 εἰ
1513 502 1551 542 μὴ
1567 503 1609 533 διὰ
1633 505 1678 535 τὸν
1693 507 1805 546 βασιλέα

1027 540 1124 572 Ἰούδα.
1141 544 1181 572 Οὔ
1194 543 1273 583 μόνον
1288 545 1316 575 δὲ
1330 545 1424 589 ὕδατος
1436 548 1561 588 ἀφθονίαν
1575 555 1701 590 προεῖπεν
1716 553 1805 588 αὐτοῖς

1024 587 1105 625 ἥξειν,
1120 589 1189 619 ἀλλὰ
1201 590 1247 619 καὶ
1257 590 1307 627 τὴν
1319 592 1448 632 κράτησιν
1459 597 1507 631 τ’ἧς
1517 596 1685 631 Maureta-1804
1693 619 1701 633 ‚
1713 598 1805 640 ὥσπερ

1024 634 1068 664 καὶ
1081 634 1173 675 γέγονε
1183 647 1190 654 ·
1207 636 1252 666 καὶ
1263 639 1301 670 εἷς
1312 638 1442 675 τοσαύτην
1451 641 1588 682 συμφορὰν
1599 638 1677 679 ἦλθεν
1691 647 1706 674 6
1719 645 1802 675 Μωα-

1024 680 1104 710 &mnu
1126 682 1264 722 βασιλεὺς,
1278 683 1347 714 ὥστε
1360 685 1407 714 τὸν
1417 686 1473 715 υἱὸν
1488 683 1567 717 αὖτοῧ
1592 689 1688 729 σφάξαι
1702 691 1802 722 ἄνωθεν

1023 725 1076 755 ἀπὸ
1086 729 1132 756 τοῦ
1146 727 1260 767 τείχους.
1270 729 1400 760 Ἐνταῦθα
1413 733 1430 766 ἡ
1441 728 1542 771 γυνὴ,·’ᾗ
1552 733 1583 763 τὸ
1595 733 1684 764 ἔλαιον
1696 737 1802 776 ἐπερίσι

1022 783 1116 809 σευσε,
1132 773 1177 803 καὶ
1191 776 1208 810 ἡ
1219 776 1393 815 Σουμανῖτις,
1405 772 1424 815 ’ᾖ
1435 777 1480 807 τὸν
1497 778 1553 808 υἱὸν
1564 780 1708 820 ἐχαρίσατο
1727 782 1804 818 εὐξά-

1021 829 1116 856 μενος,
1141 819 1185 848 καὶ
1206 821 1370 851 ἀποθανόντα
1394 822 1534 860 ἀνέστησε.
1557 826 1645 865 Λιμοῦ
1660 828 1800 867 γενομένου

1019 862 1068 899 τήν
1086 876 1115 893 τε
1135 865 1243 905 πικρίαν
1255 868 1347 907 ἀφεῖλε
1359 868 1409 904 τὴν
1423 870 1450 897 ἐν
1474 871 1512 909 τῷ
1534 869 1630 907 λέὸητι
1642 873 1799 912 γενομένην,

1019 909 1064 938 καὶ
1075 910 1168 940 ἑκατὸν
1183 911 1278 952 ἄνδρας
1292 913 1399 954 ἔθρεψεν
1412 916 1440 944 ἐν
1454 915 1566 954 ὀνόματι
1578 918 1650 947 Θεοῦ
1662 919 1718 949 ἀπὸ
1738 931 1802 960 κρι-

1018 955 1096 986 θίνων
1112 956 1198 996 ἄρτων
1212 958 1319 988 εἴκοσιν.
1335 960 1491 1001 Ἐλεπρώθη
1506 963 1613 1002 Νεεμὰν
1623 966 1638 993 6
1651 966 1799 1005 στρατηγὸς

1017 1004 1062 1031 τοῦ
1076 1003 1206 1042 βασιλέως
1219 1004 1326 1044 Σύρων·
1352 1006 1397 1035 καὶ
1412 1006 1494 1036 ἐλθὼν
1517 1008 1582 1048 πρὸς
1608 1009 1653 1039 τὸν
1681 1011 1797 1050 βασιλέα

1017 1047 1127 1088 Ἰσραὴλ
1139 1049 1226 1085 ἐζήτει
1237 1051 1378 1091 θεραπείαν
1386 1064 1393 1071 ·
1404 1055 1418 1082 6
1429 1052 1458 1082 δὲ
1472 1054 1602 1095 διηπόρει,
1618 1055 1663 1085 καὶ
1678 1057 1798 1097 διέῤῥηξε

1016 1092 1049 1121 τὰ
1066 1093 1160 1132 ἱμάτια
1175 1097 1263 1124 αὐτοῦ.
1279 1097 1492 1136 Μεταπέμπεται
1506 1100 1584 1129 αὐτὸν
1599 1103 1613 1130 ὁ
1627 1101 1797 1143 Ἐλισσαῖος,

1015 1139 1060 1169 καὶ
1071 1140 1173 1171 κελεύει
1193 1143 1370 1181 βαπτισθῆναι
1385 1145 1411 1173 ἓν
1425 1147 1463 1185 τῷ
1484 1144 1603 1186 Ἰορδάνῃ
1615 1146 1737 1187 ἔὸδομον.
1761 1148 1796 1178 ‘0

1014 1186 1042 1215 δὲ
1054 1186 1083 1216 τὸ
1098 1186 1147 1226 μὲν
1162 1189 1266 1227 πρῶτον
1279 1188 1382 1226 ὤκνησε
1393 1213 1401 1227 ,
1414 1190 1460 1220 καὶ
1470 1191 1578 1227 ἠπίστει
1593 1195 1794 1233 θεραπευθῆναι·

1012 1231 1121 1272 ὕστερον
1153 1234 1181 1263 δὲ
1204 1233 1255 1263 ὑπὸ
1286 1236 1338 1264 τῶν
1365 1235 1467 1265 παίδων
1479 1260 1481 1262 .
1491 1239 1570 1267 αὐτοῦ
1600 1239 1806 1279 παρακληθεὶς,’

1013 1278 1171 1316 βαπτίζεται
1199 1279 1244 1309 καὶ
1271 1281 1462 1320 θεραπεύεται,
1488 1282 1533 1312 καὶ
1555 1283 1640 1313 ἐδίδου
1663 1285 1734 1326 δῶρα
1751 1288 1791 1327 τῷ

1010 1322 1165 1364 Ἐλισσαίῳ.
1186 1324 1221 1354 ‘O
1240 1326 1268 1355 δὲ
1292 1328 1339 1355 οὔκ
1359 1327 1460 1363 ἤθελεν.
1474 1328 1521 1362 Ὡς
1535 1329 1563 1358 δὲ
1577 1331 1694 1365 ἀπῆλθεν
1713 1334 1728 1361 6
1747 1331 1793 1362 ἄν·

1009 1371 1123 1408 θρωπος,
1145 1371 1308 1406 καταδιώξας
1321 1374 1335 1401 ὁ
1349 1374 1371 1402 Γ
1374 1373 1421 1407 ιεζὶ
1440 1376 1454 1403 6
1469 1378 1532 1408 παῖς
1545 1378 1592 1404 τοῦ
1612 1374 1767 1407 Ἐλισσαίου
1781 1401 1790 1415 ,

1007 1416 1043 1448 ὡς
1066 1415 1139 1456 παρὰ
1163 1420 1209 1447 τοῦ
1234 1417 1388 1448 Ἐλισσαίου
1403 1420 1530 1460 πεμφθεὶς
1539 1442 1548 1457 ,
1571 1422 1702 1461 λαμὸάνει
1713 1423 1789 1464 παρὰ

1006 1463 1052 1489 τοῦ
1075 1461 1182 1501 Νεεμὰν
1204 1463 1357 1493 διτάλαντον
1379 1466 1518 1506 ἀργυρίου,
1542 1466 1589 1496 καὶ
1616 1468 1662 1498 δύο
1683 1469 1787 1504 στολάς.

1006 1506 1108 1536 Ἐλθὼν
1131 1508 1159 1537 δὲ
1185 1509 1250 1549 πρὸς
1276 1509 1431 1540 Ἐλισσαῖον
1451 1513 1574 1552 ἐπειρᾶτο
1590 1513 1726 1553 κρύπτειν.
1750 1514 1785 1544 Ὁ

1005 1551 1033 1581 δὲ
1053 1553 1185 1593 διήλεγξεν
1212 1555 1289 1584 αὐτὸν
1301 1577 1309 1591 ,
1336 1555 1382 1585 καὶ
1404 1556 1536 1597 τιμωρίαν
1564 1557 1644 1588 aa&
1672 1559 1722 1596 τὴν
1740 1560 1786 1590 λε’-

1004 1609 1082 1638 πραν.
1109 1598 1255 1640 Ἐρχονται
1276 1602 1300 1629 οἱ
1324 1601 1376 1630 υἱοὶ
1392 1604 1445 1631 τῶν
1467 1607 1610 1643 προφητῶν
1625 1604 1705 1646 κόψαι
1719 1605 1784 1640 ξύλα

1003 1643 1069 1683 πρὸς
1096 1645 1248 1684 οἰκοδομήν.
1265 1646 1313 1680 Ὡς
1339 1646 1367 1676 δὲ
1391 1647 1512 1682 ἐξέπεσεν
1536 1650 1592 1684 ἐνὸς
1615 1651 1645 1680 τὸ
1667 1652 1787 1692 σιδήριον

1003 1689 1033 1718 ἐκ
1052 1692 1097 1718 τοῦ
1121 1692 1228 1720 στελεοῦ
1242 1714 1249 1727 ,
1279 1692 1366 1732 ῥίπτει
1386 1692 1461 1727 ξύλον
1477 1694 1631 1730 ἀποκλάσας
1649 1698 1664 1726 6
1690 1696 1785 1727 Ἑλισ-

1002 1740 1089 1772 σαῖος,
1111 1737 1156 1767 καὶ
1180 1738 1367 1779 ἐμετεωρίζετο
1389 1739 1419 1768 τὸ
1442 1740 1559 1781 σιδήριον
1583 1742 1627 1772 ἐπὶ
1649 1745 1695 1772 τοῦ
1715 1743 1783 1773 ὕδα-

1001 1793 1053 1816 τος.
1082 1783 1211 1817 Βασιλεὺς
1237 1785 1336 1825 Συρίας
1357 1786 1481 1825 ἐπολέμει
1501 1787 1546 1816 τὸν
1569 1788 1695 1828 Ἰσραὴλ,
1719 1801 1783 1831 προ-

1000 1828 1121 1868 λέγοντος
1141 1831 1212 1869 αὖτῷ
1231 1833 1276 1859 τοῦ
1299 1830 1463 1861 Ἐλισσαίου.
1488 1832 1588 1862 Μαθὼν
1606 1836 1621 1863 6
1642 1835 1781 1874 πολέμιος,

999 1875 1102 1914 πέμπει
1116 1876 1270 1916 στράτευμα
1284 1877 1328 1906 ἐπὶ
1341 1878 1386 1907 τὸν
1398 1878 1563 1908 Ἐλισσαῖον.
1580 1880 1731 1920 Εὖξαμένου
1751 1882 1779 1912 δὲ

998 1924 1044 1950 τοῦ
1057 1922 1211 1963 προφήτου,
1233 1923 1395 1959 πλήττονται
1417 1925 1528 1965 ἄορασίᾳ
1546 1927 1571 1954 οἱ
1584 1926 1716 1963 ἐλθόντες,
1731 1929 1777 1958 καὶ

997 1967 1098 2007 εἰσάγει
1111 1968 1204 2002 αὐτοὺς
1217 1971 1255 2002 εἷς
1277 1969 1373 2008 μέσους
1391 1970 1452 2003 τοὺς
1468 1970 1578 2011 ἐχθροὺς
1600 1973 1703 2010 αὐτῶν,
1727 1974 1773 2003 καὶ

997 2013 1155 2052 βουλόμενον
1169 2014 1212 2043 τὸν
1228 2015 1340 2054 βασιλέα
1353 2017 1454 2045 ἀνελεῖν
1469 2016 1576 2053 αὐτοὺς,
1589 2018 1747 2048 διεκώλυσεν
1758 2022 1774 2049 6

995 2058 1148 2093 Ἐλισσαῖος
1157 2072 1163 2078 ·
1184 2060 1356 2094 ἑστιάσαντας
1378 2061 1405 2090 δὲ
1418 2061 1512 2096 αὐτοὺς
1523 2063 1660 2093 ἐκέλευσεν
1672 2065 1770 2105 ἐκπέμ-

993 2105 1051 2144 ψαι.
1073 2107 1161 2144 Λιμοῦ
1175 2106 1369 2140 καταλαὸόντος
1384 2108 1508 2147 ἰσχυροῦ,
1523 2110 1558 2141 ὡς
1581 2109 1698 2149 κεφαλὴν
1711 2111 1771 2141 ὄνου

993 2151 1158 2188 πεντήκοντα
1177 2152 1273 2182 σίκλων
1283 2175 1291 2188 ,
1306 2153 1351 2182 καὶ
1365 2153 1490 2194 τέταρτον
1510 2154 1594 2185 κάὸου
1609 2156 1707 2197 κόπρου
1721 2170 1772 2187 πε-

995 2199 1121 2238 ριστερῶν
1138 2198 1216 2228 πέντε
1234 2198 1330 2228 σίκλων
1354 2194 1434 2235 εἶναι,
1457 2201 1635 2242 προσέρχεται
1649 2203 1714 2243 γυνὴ
1733 2207 1771 2245 τῷ

994 2245 1097 2283 βασιλεῖ
1108 2245 1257 2284 ἐγκαλοῦσα
1270 2245 1347 2286 ἑτέρᾳ
1361 2247 1441 2285 γυνῇ,
1455 2245 1496 2276 ὅτι
1506 2247 1550 2276 τὸν
1564 2247 1620 2278 υἱὸν
1634 2251 1715 2285 αὐτῆς
1726 2262 1771 2279 κα-

992 2293 1147 2329 ταφαγοῦσα
1162 2292 1220 2329 μετ’
1246 2292 1327 2326 αὐτῆς
1341 2314 1349 2328 ,
1372 2291 1418 2321 καὶ
1439 2292 1483 2322 τὸν
1508 2292 1574 2323 ἴδιον
1600 2295 1769 2335 ὑποσχομένη

991 2336 1113 2375 παρέξειν
1121 2359 1129 2373 ,
1143 2336 1315 2376 ἠγνωμόνησε
1329 2338 1390 2378 περὶ
1401 2338 1451 2375 τὴν
1462 2339 1602 2370 ἀντίδοσιν.
1613 2341 1682 2370 Τότε
1697 2342 1769 2382 διέῤ-

992 2382 1053 2421 ῥηξε
1069 2383 1102 2413 τὰ
1113 2383 1207 2423 ἱμάτια
1221 2385 1299 2413 αὐτοῦ
1310 2386 1324 2413 6
1336 2385 1459 2424 βασιλεὺς
1467 2407 1475 2422 ,
1499 2386 1543 2415 καὶ
1554 2386 1655 2426 πέμπει
1669 2387 1713 2417 ἐπὶ
1724 2389 1769 2418 τὸν

990 2429 1142 2461 Ἐλισσαῖον
1158 2434 1262 2473 ἀφελεῖν
1281 2434 1360 2462 αὐτοῦ
1374 2433 1422 2470 τὴν
1441 2434 1568 2475 κεφαλήν.
1582 2435 1662 2475 Λέγει
1676 2438 1690 2466 6
1702 2449 1767 2477 προ-

990 2477 1076 2516 φήτης
1088 2480 1126 2518 τῷ
1148 2479 1252 2508 ἐλθόντι
1277 2480 1318 2508 ἐπ’
1348 2480 1441 2516 αὐτὸν,
1457 2480 1498 2510 ὅτι
1520 2480 1609 2521 αὔριον
1633 2481 1707 2512 ἔσται
1721 2486 1767 2512 τοῦ

988 2524 1067 2561 λιμοῦ
1080 2526 1096 2558 ἡ
1113 2523 1198 2557 λύσις.
1216 2524 1264 2558 Ὡς
1279 2525 1307 2554 δὲ
1321 2525 1470 2563 διηπίστει,
1493 2527 1617 2567 προλέγει
1633 2530 1704 2569 αὐτῷ
1718 2530 1766 2559 θά-

989 2585 1077 2602 νατον.
1098 2575 1198 2614 Λεπροὶ
1221 2575 1347 2615 τέσσαρες
1361 2576 1535 2616 ἀπειρηκότες
1549 2580 1587 2618 τῷ
1603 2579 1675 2619 λιμῷ
1685 2603 1692 2616 ,
1705 2582 1766 2619 βου-

989 2623 1112 2653 λεύονται
1129 2625 1291 2664 παραδοῦναι
1306 2626 1412 2660 ἑαυτοὺς
1423 2631 1477 2661 τοῖς
1486 2628 1637 2668 πολεμίοις,
1659 2630 1704 2660 καὶ
1723 2632 1769 2660 ἐλ.
