<?xml version="1.0" encoding="UTF-8"?>
<!DOCTYPE html PUBLIC "-//W3C//DTD XHTML 1.0 Transitional//EN"
    "http://www.w3.org/TR/xhtml1/DTD/xhtml1-transitional.dtd">
<html xmlns="http://www.w3.org/1999/xhtml" xml:lang="en" lang="en">
 <head>
  <title>
</title>
<meta http-equiv="Content-Type" content="text/html;charset=utf-8" />
  <meta name='ocr-system' content='tesseract 3.04.00' />
  <meta name='ocr-capabilities' content='ocr_page ocr_carea ocr_par ocr_line ocrx_word'/>
</head>
<body>
  <div class='ocr_page' id='page_1' title='image "./operaomniaquaeex06johnuoft_0612.png"; bbox 0 0 1890 2826; ppageno 0'>
   <div class='ocr_carea' id='block_1_1' title="bbox 107 1501 244 1524">
    <p class='ocr_par' dir='ltr' id='par_1_1' title="bbox 107 1501 244 1524">
     <span class='ocr_line' id='line_1_1' title="bbox 107 1501 244 1524; baseline 0 0"><span class='ocrx_word' id='word_1_1' title='bbox 107 1504 163 1524; x_wconf 80' lang='lat' dir='ltr'>Gen.</span> <span class='ocrx_word' id='word_1_2' title='bbox 175 1502 197 1524; x_wconf 87' lang='lat'>3.</span> <span class='ocrx_word' id='word_1_3' title='bbox 208 1501 244 1524; x_wconf 78' lang='lat'>16.</span> 
     </span>
    </p>
   </div>
   <div class='ocr_carea' id='block_1_2' title="bbox 109 1639 244 1663">
    <p class='ocr_par' dir='ltr' id='par_1_2' title="bbox 109 1639 244 1663">
     <span class='ocr_line' id='line_1_2' title="bbox 109 1639 244 1663; baseline 0.015 -2"><span class='ocrx_word' id='word_1_4' title='bbox 109 1642 164 1662; x_wconf 77' lang='lat' dir='ltr'>Gen.</span> <span class='ocrx_word' id='word_1_5' title='bbox 176 1647 195 1663; x_wconf 84' lang='grc' dir='ltr'>ι.</span> <span class='ocrx_word' id='word_1_6' title='bbox 206 1639 244 1663; x_wconf 79' lang='lat'>28.</span> 
     </span>
    </p>
   </div>
   <div class='ocr_carea' id='block_1_3' title="bbox 106 1732 222 1755">
    <p class='ocr_par' dir='ltr' id='par_1_3' title="bbox 106 1732 222 1755">
     <span class='ocr_line' id='line_1_3' title="bbox 106 1732 222 1755; baseline 0.017 -2"><span class='ocrx_word' id='word_1_7' title='bbox 106 1732 171 1754; x_wconf 76' lang='lat' dir='ltr'>Rom.</span> <span class='ocrx_word' id='word_1_8' title='bbox 188 1738 222 1755; x_wconf 81' lang='grc' dir='ltr'>Η.</span> 
     </span>
    </p>
   </div>
   <div class='ocr_carea' id='block_1_4' title="bbox 105 1770 143 1793">
    <p class='ocr_par' dir='ltr' id='par_1_4' title="bbox 105 1770 143 1793">
     <span class='ocr_line' id='line_1_4' title="bbox 105 1770 143 1793; baseline 0 -9"><span class='ocrx_word' id='word_1_9' title='bbox 105 1770 143 1793; x_wconf 74' lang='lat'>29.</span> 
     </span>
    </p>
   </div>
   <div class='ocr_carea' id='block_1_5' title="bbox 109 2325 145 2342">
    <p class='ocr_par' dir='ltr' id='par_1_5' title="bbox 109 2325 145 2342">
     <span class='ocr_line' id='line_1_5' title="bbox 109 2325 145 2342; baseline 0.056 -2"><span class='ocrx_word' id='word_1_10' title='bbox 109 2325 145 2342; x_wconf 81' lang='grc' dir='ltr'>ΙΟ-</span> 
     </span>
    </p>
   </div>
   <div class='ocr_carea' id='block_1_6' title="bbox 104 2419 242 2442">
    <p class='ocr_par' dir='ltr' id='par_1_6' title="bbox 104 2419 242 2442">
     <span class='ocr_line' id='line_1_6' title="bbox 104 2419 242 2442; baseline 0.007 -2"><span class='ocrx_word' id='word_1_11' title='bbox 104 2419 242 2442; x_wconf 59' lang='lat' dir='ltr'>lsai.3o.15.</span> 
     </span>
    </p>
   </div>
   <div class='ocr_carea' id='block_1_7' title="bbox 247 179 317 227">
    <p class='ocr_par' dir='ltr' id='par_1_7' title="bbox 247 179 317 227">
     <span class='ocr_line' id='line_1_7' title="bbox 247 179 317 227; baseline -0.014 -13"><span class='ocrx_word' id='word_1_12' title='bbox 247 179 317 227; x_wconf 84' lang='lat'>592</span> 
     </span>
    </p>
   </div>
   <div class='ocr_carea' id='block_1_8' title="bbox 243 247 1026 1207">
    <p class='ocr_par' dir='ltr' id='par_1_8' title="bbox 243 247 1026 1207">
     <span class='ocr_line' id='line_1_8' title="bbox 245 247 988 292; baseline -0.005 -11"><span class='ocrx_word' id='word_1_13' title='bbox 245 254 307 292; x_wconf 79' lang='lat' dir='ltr'>ejus</span> <span class='ocrx_word' id='word_1_14' title='bbox 320 252 503 282; x_wconf 82' lang='lat' dir='ltr'><strong><em>calcaneum.</em></strong></span> <span class='ocrx_word' id='word_1_15' title='bbox 518 250 594 289; x_wconf 79' lang='lat' dir='ltr'>Quid</span> <span class='ocrx_word' id='word_1_16' title='bbox 608 250 659 280; x_wconf 83' lang='lat' dir='ltr'>hoc</span> <span class='ocrx_word' id='word_1_17' title='bbox 672 249 725 280; x_wconf 85' lang='lat' dir='ltr'>sibi</span> <span class='ocrx_word' id='word_1_18' title='bbox 738 249 821 281; x_wconf 76' lang='lat' dir='ltr'>vult?</span> <span class='ocrx_word' id='word_1_19' title='bbox 834 250 896 280; x_wconf 86' lang='lat' dir='ltr'>Non</span> <span class='ocrx_word' id='word_1_20' title='bbox 909 247 988 286; x_wconf 83' lang='lat' dir='ltr'>dicit,</span> 
     </span>
     <span class='ocr_line' id='line_1_9' title="bbox 245 294 990 333; baseline -0.005 -5"><span class='ocrx_word' id='word_1_21' title='bbox 245 298 355 329; x_wconf 81' lang='lat' dir='ltr'>Faciam</span> <span class='ocrx_word' id='word_1_22' title='bbox 370 305 399 328; x_wconf 92' lang='lat' dir='ltr'>ut</span> <span class='ocrx_word' id='word_1_23' title='bbox 411 298 492 327; x_wconf 89' lang='lat' dir='ltr'>homo</span> <span class='ocrx_word' id='word_1_24' title='bbox 507 308 523 326; x_wconf 86' lang='lat' dir='ltr'>a</span> <span class='ocrx_word' id='word_1_25' title='bbox 536 296 638 327; x_wconf 73' lang='lat' dir='ltr'>caeoen&#39;s</span> <span class='ocrx_word' id='word_1_26' title='bbox 655 296 710 326; x_wconf 81' lang='lat' dir='ltr'>tuis</span> <span class='ocrx_word' id='word_1_27' title='bbox 722 295 855 333; x_wconf 76' lang='lat' dir='ltr'>membris</span> <span class='ocrx_word' id='word_1_28' title='bbox 863 294 990 326; x_wconf 78' lang='lat' dir='ltr'>feriendis</span> 
     </span>
     <span class='ocr_line' id='line_1_10' title="bbox 244 339 1026 383; baseline -0.006 -8"><span class='ocrx_word' id='word_1_29' title='bbox 244 345 385 380; x_wconf 84' lang='lat' dir='ltr'>abstineat,</span> <span class='ocrx_word' id='word_1_30' title='bbox 414 339 556 382; x_wconf 83' lang='lat' dir='ltr'>solumque</span> <span class='ocrx_word' id='word_1_31' title='bbox 579 349 660 383; x_wconf 85' lang='lat' dir='ltr'>caput</span> <span class='ocrx_word' id='word_1_32' title='bbox 684 342 778 372; x_wconf 80' lang='lat' dir='ltr'>eaedat.</span> <span class='ocrx_word' id='word_1_33' title='bbox 801 342 896 372; x_wconf 90' lang='lat' dir='ltr'>Utitur</span> <span class='ocrx_word' id='word_1_34' title='bbox 917 341 991 374; x_wconf 74' lang='lat' dir='ltr'>enim</span> <span class='ocrx_word' id='word_1_35' title='bbox 1006 342 1026 367; x_wconf 87' lang='lat' dir='ltr'>C</span> 
     </span>
     <span class='ocr_line' id='line_1_11' title="bbox 244 386 990 431; baseline -0.007 -10"><span class='ocrx_word' id='word_1_36' title='bbox 244 392 326 421; x_wconf 89' lang='lat' dir='ltr'>homo</span> <span class='ocrx_word' id='word_1_37' title='bbox 338 390 425 431; x_wconf 85' lang='lat' dir='ltr'>plagis</span> <span class='ocrx_word' id='word_1_38' title='bbox 439 390 466 419; x_wconf 92' lang='lat' dir='ltr'>in</span> <span class='ocrx_word' id='word_1_39' title='bbox 480 389 570 419; x_wconf 89' lang='lat' dir='ltr'>omnia</span> <span class='ocrx_word' id='word_1_40' title='bbox 586 388 718 430; x_wconf 83' lang='lat' dir='ltr'>serpentis</span> <span class='ocrx_word' id='word_1_41' title='bbox 729 388 863 426; x_wconf 87' lang='lat' dir='ltr'>membra,</span> <span class='ocrx_word' id='word_1_42' title='bbox 877 393 908 417; x_wconf 90' lang='lat' dir='ltr'>ut</span> <span class='ocrx_word' id='word_1_43' title='bbox 925 386 990 416; x_wconf 86' lang='lat' dir='ltr'>ubi-</span> 
     </span>
     <span class='ocr_line' id='line_1_12' title="bbox 244 433 991 477; baseline -0.003 -11"><span class='ocrx_word' id='word_1_44' title='bbox 244 447 359 476; x_wconf 87' lang='lat' dir='ltr'><strong>cumque</strong></span> <span class='ocrx_word' id='word_1_45' title='bbox 377 435 548 477; x_wconf 84' lang='lat' dir='ltr'>percusserit,</span> <span class='ocrx_word' id='word_1_46' title='bbox 569 441 657 465; x_wconf 89' lang='lat' dir='ltr'>totum</span> <span class='ocrx_word' id='word_1_47' title='bbox 683 434 839 465; x_wconf 88' lang='lat' dir='ltr'>ulciscatur.</span> <span class='ocrx_word' id='word_1_48' title='bbox 855 433 890 465; x_wconf 91' lang='lat' dir='ltr'>Id</span> <span class='ocrx_word' id='word_1_49' title='bbox 907 444 991 474; x_wconf 84' lang='lat' dir='ltr'>porro</span> 
     </span>
     <span class='ocr_line' id='line_1_13' title="bbox 245 480 989 523; baseline -0.004 -10"><span class='ocrx_word' id='word_1_50' title='bbox 245 483 320 523; x_wconf 87' lang='lat' dir='ltr'>quod</span> <span class='ocrx_word' id='word_1_51' title='bbox 332 494 347 512; x_wconf 84' lang='lat' dir='ltr'>a</span> <span class='ocrx_word' id='word_1_52' title='bbox 361 481 478 512; x_wconf 88' lang='lat' dir='ltr'>Domino</span> <span class='ocrx_word' id='word_1_53' title='bbox 491 481 608 523; x_wconf 80' lang='lat' dir='ltr'><strong>serpenti</strong></span> <span class='ocrx_word' id='word_1_54' title='bbox 627 480 731 511; x_wconf 84' lang='lat' dir='ltr'>dictum</span> <span class='ocrx_word' id='word_1_55' title='bbox 749 488 801 518; x_wconf 85' lang='lat' dir='ltr'>est,</span> <span class='ocrx_word' id='word_1_56' title='bbox 820 482 865 511; x_wconf 89' lang='lat' dir='ltr'>Tu</span> <span class='ocrx_word' id='word_1_57' title='bbox 891 481 989 510; x_wconf 82' lang='lat' dir='ltr'>obser-</span> 
     </span>
     <span class='ocr_line' id='line_1_14' title="bbox 246 527 989 568; baseline -0.004 -9"><span class='ocrx_word' id='word_1_58' title='bbox 246 531 327 559; x_wconf 82' lang='lat' dir='ltr'>vabis</span> <span class='ocrx_word' id='word_1_59' title='bbox 345 528 518 558; x_wconf 80' lang='lat' dir='ltr'><strong><em>calcaneum</em></strong></span> <span class='ocrx_word' id='word_1_60' title='bbox 531 529 605 568; x_wconf 84' lang='lat' dir='ltr'>ejus,</span> <span class='ocrx_word' id='word_1_61' title='bbox 625 537 680 557; x_wconf 89' lang='lat' dir='ltr'>non</span> <span class='ocrx_word' id='word_1_62' title='bbox 700 527 844 567; x_wconf 80' lang='lat' dir='ltr'>signifieat,</span> <span class='ocrx_word' id='word_1_63' title='bbox 859 527 913 568; x_wconf 89' lang='lat' dir='ltr'>ipsi</span> <span class='ocrx_word' id='word_1_64' title='bbox 923 536 989 557; x_wconf 87' lang='lat' dir='ltr'>eon—</span> 
     </span>
     <span class='ocr_line' id='line_1_15' title="bbox 244 572 990 605; baseline -0.004 0"><span class='ocrx_word' id='word_1_65' title='bbox 244 586 346 605; x_wconf 87' lang='lat' dir='ltr'>cessum</span> <span class='ocrx_word' id='word_1_66' title='bbox 356 585 413 605; x_wconf 88' lang='lat' dir='ltr'>esse</span> <span class='ocrx_word' id='word_1_67' title='bbox 426 580 457 604; x_wconf 90' lang='lat' dir='ltr'>ut</span> <span class='ocrx_word' id='word_1_68' title='bbox 469 573 623 604; x_wconf 78' lang='lat' dir='ltr'>calcaneum</span> <span class='ocrx_word' id='word_1_69' title='bbox 632 573 772 603; x_wconf 79' lang='lat' dir='ltr'>adoriatur</span> <span class='ocrx_word' id='word_1_70' title='bbox 783 585 790 603; x_wconf 76' lang='grc' dir='ltr'>ι</span> <span class='ocrx_word' id='word_1_71' title='bbox 802 572 907 603; x_wconf 85' lang='lat' dir='ltr'>invadit</span> <span class='ocrx_word' id='word_1_72' title='bbox 917 572 990 602; x_wconf 88' lang='lat' dir='ltr'>onim</span> 
     </span>
     <span class='ocr_line' id='line_1_16' title="bbox 243 619 990 662; baseline -0.005 -11"><span class='ocrx_word' id='word_1_73' title='bbox 243 621 405 661; x_wconf 83' lang='lat' dir='ltr'><strong>quandoque</strong></span> <span class='ocrx_word' id='word_1_74' title='bbox 415 630 524 662; x_wconf 84' lang='lat' dir='ltr'>serpens</span> <span class='ocrx_word' id='word_1_75' title='bbox 541 619 714 657; x_wconf 81' lang='lat' dir='ltr'>dormientes,</span> <span class='ocrx_word' id='word_1_76' title='bbox 726 626 848 650; x_wconf 85' lang='lat' dir='ltr'>ventrem</span> <span class='ocrx_word' id='word_1_77' title='bbox 861 629 914 649; x_wconf 91' lang='lat' dir='ltr'>non</span> <span class='ocrx_word' id='word_1_78' title='bbox 928 629 990 648; x_wconf 81' lang='lat' dir='ltr'>raro</span> 
     </span>
     <span class='ocr_line' id='line_1_17' title="bbox 243 665 991 708; baseline -0.004 -11"><span class='ocrx_word' id='word_1_79' title='bbox 243 674 366 708; x_wconf 87' lang='lat' dir='ltr'>occupat,</span> <span class='ocrx_word' id='word_1_80' title='bbox 380 666 501 696; x_wconf 78' lang='lat' dir='ltr'>immittit</span> <span class='ocrx_word' id='word_1_81' title='bbox 517 673 663 704; x_wconf 82' lang='lat' dir='ltr'>venenum,</span> <span class='ocrx_word' id='word_1_82' title='bbox 684 665 808 695; x_wconf 82' lang='lat' dir='ltr'>manibus</span> <span class='ocrx_word' id='word_1_83' title='bbox 827 676 858 696; x_wconf 82' lang='lat' dir='ltr'>ac</span> <span class='ocrx_word' id='word_1_84' title='bbox 877 665 991 704; x_wconf 84' lang='lat' dir='ltr'>reliquis</span> 
     </span>
     <span class='ocr_line' id='line_1_18' title="bbox 243 711 989 753; baseline -0.005 -9"><span class='ocrx_word' id='word_1_85' title='bbox 243 714 371 744; x_wconf 87' lang='lat' dir='ltr'>membris</span> <span class='ocrx_word' id='word_1_86' title='bbox 383 724 489 744; x_wconf 84' lang='lat' dir='ltr'>morsus</span> <span class='ocrx_word' id='word_1_87' title='bbox 506 712 607 753; x_wconf 85' lang='lat' dir='ltr'>infigit,</span> <span class='ocrx_word' id='word_1_88' title='bbox 631 719 711 751; x_wconf 84' lang='lat' dir='ltr'>atque</span> <span class='ocrx_word' id='word_1_89' title='bbox 724 712 753 742; x_wconf 92' lang='lat' dir='ltr'>in</span> <span class='ocrx_word' id='word_1_90' title='bbox 770 711 887 751; x_wconf 82' lang='lat' dir='ltr'>quodvis</span> <span class='ocrx_word' id='word_1_91' title='bbox 903 721 989 740; x_wconf 89' lang='lat' dir='ltr'>mem-</span> 
     </span>
     <span class='ocr_line' id='line_1_19' title="bbox 243 758 990 798; baseline -0.005 -8"><span class='ocrx_word' id='word_1_92' title='bbox 243 761 324 791; x_wconf 88' lang='lat' dir='ltr'>brum</span> <span class='ocrx_word' id='word_1_93' title='bbox 337 760 449 798; x_wconf 82' lang='lat' dir='ltr'>incidat,</span> <span class='ocrx_word' id='word_1_94' title='bbox 464 759 536 790; x_wconf 86' lang='lat' dir='ltr'>illud</span> <span class='ocrx_word' id='word_1_95' title='bbox 549 759 648 788; x_wconf 87' lang='lat' dir='ltr'>damno</span> <span class='ocrx_word' id='word_1_96' title='bbox 660 758 745 789; x_wconf 86' lang='lat' dir='ltr'>afficit</span> <span class='ocrx_word' id='word_1_97' title='bbox 752 769 762 797; x_wconf 85' lang='lat'>;</span> <span class='ocrx_word' id='word_1_98' title='bbox 776 768 873 788; x_wconf 87' lang='lat' dir='ltr'>verum</span> <span class='ocrx_word' id='word_1_99' title='bbox 885 764 990 787; x_wconf 85' lang='lat' dir='ltr'>senten-</span> 
     </span>
     <span class='ocr_line' id='line_1_20' title="bbox 243 804 991 844; baseline -0.007 -7"><span class='ocrx_word' id='word_1_100' title='bbox 243 807 288 837; x_wconf 80' lang='lat' dir='ltr'>tiae</span> <span class='ocrx_word' id='word_1_101' title='bbox 305 818 380 837; x_wconf 88' lang='lat' dir='ltr'>mens</span> <span class='ocrx_word' id='word_1_102' title='bbox 394 807 457 836; x_wconf 85' lang='lat' dir='ltr'>talis</span> <span class='ocrx_word' id='word_1_103' title='bbox 484 813 524 836; x_wconf 93' lang='lat' dir='ltr'>est</span> <span class='ocrx_word' id='word_1_104' title='bbox 546 818 555 836; x_wconf 72' lang='grc' dir='ltr'>ι</span> <span class='ocrx_word' id='word_1_105' title='bbox 575 807 637 836; x_wconf 88' lang='lat' dir='ltr'>Non</span> <span class='ocrx_word' id='word_1_106' title='bbox 657 805 738 839; x_wconf 86' lang='lat' dir='ltr'>ultra,</span> <span class='ocrx_word' id='word_1_107' title='bbox 759 804 861 844; x_wconf 87' lang='lat' dir='ltr'>inquit,</span> <span class='ocrx_word' id='word_1_108' title='bbox 881 813 991 844; x_wconf 83' lang='lat' dir='ltr'>serpens</span> 
     </span>
     <span class='ocr_line' id='line_1_21' title="bbox 244 850 992 886; baseline -0.005 -3"><span class='ocrx_word' id='word_1_109' title='bbox 244 853 329 883; x_wconf 86' lang='lat' dir='ltr'>libere</span> <span class='ocrx_word' id='word_1_110' title='bbox 341 852 447 882; x_wconf 89' lang='lat' dir='ltr'>homini</span> <span class='ocrx_word' id='word_1_111' title='bbox 458 851 647 886; x_wconf 85' lang='lat' dir='ltr'>insidiabitur;</span> <span class='ocrx_word' id='word_1_112' title='bbox 663 850 711 881; x_wconf 81' lang='lat' dir='ltr'>sed</span> <span class='ocrx_word' id='word_1_113' title='bbox 724 850 797 880; x_wconf 91' lang='lat' dir='ltr'>intus</span> <span class='ocrx_word' id='word_1_114' title='bbox 810 860 919 880; x_wconf 84' lang='lat' dir='ltr'>manens</span> <span class='ocrx_word' id='word_1_115' title='bbox 933 856 992 879; x_wconf 89' lang='lat' dir='ltr'>tan·</span> 
     </span>
     <span class='ocr_line' id='line_1_22' title="bbox 245 896 1026 935; baseline -0.004 -5"><span class='ocrx_word' id='word_1_116' title='bbox 245 907 273 930; x_wconf 88' lang='lat' dir='ltr'>to</span> <span class='ocrx_word' id='word_1_117' title='bbox 285 900 427 930; x_wconf 89' lang='lat' dir='ltr'>hominum</span> <span class='ocrx_word' id='word_1_118' title='bbox 439 906 539 929; x_wconf 87' lang='lat' dir='ltr'>terrore</span> <span class='ocrx_word' id='word_1_119' title='bbox 551 898 687 935; x_wconf 85' lang='lat' dir='ltr'>efficieris,</span> <span class='ocrx_word' id='word_1_120' title='bbox 708 903 739 927; x_wconf 89' lang='lat' dir='ltr'>ut</span> <span class='ocrx_word' id='word_1_121' title='bbox 753 897 782 926; x_wconf 90' lang='lat' dir='ltr'>in</span> <span class='ocrx_word' id='word_1_122' title='bbox 795 897 916 928; x_wconf 74' lang='lat' dir='ltr'>cavernis</span> <span class='ocrx_word' id='word_1_123' title='bbox 927 896 987 926; x_wconf 87' lang='lat' dir='ltr'>lati·</span> <span class='ocrx_word' id='word_1_124' title='bbox 1007 903 1026 927; x_wconf 84' lang='lat' dir='ltr'>D</span> 
     </span>
     <span class='ocr_line' id='line_1_23' title="bbox 246 942 990 985; baseline -0.007 -8"><span class='ocrx_word' id='word_1_125' title='bbox 246 954 314 985; x_wconf 88' lang='lat' dir='ltr'>tans,</span> <span class='ocrx_word' id='word_1_126' title='bbox 330 947 380 977; x_wconf 84' lang='lat' dir='ltr'>vix</span> <span class='ocrx_word' id='word_1_127' title='bbox 392 957 427 976; x_wconf 85' lang='lat' dir='ltr'>ex</span> <span class='ocrx_word' id='word_1_128' title='bbox 439 945 616 976; x_wconf 74' lang='lat' dir='ltr'>foraminibus</span> <span class='ocrx_word' id='word_1_129' title='bbox 630 943 822 974; x_wconf 84' lang='lat' dir='ltr'>formidolosus</span> <span class='ocrx_word' id='word_1_130' title='bbox 835 942 990 983; x_wconf 79' lang='lat' dir='ltr'>respiciens,</span> 
     </span>
     <span class='ocr_line' id='line_1_24' title="bbox 247 990 990 1029; baseline -0.007 -6"><span class='ocrx_word' id='word_1_131' title='bbox 247 993 387 1023; x_wconf 89' lang='lat' dir='ltr'>hominum</span> <span class='ocrx_word' id='word_1_132' title='bbox 401 992 529 1022; x_wconf 85' lang='lat' dir='ltr'>transitus</span> <span class='ocrx_word' id='word_1_133' title='bbox 542 997 645 1021; x_wconf 87' lang='lat' dir='ltr'>tantum</span> <span class='ocrx_word' id='word_1_134' title='bbox 657 990 793 1028; x_wconf 77' lang='lat' dir='ltr'>observes,</span> <span class='ocrx_word' id='word_1_135' title='bbox 814 996 846 1019; x_wconf 89' lang='lat' dir='ltr'>ut</span> <span class='ocrx_word' id='word_1_136' title='bbox 857 990 923 1020; x_wconf 86' lang='lat' dir='ltr'>eitra</span> <span class='ocrx_word' id='word_1_137' title='bbox 942 999 990 1029; x_wconf 85' lang='lat' dir='ltr'>pe-</span> 
     </span>
     <span class='ocr_line' id='line_1_25' title="bbox 249 1036 993 1076; baseline -0.005 -7"><span class='ocrx_word' id='word_1_138' title='bbox 249 1040 366 1069; x_wconf 82' lang='lat' dir='ltr'>riculum</span> <span class='ocrx_word' id='word_1_139' title='bbox 379 1048 466 1068; x_wconf 82' lang='lat' dir='ltr'>exeas.</span> <span class='ocrx_word' id='word_1_140' title='bbox 476 1039 564 1068; x_wconf 90' lang='lat' dir='ltr'>Homo</span> <span class='ocrx_word' id='word_1_141' title='bbox 573 1044 673 1074; x_wconf 74' lang='lat' dir='ltr'>autem,</span> <span class='ocrx_word' id='word_1_142' title='bbox 690 1037 789 1076; x_wconf 91' lang='lat' dir='ltr'>inquit,</span> <span class='ocrx_word' id='word_1_143' title='bbox 803 1036 886 1066; x_wconf 85' lang='lat' dir='ltr'>libere</span> <span class='ocrx_word' id='word_1_144' title='bbox 897 1036 993 1065; x_wconf 86' lang='lat' dir='ltr'>ambu-</span> 
     </span>
     <span class='ocr_line' id='line_1_26' title="bbox 249 1083 993 1125; baseline -0.004 -11"><span class='ocrx_word' id='word_1_145' title='bbox 249 1085 326 1122; x_wconf 84' lang='lat' dir='ltr'>labit,</span> <span class='ocrx_word' id='word_1_146' title='bbox 341 1087 421 1125; x_wconf 86' lang='lat' dir='ltr'>caput</span> <span class='ocrx_word' id='word_1_147' title='bbox 434 1091 512 1114; x_wconf 88' lang='lat' dir='ltr'>tuum</span> <span class='ocrx_word' id='word_1_148' title='bbox 525 1083 554 1113; x_wconf 90' lang='lat' dir='ltr'>in</span> <span class='ocrx_word' id='word_1_149' title='bbox 567 1083 745 1113; x_wconf 84' lang='lat' dir='ltr'>foraminibus</span> <span class='ocrx_word' id='word_1_150' title='bbox 755 1083 911 1120; x_wconf 84' lang='lat' dir='ltr'>observans,</span> <span class='ocrx_word' id='word_1_151' title='bbox 925 1088 993 1112; x_wconf 80' lang='lat' dir='ltr'>tam-</span> 
     </span>
     <span class='ocr_line' id='line_1_27' title="bbox 249 1128 992 1170; baseline -0.004 -10"><span class='ocrx_word' id='word_1_152' title='bbox 249 1142 330 1170; x_wconf 83' lang='lat' dir='ltr'>quam</span> <span class='ocrx_word' id='word_1_153' title='bbox 345 1130 447 1160; x_wconf 89' lang='lat' dir='ltr'>inimiei</span> <span class='ocrx_word' id='word_1_154' title='bbox 460 1130 599 1167; x_wconf 85' lang='lat' dir='ltr'>latitantis,</span> <span class='ocrx_word' id='word_1_155' title='bbox 613 1138 668 1159; x_wconf 91' lang='lat' dir='ltr'>non</span> <span class='ocrx_word' id='word_1_156' title='bbox 681 1128 760 1158; x_wconf 84' lang='lat' dir='ltr'>amici</span> <span class='ocrx_word' id='word_1_157' title='bbox 775 1129 864 1169; x_wconf 86' lang='lat' dir='ltr'>speeie</span> <span class='ocrx_word' id='word_1_158' title='bbox 876 1128 992 1167; x_wconf 91' lang='lat' dir='ltr'>loquen-</span> 
     </span>
     <span class='ocr_line' id='line_1_28' title="bbox 250 1177 297 1207; baseline 0 -1"><span class='ocrx_word' id='word_1_159' title='bbox 250 1177 297 1207; x_wconf 90' lang='lat' dir='ltr'>tis.</span> 
     </span>
    </p>
   </div>
   <div class='ocr_carea' id='block_1_9' title="bbox 250 1259 1030 1809">
    <p class='ocr_par' dir='ltr' id='par_1_9' title="bbox 250 1259 1030 1809">
     <span class='ocr_line' id='line_1_29' title="bbox 290 1259 994 1301; baseline -0.004 -8"><span class='ocrx_word' id='word_1_160' title='bbox 290 1264 320 1293; x_wconf 87' lang='grc'>9.</span> <span class='ocrx_word' id='word_1_161' title='bbox 342 1261 396 1293; x_wconf 84' lang='lat' dir='ltr'>Sed</span> <span class='ocrx_word' id='word_1_162' title='bbox 407 1259 470 1301; x_wconf 88' lang='lat' dir='ltr'>quia</span> <span class='ocrx_word' id='word_1_163' title='bbox 482 1267 588 1300; x_wconf 88' lang='lat' dir='ltr'>tempus</span> <span class='ocrx_word' id='word_1_164' title='bbox 601 1267 688 1300; x_wconf 84' lang='lat' dir='ltr'>urget,</span> <span class='ocrx_word' id='word_1_165' title='bbox 700 1260 846 1290; x_wconf 87' lang='lat' dir='ltr'>orationem</span> <span class='ocrx_word' id='word_1_166' title='bbox 858 1260 994 1301; x_wconf 83' lang='lat' dir='ltr'>complea-</span> 
     </span>
     <span class='ocr_line' id='line_1_30' title="bbox 250 1306 997 1348; baseline -0.003 -8"><span class='ocrx_word' id='word_1_167' title='bbox 250 1320 321 1340; x_wconf 90' lang='lat' dir='ltr'>mus.</span> <span class='ocrx_word' id='word_1_168' title='bbox 334 1308 513 1348; x_wconf 83' lang='lat' dir='ltr'>Interrogavit</span> <span class='ocrx_word' id='word_1_169' title='bbox 523 1318 581 1337; x_wconf 81' lang='lat' dir='ltr'>eam</span> <span class='ocrx_word' id='word_1_170' title='bbox 589 1317 649 1346; x_wconf 83' lang='lat' dir='ltr'>quae</span> <span class='ocrx_word' id='word_1_171' title='bbox 662 1306 772 1348; x_wconf 83' lang='lat' dir='ltr'>decepta</span> <span class='ocrx_word' id='word_1_172' title='bbox 779 1308 867 1337; x_wconf 84' lang='lat' dir='ltr'>fuerat</span> <span class='ocrx_word' id='word_1_173' title='bbox 880 1319 887 1336; x_wconf 74' lang='lat' dir='ltr'><em>z</em></span> <span class='ocrx_word' id='word_1_174' title='bbox 901 1307 997 1338; x_wconf 82' lang='lat' dir='ltr'>transit</span> 
     </span>
     <span class='ocr_line' id='line_1_31' title="bbox 250 1352 996 1396; baseline -0.003 -11"><span class='ocrx_word' id='word_1_175' title='bbox 250 1355 285 1385; x_wconf 84' lang='lat' dir='ltr'>ad</span> <span class='ocrx_word' id='word_1_176' title='bbox 297 1355 475 1396; x_wconf 84' lang='lat' dir='ltr'>deceptorem.</span> <span class='ocrx_word' id='word_1_177' title='bbox 488 1353 623 1384; x_wconf 80' lang='lat' dir='ltr'>Sententia</span> <span class='ocrx_word' id='word_1_178' title='bbox 634 1364 649 1382; x_wconf 89' lang='lat' dir='ltr'>a</span> <span class='ocrx_word' id='word_1_179' title='bbox 660 1352 751 1382; x_wconf 83' lang='lat' dir='ltr'>radice</span> <span class='ocrx_word' id='word_1_180' title='bbox 763 1363 823 1382; x_wconf 86' lang='lat' dir='ltr'>orsa</span> <span class='ocrx_word' id='word_1_181' title='bbox 835 1360 885 1390; x_wconf 87' lang='lat' dir='ltr'>est,</span> <span class='ocrx_word' id='word_1_182' title='bbox 900 1363 996 1393; x_wconf 80' lang='lat' dir='ltr'>nempe</span> 
     </span>
     <span class='ocr_line' id='line_1_32' title="bbox 251 1398 1030 1440; baseline -0.005 -9"><span class='ocrx_word' id='word_1_183' title='bbox 251 1413 267 1431; x_wconf 84' lang='lat' dir='ltr'>a</span> <span class='ocrx_word' id='word_1_184' title='bbox 281 1401 430 1431; x_wconf 85' lang='lat' dir='ltr'>seductore.</span> <span class='ocrx_word' id='word_1_185' title='bbox 447 1398 552 1430; x_wconf 86' lang='lat' dir='ltr'>Deinde</span> <span class='ocrx_word' id='word_1_186' title='bbox 570 1398 605 1428; x_wconf 85' lang='lat' dir='ltr'>ad</span> <span class='ocrx_word' id='word_1_187' title='bbox 625 1398 766 1439; x_wconf 78' lang='lat' dir='ltr'>deceptam</span> <span class='ocrx_word' id='word_1_188' title='bbox 787 1398 861 1428; x_wconf 87' lang='lat' dir='ltr'>venit</span> <span class='ocrx_word' id='word_1_189' title='bbox 871 1405 898 1428; x_wconf 86' lang='lat' dir='ltr'>et</span> <span class='ocrx_word' id='word_1_190' title='bbox 910 1398 996 1428; x_wconf 85' lang='lat' dir='ltr'>minas</span> <span class='ocrx_word' id='word_1_191' title='bbox 1011 1417 1030 1440; x_wconf 72' lang='lat' dir='ltr'>E</span> 
     </span>
     <span class='ocr_line' id='line_1_33' title="bbox 251 1443 996 1484; baseline -0.005 -7"><span class='ocrx_word' id='word_1_192' title='bbox 251 1448 372 1478; x_wconf 81' lang='lat' dir='ltr'>intentat.</span> <span class='ocrx_word' id='word_1_193' title='bbox 388 1446 479 1477; x_wconf 86' lang='lat' dir='ltr'>Prima</span> <span class='ocrx_word' id='word_1_194' title='bbox 492 1456 548 1475; x_wconf 84' lang='lat' dir='ltr'>vox</span> <span class='ocrx_word' id='word_1_195' title='bbox 560 1443 595 1474; x_wconf 88' lang='lat' dir='ltr'>ad</span> <span class='ocrx_word' id='word_1_196' title='bbox 608 1451 756 1484; x_wconf 87' lang='lat' dir='ltr'>serpentem</span> <span class='ocrx_word' id='word_1_197' title='bbox 769 1444 841 1474; x_wconf 81' lang='lat' dir='ltr'>dicta</span> <span class='ocrx_word' id='word_1_198' title='bbox 853 1444 912 1480; x_wconf 81' lang='lat' dir='ltr'>fuit,</span> <span class='ocrx_word' id='word_1_199' title='bbox 926 1445 996 1474; x_wconf 86' lang='lat' dir='ltr'>Ma-</span> 
     </span>
     <span class='ocr_line' id='line_1_34' title="bbox 253 1489 997 1529; baseline -0.008 -5"><span class='ocrx_word' id='word_1_200' title='bbox 253 1494 389 1524; x_wconf 84' lang='lat' dir='ltr'>ledictus.</span> <span class='ocrx_word' id='word_1_201' title='bbox 403 1493 445 1522; x_wconf 85' lang='lat' dir='ltr'>Et</span> <span class='ocrx_word' id='word_1_202' title='bbox 459 1492 536 1521; x_wconf 80' lang='lat' dir='ltr'>dixit</span> <span class='ocrx_word' id='word_1_203' title='bbox 549 1491 631 1520; x_wconf 84' lang='lat' dir='ltr'>Deus</span> <span class='ocrx_word' id='word_1_204' title='bbox 645 1489 761 1519; x_wconf 87' lang='lat' dir='ltr'>mulieri</span> <span class='ocrx_word' id='word_1_205' title='bbox 773 1501 781 1518; x_wconf 83' lang='lat'><em>=</em></span> <span class='ocrx_word' id='word_1_206' title='bbox 793 1489 997 1529; x_wconf 83' lang='lat' dir='ltr'>Multiplicans</span> 
     </span>
     <span class='ocr_line' id='line_1_35' title="bbox 253 1537 995 1580; baseline -0.007 -11"><span class='ocrx_word' id='word_1_207' title='bbox 253 1540 454 1580; x_wconf 74' lang='lat' dir='ltr'>multiplicabo</span> <span class='ocrx_word' id='word_1_208' title='bbox 483 1538 598 1567; x_wconf 80' lang='lat' dir='ltr'>dolores</span> <span class='ocrx_word' id='word_1_209' title='bbox 625 1544 690 1566; x_wconf 85' lang='lat' dir='ltr'>tuos</span> <span class='ocrx_word' id='word_1_210' title='bbox 717 1542 747 1565; x_wconf 85' lang='lat' dir='ltr'>et</span> <span class='ocrx_word' id='word_1_211' title='bbox 768 1537 892 1576; x_wconf 82' lang='lat' dir='ltr'>gemitus</span> <span class='ocrx_word' id='word_1_212' title='bbox 919 1542 995 1566; x_wconf 87' lang='lat' dir='ltr'>tuos.</span> 
     </span>
     <span class='ocr_line' id='line_1_36' title="bbox 251 1582 997 1624; baseline -0.005 -9"><span class='ocrx_word' id='word_1_213' title='bbox 251 1586 313 1616; x_wconf 90' lang='lat' dir='ltr'>Non</span> <span class='ocrx_word' id='word_1_214' title='bbox 324 1584 472 1622; x_wconf 80' lang='lat' dir='ltr'>maledicit,</span> <span class='ocrx_word' id='word_1_215' title='bbox 486 1594 519 1613; x_wconf 89' lang='lat' dir='ltr'>ne</span> <span class='ocrx_word' id='word_1_216' title='bbox 532 1583 631 1624; x_wconf 83' lang='lat' dir='ltr'>pariat,</span> <span class='ocrx_word' id='word_1_217' title='bbox 645 1583 709 1622; x_wconf 88' lang='lat' dir='ltr'>quia</span> <span class='ocrx_word' id='word_1_218' title='bbox 725 1583 781 1622; x_wconf 85' lang='lat' dir='ltr'>jam</span> <span class='ocrx_word' id='word_1_219' title='bbox 793 1582 872 1622; x_wconf 88' lang='lat' dir='ltr'>prius</span> <span class='ocrx_word' id='word_1_220' title='bbox 884 1582 997 1612; x_wconf 89' lang='lat' dir='ltr'>benedi-</span> 
     </span>
     <span class='ocr_line' id='line_1_37' title="bbox 253 1628 999 1666; baseline -0.005 -5"><span class='ocrx_word' id='word_1_221' title='bbox 253 1638 346 1661; x_wconf 76' lang='lat' dir='ltr'>xerat:</span> <span class='ocrx_word' id='word_1_222' title='bbox 362 1641 424 1660; x_wconf 89' lang='lat' dir='ltr'>nam</span> <span class='ocrx_word' id='word_1_223' title='bbox 437 1641 501 1661; x_wconf 90' lang='lat' dir='ltr'>cum</span> <span class='ocrx_word' id='word_1_224' title='bbox 512 1628 638 1659; x_wconf 86' lang='lat' dir='ltr'>formavit</span> <span class='ocrx_word' id='word_1_225' title='bbox 650 1639 706 1666; x_wconf 91' lang='lat' dir='ltr'>eos,</span> <span class='ocrx_word' id='word_1_226' title='bbox 719 1628 758 1658; x_wconf 84' lang='lat' dir='ltr'>ait</span> <span class='ocrx_word' id='word_1_227' title='bbox 771 1640 780 1657; x_wconf 94' lang='lat'>.·</span> <span class='ocrx_word' id='word_1_228' title='bbox 795 1629 837 1658; x_wconf 87' lang='lat' dir='ltr'>Et</span> <span class='ocrx_word' id='word_1_229' title='bbox 849 1629 999 1658; x_wconf 75' lang='lat' dir='ltr'>benedixit</span> 
     </span>
     <span class='ocr_line' id='line_1_38' title="bbox 253 1674 999 1714; baseline -0.005 -6"><span class='ocrx_word' id='word_1_230' title='bbox 253 1688 302 1708; x_wconf 86' lang='lat' dir='ltr'>eos</span> <span class='ocrx_word' id='word_1_231' title='bbox 315 1679 395 1707; x_wconf 79' lang='lat' dir='ltr'>Deus</span> <span class='ocrx_word' id='word_1_232' title='bbox 406 1678 518 1713; x_wconf 82' lang='lat' dir='ltr'>dicens,</span> <span class='ocrx_word' id='word_1_233' title='bbox 530 1677 655 1706; x_wconf 82' lang='lat' dir='ltr'>Crescite</span> <span class='ocrx_word' id='word_1_234' title='bbox 669 1681 697 1705; x_wconf 83' lang='lat' dir='ltr'>et</span> <span class='ocrx_word' id='word_1_235' title='bbox 711 1674 962 1714; x_wconf 78' lang='lat' dir='ltr'>uutltiplicamini,</span> <span class='ocrx_word' id='word_1_236' title='bbox 969 1681 999 1704; x_wconf 89' lang='lat' dir='ltr'>et</span> 
     </span>
     <span class='ocr_line' id='line_1_39' title="bbox 254 1721 999 1764; baseline -0.004 -10"><span class='ocrx_word' id='word_1_237' title='bbox 254 1725 361 1764; x_wconf 86' lang='lat' dir='ltr'>replete</span> <span class='ocrx_word' id='word_1_238' title='bbox 371 1730 488 1754; x_wconf 86' lang='lat' dir='ltr'>terram.</span> <span class='ocrx_word' id='word_1_239' title='bbox 497 1722 571 1752; x_wconf 85' lang='lat' dir='ltr'>Dicit</span> <span class='ocrx_word' id='word_1_240' title='bbox 580 1732 645 1752; x_wconf 87' lang='lat' dir='ltr'>vero</span> <span class='ocrx_word' id='word_1_241' title='bbox 660 1721 769 1758; x_wconf 88' lang='lat' dir='ltr'>Paulus,</span> <span class='ocrx_word' id='word_1_242' title='bbox 781 1722 850 1752; x_wconf 85' lang='lat' dir='ltr'>Sine</span> <span class='ocrx_word' id='word_1_243' title='bbox 855 1723 999 1762; x_wconf 83' lang='lat' dir='ltr'>poeniten-</span> 
     </span>
     <span class='ocr_line' id='line_1_40' title="bbox 255 1768 998 1809; baseline -0.005 -7"><span class='ocrx_word' id='word_1_244' title='bbox 255 1774 296 1802; x_wconf 87' lang='lat' dir='ltr'>tia</span> <span class='ocrx_word' id='word_1_245' title='bbox 311 1778 380 1802; x_wconf 83' lang='lat' dir='ltr'>sunt</span> <span class='ocrx_word' id='word_1_246' title='bbox 394 1772 474 1801; x_wconf 84' lang='lat' dir='ltr'>dona</span> <span class='ocrx_word' id='word_1_247' title='bbox 486 1771 552 1800; x_wconf 82' lang='lat' dir='ltr'>Dei.</span> <span class='ocrx_word' id='word_1_248' title='bbox 568 1771 629 1800; x_wconf 88' lang='lat' dir='ltr'>Non</span> <span class='ocrx_word' id='word_1_249' title='bbox 643 1780 708 1809; x_wconf 84' lang='lat' dir='ltr'>ergo</span> <span class='ocrx_word' id='word_1_250' title='bbox 719 1768 858 1799; x_wconf 87' lang='lat' dir='ltr'>maledicit</span> <span class='ocrx_word' id='word_1_251' title='bbox 871 1779 939 1808; x_wconf 90' lang='lat' dir='ltr'>quos</span> <span class='ocrx_word' id='word_1_252' title='bbox 949 1769 998 1799; x_wconf 89' lang='lat' dir='ltr'>be-</span> 
     </span>
    </p>
   </div>
   <div class='ocr_carea' id='block_1_10' title="bbox 942 186 1120 210">
    <p class='ocr_par' dir='ltr' id='par_1_10' title="bbox 942 186 1120 210">
     <span class='ocr_line' id='line_1_41' title="bbox 942 186 1120 210; baseline 0 0"><span class='ocrx_word' id='word_1_253' title='bbox 942 186 1120 210; x_wconf 68' lang='lat' dir='ltr'>SEVEMAM</span> 
     </span>
    </p>
   </div>
   <div class='ocr_carea' id='block_1_11' title="bbox 1039 247 1823 1809">
    <p class='ocr_par' dir='ltr' id='par_1_11' title="bbox 1039 247 1821 1257">
     <span class='ocr_line' id='line_1_42' title="bbox 1039 247 1811 290; baseline 0.001 -11"><span class='ocrx_word' id='word_1_254' title='bbox 1039 248 1168 289; x_wconf 80' lang='grc' dir='ltr'>κεφαλὴν,</span> <span class='ocrx_word' id='word_1_255' title='bbox 1182 248 1227 278; x_wconf 84' lang='grc' dir='ltr'>καὶ</span> <span class='ocrx_word' id='word_1_256' title='bbox 1241 247 1274 278; x_wconf 75' lang='grc' dir='ltr'>σὺ</span> <span class='ocrx_word' id='word_1_257' title='bbox 1285 248 1411 289; x_wconf 76' lang='grc' dir='ltr'>τηρήσεις</span> <span class='ocrx_word' id='word_1_258' title='bbox 1423 250 1503 279; x_wconf 73' lang='grc' dir='ltr'>αὐτοῦ</span> <span class='ocrx_word' id='word_1_259' title='bbox 1515 249 1638 290; x_wconf 79' lang='grc' dir='ltr'>πτέρναν.</span> <span class='ocrx_word' id='word_1_260' title='bbox 1651 250 1686 280; x_wconf 86' lang='grc' dir='ltr'>Τί</span> <span class='ocrx_word' id='word_1_261' title='bbox 1696 251 1722 280; x_wconf 82' lang='grc' dir='ltr'>δὲ</span> <span class='ocrx_word' id='word_1_262' title='bbox 1735 251 1811 280; x_wconf 77' lang='grc' dir='ltr'>τοῦτο’</span> 
     </span>
     <span class='ocr_line' id='line_1_43' title="bbox 1039 293 1812 336; baseline 0.003 -11"><span class='ocrx_word' id='word_1_263' title='bbox 1039 296 1125 332; x_wconf 76' lang='grc' dir='ltr'>ἐστιν;</span> <span class='ocrx_word' id='word_1_264' title='bbox 1136 297 1178 326; x_wconf 79' lang='grc' dir='ltr'>Οὖ</span> <span class='ocrx_word' id='word_1_265' title='bbox 1190 294 1278 335; x_wconf 82' lang='grc' dir='ltr'><strong>λέγει,</strong></span> <span class='ocrx_word' id='word_1_266' title='bbox 1291 293 1333 325; x_wconf 69' lang='grc' dir='ltr'>ὅτι</span> <span class='ocrx_word' id='word_1_267' title='bbox 1341 295 1448 332; x_wconf 84' lang='grc' dir='ltr'>ποιήσω</span> <span class='ocrx_word' id='word_1_268' title='bbox 1463 296 1508 327; x_wconf 83' lang='grc' dir='ltr'>τὸν</span> <span class='ocrx_word' id='word_1_269' title='bbox 1519 296 1656 336; x_wconf 86' lang='grc' dir='ltr'>ἄνθρωπον</span> <span class='ocrx_word' id='word_1_270' title='bbox 1677 297 1745 327; x_wconf 75' lang='grc' dir='ltr'>κατὰ</span> <span class='ocrx_word' id='word_1_271' title='bbox 1759 299 1812 327; x_wconf 79' lang='grc' dir='ltr'>τῶν</span> 
     </span>
     <span class='ocr_line' id='line_1_44' title="bbox 1040 340 1813 383; baseline 0.003 -13"><span class='ocrx_word' id='word_1_272' title='bbox 1040 340 1128 371; x_wconf 82' lang='grc' dir='ltr'>ἄλλων</span> <span class='ocrx_word' id='word_1_273' title='bbox 1151 344 1198 372; x_wconf 73' lang='grc' dir='ltr'>τοῦ</span> <span class='ocrx_word' id='word_1_274' title='bbox 1227 341 1351 381; x_wconf 82' lang='grc' dir='ltr'>σώματός</span> <span class='ocrx_word' id='word_1_275' title='bbox 1374 353 1423 373; x_wconf 73' lang='grc' dir='ltr'>σου</span> <span class='ocrx_word' id='word_1_276' title='bbox 1451 343 1539 382; x_wconf 66' lang='grc' dir='ltr'>μελῶν</span> <span class='ocrx_word' id='word_1_277' title='bbox 1567 342 1604 382; x_wconf 86' lang='grc' dir='ltr'>μὴ</span> <span class='ocrx_word' id='word_1_278' title='bbox 1627 345 1813 383; x_wconf 79' lang='grc' dir='ltr'>καταχρῆσθαι</span> 
     </span>
     <span class='ocr_line' id='line_1_45' title="bbox 1039 387 1813 429; baseline 0.003 -12"><span class='ocrx_word' id='word_1_279' title='bbox 1039 389 1146 428; x_wconf 84' lang='grc' dir='ltr'>πληγῇ,</span> <span class='ocrx_word' id='word_1_280' title='bbox 1163 388 1246 427; x_wconf 83' lang='grc' dir='ltr'>μόνην</span> <span class='ocrx_word' id='word_1_281' title='bbox 1266 387 1295 418; x_wconf 76' lang='grc' dir='ltr'>δὲ</span> <span class='ocrx_word' id='word_1_282' title='bbox 1318 387 1438 423; x_wconf 68' lang='grc' dir='ltr'>κολάζειν</span> <span class='ocrx_word' id='word_1_283' title='bbox 1457 388 1507 425; x_wconf 76' lang='grc' dir='ltr'>τὴν</span> <span class='ocrx_word' id='word_1_284' title='bbox 1525 388 1651 428; x_wconf 75' lang='grc' dir='ltr'>κεφαλήν.</span> <span class='ocrx_word' id='word_1_285' title='bbox 1673 389 1813 429; x_wconf 74' lang='grc' dir='ltr'>Κέχρηται</span> 
     </span>
     <span class='ocr_line' id='line_1_46' title="bbox 1041 434 1814 476; baseline 0.001 -12"><span class='ocrx_word' id='word_1_286' title='bbox 1041 435 1094 476; x_wconf 84' lang='grc' dir='ltr'>γὰρ</span> <span class='ocrx_word' id='word_1_287' title='bbox 1113 437 1128 464; x_wconf 81' lang='grc' dir='ltr'>ὁ</span> <span class='ocrx_word' id='word_1_288' title='bbox 1150 434 1285 475; x_wconf 82' lang='grc' dir='ltr'>ἄνθρωπος</span> <span class='ocrx_word' id='word_1_289' title='bbox 1298 434 1344 465; x_wconf 79' lang='grc' dir='ltr'>καὶ</span> <span class='ocrx_word' id='word_1_290' title='bbox 1357 439 1415 469; x_wconf 87' lang='grc' dir='ltr'>ταῖς</span> <span class='ocrx_word' id='word_1_291' title='bbox 1437 436 1508 466; x_wconf 75' lang='grc' dir='ltr'>κατὰ</span> <span class='ocrx_word' id='word_1_292' title='bbox 1532 435 1639 465; x_wconf 81' lang='grc' dir='ltr'>πάντων</span> <span class='ocrx_word' id='word_1_293' title='bbox 1657 437 1712 465; x_wconf 69' lang='grc' dir='ltr'>τῶν</span> <span class='ocrx_word' id='word_1_294' title='bbox 1725 437 1814 475; x_wconf 73' lang='grc' dir='ltr'>μελῶν</span> 
     </span>
     <span class='ocr_line' id='line_1_47' title="bbox 1042 481 1815 523; baseline -0.001 -11"><span class='ocrx_word' id='word_1_295' title='bbox 1042 482 1087 512; x_wconf 81' lang='grc' dir='ltr'>ἐπὶ</span> <span class='ocrx_word' id='word_1_296' title='bbox 1105 482 1149 512; x_wconf 87' lang='grc' dir='ltr'>τὸν</span> <span class='ocrx_word' id='word_1_297' title='bbox 1173 482 1231 522; x_wconf 75' lang='grc' dir='ltr'>ὄφιν</span> <span class='ocrx_word' id='word_1_298' title='bbox 1251 483 1430 522; x_wconf 82' lang='grc' dir='ltr'>πληγαῖς,ὥς</span> <span class='ocrx_word' id='word_1_299' title='bbox 1455 481 1513 512; x_wconf 75' lang='grc' dir='ltr'>ὅθεν</span> <span class='ocrx_word' id='word_1_300' title='bbox 1537 481 1570 512; x_wconf 73' lang='grc' dir='ltr'>ἃν</span> <span class='ocrx_word' id='word_1_301' title='bbox 1593 481 1700 522; x_wconf 81' lang='grc' dir='ltr'>πλήξῃ,</span> <span class='ocrx_word' id='word_1_302' title='bbox 1714 481 1745 523; x_wconf 72' lang='grc' dir='ltr'>τὸ</span> <span class='ocrx_word' id='word_1_303' title='bbox 1760 487 1815 511; x_wconf 72' lang='grc' dir='ltr'>πᾶν</span> 
     </span>
     <span class='ocr_line' id='line_1_48' title="bbox 1042 527 1814 569; baseline 0.001 -12"><span class='ocrx_word' id='word_1_304' title='bbox 1042 527 1245 568; x_wconf 60' lang='grc' dir='ltr'>τιμωρούμενος.</span> <span class='ocrx_word' id='word_1_305' title='bbox 1258 528 1312 562; x_wconf 79' lang='grc' dir='ltr'>Καὶ</span> <span class='ocrx_word' id='word_1_306' title='bbox 1332 528 1364 559; x_wconf 85' lang='grc' dir='ltr'>τὸ</span> <span class='ocrx_word' id='word_1_307' title='bbox 1386 528 1452 569; x_wconf 86' lang='grc' dir='ltr'>πρὸς</span> <span class='ocrx_word' id='word_1_308' title='bbox 1470 529 1515 559; x_wconf 88' lang='grc' dir='ltr'>τὸν</span> <span class='ocrx_word' id='word_1_309' title='bbox 1535 528 1594 569; x_wconf 81' lang='grc' dir='ltr'>ὄφιν</span> <span class='ocrx_word' id='word_1_310' title='bbox 1619 527 1646 558; x_wconf 77' lang='grc' dir='ltr'>δὲ</span> <span class='ocrx_word' id='word_1_311' title='bbox 1670 527 1744 568; x_wconf 74' lang='grc' dir='ltr'>παρὰ</span> <span class='ocrx_word' id='word_1_312' title='bbox 1768 531 1814 558; x_wconf 75' lang='grc' dir='ltr'>τοῦ</span> 
     </span>
     <span class='ocr_line' id='line_1_49' title="bbox 1042 574 1815 615; baseline 0.001 -11"><span class='ocrx_word' id='word_1_313' title='bbox 1042 574 1178 605; x_wconf 82' lang='grc' dir='ltr'>Δεσπότου</span> <span class='ocrx_word' id='word_1_314' title='bbox 1193 574 1280 614; x_wconf 83' lang='grc' dir='ltr'>ῥηθὲν,</span> <span class='ocrx_word' id='word_1_315' title='bbox 1292 574 1333 605; x_wconf 75' lang='grc' dir='ltr'>ὅτι</span> <span class='ocrx_word' id='word_1_316' title='bbox 1349 574 1388 605; x_wconf 79' lang='grc' dir='ltr'>Σὺ</span> <span class='ocrx_word' id='word_1_317' title='bbox 1410 576 1490 604; x_wconf 73' lang='grc' dir='ltr'>αὐτοῦ</span> <span class='ocrx_word' id='word_1_318' title='bbox 1510 574 1636 615; x_wconf 78' lang='grc' dir='ltr'>τηρήσεις</span> <span class='ocrx_word' id='word_1_319' title='bbox 1649 574 1772 614; x_wconf 78' lang='grc' dir='ltr'><strong>πτέρναν,</strong></span> <span class='ocrx_word' id='word_1_320' title='bbox 1785 576 1815 605; x_wconf 80' lang='grc' dir='ltr'>οὗ</span> 
     </span>
     <span class='ocr_line' id='line_1_50' title="bbox 1041 620 1816 661; baseline 0 -11"><span class='ocrx_word' id='word_1_321' title='bbox 1041 623 1119 651; x_wconf 78' lang='grc' dir='ltr'>τοῦτο</span> <span class='ocrx_word' id='word_1_322' title='bbox 1132 620 1257 661; x_wconf 78' lang='grc' dir='ltr'>κηρύττει</span> <span class='ocrx_word' id='word_1_323' title='bbox 1275 621 1306 651; x_wconf 87' lang='grc' dir='ltr'>τὸ</span> <span class='ocrx_word' id='word_1_324' title='bbox 1326 620 1397 650; x_wconf 78' lang='grc' dir='ltr'>κατὰ</span> <span class='ocrx_word' id='word_1_325' title='bbox 1417 623 1466 658; x_wconf 82' lang='grc' dir='ltr'>τ’ἡς</span> <span class='ocrx_word' id='word_1_326' title='bbox 1479 620 1594 661; x_wconf 78' lang='grc' dir='ltr'>πτέρνης</span> <span class='ocrx_word' id='word_1_327' title='bbox 1617 620 1736 650; x_wconf 82' lang='grc' dir='ltr'>δεδόσθαι</span> <span class='ocrx_word' id='word_1_328' title='bbox 1762 625 1816 655; x_wconf 85' lang='grc' dir='ltr'>τοῖς</span> 
     </span>
     <span class='ocr_line' id='line_1_51' title="bbox 1041 666 1814 708; baseline 0 -12"><span class='ocrx_word' id='word_1_329' title='bbox 1041 666 1130 707; x_wconf 79' lang='grc' dir='ltr'>ὄφεσιν</span> <span class='ocrx_word' id='word_1_330' title='bbox 1145 667 1250 707; x_wconf 78' lang='grc' dir='ltr'>ἔφοδον·</span> <span class='ocrx_word' id='word_1_331' title='bbox 1278 666 1421 708; x_wconf 73' lang='grc' dir='ltr'>ἐπέρχεται</span> <span class='ocrx_word' id='word_1_332' title='bbox 1447 666 1500 707; x_wconf 74' lang='grc' dir='ltr'>γὰρ</span> <span class='ocrx_word' id='word_1_333' title='bbox 1519 666 1574 697; x_wconf 73' lang='grc' dir='ltr'>ἔσθ’</span> <span class='ocrx_word' id='word_1_334' title='bbox 1589 666 1632 696; x_wconf 72' lang='grc' dir='ltr'>ἅτε</span> <span class='ocrx_word' id='word_1_335' title='bbox 1652 666 1697 696; x_wconf 77' lang='grc' dir='ltr'>καὶ</span> <span class='ocrx_word' id='word_1_336' title='bbox 1718 666 1814 697; x_wconf 83' lang='grc' dir='ltr'>καθεύ-</span> 
     </span>
     <span class='ocr_line' id='line_1_52' title="bbox 1042 711 1815 754; baseline 0 -11"><span class='ocrx_word' id='word_1_337' title='bbox 1042 714 1139 750; x_wconf 85' lang='grc' dir='ltr'>δουσιν,</span> <span class='ocrx_word' id='word_1_338' title='bbox 1154 712 1365 753; x_wconf 73' lang='grc' dir='ltr'>ἐπιλαμὸάνεται</span> <span class='ocrx_word' id='word_1_339' title='bbox 1374 713 1488 754; x_wconf 72' lang='grc' dir='ltr'>γαστρὸς</span> <span class='ocrx_word' id='word_1_340' title='bbox 1501 711 1644 748; x_wconf 78' lang='grc' dir='ltr'>πολλάκις,</span> <span class='ocrx_word' id='word_1_341' title='bbox 1654 712 1754 749; x_wconf 74' lang='grc' dir='ltr'>ἐνίησιν</span> <span class='ocrx_word' id='word_1_342' title='bbox 1767 714 1815 748; x_wconf 80' lang='grc' dir='ltr'>ἰὸν,</span> 
     </span>
     <span class='ocr_line' id='line_1_53' title="bbox 1041 758 1816 800; baseline 0 -12"><span class='ocrx_word' id='word_1_343' title='bbox 1041 759 1087 792; x_wconf 72' lang='grc' dir='ltr'>καὶ</span> <span class='ocrx_word' id='word_1_344' title='bbox 1101 758 1178 800; x_wconf 73' lang='grc' dir='ltr'>χερσὶ</span> <span class='ocrx_word' id='word_1_345' title='bbox 1188 760 1318 800; x_wconf 79' lang='grc' dir='ltr'>προσάγει</span> <span class='ocrx_word' id='word_1_346' title='bbox 1328 759 1375 789; x_wconf 77' lang='grc' dir='ltr'>καὶ</span> <span class='ocrx_word' id='word_1_347' title='bbox 1389 763 1444 793; x_wconf 88' lang='grc' dir='ltr'>τοῖς</span> <span class='ocrx_word' id='word_1_348' title='bbox 1453 760 1555 792; x_wconf 82' lang='grc' dir='ltr'>λοιποῖς</span> <span class='ocrx_word' id='word_1_349' title='bbox 1570 758 1664 798; x_wconf 78' lang='grc' dir='ltr'>μέλεσι</span> <span class='ocrx_word' id='word_1_350' title='bbox 1679 759 1816 798; x_wconf 81' lang='grc' dir='ltr'>δήγματα·</span> 
     </span>
     <span class='ocr_line' id='line_1_54' title="bbox 1041 804 1818 845; baseline 0.001 -10"><span class='ocrx_word' id='word_1_351' title='bbox 1041 805 1087 835; x_wconf 79' lang='grc' dir='ltr'>καὶ</span> <span class='ocrx_word' id='word_1_352' title='bbox 1100 804 1168 839; x_wconf 78' lang='grc' dir='ltr'>ὅλως</span> <span class='ocrx_word' id='word_1_353' title='bbox 1179 805 1255 835; x_wconf 81' lang='grc' dir='ltr'>οὐδὲν</span> <span class='ocrx_word' id='word_1_354' title='bbox 1268 806 1354 835; x_wconf 76' lang='grc' dir='ltr'>αὐτῶν</span> <span class='ocrx_word' id='word_1_355' title='bbox 1362 807 1415 835; x_wconf 82' lang='grc' dir='ltr'>τῶν</span> <span class='ocrx_word' id='word_1_356' title='bbox 1425 804 1595 845; x_wconf 83' lang='grc' dir='ltr'>ἀνθρωπίνων</span> <span class='ocrx_word' id='word_1_357' title='bbox 1605 806 1693 844; x_wconf 80' lang='grc' dir='ltr'>μελῶν</span> <span class='ocrx_word' id='word_1_358' title='bbox 1702 806 1818 845; x_wconf 82' lang='grc' dir='ltr'>ἐμπεσὸν</span> 
     </span>
     <span class='ocr_line' id='line_1_55' title="bbox 1041 850 1818 892; baseline 0.001 -11"><span class='ocrx_word' id='word_1_359' title='bbox 1041 850 1187 892; x_wconf 81' lang='grc' dir='ltr'>ἀχείρωτον</span> <span class='ocrx_word' id='word_1_360' title='bbox 1201 850 1283 891; x_wconf 81' lang='grc' dir='ltr'>μένει·</span> <span class='ocrx_word' id='word_1_361' title='bbox 1295 852 1354 880; x_wconf 83' lang='grc' dir='ltr'>ἀλλ’</span> <span class='ocrx_word' id='word_1_362' title='bbox 1364 853 1382 887; x_wconf 86' lang='grc' dir='ltr'><strong>ἡ</strong></span> <span class='ocrx_word' id='word_1_363' title='bbox 1394 852 1442 887; x_wconf 77' lang='grc' dir='ltr'>τῆς</span> <span class='ocrx_word' id='word_1_364' title='bbox 1452 851 1609 891; x_wconf 77' lang='grc' dir='ltr'>ἀποφάσεως</span> <span class='ocrx_word' id='word_1_365' title='bbox 1620 851 1721 881; x_wconf 83' lang='grc' dir='ltr'>διάνοια</span> <span class='ocrx_word' id='word_1_366' title='bbox 1729 852 1818 883; x_wconf 81' lang='grc' dir='ltr'>τοιαύ-</span> 
     </span>
     <span class='ocr_line' id='line_1_56' title="bbox 1041 896 1819 938; baseline -0.001 -11"><span class='ocrx_word' id='word_1_367' title='bbox 1041 909 1076 934; x_wconf 87' lang='grc' dir='ltr'>τη</span> <span class='ocrx_word' id='word_1_368' title='bbox 1083 909 1090 916; x_wconf 91' lang='grc'><em>·</em></span> <span class='ocrx_word' id='word_1_369' title='bbox 1097 899 1146 927; x_wconf 75' lang='grc' dir='ltr'>οὐκ</span> <span class='ocrx_word' id='word_1_370' title='bbox 1155 897 1204 935; x_wconf 83' lang='grc' dir='ltr'>ἔτι,</span> <span class='ocrx_word' id='word_1_371' title='bbox 1212 896 1287 938; x_wconf 75' lang='grc' dir='ltr'>φησὶ,</span> <span class='ocrx_word' id='word_1_372' title='bbox 1294 897 1360 937; x_wconf 83' lang='grc' dir='ltr'>πρὸς</span> <span class='ocrx_word' id='word_1_373' title='bbox 1367 896 1511 933; x_wconf 69' lang='grc' dir='ltr'>ἐπιὸουλὴν</span> <span class='ocrx_word' id='word_1_374' title='bbox 1518 896 1656 936; x_wconf 76' lang='grc' dir='ltr'>ἀνθρώπω</span> <span class='ocrx_word' id='word_1_375' title='bbox 1668 899 1683 926; x_wconf 79' lang='grc' dir='ltr'><strong>ὁ</strong></span> <span class='ocrx_word' id='word_1_376' title='bbox 1689 897 1746 938; x_wconf 81' lang='grc' dir='ltr'>ὄφις</span> <span class='ocrx_word' id='word_1_377' title='bbox 1754 899 1819 938; x_wconf 83' lang='grc' dir='ltr'>παῤ-</span> 
     </span>
     <span class='ocr_line' id='line_1_57' title="bbox 1043 942 1820 984; baseline -0.001 -11"><span class='ocrx_word' id='word_1_378' title='bbox 1043 943 1208 984; x_wconf 75' lang='grc' dir='ltr'>ῥησιάσιται,</span> <span class='ocrx_word' id='word_1_379' title='bbox 1215 943 1275 973; x_wconf 83' lang='grc' dir='ltr'>ἀλλ’</span> <span class='ocrx_word' id='word_1_380' title='bbox 1284 942 1348 974; x_wconf 77' lang='grc' dir='ltr'>εἴσω</span> <span class='ocrx_word' id='word_1_381' title='bbox 1357 942 1453 981; x_wconf 73' lang='grc' dir='ltr'>μένων,</span> <span class='ocrx_word' id='word_1_382' title='bbox 1459 945 1583 972; x_wconf 74' lang='grc' dir='ltr'>τοσοῦτον</span> <span class='ocrx_word' id='word_1_383' title='bbox 1590 942 1656 976; x_wconf 75' lang='grc' dir='ltr'>ἕξεις</span> <span class='ocrx_word' id='word_1_384' title='bbox 1662 945 1715 972; x_wconf 74' lang='grc' dir='ltr'>τῶν</span> <span class='ocrx_word' id='word_1_385' title='bbox 1723 943 1820 983; x_wconf 78' lang='grc' dir='ltr'>ἀνθρώ-</span> 
     </span>
     <span class='ocr_line' id='line_1_58' title="bbox 1042 988 1819 1030; baseline 0 -11"><span class='ocrx_word' id='word_1_386' title='bbox 1042 1001 1100 1020; x_wconf 84' lang='grc' dir='ltr'>πων</span> <span class='ocrx_word' id='word_1_387' title='bbox 1108 989 1152 1019; x_wconf 81' lang='grc' dir='ltr'>τὸν</span> <span class='ocrx_word' id='word_1_388' title='bbox 1160 988 1326 1029; x_wconf 75' lang='grc' dir='ltr'>φόὸον,ὤστε</span> <span class='ocrx_word' id='word_1_389' title='bbox 1345 990 1456 1030; x_wconf 76' lang='grc' dir='ltr'>φωλεοῖς</span> <span class='ocrx_word' id='word_1_390' title='bbox 1473 988 1702 1029; x_wconf 72' lang='grc' dir='ltr'>ἕγκατακρύπτειν</span> <span class='ocrx_word' id='word_1_391' title='bbox 1713 990 1819 1026; x_wconf 84' lang='grc' dir='ltr'>σαυτὸν,</span> 
     </span>
     <span class='ocr_line' id='line_1_59' title="bbox 1043 1034 1819 1075; baseline 0 -10"><span class='ocrx_word' id='word_1_392' title='bbox 1043 1034 1088 1066; x_wconf 79' lang='grc' dir='ltr'>καὶ</span> <span class='ocrx_word' id='word_1_393' title='bbox 1097 1035 1171 1075; x_wconf 80' lang='grc' dir='ltr'>μόλις</span> <span class='ocrx_word' id='word_1_394' title='bbox 1177 1034 1203 1070; x_wconf 77' lang='grc' dir='ltr'>ἐξ</span> <span class='ocrx_word' id='word_1_395' title='bbox 1213 1036 1285 1064; x_wconf 77' lang='grc' dir='ltr'>ὀπῶν</span> <span class='ocrx_word' id='word_1_396' title='bbox 1298 1034 1366 1074; x_wconf 72' lang='grc' dir='ltr'>μετὰ</span> <span class='ocrx_word' id='word_1_397' title='bbox 1377 1034 1459 1075; x_wconf 79' lang='grc' dir='ltr'>φόὸου</span> <span class='ocrx_word' id='word_1_398' title='bbox 1470 1034 1693 1075; x_wconf 79' lang='grc' dir='ltr'>προκύπτειν,τὰς</span> <span class='ocrx_word' id='word_1_399' title='bbox 1706 1037 1760 1064; x_wconf 81' lang='grc' dir='ltr'>τῶν</span> <span class='ocrx_word' id='word_1_400' title='bbox 1773 1038 1819 1066; x_wconf 82' lang='grc' dir='ltr'>ἀν-</span> 
     </span>
     <span class='ocr_line' id='line_1_60' title="bbox 1044 1080 1821 1122; baseline 0 -11"><span class='ocrx_word' id='word_1_401' title='bbox 1044 1081 1156 1122; x_wconf 83' lang='grc' dir='ltr'>θρώπων</span> <span class='ocrx_word' id='word_1_402' title='bbox 1165 1081 1295 1122; x_wconf 83' lang='grc' dir='ltr'>παρόδους</span> <span class='ocrx_word' id='word_1_403' title='bbox 1304 1080 1384 1121; x_wconf 62' lang='grc' dir='ltr'>μόνον</span> <span class='ocrx_word' id='word_1_404' title='bbox 1392 1082 1524 1121; x_wconf 73' lang='grc' dir='ltr'>τηροῦντα</span> <span class='ocrx_word' id='word_1_405' title='bbox 1537 1081 1602 1121; x_wconf 79' lang='grc' dir='ltr'>πρὸς</span> <span class='ocrx_word' id='word_1_406' title='bbox 1613 1081 1748 1111; x_wconf 81' lang='grc' dir='ltr'>ἀκίνδυνον</span> <span class='ocrx_word' id='word_1_407' title='bbox 1759 1081 1821 1122; x_wconf 79' lang='grc' dir='ltr'>πρό-</span> 
     </span>
     <span class='ocr_line' id='line_1_61' title="bbox 1044 1126 1820 1168; baseline 0 -10"><span class='ocrx_word' id='word_1_408' title='bbox 1044 1127 1153 1159; x_wconf 85' lang='grc' dir='ltr'>οδον.Ὁ</span> <span class='ocrx_word' id='word_1_409' title='bbox 1158 1127 1186 1158; x_wconf 82' lang='grc' dir='ltr'>δὲ</span> <span class='ocrx_word' id='word_1_410' title='bbox 1196 1127 1340 1168; x_wconf 83' lang='grc' dir='ltr'>ἅνθρωπος,</span> <span class='ocrx_word' id='word_1_411' title='bbox 1349 1126 1439 1167; x_wconf 79' lang='grc' dir='ltr'>φησὶν,</span> <span class='ocrx_word' id='word_1_412' title='bbox 1451 1127 1480 1156; x_wconf 80' lang='grc' dir='ltr'>ἑν</span> <span class='ocrx_word' id='word_1_413' title='bbox 1487 1126 1564 1167; x_wconf 76' lang='grc' dir='ltr'>ἀδείᾳ</span> <span class='ocrx_word' id='word_1_414' title='bbox 1573 1127 1761 1167; x_wconf 78' lang='grc' dir='ltr'>περιπατήσει,</span> <span class='ocrx_word' id='word_1_415' title='bbox 1771 1129 1820 1163; x_wconf 77' lang='grc' dir='ltr'>τῆς</span> 
     </span>
     <span class='ocr_line' id='line_1_62' title="bbox 1045 1170 1820 1212; baseline -0.005 -9"><span class='ocrx_word' id='word_1_416' title='bbox 1045 1174 1142 1203; x_wconf 79' lang='grc' dir='ltr'>σαυτοῦ</span> <span class='ocrx_word' id='word_1_417' title='bbox 1151 1171 1267 1212; x_wconf 73' lang='grc' dir='ltr'>κεφαλῆς</span> <span class='ocrx_word' id='word_1_418' title='bbox 1276 1172 1304 1201; x_wconf 75' lang='grc' dir='ltr'>ἐν</span> <span class='ocrx_word' id='word_1_419' title='bbox 1311 1170 1600 1212; x_wconf 67' lang='grc' dir='ltr'>φωλεοῖςτηρουμένης,</span> <span class='ocrx_word' id='word_1_420' title='bbox 1609 1172 1645 1204; x_wconf 78' lang='grc' dir='ltr'>ὣς</span> <span class='ocrx_word' id='word_1_421' title='bbox 1660 1172 1755 1211; x_wconf 67' lang='grc' dir='ltr'>ἐχθροῦ</span> <span class='ocrx_word' id='word_1_422' title='bbox 1760 1183 1820 1211; x_wconf 81' lang='grc' dir='ltr'>κρυ.</span> 
     </span>
     <span class='ocr_line' id='line_1_63' title="bbox 1045 1216 1819 1257; baseline -0.001 -10"><span class='ocrx_word' id='word_1_423' title='bbox 1045 1217 1187 1256; x_wconf 82' lang='grc' dir='ltr'>πτομένου,</span> <span class='ocrx_word' id='word_1_424' title='bbox 1198 1220 1228 1247; x_wconf 83' lang='grc' dir='ltr'>οὗ</span> <span class='ocrx_word' id='word_1_425' title='bbox 1239 1216 1419 1257; x_wconf 80' lang='grc' dir='ltr'>φθεγγομένης</span> <span class='ocrx_word' id='word_1_426' title='bbox 1431 1217 1497 1257; x_wconf 84' lang='grc' dir='ltr'>πρὸς</span> <span class='ocrx_word' id='word_1_427' title='bbox 1507 1217 1596 1253; x_wconf 77' lang='grc' dir='ltr'>αὐτὸν,</span> <span class='ocrx_word' id='word_1_428' title='bbox 1611 1219 1648 1255; x_wconf 80' lang='grc' dir='ltr'>ὡς</span> <span class='ocrx_word' id='word_1_429' title='bbox 1664 1217 1819 1257; x_wconf 82' lang='grc' dir='ltr'>πρὸςφίλον.</span> 
     </span>
    </p>

    <p class='ocr_par' dir='ltr' id='par_1_12' title="bbox 1045 1262 1823 1809">
     <span class='ocr_line' id='line_1_64' title="bbox 1087 1262 1820 1302; baseline 0 -10"><span class='ocrx_word' id='word_1_430' title='bbox 1087 1262 1158 1294; x_wconf 87' lang='grc' dir='ltr'>Ἀλλ’</span> <span class='ocrx_word' id='word_1_431' title='bbox 1181 1262 1274 1299; x_wconf 75' lang='grc' dir='ltr'>ἐπειδὴ</span> <span class='ocrx_word' id='word_1_432' title='bbox 1287 1264 1302 1292; x_wconf 80' lang='grc' dir='ltr'><strong>ὁ</strong></span> <span class='ocrx_word' id='word_1_433' title='bbox 1315 1262 1406 1302; x_wconf 75' lang='grc' dir='ltr'>καιρὸς</span> <span class='ocrx_word' id='word_1_434' title='bbox 1427 1262 1544 1302; x_wconf 67' lang='grc' dir='ltr'>ἐπείγει,</span> <span class='ocrx_word' id='word_1_435' title='bbox 1564 1262 1751 1302; x_wconf 82' lang='grc' dir='ltr'>πληρώσωμεν</span> <span class='ocrx_word' id='word_1_436' title='bbox 1774 1262 1820 1293; x_wconf 65' lang='grc' dir='ltr'>καὶ</span> 
     </span>
     <span class='ocr_line' id='line_1_65' title="bbox 1045 1308 1820 1348; baseline 0 -10"><span class='ocrx_word' id='word_1_437' title='bbox 1045 1310 1123 1348; x_wconf 82' lang='grc' dir='ltr'>ἡμεῖς</span> <span class='ocrx_word' id='word_1_438' title='bbox 1144 1308 1189 1338; x_wconf 84' lang='grc' dir='ltr'>τὸν</span> <span class='ocrx_word' id='word_1_439' title='bbox 1208 1308 1296 1345; x_wconf 88' lang='grc' dir='ltr'>λόγον.</span> <span class='ocrx_word' id='word_1_440' title='bbox 1310 1308 1451 1348; x_wconf 81' lang='grc' dir='ltr'>Ἠρώτησε</span> <span class='ocrx_word' id='word_1_441' title='bbox 1465 1308 1515 1344; x_wconf 66' lang='grc' dir='ltr'>τήν</span> <span class='ocrx_word' id='word_1_442' title='bbox 1531 1310 1722 1346; x_wconf 80' lang='grc' dir='ltr'>ἀπατηθεῖσαν,</span> <span class='ocrx_word' id='word_1_443' title='bbox 1735 1321 1820 1348; x_wconf 75' lang='grc' dir='ltr'>μετα-</span> 
     </span>
     <span class='ocr_line' id='line_1_66' title="bbox 1046 1354 1822 1396; baseline 0 -12"><span class='ocrx_word' id='word_1_444' title='bbox 1046 1355 1131 1384; x_wconf 75' lang='grc' dir='ltr'>ὅαίνει</span> <span class='ocrx_word' id='word_1_445' title='bbox 1141 1355 1186 1384; x_wconf 80' lang='grc' dir='ltr'>ἐπὶ</span> <span class='ocrx_word' id='word_1_446' title='bbox 1205 1355 1249 1385; x_wconf 88' lang='grc' dir='ltr'>τὸν</span> <span class='ocrx_word' id='word_1_447' title='bbox 1265 1355 1451 1391; x_wconf 82' lang='grc' dir='ltr'>ἀπατήσαντα.</span> <span class='ocrx_word' id='word_1_448' title='bbox 1463 1355 1499 1384; x_wconf 85' lang='grc' dir='ltr'><em>Ἥ</em></span> <span class='ocrx_word' id='word_1_449' title='bbox 1513 1354 1645 1396; x_wconf 80' lang='grc' dir='ltr'>ἀπόφασις</span> <span class='ocrx_word' id='word_1_450' title='bbox 1661 1355 1754 1385; x_wconf 84' lang='grc' dir='ltr'>λοιπὸν</span> <span class='ocrx_word' id='word_1_451' title='bbox 1767 1356 1822 1384; x_wconf 87' lang='grc' dir='ltr'>ἀπὸ</span> 
     </span>
     <span class='ocr_line' id='line_1_67' title="bbox 1045 1396 1820 1441; baseline 0 -11"><span class='ocrx_word' id='word_1_452' title='bbox 1045 1403 1094 1437; x_wconf 81' lang='grc' dir='ltr'>τῆς</span> <span class='ocrx_word' id='word_1_453' title='bbox 1108 1401 1181 1441; x_wconf 82' lang='grc' dir='ltr'>ῥίζης</span> <span class='ocrx_word' id='word_1_454' title='bbox 1203 1400 1301 1441; x_wconf 79' lang='grc' dir='ltr'>ἤρξατο</span> <span class='ocrx_word' id='word_1_455' title='bbox 1321 1403 1367 1431; x_wconf 79' lang='grc' dir='ltr'>τοῦ</span> <span class='ocrx_word' id='word_1_456' title='bbox 1382 1400 1577 1436; x_wconf 80' lang='grc' dir='ltr'>ἀπατήσαντος.</span> <span class='ocrx_word' id='word_1_457' title='bbox 1597 1396 1666 1430; x_wconf 73' lang='grc' dir='ltr'>Εἶτα</span> <span class='ocrx_word' id='word_1_458' title='bbox 1683 1396 1762 1436; x_wconf 73' lang='grc' dir='ltr'>ἦλθεν</span> <span class='ocrx_word' id='word_1_459' title='bbox 1776 1401 1820 1430; x_wconf 70' lang='grc' dir='ltr'>ἐπὶ</span> 
     </span>
     <span class='ocr_line' id='line_1_68' title="bbox 1045 1445 1821 1486; baseline -0.001 -10"><span class='ocrx_word' id='word_1_460' title='bbox 1045 1446 1094 1483; x_wconf 79' lang='grc' dir='ltr'>τὴν</span> <span class='ocrx_word' id='word_1_461' title='bbox 1107 1448 1298 1483; x_wconf 82' lang='grc' dir='ltr'>ἀπατηθεῖσαν,</span> <span class='ocrx_word' id='word_1_462' title='bbox 1312 1446 1358 1476; x_wconf 76' lang='grc' dir='ltr'>καὶ</span> <span class='ocrx_word' id='word_1_463' title='bbox 1371 1448 1475 1476; x_wconf 81' lang='grc' dir='ltr'>ἀπειλεῖ</span> <span class='ocrx_word' id='word_1_464' title='bbox 1485 1469 1492 1476; x_wconf 94' lang='grc'>.</span> <span class='ocrx_word' id='word_1_465' title='bbox 1513 1445 1548 1476; x_wconf 83' lang='grc' dir='ltr'><strong><em>Ἦ</em></strong></span> <span class='ocrx_word' id='word_1_466' title='bbox 1562 1445 1656 1486; x_wconf 81' lang='grc' dir='ltr'>πρώτη</span> <span class='ocrx_word' id='word_1_467' title='bbox 1674 1446 1747 1486; x_wconf 82' lang='grc' dir='ltr'>φωνὴ</span> <span class='ocrx_word' id='word_1_468' title='bbox 1756 1446 1821 1486; x_wconf 87' lang='grc' dir='ltr'>πρὸς</span> 
     </span>
     <span class='ocr_line' id='line_1_69' title="bbox 1045 1486 1819 1533; baseline 0.001 -12"><span class='ocrx_word' id='word_1_469' title='bbox 1045 1491 1091 1521; x_wconf 86' lang='grc' dir='ltr'>τὸν</span> <span class='ocrx_word' id='word_1_470' title='bbox 1110 1492 1178 1533; x_wconf 81' lang='grc' dir='ltr'>ὄφιν,</span> <span class='ocrx_word' id='word_1_471' title='bbox 1191 1492 1415 1533; x_wconf 79' lang='grc' dir='ltr'>Ἐπικατάρατος.</span> <span class='ocrx_word' id='word_1_472' title='bbox 1437 1491 1491 1522; x_wconf 78' lang='grc' dir='ltr'>Καὶ</span> <span class='ocrx_word' id='word_1_473' title='bbox 1506 1486 1579 1521; x_wconf 73' lang='grc' dir='ltr'>εἶπεν</span> <span class='ocrx_word' id='word_1_474' title='bbox 1593 1494 1607 1522; x_wconf 82' lang='grc' dir='ltr'><strong>ὁ</strong></span> <span class='ocrx_word' id='word_1_475' title='bbox 1626 1492 1696 1526; x_wconf 86' lang='grc' dir='ltr'>Θεὸς</span> <span class='ocrx_word' id='word_1_476' title='bbox 1716 1494 1751 1532; x_wconf 87' lang='grc' dir='ltr'>τῇ</span> <span class='ocrx_word' id='word_1_477' title='bbox 1772 1504 1819 1532; x_wconf 90' lang='grc' dir='ltr'>γυ-</span> 
     </span>
     <span class='ocr_line' id='line_1_70' title="bbox 1046 1537 1822 1579; baseline 0 -12"><span class='ocrx_word' id='word_1_478' title='bbox 1046 1538 1117 1568; x_wconf 77' lang='grc' dir='ltr'>ναικί</span> <span class='ocrx_word' id='word_1_479' title='bbox 1129 1550 1136 1557; x_wconf 89' lang='grc'><em>·</em></span> <span class='ocrx_word' id='word_1_480' title='bbox 1151 1538 1291 1574; x_wconf 80' lang='grc' dir='ltr'>πληθύνων</span> <span class='ocrx_word' id='word_1_481' title='bbox 1312 1539 1438 1575; x_wconf 73' lang='grc' dir='ltr'>πληθυνῶ</span> <span class='ocrx_word' id='word_1_482' title='bbox 1460 1537 1508 1572; x_wconf 81' lang='grc' dir='ltr'>τὰς</span> <span class='ocrx_word' id='word_1_483' title='bbox 1528 1537 1616 1571; x_wconf 84' lang='grc' dir='ltr'>λύπας</span> <span class='ocrx_word' id='word_1_484' title='bbox 1635 1549 1682 1567; x_wconf 88' lang='grc' dir='ltr'>σου</span> <span class='ocrx_word' id='word_1_485' title='bbox 1696 1538 1743 1568; x_wconf 73' lang='grc' dir='ltr'>καὶ</span> <span class='ocrx_word' id='word_1_486' title='bbox 1761 1538 1822 1579; x_wconf 79' lang='grc' dir='ltr'>τοὺς</span> 
     </span>
     <span class='ocr_line' id='line_1_71' title="bbox 1046 1583 1821 1624; baseline 0.003 -12"><span class='ocrx_word' id='word_1_487' title='bbox 1046 1583 1208 1623; x_wconf 83' lang='grc' dir='ltr'>στεναγμούς</span> <span class='ocrx_word' id='word_1_488' title='bbox 1221 1595 1278 1614; x_wconf 89' lang='grc' dir='ltr'>σου.</span> <span class='ocrx_word' id='word_1_489' title='bbox 1292 1585 1333 1614; x_wconf 81' lang='grc' dir='ltr'>Οὔ</span> <span class='ocrx_word' id='word_1_490' title='bbox 1344 1589 1494 1624; x_wconf 74' lang='grc' dir='ltr'>καταρᾶται</span> <span class='ocrx_word' id='word_1_491' title='bbox 1502 1605 1510 1618; x_wconf 82' lang='grc'><strong><em>,</em></strong></span> <span class='ocrx_word' id='word_1_492' title='bbox 1521 1583 1566 1613; x_wconf 80' lang='grc' dir='ltr'>ἵνα</span> <span class='ocrx_word' id='word_1_493' title='bbox 1580 1583 1618 1623; x_wconf 85' lang='grc' dir='ltr'>μὴ</span> <span class='ocrx_word' id='word_1_494' title='bbox 1629 1583 1717 1624; x_wconf 76' lang='grc' dir='ltr'>τίκτῃ,</span> <span class='ocrx_word' id='word_1_495' title='bbox 1727 1585 1821 1620; x_wconf 75' lang='grc' dir='ltr'>ἐπειδὴ</span> 
     </span>
     <span class='ocr_line' id='line_1_72' title="bbox 1045 1629 1822 1670; baseline 0.003 -12"><span class='ocrx_word' id='word_1_496' title='bbox 1045 1629 1198 1670; x_wconf 84' lang='grc' dir='ltr'>προφθάσας</span> <span class='ocrx_word' id='word_1_497' title='bbox 1211 1630 1354 1669; x_wconf 74' lang='grc' dir='ltr'>εὐλόγησεν</span> <span class='ocrx_word' id='word_1_498' title='bbox 1364 1642 1372 1648; x_wconf 94' lang='grc'><em>·</em></span> <span class='ocrx_word' id='word_1_499' title='bbox 1389 1629 1433 1659; x_wconf 79' lang='grc' dir='ltr'>ὅτε</span> <span class='ocrx_word' id='word_1_500' title='bbox 1445 1630 1498 1670; x_wconf 85' lang='grc' dir='ltr'>γὰρ</span> <span class='ocrx_word' id='word_1_501' title='bbox 1511 1629 1625 1659; x_wconf 79' lang='grc' dir='ltr'>ἔπλασεν</span> <span class='ocrx_word' id='word_1_502' title='bbox 1640 1629 1751 1668; x_wconf 69' lang='grc' dir='ltr'>αὐτοὺς,</span> <span class='ocrx_word' id='word_1_503' title='bbox 1773 1630 1822 1660; x_wconf 76' lang='grc' dir='ltr'>λέ-</span> 
     </span>
     <span class='ocr_line' id='line_1_73' title="bbox 1046 1675 1823 1716; baseline 0.001 -11"><span class='ocrx_word' id='word_1_504' title='bbox 1046 1687 1103 1716; x_wconf 78' lang='grc' dir='ltr'>γει’</span> <span class='ocrx_word' id='word_1_505' title='bbox 1118 1675 1172 1706; x_wconf 80' lang='grc' dir='ltr'>Καὶ</span> <span class='ocrx_word' id='word_1_506' title='bbox 1187 1675 1329 1716; x_wconf 81' lang='grc' dir='ltr'>εὐλόγησεν</span> <span class='ocrx_word' id='word_1_507' title='bbox 1351 1675 1444 1710; x_wconf 75' lang='grc' dir='ltr'>αὐτοὺς</span> <span class='ocrx_word' id='word_1_508' title='bbox 1460 1678 1475 1706; x_wconf 78' lang='grc' dir='ltr'><strong>ὁ</strong></span> <span class='ocrx_word' id='word_1_509' title='bbox 1490 1675 1559 1709; x_wconf 61' lang='grc' dir='ltr'>θεὸς</span> <span class='ocrx_word' id='word_1_510' title='bbox 1572 1675 1667 1715; x_wconf 81' lang='grc' dir='ltr'>λέγων,</span> <span class='ocrx_word' id='word_1_511' title='bbox 1681 1675 1823 1711; x_wconf 79' lang='grc' dir='ltr'>αύξάνεσθε</span> 
     </span>
     <span class='ocr_line' id='line_1_74' title="bbox 1047 1721 1822 1762; baseline 0.001 -11"><span class='ocrx_word' id='word_1_512' title='bbox 1047 1721 1094 1751; x_wconf 76' lang='grc' dir='ltr'>καὶ</span> <span class='ocrx_word' id='word_1_513' title='bbox 1115 1721 1295 1758; x_wconf 85' lang='grc' dir='ltr'>πληθύνεσθε,</span> <span class='ocrx_word' id='word_1_514' title='bbox 1318 1721 1364 1751; x_wconf 79' lang='grc' dir='ltr'>καὶ</span> <span class='ocrx_word' id='word_1_515' title='bbox 1382 1721 1544 1762; x_wconf 75' lang='grc' dir='ltr'>πληρώσατε</span> <span class='ocrx_word' id='word_1_516' title='bbox 1555 1721 1605 1758; x_wconf 80' lang='grc' dir='ltr'>τὴν</span> <span class='ocrx_word' id='word_1_517' title='bbox 1620 1723 1684 1761; x_wconf 80' lang='grc' dir='ltr'>γῆν.</span> <span class='ocrx_word' id='word_1_518' title='bbox 1701 1722 1781 1762; x_wconf 83' lang='grc' dir='ltr'>Λέγει</span> <span class='ocrx_word' id='word_1_519' title='bbox 1794 1722 1822 1752; x_wconf 79' lang='grc' dir='ltr'>δὲ</span> 
     </span>
     <span class='ocr_line' id='line_1_75' title="bbox 1047 1767 1823 1809; baseline 0.003 -12"><span class='ocrx_word' id='word_1_520' title='bbox 1047 1769 1155 1801; x_wconf 78' lang='grc' dir='ltr'>Παῦλος</span> <span class='ocrx_word' id='word_1_521' title='bbox 1163 1790 1171 1805; x_wconf 92' lang='grc'>,</span> <span class='ocrx_word' id='word_1_522' title='bbox 1186 1768 1391 1808; x_wconf 78' lang='grc' dir='ltr'>Ἀμεταμέλητα</span> <span class='ocrx_word' id='word_1_523' title='bbox 1403 1767 1439 1798; x_wconf 71' lang='grc' dir='ltr'>τὰ</span> <span class='ocrx_word' id='word_1_524' title='bbox 1449 1767 1607 1809; x_wconf 75' lang='grc' dir='ltr'>χαρίσματα</span> <span class='ocrx_word' id='word_1_525' title='bbox 1623 1771 1670 1798; x_wconf 80' lang='grc' dir='ltr'>τοῦ</span> <span class='ocrx_word' id='word_1_526' title='bbox 1683 1770 1765 1799; x_wconf 79' lang='grc' dir='ltr'>Θεοῦ.</span> <span class='ocrx_word' id='word_1_527' title='bbox 1781 1771 1823 1799; x_wconf 81' lang='grc' dir='ltr'>Οὔ</span> 
     </span>
    </p>
   </div>
   <div class='ocr_carea' id='block_1_12' title="bbox 252 1810 1824 1856">
    <p class='ocr_par' dir='ltr' id='par_1_13' title="bbox 252 1810 1824 1856">
     <span class='ocr_line' id='line_1_76' title="bbox 252 1810 1824 1856; baseline -0.003 -8"><span class='ocrx_word' id='word_1_528' title='bbox 252 1818 392 1848; x_wconf 76' lang='lat' dir='ltr'>nedixerat</span> <span class='ocrx_word' id='word_1_529' title='bbox 406 1830 413 1846; x_wconf 89' lang='lat'>:</span> <span class='ocrx_word' id='word_1_530' title='bbox 425 1817 471 1847; x_wconf 87' lang='lat' dir='ltr'>sed</span> <span class='ocrx_word' id='word_1_531' title='bbox 485 1816 573 1856; x_wconf 79' lang='lat' dir='ltr'>quid?</span> <span class='ocrx_word' id='word_1_532' title='bbox 587 1815 759 1856; x_wconf 82' lang='lat' dir='ltr'>stupendum</span> <span class='ocrx_word' id='word_1_533' title='bbox 772 1814 922 1845; x_wconf 86' lang='lat' dir='ltr'>remedium</span> <span class='ocrx_word' id='word_1_534' title='bbox 935 1815 1196 1856; x_wconf 61' lang='lat' dir='ltr'>vul-mxoetupffwt</span> <span class='ocrx_word' id='word_1_535' title='bbox 1205 1810 1251 1844; x_wconf 65' lang='grc' dir='ltr'>οὖν</span> <span class='ocrx_word' id='word_1_536' title='bbox 1260 1814 1304 1848; x_wconf 78' lang='grc' dir='ltr'>οὓς</span> <span class='ocrx_word' id='word_1_537' title='bbox 1317 1815 1474 1854; x_wconf 83' lang='grc' dir='ltr'>εὐλόγησεν·</span> <span class='ocrx_word' id='word_1_538' title='bbox 1488 1814 1556 1845; x_wconf 85' lang='grc' dir='ltr'>ἀλλὰ</span> <span class='ocrx_word' id='word_1_539' title='bbox 1567 1814 1610 1852; x_wconf 82' lang='grc' dir='ltr'>τί;</span> <span class='ocrx_word' id='word_1_540' title='bbox 1619 1815 1703 1845; x_wconf 82' lang='grc' dir='ltr'>Ξένον</span> <span class='ocrx_word' id='word_1_541' title='bbox 1714 1815 1824 1856; x_wconf 80' lang='grc' dir='ltr'>φάρμα-</span> 
     </span>
    </p>
   </div>
   <div class='ocr_carea' id='block_1_13' title="bbox 253 1861 1032 2272">
    <p class='ocr_par' dir='ltr' id='par_1_14' title="bbox 253 1861 1032 2272">
     <span class='ocr_line' id='line_1_77' title="bbox 253 1861 1032 1901; baseline -0.008 -6"><span class='ocrx_word' id='word_1_542' title='bbox 253 1865 311 1895; x_wconf 83' lang='lat' dir='ltr'>neri</span> <span class='ocrx_word' id='word_1_543' title='bbox 322 1864 443 1900; x_wconf 86' lang='lat' dir='ltr'>adhibet,</span> <span class='ocrx_word' id='word_1_544' title='bbox 456 1863 564 1893; x_wconf 89' lang='lat' dir='ltr'>dolores</span> <span class='ocrx_word' id='word_1_545' title='bbox 577 1869 603 1891; x_wconf 91' lang='lat' dir='ltr'>et</span> <span class='ocrx_word' id='word_1_546' title='bbox 624 1861 765 1901; x_wconf 86' lang='lat' dir='ltr'>gemitum.</span> <span class='ocrx_word' id='word_1_547' title='bbox 781 1861 876 1890; x_wconf 83' lang='lat' dir='ltr'>Genus</span> <span class='ocrx_word' id='word_1_548' title='bbox 890 1867 996 1890; x_wconf 88' lang='lat' dir='ltr'>senten-</span> <span class='ocrx_word' id='word_1_549' title='bbox 1013 1865 1032 1888; x_wconf 81' lang='grc' dir='ltr'><strong>Δ</strong></span> 
     </span>
     <span class='ocr_line' id='line_1_78' title="bbox 253 1906 1000 1949; baseline -0.005 -8"><span class='ocrx_word' id='word_1_550' title='bbox 253 1911 297 1941; x_wconf 73' lang='lat' dir='ltr'>tim</span> <span class='ocrx_word' id='word_1_551' title='bbox 321 1917 372 1947; x_wconf 87' lang='lat' dir='ltr'>est,</span> <span class='ocrx_word' id='word_1_552' title='bbox 400 1919 461 1948; x_wconf 81' lang='lat' dir='ltr'>quae</span> <span class='ocrx_word' id='word_1_553' title='bbox 487 1907 630 1949; x_wconf 88' lang='lat' dir='ltr'>percutiat,</span> <span class='ocrx_word' id='word_1_554' title='bbox 653 1907 700 1937; x_wconf 88' lang='lat' dir='ltr'>sed</span> <span class='ocrx_word' id='word_1_555' title='bbox 721 1906 814 1937; x_wconf 85' lang='lat' dir='ltr'>delicti</span> <span class='ocrx_word' id='word_1_556' title='bbox 837 1906 1000 1937; x_wconf 86' lang='lat' dir='ltr'>solutionem</span> 
     </span>
     <span class='ocr_line' id='line_1_79' title="bbox 254 1953 999 1997; baseline -0.004 -11"><span class='ocrx_word' id='word_1_557' title='bbox 254 1957 402 1997; x_wconf 85' lang='lat' dir='ltr'>promittat.</span> <span class='ocrx_word' id='word_1_558' title='bbox 427 1955 643 1994; x_wconf 78' lang='lat' dir='ltr'>Multiplicans‚</span> <span class='ocrx_word' id='word_1_559' title='bbox 669 1953 768 1992; x_wconf 87' lang='lat' dir='ltr'>inquit,</span> <span class='ocrx_word' id='word_1_560' title='bbox 795 1954 999 1992; x_wconf 80' lang='lat' dir='ltr'>multiplicabo</span> 
     </span>
     <span class='ocr_line' id='line_1_80' title="bbox 254 1999 999 2040; baseline -0.005 -8"><span class='ocrx_word' id='word_1_561' title='bbox 254 2003 370 2032; x_wconf 84' lang='lat' dir='ltr'>dolores</span> <span class='ocrx_word' id='word_1_562' title='bbox 384 2009 460 2037; x_wconf 84' lang='lat' dir='ltr'>tuos,</span> <span class='ocrx_word' id='word_1_563' title='bbox 475 2007 504 2029; x_wconf 89' lang='lat' dir='ltr'>et</span> <span class='ocrx_word' id='word_1_564' title='bbox 516 2002 655 2040; x_wconf 81' lang='lat' dir='ltr'>gemitum</span> <span class='ocrx_word' id='word_1_565' title='bbox 669 2005 761 2029; x_wconf 87' lang='lat' dir='ltr'>tuum.</span> <span class='ocrx_word' id='word_1_566' title='bbox 777 1999 943 2033; x_wconf 80' lang='lat' dir='ltr'>Poenitentiae</span> <span class='ocrx_word' id='word_1_567' title='bbox 955 2010 999 2029; x_wconf 84' lang='lat' dir='ltr'>re-</span> 
     </span>
     <span class='ocr_line' id='line_1_81' title="bbox 255 2044 998 2087; baseline -0.003 -10"><span class='ocrx_word' id='word_1_568' title='bbox 255 2048 355 2077; x_wconf 86' lang='lat' dir='ltr'>media.</span> <span class='ocrx_word' id='word_1_569' title='bbox 371 2047 504 2087; x_wconf 84' lang='lat' dir='ltr'>Animum</span> <span class='ocrx_word' id='word_1_570' title='bbox 520 2046 631 2076; x_wconf 87' lang='lat' dir='ltr'>adhibe.</span> <span class='ocrx_word' id='word_1_571' title='bbox 646 2044 883 2083; x_wconf 87' lang='lat' dir='ltr'>Quemadmodum</span> <span class='ocrx_word' id='word_1_572' title='bbox 897 2045 998 2081; x_wconf 82' lang='lat' dir='ltr'>medici</span> 
     </span>
     <span class='ocr_line' id='line_1_82' title="bbox 254 2092 998 2132; baseline -0.003 -8"><span class='ocrx_word' id='word_1_573' title='bbox 254 2095 348 2124; x_wconf 90' lang='lat' dir='ltr'>eodem</span> <span class='ocrx_word' id='word_1_574' title='bbox 360 2093 478 2123; x_wconf 88' lang='lat' dir='ltr'>remedio</span> <span class='ocrx_word' id='word_1_575' title='bbox 491 2092 614 2122; x_wconf 85' lang='lat' dir='ltr'>mordent</span> <span class='ocrx_word' id='word_1_576' title='bbox 626 2099 653 2123; x_wconf 90' lang='lat' dir='ltr'>et</span> <span class='ocrx_word' id='word_1_577' title='bbox 671 2092 790 2129; x_wconf 85' lang='lat' dir='ltr'>leniunt;</span> <span class='ocrx_word' id='word_1_578' title='bbox 811 2093 929 2132; x_wconf 87' lang='lat' dir='ltr'>itemque</span> <span class='ocrx_word' id='word_1_579' title='bbox 943 2093 998 2122; x_wconf 79' lang='lat' dir='ltr'>fer-</span> 
     </span>
     <span class='ocr_line' id='line_1_83' title="bbox 255 2139 999 2179; baseline -0.004 -8"><span class='ocrx_word' id='word_1_580' title='bbox 255 2153 317 2172; x_wconf 90' lang='lat' dir='ltr'>rum</span> <span class='ocrx_word' id='word_1_581' title='bbox 342 2141 435 2170; x_wconf 84' lang='lat' dir='ltr'>eadem</span> <span class='ocrx_word' id='word_1_582' title='bbox 456 2140 573 2170; x_wconf 87' lang='lat' dir='ltr'>sectione</span> <span class='ocrx_word' id='word_1_583' title='bbox 597 2139 745 2179; x_wconf 86' lang='lat' dir='ltr'>eodemque</span> <span class='ocrx_word' id='word_1_584' title='bbox 770 2139 865 2169; x_wconf 81' lang='lat' dir='ltr'>dolore</span> <span class='ocrx_word' id='word_1_585' title='bbox 885 2139 999 2169; x_wconf 82' lang='lat' dir='ltr'>salutem</span> 
     </span>
     <span class='ocr_line' id='line_1_84' title="bbox 255 2183 999 2228; baseline -0.003 -11"><span class='ocrx_word' id='word_1_586' title='bbox 255 2183 381 2228; x_wconf 82' lang='lat' dir='ltr'>praestat:</span> <span class='ocrx_word' id='word_1_587' title='bbox 397 2188 436 2218; x_wconf 93' lang='lat' dir='ltr'>sic</span> <span class='ocrx_word' id='word_1_588' title='bbox 456 2189 530 2217; x_wconf 88' lang='lat' dir='ltr'>Deus</span> <span class='ocrx_word' id='word_1_589' title='bbox 551 2188 672 2227; x_wconf 81' lang='lat' dir='ltr'>peccanti</span> <span class='ocrx_word' id='word_1_590' title='bbox 686 2186 793 2216; x_wconf 89' lang='lat' dir='ltr'>mulieri</span> <span class='ocrx_word' id='word_1_591' title='bbox 807 2186 864 2216; x_wconf 90' lang='lat' dir='ltr'>duo</span> <span class='ocrx_word' id='word_1_592' title='bbox 885 2185 932 2215; x_wconf 84' lang='lat' dir='ltr'>dat</span> <span class='ocrx_word' id='word_1_593' title='bbox 944 2196 999 2226; x_wconf 87' lang='lat' dir='ltr'>poe-</span> 
     </span>
     <span class='ocr_line' id='line_1_85' title="bbox 254 2231 998 2272; baseline -0.003 -8"><span class='ocrx_word' id='word_1_594' title='bbox 254 2234 371 2264; x_wconf 73' lang='lat' dir='ltr'>nitentia:</span> <span class='ocrx_word' id='word_1_595' title='bbox 387 2235 498 2271; x_wconf 84' lang='lat' dir='ltr'>viatica,</span> <span class='ocrx_word' id='word_1_596' title='bbox 508 2233 631 2263; x_wconf 90' lang='lat' dir='ltr'>dolorem</span> <span class='ocrx_word' id='word_1_597' title='bbox 646 2240 672 2262; x_wconf 91' lang='lat' dir='ltr'>et</span> <span class='ocrx_word' id='word_1_598' title='bbox 682 2233 823 2272; x_wconf 84' lang='lat' dir='ltr'>gemitum.</span> <span class='ocrx_word' id='word_1_599' title='bbox 834 2231 910 2269; x_wconf 88' lang='lat' dir='ltr'>Quid</span> <span class='ocrx_word' id='word_1_600' title='bbox 919 2232 998 2272; x_wconf 82' lang='lat' dir='ltr'>juvat</span> 
     </span>
    </p>
   </div>
   <div class='ocr_carea' id='block_1_14' title="bbox 165 2278 998 2316">
    <p class='ocr_par' dir='ltr' id='par_1_15' title="bbox 165 2278 998 2316">
     <span class='ocr_line' id='line_1_86' title="bbox 165 2278 998 2316; baseline -0.004 -6"><span class='ocrx_word' id='word_1_601' title='bbox 165 2296 202 2310; x_wconf 83' lang='lat'><em>‹11-</em></span> <span class='ocrx_word' id='word_1_602' title='bbox 240 2280 334 2310; x_wconf 84' lang='lat' dir='ltr'>.dolor</span> <span class='ocrx_word' id='word_1_603' title='bbox 347 2288 373 2310; x_wconf 84' lang='lat' dir='ltr'>et</span> <span class='ocrx_word' id='word_1_604' title='bbox 385 2280 514 2310; x_wconf 79' lang='lat' dir='ltr'>tristitia?</span> <span class='ocrx_word' id='word_1_605' title='bbox 528 2278 601 2309; x_wconf 89' lang='lat' dir='ltr'>Audi</span> <span class='ocrx_word' id='word_1_606' title='bbox 618 2279 734 2308; x_wconf 88' lang='lat' dir='ltr'>Paulum</span> <span class='ocrx_word' id='word_1_607' title='bbox 748 2278 878 2308; x_wconf 84' lang='lat' dir='ltr'>dicentem</span> <span class='ocrx_word' id='word_1_608' title='bbox 902 2289 909 2305; x_wconf 73' lang='grc' dir='ltr'>ε</span> <span class='ocrx_word' id='word_1_609' title='bbox 926 2278 998 2316; x_wconf 84' lang='lat' dir='ltr'>Quoe</span> 
     </span>
    </p>
   </div>
   <div class='ocr_carea' id='block_1_15' title="bbox 254 2324 1029 2589">
    <p class='ocr_par' dir='ltr' id='par_1_16' title="bbox 254 2324 1029 2589">
     <span class='ocr_line' id='line_1_87' title="bbox 255 2324 998 2364; baseline -0.009 -5"><span class='ocrx_word' id='word_1_610' title='bbox 255 2329 415 2359; x_wconf 84' lang='lat' dir='ltr'>secundum</span> <span class='ocrx_word' id='word_1_611' title='bbox 436 2328 534 2357; x_wconf 88' lang='lat' dir='ltr'>Deum</span> <span class='ocrx_word' id='word_1_612' title='bbox 552 2332 596 2356; x_wconf 85' lang='lat' dir='ltr'>est</span> <span class='ocrx_word' id='word_1_613' title='bbox 620 2327 741 2355; x_wconf 78' lang='lat' dir='ltr'>tristitia</span> <span class='ocrx_word' id='word_1_614' title='bbox 751 2324 951 2364; x_wconf 84' lang='lat' dir='ltr'>poenitentiam</span> <span class='ocrx_word' id='word_1_615' title='bbox 965 2325 998 2352; x_wconf 84' lang='lat' dir='ltr'>in</span> 
     </span>
     <span class='ocr_line' id='line_1_88' title="bbox 254 2370 997 2412; baseline -0.009 -6"><span class='ocrx_word' id='word_1_616' title='bbox 254 2377 378 2406; x_wconf 79' lang='lat' dir='ltr'>salutem</span> <span class='ocrx_word' id='word_1_617' title='bbox 397 2375 534 2404; x_wconf 85' lang='lat' dir='ltr'>stabilem</span> <span class='ocrx_word' id='word_1_618' title='bbox 551 2378 697 2412; x_wconf 85' lang='lat' dir='ltr'>operatur.</span> <span class='ocrx_word' id='word_1_619' title='bbox 718 2371 754 2401; x_wconf 94' lang='lat' dir='ltr'>Et</span> <span class='ocrx_word' id='word_1_620' title='bbox 782 2370 849 2410; x_wconf 91' lang='lat' dir='ltr'>quid</span> <span class='ocrx_word' id='word_1_621' title='bbox 871 2377 997 2410; x_wconf 86' lang='lat' dir='ltr'>operatur</span> 
     </span>
     <span class='ocr_line' id='line_1_89' title="bbox 254 2411 1029 2462; baseline -0.009 -11"><span class='ocrx_word' id='word_1_622' title='bbox 254 2421 389 2462; x_wconf 80' lang='lat' dir='ltr'>gemitus?</span> <span class='ocrx_word' id='word_1_623' title='bbox 405 2420 479 2450; x_wconf 83' lang='lat' dir='ltr'>Audi</span> <span class='ocrx_word' id='word_1_624' title='bbox 487 2419 584 2450; x_wconf 88' lang='lat' dir='ltr'>Isaiam</span> <span class='ocrx_word' id='word_1_625' title='bbox 597 2430 605 2447; x_wconf 70' lang='grc' dir='ltr'>ι</span> <span class='ocrx_word' id='word_1_626' title='bbox 630 2418 704 2447; x_wconf 88' lang='lat' dir='ltr'>Cum</span> <span class='ocrx_word' id='word_1_627' title='bbox 716 2426 834 2447; x_wconf 80' lang='lat' dir='ltr'>aversus</span> <span class='ocrx_word' id='word_1_628' title='bbox 847 2418 995 2456; x_wconf 81' lang='lat' dir='ltr'>ingemue-</span> <span class='ocrx_word' id='word_1_629' title='bbox 1011 2411 1029 2434; x_wconf 73' lang='grc' dir='ltr'><strong><em>Β</em></strong></span> 
     </span>
     <span class='ocr_line' id='line_1_90' title="bbox 254 2463 996 2503; baseline -0.008 -6"><span class='ocrx_word' id='word_1_630' title='bbox 254 2470 305 2503; x_wconf 87' lang='lat' dir='ltr'>ris,</span> <span class='ocrx_word' id='word_1_631' title='bbox 324 2475 394 2497; x_wconf 85' lang='lat' dir='ltr'>lunc</span> <span class='ocrx_word' id='word_1_632' title='bbox 417 2467 518 2496; x_wconf 77' lang='lat' dir='ltr'>salvus</span> <span class='ocrx_word' id='word_1_633' title='bbox 539 2467 606 2495; x_wconf 78' lang='lat' dir='ltr'>eris.</span> <span class='ocrx_word' id='word_1_634' title='bbox 626 2463 832 2503; x_wconf 78' lang='lat' dir='ltr'>Multiplicans</span> <span class='ocrx_word' id='word_1_635' title='bbox 855 2463 996 2502; x_wconf 82' lang='lat' dir='ltr'>multipli-</span> 
     </span>
     <span class='ocr_line' id='line_1_91' title="bbox 255 2509 996 2550; baseline -0.007 -7"><span class='ocrx_word' id='word_1_636' title='bbox 255 2516 327 2543; x_wconf 82' lang='lat' dir='ltr'>cabo</span> <span class='ocrx_word' id='word_1_637' title='bbox 342 2515 474 2543; x_wconf 79' lang='lat' dir='ltr'>tristitias</span> <span class='ocrx_word' id='word_1_638' title='bbox 495 2520 560 2542; x_wconf 83' lang='lat' dir='ltr'>tuas</span> <span class='ocrx_word' id='word_1_639' title='bbox 581 2517 608 2540; x_wconf 86' lang='lat' dir='ltr'>ct</span> <span class='ocrx_word' id='word_1_640' title='bbox 630 2512 769 2550; x_wconf 79' lang='lat' dir='ltr'>gemitum</span> <span class='ocrx_word' id='word_1_641' title='bbox 783 2516 875 2539; x_wconf 78' lang='lat' dir='ltr'>tuum.</span> <span class='ocrx_word' id='word_1_642' title='bbox 898 2509 996 2539; x_wconf 86' lang='lat' dir='ltr'>Tristi-</span> 
     </span>
     <span class='ocr_line' id='line_1_92' title="bbox 255 2555 994 2589; baseline -0.004 -2"><span class='ocrx_word' id='word_1_643' title='bbox 255 2560 291 2588; x_wconf 86' lang='lat' dir='ltr'>tia</span> <span class='ocrx_word' id='word_1_644' title='bbox 305 2560 461 2589; x_wconf 72' lang='lat' dir='ltr'>exteriorem</span> <span class='ocrx_word' id='word_1_645' title='bbox 481 2558 587 2589; x_wconf 88' lang='lat' dir='ltr'>vultum</span> <span class='ocrx_word' id='word_1_646' title='bbox 609 2556 740 2586; x_wconf 79' lang='lat' dir='ltr'>delormat</span> <span class='ocrx_word' id='word_1_647' title='bbox 758 2566 788 2585; x_wconf 80' lang='lat' dir='ltr'>ac</span> <span class='ocrx_word' id='word_1_648' title='bbox 810 2555 913 2585; x_wconf 83' lang='lat' dir='ltr'>tristem</span> <span class='ocrx_word' id='word_1_649' title='bbox 933 2555 994 2584; x_wconf 81' lang='lat' dir='ltr'>red-</span> 
     </span>
    </p>
   </div>
   <div class='ocr_carea' id='block_1_16' title="bbox 1045 1860 1826 2595">
    <p class='ocr_par' dir='ltr' id='par_1_17' title="bbox 1045 1860 1826 2595">
     <span class='ocr_line' id='line_1_93' title="bbox 1048 1860 1825 1903; baseline 0.003 -13"><span class='ocrx_word' id='word_1_650' title='bbox 1048 1871 1094 1890; x_wconf 78' lang='lat' dir='ltr'>›th</span> <span class='ocrx_word' id='word_1_651' title='bbox 1105 1860 1233 1900; x_wconf 80' lang='grc' dir='ltr'>προσάγει</span> <span class='ocrx_word' id='word_1_652' title='bbox 1242 1862 1280 1901; x_wconf 82' lang='grc' dir='ltr'>τῷ</span> <span class='ocrx_word' id='word_1_653' title='bbox 1291 1860 1433 1901; x_wconf 84' lang='grc' dir='ltr'>τραύματι,</span> <span class='ocrx_word' id='word_1_654' title='bbox 1441 1860 1527 1895; x_wconf 83' lang='grc' dir='ltr'>λύπας</span> <span class='ocrx_word' id='word_1_655' title='bbox 1535 1860 1582 1891; x_wconf 72' lang='grc' dir='ltr'>καὶ</span> <span class='ocrx_word' id='word_1_656' title='bbox 1591 1861 1746 1901; x_wconf 83' lang='grc' dir='ltr'>στεναγμόν.</span> <span class='ocrx_word' id='word_1_657' title='bbox 1753 1863 1825 1903; x_wconf 80' lang='grc' dir='ltr'>Σχῆ-</span> 
     </span>
     <span class='ocr_line' id='line_1_94' title="bbox 1049 1906 1821 1950; baseline 0.004 -15"><span class='ocrx_word' id='word_1_658' title='bbox 1049 1906 1087 1945; x_wconf 86' lang='grc' dir='ltr'>μά</span> <span class='ocrx_word' id='word_1_659' title='bbox 1098 1907 1169 1936; x_wconf 85' lang='grc' dir='ltr'>ἐστιν</span> <span class='ocrx_word' id='word_1_660' title='bbox 1184 1906 1341 1946; x_wconf 82' lang='grc' dir='ltr'>ἀποφάσεως</span> <span class='ocrx_word' id='word_1_661' title='bbox 1354 1906 1537 1950; x_wconf 57' lang='grc' dir='ltr'>πληττούεῃς,</span> <span class='ocrx_word' id='word_1_662' title='bbox 1552 1906 1627 1937; x_wconf 87' lang='grc' dir='ltr'>λύσιν</span> <span class='ocrx_word' id='word_1_663' title='bbox 1640 1907 1668 1937; x_wconf 83' lang='grc' dir='ltr'>δὲ</span> <span class='ocrx_word' id='word_1_664' title='bbox 1682 1910 1729 1938; x_wconf 77' lang='grc' dir='ltr'>τοῦ</span> <span class='ocrx_word' id='word_1_665' title='bbox 1740 1909 1821 1938; x_wconf 81' lang='grc' dir='ltr'>πταί-</span> 
     </span>
     <span class='ocr_line' id='line_1_95' title="bbox 1046 1952 1824 1993; baseline 0.003 -11"><span class='ocrx_word' id='word_1_666' title='bbox 1046 1964 1147 1991; x_wconf 86' lang='grc' dir='ltr'>σματος</span> <span class='ocrx_word' id='word_1_667' title='bbox 1165 1952 1401 1992; x_wconf 81' lang='grc' dir='ltr'>ἐπαγγελλόμενον.</span> <span class='ocrx_word' id='word_1_668' title='bbox 1416 1953 1573 1990; x_wconf 88' lang='grc' dir='ltr'>Πληθύνων,</span> <span class='ocrx_word' id='word_1_669' title='bbox 1594 1954 1678 1993; x_wconf 76' lang='grc' dir='ltr'>φησὶ,</span> <span class='ocrx_word' id='word_1_670' title='bbox 1697 1956 1824 1990; x_wconf 79' lang='grc' dir='ltr'>πληθυνῶ</span> 
     </span>
     <span class='ocr_line' id='line_1_96' title="bbox 1045 1997 1824 2039; baseline 0.001 -11"><span class='ocrx_word' id='word_1_671' title='bbox 1045 1997 1094 2032; x_wconf 79' lang='grc' dir='ltr'>τὰς</span> <span class='ocrx_word' id='word_1_672' title='bbox 1103 1998 1190 2032; x_wconf 86' lang='grc' dir='ltr'>λύπας</span> <span class='ocrx_word' id='word_1_673' title='bbox 1199 2010 1245 2028; x_wconf 91' lang='grc' dir='ltr'>σου</span> <span class='ocrx_word' id='word_1_674' title='bbox 1255 1997 1300 2027; x_wconf 81' lang='grc' dir='ltr'>καὶ</span> <span class='ocrx_word' id='word_1_675' title='bbox 1310 1998 1355 2027; x_wconf 88' lang='grc' dir='ltr'>τὸν</span> <span class='ocrx_word' id='word_1_676' title='bbox 1365 1998 1511 2038; x_wconf 82' lang='grc' dir='ltr'>στεναγμόν</span> <span class='ocrx_word' id='word_1_677' title='bbox 1521 2011 1578 2028; x_wconf 92' lang='grc' dir='ltr'>σου.</span> <span class='ocrx_word' id='word_1_678' title='bbox 1589 2000 1729 2039; x_wconf 82' lang='grc' dir='ltr'>Φάρμακα</span> <span class='ocrx_word' id='word_1_679' title='bbox 1741 2011 1824 2038; x_wconf 87' lang='grc' dir='ltr'>μετα-</span> 
     </span>
     <span class='ocr_line' id='line_1_97' title="bbox 1047 2043 1824 2086; baseline 0.001 -13"><span class='ocrx_word' id='word_1_680' title='bbox 1047 2043 1127 2078; x_wconf 85' lang='grc' dir='ltr'>νοίας.</span> <span class='ocrx_word' id='word_1_681' title='bbox 1135 2043 1269 2084; x_wconf 84' lang='grc' dir='ltr'>Πρόσεχε.</span> <span class='ocrx_word' id='word_1_682' title='bbox 1277 2043 1385 2084; x_wconf 66' lang='grc' dir='ltr'>’Ὠσπερ</span> <span class='ocrx_word' id='word_1_683' title='bbox 1393 2045 1418 2073; x_wconf 81' lang='grc' dir='ltr'>οἱ</span> <span class='ocrx_word' id='word_1_684' title='bbox 1428 2044 1514 2083; x_wconf 77' lang='grc' dir='ltr'>ἰατροὶ</span> <span class='ocrx_word' id='word_1_685' title='bbox 1525 2045 1553 2074; x_wconf 82' lang='grc' dir='ltr'>ἐν</span> <span class='ocrx_word' id='word_1_686' title='bbox 1563 2046 1602 2085; x_wconf 79' lang='grc' dir='ltr'>τῷ</span> <span class='ocrx_word' id='word_1_687' title='bbox 1611 2046 1684 2085; x_wconf 76' lang='grc' dir='ltr'>αὐτῷ</span> <span class='ocrx_word' id='word_1_688' title='bbox 1690 2045 1824 2086; x_wconf 72' lang='grc' dir='ltr'>φαρμάκῳ</span> 
     </span>
     <span class='ocr_line' id='line_1_98' title="bbox 1046 2089 1824 2129; baseline 0.003 -10"><span class='ocrx_word' id='word_1_689' title='bbox 1046 2090 1092 2119; x_wconf 78' lang='grc' dir='ltr'>καὶ</span> <span class='ocrx_word' id='word_1_690' title='bbox 1098 2089 1224 2129; x_wconf 85' lang='grc' dir='ltr'>στύφουσι</span> <span class='ocrx_word' id='word_1_691' title='bbox 1235 2089 1280 2118; x_wconf 76' lang='grc' dir='ltr'>καὶ</span> <span class='ocrx_word' id='word_1_692' title='bbox 1287 2089 1460 2129; x_wconf 83' lang='grc' dir='ltr'>θεραπεύουσι</span> <span class='ocrx_word' id='word_1_693' title='bbox 1473 2092 1491 2126; x_wconf 84' lang='grc' dir='ltr'>ἡ</span> <span class='ocrx_word' id='word_1_694' title='bbox 1506 2090 1574 2127; x_wconf 70' lang='grc' dir='ltr'>αὐτὴ</span> <span class='ocrx_word' id='word_1_695' title='bbox 1587 2089 1658 2128; x_wconf 82' lang='grc' dir='ltr'>τομὴ</span> <span class='ocrx_word' id='word_1_696' title='bbox 1668 2090 1750 2120; x_wconf 76' lang='grc' dir='ltr'>καὶτὸ</span> <span class='ocrx_word' id='word_1_697' title='bbox 1760 2091 1824 2121; x_wconf 86' lang='grc' dir='ltr'>αὐτὸ</span> 
     </span>
     <span class='ocr_line' id='line_1_99' title="bbox 1047 2134 1825 2177; baseline 0.003 -13"><span class='ocrx_word' id='word_1_698' title='bbox 1047 2135 1164 2175; x_wconf 82' lang='grc' dir='ltr'>σιδήριον</span> <span class='ocrx_word' id='word_1_699' title='bbox 1179 2135 1224 2164; x_wconf 80' lang='grc' dir='ltr'>καὶ</span> <span class='ocrx_word' id='word_1_700' title='bbox 1243 2137 1262 2171; x_wconf 84' lang='grc' dir='ltr'>ἡ</span> <span class='ocrx_word' id='word_1_701' title='bbox 1277 2135 1344 2171; x_wconf 75' lang='grc' dir='ltr'>αὕτη</span> <span class='ocrx_word' id='word_1_702' title='bbox 1356 2134 1434 2172; x_wconf 84' lang='grc' dir='ltr'>ὀδύνη</span> <span class='ocrx_word' id='word_1_703' title='bbox 1454 2135 1523 2174; x_wconf 81' lang='grc' dir='ltr'>μετὰ</span> <span class='ocrx_word' id='word_1_704' title='bbox 1534 2138 1583 2172; x_wconf 77' lang='grc' dir='ltr'>τῆς</span> <span class='ocrx_word' id='word_1_705' title='bbox 1596 2138 1680 2175; x_wconf 79' lang='grc' dir='ltr'>τομῆς</span> <span class='ocrx_word' id='word_1_706' title='bbox 1692 2137 1825 2177; x_wconf 81' lang='grc' dir='ltr'>σωτηρίαν</span> 
     </span>
     <span class='ocr_line' id='line_1_100' title="bbox 1046 2180 1824 2223; baseline 0.003 -13"><span class='ocrx_word' id='word_1_707' title='bbox 1046 2186 1138 2220; x_wconf 82' lang='grc' dir='ltr'>γεννᾷ·</span> <span class='ocrx_word' id='word_1_708' title='bbox 1164 2180 1248 2214; x_wconf 68' lang='grc' dir='ltr'>οὕτως</span> <span class='ocrx_word' id='word_1_709' title='bbox 1259 2182 1274 2210; x_wconf 79' lang='grc' dir='ltr'><strong>ὁ</strong></span> <span class='ocrx_word' id='word_1_710' title='bbox 1285 2180 1354 2214; x_wconf 85' lang='grc' dir='ltr'>Θεὸς</span> <span class='ocrx_word' id='word_1_711' title='bbox 1367 2180 1459 2211; x_wconf 81' lang='grc' dir='ltr'>δίδωσι</span> <span class='ocrx_word' id='word_1_712' title='bbox 1473 2181 1519 2211; x_wconf 84' lang='grc' dir='ltr'>δύο</span> <span class='ocrx_word' id='word_1_713' title='bbox 1532 2181 1623 2222; x_wconf 81' lang='grc' dir='ltr'>ἐφόδια</span> <span class='ocrx_word' id='word_1_714' title='bbox 1639 2182 1778 2220; x_wconf 81' lang='grc' dir='ltr'>μετανοίας</span> <span class='ocrx_word' id='word_1_715' title='bbox 1790 2185 1824 2223; x_wconf 83' lang='grc' dir='ltr'>τῇ</span> 
     </span>
     <span class='ocr_line' id='line_1_101' title="bbox 1046 2226 1823 2268; baseline 0.003 -13"><span class='ocrx_word' id='word_1_716' title='bbox 1046 2226 1329 2266; x_wconf 75' lang='grc' dir='ltr'>ἁμαρτησάσῃ,λύπην</span> <span class='ocrx_word' id='word_1_717' title='bbox 1343 2226 1388 2256; x_wconf 78' lang='grc' dir='ltr'>καὶ</span> <span class='ocrx_word' id='word_1_718' title='bbox 1400 2227 1558 2267; x_wconf 78' lang='grc' dir='ltr'>στεναγμόν.</span> <span class='ocrx_word' id='word_1_719' title='bbox 1572 2228 1608 2257; x_wconf 87' lang='grc' dir='ltr'>Τί</span> <span class='ocrx_word' id='word_1_720' title='bbox 1618 2228 1716 2268; x_wconf 76' lang='grc' dir='ltr'>ὠφελεῖ</span> <span class='ocrx_word' id='word_1_721' title='bbox 1729 2228 1802 2264; x_wconf 84' lang='grc' dir='ltr'>λύπη</span> <span class='ocrx_word' id='word_1_722' title='bbox 1814 2240 1823 2266; x_wconf 84' lang='lat'>;</span> 
     </span>
     <span class='ocr_line' id='line_1_102' title="bbox 1046 2272 1825 2314; baseline 0.003 -12"><span class='ocrx_word' id='word_1_723' title='bbox 1046 2272 1138 2302; x_wconf 82' lang='grc' dir='ltr'>Ἄκουε</span> <span class='ocrx_word' id='word_1_724' title='bbox 1145 2272 1253 2302; x_wconf 88' lang='grc' dir='ltr'>Παύλου</span> <span class='ocrx_word' id='word_1_725' title='bbox 1263 2273 1394 2313; x_wconf 80' lang='grc' dir='ltr'>λέγοντος·</span> <span class='ocrx_word' id='word_1_726' title='bbox 1407 2273 1442 2303; x_wconf 83' lang='grc' dir='ltr'><strong>Ἡ</strong></span> <span class='ocrx_word' id='word_1_727' title='bbox 1452 2273 1504 2314; x_wconf 79' lang='grc' dir='ltr'>γὰρ</span> <span class='ocrx_word' id='word_1_728' title='bbox 1512 2273 1582 2303; x_wconf 77' lang='grc' dir='ltr'>κατὰ</span> <span class='ocrx_word' id='word_1_729' title='bbox 1593 2274 1663 2304; x_wconf 87' lang='grc' dir='ltr'>Θεὸν</span> <span class='ocrx_word' id='word_1_730' title='bbox 1670 2274 1743 2310; x_wconf 88' lang='grc' dir='ltr'>λύπη</span> <span class='ocrx_word' id='word_1_731' title='bbox 1757 2275 1825 2312; x_wconf 86' lang='grc' dir='ltr'>μετά</span> 
     </span>
     <span class='ocr_line' id='line_1_103' title="bbox 1046 2319 1826 2360; baseline 0.001 -11"><span class='ocrx_word' id='word_1_732' title='bbox 1046 2331 1118 2349; x_wconf 87' lang='grc' dir='ltr'>νοιαν</span> <span class='ocrx_word' id='word_1_733' title='bbox 1132 2321 1169 2352; x_wconf 82' lang='grc' dir='ltr'>εἷς</span> <span class='ocrx_word' id='word_1_734' title='bbox 1181 2319 1314 2360; x_wconf 82' lang='grc' dir='ltr'>σωτηρίαν</span> <span class='ocrx_word' id='word_1_735' title='bbox 1329 2320 1534 2359; x_wconf 76' lang='grc' dir='ltr'>ἀμεταμέλητον</span> <span class='ocrx_word' id='word_1_736' title='bbox 1550 2320 1750 2360; x_wconf 74' lang='grc' dir='ltr'>κατεργάζεται.</span> <span class='ocrx_word' id='word_1_737' title='bbox 1772 2321 1826 2351; x_wconf 78' lang='grc' dir='ltr'>Καὶ</span> 
     </span>
     <span class='ocr_line' id='line_1_104' title="bbox 1047 2365 1825 2406; baseline 0.003 -12"><span class='ocrx_word' id='word_1_738' title='bbox 1047 2365 1073 2395; x_wconf 87' lang='grc' dir='ltr'>τί</span> <span class='ocrx_word' id='word_1_739' title='bbox 1094 2366 1232 2405; x_wconf 81' lang='grc' dir='ltr'>ἐργάζεται</span> <span class='ocrx_word' id='word_1_740' title='bbox 1241 2366 1402 2406; x_wconf 69' lang='grc' dir='ltr'>στεναγμός,</span> <span class='ocrx_word' id='word_1_741' title='bbox 1413 2366 1507 2396; x_wconf 80' lang='grc' dir='ltr'>Ἄκουε</span> <span class='ocrx_word' id='word_1_742' title='bbox 1518 2365 1631 2395; x_wconf 76' lang='grc' dir='ltr'>Ἡσαΐου</span> <span class='ocrx_word' id='word_1_743' title='bbox 1640 2378 1647 2384; x_wconf 91' lang='grc'><strong><em>·</em></strong></span> <span class='ocrx_word' id='word_1_744' title='bbox 1659 2365 1746 2396; x_wconf 84' lang='grc' dir='ltr'>Ὅταν</span> <span class='ocrx_word' id='word_1_745' title='bbox 1757 2368 1825 2396; x_wconf 77' lang='grc' dir='ltr'>ἀπο-</span> 
     </span>
     <span class='ocr_line' id='line_1_105' title="bbox 1047 2411 1826 2452; baseline 0.003 -12"><span class='ocrx_word' id='word_1_746' title='bbox 1047 2411 1171 2452; x_wconf 79' lang='grc' dir='ltr'>στραφεὶς</span> <span class='ocrx_word' id='word_1_747' title='bbox 1185 2412 1320 2452; x_wconf 80' lang='grc' dir='ltr'>στενάξῃς,</span> <span class='ocrx_word' id='word_1_748' title='bbox 1334 2411 1394 2442; x_wconf 84' lang='grc' dir='ltr'>τότε</span> <span class='ocrx_word' id='word_1_749' title='bbox 1407 2412 1526 2451; x_wconf 83' lang='grc' dir='ltr'>σωθήσῃ.</span> <span class='ocrx_word' id='word_1_750' title='bbox 1540 2411 1687 2447; x_wconf 85' lang='grc' dir='ltr'>Πληθύνων</span> <span class='ocrx_word' id='word_1_751' title='bbox 1700 2413 1826 2449; x_wconf 85' lang='grc' dir='ltr'>πληθυνῶ</span> 
     </span>
     <span class='ocr_line' id='line_1_106' title="bbox 1047 2457 1826 2498; baseline 0.001 -11"><span class='ocrx_word' id='word_1_752' title='bbox 1047 2457 1094 2491; x_wconf 83' lang='grc' dir='ltr'>τὰς</span> <span class='ocrx_word' id='word_1_753' title='bbox 1107 2457 1194 2491; x_wconf 82' lang='grc' dir='ltr'>λύπας</span> <span class='ocrx_word' id='word_1_754' title='bbox 1206 2469 1252 2487; x_wconf 83' lang='grc' dir='ltr'>σου</span> <span class='ocrx_word' id='word_1_755' title='bbox 1267 2458 1313 2488; x_wconf 74' lang='grc' dir='ltr'>καὶ</span> <span class='ocrx_word' id='word_1_756' title='bbox 1321 2457 1365 2487; x_wconf 88' lang='grc' dir='ltr'>τὸν</span> <span class='ocrx_word' id='word_1_757' title='bbox 1372 2457 1517 2497; x_wconf 82' lang='grc' dir='ltr'>στεναγμόν</span> <span class='ocrx_word' id='word_1_758' title='bbox 1533 2468 1590 2487; x_wconf 82' lang='grc' dir='ltr'>σου.</span> <span class='ocrx_word' id='word_1_759' title='bbox 1605 2457 1640 2487; x_wconf 84' lang='grc' dir='ltr'><em>Ἡ</em></span> <span class='ocrx_word' id='word_1_760' title='bbox 1651 2457 1723 2494; x_wconf 88' lang='grc' dir='ltr'>λύπη</span> <span class='ocrx_word' id='word_1_761' title='bbox 1738 2459 1826 2498; x_wconf 83' lang='grc' dir='ltr'>ἀμορ-</span> 
     </span>
     <span class='ocr_line' id='line_1_107' title="bbox 1048 2503 1825 2544; baseline 0.003 -12"><span class='ocrx_word' id='word_1_762' title='bbox 1048 2508 1091 2544; x_wconf 58' lang='lat' dir='ltr'>qao?</span> <span class='ocrx_word' id='word_1_763' title='bbox 1104 2503 1134 2532; x_wconf 83' lang='grc' dir='ltr'>τὸ</span> <span class='ocrx_word' id='word_1_764' title='bbox 1148 2503 1197 2537; x_wconf 78' lang='grc' dir='ltr'>ἔξω</span> <span class='ocrx_word' id='word_1_765' title='bbox 1215 2503 1355 2543; x_wconf 85' lang='grc' dir='ltr'>πρόσωπον</span> <span class='ocrx_word' id='word_1_766' title='bbox 1377 2503 1423 2533; x_wconf 71' lang='grc' dir='ltr'>καὶ</span> <span class='ocrx_word' id='word_1_767' title='bbox 1437 2503 1547 2543; x_wconf 81' lang='grc' dir='ltr'>στυγνὸν</span> <span class='ocrx_word' id='word_1_768' title='bbox 1559 2508 1639 2533; x_wconf 85' lang='grc' dir='ltr'>ποιεῖ.</span> <span class='ocrx_word' id='word_1_769' title='bbox 1653 2504 1770 2544; x_wconf 82' lang='grc' dir='ltr'>Καρδίας</span> <span class='ocrx_word' id='word_1_770' title='bbox 1783 2506 1825 2534; x_wconf 85' lang='grc' dir='ltr'>εὐ-</span> 
     </span>
     <span class='ocr_line' id='line_1_108' title="bbox 1048 2553 1824 2595; baseline 0.003 -12"><span class='ocrx_word' id='word_1_771' title='bbox 1048 2554 1223 2595; x_wconf 77' lang='grc' dir='ltr'>φραινομένης</span> <span class='ocrx_word' id='word_1_772' title='bbox 1234 2555 1323 2585; x_wconf 88' lang='grc' dir='ltr'>θάλλει</span> <span class='ocrx_word' id='word_1_773' title='bbox 1331 2554 1481 2594; x_wconf 81' lang='grc' dir='ltr'>πρόσωπον,</span> <span class='ocrx_word' id='word_1_774' title='bbox 1494 2554 1522 2583; x_wconf 83' lang='grc' dir='ltr'>ἐν</span> <span class='ocrx_word' id='word_1_775' title='bbox 1531 2553 1558 2584; x_wconf 81' lang='grc' dir='ltr'>δὲ</span> <span class='ocrx_word' id='word_1_776' title='bbox 1567 2554 1662 2589; x_wconf 80' lang='grc' dir='ltr'>λύπαις</span> <span class='ocrx_word' id='word_1_777' title='bbox 1668 2554 1747 2592; x_wconf 84' lang='grc' dir='ltr'>οὔσης</span> <span class='ocrx_word' id='word_1_778' title='bbox 1760 2567 1824 2585; x_wconf 82' lang='grc' dir='ltr'>σκυ-</span> 
     </span>
    </p>
   </div>
  </div>
 </body>
</html>
