1904 2840
234 221 305 268 942

233 293 322 323 victus
335 297 413 329 atque
425 289 532 319 fucatus
545 287 580 317 ab
600 286 654 316 alio
669 296 740 326 rege,
756 286 880 316 indueret
891 285 973 316 indu·
989 288 1010 312 Α
1027 286 1098 327 persi
1115 292 1196 316 sunta
1210 286 1249 316 sie
1269 285 1298 316 in
1311 285 1368 315 illis
1381 284 1566 321 auditionibus
1576 283 1774 323 schismatumffl

233 338 352 361 mentum
370 329 440 374 regis
453 329 461 356 i
475 328 528 356 lius
539 327 661 363 victoris,
677 332 703 355 et
716 326 744 355 in
763 332 838 366 parte
859 336 906 355 sua
922 325 972 355 eri*-

234 378 277 410 gat
290 369 377 399 simile
391 378 498 407 signum
511 367 586 406 signo
603 367 673 405 regis
685 366 771 403 illius,
785 373 815 395 ut
828 366 875 395 ille
886 375 974 405 popu-

233 411 276 439 lus
289 408 398 439 victoris
409 406 515 436 schema
528 406 570 445 sui
586 406 656 446 regis
675 406 814 446 aspiciens,
826 412 852 435 et
865 405 973 444 signum

231 449 315 489 partis
329 447 425 488 ipsius,
439 447 506 476 dum
519 452 595 486 putat
607 456 635 486 se
654 445 689 474 ad
710 445 850 486 proprium
867 455 974 474 currere

231 499 331 528 regem,
347 488 466 516 incurrat
488 486 515 515 in
537 495 632 515 manus
645 484 791 516 adversarii
810 485 852 514 sni
869 497 875 513 ε
892 484 931 513 sic
947 490 974 513 et

231 527 357 557 diabolus
384 527 512 557 subornat
539 525 675 554 ministros
702 535 766 554 suos
792 524 844 554 sub
865 524 973 554 nomine

231 567 343 603 Christi,
353 573 383 595 ut
403 566 522 596 volentes
534 564 657 594 homines
673 564 711 594 ire
727 564 762 593 ad
770 563 920 601 Christum,
934 563 972 593 si-

231 606 386 636 militudine
399 605 515 635 nominis
533 604 687 634 tenebricati
709 603 744 633 ad
768 603 907 633 diabolum
926 613 973 633 va-

231 647 306 676 dant.
317 647 459 684 Postquam
473 655 537 675 vero
546 643 641 673 notitia
651 644 751 674 Christi
762 644 789 672 in
801 650 857 673 toto
871 642 972 672 mundo

231 686 384 727 praevaluit,
399 692 425 714 et
438 685 535 714 veritas
551 684 684 723 evangelii
703 684 762 730 ejus
783 683 851 712 facta
867 690 906 712 est
919 693 974 711 ma-

232 726 337 761 nisesta,
347 724 472 754 mandata
486 723 683 763 discipulorum
697 734 756 763 ejus
767 722 905 762 implicare
915 722 972 762 jam

231 776 284 794 non
305 772 416 805 poterat,
428 763 476 793 sed
493 763 649 793 submittere
661 762 794 793 Christos.
811 763 904 801 Neque
923 762 972 790 ali-

232 804 300 844 quid
319 804 373 844 agit
385 804 466 834 etiam
479 803 502 833 si
523 803 662 832 submittat
677 815 683 831 :
699 802 826 841 quoniam
840 801 972 839 'omnibus

232 845 386 874 manifestus
410 851 450 873 est
472 842 607 879 Christus,
630 849 656 871 et
675 841 845 881 evangelium
866 842 935 881 ejus,
946 847 973 870 et

232 884 346 925 apostoli
368 884 425 924 ejus
439 895 445 912 ε
459 882 506 912 sed
527 882 582 911 alio
594 881 674 911 modo
691 881 825 910 submittit
837 880 969 917 Christos,

233 931 263 953 ut
288 923 371 954 verba
397 922 566 952 diversorum
592 921 779 950 haereticorum
809 919 970 956 introducta,

232 962 444 1002 unumquodque
461 972 554 991 eorum
566 960 648 996 dicat,
662 960 726 1000 quia
738 961 797 1000 Ego
815 971 875 989 sum
889 959 972 989 Chri-

232 1011 300 1039 stus,
313 1002 481 1041 unigenitum
495 1001 624 1032 Verbum·
632 1001 693 1030 Dei.
709 1001 739 1029 6.
755 1000 972 1039 Audietisprae-

233 1044 287 1079 lia,
302 1049 331 1071 et
345 1044 495 1081 opiniones
506 1041 684 1080 proeliorum.
697 1040 775 1069 Tunc
788 1039 900 1079 quidem
912 1049 971 1068 cor-

231 1082 359 1123 poraliter
371 1093 402 1111 ea
418 1081 524 1111 dicebat
544 1080 636 1120 praelia
649 1079 794 1117 audienda,
807 1089 867 1118 quae
880 1085 973 1108 contra

231 1123 248 1152 J
251 1120 353 1151 udaeam
375 1121 543 1161 praeparabat
562 1117 711 1159 Imperator
732 1120 881 1148 Romanus.
903 1119 973 1147 Nam

232 1162 301 1191 sicut
313 1162 381 1190 solet
391 1161 448 1190 fieri
461 1161 488 1189 in
502 1159 694 1200 praeparatione
708 1158 774 1188 belli
785 1158 852 1187 dum
863 1156 971 1197 eligun-

231 1209 277 1231 tur
295 1201 441 1241 principes,
455 1200 521 1229 dum
539 1199 684 1239 deputatur
697 1206 723 1228 et
736 1205 911 1238 congregatur
924 1208 972 1227 ex-

232 1241 340 1278 ercitus,
353 1240 456 1269 auditio
475 1240 569 1275 currit,
582 1238 699 1268 maxime
719 1237 755 1267 ad
774 1249 830 1274 eos,
845 1237 974 1267 adversus

232 1291 300 1319 quos
317 1286 491 1320 praeparatur.
505 1278 558 1308 Sed
572 1285 712 1318 postquam
730 1277 864 1316 ingressus
875 1284 913 1306 est
923 1287 972 1306 ex-

233 1319 332 1349 ercitus
345 1319 478 1354 Judaeam,
491 1317 560 1347 sicut
574 1317 685 1356 exponit
696 1318 760 1347 Jose
781 1317 844 1352 hus,
860 1326 913 1346 nou
924 1323 974 1346 sta-

233 1360 283 1389 tim
297 1358 331 1387 ad
351 1358 500 1388 Jerusalem
512 1356 671 1396 applicavit,
679 1356 728 1387 sed.
739 1328 779 1385 ad²
787 1356 908 1386 civitates
921 1356 975 1385 sin-

233 1398 311 1437 gulas
330 1397 446 1437 regionis
463 1397 550 1431 illins,
564 1402 590 1424 et
600 1395 706 1424 diversa
724 1395 800 1435 prius
822 1391 893 1435 gesta
913 1401 976 1424 sunt

233 1438 316 1474 bella,
331 1445 356 1466 et
368 1437 493 1477 plurimae
503 1436 626 1465 civitates
638 1442 732 1474 captae,
743 1442 769 1464 et
783 1435 821 1464 sic
831 1434 976 1463 novissime

237 1477 388 1508 Jerusalem
401 1475 505 1505 obsedit
518 1475 661 1504 exercitus.
676 1475 741 1503 Ideo
753 1474 898 1503 mandabat
913 1484 975 1514 apo·
993 1485 1012 1509 ς

236 1517 321 1554 stolis,
333 1517 436 1549 Videte
451 1526 486 1544 ne
507 1515 672 1550 turbemini,
688 1513 734 1543 sed
752 1524 821 1553 opus
843 1513 976 1554 praedica-

237 1556 316 1586 tionis
329 1562 422 1585 vestrae
436 1554 555 1595 implete.
570 1553 650 1583 Illius
663 1553 814 1583 Jerusalem
829 1553 977 1593 corporalis

237 1603 333 1636 typum
348 1595 416 1635 gerit
431 1593 580 1625 Jerusalem
601 1592 750 1632 spiritualis
762 1593 892 1622 Ecclesia.
907 1593 977 1622 Nam

237 1636 287 1665 nisi
299 1635 430 1675 templum
444 1633 514 1663 illud
531 1633 696 1662 destructum
709 1632 814 1667 suisset,
827 1633 976 1661 observan-

236 1676 272 1705 tia
286 1675 353 1714 legis
371 1685 424 1703 nou
439 1673 516 1703 facile
528 1674 615 1702 suerat
628 1671 829 1716 compescenda.
846 1671 909 1701 Ideo
929 1683 978 1700 au-

237 1722 290 1744 tem
302 1714 469 1743 destructum
481 1720 531 1749 est,
544 1719 574 1742 ut
584 1712 697 1741 etiamsi
707 1711 791 1741 velint
804 1713 821 1742 J
824 1711 892 1740 udaei
902 1718 977 1751 post—

237 1754 348 1784 modum
360 1754 445 1793 legem
453 1763 569 1787 servare,
581 1762 632 1781 non
644 1751 756 1792 possint,
766 1758 811 1780 aut
823 1750 857 1780 de
869 1751 977 1790 pascha,

237 1801 284 1823 aut
297 1794 330 1823 de
340 1792 488 1825 sacrificiis,
503 1799 549 1821 aut
562 1791 596 1820 de
608 1791 709 1820 caetcris
721 1791 921 1824 festivitatibus.
930 1792 980 1820 Ce-

238 1833 361 1872 ciderunt
377 1843 439 1871 ergo
455 1831 603 1872 corporalia
618 1838 644 1860 et
657 1830 789 1870 figuralia,
800 1837 829 1859 ut
843 1837 980 1870 surgerent

239 1872 390 1913 spiritualia
408 1879 432 1900 et
448 1882 512 1901 vera
526 1870 662 1911 mysteria.
680 1872 773 1899 Postea
792 1877 880 1899 autem
899 1869 979 1910 spiri-

238 1913 346 1942 tualiter
357 1912 486 1941 haeresum
498 1910 673 1940 annuntiabat
685 1910 742 1938 fore
755 1909 909 1939 certamina.
921 1920 980 1948 quae

209 1983 211 1985 ,
239 1953 386 1992 impiorum
403 1951 528 1991 princeps
550 1949 729 1979 Antichristus
744 1956 834 1978 contra
848 1949 980 1979 Christia-

98 2433 117 2448 1.
133 2425 185 2448 Cor.
198 2431 231 2447 ιι.

99 2464 134 2487 ¹9·

240 2002 287 2021 nos
308 1992 392 2020 [uerat
412 1997 570 2030 operaturus
590 1989 617 2017 in
637 1988 700 2018 fide.
714 1990 782 2018 Nam
795 1990 913 2017 excitans
926 1988 982 2017 dia-

239 2031 319 2060 bolus
332 2040 454 2059 errorum
465 2028 599 2064 scandala,
614 2038 666 2057 non
678 2029 767 2057 statim
781 2028 912 2073 oppressit
926 2029 982 2057 Ec-

837 223 920 247 OPUS
946 215 1186 248 lMPERFEC'run

1026 333 1145 366 tempore
1158 333 1265 366 patrum
1284 332 1449 361 nostrorum,
1462 335 1516 354 non
1533 332 1572 355 est
1591 326 1678 355 factus
1694 325 1768 362 finis,

1026 365 1072 395 sed
1088 365 1257 406 postmodum
1282 365 1401 394 Ecclesia
1414 364 1547 394 debellata
1561 373 1611 400 est,
1629 365 1723 395 multis
1737 364 1771 394 ad

1027 405 1270 445 praevaricationem
1284 411 1331 433 aut
1348 404 1476 440 seductis,
1491 411 1538 433 aut
1553 405 1651 435 coactis
1667 416 1674 432 :
1689 404 1770 434 modo

1024 446 1080 485 jam
1094 451 1174 474 restat
1187 451 1217 473 ut
1231 444 1278 473 fiat
1295 443 1367 473 finis.
1383 444 1455 473 Bene
1471 454 1535 484 ergo
1553 444 1601 482 ait,
1617 446 1676 475 Vos
1686 445 1770 474 nolite

1025 483 1142 514 turbari.
1157 484 1221 514 Sive
1232 483 1379 513 enim‘tunc
1390 483 1417 512 iu
1435 483 1572 512 auditione
1588 484 1770 523 corporalium

1026 523 1193 564 praeliorum,
1213 523 1269 553 sive
1291 522 1371 552 modo
1386 522 1413 552 in
1431 523 1568 552 auditione
1585 522 1768 563 spiritualium

1027 564 1191 604 praeliorum,
1207 562 1292 592 nostri
1312 562 1490 592 inturbabiles
1505 570 1610 592 manent
1625 574 1632 591 ε
1648 563 1712 601 quia
1726 572 1773 600 ea,

1026 614 1085 642 quae
1098 603 1165 632 fiunt
1185 603 1213 632 in
1233 602 1345 639 mundo,
1357 612 1410 632 non
1432 608 1545 642 possupt
1556 613 1650 632 nocere
1662 602 1711 640 eis,
1723 603 1771 642 qui

1026 650 1088 672 sunt
1099 649 1174 671 extra
1185 642 1317 671 mundum
1334 654 1341 670 ε
1357 649 1383 671 et
1395 652 1454 681 quae
1468 642 1537 671 fiunt
1551 642 1703 678 carnaliter,
1717 651 1770 671 non

1025 690 1137 722 possunt
1159 693 1254 711 nocere
1275 681 1324 717 eis,
1339 681 1387 720 qui
1404 688 1466 710 sunt
1479 688 1555 711 extra
1575 692 1683 711 carnem
1699 693 1707 710 ε
1722 691 1771 711 nec

1025 722 1163 752 mendacia
1182 722 1283 751 laedunt
1302 731 1375 758 eum,
1401 720 1428 750 in
1448 731 1503 759 quo
1526 721 1630 750 habitat
1651 721 1770 762 Spiritus

1025 769 1131 791 sanctus
1151 773 1157 790 ι
1172 761 1218 790 sed
1230 761 1349 790 mundus
1363 760 1548 790 mundialibus
1559 768 1648 797 nocet,
1662 768 1689 790 et
1700 771 1772 790 men—

1026 801 1104 831 daces
1115 801 1247 831 seducunt
1260 800 1407 830 mendacia.
1423 799 1660 837 Quemadmodum
1673 801 1696 830 si
1710 801 1772 840 quis

1027 841 1054 870 in
1066 851 1160 881 campo
1171 841 1289 882 quodam
1304 839 1477 869 tabernaculo
1488 839 1672 870 circumdatus
1686 841 1732 877 sit,
1748 841 1772 870 si

1026 881 1117 920 aliqua
1130 880 1276 910 surrexerit
1288 887 1428 920 tempestas
1441 886 1595 916 ventorum,
1604 890 1699 910 sonum
1733 880 1776 909 ui-›

1026 919 1089 949 dem
1099 920 1263 960 tempestatis
1276 919 1363 956 audit,
1376 919 1530 949 vexationes
1541 919 1674 949 silvarum
1683 921 1711 950 vi
1732 927 1769 957 et,

1025 959 1084 1006 ipse
1096 967 1185 989 autem
1197 959 1291 988 flatum
1305 969 1358 988 non
1372 959 1452 988 sentit
1470 970 1477 987 =
1494 959 1532 988 sic
1546 959 1593 997 qui
1607 960 1677 989 intra
1688 959 1771 1000 justi-

1026 1007 1090 1029 uam
1112 999 1186 1029 sedet
1201 999 1332 1035 inclusus,
1347 998 1455 1037 quando
1469 998 1587 1028 mundus
1607 1000 1770 1037 concutitur,

1025 1049 1146 1069 rumores
1162 1039 1347 1068 turbationum
1361 1038 1447 1075 audit,
1461 1038 1631 1068 saecularium
1651 1039 1772 1069 miserias

1026 1079 1132 1118 aspicit,
1142 1079 1232 1119 ipsum
1242 1085 1331 1107 autem
1342 1078 1482 1107 concussio
1496 1077 1591 1107 mundi
1604 1089 1657 1108 non
1668 1085 1769 1109 movet.

1027 1119 1057 1147 7.
1066 1120 1201 1159 Insurget
1213 1119 1289 1147 enirn
1299 1128 1369 1158 gens
1379 1128 1465 1158 super
1477 1124 1603 1156 gentem,
1612 1125 1640 1148 et
1650 1118 1772 1158 regnum

1027 1168 1114 1198 super
1129 1168 1260 1198 regnum.
1276 1158 1308 1187 In
1324 1164 1378 1187 tem
1415 1168 1444 1187 re
1458 1157 1507 1186 illo
1525 1167 1615 1187 omnes
1633 1165 1733 1198 gentes,
1745 1164 1772 1187 et

1028 1198 1117 1227 omnia
1139 1208 1230 1237 regna,
1244 1208 1304 1236 quae
1323 1197 1388 1228 vide
1423 1204 1488 1227 ntur
1510 1207 1566 1226 esse
1588 1198 1639 1227 sub
1658 1198 1771 1238 imperio

1027 1239 1222 1272 Romanorum,
1238 1248 1318 1277 super
1333 1244 1437 1277 gentem
1448 1236 1571 1267 Judaeam
1582 1244 1644 1266 sunt
1658 1248 1771 1277 congre-

1022 1284 1105 1315 gatas,
1116 1284 1142 1306 et
1152 1277 1242 1306 omnia
1251 1287 1318 1317 pene
1329 1287 1410 1317 regna
1423 1287 1504 1317 super
1513 1287 1625 1322 regnum
1637 1277 1770 1317 ipsorum.

1028 1318 1084 1346 Nec
1097 1317 1167 1346 enim
1179 1323 1281 1357 poterat
1293 1317 1392 1356 aliquis
1405 1327 1513 1357 parcere
1521 1327 1570 1353 eis,
1583 1317 1684 1354 quibus
1698 1320 1771 1348 Deus

1028 1356 1199 1386 irascebatur.
1207 1356 1390 1396 Spiritualiter
1402 1363 1489 1385 autem
1499 1356 1534 1385 ita
1543 1356 1657 1396 insurgit
1663 1358 1772 1388 haeresis

1029 1406 1111 1435 super
1120 1396 1255 1431 haeresim,
1270 1403 1295 1425 et
1305 1396 1474 1436 episcopatus
1482 1406 1564 1435 super
1574 1396 1770 1436 episcopatum.

1029 1435 1105 1464 Sicut
1119 1435 1189 1464 enim
1204 1442 1268 1464 tunc
1289 1436 1432 1475 insurgens
1445 1445 1509 1474 gens
1521 1445 1602 1474 super
1614 1444 1730 1474 gentem,
1745 1445 1772 1467 et

1030 1484 1142 1514 regnum
1156 1485 1237 1515 super
1248 1485 1371 1514 regnum,
1387 1475 1493 1514 signum
1514 1481 1570 1503 erat
1582 1474 1771 1507 destructionis

1031 1514 1189 1551 Jerusalem,
1199 1514 1238 1544 sic
1246 1521 1338 1554 postea
1352 1516 1494 1553 insurgens
1506 1513 1616 1543 haeresis
1625 1524 1706 1555 super
1716 1517 1770 1546 hae·

1031 1553 1155 1589 resim,et
1165 1554 1334 1594 episcopatus
1352 1564 1434 1594 super
1450 1554 1646 1593 episcopatum,
1664 1557 1772 1595 signum

1030 1592 1082 1622 fuit
1095 1593 1301 1634 expugnationis
1309 1593 1484 1623 Ecclesiae.Et
1490 1603 1552 1623 vere
1559 1592 1632 1632 quod
1639 1594 1716 1632 dicit,
1725 1599 1774 1626 In·

1031 1639 1128 1672 surget
1142 1643 1212 1673 gens
1224 1643 1311 1672 super
1319 1640 1442 1677 gentem,
1453 1639 1482 1662 et
1494 1643 1615 1672 regnum
1627 1644 1714 1673 super
1725 1647 1772 1666 re—

1031 1683 1133 1712 gnum,
1146 1673 1208 1712 plus
1221 1679 1346 1702 convenlt
1358 1680 1388 1702 ut
1398 1672 1575 1712 spiritualiter
1591 1672 1677 1703 intelli
1697 1685 1773 1706 amus

1033 1722 1104 1742 nunc
1111 1712 1145 1741 de
1156 1712 1313 1749 baeresibus,
1322 1723 1403 1751 quam
1411 1712 1585 1752 corporaliter
1593 1719 1658 1744 tunc
1691 1725 1706 1744 e
1714 1725 1774 1756 gen-

1033 1751 1194 1782 tibus.Tuuc
1202 1752 1272 1782 enim
1287 1762 1339 1781 non
1348 1762 1410 1791 gens
1419 1762 1501 1792 super
1509 1758 1613 1791 gentem
1624 1752 1775 1785 insurrexe-

1034 1798 1154 1828 runt‚nec
1161 1802 1273 1831 regnum
1280 1791 1410 1822 adversus
1417 1802 1603 1831 regnum‚cum
1610 1803 1677 1832 pene
1684 1805 1775 1825 omnes

1035 1831 1088 1860 illae
1111 1838 1202 1871 gentes
1223 1838 1250 1860 et
1269 1841 1350 1870 regna
1369 1842 1451 1872 super
1467 1841 1549 1861 unam
1570 1832 1691 1862 excitatae
1714 1842 1776 1864 sunt

1034 1877 1139 1909 gentem
1157 1870 1290 1901 Judaeam.
1306 1872 1384 1901 Tune
1404 1871 1476 1901 enim
1493 1881 1557 1911 gens
1567 1882 1649 1911 super
1660 1876 1775 1912 gentem,

1034 1917 1059 1939 et
1070 1921 1181 1950 regnum
1194 1910 1323 1940 adversus
1340 1921 1452 1950 regnum
1466 1910 1603 1951 insurgere
1620 1919 1691 1942 recte
1705 1914 1777 1944 dici-

1034 1956 1089 1984 tur,
1099 1950 1207 1989 quando
1217 1950 1333 1980 invicem
1340 1950 1392 1979 sibi
1405 1957 1494 1990 gentes
1503 1961 1555 1980 non
1564 1950 1628 1981 sunt
1640 1954 1775 1994 subjectat,

1034 1989 1081 2018 sed
1094 1989 1280 2020 adversantur.
1297 1991 1376 2020 Nunc
1390 1997 1479 2019 autem
1493 1991 1603 2020 haeresis
1621 2002 1703 2032 super
1721 1994 1774 2023 hae-

1034 2029 1115 2058 resim
1133 2029 1291 2065 insurrexit,
1305 2037 1331 2059 et
1350 2029 1517 2075 episcopatus
1538 2041 1620 2070 super
1637 2033 1777 2073 episcopa..

241 2070 359 2104 clesiam‚
376 2069 422 2098 sed
437 2069 512 2108 prius
528 2079 573 2107 per
586 2067 662 2098 varia
675 2067 733 2096 loca
749 2068 890 2096 schismata
906 2068 982 2097 exci-
999 2073 1018 2096 D
1035 2075 1101 2097 tum.
1119 2069 1187 2098 Nam
1201 2069 1287 2098 omnis
1304 2069 1411 2098 haeresis
1425 2080 1508 2109 impia
1524 2069 1652 2100 adversus
1665 2083 1709 2101 eas
1722 2073 1777 2102 hae-

241 2110 318 2140 tavit.
330 2110 443 2148 Utputa,
457 2107 616 2136 audiebatur
626 2106 760 2145 quomodo
774 2107 801 2136 in
817 2107 864 2136 illa
875 2107 982 2136 civitate

242 2149 355 2180 Fotinus
375 2149 425 2177 hoc
446 2147 579 2187 praedicet.
599 2148 667 2176 Item
686 2147 714 2175 in
735 2146 781 2175 illa
799 2147 852 2175 alia
874 2146 982 2176 civitate

243 2187 392 2219 Acoluthus
404 2187 542 2231 presbyter
549 2186 605 2215 'hoc
618 2196 709 2225 sapere
721 2186 811 2225 coepit.
827 2186 871 2216 Sic
884 2185 982 2215 audie-

242 2229 342 2258 bantur
358 2238 374 2256 a
388 2226 549 2256 Christianis
561 2225 713 2261 schismata,
726 2232 751 2254 ct
764 2226 901 2265 opiniones
914 2226 983 2254 schi-

244 2275 370 2304 smatum,
383 2266 468 2295 donec
479 2266 600 2294 omnium
613 2265 745 2293 haeresum
759 2265 818 2294 dux
831 2275 883 2294 una
896 2265 981 2304 elige-

244 2314 321 2337 retur
361 2305 479 2335 erversio
503 2305 639 2334 omnibus.
653 2303 707 2334 Sed
729 2304 756 2332 in
780 2305 835 2333 illis
848 2315 901 2333 non
915 2315 930 2333 o
953 2316 983 2334 us

245 2354 300 2376 erat
319 2348 340 2376 C
362 2345 478 2375 ristianis
495 2344 611 2380 turbari,
626 2344 689 2382 quia
702 2344 840 2383 oportebat
852 2344 910 2373 fieri
925 2315 982 2373 illa.

245 2386 326 2423 Quod
346 2392 434 2414 autem
454 2384 603 2424 oportebat,
616 2383 693 2413 docet
711 2383 847 2422 apostolus
869 2383 959 2412 dicens
974 2395 981 2411 :

248 2428 365 2466 Oportet
378 2427 456 2453 inter
468 2434 523 2453 vos
538 2424 658 2452 hoereses
672 2432 743 2459 esse,
756 2429 788 2451 ut
799 2424 918 2461 probati
928 2434 985 2452 ma-

246 2465 440 2507 nifestifiant.
455 2465 489 2493 Et
510 2463 579 2492 sicut
600 2462 627 2491 in
647 2462 703 2491 illis
721 2469 785 2491 tunc
801 2461 984 2492 auditionibus

246 2506 400 2546 praeliorum
414 2514 466 2532 non
479 2503 529 2532 fuit
543 2502 604 2531 finis
617 2502 702 2542 gentis
713 2501 824 2537 Judaeae,
836 2501 882 2530 sed
893 2509 984 2541 postea

245 2552 269 2574 et
282 2544 429 2575 Jerusalem
440 2542 571 2572 debellata
581 2548 630 2577 est,
642 2541 763 2571 etJudaei
773 2540 883 2579 quidam
893 2542 919 2569 iu
929 2541 986 2580 gla-

245 2584 291 2614 dio
304 2585 454 2624 perierunt,
464 2582 574 2621 quidam
586 2592 600 2610 a
614 2581 716 2617 bestiis,
729 2580 840 2619 quidam
859 2581 886 2610 in
900 2582 985 2610 servi-

245 2631 300 2653 tute
312 2623 413 2653 venditi
426 2622 615 2660 sunt,quidam
627 2631 675 2660 per
691 2620 809 2659 singulas
824 2627 913 2659 gentes
927 2620 984 2650 dis-

1035 2118 1104 2136 reses
1115 2108 1223 2137 videtur
1237 2109 1383 2148 insurgere,
1391 2119 1450 2147 quae
1458 2119 1510 2138 non
1519 2109 1628 2148 sapiunt
1638 2111 1772 2141 similiter.

1036 2148 1150 2187 Utputa‚
1166 2147 1273 2177 haeresis
1288 2147 1378 2177 Fotini
1395 2158 1447 2176 non
1459 2149 1547 2177 solum
1561 2148 1663 2179 Christi
1678 2151 1776 2180 Eccle-

1036 2187 1082 2215 siae
1095 2186 1264 2223 adversatur,
1278 2187 1325 2216 sed
1336 2187 1462 2217 omnibus
1482 2188 1628 2218 han-esibus
1646 2190 1722 2219 aliter
1735 2202 1776 2221 sa-

1037 2226 1182 2265 pientibus.
1197 2227 1311 2256 Haeresis
1331 2228 1604 2264 Homoousianorum,
1617 2233 1669 2258 non
1688 2231 1776 2260 solum

1036 2266 1137 2295 Christi
1161 2266 1287 2296 Ecclesiae
1309 2266 1476 2303 adversatur,
1488 2268 1534 2297 sed
1547 2275 1573 2297 et
1586 2270 1712 2299 omnibus
1722 2271 1778 2300 hae-
1787 2277 1845 2298 nom

1036 2305 1140 2334 resibus
1154 2316 1206 2335 non
1218 2306 1344 2335 similiter
1356 2307 1530 2345 sapientibus.
1547 2307 1611 2337 Ideo
1624 2308 1690 2338 dicit
1702 2320 1709 2337 :
1723 2312 1778 2340 In-
1787 2313 1868 2329 ”mum

1036 2352 1132 2384 surget
1143 2356 1214 2385 gens
1226 2356 1312 2385 super
1321 2353 1447 2385 gentem,
1462 2353 1491 2376 et
1505 2357 1625 2387 regnum
1637 2358 1724 2388 super
1731 2360 1774 2379 re-

1036 2395 1139 2429 gnum5
1155 2385 1239 2424 magis
1254 2393 1342 2415 autem
1361 2386 1447 2415 omnis
1460 2386 1575 2416 ‘haeresis
1589 2398 1670 2428 super
1683 2388 1778 2419 Eccle-

1037 2435 1103 2453 s1am
1118 2424 1247 2454 veritatis.
1263 2425 1401 2462 Quoniam
1414 2425 1483 2455 sicut
1496 2433 1560 2456 tunc
1573 2436 1664 2456 omnes
1678 2435 1779 2466 gentes,

1038 2464 1159 2502 quamvis
1175 2474 1227 2492 non
1242 2472 1328 2494 essent
1341 2464 1460 2533 eiusdem
1473 2466 1586 2505 generis,
1602 2473 1649 2495 aut
1661 2467 1782 2506 ejusdem

1039 2503 1131 2538 moris,
1147 2510 1235 2533 tamen
1257 2514 1310 2533 non
1328 2505 1350 2534 si
1372 2504 1381 2533 i
1397 2504 1618 2542 adversabantur,
1634 2506 1681 2536 sed
1701 2518 1783 2537 unam

1038 2542 1209 2586 debellabant
1220 2545 1237 2573 J
1239 2543 1342 2573 udaeam
1359 2554 1366 2570 ε
1381 2544 1421 2574 sic
1431 2544 1544 2573 diversae
1557 2545 1680 2583 haereses,
1692 2558 1783 2586 quam-

1039 2592 1082 2610 ws
1096 2592 1148 2611 non
1174 2583 1228 2611 sint
1248 2583 1370 2622 ejusdem
1389 2583 1538 2623 pravitatis,
1553 2582 1712 2615 tamennon
1731 2586 1783 2616 sibi

1040 2621 1234 2658 adversantur,
1251 2622 1298 2652 sed
1322 2634 1413 2653 omncs
1434 2633 1514 2653 unam
1536 2624 1671 2655 debellant
1691 2626 1783 2656 Eccle-

1812 2337 1867 2359 Ceth

1789 2368 1880 2396 intellig·
