1904 2840
17 629 24 635 ·
31 619 96 645 79·9·

601 155 634 177 IN
662 155 873 178 MATTHAEUM.
903 156 1021 180 HOMIL.

1049 157 1105 180 XL.

1567 162 1639 199 9⁰9

107 222 133 245 et
144 215 256 253 Levita,
268 222 294 245 et
316 216 531 256 procurationem
545 216 656 255 regendi
667 217 763 257 populi
782 227 845 246 sus-
863 220 883 243 Α
901 218 941 256 gis
956 229 970 246 a
983 219 1000 248 J
1003 218 1086 248 udaeis
1097 219 1292 257 offendebatur,
1306 226 1379 251 tanto
1392 221 1510 262 amplius
1521 222 1639 254 addeba-

106 264 234 294 ceperunt
246 255 281 284 ad
293 265 416 294 magnam
429 266 505 285 suam
537 255 643 290 loriam,
657 263 683 285 et
699 255 734 284 ad
747 255 846 295 grande

106 294 268 333 periculum.
284 294 328 327 Ad
341 295 454 334 gloriam
467 294 514 334 qui
534 306 587 332 em,
601 295 624 325 si
632 295 777 334 diligenter
792 302 848 325 tra-

105 334 235 364 ctaverint
248 334 380 375 populum
395 334 444 364 Dei
457 345 464 361 z
487 335 523 364 ad
543 335 696 375 periculum
710 342 810 371 autem,
825 335 848 364 si

105 373 280 412 negligenter.
297 374 327 404 Si
339 375 411 403 enim
424 374 471 403 ille
485 385 533 414 pro
546 374 706 414 negligentia
720 374 800 403 debet
813 375 847 403 ti-

105 422 178 441 mere
195 414 357 454 periculum,
373 414 421 452 qui
434 415 648 454 procurationem
662 414 779 454 suscepit
791 420 847 443 ter-

105 462 231 483 renarum
244 464 336 483 rerum
350 453 385 482 de
395 464 476 482 manu
490 453 606 494 alicujus
619 454 737 485 hominis
750 460 847 493 poten-

105 490 142 521 tis
156 504 164 520 ε
179 501 279 532 quanto
293 493 378 532 magis
398 492 559 530 sacerdotes,
574 494 621 532 qui
641 493 676 522 de
700 503 782 522 manu
795 493 848 522 Dei

106 540 281 572 susceperunt
293 532 443 562 animarum
456 533 669 572 procurationem
678 532 847 562 sanctarum?

107 570 248 603 plantatus
259 572 371 612 quidem
385 572 485 612 legitur
498 573 617 612 populus
630 572 659 601 in
671 579 740 602 terra
754 582 847 613 repro-

107 611 254 649 missionis,
263 611 410 642 secundum
419 611 492 650 quod
499 613 631 651 scriptum
641 619 680 642 est
692 623 698 639 :
718 612 849 643 Vineam

107 651 144 679 de
150 652 285 690 ,AEgypto
296 652 482 687 transtulisti,
491 653 603 691 ejecisti
610 658 719 692 gentes,
727 657 756 680 et
762 651 850 690 plan-

108 693 177 720 tasti
191 701 268 721 eam.
281 691 335 722 Sed
348 692 423 720 illam
434 691 625 731 plantationem
637 692 681 721 hic
700 691 850 730 intelligere

107 739 161 760 non
175 738 289 770 oportet,
305 741 339 760 ne
351 731 428 771 prius
442 731 554 760 locatam
573 742 629 760 eam
651 731 752 760 colonis
774 731 849 760 inve-

107 770 216 799 niamur
227 781 371 811 exponere,
387 781 467 809 quam
481 771 637 810 plantatam.
651 771 785 807 Quoniam
799 781 849 799 au-

108 815 161 839 tem
169 810 290 839 diximus
297 810 445 840 sacerdotes
453 810 586 850 populum
594 810 646 839 Dei
655 811 752 845 colere,
762 812 850 840 Deum

108 856 195 879 autem
208 849 319 879 reddere
331 849 479 879 mercedem
489 850 551 880 vitae
560 860 566 876 t
574 859 653 879 nemo
663 849 786 879 sacerdos
793 850 850 879 exi-

108 889 210 926 stimet,
223 889 349 928 quoniam
357 891 429 929 juste
447 900 496 929 pro
506 889 601 918 merito
615 900 725 930 operum
739 900 851 919 suorum

107 929 221 973 accipiet
234 939 249 957 a
272 930 330 958 Deo
341 928 500 964 mercedem,
514 937 540 958 et
563 939 615 958 non
631 929 720 969 potius
743 937 852 969 propter

109 974 223 1007 gratiam
236 975 263 997 et
277 968 486 998 misericordiam
499 969 559 998 Dei.
575 970 636 998 Non
648 969 718 998 enim
730 969 853 998 sacerdo-

109 1013 149 1036 tes
162 1014 287 1047 praestam
295 1009 353 1037 Deo
360 1008 483 1037 docentes
497 1009 629 1048 populum
639 1010 708 1048 ejus,
719 1008 767 1037 sed
779 1010 852 1038 Deus

108 1047 292 1076 sacerdotibus
316 1047 506 1077 committendo
525 1048 564 1077 eis
585 1048 717 1088 populum
731 1049 852 1078 suumin

108 1087 217 1126 spiritu.
232 1088 288 1116 Nos
307 1093 396 1116 autem
413 1087 540 1116 doctrinae
552 1087 699 1117 mercedem
714 1088 852 1126 acquirere

107 1136 161 1155 non
176 1134 340 1166 poteramus,
354 1127 406 1156 nisi
417 1127 494 1156 nobis
502 1128 656 1167 procuratio
670 1128 764 1167 populi
776 1139 851 1158 com-

109 1166 190 1195 missa
204 1167 307 1196 suisset.
321 1167 395 1206 Ergo
407 1167 494 1196 coloni
507 1174 569 1196 sunt
578 1167 737 1203 sacerdotes,
746 1168 793 1206 qui
803 1179 849 1198 co-

108 1205 192 1235 lentes
206 1206 345 1246 *populum
366 1206 443 1245 quasi
468 1207 589 1244 vineam,
614 1218 675 1236 cum
697 1208 850 1238 acutissimo

107 1245 178 1274 ferro
191 1246 320 1275 sermonis
343 1246 444 1276 faciunt
457 1256 501 1276 eos
522 1247 606 1276 bonos
618 1247 721 1276 fructus
739 1247 851 1287 justitiae

107 1285 225 1314 Domino
236 1286 375 1315 exhibere.
389 1287 466 1316 Sicut
477 1293 566 1315 autem
575 1286 673 1315 duram
685 1293 782 1316 terram
796 1288 850 1317 fer-

106 1334 169 1352 rum
190 1325 303 1362 emollit,
316 1327 355 1355 sic
374 1333 401 1355 et
421 1325 536 1356 verbum
559 1326 690 1355 duritiam
703 1326 792 1356 cordis
805 1338 848 1356 re-

106 1362 189 1393 laxat.
203 1364 278 1394 Sicut
291 1372 376 1395 rastro
390 1365 477 1394 ferreo
489 1365 578 1394 herbae
590 1365 719 1395 radicitus
733 1366 850 1396 evellun-

105 1409 152 1432 tur
162 1414 178 1432 a
200 1403 290 1439 vinea,
305 1405 344 1434 sic
366 1411 392 1434 et
412 1405 467 1434 acri
481 1415 602 1435 sermone
622 1405 687 1435 vitia
701 1405 735 1435 de
747 1406 849 1446 populo

105 1450 264 1473 resecantur.
282 1446 321 1474 Ut
335 1445 404 1474 sicut
415 1444 526 1474 colonus
541 1445 665 1483 quamvis
677 1445 711 1474 de
724 1455 772 1474 suo
786 1457 847 1475 mu-

104 1491 167 1511 nera
181 1483 310 1512 obtulerit
332 1483 453 1520 domino,
466 1494 518 1522 non
544 1485 581 1513 sic
594 1495 656 1513 eum
669 1485 766 1523 placat,
781 1495 848 1523 quo-

104 1521 185 1551 modo
197 1523 219 1551 si
233 1522 267 1551 de
280 1523 359 1552 vinea
377 1524 401 1562 ej
407 1533 437 1552 us
450 1522 551 1552 reditus
565 1524 589 1552 ei
611 1523 739 1552 obtulerit
753 1536 760 1552 :
774 1525 812 1553 sic
823 1532 849 1553 et

104 1560 227 1591 sacerdos
239 1572 292 1591 non
306 1569 408 1591 tantum
426 1569 536 1601 propter
550 1572 626 1591 suam
641 1562 774 1601 justitiam
786 1563 847 1602 pla-

104 1607 146 1629 cet
158 1601 286 1637 Domino,
302 1601 437 1640 quomodo
458 1602 480 1630 si
495 1601 627 1642 populum
639 1602 688 1631 Dei
705 1602 733 1631 in
748 1603 847 1632 sancti-

104 1646 157 1669 tate
169 1640 302 1678 docuerit,
315 1641 442 1680 quoniam
454 1642 541 1681 ipsius
550 1640 655 1680 justitia
670 1651 722 1670 una
737 1648 787 1678 est,
802 1652 848 1682 po-

104 1679 164 1719 puli
184 1687 272 1710 autem
294 1680 448 1720 multiplex.
471 1682 522 1710 54.
540 1681 613 1710 Cum
625 1687 722 1710 autem
738 1688 847 1720 tempus

105 1723 362 1759 appropinquasset
362 1721 531 1761 fructuum,
541 1722 618 1749 misit
625 1730 721 1750 servos
733 1730 800 1750 suos
808 1722 849 1750 ad

104 1759 277 1797 colonos‚ue
290 1763 452 1800 acciperent
464 1761 501 1789 de
505 1759 658 1800 fructibus
666 1762 736 1789 suis.
746 1761 794 1790 55.
807 1761 847 1790 Et

103 1800 351 1838 apprehendentes
374 1800 473 1829 coloni
494 1810 591 1829 servos
609 1801 682 1839 ejus,
696 1811 785 1829 unum
800 1811 846 1828 ce-

103 1839 245 1875 ciderunt,
260 1840 353 1868 alium
370 1845 469 1868 autem
481 1839 658 1874 occiderunt,
674 1840 766 1869 alium
775 1850 846 1869 vero

103 1877 320 1917 lapidaverunt.
341 1880 391 1909 56.
412 1881 522 1909 Iterum
544 1880 621 1908 misit
643 1879 719 1908 alios
748 1889 846 1909 servos

99 1918 199 1955 plures
227 1920 390 1957 prioribus,
414 1925 443 1947 et
469 1919 610 1958 fecerunt
635 1920 676 1947 eis
699 1919 843 1948 similiter.

101 1957 148 1986 57.
162 1958 331 1987 Novissime
342 1964 439 1987 autem
451 1960 529 1987 misit
536 1959 576 1987 ad
583 1968 632 1987 eos
641 1958 739 1998 filium
747 1969 842 1995 suum,

100 1996 200 2026 dicens
212 2009 223 2026 .-
238 1997 421 2027 Verebuntur
432 1998 535 2039 filium
550 2008 653 2027 meum.
671 1998 768 2027 Servos
782 2009 844 2027 suos

99 2034 166 2065 dicit
193 2037 402 2076 rophetas,quos
432 2049 461 2067 er
474 2037 594 2077 singulas
606 2037 787 2076 generationes
795 2038 844 2067 mi-

99 2074 134 2104 sit
154 2047 191 2104 nd
211 2076 344 2116 populum
364 2049 533 2107 Judpaeorum.
548 2076 695 2106 Considera
709 2077 843 2115 quomodo

99 2123 149 2152 per
162 2115 283 2154 singulos¹
295 2115 394 2155 gradus
417 2116 607 2146 misericordiae
628 2115 727 2146 divinae
741 2117 842 2146 malitia

98 2153 116 2183 J
119 2152 255 2183 udaeorum
280 2155 412 2185 crescebat
423 2178 430 2192 ‚
456 2163 482 2185 et
506 2155 641 2194 quomodo
660 2166 708 2195 per
723 2155 763 2184 sin
784 2156 843 2186 ulos

98 2192 199 2232 gradus
213 2193 230 2223 J
233 2192 332 2222 udai‘cae
346 2195 455 2224 malitiae
468 2195 517 2224 Dei
529 2195 710 2224 misericordia
724 2195 757 2223 ad
779 2195 841 2224 eba-

96 2238 153 2268 tur,
168 2239 194 2261 et
206 2239 297 2261 contra
310 2233 477 2262 clementiam
497 2234 548 2262 Dei
563 2234 713 2272 malignitas
724 2233 840 2264 humana

97 2271 224 2300 certabat.
241 2272 311 2301 Ecce
318 2272 450 2310 qualisvis
461 2272 563 2302 amicus
575 2272 690 2312 alicujus
699 2272 779 2302 fuerit
790 2273 839 2302 ho-

96 2321 152 2346 mo,
168 2311 190 2339 si
206 2311 287 2340 semel
299 2311 332 2340 ab
344 2311 393 2341 illo
406 2311 487 2341 fuerit
496 2322 589 2351 passus
603 2311 740 2351 injuriam,
755 2322 838 2350 quan-

95 2356 268 2389 tumcumque
278 2351 411 2390 frangitur
422 2351 479 2390 ejus
491 2351 615 2389 affectus5
630 2351 653 2380 si
664 2351 761 2380 iterum
775 2362 836 2391 pas-

95 2399 142 2418 sus
156 2389 247 2427 fuerit,
267 2390 363 2419 iterum
377 2391 462 2430 magis
476 2390 608 2419 minuitur
622 2401 628 2416 :
644 2396 670 2419 et
693 2390 716 2420 si
737 2390 835 2421 iterum

94 2428 212 2467 amplius
226 2439 279 2458 non
298 2430 429 2459 minuitur
449 2430 566 2459 amicitia
579 2429 648 2469 ejuS‚
664 2436 734 2459 certe
747 2436 834 2459 tamen

95 2477 147 2496 non
162 2466 284 2497 additur.
300 2469 350 2498 Dei
362 2476 452 2499 autem
466 2468 649 2499 misericordia
662 2476 763 2507 quanto
778 2480 834 2500 ma-

127 2566 136 2577 ³
156 2557 162 2591 [
177 2559 324 2585 Commelin.
339 2565 363 2585 ct
375 2560 460 2586 Morel,
475 2561 554 2593 quae]

900 263 945 285 tur
959 257 987 285 in
1001 258 1052 286 eis.
1066 259 1136 288 Ecce
1156 260 1226 288 enim
1240 267 1299 299 post
1310 267 1382 290 tanta
1395 261 1522 291 beneficia
1537 263 1598 300 Dei,
1614 270 1640 292 et

900 295 957 325 sine
969 295 1149 327 admonitione
1165 299 1281 336 Domini,
1296 300 1442 330 debuerant
1455 301 1572 331 Domino
1591 303 1641 343 ju-
1661 326 1667 332 ,

902 335 980 364 stitiae
994 346 1048 365 suae
1061 338 1162 366 tributa
1170 338 1322 377 persolvere
1331 347 1432 369 :tamen
1443 341 1637 372 nonreddenti-

898 373 949 404 bus
962 375 1012 412 eis,
1026 376 1098 406 misit
1111 388 1210 417 paucos
1221 389 1311 408 servos
1325 390 1398 417 suOS,
1412 380 1512 418 quibus
1531 382 1638 418 occisis,

898 413 1004 444 addidit
1022 415 1177 452 bonitatem,
1197 428 1258 447 cum
1272 417 1407 448 debuisset
1420 420 1510 457 irasci,
1524 427 1550 450 et
1566 421 1641 450 misit

897 453 1001 493 plures.
1014 456 1081 484 Item
1094 456 1220 496 pluribus
1233 458 1385 494 intersectis,
1399 460 1579 490 accumulavit
1591 461 1640 490 bo-

898 493 1019 530 nitatem,
1029 502 1055 524 et
1066 497 1138 525 misit
1152 496 1255 526 Filium
1268 508 1358 531 suum,
1371 505 1397 527 et
1410 498 1483 528 huuc
1495 510 1546 529 non
1581 500 1640 530 uasi

898 532 933 577 ad
944 533 1074 563 obnoxios
1088 546 1171 575 poenae
1182 537 1337 566 sententiam
1348 537 1522 576 bajulantem,
1534 549 1562 568 se
1592 550 1645 579 pa-·

898 573 995 602 tientiae
1010 575 1118 604 veniam
1133 586 1139 602 :
1155 582 1180 604 et
1198 583 1258 614 post
1277 582 1316 605 tot
1329 577 1427 606 scelera
1441 578 1530 607 adhuc
1541 579 1578 607 eis
1589 580 1641 608 mi-

899 612 1050 642 sericordiae
1064 614 1153 644 locum
1168 615 1298 644 servabat.
1311 616 1356 648 Sic
1364 617 1436 645 enim
1447 616 1514 646 dicit
1526 628 1532 645 :
1542 619 1641 648 Forsi-

901 657 953 680 tan
967 653 1072 692 filium
1095 664 1189 683 meum
1214 657 1431 685 reverebuntur.
1457 656 1530 695 Ergo
1556 657 1640 695 misit,

899 691 1062 722 confundere
1075 693 1147 729 illos,
1159 704 1212 723 non
1226 701 1315 723 autem
1328 695 1433 735 punire.
1448 696 1516 725 Nam
1526 707 1575 736 pro
1583 704 1642 726 tan-

900 730 934 760 tis
949 731 1057 771 injuriis
1080 733 1197 773 benigno
1211 734 1327 763 Domino
1346 735 1493 764 sufficiehat
1506 736 1562 764 sola
1577 736 1642 765 vin-

900 769 970 800 dicta
991 771 1114 811 pudoris.
1129 773 1266 813 Cogitavit
1285 785 1348 813 ergo
1362 774 1434 815 apud
1446 785 1474 804 se
1490 786 1496 802 :
1519 776 1643 813 quamvis

866 819 884 842 Β
901 820 987 849 neque
1005 813 1195 842 contumeliare
1208 824 1298 842 servos
1310 825 1382 843 meos
1396 813 1543 844 debuerant
1555 827 1562 844 2
1577 815 1642 852 quia

901 851 948 888 qui
957 852 1041 880 servis
1049 852 1150 881 faciunt
1157 853 1295 892 injuriam,
1307 853 1448 883 dominum
1458 854 1623 884 exhonorant
1632 866 1639 882 :

900 895 988 918 tamen
999 892 1103 920 mittam
1114 892 1217 922 Filium
1230 893 1381 932 meum,qui
1393 900 1476 922 totum
1486 893 1604 933 possidet
1613 894 1642 923 in

902 936 1003 958 natura.
1019 931 1048 960 Si
1061 942 1150 960 amare
1170 943 1231 961 eum
1245 932 1390 969 voluerint,
1403 940 1442 962 est
1454 933 1528 972 quod
1538 940 1643 963 ametur

901 968 930 997 in
950 980 991 1004 eo,
1007 971 1071 1008 quia
1084 978 1145 1010 post
1157 982 1199 1000 me
1213 972 1286 1001 solus
1305 979 1343 1001 est
1355 973 1457 1007 bonus;
1474 973 1496 1001 si
1508 973 1643 1003 voluerint

901 1019 963 1038 eum
976 1009 1080 1047 timere,
1095 1017 1134 1039 est
1158 1012 1230 1049 quod
1248 1012 1374 1041 timeatur
1395 1012 1423 1041 in
1449 1022 1490 1047 eu,
1506 1012 1569 1050 quia
1581 1020 1643 1053 post

901 1059 943 1078 me
956 1049 1030 1078 solus
1041 1050 1170 1079 terribilis
1183 1059 1221 1080 est
1235 1053 1318 1081 Deus.
1328 1052 1376 1081 58.
1390 1052 1435 1081 At
1446 1052 1494 1080 illi
1506 1053 1642 1082 videntes

891 1089 995 1128 filium
1006 1090 1141 1119 dixerunt
1152 1092 1232 1119 intra
1242 1102 1272 1120 se
1284 1102 1294 1119 .·
1306 1092 1365 1120 Hic
1375 1098 1418 1120 est
1429 1092 1511 1120 heres
1515 1105 1527 1127 ,·
1543 1095 1643 1121 venite

901 1130 1068 1159 occidamus
1092 1141 1174 1166 eum,
1200 1137 1228 1159 et
1245 1133 1438 1160 obtinebimus
1451 1132 1642 1161 hereditatem

901 1170 973 1207 ejus.
989 1169 1033 1198 Ex
1044 1169 1169 1198 omnihus
1179 1170 1306 1210 operibus
1316 1172 1374 1211 ejus
1387 1178 1569 1210 cognoverunt
1579 1182 1641 1201 eum

900 1208 1060 1237 FiliumDei
1074 1219 1129 1238 esse
1137 1221 1146 1247 5
1161 1210 1213 1239 hoc
1226 1210 1297 1239 enim
1309 1210 1439 1249 significat
1453 1210 1642 1240 dicens:Ecce

902 1248 950 1276 hic
961 1254 1003 1277 est
1020 1249 1102 1278 heres
1115 1260 1123 1276 .·
1139 1256 1226 1278 tamen
1241 1257 1382 1290 postquam
1395 1249 1519 1279 introivit
1532 1250 1560 1279 in
1571 1257 1641 1280 tem-

900 1287 989 1326 plum,
1005 1294 1031 1316 et
1053 1298 1144 1317 omnes
1157 1289 1300 1318 vendentes
1313 1288 1450 1327 animalia,
1466 1299 1525 1328 quae
1539 1289 1573 1319 ad
1593 1301 1640 1320 sa-

899 1327 1029 1356 crificium
1047 1327 1242 1364 vendebantur,
1262 1329 1333 1358 foras
1348 1328 1435 1369 ejecit,
1449 1329 1476 1357 in
1490 1329 1589 1368 quibus
1600 1340 1642 1359 sa-

899 1366 1018 1396 cerdotes
1032 1367 1107 1396 avari
1119 1374 1183 1397 tunc
1196 1368 1397 1398 delectabantur
1410 1380 1417 1396 :
1431 1375 1495 1398 tunc
1508 1369 1642 1409 praecipue

865 1414 883 1437 c
899 1407 1084 1445 cogitaverunt
1100 1418 1162 1436 eum
1177 1408 1307 1444 occidere,
1320 1408 1438 1437 dicentes
1461 1408 1530 1437 intra
1544 1419 1573 1437 se
1589 1421 1595 1436 :
1610 1409 1640 1439 Si

898 1446 1017 1484 populus
1029 1447 1110 1475 istum
1122 1446 1246 1476 hahuerit
1259 1449 1360 1484 Deum,
1375 1458 1479 1476 necesse
1492 1454 1531 1476 cst
1551 1455 1581 1477 ut
1593 1448 1641 1477 di-

898 1485 985 1513 mittat
997 1485 1218 1515 consuetudinem
1235 1486 1395 1522 hostiarum,
1404 1497 1462 1524 quae
1474 1486 1507 1515 ad
1519 1494 1639 1517 nostrum

898 1524 1030 1563 pertinent
1042 1524 1161 1560 lucrum,
1176 1532 1201 1554 et
1214 1525 1363 1563 acquiescat
1375 1526 1465 1554 offerri
1478 1526 1640 1556 sacrificium

863 1572 867 1575 ⁴
894 1563 1018 1602 Justitiae,
1032 1573 1091 1602 quae
1109 1563 1143 1592 ad
1158 1564 1270 1604 gloriam
1284 1564 1333 1594 Dei
1357 1565 1484 1604 pertinet;
1498 1572 1524 1594 et
1533 1565 1572 1594 sic
1582 1566 1639 1605 jam

897 1612 950 1631 non
968 1603 1019 1632 erit
1032 1603 1149 1643 populus
1171 1604 1219 1633 iste
1240 1604 1369 1643 possessio
1390 1611 1489 1640 nostra,
1503 1604 1549 1633 sed
1562 1605 1613 1634 Dei
1629 1618 1637 1635 ε

897 1641 1022 1672 videlicet
1037 1652 1089 1671 non
1103 1642 1138 1671 ad
1150 1650 1270 1672 nostrum
1283 1650 1415 1682 quaestum
1434 1644 1578 1683 pertinens,
1592 1645 1639 1674 sed

896 1681 957 1710 Dei.
980 1682 1010 1712 Si
1030 1688 1117 1710 autem
1144 1682 1320 1712 occiderimus
1342 1694 1422 1719 eum,
1449 1682 1516 1711 dum
1535 1694 1586 1712 non
1599 1691 1640 1714 est

897 1721 960 1759 “qui
965 1721 1076 1761 justitiae
1090 1721 1192 1751 fructus
1205 1733 1220 1751 a
1234 1722 1335 1762 populo
1348 1730 1450 1761 quaerat
1462 1722 1579 1762 neglecta
1595 1723 1637 1753 'u-

897 1760 979 1797 stitia,
994 1761 1032 1790 sic
1044 1771 1150 1801 semper
1162 1762 1296 1791 tenebitur
1309 1762 1472 1791 consuetudo
1486 1763 1583 1792 offeren
1605 1774 1638 1792 a-

896 1810 958 1828 rum
972 1800 1132 1835 hostiarum,
1146 1808 1172 1830 et
1185 1802 1223 1830 sic
1237 1802 1282 1831 fiet
1293 1809 1381 1831 nostra
1394 1801 1524 1842 possessio
1540 1801 1575 1831 ad
1587 1813 1636 1831 no-

896 1845 983 1868 strum
997 1840 1131 1880 pertinens
1152 1841 1269 1870 lucrum.
1285 1842 1322 1871 Et
1337 1840 1390 1870 boc
1404 1849 1443 1870 est
1464 1840 1538 1880 quod
1557 1841 1635 1876 dicit,

896 1879 932 1908 Et
944 1886 1034 1908 nostra
1046 1879 1096 1908 erit
1109 1879 1254 1910 hereditas.
1270 1882 1332 1910 Haec
1352 1881 1475 1920 cogitatio
1485 1882 1637 1911 communis

895 1925 935 1948 est
948 1919 1068 1948 omnium
1086 1919 1253 1949 sacerdotum
1277 1921 1434 1957 carnalium,
1450 1920 1561 1959 quinon
1575 1928 1638 1950 sunt

896 1958 1003 1987 solliciti
1018 1958 1152 1997 quomodo
1172 1960 1291 1999 populus
1303 1960 1379 1989 vivat
1392 1959 1449 1989 sine
1459 1966 1577 1999 peccato,
1590 1960 1637 1990 sed

860 2011 879 2033 ι)
895 1997 1027 2042 aspiciunt
1042 1998 1108 2036 quid
1123 2000 1151 2028 in
1173 1999 1282 2028 ecclesia
1299 2000 1459 2035 conferatur,
1473 2006 1499 2028 et
1512 1999 1564 2029 hoc
1575 2000 1637 2029 exi-

894 2043 1003 2066 stimant
1016 2037 1156 2067 sacerdotii
1179 2039 1222 2068 sui
1242 2039 1359 2068 lucrum.
1374 2039 1410 2068 Et
1433 2048 1485 2068 non
1498 2038 1585 2068 solum
1595 2050 1637 2068 sa-

894 2076 1025 2113 cerdotes,
1042 2077 1088 2106 sed
1102 2078 1181 2107 etiam
1205 2088 1296 2107 omnes
1322 2078 1441 2108 homines
1454 2078 1572 2107 carnales
1584 2078 1635 2108 hoc

893 2116 980 2145 solum
996 2116 1149 2147 existimant
1162 2127 1253 2154 suum,
1266 2124 1291 2147 et
1305 2118 1355 2147 hoc
1370 2118 1477 2147 lucrum
1495 2117 1593 2146 habere
1606 2128 1634 2147 se

893 2154 927 2183 de
942 2155 993 2185 hac
1005 2156 1060 2185 vita
1080 2156 1258 2193 arbitrantur,
1273 2157 1345 2195 quod
1357 2156 1504 2186 secundum
1528 2166 1633 2185 carnem

891 2193 1013 2223 delectati
1028 2195 1128 2225 fuerint
1142 2196 1169 2225 in
1183 2197 1234 2225 hac
1246 2196 1313 2226 vita.
1333 2196 1467 2233 Quoniam
1481 2202 1569 2224 autem
1581 2206 1632 2224 vo-

892 2232 973 2263 lentes
997 2234 1134 2264 ostendere
1152 2235 1261 2274 quidem
1286 2236 1388 2265 Filium
1415 2245 1518 2274 semper
1537 2234 1630 2269 fuisse,

890 2273 1118 2311 quemadmodum
1132 2275 1247 2311 Patrem,
1262 2286 1323 2304 cum
1343 2274 1459 2303 dicimus
1481 2273 1545 2307 illis,
1557 2273 1586 2301 Si
1596 2273 1631 2316 li-

889 2312 943 2341 lius
955 2319 1004 2347 est,
1019 2320 1045 2342 et
1066 2321 1144 2343 natus
1161 2321 1208 2349 est,
1224 2321 1249 2343 et
1267 2314 1376 2342 unicum
1391 2313 1483 2341 habet:
1505 2321 1630 2354 propost-

889 2351 960 2381 tione
983 2353 1106 2392 negativa
1129 2353 1289 2393 respondent
1301 2375 1308 2387 ,
1336 2362 1394 2395 non·
1414 2351 1448 2379 de
1471 2356 1631 2394 proprietate

888 2391 953 2420 Filii
974 2393 1023 2421 Dei
1040 2393 1187 2421 secundum
1206 2402 1310 2420 carnem
1327 2401 1333 2417 τ
1350 2401 1411 2428 quia
1426 2396 1485 2433 post
1508 2399 1630 2418 lucarna-

888 2431 987 2460 tionem
999 2431 1087 2461 dictus
1101 2438 1140 2460 est
1152 2431 1239 2460 Filius
1250 2441 1283 2458 ex
1304 2429 1448 2468 baptismo,
1464 2434 1532 2457 sicut
1544 2434 1570 2456 et
1582 2438 1628 2457 cae-

887 2471 937 2500 teri
947 2471 1030 2500 sancti
1044 2482 1050 2498 :
1067 2477 1141 2500 antea
1152 2476 1239 2499 autem
1251 2468 1374 2500 Verbum
1383 2467 1435 2497 fuit
1448 2477 1551 2507 semper
1564 2477 1628 2497 cum
