1904 2840
267 200 336 245 740
748 204 908 233 DtATRtnA
935 204 981 228 An
1006 204 1091 229 OPUS
1116 202 1356 228 lMPEnFECTUM

262 271 363 302 cerdos
375 282 384 298 .·
398 270 449 299 ubi
462 267 611 304 sacerdos,
624 268 666 297 ibi
680 268 855 307 baptismum
867 279 876 296 ε
889 267 940 297 ubi
959 267 1146 306 baptismum,
1161 266 1203 294 ibi
1222 265 1418 295 Christianus.
1437 265 1494 294 Ubi
1507 269 1607 293 autem
1614 263 1690 304 fides
1705 271 1766 292 non
1777 268 1831 298 est,

263 318 304 346 ibi
319 326 372 345 nec
386 316 524 345 Ecclesia
537 321 599 343 est:
617 314 665 343 ubi
677 313 813 343 Ecclesia
836 323 895 342 non
919 318 980 349 est,
997 322 1050 341 nec
1073 311 1210 341 sacerdos
1230 316 1273 340 est
1286 322 1295 338 .-
1309 311 1359 339 ubi
1370 310 1505 339 sacerdos
1519 320 1579 338 non
1599 315 1652 345 est,
1668 318 1721 338 nec
1741 309 1834 347 bapti-

255 373 357 393 Jsmum
373 373 381 389 .-
395 363 447 391 ubi
461 362 637 400 baptismum
651 369 710 388 non
723 366 778 396 est,
793 369 846 389 nec
860 359 1045 388 Christianus
1058 359 1101 399 fit
1114 358 1240 396 aliquis„
1251 357 1329 395 Quid
1351 366 1419 396 ergo
1437 356 1620 396 reprehendit
1633 357 1719 395 quasi
1731 364 1834 385 secun-

263 409 333 438 dum
348 408 534 447 baptismum,
546 406 597 445 qui
617 415 677 434 non
691 405 830 446 intelligit
842 404 923 445 quod
934 411 976 438 est
987 406 1113 444 primum
1123 406 1136 431 P
1150 404 1230 433 Hunc
1253 413 1361 441 quoque
1377 401 1467 432 locum
1487 401 1658 442 praetermisit
1680 400 1833 436 Mahusffis,

261 456 326 494 qnia
337 456 364 483 in
378 453 495 493 quodam
513 451 663 492 exemplari
677 451 786 490 deerat3
801 451 931 481 nimirum
953 450 1065 490 quidam
1086 461 1121 479 ex
1140 449 1174 479 iis
1187 449 1236 488 qui
1257 448 1443 489 Chrysostomi
1462 458 1532 488 opus
1543 458 1601 478 esse
1614 447 1765 484 censebant,
1778 447 1835 476 haec

261 499 339 540 quasi
363 499 557 538 Chrysostomo
582 495 692 536 indigna
715 496 888 526 sustulerant.
903 496 1088 534 Similiterque
1103 495 1131 524 in
1145 493 1235 524 medio
1256 493 1384 524 Homiliae
1407 494 1492 524 tertiae
1516 504 1610 534 supra,
1623 493 1764 531 duntona,
1775 503 1835 532 quae

261 546 356 576 eadem
368 545 425 586 ipsa
439 543 474 573 de
488 543 621 584 baptismo
634 542 778 583 repetendo
791 543 947 580 effluebant,
961 542 1083 579 abstulit,
1097 551 1158 580 quae
1171 547 1261 570 tamen
1274 540 1334 570 loca
1345 546 1373 570 et
1386 539 1421 571 ad
1441 541 1537 571 seriem
1549 540 1695 581 pertinent,
1709 545 1735 569 et
1747 550 1763 568 a
1775 540 1837 579 pei—

263 603 309 622 mo
317 599 437 628 auctore,
451 590 490 620 uti
501 589 613 629 quidem
623 589 760 627 existimo,
773 589 863 630 posita
874 590 991 618 fuerant.

302 637 401 667 Primis
414 636 542 666 Ecclesiae
552 635 659 665 saeculis
669 646 732 665 eum
746 635 857 675 gentiles
870 635 990 665 furerent
1002 635 1029 664 in
1041 634 1223 670 Christianos,
1238 640 1350 663 cautum
1368 640 1426 663 erat
1437 643 1472 664 ne
1489 633 1635 664 Christiani
1647 644 1704 663 sese
1716 632 1835 663 idolola-

262 684 312 714 tris
329 684 468 720 offerrem,
482 692 550 713 neve
566 682 684 712 infensos
696 682 852 712 Christiano
866 682 967 712 nomini
981 681 1155 711 adorirentur
1167 687 1192 710 et
1206 679 1297 720 palam
1315 691 1406 710 coram
1425 680 1482 711 illis
1496 681 1636 711 Christum
1648 680 1837 710 confiterentur

264 737 291 759 et
302 729 488 770 piaedicarent‚
503 739 537 758 ne
549 739 645 769 graves
658 728 710 758 hoc
731 736 810 768 pacto
820 735 914 758 contra
933 727 1100 758 Christianos
1113 726 1333 767 persequutiones
1347 726 1540 756 excitarentur.
1555 727 1608 756 Hic
1620 733 1709 756 autem
1721 725 1837 765 scriptor

264 776 384 806 Humilia
396 777 437 806 93
449 775 519 805 circa
533 775 652 804 medium
665 774 731 804 dicit
743 786 788 804 eos
806 775 856 814 'qui
870 775 1010 804 veritatem
1033 784 1142 813 quoquo
1157 773 1237 803 modo
1258 780 1348 803 tacent
1369 783 1426 803 esse
1440 772 1590 813 proditores
1606 771 1727 802 veritatis
1742 783 1751 800 x
1764 771 1837 800 Hoec

263 828 363 852 autem
373 821 512 858 diximus,
526 821 626 860 iuquit,
637 822 780 861 quoniam
792 821 879 851 multi
894 820 1128 850 Christianorum
1141 819 1245 860 palam
1259 820 1378 860 quidem
1391 819 1555 859 transgredi
1566 820 1722 848 veritatem
1730 822 1838 857 putant

261 875 425 907 peccatum,
441 875 536 897 tacere
553 873 652 896 autem
664 870 823 897 veritatem
845 877 945 896 coram
968 866 1137 907 infidelibus
1150 876 1211 895 non
1235 871 1343 906 putant
1363 876 1425 895 esse
1443 871 1620 905 peccatum:
1637 870 1666 894 et
1685 869 1838 904 propterea

265 916 352 946 multi
363 914 554 945 inveniuntur
564 915 598 942 in
611 915 667 943 isto
680 920 801 943 reatu...
815 914 890 944 Vide
905 915 1044 954 quoniam
1059 923 1118 942 non
1129 913 1224 942 solum
1237 913 1290 942 ille
1300 918 1498 952 transgressor
1509 917 1551 941 est
1563 911 1709 948 veritatis,
1720 911 1771 950 qui
1783 919 1837 949 pa-

265 962 327 991 lam
340 963 465 1002 denegat
478 962 642 997 veritatem,
654 961 707 990 sed
718 963 809 990 etiam
826 961 891 999 itte,
907 962 959 1000 qui
970 965 1090 1000 propter
1102 960 1233 990 timorem
1245 969 1358 997 eorum,
1370 961 1422 999 qui
1442 964 1564 999 possunt
1578 958 1709 988 ochdere
1722 966 1836 997 corpus,

265 1013 343 1037 tacet
356 1009 526 1036 veritatem.

304 1053 423 1083 Homilia
436 1063 501 1083 vero
514 1051 654 1082 undecim
667 1052 739 1082 circa
760 1052 882 1082 medium
893 1052 928 1082 de
949 1051 1122 1082 Eucharistia
1144 1051 1202 1082 haec
1216 1062 1302 1092 preve
1315 1050 1444 1082 dicuntur
1456 1064 1464 1081 ι
1477 1052 1510 1082 Si
1521 1062 1590 1092 ergo
1602 1051 1665 1081 Itoec
1676 1059 1753 1080 vasa
1765 1059 1836 1079 san-

265 1101 395 1141 ctificata
405 1101 446 1130 ad
456 1102 587 1141 privatos
599 1111 668 1130 usus
683 1100 844 1141 transferre
856 1102 899 1131 sic
909 1099 1104 1140 periculosum
1119 1106 1172 1136 est,
1186 1101 1219 1128 in
1233 1101 1340 1140 quibus
1353 1110 1414 1129 non
1425 1106 1470 1130 est
1483 1110 1586 1130 verum
1598 1108 1701 1139 corpus
1717 1098 1836 1134 Christi,

266 1148 318 1176 sed
326 1151 499 1184 mysterium
507 1149 635 1186 corporis
644 1148 708 1187 ejus
718 1149 886 1177 continetur
894 1159 902 1176 .-
913 1153 1026 1187 quanto
1035 1148 1132 1187 magis
1140 1157 1218 1176 vasa
1227 1147 1354 1186 corporis
1363 1148 1467 1184 nostri,
1476 1157 1541 1187 quoe
1549 1149 1605 1177 sibi
1614 1147 1696 1176 Deus
1703 1146 1746 1175 ad
1754 1146 1838 1175 habi-

267 1194 398 1223 taculum
408 1199 596 1233 praeparavit,
611 1204 672 1223 non
684 1195 821 1223 debemus
836 1194 935 1223 locum
949 1194 1020 1223 dare
1030 1193 1150 1222 diabolo
1164 1193 1271 1233 agendi
1283 1194 1316 1221 in
1329 1196 1380 1222 eis.
1391 1193 1443 1223 Hie
1453 1203 1535 1233 porro
1547 1192 1622 1222 locus
1635 1191 1663 1221 in
1676 1190 1839 1230 quibusdam

267 1240 468 1279 exemplaribus
480 1239 564 1277 (ἱερεῖς
576 1250 693 1278 vereque
701 1240 768 1269 alibi
779 1239 814 1268 ad
822 1240 989 1270 Catholieam
1001 1239 1036 1269 de
1047 1239 1218 1269 Eucharistin
1242 1238 1394 1269 doctrinam
1402 1238 1488 1278 magis
1500 1238 1603 1269 acoedjt
1615 1238 1662 1268 hic
1670 1240 1837 1278 Anonymus.

307 1285 426 1316 Homilia
437 1295 520 1325 porro
534 1285 670 1325 trigesima
684 1286 800 1316 secunda
814 1286 884 1315 circa
898 1286 1019 1315 medium
1031 1285 1066 1314 de
1077 1285 1201 1315 secundis
1214 1285 1316 1325 nuptiis
1329 1286 1366 1314 ita
1379 1292 1479 1314 temere
1492 1284 1614 1324 loquitur
1627 1297 1635 1314 ε
1649 1286 1692 1315 Et
1714 1284 1840 1324 apostoli

264 1338 463 1372 proeceperunt
475 1332 618 1360 secundas
631 1333 714 1361 adire
728 1332 844 1371 nuptias
861 1338 980 1371 propter
995 1332 1240 1360 incontinentiam
1260 1332 1422 1360 bantinum.
1437 1331 1518 1361 Nam
1538 1332 1698 1360 secundam
1721 1330 1839 1370 quidem

267 1381 408 1418 accipere,
423 1379 581 1408 secundum
593 1385 768 1418 proeceptum
790 1379 917 1418 apostoli
932 1384 986 1408 est.
1001 1378 1167 1407 Secundum
1180 1383 1278 1407 autem
1301 1379 1436 1407 veritatis
1450 1379 1611 1414 rationem,
1623 1387 1693 1407 vere
1702 1377 1837 1416 fornica-

268 1427 311 1455 tio
322 1431 365 1455 est
371 1437 384 1461 ;
398 1425 452 1454 sed
470 1425 543 1454 dum
553 1427 737 1464 permittente
751 1426 815 1455 Deo
826 1426 945 1465 publice
959 1431 988 1454 et
1002 1425 1124 1454 licenter
1136 1425 1336 1460 committitur,
1345 1425 1383 1462 fit
1395 1424 1698 1465 honesta-fornicatio.

309 1470 474 1511 Hujusmodi
491 1471 559 1500 forte
571 1481 623 1500 non
638 1482 723 1511 pauca
736 1471 889 1501 observabit
911 1471 1049 1501 studiosus
1062 1471 1146 1500 lector
1158 1482 1165 1500 ε
1180 1481 1254 1508 nam,
1268 1477 1299 1500 ut
1311 1477 1385 1499 notat
1396 1481 1479 1511 supra
1492 1471 1635 1507 Erasmus,
1647 1469 1747 1499 multas
1760 1468 1840 1498 habet

270 1518 315 1547 hic
327 1518 442 1558 scriptor
454 1518 596 1547 sententias
609 1525 745 1558 suspectas
757 1524 783 1547 et
796 1518 979 1559 improbatas;
993 1524 1020 1548 et
1031 1517 1154 1557 alioquin
1166 1517 1214 1557 qui
1225 1517 1334 1547 semela
1345 1516 1400 1547 fide
1411 1516 1539 1555 descivit,
1550 1516 1618 1556 quid
1631 1516 1732 1557 mirum
1742 1515 1766 1545 si
1777 1526 1839 1555 pas-

267 1564 322 1594 sim
339 1570 408 1594 erret
421 1563 467 1596 vel
479 1570 578 1593 temere
591 1563 718 1603 loquatur
728 1564 742 1593 ἓ

976 1642 1006 1682 S.
1049 1642 1130 1674 VIII.

510 1737 557 1766 De
570 1736 651 1774 stylo
665 1734 825 1774 Anonymi
841 1735 973 1774 hujusce.
986 1734 1086 1764 Multa
1097 1734 1238 1774 decerpsit
1258 1743 1294 1763 ex
1309 1733 1390 1763 libris
1401 1734 1589 1773 apocryphis.

311 1829 373 1860 Etsi
397 1839 450 1858 non
464 1828 614 1857 ineruditus
628 1827 663 1857 sit
676 1827 725 1856 iste
739 1826 862 1866 quisquis
875 1827 910 1856 sit
922 1833 1024 1864 auctor,
1040 1826 1110 1866 stylo
1125 1825 1209 1855 utitur
1229 1824 1377 1855 admodum
1390 1824 1451 1854 rudi
1463 1832 1489 1855 et
1501 1824 1627 1866 strigoso,
1641 1825 1840 1858 verbisdictio-

272 1875 406 1914 nibusque
419 1874 553 1904 inusitatis
566 1885 635 1914 saepe
648 1873 825 1902 redundante.
840 1873 976 1910 Quoniam
999 1883 1064 1902 vero
1085 1871 1255 1912 apocryphos
1280 1872 1379 1900 multos
1402 1871 1487 1901 libros
1510 1872 1589 1901 nobis
1609 1873 1715 1912 ignotos
1729 1873 1840 1912 legerat,

272 1922 357 1951 multa
368 1921 457 1951 futilia
470 1931 540 1960 saepe
553 1920 691 1949 admiscet.
706 1920 775 1949 Nam
787 1926 817 1948 ut
830 1926 931 1948 taceam
943 1918 1074 1948 ridiculas
1087 1917 1319 1958 interpretationes
1332 1918 1472 1947 nominum
1483 1918 1688 1956 Hebraicorum,
1699 1930 1766 1958 quas
1778 1931 1841 1960 per-

272 1977 342 2007 saepe
354 1967 434 1996 refert
446 1966 565 1996 Homilia
579 1966 682 2006 prima,
695 1976 756 1994 cum
776 1965 957 2005 genealogiam
977 1965 1079 1995 Christi
1099 1965 1218 2005 explicat
1227 1987 1235 2002 ,
1248 1965 1337 1994 nescio
1359 1964 1429 1994 unde
1447 1965 1599 2005 expiscatus
1613 1966 1650 1996 sit
1671 1966 1719 1996 illa
1732 1977 1792 2005 quae
1805 1966 1840 1996 de

273 2013 382 2042 filiabus
398 2013 496 2042 Adami
517 2012 610 2041 eadem
622 2011 735 2041 homilia
748 2012 815 2042 dicit
833 2025 839 2041 ε
857 2012 908 2041 Vis
927 2018 1025 2040 autem
1040 2013 1112 2041 scire
1126 2011 1271 2050 quomodo
1284 2011 1450 2049 aliquando
1465 2011 1548 2040 licuit
1567 2017 1596 2040 et
1609 2022 1721 2042 sorores
1734 2013 1842 2042 habere

274 2069 388 2095 uxores,
401 2059 545 2098 quomodo
569 2059 733 2087 habuerunt
750 2059 824 2088 Cain
837 2064 865 2087 et
875 2057 977 2087 Abel?
999 2059 1073 2087 Hoec
1086 2058 1207 2086 nomina
1214 2056 1348 2096 filiarum
1370 2057 1483 2093 Adam,
1496 2067 1570 2097 quas
1592 2059 1624 2086 in
1638 2059 1722 2086 initio
1737 2058 1841 2087 habuit

271 2112 337 2145 post
352 2106 428 2135 Ca’z'n
446 2111 475 2134 et
486 2105 577 2141 Abel,
588 2105 689 2145 Risum
704 2111 731 2134 et
745 2105 908 2140 Edoclam,·
919 2110 947 2133 et
970 2114 1030 2133 non
1050 2109 1261 2143 peccaverunt,
1275 2104 1346 2142 quia
1364 2110 1517 2142 peccatum
1529 2103 1609 2132 illud
1628 2105 1736 2133 raritas
1749 2105 1842 2133 homi-

274 2162 344 2182 num
357 2158 385 2182 et
397 2153 553 2181 necessitas
568 2152 737 2180 excusabat.

238 2222 264 2240 x,
313 2199 511 2229 Commemorat
523 2205 612 2228 autem
626 2199 784 2238 Anonymus
808 2198 910 2227 librum
931 2197 1039 2227 nomine
1059 2197 1135 2235 Seth,
1150 2196 1223 2226 unde
1236 2203 1374 2226 mutuatus
1388 2195 1437 2225 illa
1449 2206 1506 2226 csse
1527 2195 1637 2227 videtur
1648 2197 1802 2239 apocrypha
1815 2205 1841 2228 et

273 2245 386 2282 insulsa,
398 2255 457 2284 quae
469 2244 503 2275 de
515 2244 600 2283 magis
611 2243 697 2283 deque
715 2250 805 2274 monte
816 2244 960 2275 Victoriali
973 2251 1072 2274 narrat.
1088 2243 1206 2275 Homilia
1218 2254 1282 2274 vero
1296 2242 1399 2272 decima
1421 2250 1515 2283 quarta
1529 2243 1600 2274 circa
1622 2243 1703 2274 finem
1727 2245 1841 2275 orationi

273 2292 436 2322 Dominicali
449 2292 506 2322 haec
519 2291 601 2322 verba
615 2290 712 2330 adjicit
728 2303 734 2319 z
754 2291 899 2329 Quoniam
915 2298 996 2321 tuum
1010 2298 1052 2322 est
1065 2301 1186 2332 regnum
1202 2298 1230 2321 et
1243 2292 1339 2320 virtus
1350 2297 1378 2320 et
1391 2291 1497 2331 gloria.
1513 2292 1580 2329 Quae
1594 2291 1660 2322 alibi
1673 2291 1753 2320 etiam
1763 2302 1840 2321 com-

274 2339 416 2369 memorari
429 2345 504 2379 puto.
517 2337 597 2368 Nihil
613 2337 711 2366 mirum
724 2347 799 2376 ergo,
814 2337 837 2366 si
849 2337 910 2367 talis
922 2338 1014 2373 homo,
1026 2338 1188 2379 apocryphis
1201 2337 1330 2378 gaudens,
1342 2337 1443 2368 librum
1455 2337 1534 2367 etiam
1548 2337 1665 2368 Pastoris
1677 2344 1704 2367 et
1716 2338 1842 2368 Clemen-

274 2386 344 2415 tinas
357 2385 493 2415 adhibeat.
509 2385 577 2421 Quae
591 2385 671 2413 etiam
685 2382 840 2424 apocrypha
857 2384 986 2422 opuscula
1007 2385 1131 2414 nonnulli
1146 2391 1299 2414 sanctorum
1319 2390 1426 2424 patrum
1440 2383 1633 2413 adhibuerunt.

314 2434 474 2472 Anonymus
494 2431 540 2461 hic
559 2431 591 2460 in
612 2431 812 2460 secretioribus
835 2430 918 2459 libris
931 2431 1063 2472 scriptum
1085 2443 1141 2462 esse
1156 2430 1223 2461 dicit
1236 2431 1339 2462 Homil.
1352 2432 1374 2462 4
1386 2430 1467 2472 paulo
1480 2437 1540 2460 ante
1564 2429 1695 2467 medium,
1709 2430 1840 2460 Joannem

274 2478 421 2518 Baptistam
432 2487 448 2506 a
460 2475 568 2507 Christo
578 2475 744 2516 baptizatum
756 2475 851 2505 fuisse.

308 2557 318 2589 [
329 2554 427 2588 Quibus
444 2554 510 2580 udde
525 2563 580 2588 quae
596 2554 695 2579 monuit
703 2552 793 2585 Thilo,
804 2553 944 2587 prolegom.
958 2553 991 2579 ad
1005 2554 1070 2581 Cod.
1082 2555 1222 2589 apocryph.
1233 2555 1299 2581 Novi
1306 2554 1471 2584 Testamenti,
1483 2562 1509 2586 p.
1522 2553 1614 2584 XCIV,
1624 2558 1678 2579 not..
1693 2553 1734 2578 85.
1745 2553 1840 2577 Totum

275 2596 324 2622 hoc
342 2597 411 2629 Opus
426 2594 601 2627 imperfectum
625 2599 743 2620 accurate
758 2594 910 2619 contulimus
925 2598 984 2619 cu'm
999 2594 1116 2619 Editione
1134 2594 1333 2620 Commelininna
1342 2615 1350 2627 ‚
1362 2594 1423 2620 anui
1436 2594 1514 2624 ¹603,
1528 2601 1583 2625 ‹11¹ae
1599 2592 1655 2619 sons
1666 2598 1705 2619 est
1716 2591 1841 2619 Editionis

276 2636 379 2668 morelli,
389 2640 506 2662 monente
519 2635 572 2667 ipso
581 2636 644 2662 Rev.
652 2641 722 2668 patre
734 2634 916 2667 Montfaucon„
929 2634 1027 2661 Praerat.
1041 2633 1074 2660 ad
1085 2635 1159 2660 Tom.
1172 2637 1196 2665 7,
1211 2635 1224 2668 §
1237 2635 1294 2666 [Vq
