1890 2826
621 185 779 211 SYNopsls
806 184 864 208 SCR
869 185 964 208 {P'run
970 185 994 207 Ε
1021 183 1142 209 ΒΑΟΚΕ.

99 254 204 288 τοῦτον,
231 250 284 281 Καὶ
302 249 354 290 γὰρ
377 249 484 290 οὐρανὸν
502 249 585 288 μέγαν
599 249 632 278 δι’
648 248 726 277 αὐτὸν
741 246 850 283 ἐποίησε
861 269 868 283 ,

98 298 142 327 καὶ
159 299 208 337 γῆν
223 298 323 326 εὐθεῖαν
333 319 341 332 ,
369 295 415 326 καὶ
438 295 572 325 θάλασσαν
597 294 610 311 b
621 293 687 333 ὑπὲρ
700 293 749 329 τὴν
762 292 870 333 χρείαν,

97 344 139 373 ἵνα
159 343 212 373 ἀπὸ
232 345 278 372 τοῦ
300 342 425 382 μεγέθους
442 343 495 371 τῶν
519 341 665 381 γενομένων
690 339 872 379 θαυμάσαντες

97 389 141 420 τὸν
167 389 344 429 δημιουργὸν,
366 390 401 422 εἷς
415 387 571 427 θεογνωσίαν
587 387 692 417 ἔλθωσι.
719 386 773 416 Καὶ
787 388 872 415 ταῦτα

96 431 140 465 οὖν
156 435 198 465 διὰ
211 439 302 465 τοῦτον
315 434 430 475 γέγονεν.
444 433 522 464 Ἐπεὶ
531 429 575 462 οὗν
590 433 687 466 σκοπὸς
707 427 743 466 εἷς
753 433 800 467 τῆς
810 432 872 461 Πα-

96 483 173 515 λαιᾶς
192 481 237 511 καὶ
258 483 305 516 τῆς
328 482 443 516 Καινῆς,
470 482 611 519 ἀναγκαῖον
629 474 696 508 εἶναι
716 477 835 517 ἐνόμισεν
858 479 873 506 ὁ

98 530 215 564 Μωῦσῆς
225 527 269 556 καὶ
278 526 395 566 ἱστορίας
404 525 556 565 ἀναγράψαι
564 524 679 557 παλαιάς
686 536 692 542 ·
705 524 734 553 οὗ
746 523 815 553 κατὰ
824 522 874 559 τὴν

1598 173 1668 220 369

925 245 1033 284 quando
1054 253 1147 276 natura
1171 253 1224 276 tota
1243 247 1275 276 ad
1299 249 1357 288 ejus
1380 257 1460 276 usum
1481 254 1519 277 est
1542 246 1669 276 condita?
1681 265 1738 279 nnus
1755 259 1821 281 Veto

928 291 1037 320 Etenim
1051 302 1179 331 magnum
1197 300 1306 332 propter
1325 293 1403 321 illum
1424 292 1519 321 caelum
1539 292 1670 329 condidit,
1682 292 1744 310 '‘1⁸“
1762 290 1825 312 Navi

924 343 1022 366 terram
1036 338 1128 374 latam,
1144 348 1216 367 mare
1229 339 1327 378 majus,
1337 349 1417 377 quam
1427 338 1566 367 necessitas
1576 345 1669 377 postu·
1682 321 1804 374 gestam„
1814 332 1824 336 ⁶

925 382 981 412 lare
991 382 1148 420 videbatur,
1156 389 1187 412 ut
1200 394 1215 412 a
1226 383 1412 423 magnitudine
1423 383 1593 425 opificiorum
1601 383 1673 422 Opi-

923 428 1000 458 ficem
1014 429 1151 467 mirantes,
1167 429 1203 458 ad
1216 428 1597 470 Deipognitionemvenigent.
1609 429 1673 457 Haec

923 474 1012 513 itaque
1025 482 1136 515 propter
1154 475 1235 505 illum
1252 475 1320 504 facta
1339 481 1413 503 sunt1.
1436 469 1572 511 Quoniam
1591 473 1674 512 igitur

924 521 1033 551 Veteris
1046 528 1073 550 et
1080 521 1152 551 Novi
1161 520 1324 550 Testamenti
1333 530 1429 560 scopus
1439 530 1510 549 unus
1521 526 1570 556 est,
1580 528 1674 547 neces-

96 574 188 608 ἔξωθεν
206 573 373 603 ἀκολουθίαν·
402 573 496 602 ἐκεῖνοι
511 570 619 611 μὲνγὰρ
633 569 748 610 ἱστορίας
761 570 875 610 γράφου·
890 573 908 597 C
924 568 1026 598 sarium
1051 568 1132 598 etiam
1153 568 1259 608 putavit
1286 569 1395 608 Moyses
1420 566 1547 596 historias
1572 572 1675 595 veteres

97 632 137 650 σιν
149 621 257 656 ἅπλῶς,
279 618 349 648 ὥστε
372 617 538 658 πραγμάτων
568 617 706 656 διηγήσεις
726 618 874 646 ποιεῖσθαι,

96 666 141 696 καὶ
154 665 284 705 πολέμους
298 665 343 695 καὶ
354 664 442 705 μάχας
456 666 492 696 εἷς
514 663 596 703 μέσον
609 664 734 703 ἀγαγεῖν,
749 662 794 691 καὶ
810 674 874 702 καρ-

96 711 235 742 πώσασθαι
247 711 322 746 δόξαν
335 711 389 741 ἀπὸ
401 713 454 740 τῶν
467 710 644 750 γραμμάτων.
671 709 705 739 Ὁ
721 709 747 738 δὲ
762 708 873 747 νομοθέ-

97 770 145 793 της
164 758 215 797 οὒχ
237 757 334 791 οὕτως’
355 755 423 786 ἀλλὰ
446 755 560 785 πάντοτε
585 754 702 796 ἱστορίας
727 754 875 794 ἀναγράφει

98 805 199 843 ἀνδρῶν
227 803 350 843 μεγάλων
378 801 590 842 κατωρθωκότων
602 822 610 836 ,
638 800 707 830 ὥστε
731 805 785 834 τοῖς
807 799 875 838 μετὰ

98 852 184 879 ταῦτα
204 851 257 878 τῶν
281 848 387 881 ἐκείνοις
411 846 579 887 βεὸιωμένων
599 846 647 883 τὴν
663 847 784 886 διήγησιν
800 846 875 886 γενέ-

98 899 158 926 σθαι
176 895 349 928 διδασκαλίας
363 896 464 934 ἀγαθῆς
479 893 611 923 ὑπόθεσιν.
625 893 677 922 Διὰ
691 893 723 930 δὴ
743 895 821 922 τοῦτο
845 893 874 922 οὗ

99 942 176 982 μόνον
190 942 250 975 τοὺς
263 940 469 981 κατωρθωκότας
490 940 525 972 εἷς
551 939 631 978 μέσον
653 939 727 979 ἄγει,
749 938 817 968 ἀλλὰ
830 938 876 967 καὶ

97 987 160 1021 τοὺς
170 987 375 1028 ἡμαρτηκότας,
391 986 434 1016 ἵνα
447 986 507 1019 τοὺς
523 985 571 1024 μὲν
585 985 756 1024 ζηλώσωμεν,
768 984 827 1018 τοὺς
848 983 876 1014 δὲ

924 614 1076 645 describere
1095 628 1102 644 :
1125 626 1178 645 non
1198 614 1347 645 secundum
1368 621 1540 643 externorum
1561 621 1674 648 morem,

929 662 976 700 qui
988 661 1114 691 historias
1126 661 1249 691 scribunt
1260 672 1290 690 ea
1309 667 1396 690 mente
1409 667 1511 689 tantum
1519 682 1527 697 ,
1537 665 1569 688 ut
1584 670 1675 688 rerum

924 708 1090 737 narrationes
1102 714 1204 744 texant,
1219 714 1245 737 et
1256 707 1328 737 bella
1344 716 1502 747 pugnasque
1515 705 1541 734 in
1556 704 1676 734 medium

924 761 1015 794 agant,
1030 761 1109 793 atque
1127 765 1162 784 ex
1176 754 1283 795 scriptis
1304 753 1419 793 gloriam
1440 752 1493 782 sibi
1512 758 1617 792 parent.
1642 751 1677 780 At

924 800 1061 839 legislator
1082 810 1135 829 non
1158 801 1196 830 sic
1215 813 1221 829 :
1245 799 1291 829 sed
1313 809 1419 839 semper
1437 797 1561 828 historias
1582 796 1676 827 scribit

929 845 1080 875 illustrium
1093 846 1215 876 virorum
1229 846 1276 885 qui
1287 856 1329 875 res
1338 844 1478 885 praeclaras
1487 850 1634 883 gesserunt;
1647 849 1677 872 ut

925 893 987 922 vitae
1001 893 1113 922 illorum
1126 893 1242 922 narratio
1256 891 1369 933 posteris
1381 891 1416 920 sit
1429 890 1536 930 optimae
1547 889 1676 919 doctrinae

928 946 1124 978 argumentum.
1134 939 1253 977 Ideoque
1266 949 1318 967 non
1333 937 1414 967 modo
1428 947 1473 966 eos
1486 936 1534 975 qui
1548 946 1576 965 se
1593 936 1677 976 probe

927 992 1062 1024 gesserunt
1071 986 1099 1014 in
1108 985 1181 1014 medi
1185 996 1228 1014 um
1237 984 1359 1018 adducit,
1368 983 1415 1013 sed
1426 983 1505 1012 etiam
1514 989 1674 1022 peccatores;

90 1034 268 1075 ἐκφύγωμεν,
292 1033 338 1063 καὶ
361 1032 522 1072 ἑκατέρωθεν
548 1033 650 1071 ὀρθωθῇ
665 1031 699 1061 τὰ
718 1033 767 1067 τῆς
781 1032 877 1072 ἀρετῆς
892 1032 911 1055 D
930 1038 958 1060 ut
969 1031 1032 1061 illos
1043 1032 1211 1065 aemulemur,
1224 1031 1274 1060 hos
1286 1037 1376 1060 autem
1388 1029 1535 1070 fugiamus,
1551 1035 1577 1058 et
1590 1028 1676 1058 utrin-

98 1080 144 1109 καὶ
160 1079 194 1109 τὰ
206 1082 254 1116 τῆς
267 1078 428 1118 ἐπιμελείας.
451 1077 498 1113 Μὴ
512 1077 599 1106 τοίνυν
611 1076 740 1116 νομιζέτω
753 1088 793 1110 τις
806 1076 876 1110 ξένον

927 1087 980 1116 que
1000 1077 1130 1108 virtutem
1149 1077 1371 1117 diligentiamque
1391 1077 1522 1116 majorem
1544 1073 1676 1114 adipisca-

98 1120 165 1154 εἶναι
183 1125 324 1164 νομοθέτου
333 1125 368 1166 ντὸ
382 1122 497 1156 παλαιὰς
522 1122 638 1162 ἱστορίας
658 1123 807 1162 διηγεῖσθαι
831 1123 876 1152 καὶ
884 1143 921 1163 ³¹⁵
929 1134 1002 1153 mur.
1018 1124 1060 1153 Ne
1073 1123 1134 1163 quis
1148 1134 1211 1163 ergo
1225 1123 1359 1152 existimet
1372 1129 1448 1151 extra
1462 1119 1623 1161 legislatoris
1636 1121 1676 1149 of-

99 1171 193 1210 vop-ou<
207 1170 375 1210 ἀναγράφειν·
404 1169 491 1209 ”Οπῑρ
505 1168 556 1209 γὰρ
569 1168 655 1209 ἷσχύέῑ
677 1168 772 1207 νόμος,
798 1170 877 1197 τοῦτο
894 1172 912 1195 Α
928 1170 1021 1199 ficium
1046 1180 1103 1200 esse
1129 1169 1256 1199 historias
1280 1176 1382 1199 veteres
1406 1177 1532 1203 narrare,
1551 1173 1577 1195 et
1604 1166 1676 1206 leges

100 1217 145 1246 καὶ
157 1219 174 1252 ἡ
189 1216 309 1256 διήγησις
322 1219 367 1245 τοῦ
379 1215 436 1255 βίου
450 1217 502 1245 τῶν
518 1215 611 1254 ἁγίων.
634 1214 714 1244 Ἐστι
728 1214 814 1243 τοίνυν
827 1217 876 1250 τῆς

98 1263 222 1296 Halata:
244 1263 274 1292 τὸ
300 1262 348 1301 μὲν
364 1261 495 1301 ἱστορικὸν
507 1283 515 1296 ,
542 1262 578 1294 ὥς
601 1262 636 1296 ’ἡ
648 1260 843 1300 Ὀκτάτευχος·
858 1262 875 1296 ἡ

101 1308 149 1347 μὲν
174 1308 279 1342 Γένεσις
302 1307 335 1337 τὰ
354 1307 416 1347 περὶ
430 1309 478 1342 τῆς
500 1306 671 1347 δημιουργίας
698 1305 858 1345 διηγουμένη
869 1321 877 1336 v

101 1355 147 1384 καὶ
161 1354 195 1384 τὰ
212 1354 274 1394 περὶ
286 1357 332 1383 τοῦ
342 1383 346 1385 ,
356 1353 414 1393 βίου
431 1354 484 1382 τῶν
498 1351 713 1392 εὖηρεστηκότων
727 1353 804 1392 Θεῷ·
818 1354 835 1388 ἡ
848 1351 876 1381 δὲ

100 1400 208 1434 Ἔξοδος
227 1400 277 1436 τὴν
290 1398 447 1438 ἀπαλλαγὴν
460 1400 512 1428 τῶν
528 1398 661 1428 Ἰουδαίων
680 1398 729 1434 τὴν
743 1397 770 1432 ἐξ
793 1397 875 1437 Αἰγύ-

100 1458 186 1482 πτου,
205 1446 253 1482 τὴν
275 1445 421 1486 παράδοξον
435 1445 554 1480 ἐκείνην,
575 1444 621 1474 καὶ
633 1443 682 1479 τὴν
706 1445 755 1479 τῆς
775 1443 876 1483 ἐρήμου

101 1492 238 1532 διατριὸὴν
246 1515 255 1528 ,
268 1492 314 1522 καὶ
326 1491 374 1528 τὴν
387 1494 433 1520 τοῦ
446 1490 526 1529 νόμου
542 1489 612 1519 δόσιν
623 1501 630 1508 ·
653 1489 683 1519 τὸ
697 1489 725 1518 δὲ
739 1488 876 1518 Λευιτικὸν

101 1538 135 1568 τὰ
148 1539 209 1578 περὶ
228 1541 323 1568 θυσιῶν
334 1538 379 1567 καὶ
388 1536 535 1577 ἱερουργίας
543 1548 550 1554 ·
570 1538 587 1572 ἡ
606 1535 658 1575 γὰρ
671 1526 723 1564 τοῦ·
733 1534 798 1564 Λευὶ
807 1534 876 1575 φυλὴ

102 1584 170 1620 αὕτη
179 1580 211 1620 ἦν
223 1587 241 1621 ἡ
254 1585 303 1620 τὴν
317 1583 460 1624 ἱερωσύνην
474 1581 664 1621 κεκληρωμένη
676 1604 685 1618 ,
704 1581 750 1611 καὶ
764 1580 816 1610 ἀπὸ
830 1583 876 1610 τοῦ

103 1630 230 1669 ὀνόματος
249 1632 297 1666 τῆς
317 1631 399 1670 φυλῆς
419 1628 467 1665 τὴν
485 1627 663 1668 προσηγορίαν
688 1627 767 1667 ἔλαχε
790 1627 819 1656 τὸ
835 1629 878 1666 βι-

103 1676 186 1706 ὅλίον.
201 1678 267 1706 Μετ’
284 1678 366 1706 ἐκεῖνο
382 1676 406 1704 οἱ
421 1674 557 1714 Ἀριθμοί·
574 1673 642 1713 μετὰ
655 1673 706 1713 γὰρ
723 1673 754 1702 τὸ
767 1672 878 1707 ἐξελθεῖν
895 1673 911 1696 Β

103 1723 129 1757 ἐξ
158 1722 292 1762 Αἰγύπτου
301 1745 309 1758 ,
336 1721 471 1751 ἐκέλευσεν
500 1722 513 1750 ὁ
542 1719 612 1753 Θεὸς
635 1721 814 1759 ἀριθμηθῆναι
829 1718 880 1756 γτὸν

105 1770 186 1807 δῆμον
209 1770 261 1798 τῶν
289 1767 437 1803 Ἰουδαίων,
466 1765 511 1796 καὶ
524 1761 592 1802 ἦσαν
607 1764 741 1799 ἑξακόσιαι
753 1764 882 1805 χιλιάδες,

104 1816 148 1855 ἀφ’
160 1815 223 1848 «ἑνὸς
243 1813 382 1854 ἀνθρώπου
408 1815 453 1842 τοῦ
481 1811 610 1852 Ἀδραὰμ
639 1811 786 1851 γενόμεναι.
814 1805 882 1840 Εἶτα

107 1862 164 1899 μετ’
179 1861 263 1889 ἐκεῖνο
277 1857 525 1898 τὸΔευτερονόμιον
538 1869 543 1875 ·
562 1858 606 1887 τὸν
620 1857 672 1897 γὰρ
686 1857 767 1896 νόμον
780 1857 811 1885 ἐκ
825 1856 883 1885 δευ-

103 1907 179 1947 τέρου
191 1905 357 1946 ἡρμήνευσεν
371 1906 459 1937 αὗτοῑς
472 1907 486 1934 ὁ
501 1905 629 1940 Μωῦσῆς.
648 1899 716 1933 Εἶτα
726 1904 783 1942 μετ’
800 1904 883 1931 ἐκεῖνο

104 1954 207 1988 Ἰησοῦς
226 1954 240 1981 ὁ
262 1954 308 1981 τοῦ
330 1953 406 1987 Ναυῆ
416 1962 423 1969 ·
444 1946 518 1984 οὗτος
531 1949 582 1989 γὰρ
608 1949 676 1988 μετὰ
694 1949 739 1978 τὸν
765 1947 882 1977 Μωϋσέα

104 1998 242 2037 γενόμενος
255 1999 342 2027 αὐτῶν
353 1995 524 2036 δημαγωγὸς,
536 1995 574 2029 εἷς
581 2007 611 2024 τε
619 1994 667 2031 τὴν
677 1996 727 2034 γῆν
741 1995 788 2030 τῆς
802 1995 883 2033 ἐπαγ-

105 2044 195 2082 γελίας
209 2043 336 2083 εἰσήγαγε
346 2066 354 2081 ,
370 2043 415 2073 καὶ
430 2042 478 2079 τὴν
491 2043 541 2081 γῆν
561 2041 674 2079 διένειμε
687 2040 756 2069 κατὰ
770 2039 882 2079 κλήρους

106 2094 164 2123 ταῖς
176 2090 277 2120 δώδεκα
291 2090 392 2130 φυλαῖς.
408 2089 475 2118 Μετ’
489 2089 587 2117 ἐκεῖνον
601 2088 625 2116 οἱ
640 2088 662 2116 Κ
667 2085 737 2126 ριταί
748 2097 755 2104 ·
769 2088 815 2114 τοῦ
829 2085 881 2125 γὰρ

106 2134 195 2171 Ἰησοῦ
221 2134 442 2172 τελευτήσαντος,
457 2135 493 2167 εἷς
516 2133 737 2173 ἀριστοκρατειαν
753 2131 882 2171 μετέπεσε

107 2182 142 2210 τὰ
155 2181 301 2221 πράγματα
314 2184 368 2211 τῶν
390 2180 524 2210 Ἰουδαίων
533 2201 541 2215 ,
554 2179 600 2209 καὶ
614 2180 641 2208 αἱ
653 2178 732 2219 φυλαὶ
746 2178 880 2218 ἐκράτουν.

929 1217 1106 1256 perscribere.
1118 1216 1222 1252 Etenim
1238 1226 1319 1255 quam
1329 1216 1387 1245 vim
1401 1214 1482 1243 hahet
1496 1212 1675 1250 lex‚eamdem

929 1262 1031 1292 obtinet
1043 1269 1194 1292 sanctorum
1208 1265 1270 1292 vitae
1284 1261 1412 1290 narratIO.
1423 1261 1473 1290 Est
1484 1260 1573 1298 itaque
1586 1259 1614 1288 in
1628 1270 1674 1290 ve·
1738 1267 1825 1294 Schol,

927 1308 979 1337 teri
988 1308 1046 1347 lege
1062 1308 1137 1337 aliud
1151 1307 1358 1344 historicum,ut
1372 1305 1554 1337 Octateuchus
1562 1317 1571 1343 ;
1580 1315 1675 1346 nempe
1685 1302 1788 1345 S‘J‘FW’·

927 1353 1056 1389 Genesis,
1073 1365 1132 1393 quae
1147 1353 1307 1383 creationem
1328 1359 1433 1382 enarrat
1443 1375 1451 1389 ‚
1467 1362 1570 1381 necnon
1590 1351 1672 1381 vitam
1683 1345 1748 1393 ἷξῗᾶ,
1778 1342 1827 1393 Πῇῖ

926 1410 1019 1428 corum
1043 1399 1091 1439 qui
1106 1401 1162 1429 Deo
1175 1399 1277 1439 accepti
1295 1399 1387 1433 suere;
1402 1397 1528 1435 Exodus,
1543 1408 1603 1436 quae
1620 1398 1673 1428 Ju—
1701 1385 1826 1435 ἱστῖρικὸνί

926 1445 997 1475 daeos
1009 1445 1119 1475 exhibet
1129 1457 1163 1475 ex
1173 1446 1291 1485 AEgypto
1304 1444 1465 1474 mirabiliter
1477 1443 1587 1473 eductos
1603 1450 1628 1473 et
1639 1443 1673 1472 li·
1683 1436 1827 1477 Wff6⁰³²⁵⁰ss

926 1492 1043 1530 bet-atos,
1058 1499 1138 1531 atque
1151 1492 1179 1521 in
1193 1492 1297 1521 deserto
1309 1490 1359 1520 diu
1372 1497 1521 1527 morantes,
1535 1490 1674 1530 legemque
1683 1478 1760 1534 nugo
1777 1478 1827 1528 ηξῗὲ

927 1539 1007 1568 latam
1019 1551 1028 1578 5
1041 1539 1191 1574 Leviticus⁷
1209 1539 1236 1568 in
1248 1550 1302 1578 quo
1313 1538 1347 1567 de
1361 1537 1500 1568 sacrificiis
1512 1544 1537 1566 et
1548 1536 1673 1566 sacerdo-
1683 1537 1729 1571 κᾷν,
1782 1533 1826 1556 ‘'⁹¹'‘

926 1585 965 1614 tio
982 1598 988 1614 :
1002 1595 1064 1614 nam
1077 1584 1165 1614 tribus
1185 1584 1252 1614 Levi
1276 1584 1455 1614 sacerdotium
1469 1583 1562 1613 sortita
1576 1590 1615 1612 est
1629 1594 1636 1612 ε
1648 1590 1674 1612 et
1682 1574 1720 1621 ἶζξ
1735 1565 1825 1622 Ίξζζξῖ

927 1641 960 1659 ex
979 1631 1068 1660 tribus
1089 1630 1198 1659 nomine
1217 1637 1388 1670 nuncupatus
1413 1630 1482 1659 liber
1505 1636 1554 1658 est.
1571 1629 1675 1658 Deinde
1683 1632 1762 1668 menti
1799 1632 1826 1655 in

929 1677 1040 1705 Numeri
1053 1688 1060 1710 ;
1075 1683 1136 1716 post
1158 1687 1295 1715 egressum
1316 1677 1389 1705 enim
1408 1686 1442 1704 ex
1462 1675 1582 1715 AEgypto
1593 1675 1675 1714 jussit
1684 1663 1825 1720 ssfffl‘la'n’

929 1724 1003 1752 Deus
1015 1723 1149 1752 numerari
1162 1723 1294 1762 populum
1306 1722 1464 1759 Juda'icum,
1476 1728 1603 1760 erantque
1613 1732 1674 1751 sex—
1684 1735 1708 1753 ει
1717 1706 1825 1763 ρωὲἷιεῖ

930 1769 1027 1799 centies
1036 1768 1122 1806 mille,
1131 1768 1166 1798 ab
1182 1779 1236 1798 uno
1244 1768 1353 1798 homine
1363 1768 1517 1798 Abrahamo
1527 1767 1589 1797 orti.
1597 1769 1675 1797 Post·
1685 1763 1756 1788 tiam.

929 1826 960 1844 ea
981 1815 1221 1845 Deuteronomium
1234 1826 1242 1843 .-
1256 1814 1342 1854 legem
1362 1814 1433 1843 enim
1451 1814 1569 1844 secundo
1591 1815 1677 1844 inter—

931 1868 1050 1901 pretatus
1073 1867 1113 1890 est
1138 1860 1196 1890 illis
1219 1862 1338 1900 Moyses.
1364 1859 1472 1890 Deinde
1499 1861 1577 1890 Jesus
1602 1860 1678 1890 filius

932 1908 1007 1937 Nave
1018 1906 1079 1937 :hic
1092 1906 1163 1936 enim
1176 1913 1236 1946 post
1244 1907 1368 1946 Moysem
1381 1906 1493 1935 illorum
1505 1905 1563 1936 dux
1577 1908 1678 1936 consti-

930 1960 1020 1990 tutus,
1034 1953 1063 1982 in
1085 1960 1187 1983 terram
1213 1952 1398 1993 promissionis
1423 1951 1575 1982 introduxit
1601 1953 1676 1990 illos,

931 2006 1082 2038 terramque
1103 2010 1152 2039 per
1174 2005 1256 2028 sortes
1270 1997 1414 2028 duodecim
1429 1998 1555 2027 tribubus
1569 1998 1675 2028 divisit.

931 2048 994 2076 Post
1006 2046 1079 2076 hunc
1093 2046 1110 2076 J
1113 2044 1203 2075 udices
1218 2057 1225 2074 z
1240 2055 1303 2074 nam
1315 2045 1380 2075 Jesu
1392 2051 1509 2082 mortuo,
1524 2042 1678 2085 respublica

931 2094 948 2123 J
952 2092 1090 2122 udaeorum
1112 2093 1140 2121 in
1163 2091 1356 2121 aristocratiam
1379 2102 1456 2121 versa
1479 2099 1532 2127 est,
1547 2099 1572 2121 et
1590 2092 1678 2121 tribus

932 2139 1077 2179 imperium
1091 2138 1308 2168 moderabantur.
1324 2137 1430 2167 Deinde
1441 2138 1527 2175 Ruth,
1542 2139 1611 2167 liber
1624 2139 1679 2167 exi-

933 2196 1012 2226 guus,
1025 2184 1165 2214 historiam
1179 2184 1359 2224 complectens
1372 2183 1494 2213 mulieris
1508 2184 1674 2223 alienigenae,

108 2223 176 2257 mm
189 2227 291 2264 ’Ῥοὺθν
307 2226 408 2267 β”ὅλίον
429 2225 515 2266 βραχὺ
529 2248 537 2262 ²
551 2224 670 2265 ἱστορίαν
683 2224 745 2264 ἔχον
758 2223 882 2263 γυναικὸς
897 2234 916 2257 C
932 2242 991 2271 quae
1006 2231 1102 2262 Judaeo
1115 2230 1221 2260 cuidam
1242 2230 1343 2269 nupsit.
1359 2231 1421 2258 Post
1436 2230 1507 2258 hunc
1523 2231 1676 2269 Regnorum

108 2273 272 2314 ἀλλοφύλου,
297 2272 462 2313 γαμηθείσης
484 2271 603 2311 Ἰουδαίῳ
618 2270 679 2300 τινί.
700 2271 766 2299 Μετ’
796 2271 881 2298 ἐκεῖνο

108 2322 135 2349 αἱ
156 2320 298 2349 Βασιλεῖαι
311 2320 338 2348 αἱ
352 2318 495 2358 τέσσαρες,
511 2319 538 2346 ἐν
553 2313 592 2351 αἶς
605 2317 638 2346 τὰ
652 2318 688 2349 εἰς
702 2316 746 2345 τὸν
772 2315 862 2345 Σαοὺλ
873 2335 881 2349 ,

107 2369 141 2400 τὰ
169 2371 205 2404 εἷς
229 2369 274 2399 τὸν
302 2368 404 2404 Δαυὶδ,
438 2367 472 2396 τὰ
499 2368 535 2400 εἷς
567 2367 730 2405 Σολομῶντα
766 2365 811 2394 καὶ
836 2364 904 2394 τὸν’

108 2421 202 2451 Ἠλίαν
215 2420 261 2451 καὶ
282 2421 326 2450 τὸν
338 2421 490 2449 Ἐλισσαῖον
498 2441 506 2455 ,
522 2418 567 2448 καὶ
579 2417 612 2447 τὰ
628 2417 708 2457 μέχρι
721 2420 768 2453 τῆς
781 2419 881 2458 αἰχμα-

932 2279 996 2308 libri
1021 2284 1136 2317 quatuor
1152 2290 1158 2306 ε
1176 2277 1204 2306 in
1220 2276 1321 2315 quibus
1342 2282 1414 2315 gesta
1435 2275 1533 2311 Saiilis,
1550 2276 1674 2309 Davidis‚

932 2323 1094 2360 Salomonis,
1105 2323 1184 2360 Eliae,
1200 2322 1303 2358 Elisaei,
1317 2328 1343 2351 et
1357 2321 1460 2360 reliqua
1485 2332 1570 2360 usque
1582 2321 1616 2349 ad
1629 2332 1674 2350 ca-

932 2371 1082 2412 ptivitatem
1103 2370 1304 2410 Babylonicum.
1327 2370 1390 2398 Post
1414 2369 1570 2406 Regnorum
1594 2367 1677 2396 libros

932 2417 1043 2448 Esdras.
1058 2418 1204 2456 Postquam
1214 2416 1287 2446 enim
1299 2415 1328 2444 in
1341 2414 1508 2453 Babylonem
1521 2413 1555 2441 ob
1569 2420 1676 2452 peccata

140 2525 157 2546 1»
178 2519 239 2556 in'tp
251 2525 292 2551 τὴν
308 2524 387 2555 χριὶαν
406 2519 470 2544 sorte
482 2518 519 2542 ad
534 2526 617 2549 usum3
631 2515 675 2541 aed
687 2515 774 2541 melius
788 2516 871 2550 majus
914 2516 1047 2550 plectitur,
1067 2516 1198 2546 Genesim,
1221 2513 1351 2544 Exodum,
1372 2511 1527 2540 Leviticum,
1544 2510 1677 2543 Numeros,

112 2570 138 2594 qt
147 2569 189 2585 am
203 2560 340 2584 necessitas
346 2557 505 2593 postulabat,
519 2562 576 2588 aut,
586 2556 718 2590 postulare
728 2555 868 2581 videbatur.
914 2556 1150 2587 Deuteronomium‚
1160 2554 1245 2585 Josue,
1258 2551 1367 2583 Judices,
1380 2554 1406 2574 et
1417 2548 1495 2574 Ruth.

145 2609 155 2619 =
173 2599 352 2629 Octateuchus,
365 2604 424 2624 octo
440 2597 534 2630 priores
551 2596 687 2628 Scriptum
703 2594 780 2621 libros
796 2604 868 2620 com-
