<?xml version="1.0" encoding="UTF-8"?>
<!DOCTYPE html PUBLIC "-//W3C//DTD XHTML 1.0 Transitional//EN"
    "http://www.w3.org/TR/xhtml1/DTD/xhtml1-transitional.dtd">
<html xmlns="http://www.w3.org/1999/xhtml" xml:lang="en" lang="en">
 <head>
  <title>
</title>
<meta http-equiv="Content-Type" content="text/html;charset=utf-8" />
  <meta name='ocr-system' content='tesseract 3.04.00' />
  <meta name='ocr-capabilities' content='ocr_page ocr_carea ocr_par ocr_line ocrx_word'/>
</head>
<body>
  <div class='ocr_page' id='page_1' title='image "./operaomniaquaeex06johnuoft_0152.png"; bbox 0 0 1890 2826; ppageno 0'>
   <div class='ocr_carea' id='block_1_1' title="bbox 57 837 180 860">
    <p class='ocr_par' dir='ltr' id='par_1_1' title="bbox 57 837 180 860">
     <span class='ocr_line' id='line_1_1' title="bbox 57 837 180 860; baseline 0 -2"><span class='ocrx_word' id='word_1_1' title='bbox 57 837 130 860; x_wconf 77' lang='lat' dir='ltr'>Gen.6</span> <span class='ocrx_word' id='word_1_2' title='bbox 141 853 146 858; x_wconf 89' lang='lat'><em>.</em></span> <span class='ocrx_word' id='word_1_3' title='bbox 158 843 180 858; x_wconf 86' lang='lat'>2.</span> 
     </span>
    </p>
   </div>
   <div class='ocr_carea' id='block_1_2' title="bbox 58 1255 196 1288">
    <p class='ocr_par' dir='ltr' id='par_1_2' title="bbox 58 1255 196 1288">
     <span class='ocr_line' id='line_1_2' title="bbox 58 1255 196 1288; baseline 0.007 -9"><span class='ocrx_word' id='word_1_4' title='bbox 58 1257 130 1279; x_wconf 67' lang='lat' dir='ltr'>Eucti.</span> <span class='ocrx_word' id='word_1_5' title='bbox 141 1264 163 1288; x_wconf 87' lang='lat'>9.</span> <span class='ocrx_word' id='word_1_6' title='bbox 173 1255 196 1280; x_wconf 89' lang='lat'>8.</span> 
     </span>
    </p>
   </div>
   <div class='ocr_carea' id='block_1_3' title="bbox 60 1577 182 1607">
    <p class='ocr_par' dir='ltr' id='par_1_3' title="bbox 60 1577 182 1607">
     <span class='ocr_line' id='line_1_3' title="bbox 60 1577 182 1607; baseline 0 -8"><span class='ocrx_word' id='word_1_7' title='bbox 60 1577 121 1601; x_wconf 74' lang='lat' dir='ltr'>lbid.</span> <span class='ocrx_word' id='word_1_8' title='bbox 130 1583 182 1607; x_wconf 87' lang='lat' dir='ltr'><strong>v.9.</strong></span> 
     </span>
    </p>
   </div>
   <div class='ocr_carea' id='block_1_4' title="bbox 211 162 278 198">
    <p class='ocr_par' dir='ltr' id='par_1_4' title="bbox 211 162 278 198">
     <span class='ocr_line' id='line_1_4' title="bbox 211 162 278 198; baseline -0.015 0"><span class='ocrx_word' id='word_1_9' title='bbox 211 162 278 198; x_wconf 78' lang='lat'>136</span> 
     </span>
    </p>
   </div>
   <div class='ocr_carea' id='block_1_5' title="bbox 205 229 985 595">
    <p class='ocr_par' dir='ltr' id='par_1_5' title="bbox 205 229 985 595">
     <span class='ocr_line' id='line_1_5' title="bbox 205 229 985 271; baseline -0.005 -8"><span class='ocrx_word' id='word_1_10' title='bbox 205 235 257 263; x_wconf 87' lang='lat' dir='ltr'>hoc</span> <span class='ocrx_word' id='word_1_11' title='bbox 269 233 376 271; x_wconf 77' lang='lat' dir='ltr'>accidit,</span> <span class='ocrx_word' id='word_1_12' title='bbox 386 231 496 262; x_wconf 83' lang='lat' dir='ltr'><strong>aliunde</strong></span> <span class='ocrx_word' id='word_1_13' title='bbox 506 231 651 261; x_wconf 87' lang='lat' dir='ltr'>discamus.</span> <span class='ocrx_word' id='word_1_14' title='bbox 669 231 812 270; x_wconf 83' lang='lat' dir='ltr'>Siquidem</span> <span class='ocrx_word' id='word_1_15' title='bbox 820 230 866 260; x_wconf 83' lang='lat' dir='ltr'>hie</span> <span class='ocrx_word' id='word_1_16' title='bbox 875 229 950 261; x_wconf 85' lang='lat' dir='ltr'>scri·</span> <span class='ocrx_word' id='word_1_17' title='bbox 966 231 985 256; x_wconf 82' lang='grc' dir='ltr'>Ε</span> 
     </span>
     <span class='ocr_line' id='line_1_6' title="bbox 205 277 952 320; baseline -0.004 -12"><span class='ocrx_word' id='word_1_18' title='bbox 205 287 292 320; x_wconf 82' lang='lat' dir='ltr'>pturae</span> <span class='ocrx_word' id='word_1_19' title='bbox 310 290 368 308; x_wconf 80' lang='lat' dir='ltr'>mos</span> <span class='ocrx_word' id='word_1_20' title='bbox 386 286 436 316; x_wconf 84' lang='lat' dir='ltr'>est,</span> <span class='ocrx_word' id='word_1_21' title='bbox 449 279 471 308; x_wconf 93' lang='lat' dir='ltr'>si</span> <span class='ocrx_word' id='word_1_22' title='bbox 492 277 600 317; x_wconf 83' lang='lat' dir='ltr'>quando</span> <span class='ocrx_word' id='word_1_23' title='bbox 620 284 696 317; x_wconf 79' lang='lat' dir='ltr'>parat</span> <span class='ocrx_word' id='word_1_24' title='bbox 719 287 842 307; x_wconf 83' lang='lat' dir='ltr'>accusare</span> <span class='ocrx_word' id='word_1_25' title='bbox 854 287 952 315; x_wconf 81' lang='lat' dir='ltr'>quein-</span> 
     </span>
     <span class='ocr_line' id='line_1_7' title="bbox 206 323 952 365; baseline -0.007 -10"><span class='ocrx_word' id='word_1_26' title='bbox 206 326 291 365; x_wconf 86' lang='lat' dir='ltr'>piam,</span> <span class='ocrx_word' id='word_1_27' title='bbox 304 335 357 354; x_wconf 89' lang='lat' dir='ltr'>non</span> <span class='ocrx_word' id='word_1_28' title='bbox 374 324 454 354; x_wconf 87' lang='lat' dir='ltr'>modo</span> <span class='ocrx_word' id='word_1_29' title='bbox 467 330 605 364; x_wconf 84' lang='lat' dir='ltr'>peccatum</span> <span class='ocrx_word' id='word_1_30' title='bbox 619 323 694 352; x_wconf 90' lang='lat' dir='ltr'>illius</span> <span class='ocrx_word' id='word_1_31' title='bbox 711 332 830 359; x_wconf 87' lang='lat' dir='ltr'>narrare,</span> <span class='ocrx_word' id='word_1_32' title='bbox 855 332 952 352; x_wconf 80' lang='lat' dir='ltr'>verum</span> 
     </span>
     <span class='ocr_line' id='line_1_8' title="bbox 205 367 952 410; baseline -0.005 -9"><span class='ocrx_word' id='word_1_33' title='bbox 205 372 286 401; x_wconf 81' lang='lat' dir='ltr'>etiam</span> <span class='ocrx_word' id='word_1_34' title='bbox 297 371 392 401; x_wconf 84' lang='lat' dir='ltr'>docere</span> <span class='ocrx_word' id='word_1_35' title='bbox 404 381 451 401; x_wconf 91' lang='lat' dir='ltr'>nos</span> <span class='ocrx_word' id='word_1_36' title='bbox 463 381 521 410; x_wconf 78' lang='lat' dir='ltr'>qua:</span> <span class='ocrx_word' id='word_1_37' title='bbox 533 369 614 398; x_wconf 85' lang='lat' dir='ltr'>fuerit</span> <span class='ocrx_word' id='word_1_38' title='bbox 627 368 728 409; x_wconf 81' lang='lat' dir='ltr'>peccati</span> <span class='ocrx_word' id='word_1_39' title='bbox 743 379 823 398; x_wconf 80' lang='lat' dir='ltr'>causa</span> <span class='ocrx_word' id='word_1_40' title='bbox 838 381 845 397; x_wconf 72' lang='grc' dir='ltr'>ι</span> <span class='ocrx_word' id='word_1_41' title='bbox 861 367 891 397; x_wconf 89' lang='lat' dir='ltr'>id</span> <span class='ocrx_word' id='word_1_42' title='bbox 903 378 952 397; x_wconf 86' lang='lat' dir='ltr'>au-</span> 
     </span>
     <span class='ocr_line' id='line_1_9' title="bbox 206 414 953 456; baseline -0.007 -8"><span class='ocrx_word' id='word_1_43' title='bbox 206 425 259 447; x_wconf 77' lang='lat' dir='ltr'>tem</span> <span class='ocrx_word' id='word_1_44' title='bbox 281 418 354 455; x_wconf 83' lang='lat' dir='ltr'>facit,</span> <span class='ocrx_word' id='word_1_45' title='bbox 373 425 402 447; x_wconf 93' lang='lat' dir='ltr'>ut</span> <span class='ocrx_word' id='word_1_46' title='bbox 417 428 461 446; x_wconf 83' lang='lat' dir='ltr'>eos</span> <span class='ocrx_word' id='word_1_47' title='bbox 486 417 534 456; x_wconf 89' lang='lat' dir='ltr'>qui</span> <span class='ocrx_word' id='word_1_48' title='bbox 558 416 614 445; x_wconf 83' lang='lat' dir='ltr'>sani</span> <span class='ocrx_word' id='word_1_49' title='bbox 638 422 701 445; x_wconf 91' lang='lat' dir='ltr'>sunt</span> <span class='ocrx_word' id='word_1_50' title='bbox 722 414 817 445; x_wconf 88' lang='lat' dir='ltr'>reddat</span> <span class='ocrx_word' id='word_1_51' title='bbox 839 415 953 444; x_wconf 81' lang='lat' dir='ltr'>tutiores</span> 
     </span>
     <span class='ocr_line' id='line_1_10' title="bbox 206 460 951 503; baseline -0.007 -9"><span class='ocrx_word' id='word_1_52' title='bbox 206 464 400 503; x_wconf 75' lang='lat' dir='ltr'><strong>cautioresque,</strong></span> <span class='ocrx_word' id='word_1_53' title='bbox 414 474 447 492; x_wconf 83' lang='lat' dir='ltr'>ne</span> <span class='ocrx_word' id='word_1_54' title='bbox 459 463 485 492; x_wconf 93' lang='lat' dir='ltr'>in</span> <span class='ocrx_word' id='word_1_55' title='bbox 498 462 591 491; x_wconf 79' lang='lat' dir='ltr'>cadem</span> <span class='ocrx_word' id='word_1_56' title='bbox 603 461 722 491; x_wconf 88' lang='lat' dir='ltr'>incidant</span> <span class='ocrx_word' id='word_1_57' title='bbox 732 461 813 490; x_wconf 89' lang='lat' dir='ltr'>mala.</span> <span class='ocrx_word' id='word_1_58' title='bbox 821 460 951 491; x_wconf 83' lang='lat' dir='ltr'>Similiter</span> 
     </span>
     <span class='ocr_line' id='line_1_11' title="bbox 206 507 952 549; baseline -0.007 -9"><span class='ocrx_word' id='word_1_59' title='bbox 206 517 232 540; x_wconf 84' lang='lat' dir='ltr'>et</span> <span class='ocrx_word' id='word_1_60' title='bbox 243 510 341 539; x_wconf 82' lang='lat' dir='ltr'>medici</span> <span class='ocrx_word' id='word_1_61' title='bbox 352 509 387 538; x_wconf 88' lang='lat' dir='ltr'>ad</span> <span class='ocrx_word' id='word_1_62' title='bbox 400 515 558 549; x_wconf 69' lang='lat' dir='ltr'>aegrotantes</span> <span class='ocrx_word' id='word_1_63' title='bbox 576 507 700 546; x_wconf 82' lang='lat' dir='ltr'>ingrcssi,</span> <span class='ocrx_word' id='word_1_64' title='bbox 713 507 794 542; x_wconf 83' lang='lat' dir='ltr'>etiam</span> <span class='ocrx_word' id='word_1_65' title='bbox 805 513 865 536; x_wconf 86' lang='lat' dir='ltr'>ante</span> <span class='ocrx_word' id='word_1_66' title='bbox 877 517 952 535; x_wconf 90' lang='lat' dir='ltr'>mor-</span> 
     </span>
     <span class='ocr_line' id='line_1_12' title="bbox 205 553 952 595; baseline -0.007 -10"><span class='ocrx_word' id='word_1_67' title='bbox 205 557 255 585; x_wconf 86' lang='lat' dir='ltr'>bos</span> <span class='ocrx_word' id='word_1_68' title='bbox 271 557 356 585; x_wconf 86' lang='lat' dir='ltr'>fontes</span> <span class='ocrx_word' id='word_1_69' title='bbox 377 555 529 595; x_wconf 80' lang='lat' dir='ltr'>explorant,</span> <span class='ocrx_word' id='word_1_70' title='bbox 546 560 576 583; x_wconf 92' lang='lat' dir='ltr'>ut</span> <span class='ocrx_word' id='word_1_71' title='bbox 601 553 703 593; x_wconf 84' lang='lat' dir='ltr'>praevia</span> <span class='ocrx_word' id='word_1_72' title='bbox 727 563 792 583; x_wconf 82' lang='lat' dir='ltr'>cura</span> <span class='ocrx_word' id='word_1_73' title='bbox 817 557 952 582; x_wconf 69' lang='lat' dir='ltr'>coerceant</span> 
     </span>
    </p>
   </div>
   <div class='ocr_carea' id='block_1_6' title="bbox 549 167 1420 195">
    <p class='ocr_par' dir='ltr' id='par_1_6' title="bbox 549 167 1420 195">
     <span class='ocr_line' id='line_1_13' title="bbox 549 167 1420 195; baseline -0.002 -1"><span class='ocrx_word' id='word_1_74' title='bbox 549 170 578 194; x_wconf 88' lang='lat' dir='ltr'>S.</span> <span class='ocrx_word' id='word_1_75' title='bbox 605 170 741 195; x_wconf 77' lang='lat' dir='ltr'>JOANNts</span> <span class='ocrx_word' id='word_1_76' title='bbox 765 168 946 194; x_wconf 78' lang='lat' dir='ltr'>CHRYSOST-</span> <span class='ocrx_word' id='word_1_77' title='bbox 974 167 1129 191; x_wconf 62' lang='lat' dir='ltr'>menn-21³.</span> <span class='ocrx_word' id='word_1_78' title='bbox 1157 168 1420 192; x_wconf 64' lang='lat' dir='ltr'>CONSTANTINOP-</span> 
     </span>
    </p>
   </div>
   <div class='ocr_carea' id='block_1_7' title="bbox 1004 225 1776 592">
    <p class='ocr_par' dir='ltr' id='par_1_7' title="bbox 1004 225 1776 592">
     <span class='ocr_line' id='line_1_14' title="bbox 1005 225 1774 270; baseline 0.001 -12"><span class='ocrx_word' id='word_1_79' title='bbox 1005 229 1091 259; x_wconf 86' lang='grc' dir='ltr'>αἰτίαν</span> <span class='ocrx_word' id='word_1_80' title='bbox 1105 231 1184 259; x_wconf 75' lang='grc' dir='ltr'>αὐτοῦ</span> <span class='ocrx_word' id='word_1_81' title='bbox 1199 229 1334 268; x_wconf 79' lang='grc' dir='ltr'>μάθωμεν,</span> <span class='ocrx_word' id='word_1_82' title='bbox 1349 231 1393 270; x_wconf 85' lang='grc' dir='ltr'>ἀφ’</span> <span class='ocrx_word' id='word_1_83' title='bbox 1407 225 1438 265; x_wconf 68' lang='grc' dir='ltr'>ἧς</span> <span class='ocrx_word' id='word_1_84' title='bbox 1457 229 1487 259; x_wconf 91' lang='grc' dir='ltr'>τὸ</span> <span class='ocrx_word' id='word_1_85' title='bbox 1506 229 1580 262; x_wconf 79' lang='grc' dir='ltr'>ἕλκος</span> <span class='ocrx_word' id='word_1_86' title='bbox 1595 229 1706 269; x_wconf 78' lang='grc' dir='ltr'>ἐγένετο.</span> <span class='ocrx_word' id='word_1_87' title='bbox 1720 229 1774 260; x_wconf 76' lang='grc' dir='ltr'>Καὶ</span> 
     </span>
     <span class='ocr_line' id='line_1_15' title="bbox 1004 274 1772 316; baseline 0 -12"><span class='ocrx_word' id='word_1_88' title='bbox 1004 274 1055 315; x_wconf 79' lang='grc' dir='ltr'>γὰρ</span> <span class='ocrx_word' id='word_1_89' title='bbox 1069 275 1123 309; x_wconf 86' lang='grc' dir='ltr'><strong>ἔθος</strong></span> <span class='ocrx_word' id='word_1_90' title='bbox 1137 278 1170 316; x_wconf 85' lang='grc' dir='ltr'>τῇ</span> <span class='ocrx_word' id='word_1_91' title='bbox 1183 277 1276 315; x_wconf 79' lang='grc' dir='ltr'>Γραφῇ</span> <span class='ocrx_word' id='word_1_92' title='bbox 1285 299 1293 313; x_wconf 93' lang='grc'>,</span> <span class='ocrx_word' id='word_1_93' title='bbox 1302 274 1409 306; x_wconf 77' lang='grc' dir='ltr'>ἐπειδὰν</span> <span class='ocrx_word' id='word_1_94' title='bbox 1425 275 1592 316; x_wconf 61' lang='grc' dir='ltr'>μέλλῃζτινὸς</span> <span class='ocrx_word' id='word_1_95' title='bbox 1605 280 1772 315; x_wconf 82' lang='grc' dir='ltr'>κατηγορεῖν,</span> 
     </span>
     <span class='ocr_line' id='line_1_16' title="bbox 1006 321 1773 363; baseline 0.001 -13"><span class='ocrx_word' id='word_1_96' title='bbox 1006 321 1042 360; x_wconf 88' lang='grc' dir='ltr'>μὴ</span> <span class='ocrx_word' id='word_1_97' title='bbox 1057 322 1106 358; x_wconf 83' lang='grc' dir='ltr'>τὴν</span> <span class='ocrx_word' id='word_1_98' title='bbox 1118 321 1249 362; x_wconf 83' lang='grc' dir='ltr'>ἁμαρτίαν</span> <span class='ocrx_word' id='word_1_99' title='bbox 1261 324 1340 352; x_wconf 81' lang='grc' dir='ltr'>αὐτοῦ</span> <span class='ocrx_word' id='word_1_100' title='bbox 1353 322 1438 363; x_wconf 81' lang='grc' dir='ltr'>λέγειν</span> <span class='ocrx_word' id='word_1_101' title='bbox 1447 322 1534 361; x_wconf 81' lang='grc' dir='ltr'>μόνον,</span> <span class='ocrx_word' id='word_1_102' title='bbox 1550 322 1619 356; x_wconf 76' lang='grc' dir='ltr'>ἀλλὰ</span> <span class='ocrx_word' id='word_1_103' title='bbox 1628 323 1673 352; x_wconf 81' lang='grc' dir='ltr'>καὶ</span> <span class='ocrx_word' id='word_1_104' title='bbox 1687 322 1773 352; x_wconf 80' lang='grc' dir='ltr'>αἰτίαν</span> 
     </span>
     <span class='ocr_line' id='line_1_17' title="bbox 1004 367 1774 408; baseline 0.003 -13"><span class='ocrx_word' id='word_1_105' title='bbox 1004 369 1051 403; x_wconf 75' lang='grc' dir='ltr'>τῆς</span> <span class='ocrx_word' id='word_1_106' title='bbox 1065 367 1196 407; x_wconf 83' lang='grc' dir='ltr'>ἁμαρτίας</span> <span class='ocrx_word' id='word_1_107' title='bbox 1217 368 1349 398; x_wconf 80' lang='grc' dir='ltr'>διδάσκειν</span> <span class='ocrx_word' id='word_1_108' title='bbox 1372 371 1459 408; x_wconf 79' lang='grc' dir='ltr'>ἡμᾶς·</span> <span class='ocrx_word' id='word_1_109' title='bbox 1475 372 1545 398; x_wconf 82' lang='grc' dir='ltr'>ποιεῖ</span> <span class='ocrx_word' id='word_1_110' title='bbox 1566 368 1594 398; x_wconf 85' lang='grc' dir='ltr'>δὲ</span> <span class='ocrx_word' id='word_1_111' title='bbox 1607 372 1699 405; x_wconf 82' lang='grc' dir='ltr'>τοῦτο,</span> <span class='ocrx_word' id='word_1_112' title='bbox 1713 369 1774 402; x_wconf 84' lang='grc' dir='ltr'>τοὺς</span> 
     </span>
     <span class='ocr_line' id='line_1_18' title="bbox 1005 412 1775 455; baseline 0.003 -14"><span class='ocrx_word' id='word_1_113' title='bbox 1005 412 1167 452; x_wconf 80' lang='grc' dir='ltr'>ὑγιαίνοντας</span> <span class='ocrx_word' id='word_1_114' title='bbox 1177 414 1399 455; x_wconf 63' lang='grc' dir='ltr'>ἀσφαλεστέρουςξ</span> <span class='ocrx_word' id='word_1_115' title='bbox 1404 414 1637 449; x_wconf 81' lang='grc' dir='ltr'>κατασκευάζουσα</span> <span class='ocrx_word' id='word_1_116' title='bbox 1653 414 1725 453; x_wconf 63' lang='grc' dir='ltr'>ζπρὸς</span> <span class='ocrx_word' id='word_1_117' title='bbox 1744 413 1775 443; x_wconf 82' lang='grc' dir='ltr'>τὸ</span> 
     </span>
     <span class='ocr_line' id='line_1_19' title="bbox 1005 459 1776 500; baseline 0.001 -12"><span class='ocrx_word' id='word_1_118' title='bbox 1005 459 1042 498; x_wconf 85' lang='grc' dir='ltr'>μὴ</span> <span class='ocrx_word' id='word_1_119' title='bbox 1062 464 1116 493; x_wconf 85' lang='grc' dir='ltr'>τοῖς</span> <span class='ocrx_word' id='word_1_120' title='bbox 1135 461 1223 494; x_wconf 80' lang='grc' dir='ltr'>αὐτοῖς</span> <span class='ocrx_word' id='word_1_121' title='bbox 1242 466 1405 500; x_wconf 84' lang='grc' dir='ltr'>περιπεσεῖν.</span> <span class='ocrx_word' id='word_1_122' title='bbox 1428 461 1508 491; x_wconf 77' lang='grc' dir='ltr'>Οὕτω</span> <span class='ocrx_word' id='word_1_123' title='bbox 1531 460 1576 491; x_wconf 76' lang='grc' dir='ltr'>καὶ</span> <span class='ocrx_word' id='word_1_124' title='bbox 1604 460 1688 499; x_wconf 77' lang='grc' dir='ltr'>ἰατροὶ</span> <span class='ocrx_word' id='word_1_125' title='bbox 1710 460 1776 500; x_wconf 85' lang='grc' dir='ltr'>πρὸς</span> 
     </span>
     <span class='ocr_line' id='line_1_20' title="bbox 1004 505 1775 549; baseline 0.003 -16"><span class='ocrx_word' id='word_1_126' title='bbox 1004 505 1064 539; x_wconf 71' lang='grc' dir='ltr'>τοὺς</span> <span class='ocrx_word' id='word_1_127' title='bbox 1077 506 1224 545; x_wconf 88' lang='grc' dir='ltr'>κάμνοντας</span> <span class='ocrx_word' id='word_1_128' title='bbox 1243 507 1380 544; x_wconf 86' lang='grc' dir='ltr'>εἰσιόντες,</span> <span class='ocrx_word' id='word_1_129' title='bbox 1392 507 1457 537; x_wconf 60' lang='grc' dir='ltr'>ἰκαὶ</span> <span class='ocrx_word' id='word_1_130' title='bbox 1474 507 1526 549; x_wconf 88' lang='grc' dir='ltr'>πρὸ</span> <span class='ocrx_word' id='word_1_131' title='bbox 1545 509 1597 536; x_wconf 83' lang='grc' dir='ltr'>τῶν</span> <span class='ocrx_word' id='word_1_132' title='bbox 1618 506 1775 545; x_wconf 80' lang='grc' dir='ltr'>νοσημάτων</span> 
     </span>
     <span class='ocr_line' id='line_1_21' title="bbox 1005 551 1776 592; baseline 0.003 -13"><span class='ocrx_word' id='word_1_133' title='bbox 1005 551 1172 591; x_wconf 84' lang='grc' dir='ltr'>ἄνιχνεύουσι</span> <span class='ocrx_word' id='word_1_134' title='bbox 1185 552 1232 586; x_wconf 81' lang='grc' dir='ltr'>τὰς</span> <span class='ocrx_word' id='word_1_135' title='bbox 1250 553 1353 592; x_wconf 82' lang='grc' dir='ltr'>πηγὰς,</span> <span class='ocrx_word' id='word_1_136' title='bbox 1367 553 1436 583; x_wconf 83' lang='grc' dir='ltr'>ὥστε</span> <span class='ocrx_word' id='word_1_137' title='bbox 1459 553 1556 583; x_wconf 84' lang='grc' dir='ltr'>ἄνωθεν</span> <span class='ocrx_word' id='word_1_138' title='bbox 1578 554 1732 583; x_wconf 83' lang='grc' dir='ltr'>ἀναστεῖλαι</span> <span class='ocrx_word' id='word_1_139' title='bbox 1745 552 1776 582; x_wconf 86' lang='grc' dir='ltr'>τὸ</span> 
     </span>
    </p>
   </div>
   <div class='ocr_carea' id='block_1_8' title="bbox 206 597 1775 639">
    <p class='ocr_par' dir='ltr' id='par_1_8' title="bbox 206 597 1775 639">
     <span class='ocr_line' id='line_1_22' title="bbox 206 597 1775 639; baseline -0.001 -9"><span class='ocrx_word' id='word_1_140' title='bbox 206 601 310 630; x_wconf 87' lang='lat' dir='ltr'>malum</span> <span class='ocrx_word' id='word_1_141' title='bbox 322 613 328 630; x_wconf 90' lang='lat'>:</span> <span class='ocrx_word' id='word_1_142' title='bbox 343 600 441 630; x_wconf 86' lang='lat' dir='ltr'><strong>etenim</strong></span> <span class='ocrx_word' id='word_1_143' title='bbox 454 600 513 639; x_wconf 91' lang='lat' dir='ltr'>qui,</span> <span class='ocrx_word' id='word_1_144' title='bbox 528 605 650 629; x_wconf 88' lang='lat' dir='ltr'>manente</span> <span class='ocrx_word' id='word_1_145' title='bbox 671 598 770 636; x_wconf 80' lang='lat' dir='ltr'>radice,</span> <span class='ocrx_word' id='word_1_146' title='bbox 783 608 871 628; x_wconf 82' lang='lat' dir='ltr'>ramos</span> <span class='ocrx_word' id='word_1_147' title='bbox 889 604 995 633; x_wconf 73' lang='lat' dir='ltr'>tan-115</span> <span class='ocrx_word' id='word_1_148' title='bbox 1005 597 1086 627; x_wconf 83' lang='grc' dir='ltr'>κακόν</span> <span class='ocrx_word' id='word_1_149' title='bbox 1097 610 1103 616; x_wconf 92' lang='grc'>·</span> <span class='ocrx_word' id='word_1_150' title='bbox 1117 600 1131 627; x_wconf 85' lang='grc' dir='ltr'><strong>ὃ</strong></span> <span class='ocrx_word' id='word_1_151' title='bbox 1144 598 1205 638; x_wconf 83' lang='grc' dir='ltr'>γὰρ,</span> <span class='ocrx_word' id='word_1_152' title='bbox 1226 600 1274 634; x_wconf 79' lang='grc' dir='ltr'>τῆς</span> <span class='ocrx_word' id='word_1_153' title='bbox 1288 599 1360 638; x_wconf 82' lang='grc' dir='ltr'>ῥίζης</span> <span class='ocrx_word' id='word_1_154' title='bbox 1383 598 1511 638; x_wconf 81' lang='grc' dir='ltr'>μενούσης</span> <span class='ocrx_word' id='word_1_155' title='bbox 1521 621 1529 636; x_wconf 92' lang='grc'>,</span> <span class='ocrx_word' id='word_1_156' title='bbox 1543 599 1577 628; x_wconf 78' lang='grc' dir='ltr'>τὰ</span> <span class='ocrx_word' id='word_1_157' title='bbox 1597 597 1775 639; x_wconf 79' lang='grc' dir='ltr'>βλαστήματα</span> 
     </span>
    </p>
   </div>
   <div class='ocr_carea' id='block_1_9' title="bbox 205 642 992 2302">
    <p class='ocr_par' dir='ltr' id='par_1_9' title="bbox 205 642 992 2302">
     <span class='ocr_line' id='line_1_23' title="bbox 206 642 987 684; baseline -0.005 -8"><span class='ocrx_word' id='word_1_158' title='bbox 206 653 266 676; x_wconf 86' lang='lat' dir='ltr'>tum</span> <span class='ocrx_word' id='word_1_159' title='bbox 279 653 394 684; x_wconf 83' lang='lat' dir='ltr'><strong>exsecat,</strong></span> <span class='ocrx_word' id='word_1_160' title='bbox 410 645 479 674; x_wconf 86' lang='lat' dir='ltr'>nihil</span> <span class='ocrx_word' id='word_1_161' title='bbox 493 644 570 674; x_wconf 87' lang='lat' dir='ltr'>aliud</span> <span class='ocrx_word' id='word_1_162' title='bbox 582 655 662 683; x_wconf 84' lang='lat' dir='ltr'>quam</span> <span class='ocrx_word' id='word_1_163' title='bbox 676 644 782 674; x_wconf 83' lang='lat' dir='ltr'>inanem</span> <span class='ocrx_word' id='word_1_164' title='bbox 792 643 874 675; x_wconf 86' lang='lat' dir='ltr'>sumit</span> <span class='ocrx_word' id='word_1_165' title='bbox 884 653 951 683; x_wconf 87' lang='lat' dir='ltr'>ope-</span> <span class='ocrx_word' id='word_1_166' title='bbox 966 642 987 665; x_wconf 72' lang='grc' dir='ltr'><strong>Α</strong></span> 
     </span>
     <span class='ocr_line' id='line_1_24' title="bbox 206 689 954 733; baseline -0.005 -10"><span class='ocrx_word' id='word_1_167' title='bbox 206 705 276 723; x_wconf 85' lang='lat' dir='ltr'>ram.</span> <span class='ocrx_word' id='word_1_168' title='bbox 291 693 347 723; x_wconf 85' lang='lat' dir='ltr'>Ubi</span> <span class='ocrx_word' id='word_1_169' title='bbox 362 693 445 733; x_wconf 86' lang='lat' dir='ltr'>igitur</span> <span class='ocrx_word' id='word_1_170' title='bbox 466 692 606 731; x_wconf 77' lang='lat' dir='ltr'>Scriptura</span> <span class='ocrx_word' id='word_1_171' title='bbox 619 698 645 720; x_wconf 86' lang='lat' dir='ltr'>et</span> <span class='ocrx_word' id='word_1_172' title='bbox 658 697 797 731; x_wconf 82' lang='lat' dir='ltr'>peecatum</span> <span class='ocrx_word' id='word_1_173' title='bbox 813 697 839 720; x_wconf 87' lang='lat' dir='ltr'>et</span> <span class='ocrx_word' id='word_1_174' title='bbox 852 689 954 730; x_wconf 85' lang='lat' dir='ltr'>peccati</span> 
     </span>
     <span class='ocr_line' id='line_1_25' title="bbox 207 736 954 777; baseline -0.005 -8"><span class='ocrx_word' id='word_1_175' title='bbox 207 750 314 769; x_wconf 86' lang='lat' dir='ltr'>causam</span> <span class='ocrx_word' id='word_1_176' title='bbox 326 738 482 777; x_wconf 81' lang='lat' dir='ltr'>eloquitur?</span> <span class='ocrx_word' id='word_1_177' title='bbox 497 736 679 777; x_wconf 84' lang='lat' dir='ltr'>Reprehendit</span> <span class='ocrx_word' id='word_1_178' title='bbox 696 747 740 766; x_wconf 86' lang='lat' dir='ltr'>eos</span> <span class='ocrx_word' id='word_1_179' title='bbox 754 736 801 776; x_wconf 88' lang='lat' dir='ltr'>qui</span> <span class='ocrx_word' id='word_1_180' title='bbox 814 746 954 776; x_wconf 74' lang='lat' dir='ltr'>praecesse-</span> 
     </span>
     <span class='ocr_line' id='line_1_26' title="bbox 207 783 954 822; baseline -0.007 -7"><span class='ocrx_word' id='word_1_181' title='bbox 207 793 270 815; x_wconf 85' lang='lat' dir='ltr'>runt</span> <span class='ocrx_word' id='word_1_182' title='bbox 293 785 444 821; x_wconf 85' lang='lat' dir='ltr'>diluvium,</span> <span class='ocrx_word' id='word_1_183' title='bbox 467 783 502 813; x_wconf 92' lang='lat' dir='ltr'>ob</span> <span class='ocrx_word' id='word_1_184' title='bbox 529 783 638 813; x_wconf 85' lang='lat' dir='ltr'>illicitos</span> <span class='ocrx_word' id='word_1_185' title='bbox 664 792 821 822; x_wconf 84' lang='lat' dir='ltr'>congressus</span> <span class='ocrx_word' id='word_1_186' title='bbox 846 794 852 810; x_wconf 89' lang='lat'>:</span> <span class='ocrx_word' id='word_1_187' title='bbox 874 788 954 820; x_wconf 88' lang='lat' dir='ltr'>atque</span> 
     </span>
     <span class='ocr_line' id='line_1_27' title="bbox 208 827 955 870; baseline -0.005 -10"><span class='ocrx_word' id='word_1_188' title='bbox 208 831 272 860; x_wconf 85' lang='lat' dir='ltr'>audi</span> <span class='ocrx_word' id='word_1_189' title='bbox 302 829 438 870; x_wconf 84' lang='lat' dir='ltr'>quomodo</span> <span class='ocrx_word' id='word_1_190' title='bbox 460 839 567 859; x_wconf 82' lang='lat' dir='ltr'>causam</span> <span class='ocrx_word' id='word_1_191' title='bbox 591 828 747 869; x_wconf 79' lang='lat' dir='ltr'>exprimat:</span> <span class='ocrx_word' id='word_1_192' title='bbox 769 829 841 858; x_wconf 86' lang='lat' dir='ltr'>Cum</span> <span class='ocrx_word' id='word_1_193' title='bbox 863 827 955 856; x_wconf 76' lang='lat' dir='ltr'>vidis-</span> 
     </span>
     <span class='ocr_line' id='line_1_28' title="bbox 207 875 953 918; baseline -0.005 -11"><span class='ocrx_word' id='word_1_194' title='bbox 207 884 271 907; x_wconf 82' lang='lat' dir='ltr'>sent</span> <span class='ocrx_word' id='word_1_195' title='bbox 283 877 348 918; x_wconf 82' lang='lat' dir='ltr'>filii</span> <span class='ocrx_word' id='word_1_196' title='bbox 363 877 420 906; x_wconf 86' lang='lat' dir='ltr'>Dei</span> <span class='ocrx_word' id='word_1_197' title='bbox 435 876 518 915; x_wconf 85' lang='lat' dir='ltr'>filias</span> <span class='ocrx_word' id='word_1_198' title='bbox 538 876 690 904; x_wconf 80' lang='lat' dir='ltr'>hominum</span> <span class='ocrx_word' id='word_1_199' title='bbox 714 884 775 905; x_wconf 82' lang='lat' dir='ltr'>esse</span> <span class='ocrx_word' id='word_1_200' title='bbox 789 875 953 915; x_wconf 79' lang='lat' dir='ltr'>formosas,</span> 
     </span>
     <span class='ocr_line' id='line_1_29' title="bbox 207 919 954 963; baseline -0.005 -10"><span class='ocrx_word' id='word_1_201' title='bbox 207 930 381 963; x_wconf 81' lang='lat' dir='ltr'>acceperunt</span> <span class='ocrx_word' id='word_1_202' title='bbox 402 923 473 952; x_wconf 83' lang='lat' dir='ltr'>illas</span> <span class='ocrx_word' id='word_1_203' title='bbox 493 923 549 951; x_wconf 78' lang='lat' dir='ltr'>sibi</span> <span class='ocrx_word' id='word_1_204' title='bbox 572 923 603 950; x_wconf 87' lang='lat' dir='ltr'>in</span> <span class='ocrx_word' id='word_1_205' title='bbox 629 931 743 950; x_wconf 80' lang='lat' dir='ltr'>uxores.</span> <span class='ocrx_word' id='word_1_206' title='bbox 759 919 835 957; x_wconf 90' lang='lat' dir='ltr'>Quid</span> <span class='ocrx_word' id='word_1_207' title='bbox 848 920 954 959; x_wconf 81' lang='lat' dir='ltr'>igitur?</span> 
     </span>
     <span class='ocr_line' id='line_1_30' title="bbox 207 966 956 1010; baseline -0.007 -11"><span class='ocrx_word' id='word_1_208' title='bbox 207 981 272 999; x_wconf 89' lang='lat' dir='ltr'>num</span> <span class='ocrx_word' id='word_1_209' title='bbox 297 968 474 1010; x_wconf 82' lang='lat' dir='ltr'>pulchritudo</span> <span class='ocrx_word' id='word_1_210' title='bbox 500 979 579 998; x_wconf 79' lang='lat' dir='ltr'>causa</span> <span class='ocrx_word' id='word_1_211' title='bbox 602 974 641 997; x_wconf 88' lang='lat' dir='ltr'>est</span> <span class='ocrx_word' id='word_1_212' title='bbox 662 966 785 1007; x_wconf 78' lang='lat' dir='ltr'>peccati?</span> <span class='ocrx_word' id='word_1_213' title='bbox 799 966 900 996; x_wconf 80' lang='lat' dir='ltr'>Absit:</span> <span class='ocrx_word' id='word_1_214' title='bbox 916 972 956 995; x_wconf 85' lang='lat' dir='ltr'>est</span> 
     </span>
     <span class='ocr_line' id='line_1_31' title="bbox 206 1012 955 1056; baseline -0.005 -11"><span class='ocrx_word' id='word_1_215' title='bbox 206 1016 279 1045; x_wconf 81' lang='lat' dir='ltr'>enim</span> <span class='ocrx_word' id='word_1_216' title='bbox 303 1016 402 1046; x_wconf 85' lang='lat' dir='ltr'>divinae</span> <span class='ocrx_word' id='word_1_217' title='bbox 425 1014 563 1056; x_wconf 75' lang='lat' dir='ltr'>sapientiae</span> <span class='ocrx_word' id='word_1_218' title='bbox 589 1025 679 1054; x_wconf 85' lang='lat' dir='ltr'>opus;</span> <span class='ocrx_word' id='word_1_219' title='bbox 694 1023 763 1053; x_wconf 90' lang='lat' dir='ltr'>opus</span> <span class='ocrx_word' id='word_1_220' title='bbox 786 1019 877 1042; x_wconf 85' lang='lat' dir='ltr'>autem</span> <span class='ocrx_word' id='word_1_221' title='bbox 903 1012 955 1042; x_wconf 87' lang='lat' dir='ltr'>Dei</span> 
     </span>
     <span class='ocr_line' id='line_1_32' title="bbox 206 1058 955 1103; baseline -0.007 -10"><span class='ocrx_word' id='word_1_222' title='bbox 206 1074 355 1102; x_wconf 78' lang='lat' dir='ltr'>numquam</span> <span class='ocrx_word' id='word_1_223' title='bbox 368 1062 452 1103; x_wconf 88' lang='lat' dir='ltr'>possit</span> <span class='ocrx_word' id='word_1_224' title='bbox 463 1072 519 1091; x_wconf 86' lang='lat' dir='ltr'>esse</span> <span class='ocrx_word' id='word_1_225' title='bbox 533 1072 612 1091; x_wconf 89' lang='lat' dir='ltr'>causa</span> <span class='ocrx_word' id='word_1_226' title='bbox 626 1060 742 1101; x_wconf 84' lang='lat' dir='ltr'>peccati.</span> <span class='ocrx_word' id='word_1_227' title='bbox 757 1058 811 1090; x_wconf 88' lang='lat' dir='ltr'>Sed</span> <span class='ocrx_word' id='word_1_228' title='bbox 833 1066 955 1099; x_wconf 86' lang='lat' dir='ltr'>aspectus</span> 
     </span>
     <span class='ocr_line' id='line_1_33' title="bbox 205 1101 989 1149; baseline -0.008 -10"><span class='ocrx_word' id='word_1_229' title='bbox 205 1110 259 1139; x_wconf 83' lang='lat' dir='ltr'>fuit</span> <span class='ocrx_word' id='word_1_230' title='bbox 282 1120 362 1139; x_wconf 86' lang='lat' dir='ltr'>causa</span> <span class='ocrx_word' id='word_1_231' title='bbox 383 1108 507 1149; x_wconf 72' lang='lat' dir='ltr'>peccati?</span> <span class='ocrx_word' id='word_1_232' title='bbox 522 1108 562 1138; x_wconf 85' lang='lat' dir='ltr'>Ne</span> <span class='ocrx_word' id='word_1_233' title='bbox 583 1107 613 1136; x_wconf 87' lang='lat' dir='ltr'>id</span> <span class='ocrx_word' id='word_1_234' title='bbox 637 1106 748 1146; x_wconf 89' lang='lat' dir='ltr'>quidem</span> <span class='ocrx_word' id='word_1_235' title='bbox 762 1118 768 1134; x_wconf 92' lang='lat'>:</span> <span class='ocrx_word' id='word_1_236' title='bbox 783 1116 844 1134; x_wconf 87' lang='lat' dir='ltr'>nam</span> <span class='ocrx_word' id='word_1_237' title='bbox 865 1111 892 1134; x_wconf 82' lang='lat' dir='ltr'>et</span> <span class='ocrx_word' id='word_1_238' title='bbox 903 1105 955 1134; x_wconf 88' lang='lat' dir='ltr'>hoc</span> <span class='ocrx_word' id='word_1_239' title='bbox 970 1101 989 1125; x_wconf 79' lang='grc' dir='ltr'><em>Β</em></span> 
     </span>
     <span class='ocr_line' id='line_1_34' title="bbox 207 1151 956 1195; baseline -0.008 -9"><span class='ocrx_word' id='word_1_240' title='bbox 207 1163 309 1185; x_wconf 79' lang='lat' dir='ltr'>naturae</span> <span class='ocrx_word' id='word_1_241' title='bbox 331 1166 400 1195; x_wconf 90' lang='lat' dir='ltr'>opus</span> <span class='ocrx_word' id='word_1_242' title='bbox 418 1160 469 1183; x_wconf 85' lang='lat' dir='ltr'>ost.</span> <span class='ocrx_word' id='word_1_243' title='bbox 495 1153 549 1183; x_wconf 89' lang='lat' dir='ltr'>Sed</span> <span class='ocrx_word' id='word_1_244' title='bbox 572 1152 639 1192; x_wconf 85' lang='lat' dir='ltr'>quid</span> <span class='ocrx_word' id='word_1_245' title='bbox 667 1151 795 1182; x_wconf 75' lang='lat' dir='ltr'>tandem?</span> <span class='ocrx_word' id='word_1_246' title='bbox 819 1151 892 1181; x_wconf 86' lang='lat' dir='ltr'>Male</span> <span class='ocrx_word' id='word_1_247' title='bbox 917 1151 956 1182; x_wconf 86' lang='lat' dir='ltr'>vi-</span> 
     </span>
     <span class='ocr_line' id='line_1_35' title="bbox 208 1197 956 1239; baseline -0.008 -7"><span class='ocrx_word' id='word_1_248' title='bbox 208 1201 272 1232; x_wconf 79' lang='lat' dir='ltr'>dere</span> <span class='ocrx_word' id='word_1_249' title='bbox 288 1216 294 1231; x_wconf 90' lang='lat'>:</span> <span class='ocrx_word' id='word_1_250' title='bbox 314 1212 376 1231; x_wconf 86' lang='lat' dir='ltr'>nam</span> <span class='ocrx_word' id='word_1_251' title='bbox 401 1201 453 1230; x_wconf 81' lang='lat' dir='ltr'>hoc</span> <span class='ocrx_word' id='word_1_252' title='bbox 477 1207 517 1229; x_wconf 88' lang='lat' dir='ltr'>est</span> <span class='ocrx_word' id='word_1_253' title='bbox 542 1198 693 1239; x_wconf 79' lang='lat' dir='ltr'>depravatae</span> <span class='ocrx_word' id='word_1_254' title='bbox 718 1198 876 1228; x_wconf 81' lang='lat' dir='ltr'>voluntatis.</span> <span class='ocrx_word' id='word_1_255' title='bbox 891 1197 956 1227; x_wconf 87' lang='lat' dir='ltr'>ldeo</span> 
     </span>
     <span class='ocr_line' id='line_1_36' title="bbox 207 1244 954 1288; baseline -0.007 -11"><span class='ocrx_word' id='word_1_256' title='bbox 207 1249 312 1288; x_wconf 88' lang='lat' dir='ltr'>sapiens</span> <span class='ocrx_word' id='word_1_257' title='bbox 338 1246 449 1286; x_wconf 84' lang='lat' dir='ltr'>quidam</span> <span class='ocrx_word' id='word_1_258' title='bbox 475 1245 614 1281; x_wconf 83' lang='lat' dir='ltr'>admonet,</span> <span class='ocrx_word' id='word_1_259' title='bbox 627 1244 734 1280; x_wconf 85' lang='lat' dir='ltr'>dicens,</span> <span class='ocrx_word' id='word_1_260' title='bbox 751 1245 797 1273; x_wconf 86' lang='lat' dir='ltr'>Ne</span> <span class='ocrx_word' id='word_1_261' title='bbox 817 1244 954 1273; x_wconf 79' lang='lat' dir='ltr'>conside-</span> 
     </span>
     <span class='ocr_line' id='line_1_37' title="bbox 207 1289 955 1333; baseline -0.007 -10"><span class='ocrx_word' id='word_1_262' title='bbox 207 1303 253 1323; x_wconf 84' lang='lat' dir='ltr'>res</span> <span class='ocrx_word' id='word_1_263' title='bbox 264 1292 513 1333; x_wconf 80' lang='lat' dir='ltr'>pulchritudinem</span> <span class='ocrx_word' id='word_1_264' title='bbox 529 1291 669 1320; x_wconf 73' lang='lat' dir='ltr'>alienam.</span> <span class='ocrx_word' id='word_1_265' title='bbox 685 1291 746 1319; x_wconf 90' lang='lat' dir='ltr'>Non</span> <span class='ocrx_word' id='word_1_266' title='bbox 760 1289 842 1326; x_wconf 79' lang='lat' dir='ltr'>dixit,</span> <span class='ocrx_word' id='word_1_267' title='bbox 857 1290 898 1319; x_wconf 90' lang='lat' dir='ltr'>Ne</span> <span class='ocrx_word' id='word_1_268' title='bbox 913 1289 955 1319; x_wconf 88' lang='lat' dir='ltr'>vi-</span> 
     </span>
     <span class='ocr_line' id='line_1_38' title="bbox 207 1334 955 1374; baseline -0.007 -5"><span class='ocrx_word' id='word_1_269' title='bbox 207 1339 270 1368; x_wconf 81' lang='lat' dir='ltr'>deas</span> <span class='ocrx_word' id='word_1_270' title='bbox 286 1352 294 1368; x_wconf 89' lang='lat'><strong>:</strong></span> <span class='ocrx_word' id='word_1_271' title='bbox 310 1338 339 1368; x_wconf 86' lang='lat' dir='ltr'>id</span> <span class='ocrx_word' id='word_1_272' title='bbox 358 1338 430 1368; x_wconf 89' lang='lat' dir='ltr'>enim</span> <span class='ocrx_word' id='word_1_273' title='bbox 455 1347 657 1374; x_wconf 85' lang='lat' dir='ltr'>nonnumquam</span> <span class='ocrx_word' id='word_1_274' title='bbox 675 1346 738 1365; x_wconf 87' lang='lat' dir='ltr'>casu</span> <span class='ocrx_word' id='word_1_275' title='bbox 761 1335 809 1374; x_wconf 85' lang='lat' dir='ltr'>fit,</span> <span class='ocrx_word' id='word_1_276' title='bbox 824 1334 888 1372; x_wconf 85' lang='lat' dir='ltr'>sed,</span> <span class='ocrx_word' id='word_1_277' title='bbox 908 1336 955 1365; x_wconf 84' lang='lat' dir='ltr'>Ne</span> 
     </span>
     <span class='ocr_line' id='line_1_39' title="bbox 208 1381 956 1423; baseline -0.007 -8"><span class='ocrx_word' id='word_1_278' title='bbox 208 1386 389 1420; x_wconf 80' lang='lat' dir='ltr'>consideres,</span> <span class='ocrx_word' id='word_1_279' title='bbox 405 1383 507 1423; x_wconf 88' lang='lat' dir='ltr'>inquit,</span> <span class='ocrx_word' id='word_1_280' title='bbox 523 1382 595 1411; x_wconf 89' lang='lat' dir='ltr'>illud</span> <span class='ocrx_word' id='word_1_281' title='bbox 616 1382 713 1411; x_wconf 89' lang='lat' dir='ltr'>tollens</span> <span class='ocrx_word' id='word_1_282' title='bbox 735 1392 769 1411; x_wconf 89' lang='lat' dir='ltr'>ne</span> <span class='ocrx_word' id='word_1_283' title='bbox 790 1381 880 1411; x_wconf 90' lang='lat' dir='ltr'>studio</span> <span class='ocrx_word' id='word_1_284' title='bbox 899 1382 956 1411; x_wconf 87' lang='lat' dir='ltr'>ani-</span> 
     </span>
     <span class='ocr_line' id='line_1_40' title="bbox 208 1427 955 1466; baseline -0.005 -6"><span class='ocrx_word' id='word_1_285' title='bbox 208 1431 423 1466; x_wconf 82' lang='lat' dir='ltr'>madvertamus,</span> <span class='ocrx_word' id='word_1_286' title='bbox 438 1439 471 1458; x_wconf 89' lang='lat' dir='ltr'>ne</span> <span class='ocrx_word' id='word_1_287' title='bbox 490 1428 595 1457; x_wconf 76' lang='lat' dir='ltr'>curiose</span> <span class='ocrx_word' id='word_1_288' title='bbox 619 1427 781 1464; x_wconf 87' lang='lat' dir='ltr'>intueamur,</span> <span class='ocrx_word' id='word_1_289' title='bbox 796 1437 830 1456; x_wconf 86' lang='lat' dir='ltr'>ne</span> <span class='ocrx_word' id='word_1_290' title='bbox 852 1427 955 1457; x_wconf 85' lang='lat' dir='ltr'>vitiosae</span> 
     </span>
     <span class='ocr_line' id='line_1_41' title="bbox 208 1474 956 1517; baseline -0.005 -9"><span class='ocrx_word' id='word_1_291' title='bbox 208 1476 425 1517; x_wconf 79' lang='lat' dir='ltr'>contemplationi</span> <span class='ocrx_word' id='word_1_292' title='bbox 449 1475 641 1510; x_wconf 82' lang='lat' dir='ltr'>immoremur,</span> <span class='ocrx_word' id='word_1_293' title='bbox 656 1484 716 1513; x_wconf 86' lang='lat' dir='ltr'>quae</span> <span class='ocrx_word' id='word_1_294' title='bbox 737 1474 771 1502; x_wconf 86' lang='lat' dir='ltr'>ab</span> <span class='ocrx_word' id='word_1_295' title='bbox 794 1474 883 1503; x_wconf 87' lang='lat' dir='ltr'>animo</span> <span class='ocrx_word' id='word_1_296' title='bbox 897 1484 956 1504; x_wconf 86' lang='lat' dir='ltr'>cor-</span> 
     </span>
     <span class='ocr_line' id='line_1_42' title="bbox 206 1520 957 1565; baseline -0.008 -10"><span class='ocrx_word' id='word_1_297' title='bbox 206 1532 288 1565; x_wconf 78' lang='lat' dir='ltr'>rupto</span> <span class='ocrx_word' id='word_1_298' title='bbox 302 1531 327 1553; x_wconf 81' lang='lat' dir='ltr'>ot</span> <span class='ocrx_word' id='word_1_299' title='bbox 340 1521 536 1562; x_wconf 84' lang='lat' dir='ltr'>concupiscenti</span> <span class='ocrx_word' id='word_1_300' title='bbox 550 1520 739 1562; x_wconf 84' lang='lat' dir='ltr'>proficiscitur.</span> <span class='ocrx_word' id='word_1_301' title='bbox 755 1520 809 1550; x_wconf 85' lang='lat' dir='ltr'>Sed</span> <span class='ocrx_word' id='word_1_302' title='bbox 822 1520 903 1560; x_wconf 85' lang='lat' dir='ltr'>quid,</span> <span class='ocrx_word' id='word_1_303' title='bbox 916 1521 957 1550; x_wconf 93' lang='lat' dir='ltr'>in-</span> 
     </span>
     <span class='ocr_line' id='line_1_43' title="bbox 207 1566 955 1611; baseline -0.005 -11"><span class='ocrx_word' id='word_1_304' title='bbox 207 1572 284 1611; x_wconf 84' lang='lat' dir='ltr'>quiet</span> <span class='ocrx_word' id='word_1_305' title='bbox 296 1569 410 1609; x_wconf 87' lang='lat' dir='ltr'>aliquis,</span> <span class='ocrx_word' id='word_1_306' title='bbox 424 1569 488 1597; x_wconf 90' lang='lat' dir='ltr'>hinc</span> <span class='ocrx_word' id='word_1_307' title='bbox 514 1567 605 1596; x_wconf 90' lang='lat' dir='ltr'>damni</span> <span class='ocrx_word' id='word_1_308' title='bbox 629 1567 713 1607; x_wconf 86' lang='lat' dir='ltr'>possit</span> <span class='ocrx_word' id='word_1_309' title='bbox 726 1566 812 1596; x_wconf 81' lang='lat' dir='ltr'>oriri?</span> <span class='ocrx_word' id='word_1_310' title='bbox 826 1568 875 1596; x_wconf 75' lang='lat' dir='ltr'>Ex</span> <span class='ocrx_word' id='word_1_311' title='bbox 889 1568 955 1604; x_wconf 81' lang='lat' dir='ltr'>hoc,</span> 
     </span>
     <span class='ocr_line' id='line_1_44' title="bbox 209 1614 990 1656; baseline -0.006 -9"><span class='ocrx_word' id='word_1_312' title='bbox 209 1617 315 1656; x_wconf 88' lang='lat' dir='ltr'>inquit,</span> <span class='ocrx_word' id='word_1_313' title='bbox 330 1625 414 1645; x_wconf 85' lang='lat' dir='ltr'>amor·</span> <span class='ocrx_word' id='word_1_314' title='bbox 437 1614 522 1643; x_wconf 79' lang='lat' dir='ltr'>velut</span> <span class='ocrx_word' id='word_1_315' title='bbox 545 1615 622 1653; x_wconf 82' lang='lat' dir='ltr'>ignis</span> <span class='ocrx_word' id='word_1_316' title='bbox 646 1614 801 1642; x_wconf 78' lang='lat' dir='ltr'>excitatur.</span> <span class='ocrx_word' id='word_1_317' title='bbox 820 1614 859 1643; x_wconf 90' lang='lat' dir='ltr'>Ut</span> <span class='ocrx_word' id='word_1_318' title='bbox 884 1614 956 1643; x_wconf 87' lang='lat' dir='ltr'>enim</span> <span class='ocrx_word' id='word_1_319' title='bbox 971 1626 990 1649; x_wconf 69' lang='grc' dir='ltr'>ρ</span> 
     </span>
     <span class='ocr_line' id='line_1_45' title="bbox 209 1658 956 1703; baseline -0.005 -10"><span class='ocrx_word' id='word_1_320' title='bbox 209 1663 291 1703; x_wconf 83' lang='lat' dir='ltr'>ignis,</span> <span class='ocrx_word' id='word_1_321' title='bbox 301 1662 348 1692; x_wconf 82' lang='lat' dir='ltr'>ubi</span> <span class='ocrx_word' id='word_1_322' title='bbox 357 1662 458 1691; x_wconf 85' lang='lat' dir='ltr'>soenum</span> <span class='ocrx_word' id='word_1_323' title='bbox 467 1667 512 1690; x_wconf 83' lang='lat' dir='ltr'>aut</span> <span class='ocrx_word' id='word_1_324' title='bbox 522 1659 651 1700; x_wconf 82' lang='lat' dir='ltr'>stipulam</span> <span class='ocrx_word' id='word_1_325' title='bbox 660 1658 815 1699; x_wconf 73' lang='lat' dir='ltr'>arripuerit,</span> <span class='ocrx_word' id='word_1_326' title='bbox 822 1659 892 1688; x_wconf 85' lang='lat' dir='ltr'>nihil</span> <span class='ocrx_word' id='word_1_327' title='bbox 902 1670 956 1689; x_wconf 91' lang='lat' dir='ltr'>mo-</span> 
     </span>
     <span class='ocr_line' id='line_1_46' title="bbox 210 1705 955 1747; baseline -0.004 -8"><span class='ocrx_word' id='word_1_328' title='bbox 210 1717 299 1747; x_wconf 80' lang='lat' dir='ltr'>ratur,</span> <span class='ocrx_word' id='word_1_329' title='bbox 313 1707 360 1738; x_wconf 86' lang='lat' dir='ltr'>sed</span> <span class='ocrx_word' id='word_1_330' title='bbox 374 1706 458 1738; x_wconf 85' lang='lat' dir='ltr'>simul</span> <span class='ocrx_word' id='word_1_331' title='bbox 469 1713 498 1736; x_wconf 90' lang='lat' dir='ltr'>ut</span> <span class='ocrx_word' id='word_1_332' title='bbox 510 1705 599 1746; x_wconf 84' lang='lat' dir='ltr'>attigit</span> <span class='ocrx_word' id='word_1_333' title='bbox 611 1705 761 1743; x_wconf 84' lang='lat' dir='ltr'>materiam,</span> <span class='ocrx_word' id='word_1_334' title='bbox 777 1705 896 1735; x_wconf 77' lang='lat' dir='ltr'>lucidam</span> <span class='ocrx_word' id='word_1_335' title='bbox 908 1717 955 1736; x_wconf 81' lang='lat' dir='ltr'>ac—</span> 
     </span>
     <span class='ocr_line' id='line_1_47' title="bbox 209 1753 955 1794; baseline -0.007 -6"><span class='ocrx_word' id='word_1_336' title='bbox 209 1758 300 1788; x_wconf 80' lang='lat' dir='ltr'>cendit</span> <span class='ocrx_word' id='word_1_337' title='bbox 322 1757 458 1790; x_wconf 80' lang='lat' dir='ltr'>ssammam</span> <span class='ocrx_word' id='word_1_338' title='bbox 475 1768 481 1784; x_wconf 65' lang='grc' dir='ltr'>ι</span> <span class='ocrx_word' id='word_1_339' title='bbox 498 1754 593 1784; x_wconf 91' lang='lat' dir='ltr'>itidem</span> <span class='ocrx_word' id='word_1_340' title='bbox 605 1761 631 1784; x_wconf 86' lang='lat' dir='ltr'>et</span> <span class='ocrx_word' id='word_1_341' title='bbox 645 1754 715 1794; x_wconf 79' lang='lat' dir='ltr'>ignis</span> <span class='ocrx_word' id='word_1_342' title='bbox 735 1753 955 1794; x_wconf 75' lang='lat' dir='ltr'>concupiscentia:</span> 
     </span>
     <span class='ocr_line' id='line_1_48' title="bbox 211 1800 955 1844; baseline -0.008 -9"><span class='ocrx_word' id='word_1_343' title='bbox 211 1815 270 1844; x_wconf 85' lang='lat' dir='ltr'>quae</span> <span class='ocrx_word' id='word_1_344' title='bbox 283 1811 322 1834; x_wconf 86' lang='lat' dir='ltr'>est</span> <span class='ocrx_word' id='word_1_345' title='bbox 335 1803 363 1832; x_wconf 90' lang='lat' dir='ltr'>in</span> <span class='ocrx_word' id='word_1_346' title='bbox 377 1801 465 1837; x_wconf 87' lang='lat' dir='ltr'>nobis,</span> <span class='ocrx_word' id='word_1_347' title='bbox 479 1801 561 1830; x_wconf 89' lang='lat' dir='ltr'>simul</span> <span class='ocrx_word' id='word_1_348' title='bbox 571 1807 651 1840; x_wconf 88' lang='lat' dir='ltr'>atque</span> <span class='ocrx_word' id='word_1_349' title='bbox 663 1810 712 1840; x_wconf 88' lang='lat' dir='ltr'>per</span> <span class='ocrx_word' id='word_1_350' title='bbox 721 1801 862 1829; x_wconf 90' lang='lat' dir='ltr'>oculorum</span> <span class='ocrx_word' id='word_1_351' title='bbox 873 1800 955 1830; x_wconf 83' lang='lat' dir='ltr'>intui-</span> 
     </span>
     <span class='ocr_line' id='line_1_49' title="bbox 211 1845 955 1888; baseline -0.005 -8"><span class='ocrx_word' id='word_1_352' title='bbox 211 1858 269 1880; x_wconf 90' lang='lat' dir='ltr'>tum</span> <span class='ocrx_word' id='word_1_353' title='bbox 286 1849 444 1888; x_wconf 56' lang='lat' dir='ltr'>elegantem</span> <span class='ocrx_word' id='word_1_354' title='bbox 469 1857 500 1875; x_wconf 85' lang='lat' dir='ltr'>ac</span> <span class='ocrx_word' id='word_1_355' title='bbox 524 1852 665 1876; x_wconf 84' lang='lat' dir='ltr'>venustam</span> <span class='ocrx_word' id='word_1_356' title='bbox 691 1845 806 1884; x_wconf 79' lang='lat' dir='ltr'>attigerit</span> <span class='ocrx_word' id='word_1_357' title='bbox 829 1846 955 1883; x_wconf 84' lang='lat' dir='ltr'>formam,</span> 
     </span>
     <span class='ocr_line' id='line_1_50' title="bbox 211 1890 957 1935; baseline -0.003 -11"><span class='ocrx_word' id='word_1_358' title='bbox 211 1895 334 1935; x_wconf 78' lang='lat' dir='ltr'>protinus</span> <span class='ocrx_word' id='word_1_359' title='bbox 347 1891 581 1923; x_wconf 81' lang='lat' dir='ltr'>exuritanimum.</span> <span class='ocrx_word' id='word_1_360' title='bbox 597 1890 716 1921; x_wconf 84' lang='lat' dir='ltr'>Proinde</span> <span class='ocrx_word' id='word_1_361' title='bbox 730 1901 763 1920; x_wconf 90' lang='lat' dir='ltr'>ne</span> <span class='ocrx_word' id='word_1_362' title='bbox 776 1898 877 1931; x_wconf 87' lang='lat' dir='ltr'>spectes</span> <span class='ocrx_word' id='word_1_363' title='bbox 889 1899 957 1922; x_wconf 89' lang='lat' dir='ltr'>tem-</span> 
     </span>
     <span class='ocr_line' id='line_1_51' title="bbox 209 1937 957 1982; baseline -0.004 -10"><span class='ocrx_word' id='word_1_364' title='bbox 209 1943 347 1982; x_wconf 85' lang='lat' dir='ltr'>porariam</span> <span class='ocrx_word' id='word_1_365' title='bbox 359 1940 447 1974; x_wconf 85' lang='lat' dir='ltr'>illam,</span> <span class='ocrx_word' id='word_1_366' title='bbox 461 1949 519 1977; x_wconf 78' lang='lat' dir='ltr'>quae</span> <span class='ocrx_word' id='word_1_367' title='bbox 531 1949 565 1967; x_wconf 81' lang='lat' dir='ltr'>ex</span> <span class='ocrx_word' id='word_1_368' title='bbox 577 1944 684 1977; x_wconf 85' lang='lat' dir='ltr'>aspectu</span> <span class='ocrx_word' id='word_1_369' title='bbox 699 1937 891 1977; x_wconf 78' lang='lat' dir='ltr'>proficiscitur,</span> <span class='ocrx_word' id='word_1_370' title='bbox 907 1950 957 1969; x_wconf 85' lang='lat' dir='ltr'>vo-</span> 
     </span>
     <span class='ocr_line' id='line_1_52' title="bbox 212 1983 957 2028; baseline -0.004 -10"><span class='ocrx_word' id='word_1_371' title='bbox 212 1989 342 2028; x_wconf 79' lang='lat' dir='ltr'>luptatem</span> <span class='ocrx_word' id='word_1_372' title='bbox 352 2010 364 2022; x_wconf 76' lang='lat'>,.</span> <span class='ocrx_word' id='word_1_373' title='bbox 373 1985 420 2016; x_wconf 83' lang='lat' dir='ltr'>sed</span> <span class='ocrx_word' id='word_1_374' title='bbox 434 1991 595 2025; x_wconf 81' lang='lat' dir='ltr'>perpetuum</span> <span class='ocrx_word' id='word_1_375' title='bbox 607 1983 729 2013; x_wconf 86' lang='lat' dir='ltr'>dolorem</span> <span class='ocrx_word' id='word_1_376' title='bbox 741 1984 895 2022; x_wconf 81' lang='lat' dir='ltr'>considera,</span> <span class='ocrx_word' id='word_1_377' title='bbox 909 1986 957 2025; x_wconf 88' lang='lat' dir='ltr'>qui</span> 
     </span>
     <span class='ocr_line' id='line_1_53' title="bbox 212 2029 958 2070; baseline -0.005 -7"><span class='ocrx_word' id='word_1_378' title='bbox 212 2033 331 2064; x_wconf 80' lang='lat' dir='ltr'>nascitur</span> <span class='ocrx_word' id='word_1_379' title='bbox 344 2043 379 2062; x_wconf 79' lang='lat' dir='ltr'>ex</span> <span class='ocrx_word' id='word_1_380' title='bbox 392 2030 616 2070; x_wconf 84' lang='lat' dir='ltr'>concupiscentia.</span> <span class='ocrx_word' id='word_1_381' title='bbox 635 2031 705 2059; x_wconf 87' lang='lat' dir='ltr'>Nam</span> <span class='ocrx_word' id='word_1_382' title='bbox 716 2029 767 2059; x_wconf 93' lang='lat' dir='ltr'>illo</span> <span class='ocrx_word' id='word_1_383' title='bbox 779 2029 882 2061; x_wconf 86' lang='lat' dir='ltr'>inflicto</span> <span class='ocrx_word' id='word_1_384' title='bbox 894 2032 958 2063; x_wconf 82' lang='lat' dir='ltr'>vul-</span> 
     </span>
     <span class='ocr_line' id='line_1_54' title="bbox 212 2075 956 2119; baseline -0.001 -10"><span class='ocrx_word' id='word_1_385' title='bbox 212 2090 286 2115; x_wconf 84' lang='lat' dir='ltr'>nere,</span> <span class='ocrx_word' id='word_1_386' title='bbox 297 2078 456 2119; x_wconf 86' lang='lat' dir='ltr'>plerumque</span> <span class='ocrx_word' id='word_1_387' title='bbox 478 2075 598 2105; x_wconf 86' lang='lat' dir='ltr'>celeriter</span> <span class='ocrx_word' id='word_1_388' title='bbox 616 2075 723 2113; x_wconf 81' lang='lat' dir='ltr'>avolat;</span> <span class='ocrx_word' id='word_1_389' title='bbox 737 2083 765 2105; x_wconf 85' lang='lat' dir='ltr'>at</span> <span class='ocrx_word' id='word_1_390' title='bbox 783 2077 884 2107; x_wconf 72' lang='lat' dir='ltr'>vulnus</span> <span class='ocrx_word' id='word_1_391' title='bbox 903 2088 956 2108; x_wconf 89' lang='lat' dir='ltr'>non</span> 
     </span>
     <span class='ocr_line' id='line_1_55' title="bbox 213 2121 992 2163; baseline -0.004 -8"><span class='ocrx_word' id='word_1_392' title='bbox 213 2125 313 2160; x_wconf 78' lang='lat' dir='ltr'>avolat,</span> <span class='ocrx_word' id='word_1_393' title='bbox 321 2123 368 2153; x_wconf 84' lang='lat' dir='ltr'>scd</span> <span class='ocrx_word' id='word_1_394' title='bbox 374 2123 537 2163; x_wconf 20' lang='lat' dir='ltr'>‘plerumque</span> <span class='ocrx_word' id='word_1_395' title='bbox 545 2127 634 2150; x_wconf 84' lang='lat' dir='ltr'>manet</span> <span class='ocrx_word' id='word_1_396' title='bbox 641 2128 667 2150; x_wconf 89' lang='lat' dir='ltr'>et</span> <span class='ocrx_word' id='word_1_397' title='bbox 674 2121 810 2151; x_wconf 85' lang='lat' dir='ltr'>interficit.</span> <span class='ocrx_word' id='word_1_398' title='bbox 820 2123 856 2152; x_wconf 91' lang='lat' dir='ltr'>Et</span> <span class='ocrx_word' id='word_1_399' title='bbox 865 2134 956 2162; x_wconf 88' lang='lat' dir='ltr'>quem·</span> <span class='ocrx_word' id='word_1_400' title='bbox 972 2130 992 2154; x_wconf 80' lang='lat' dir='ltr'>n</span> 
     </span>
     <span class='ocr_line' id='line_1_56' title="bbox 212 2166 957 2208; baseline -0.004 -7"><span class='ocrx_word' id='word_1_401' title='bbox 212 2170 362 2201; x_wconf 87' lang='lat' dir='ltr'>admodum</span> <span class='ocrx_word' id='word_1_402' title='bbox 374 2179 453 2198; x_wconf 79' lang='lat' dir='ltr'>cerva</span> <span class='ocrx_word' id='word_1_403' title='bbox 466 2167 571 2196; x_wconf 83' lang='lat' dir='ltr'>confixa</span> <span class='ocrx_word' id='word_1_404' title='bbox 586 2166 678 2207; x_wconf 89' lang='lat' dir='ltr'>jaculo</span> <span class='ocrx_word' id='word_1_405' title='bbox 699 2167 728 2196; x_wconf 88' lang='lat' dir='ltr'>in</span> <span class='ocrx_word' id='word_1_406' title='bbox 743 2167 816 2197; x_wconf 79' lang='lat' dir='ltr'>letali</span> <span class='ocrx_word' id='word_1_407' title='bbox 835 2170 957 2208; x_wconf 85' lang='lat' dir='ltr'>corporis</span> 
     </span>
     <span class='ocr_line' id='line_1_57' title="bbox 214 2213 957 2258; baseline -0.001 -12"><span class='ocrx_word' id='word_1_408' title='bbox 214 2224 290 2258; x_wconf 79' lang='lat' dir='ltr'>parte</span> <span class='ocrx_word' id='word_1_409' title='bbox 314 2215 418 2246; x_wconf 83' lang='lat' dir='ltr'>etiamsi</span> <span class='ocrx_word' id='word_1_410' title='bbox 443 2221 601 2245; x_wconf 76' lang='lat' dir='ltr'>venatorum</span> <span class='ocrx_word' id='word_1_411' title='bbox 625 2213 736 2253; x_wconf 83' lang='lat' dir='ltr'>effugiat</span> <span class='ocrx_word' id='word_1_412' title='bbox 760 2216 871 2252; x_wconf 81' lang='lat' dir='ltr'>manus,</span> <span class='ocrx_word' id='word_1_413' title='bbox 886 2216 957 2245; x_wconf 90' lang='lat' dir='ltr'>nihil</span> 
     </span>
     <span class='ocr_line' id='line_1_58' title="bbox 215 2260 954 2302; baseline -0.004 -7"><span class='ocrx_word' id='word_1_414' title='bbox 215 2264 278 2295; x_wconf 87' lang='lat' dir='ltr'>inde</span> <span class='ocrx_word' id='word_1_415' title='bbox 288 2264 339 2294; x_wconf 90' lang='lat' dir='ltr'>fert</span> <span class='ocrx_word' id='word_1_416' title='bbox 351 2262 422 2293; x_wconf 85' lang='lat' dir='ltr'>lucri</span> <span class='ocrx_word' id='word_1_417' title='bbox 436 2274 443 2292; x_wconf 72' lang='grc' dir='ltr'>ι</span> <span class='ocrx_word' id='word_1_418' title='bbox 456 2261 494 2291; x_wconf 84' lang='lat' dir='ltr'>sic</span> <span class='ocrx_word' id='word_1_419' title='bbox 504 2268 532 2290; x_wconf 76' lang='lat' dir='ltr'>et</span> <span class='ocrx_word' id='word_1_420' title='bbox 544 2260 633 2290; x_wconf 81' lang='lat' dir='ltr'>anima</span> <span class='ocrx_word' id='word_1_421' title='bbox 645 2267 752 2301; x_wconf 88' lang='lat' dir='ltr'>accepto</span> <span class='ocrx_word' id='word_1_422' title='bbox 765 2262 954 2302; x_wconf 89' lang='lat' dir='ltr'>concupiscen-</span> 
     </span>
    </p>
   </div>
   <div class='ocr_carea' id='block_1_10' title="bbox 217 2353 975 2587">
    <p class='ocr_par' dir='ltr' id='par_1_10' title="bbox 217 2353 975 2504">
     <span class='ocr_line' id='line_1_59' title="bbox 248 2353 975 2389; baseline -0.006 -7"><span class='ocrx_word' id='word_1_423' title='bbox 248 2357 260 2373; x_wconf 56' lang='grc' dir='ltr'>ιι</span> <span class='ocrx_word' id='word_1_424' title='bbox 277 2356 358 2382; x_wconf 79' lang='lat' dir='ltr'>Iidem</span> <span class='ocrx_word' id='word_1_425' title='bbox 370 2358 407 2382; x_wconf 78' lang='grc' dir='ltr'>καὶ</span> <span class='ocrx_word' id='word_1_426' title='bbox 418 2359 463 2389; x_wconf 76' lang='grc' dir='ltr'>πρὸ</span> <span class='ocrx_word' id='word_1_427' title='bbox 475 2359 519 2381; x_wconf 81' lang='grc' dir='ltr'>τῶν</span> <span class='ocrx_word' id='word_1_428' title='bbox 531 2358 672 2387; x_wconf 81' lang='grc' dir='ltr'>νοσημάτων.</span> <span class='ocrx_word' id='word_1_429' title='bbox 685 2353 719 2378; x_wconf 85' lang='lat' dir='ltr'>Et</span> <span class='ocrx_word' id='word_1_430' title='bbox 730 2353 784 2378; x_wconf 81' lang='lat' dir='ltr'>haec</span> <span class='ocrx_word' id='word_1_431' title='bbox 796 2359 833 2379; x_wconf 85' lang='lat' dir='ltr'>est</span> <span class='ocrx_word' id='word_1_432' title='bbox 845 2353 914 2379; x_wconf 82' lang='lat' dir='ltr'>haud</span> <span class='ocrx_word' id='word_1_433' title='bbox 927 2354 975 2379; x_wconf 88' lang='lat' dir='ltr'>du-</span> 
     </span>
     <span class='ocr_line' id='line_1_60' title="bbox 217 2391 975 2427; baseline -0.004 -6"><span class='ocrx_word' id='word_1_434' title='bbox 217 2396 256 2421; x_wconf 86' lang='lat' dir='ltr'>bie</span> <span class='ocrx_word' id='word_1_435' title='bbox 269 2404 327 2421; x_wconf 85' lang='lat' dir='ltr'>vera</span> <span class='ocrx_word' id='word_1_436' title='bbox 343 2394 418 2419; x_wconf 85' lang='lat' dir='ltr'>lectio</span> <span class='ocrx_word' id='word_1_437' title='bbox 429 2406 434 2420; x_wconf 91' lang='lat'>:</span> <span class='ocrx_word' id='word_1_438' title='bbox 446 2393 512 2418; x_wconf 80' lang='lat' dir='ltr'>hanc</span> <span class='ocrx_word' id='word_1_439' title='bbox 524 2394 590 2418; x_wconf 84' lang='lat' dir='ltr'>enim</span> <span class='ocrx_word' id='word_1_440' title='bbox 603 2391 792 2418; x_wconf 79' lang='lat' dir='ltr'>similitudinem</span> <span class='ocrx_word' id='word_1_441' title='bbox 805 2391 882 2417; x_wconf 83' lang='lat' dir='ltr'>affert</span> <span class='ocrx_word' id='word_1_442' title='bbox 892 2393 975 2427; x_wconf 87' lang='lat' dir='ltr'>Chry-</span> 
     </span>
     <span class='ocr_line' id='line_1_61' title="bbox 217 2432 975 2466; baseline -0.004 -5"><span class='ocrx_word' id='word_1_443' title='bbox 217 2443 352 2465; x_wconf 75' lang='lat' dir='ltr'>sosmmus,</span> <span class='ocrx_word' id='word_1_444' title='bbox 366 2440 394 2458; x_wconf 91' lang='lat' dir='ltr'>ut</span> <span class='ocrx_word' id='word_1_445' title='bbox 406 2432 530 2466; x_wconf 78' lang='lat' dir='ltr'>significet</span> <span class='ocrx_word' id='word_1_446' title='bbox 541 2433 620 2457; x_wconf 86' lang='lat' dir='ltr'>Deum</span> <span class='ocrx_word' id='word_1_447' title='bbox 630 2432 710 2464; x_wconf 78' lang='lat' dir='ltr'>justos</span> <span class='ocrx_word' id='word_1_448' title='bbox 721 2432 841 2465; x_wconf 81' lang='lat' dir='ltr'>exemplis</span> <span class='ocrx_word' id='word_1_449' title='bbox 851 2433 975 2458; x_wconf 85' lang='lat' dir='ltr'>cautiores</span> 
     </span>
     <span class='ocr_line' id='line_1_62' title="bbox 217 2469 744 2504; baseline -0.009 -5"><span class='ocrx_word' id='word_1_450' title='bbox 217 2473 332 2504; x_wconf 78' lang='lat' dir='ltr'>reddere,</span> <span class='ocrx_word' id='word_1_451' title='bbox 345 2482 377 2498; x_wconf 92' lang='lat' dir='ltr'>ne</span> <span class='ocrx_word' id='word_1_452' title='bbox 387 2474 412 2497; x_wconf 84' lang='lat' dir='ltr'>iu</span> <span class='ocrx_word' id='word_1_453' title='bbox 420 2472 524 2496; x_wconf 86' lang='lat' dir='ltr'>morbos</span> <span class='ocrx_word' id='word_1_454' title='bbox 535 2472 611 2496; x_wconf 83' lang='lat' dir='ltr'>animi</span> <span class='ocrx_word' id='word_1_455' title='bbox 622 2469 744 2495; x_wconf 68' lang='lat' dir='ltr'>incidant.</span> 
     </span>
    </p>

    <p class='ocr_par' dir='ltr' id='par_1_11' title="bbox 250 2509 738 2548">
     <span class='ocr_line' id='line_1_63' title="bbox 250 2509 738 2548; baseline -0.008 -10"><span class='ocrx_word' id='word_1_456' title='bbox 250 2522 260 2533; x_wconf 64' lang='grc' dir='ltr'>ἱ·</span> <span class='ocrx_word' id='word_1_457' title='bbox 276 2514 347 2538; x_wconf 84' lang='lat' dir='ltr'>Unus</span> <span class='ocrx_word' id='word_1_458' title='bbox 360 2514 526 2548; x_wconf 77' lang='grc' dir='ltr'>προμυκοὺσαις</span> <span class='ocrx_word' id='word_1_459' title='bbox 533 2514 661 2546; x_wconf 76' lang='grc' dir='ltr'>ἑπιμυρίαις</span> <span class='ocrx_word' id='word_1_460' title='bbox 672 2509 738 2545; x_wconf 61' lang='lat' dir='ltr'>{Sic}</span> 
     </span>
    </p>

    <p class='ocr_par' dir='ltr' id='par_1_12' title="bbox 249 2552 548 2587">
     <span class='ocr_line' id='line_1_64' title="bbox 249 2552 548 2587; baseline -0.01 -9"><span class='ocrx_word' id='word_1_461' title='bbox 249 2554 263 2573; x_wconf 74' lang='lat' dir='ltr'>l·</span> <span class='ocrx_word' id='word_1_462' title='bbox 280 2554 350 2578; x_wconf 83' lang='lat' dir='ltr'>Unus</span> <span class='ocrx_word' id='word_1_463' title='bbox 363 2552 548 2587; x_wconf 70' lang='grc' dir='ltr'>διεστραμμένης.</span> 
     </span>
    </p>
   </div>
   <div class='ocr_carea' id='block_1_11' title="bbox 1005 640 1780 2306">
    <p class='ocr_par' dir='ltr' id='par_1_13' title="bbox 1005 640 1780 2306">
     <span class='ocr_line' id='line_1_65' title="bbox 1005 640 1775 685; baseline 0.003 -13"><span class='ocrx_word' id='word_1_464' title='bbox 1005 643 1137 682; x_wconf 79' lang='grc' dir='ltr'>ἐκτέμνων</span> <span class='ocrx_word' id='word_1_465' title='bbox 1148 644 1235 683; x_wconf 88' lang='grc' dir='ltr'>μόνον,</span> <span class='ocrx_word' id='word_1_466' title='bbox 1245 644 1318 674; x_wconf 84' lang='grc' dir='ltr'>οὐδὲν</span> <span class='ocrx_word' id='word_1_467' title='bbox 1332 644 1429 685; x_wconf 77' lang='grc' dir='ltr'>ἕτερον,</span> <span class='ocrx_word' id='word_1_468' title='bbox 1440 645 1458 680; x_wconf 84' lang='grc' dir='ltr'>ἢ</span> <span class='ocrx_word' id='word_1_469' title='bbox 1474 648 1654 683; x_wconf 84' lang='grc' dir='ltr'>ματαιοπονεῖ.</span> <span class='ocrx_word' id='word_1_470' title='bbox 1665 645 1723 674; x_wconf 91' lang='grc' dir='ltr'>Ποῦ</span> <span class='ocrx_word' id='word_1_471' title='bbox 1731 640 1775 674; x_wconf 70' lang='grc' dir='ltr'>οῧν</span> 
     </span>
     <span class='ocr_line' id='line_1_66' title="bbox 1005 689 1777 737; baseline 0.003 -19"><span class='ocrx_word' id='word_1_472' title='bbox 1005 690 1022 724; x_wconf 86' lang='grc' dir='ltr'>ἡ</span> <span class='ocrx_word' id='word_1_473' title='bbox 1038 689 1130 737; x_wconf 52' lang='grc' dir='ltr'>Γράφὴ</span> <span class='ocrx_word' id='word_1_474' title='bbox 1145 690 1190 719; x_wconf 82' lang='grc' dir='ltr'>καὶ</span> <span class='ocrx_word' id='word_1_475' title='bbox 1201 689 1249 726; x_wconf 82' lang='grc' dir='ltr'>τὴν</span> <span class='ocrx_word' id='word_1_476' title='bbox 1262 690 1394 730; x_wconf 86' lang='grc' dir='ltr'>ἁμαρτίαν</span> <span class='ocrx_word' id='word_1_477' title='bbox 1405 691 1450 720; x_wconf 74' lang='grc' dir='ltr'>καὶ</span> <span class='ocrx_word' id='word_1_478' title='bbox 1463 690 1512 727; x_wconf 84' lang='grc' dir='ltr'>τὴν</span> <span class='ocrx_word' id='word_1_479' title='bbox 1527 690 1612 720; x_wconf 83' lang='grc' dir='ltr'>αἰτίαν</span> <span class='ocrx_word' id='word_1_480' title='bbox 1624 693 1672 727; x_wconf 82' lang='grc' dir='ltr'>τῆς</span> <span class='ocrx_word' id='word_1_481' title='bbox 1687 692 1777 731; x_wconf 84' lang='grc' dir='ltr'>ἆμαρ-</span> 
     </span>
     <span class='ocr_line' id='line_1_67' title="bbox 1005 734 1777 776; baseline 0.004 -13"><span class='ocrx_word' id='word_1_482' title='bbox 1005 734 1063 768; x_wconf 89' lang='grc' dir='ltr'>τίας</span> <span class='ocrx_word' id='word_1_483' title='bbox 1075 738 1146 772; x_wconf 72' lang='grc' dir='ltr'>εἰπε,</span> <span class='ocrx_word' id='word_1_484' title='bbox 1161 737 1310 776; x_wconf 87' lang='grc' dir='ltr'>Κατηγορεῖ</span> <span class='ocrx_word' id='word_1_485' title='bbox 1324 739 1376 765; x_wconf 85' lang='grc' dir='ltr'>τῶν</span> <span class='ocrx_word' id='word_1_486' title='bbox 1391 737 1442 776; x_wconf 85' lang='grc' dir='ltr'>πρὸ</span> <span class='ocrx_word' id='word_1_487' title='bbox 1458 739 1504 766; x_wconf 90' lang='grc' dir='ltr'>τοῦ</span> <span class='ocrx_word' id='word_1_488' title='bbox 1524 737 1712 776; x_wconf 81' lang='grc' dir='ltr'>κατακλυσμοῦ</span> <span class='ocrx_word' id='word_1_489' title='bbox 1729 749 1777 776; x_wconf 86' lang='grc' dir='ltr'>γε-</span> 
     </span>
     <span class='ocr_line' id='line_1_68' title="bbox 1005 781 1778 822; baseline 0.004 -13"><span class='ocrx_word' id='word_1_490' title='bbox 1005 781 1120 819; x_wconf 77' lang='grc' dir='ltr'>νομένων</span> <span class='ocrx_word' id='word_1_491' title='bbox 1140 782 1184 811; x_wconf 83' lang='grc' dir='ltr'>ἐπὶ</span> <span class='ocrx_word' id='word_1_492' title='bbox 1198 786 1256 815; x_wconf 86' lang='grc' dir='ltr'>ταῖς</span> <span class='ocrx_word' id='word_1_493' title='bbox 1269 784 1298 811; x_wconf 81' lang='grc' dir='ltr'>οὗ</span> <span class='ocrx_word' id='word_1_494' title='bbox 1319 782 1534 822; x_wconf 66' lang='grc' dir='ltr'>ἱ’προσηκούσαις</span> <span class='ocrx_word' id='word_1_495' title='bbox 1553 782 1695 822; x_wconf 82' lang='grc' dir='ltr'>ἐπιμιξίαις</span> <span class='ocrx_word' id='word_1_496' title='bbox 1705 794 1711 801; x_wconf 92' lang='grc'><em>·</em></span> <span class='ocrx_word' id='word_1_497' title='bbox 1732 782 1778 812; x_wconf 86' lang='grc' dir='ltr'>καὶ</span> 
     </span>
     <span class='ocr_line' id='line_1_69' title="bbox 1007 826 1777 865; baseline 0.004 -9"><span class='ocrx_word' id='word_1_498' title='bbox 1007 826 1118 856; x_wconf 83' lang='grc' dir='ltr'>ἄκουσον</span> <span class='ocrx_word' id='word_1_499' title='bbox 1132 830 1187 861; x_wconf 79' lang='grc' dir='ltr'>πῶς</span> <span class='ocrx_word' id='word_1_500' title='bbox 1200 828 1289 864; x_wconf 85' lang='grc' dir='ltr'>τίθησι</span> <span class='ocrx_word' id='word_1_501' title='bbox 1302 828 1350 865; x_wconf 78' lang='grc' dir='ltr'>τὴν</span> <span class='ocrx_word' id='word_1_502' title='bbox 1365 828 1450 858; x_wconf 83' lang='grc' dir='ltr'>αἰτίαν</span> <span class='ocrx_word' id='word_1_503' title='bbox 1463 841 1470 847; x_wconf 89' lang='lat'><strong>·</strong></span> <span class='ocrx_word' id='word_1_504' title='bbox 1488 829 1598 862; x_wconf 87' lang='grc' dir='ltr'>Ἰδόντες</span> <span class='ocrx_word' id='word_1_505' title='bbox 1612 831 1636 859; x_wconf 84' lang='grc' dir='ltr'>οἱ</span> <span class='ocrx_word' id='word_1_506' title='bbox 1656 829 1708 859; x_wconf 82' lang='grc' dir='ltr'>υἱοὶ</span> <span class='ocrx_word' id='word_1_507' title='bbox 1730 832 1777 859; x_wconf 83' lang='grc' dir='ltr'>τοῦ</span> 
     </span>
     <span class='ocr_line' id='line_1_70' title="bbox 1007 874 1777 915; baseline 0.004 -13"><span class='ocrx_word' id='word_1_508' title='bbox 1007 875 1077 903; x_wconf 85' lang='grc' dir='ltr'>Θεοῦ</span> <span class='ocrx_word' id='word_1_509' title='bbox 1096 874 1142 907; x_wconf 87' lang='grc' dir='ltr'>τὰς</span> <span class='ocrx_word' id='word_1_510' title='bbox 1157 874 1299 914; x_wconf 84' lang='grc' dir='ltr'>θυγατέρας</span> <span class='ocrx_word' id='word_1_511' title='bbox 1313 877 1366 904; x_wconf 84' lang='grc' dir='ltr'>τῶν</span> <span class='ocrx_word' id='word_1_512' title='bbox 1381 875 1535 915; x_wconf 76' lang='grc' dir='ltr'>ἀνθρώπιον,</span> <span class='ocrx_word' id='word_1_513' title='bbox 1549 875 1589 905; x_wconf 80' lang='grc' dir='ltr'>ὅτι</span> <span class='ocrx_word' id='word_1_514' title='bbox 1607 875 1688 905; x_wconf 89' lang='grc' dir='ltr'>καλαί</span> <span class='ocrx_word' id='word_1_515' title='bbox 1701 877 1777 912; x_wconf 82' lang='grc' dir='ltr'>εἰσιν,</span> 
     </span>
     <span class='ocr_line' id='line_1_71' title="bbox 1007 918 1778 960; baseline 0.004 -12"><span class='ocrx_word' id='word_1_516' title='bbox 1007 919 1100 949; x_wconf 67' lang='grc' dir='ltr'>ἔλαὸον</span> <span class='ocrx_word' id='word_1_517' title='bbox 1113 919 1194 953; x_wconf 79' lang='grc' dir='ltr'>αὐτὰς</span> <span class='ocrx_word' id='word_1_518' title='bbox 1208 922 1310 954; x_wconf 83' lang='grc' dir='ltr'>ἑαυτοῖς</span> <span class='ocrx_word' id='word_1_519' title='bbox 1323 923 1360 954; x_wconf 82' lang='grc' dir='ltr'>εἷς</span> <span class='ocrx_word' id='word_1_520' title='bbox 1370 925 1504 960; x_wconf 86' lang='grc' dir='ltr'>γυναῖκας.</span> <span class='ocrx_word' id='word_1_521' title='bbox 1519 921 1555 951; x_wconf 88' lang='grc' dir='ltr'>Τί</span> <span class='ocrx_word' id='word_1_522' title='bbox 1567 918 1625 958; x_wconf 67' lang='grc' dir='ltr'>οῦν,</span> <span class='ocrx_word' id='word_1_523' title='bbox 1639 922 1669 951; x_wconf 85' lang='grc' dir='ltr'>τὸ</span> <span class='ocrx_word' id='word_1_524' title='bbox 1681 921 1778 955; x_wconf 85' lang='grc' dir='ltr'>κάλλος</span> 
     </span>
     <span class='ocr_line' id='line_1_72' title="bbox 1005 966 1778 1008; baseline 0.005 -14"><span class='ocrx_word' id='word_1_525' title='bbox 1005 967 1053 1000; x_wconf 77' lang='grc' dir='ltr'>τῆς</span> <span class='ocrx_word' id='word_1_526' title='bbox 1067 966 1197 1006; x_wconf 81' lang='grc' dir='ltr'>ἁμαρτίας</span> <span class='ocrx_word' id='word_1_527' title='bbox 1213 966 1308 1002; x_wconf 72' lang='grc' dir='ltr'>αἴτιον,</span> <span class='ocrx_word' id='word_1_528' title='bbox 1323 967 1369 1003; x_wconf 78' lang='grc' dir='ltr'>Μὴ</span> <span class='ocrx_word' id='word_1_529' title='bbox 1384 967 1497 1006; x_wconf 81' lang='grc' dir='ltr'>γένοιτο·</span> <span class='ocrx_word' id='word_1_530' title='bbox 1510 969 1558 1003; x_wconf 75' lang='grc' dir='ltr'>τῆς</span> <span class='ocrx_word' id='word_1_531' title='bbox 1570 967 1622 1008; x_wconf 76' lang='grc' dir='ltr'>γὰρ</span> <span class='ocrx_word' id='word_1_532' title='bbox 1638 969 1710 998; x_wconf 84' lang='grc' dir='ltr'>Θεοῦ</span> <span class='ocrx_word' id='word_1_533' title='bbox 1729 979 1778 997; x_wconf 89' lang='grc' dir='ltr'>σο-</span> 
     </span>
     <span class='ocr_line' id='line_1_73' title="bbox 1007 1010 1778 1054; baseline 0.006 -15"><span class='ocrx_word' id='word_1_534' title='bbox 1007 1010 1067 1050; x_wconf 82' lang='grc' dir='ltr'>φίας</span> <span class='ocrx_word' id='word_1_535' title='bbox 1080 1011 1154 1051; x_wconf 83' lang='grc' dir='ltr'>ἔργον</span> <span class='ocrx_word' id='word_1_536' title='bbox 1169 1011 1225 1049; x_wconf 76' lang='grc' dir='ltr'>ἒστί</span> <span class='ocrx_word' id='word_1_537' title='bbox 1236 1024 1242 1030; x_wconf 93' lang='grc'><em>·</em></span> <span class='ocrx_word' id='word_1_538' title='bbox 1263 1014 1333 1042; x_wconf 88' lang='grc' dir='ltr'>Θεοῦ</span> <span class='ocrx_word' id='word_1_539' title='bbox 1347 1013 1373 1042; x_wconf 84' lang='grc' dir='ltr'>δὲ</span> <span class='ocrx_word' id='word_1_540' title='bbox 1388 1013 1462 1052; x_wconf 82' lang='grc' dir='ltr'>ἔργον</span> <span class='ocrx_word' id='word_1_541' title='bbox 1485 1014 1533 1043; x_wconf 77' lang='grc' dir='ltr'>οὐκ</span> <span class='ocrx_word' id='word_1_542' title='bbox 1550 1014 1582 1043; x_wconf 86' lang='grc' dir='ltr'>ἄν</span> <span class='ocrx_word' id='word_1_543' title='bbox 1598 1026 1663 1043; x_wconf 92' lang='grc' dir='ltr'>ποτε</span> <span class='ocrx_word' id='word_1_544' title='bbox 1676 1013 1778 1054; x_wconf 81' lang='grc' dir='ltr'>γένοιτο</span> 
     </span>
     <span class='ocr_line' id='line_1_74' title="bbox 1007 1057 1778 1101; baseline 0.006 -15"><span class='ocrx_word' id='word_1_545' title='bbox 1007 1057 1133 1097; x_wconf 86' lang='grc' dir='ltr'>πονηρίας</span> <span class='ocrx_word' id='word_1_546' title='bbox 1148 1057 1239 1088; x_wconf 86' lang='grc' dir='ltr'>αἴτιον.</span> <span class='ocrx_word' id='word_1_547' title='bbox 1255 1058 1335 1088; x_wconf 78' lang='grc' dir='ltr'>Ἀλλὰ</span> <span class='ocrx_word' id='word_1_548' title='bbox 1345 1059 1375 1089; x_wconf 85' lang='grc' dir='ltr'>τὸ</span> <span class='ocrx_word' id='word_1_549' title='bbox 1387 1060 1467 1096; x_wconf 83' lang='grc' dir='ltr'>ἰδεῑν;</span> <span class='ocrx_word' id='word_1_550' title='bbox 1480 1061 1550 1090; x_wconf 78' lang='grc' dir='ltr'>Οὐδὲ</span> <span class='ocrx_word' id='word_1_551' title='bbox 1563 1063 1639 1090; x_wconf 87' lang='grc' dir='ltr'>τοῦτο</span> <span class='ocrx_word' id='word_1_552' title='bbox 1649 1072 1656 1079; x_wconf 93' lang='grc'>·</span> <span class='ocrx_word' id='word_1_553' title='bbox 1669 1060 1714 1090; x_wconf 82' lang='grc' dir='ltr'>καὶ</span> <span class='ocrx_word' id='word_1_554' title='bbox 1727 1061 1778 1101; x_wconf 77' lang='grc' dir='ltr'>γὰρ</span> 
     </span>
     <span class='ocr_line' id='line_1_75' title="bbox 1008 1103 1779 1146; baseline 0.005 -14"><span class='ocrx_word' id='word_1_555' title='bbox 1008 1103 1053 1133; x_wconf 84' lang='grc' dir='ltr'>καὶ</span> <span class='ocrx_word' id='word_1_556' title='bbox 1067 1106 1144 1133; x_wconf 88' lang='grc' dir='ltr'>τοῦτο</span> <span class='ocrx_word' id='word_1_557' title='bbox 1164 1107 1210 1140; x_wconf 80' lang='grc' dir='ltr'>τ’ἥς</span> <span class='ocrx_word' id='word_1_558' title='bbox 1222 1105 1322 1145; x_wconf 86' lang='grc' dir='ltr'>φύσεως</span> <span class='ocrx_word' id='word_1_559' title='bbox 1342 1106 1417 1146; x_wconf 84' lang='grc' dir='ltr'>ἔργον</span> <span class='ocrx_word' id='word_1_560' title='bbox 1437 1107 1517 1136; x_wconf 86' lang='grc' dir='ltr'>ἐστίν.</span> <span class='ocrx_word' id='word_1_561' title='bbox 1533 1107 1613 1137; x_wconf 80' lang='grc' dir='ltr'>Ἀλλὰ</span> <span class='ocrx_word' id='word_1_562' title='bbox 1625 1107 1664 1144; x_wconf 77' lang='grc' dir='ltr'>τί;</span> <span class='ocrx_word' id='word_1_563' title='bbox 1678 1107 1718 1136; x_wconf 88' lang='grc' dir='ltr'>Τὸ</span> <span class='ocrx_word' id='word_1_564' title='bbox 1731 1119 1779 1136; x_wconf 90' lang='grc' dir='ltr'>κα-</span> 
     </span>
     <span class='ocr_line' id='line_1_76' title="bbox 1007 1151 1779 1193; baseline 0.006 -15"><span class='ocrx_word' id='word_1_565' title='bbox 1007 1151 1059 1183; x_wconf 79' lang='grc' dir='ltr'>κῶς</span> <span class='ocrx_word' id='word_1_566' title='bbox 1078 1151 1141 1180; x_wconf 85' lang='grc' dir='ltr'>ἰδεῖν</span> <span class='ocrx_word' id='word_1_567' title='bbox 1154 1163 1161 1169; x_wconf 93' lang='grc'><strong><em>·</em></strong></span> <span class='ocrx_word' id='word_1_568' title='bbox 1183 1154 1261 1181; x_wconf 86' lang='grc' dir='ltr'>τοῦτο</span> <span class='ocrx_word' id='word_1_569' title='bbox 1287 1151 1338 1192; x_wconf 81' lang='grc' dir='ltr'>γὰρ</span> <span class='ocrx_word' id='word_1_570' title='bbox 1363 1153 1541 1193; x_wconf 79' lang='grc' dir='ltr'>προαιρέσεως</span> <span class='ocrx_word' id='word_1_571' title='bbox 1566 1152 1779 1193; x_wconf 70' lang='grc' dir='ltr'>Ι’διεφθαρμένης</span> 
     </span>
     <span class='ocr_line' id='line_1_77' title="bbox 1008 1195 1778 1239; baseline 0.005 -15"><span class='ocrx_word' id='word_1_572' title='bbox 1008 1195 1073 1225; x_wconf 81' lang='grc' dir='ltr'>ἔστί.</span> <span class='ocrx_word' id='word_1_573' title='bbox 1085 1196 1138 1226; x_wconf 80' lang='grc' dir='ltr'>Διὰ</span> <span class='ocrx_word' id='word_1_574' title='bbox 1150 1200 1227 1227; x_wconf 81' lang='grc' dir='ltr'>τοῦτο</span> <span class='ocrx_word' id='word_1_575' title='bbox 1251 1198 1296 1227; x_wconf 82' lang='grc' dir='ltr'>καί</span> <span class='ocrx_word' id='word_1_576' title='bbox 1318 1210 1357 1231; x_wconf 90' lang='grc' dir='ltr'>τις</span> <span class='ocrx_word' id='word_1_577' title='bbox 1382 1199 1459 1238; x_wconf 79' lang='grc' dir='ltr'>σοφὸς</span> <span class='ocrx_word' id='word_1_578' title='bbox 1479 1203 1602 1239; x_wconf 84' lang='grc' dir='ltr'>παραινεῖ</span> <span class='ocrx_word' id='word_1_579' title='bbox 1614 1198 1708 1238; x_wconf 84' lang='grc' dir='ltr'>λέγων,</span> <span class='ocrx_word' id='word_1_580' title='bbox 1731 1197 1778 1234; x_wconf 85' lang='grc' dir='ltr'>Μὴ</span> 
     </span>
     <span class='ocr_line' id='line_1_78' title="bbox 1007 1240 1779 1285; baseline 0.004 -15"><span class='ocrx_word' id='word_1_581' title='bbox 1007 1242 1191 1281; x_wconf 82' lang='grc' dir='ltr'>καταμάνθανε</span> <span class='ocrx_word' id='word_1_582' title='bbox 1205 1243 1301 1278; x_wconf 83' lang='grc' dir='ltr'>κάλλος</span> <span class='ocrx_word' id='word_1_583' title='bbox 1314 1244 1463 1285; x_wconf 83' lang='grc' dir='ltr'>ἀλλότριον.</span> <span class='ocrx_word' id='word_1_584' title='bbox 1481 1246 1540 1275; x_wconf 85' lang='grc' dir='ltr'>Οὔκ</span> <span class='ocrx_word' id='word_1_585' title='bbox 1561 1240 1618 1274; x_wconf 68' lang='grc' dir='ltr'>εἶπε</span> <span class='ocrx_word' id='word_1_586' title='bbox 1625 1267 1636 1281; x_wconf 86' lang='grc'>,</span> <span class='ocrx_word' id='word_1_587' title='bbox 1651 1244 1689 1284; x_wconf 84' lang='grc' dir='ltr'>μὴ</span> <span class='ocrx_word' id='word_1_588' title='bbox 1707 1244 1779 1283; x_wconf 78' lang='grc' dir='ltr'>ἴδῃς·</span> 
     </span>
     <span class='ocr_line' id='line_1_79' title="bbox 1007 1288 1778 1331; baseline 0.004 -15"><span class='ocrx_word' id='word_1_589' title='bbox 1007 1288 1146 1326; x_wconf 72' lang='grc' dir='ltr'>συμὸαίνει</span> <span class='ocrx_word' id='word_1_590' title='bbox 1164 1290 1215 1329; x_wconf 83' lang='grc' dir='ltr'>γὰρ</span> <span class='ocrx_word' id='word_1_591' title='bbox 1229 1290 1274 1320; x_wconf 83' lang='grc' dir='ltr'>καὶ</span> <span class='ocrx_word' id='word_1_592' title='bbox 1294 1294 1305 1306; x_wconf 69' lang='lat'>²*</span> <span class='ocrx_word' id='word_1_593' title='bbox 1315 1291 1368 1320; x_wconf 77' lang='grc' dir='ltr'>ἀπὸ</span> <span class='ocrx_word' id='word_1_594' title='bbox 1381 1294 1427 1321; x_wconf 84' lang='grc' dir='ltr'>τοῦ</span> <span class='ocrx_word' id='word_1_595' title='bbox 1442 1292 1591 1331; x_wconf 78' lang='grc' dir='ltr'>αὐτομάτου</span> <span class='ocrx_word' id='word_1_596' title='bbox 1605 1294 1682 1320; x_wconf 80' lang='grc' dir='ltr'>τοῦτο</span> <span class='ocrx_word' id='word_1_597' title='bbox 1703 1290 1778 1329; x_wconf 78' lang='grc' dir='ltr'>γενέ-</span> 
     </span>
     <span class='ocr_line' id='line_1_80' title="bbox 1008 1335 1777 1378; baseline 0.004 -15"><span class='ocrx_word' id='word_1_598' title='bbox 1008 1336 1068 1363; x_wconf 89' lang='grc' dir='ltr'>σθαι</span> <span class='ocrx_word' id='word_1_599' title='bbox 1077 1346 1084 1353; x_wconf 89' lang='grc'><em>·</em></span> <span class='ocrx_word' id='word_1_600' title='bbox 1095 1335 1163 1365; x_wconf 79' lang='grc' dir='ltr'>ἀλλὰ</span> <span class='ocrx_word' id='word_1_601' title='bbox 1171 1358 1180 1373; x_wconf 85' lang='grc'>,</span> <span class='ocrx_word' id='word_1_602' title='bbox 1194 1336 1241 1373; x_wconf 89' lang='grc' dir='ltr'>Μὴ</span> <span class='ocrx_word' id='word_1_603' title='bbox 1257 1338 1454 1376; x_wconf 82' lang='grc' dir='ltr'>καταμάνθανε,</span> <span class='ocrx_word' id='word_1_604' title='bbox 1463 1337 1545 1378; x_wconf 77' lang='grc' dir='ltr'>φησὶ,</span> <span class='ocrx_word' id='word_1_605' title='bbox 1557 1337 1604 1374; x_wconf 73' lang='grc' dir='ltr'>τὴν</span> <span class='ocrx_word' id='word_1_606' title='bbox 1619 1339 1649 1366; x_wconf 81' lang='grc' dir='ltr'>ἐκ</span> <span class='ocrx_word' id='word_1_607' title='bbox 1665 1337 1777 1376; x_wconf 82' lang='grc' dir='ltr'>μελέτης</span> 
     </span>
     <span class='ocr_line' id='line_1_81' title="bbox 1008 1380 1777 1427; baseline 0.004 -18"><span class='ocrx_word' id='word_1_608' title='bbox 1008 1380 1176 1427; x_wconf 78' lang='grc' dir='ltr'>κατανόησιν,</span> <span class='ocrx_word' id='word_1_609' title='bbox 1189 1382 1236 1419; x_wconf 83' lang='grc' dir='ltr'>τὴν</span> <span class='ocrx_word' id='word_1_610' title='bbox 1251 1383 1388 1424; x_wconf 86' lang='grc' dir='ltr'>περίεργον</span> <span class='ocrx_word' id='word_1_611' title='bbox 1404 1384 1473 1424; x_wconf 80' lang='grc' dir='ltr'>ὄψιν,</span> <span class='ocrx_word' id='word_1_612' title='bbox 1488 1384 1537 1420; x_wconf 83' lang='grc' dir='ltr'>τὴν</span> <span class='ocrx_word' id='word_1_613' title='bbox 1551 1383 1619 1423; x_wconf 79' lang='grc' dir='ltr'>μετὰ</span> <span class='ocrx_word' id='word_1_614' title='bbox 1642 1384 1777 1423; x_wconf 74' lang='grc' dir='ltr'>διατριὸῆς</span> 
     </span>
     <span class='ocr_line' id='line_1_82' title="bbox 1008 1426 1777 1471; baseline 0.004 -16"><span class='ocrx_word' id='word_1_615' title='bbox 1008 1426 1126 1466; x_wconf 78' lang='grc' dir='ltr'>πονηρὰν</span> <span class='ocrx_word' id='word_1_616' title='bbox 1151 1427 1270 1468; x_wconf 87' lang='grc' dir='ltr'>θεωρίαν,</span> <span class='ocrx_word' id='word_1_617' title='bbox 1283 1429 1332 1465; x_wconf 86' lang='grc' dir='ltr'>τὴν</span> <span class='ocrx_word' id='word_1_618' title='bbox 1355 1430 1407 1460; x_wconf 86' lang='grc' dir='ltr'>ἀπὸ</span> <span class='ocrx_word' id='word_1_619' title='bbox 1428 1432 1515 1471; x_wconf 77' lang='grc' dir='ltr'>ψυχῆς</span> <span class='ocrx_word' id='word_1_620' title='bbox 1530 1429 1719 1471; x_wconf 83' lang='grc' dir='ltr'>διεφθαρμένης</span> <span class='ocrx_word' id='word_1_621' title='bbox 1732 1429 1777 1459; x_wconf 78' lang='grc' dir='ltr'>καὶ</span> 
     </span>
     <span class='ocr_line' id='line_1_83' title="bbox 1009 1473 1777 1516; baseline 0.004 -15"><span class='ocrx_word' id='word_1_622' title='bbox 1009 1473 1186 1511; x_wconf 76' lang='grc' dir='ltr'>ἐπιθυμούσης</span> <span class='ocrx_word' id='word_1_623' title='bbox 1197 1477 1320 1515; x_wconf 82' lang='grc' dir='ltr'>ἀναιρῶν.</span> <span class='ocrx_word' id='word_1_624' title='bbox 1333 1476 1387 1506; x_wconf 81' lang='grc' dir='ltr'>Καὶ</span> <span class='ocrx_word' id='word_1_625' title='bbox 1398 1476 1433 1513; x_wconf 88' lang='grc' dir='ltr'>τί,</span> <span class='ocrx_word' id='word_1_626' title='bbox 1441 1476 1528 1516; x_wconf 75' lang='grc' dir='ltr'>φησὶν,</span> <span class='ocrx_word' id='word_1_627' title='bbox 1539 1478 1570 1506; x_wconf 83' lang='grc' dir='ltr'>ἔκ</span> <span class='ocrx_word' id='word_1_628' title='bbox 1579 1476 1672 1506; x_wconf 83' lang='grc' dir='ltr'>τούτου</span> <span class='ocrx_word' id='word_1_629' title='bbox 1679 1475 1777 1515; x_wconf 74' lang='grc' dir='ltr'>γένοιτ’</span> 
     </span>
     <span class='ocr_line' id='line_1_84' title="bbox 1010 1518 1777 1563; baseline 0.004 -16"><span class='ocrx_word' id='word_1_630' title='bbox 1010 1518 1041 1547; x_wconf 81' lang='grc' dir='ltr'>ἂν</span> <span class='ocrx_word' id='word_1_631' title='bbox 1056 1518 1168 1558; x_wconf 75' lang='grc' dir='ltr'>βλάὸος;</span> <span class='ocrx_word' id='word_1_632' title='bbox 1184 1519 1235 1550; x_wconf 84' lang='grc' dir='ltr'>Ἐκ.</span> <span class='ocrx_word' id='word_1_633' title='bbox 1253 1521 1364 1557; x_wconf 83' lang='grc' dir='ltr'>τούτου,</span> <span class='ocrx_word' id='word_1_634' title='bbox 1384 1523 1461 1562; x_wconf 83' lang='grc' dir='ltr'>φησὶ,</span> <span class='ocrx_word' id='word_1_635' title='bbox 1476 1522 1551 1563; x_wconf 89' lang='grc' dir='ltr'>φιλία</span> <span class='ocrx_word' id='word_1_636' title='bbox 1570 1525 1606 1556; x_wconf 85' lang='grc' dir='ltr'>ὡς</span> <span class='ocrx_word' id='word_1_637' title='bbox 1617 1522 1690 1562; x_wconf 56' lang='lat' dir='ltr'>“nvp</span> <span class='ocrx_word' id='word_1_638' title='bbox 1711 1523 1777 1551; x_wconf 88' lang='grc' dir='ltr'>ἀνα-</span> 
     </span>
     <span class='ocr_line' id='line_1_85' title="bbox 1010 1564 1778 1609; baseline 0.004 -16"><span class='ocrx_word' id='word_1_639' title='bbox 1010 1564 1122 1595; x_wconf 85' lang='grc' dir='ltr'>καίεται.</span> <span class='ocrx_word' id='word_1_640' title='bbox 1137 1566 1265 1608; x_wconf 82' lang='grc' dir='ltr'>Καθάπερ</span> <span class='ocrx_word' id='word_1_641' title='bbox 1285 1567 1335 1608; x_wconf 85' lang='grc' dir='ltr'>γὰρ</span> <span class='ocrx_word' id='word_1_642' title='bbox 1349 1567 1379 1597; x_wconf 82' lang='grc' dir='ltr'>τὸ</span> <span class='ocrx_word' id='word_1_643' title='bbox 1391 1571 1454 1608; x_wconf 89' lang='grc' dir='ltr'>πῦρ,</span> <span class='ocrx_word' id='word_1_644' title='bbox 1469 1568 1575 1599; x_wconf 81' lang='grc' dir='ltr'>ἐπειδὰν</span> <span class='ocrx_word' id='word_1_645' title='bbox 1592 1569 1688 1609; x_wconf 85' lang='grc' dir='ltr'>χόρτου</span> <span class='ocrx_word' id='word_1_646' title='bbox 1708 1567 1778 1600; x_wconf 86' lang='grc' dir='ltr'>τινὸς</span> 
     </span>
     <span class='ocr_line' id='line_1_86' title="bbox 1009 1610 1778 1656; baseline 0.004 -16"><span class='ocrx_word' id='word_1_647' title='bbox 1009 1610 1161 1651; x_wconf 81' lang='grc' dir='ltr'>ἢκαλάμης</span> <span class='ocrx_word' id='word_1_648' title='bbox 1181 1613 1357 1650; x_wconf 73' lang='grc' dir='ltr'>ἔπιλάὸηται,</span> <span class='ocrx_word' id='word_1_649' title='bbox 1371 1615 1419 1645; x_wconf 80' lang='grc' dir='ltr'>οὔκ</span> <span class='ocrx_word' id='word_1_650' title='bbox 1443 1614 1568 1654; x_wconf 82' lang='grc' dir='ltr'>ἀναμένει</span> <span class='ocrx_word' id='word_1_651' title='bbox 1592 1615 1685 1656; x_wconf 89' lang='grc' dir='ltr'>χρόνον</span> <span class='ocrx_word' id='word_1_652' title='bbox 1705 1614 1778 1650; x_wconf 82' lang='grc' dir='ltr'>τινὰ,</span> 
     </span>
     <span class='ocr_line' id='line_1_87' title="bbox 1010 1659 1777 1702; baseline 0.007 -15"><span class='ocrx_word' id='word_1_653' title='bbox 1010 1659 1069 1687; x_wconf 84' lang='grc' dir='ltr'>ἀλλ’</span> <span class='ocrx_word' id='word_1_654' title='bbox 1082 1661 1147 1697; x_wconf 84' lang='grc' dir='ltr'>ὁμοῦ</span> <span class='ocrx_word' id='word_1_655' title='bbox 1166 1672 1194 1689; x_wconf 91' lang='grc' dir='ltr'>τε</span> <span class='ocrx_word' id='word_1_656' title='bbox 1217 1660 1304 1701; x_wconf 78' lang='grc' dir='ltr'>ἥψατο</span> <span class='ocrx_word' id='word_1_657' title='bbox 1318 1663 1366 1698; x_wconf 70' lang='grc' dir='ltr'>τῆς</span> <span class='ocrx_word' id='word_1_658' title='bbox 1379 1661 1458 1698; x_wconf 76' lang='grc' dir='ltr'>ὕλης,</span> <span class='ocrx_word' id='word_1_659' title='bbox 1473 1663 1518 1692; x_wconf 86' lang='grc' dir='ltr'>καὶ</span> <span class='ocrx_word' id='word_1_660' title='bbox 1531 1669 1541 1680; x_wconf 88' lang='grc'><em>·</em></span> <span class='ocrx_word' id='word_1_661' title='bbox 1551 1661 1678 1702; x_wconf 80' lang='grc' dir='ltr'>λαμπρὰν</span> <span class='ocrx_word' id='word_1_662' title='bbox 1693 1662 1777 1701; x_wconf 74' lang='grc' dir='ltr'>ἀνῆψε</span> 
     </span>
     <span class='ocr_line' id='line_1_88' title="bbox 1009 1703 1778 1748; baseline 0.013 -16"><span class='ocrx_word' id='word_1_663' title='bbox 1009 1703 1058 1740; x_wconf 80' lang='grc' dir='ltr'>τὴν</span> <span class='ocrx_word' id='word_1_664' title='bbox 1071 1704 1172 1745; x_wconf 80' lang='grc' dir='ltr'>φλόγα·</span> <span class='ocrx_word' id='word_1_665' title='bbox 1187 1706 1255 1736; x_wconf 78' lang='grc' dir='ltr'>οὕτω</span> <span class='ocrx_word' id='word_1_666' title='bbox 1269 1708 1314 1737; x_wconf 83' lang='grc' dir='ltr'>καὶ</span> <span class='ocrx_word' id='word_1_667' title='bbox 1336 1708 1366 1738; x_wconf 79' lang='grc' dir='ltr'>τὸ</span> <span class='ocrx_word' id='word_1_668' title='bbox 1379 1711 1433 1748; x_wconf 87' lang='grc' dir='ltr'>πῦρ</span> <span class='ocrx_word' id='word_1_669' title='bbox 1453 1710 1502 1744; x_wconf 78' lang='grc' dir='ltr'>ἰ-’ῆς</span> <span class='ocrx_word' id='word_1_670' title='bbox 1521 1708 1660 1748; x_wconf 79' lang='grc' dir='ltr'>ἐπιθυμίας</span> <span class='ocrx_word' id='word_1_671' title='bbox 1681 1709 1729 1744; x_wconf 71' lang='grc' dir='ltr'>τῆς</span> <span class='ocrx_word' id='word_1_672' title='bbox 1750 1708 1778 1736; x_wconf 67' lang='grc' dir='ltr'>ἐν</span> 
     </span>
     <span class='ocr_line' id='line_1_89' title="bbox 1009 1751 1778 1795; baseline 0.01 -16"><span class='ocrx_word' id='word_1_673' title='bbox 1009 1752 1083 1788; x_wconf 86' lang='grc' dir='ltr'>ἡμῖν,</span> <span class='ocrx_word' id='word_1_674' title='bbox 1097 1751 1203 1781; x_wconf 79' lang='grc' dir='ltr'>ἐπειδὰν</span> <span class='ocrx_word' id='word_1_675' title='bbox 1214 1753 1258 1782; x_wconf 80' lang='grc' dir='ltr'>διὰ</span> <span class='ocrx_word' id='word_1_676' title='bbox 1278 1755 1325 1789; x_wconf 79' lang='grc' dir='ltr'>τῆς</span> <span class='ocrx_word' id='word_1_677' title='bbox 1339 1755 1391 1783; x_wconf 80' lang='grc' dir='ltr'>τῶν</span> <span class='ocrx_word' id='word_1_678' title='bbox 1409 1756 1550 1795; x_wconf 71' lang='grc' dir='ltr'>ὀφθαλμῶν</span> <span class='ocrx_word' id='word_1_679' title='bbox 1563 1755 1647 1795; x_wconf 83' lang='grc' dir='ltr'>ὅψεως</span> <span class='ocrx_word' id='word_1_680' title='bbox 1665 1754 1778 1787; x_wconf 76' lang='grc' dir='ltr'>εὐειδοῦς</span> 
     </span>
     <span class='ocr_line' id='line_1_90' title="bbox 1009 1796 1777 1841; baseline 0.009 -16"><span class='ocrx_word' id='word_1_681' title='bbox 1009 1796 1055 1825; x_wconf 79' lang='grc' dir='ltr'>καὶ</span> <span class='ocrx_word' id='word_1_682' title='bbox 1067 1798 1190 1838; x_wconf 85' lang='grc' dir='ltr'>λαμπροῦ</span> <span class='ocrx_word' id='word_1_683' title='bbox 1204 1799 1315 1833; x_wconf 84' lang='grc' dir='ltr'>κάλλους</span> <span class='ocrx_word' id='word_1_684' title='bbox 1329 1800 1446 1841; x_wconf 83' lang='grc' dir='ltr'>ἅψηται,</span> <span class='ocrx_word' id='word_1_685' title='bbox 1461 1802 1554 1835; x_wconf 81' lang='grc' dir='ltr'>εὐθέως</span> <span class='ocrx_word' id='word_1_686' title='bbox 1568 1802 1716 1841; x_wconf 78' lang='grc' dir='ltr'>ἐμπίπρησι</span> <span class='ocrx_word' id='word_1_687' title='bbox 1728 1801 1777 1838; x_wconf 72' lang='grc' dir='ltr'>τὴν</span> 
     </span>
     <span class='ocr_line' id='line_1_91' title="bbox 1009 1842 1777 1887; baseline 0.009 -16"><span class='ocrx_word' id='word_1_688' title='bbox 1009 1842 1107 1882; x_wconf 83' lang='grc' dir='ltr'>ψυχήν.</span> <span class='ocrx_word' id='word_1_689' title='bbox 1124 1844 1172 1880; x_wconf 88' lang='grc' dir='ltr'>Μὴ</span> <span class='ocrx_word' id='word_1_690' title='bbox 1184 1844 1269 1874; x_wconf 90' lang='grc' dir='ltr'>τοίνυν</span> <span class='ocrx_word' id='word_1_691' title='bbox 1283 1845 1331 1881; x_wconf 82' lang='grc' dir='ltr'>τὴν</span> <span class='ocrx_word' id='word_1_692' title='bbox 1351 1847 1511 1887; x_wconf 86' lang='grc' dir='ltr'>πρόσκαιρον</span> <span class='ocrx_word' id='word_1_693' title='bbox 1530 1847 1588 1886; x_wconf 80' lang='grc' dir='ltr'>ἴδῃς</span> <span class='ocrx_word' id='word_1_694' title='bbox 1601 1847 1708 1884; x_wconf 76' lang='grc' dir='ltr'>ἡδονὴν,</span> <span class='ocrx_word' id='word_1_695' title='bbox 1728 1848 1777 1884; x_wconf 80' lang='grc' dir='ltr'>τὴν</span> 
     </span>
     <span class='ocr_line' id='line_1_92' title="bbox 1011 1888 1777 1931; baseline 0.008 -14"><span class='ocrx_word' id='word_1_696' title='bbox 1011 1888 1063 1918; x_wconf 80' lang='grc' dir='ltr'>ἀπὸ</span> <span class='ocrx_word' id='word_1_697' title='bbox 1075 1891 1122 1925; x_wconf 78' lang='grc' dir='ltr'>τῆς</span> <span class='ocrx_word' id='word_1_698' title='bbox 1136 1890 1245 1930; x_wconf 89' lang='grc' dir='ltr'>θεωρίας</span> <span class='ocrx_word' id='word_1_699' title='bbox 1253 1912 1262 1926; x_wconf 90' lang='grc'>,</span> <span class='ocrx_word' id='word_1_700' title='bbox 1271 1891 1339 1921; x_wconf 83' lang='grc' dir='ltr'>ἀλλὰ</span> <span class='ocrx_word' id='word_1_701' title='bbox 1350 1892 1398 1928; x_wconf 81' lang='grc' dir='ltr'>τὴν</span> <span class='ocrx_word' id='word_1_702' title='bbox 1407 1893 1514 1929; x_wconf 80' lang='grc' dir='ltr'>διηνεκῆ</span> <span class='ocrx_word' id='word_1_703' title='bbox 1529 1893 1662 1931; x_wconf 75' lang='grc' dir='ltr'>σκότιησον</span> <span class='ocrx_word' id='word_1_704' title='bbox 1673 1894 1777 1931; x_wconf 75' lang='grc' dir='ltr'>ὀδύνην,</span> 
     </span>
     <span class='ocr_line' id='line_1_93' title="bbox 1010 1935 1777 1980; baseline 0.009 -16"><span class='ocrx_word' id='word_1_705' title='bbox 1010 1935 1059 1971; x_wconf 77' lang='grc' dir='ltr'>τὴν</span> <span class='ocrx_word' id='word_1_706' title='bbox 1070 1935 1123 1966; x_wconf 86' lang='grc' dir='ltr'>ἀπὸ</span> <span class='ocrx_word' id='word_1_707' title='bbox 1135 1938 1183 1972; x_wconf 71' lang='grc' dir='ltr'>τῆς</span> <span class='ocrx_word' id='word_1_708' title='bbox 1197 1937 1346 1976; x_wconf 83' lang='grc' dir='ltr'>ἐπιθυμίας.</span> <span class='ocrx_word' id='word_1_709' title='bbox 1359 1937 1394 1967; x_wconf 77' lang='lat' dir='ltr'>‘H</span> <span class='ocrx_word' id='word_1_710' title='bbox 1403 1938 1451 1978; x_wconf 77' lang='grc' dir='ltr'>μὲν</span> <span class='ocrx_word' id='word_1_711' title='bbox 1462 1939 1513 1980; x_wconf 84' lang='grc' dir='ltr'>γὰρ</span> <span class='ocrx_word' id='word_1_712' title='bbox 1521 1939 1551 1969; x_wconf 83' lang='grc' dir='ltr'>τὸ</span> <span class='ocrx_word' id='word_1_713' title='bbox 1559 1942 1666 1980; x_wconf 83' lang='grc' dir='ltr'>τραῦμα</span> <span class='ocrx_word' id='word_1_714' title='bbox 1674 1941 1777 1971; x_wconf 81' lang='grc' dir='ltr'>ἐνθεῖσα</span> 
     </span>
     <span class='ocr_line' id='line_1_94' title="bbox 1011 1981 1779 2027; baseline 0.008 -16"><span class='ocrx_word' id='word_1_715' title='bbox 1011 1981 1167 2018; x_wconf 78' lang='grc' dir='ltr'>ἀπεπήδησε</span> <span class='ocrx_word' id='word_1_716' title='bbox 1184 1982 1327 2017; x_wconf 82' lang='grc' dir='ltr'>πολλάκις·</span> <span class='ocrx_word' id='word_1_717' title='bbox 1342 1983 1372 2013; x_wconf 84' lang='grc' dir='ltr'>τὸ</span> <span class='ocrx_word' id='word_1_718' title='bbox 1392 1984 1419 2013; x_wconf 83' lang='grc' dir='ltr'>δὲ</span> <span class='ocrx_word' id='word_1_719' title='bbox 1439 1987 1545 2024; x_wconf 87' lang='grc' dir='ltr'>τραῦμα</span> <span class='ocrx_word' id='word_1_720' title='bbox 1568 1988 1616 2016; x_wconf 83' lang='grc' dir='ltr'>οὐκ</span> <span class='ocrx_word' id='word_1_721' title='bbox 1639 1987 1779 2027; x_wconf 70' lang='grc' dir='ltr'>ἀποπηδᾷ,</span> 
     </span>
     <span class='ocr_line' id='line_1_95' title="bbox 1011 2027 1778 2073; baseline 0.008 -16"><span class='ocrx_word' id='word_1_722' title='bbox 1011 2027 1079 2058; x_wconf 82' lang='grc' dir='ltr'>ἀλλὰ</span> <span class='ocrx_word' id='word_1_723' title='bbox 1101 2028 1173 2067; x_wconf 80' lang='grc' dir='ltr'>μένει</span> <span class='ocrx_word' id='word_1_724' title='bbox 1195 2029 1323 2063; x_wconf 82' lang='grc' dir='ltr'>πολλάκις</span> <span class='ocrx_word' id='word_1_725' title='bbox 1348 2030 1394 2060; x_wconf 84' lang='grc' dir='ltr'>καὶ</span> <span class='ocrx_word' id='word_1_726' title='bbox 1418 2030 1558 2061; x_wconf 81' lang='grc' dir='ltr'>ἀπόλλυσι.</span> <span class='ocrx_word' id='word_1_727' title='bbox 1581 2032 1636 2062; x_wconf 83' lang='grc' dir='ltr'>Καὶ</span> <span class='ocrx_word' id='word_1_728' title='bbox 1659 2032 1778 2073; x_wconf 83' lang='grc' dir='ltr'>καθάπερ</span> 
     </span>
     <span class='ocr_line' id='line_1_96' title="bbox 1011 2073 1779 2117; baseline 0.007 -14"><span class='ocrx_word' id='word_1_729' title='bbox 1011 2074 1105 2115; x_wconf 83' lang='grc' dir='ltr'>ἔλαφος</span> <span class='ocrx_word' id='word_1_730' title='bbox 1119 2074 1246 2114; x_wconf 81' lang='grc' dir='ltr'>δεξαμένη</span> <span class='ocrx_word' id='word_1_731' title='bbox 1262 2075 1337 2115; x_wconf 77' lang='grc' dir='ltr'>βέλος</span> <span class='ocrx_word' id='word_1_732' title='bbox 1358 2077 1386 2108; x_wconf 78' lang='grc' dir='ltr'>ἐν</span> <span class='ocrx_word' id='word_1_733' title='bbox 1408 2073 1503 2117; x_wconf 84' lang='grc' dir='ltr'>καιρίῳ</span> <span class='ocrx_word' id='word_1_734' title='bbox 1516 2080 1562 2107; x_wconf 90' lang='grc' dir='ltr'>τοῦ</span> <span class='ocrx_word' id='word_1_735' title='bbox 1577 2078 1700 2117; x_wconf 83' lang='grc' dir='ltr'>σώματος</span> <span class='ocrx_word' id='word_1_736' title='bbox 1709 2101 1718 2115; x_wconf 89' lang='grc'>,</span> <span class='ocrx_word' id='word_1_737' title='bbox 1729 2079 1779 2108; x_wconf 80' lang='grc' dir='ltr'>κᾶν</span> 
     </span>
     <span class='ocr_line' id='line_1_97' title="bbox 1010 2121 1780 2164; baseline 0.006 -14"><span class='ocrx_word' id='word_1_738' title='bbox 1010 2121 1110 2162; x_wconf 79' lang='grc' dir='ltr'>ἐκφύγῃ</span> <span class='ocrx_word' id='word_1_739' title='bbox 1124 2123 1176 2150; x_wconf 82' lang='grc' dir='ltr'>τῶν</span> <span class='ocrx_word' id='word_1_740' title='bbox 1190 2123 1310 2161; x_wconf 81' lang='grc' dir='ltr'>θηρατῶν</span> <span class='ocrx_word' id='word_1_741' title='bbox 1323 2122 1370 2156; x_wconf 84' lang='grc' dir='ltr'>τὰς</span> <span class='ocrx_word' id='word_1_742' title='bbox 1383 2127 1489 2163; x_wconf 86' lang='grc' dir='ltr'>χεῖρας,</span> <span class='ocrx_word' id='word_1_743' title='bbox 1505 2123 1578 2153; x_wconf 80' lang='grc' dir='ltr'>οὐδὲν</span> <span class='ocrx_word' id='word_1_744' title='bbox 1588 2124 1717 2164; x_wconf 85' lang='grc' dir='ltr'>κερδαίνει</span> <span class='ocrx_word' id='word_1_745' title='bbox 1727 2126 1780 2155; x_wconf 87' lang='grc' dir='ltr'>λοι-</span> 
     </span>
     <span class='ocr_line' id='line_1_98' title="bbox 1011 2167 1779 2210; baseline 0.007 -14"><span class='ocrx_word' id='word_1_746' title='bbox 1011 2167 1074 2197; x_wconf 86' lang='grc' dir='ltr'>πόν·</span> <span class='ocrx_word' id='word_1_747' title='bbox 1089 2167 1157 2197; x_wconf 73' lang='grc' dir='ltr'>οὕτω</span> <span class='ocrx_word' id='word_1_748' title='bbox 1176 2168 1221 2196; x_wconf 85' lang='grc' dir='ltr'>καὶ</span> <span class='ocrx_word' id='word_1_749' title='bbox 1243 2168 1316 2208; x_wconf 84' lang='grc' dir='ltr'>ψυχὴ</span> <span class='ocrx_word' id='word_1_750' title='bbox 1338 2168 1465 2208; x_wconf 79' lang='grc' dir='ltr'>δεξαμένη</span> <span class='ocrx_word' id='word_1_751' title='bbox 1492 2170 1567 2210; x_wconf 79' lang='grc' dir='ltr'>βέλος</span> <span class='ocrx_word' id='word_1_752' title='bbox 1591 2171 1731 2210; x_wconf 84' lang='grc' dir='ltr'>ἐπιθυμίας</span> <span class='ocrx_word' id='word_1_753' title='bbox 1751 2171 1779 2205; x_wconf 78' lang='grc' dir='ltr'>ἐξ</span> 
     </span>
     <span class='ocr_line' id='line_1_99' title="bbox 1010 2212 1780 2256; baseline 0.005 -14"><span class='ocrx_word' id='word_1_754' title='bbox 1010 2212 1158 2243; x_wconf 85' lang='grc' dir='ltr'>ἀκολάστου</span> <span class='ocrx_word' id='word_1_755' title='bbox 1183 2214 1229 2243; x_wconf 84' lang='grc' dir='ltr'>καὶ</span> <span class='ocrx_word' id='word_1_756' title='bbox 1257 2213 1396 2254; x_wconf 79' lang='grc' dir='ltr'>περιέργου</span> <span class='ocrx_word' id='word_1_757' title='bbox 1424 2215 1532 2255; x_wconf 85' lang='grc' dir='ltr'>θεωρίας</span> <span class='ocrx_word' id='word_1_758' title='bbox 1543 2239 1551 2254; x_wconf 90' lang='grc'>,</span> <span class='ocrx_word' id='word_1_759' title='bbox 1575 2216 1625 2246; x_wconf 80' lang='grc' dir='ltr'>κᾶν</span> <span class='ocrx_word' id='word_1_760' title='bbox 1646 2216 1676 2245; x_wconf 85' lang='grc' dir='ltr'>τὸ</span> <span class='ocrx_word' id='word_1_761' title='bbox 1705 2216 1780 2256; x_wconf 81' lang='grc' dir='ltr'>βέλος</span> 
     </span>
     <span class='ocr_line' id='line_1_100' title="bbox 1011 2263 1776 2306; baseline 0.005 -13"><span class='ocrx_word' id='word_1_762' title='bbox 1011 2265 1106 2304; x_wconf 85' lang='grc' dir='ltr'>ἀφεῖσα</span> <span class='ocrx_word' id='word_1_763' title='bbox 1129 2263 1247 2304; x_wconf 80' lang='grc' dir='ltr'>ἀπέλθῃ,</span> <span class='ocrx_word' id='word_1_764' title='bbox 1271 2264 1337 2300; x_wconf 75' lang='grc' dir='ltr'>αὐτὴ</span> <span class='ocrx_word' id='word_1_765' title='bbox 1349 2265 1527 2306; x_wconf 79' lang='grc' dir='ltr'>διαφθείρεται</span> <span class='ocrx_word' id='word_1_766' title='bbox 1548 2266 1594 2296; x_wconf 83' lang='grc' dir='ltr'>καὶ</span> <span class='ocrx_word' id='word_1_767' title='bbox 1615 2266 1776 2305; x_wconf 67' lang='grc' dir='ltr'>ἀπόλλυται,</span> 
     </span>
    </p>
   </div>
   <div class='ocr_carea' id='block_1_12' title="bbox 1022 2355 1778 2549">
    <p class='ocr_par' dir='ltr' id='par_1_14' title="bbox 1058 2355 1377 2389">
     <span class='ocr_line' id='line_1_101' title="bbox 1058 2355 1377 2389; baseline 0 -8"><span class='ocrx_word' id='word_1_768' title='bbox 1058 2363 1068 2375; x_wconf 77' lang='lat' dir='ltr'>e</span> <span class='ocrx_word' id='word_1_769' title='bbox 1085 2355 1155 2381; x_wconf 86' lang='lat' dir='ltr'>Unus</span> <span class='ocrx_word' id='word_1_770' title='bbox 1168 2359 1213 2383; x_wconf 78' lang='grc' dir='ltr'>ἀπὸ</span> <span class='ocrx_word' id='word_1_771' title='bbox 1223 2358 1377 2389; x_wconf 73' lang='grc' dir='ltr'>τοώτομάτου.</span> 
     </span>
    </p>

    <p class='ocr_par' dir='ltr' id='par_1_15' title="bbox 1056 2394 1354 2430">
     <span class='ocr_line' id='line_1_102' title="bbox 1056 2394 1354 2430; baseline 0.007 -10"><span class='ocrx_word' id='word_1_772' title='bbox 1056 2394 1067 2410; x_wconf 73' lang='lat'>‘¹</span> <span class='ocrx_word' id='word_1_773' title='bbox 1085 2394 1152 2420; x_wconf 79' lang='lat' dir='ltr'>Alius</span> <span class='ocrx_word' id='word_1_774' title='bbox 1164 2399 1208 2430; x_wconf 78' lang='grc' dir='ltr'>πῦρ</span> <span class='ocrx_word' id='word_1_775' title='bbox 1221 2400 1354 2422; x_wconf 83' lang='grc' dir='ltr'>ἀνάπτεται.</span> 
     </span>
    </p>

    <p class='ocr_par' dir='ltr' id='par_1_16' title="bbox 1022 2434 1778 2549">
     <span class='ocr_line' id='line_1_103' title="bbox 1056 2434 1775 2469; baseline 0.001 -11"><span class='ocrx_word' id='word_1_776' title='bbox 1056 2441 1066 2453; x_wconf 80' lang='lat' dir='ltr'>e</span> <span class='ocrx_word' id='word_1_777' title='bbox 1083 2435 1139 2458; x_wconf 91' lang='lat' dir='ltr'>Duo</span> <span class='ocrx_word' id='word_1_778' title='bbox 1154 2435 1212 2459; x_wconf 85' lang='lat' dir='ltr'>Mss.</span> <span class='ocrx_word' id='word_1_779' title='bbox 1230 2438 1339 2469; x_wconf 69' lang='grc' dir='ltr'>λαμπρὰν</span> <span class='ocrx_word' id='word_1_780' title='bbox 1356 2437 1407 2468; x_wconf 74' lang='grc' dir='ltr'>ἧψε,</span> <span class='ocrx_word' id='word_1_781' title='bbox 1427 2443 1457 2460; x_wconf 85' lang='lat' dir='ltr'>ex</span> <span class='ocrx_word' id='word_1_782' title='bbox 1474 2436 1620 2468; x_wconf 76' lang='lat' dir='ltr'>repetitione</span> <span class='ocrx_word' id='word_1_783' title='bbox 1636 2439 1675 2462; x_wconf 78' lang='grc' dir='ltr'>τοῦ</span> <span class='ocrx_word' id='word_1_784' title='bbox 1691 2447 1718 2461; x_wconf 83' lang='grc' dir='ltr'>αν</span> <span class='ocrx_word' id='word_1_785' title='bbox 1728 2434 1775 2460; x_wconf 88' lang='lat' dir='ltr'>de—</span> 
     </span>
     <span class='ocr_line' id='line_1_104' title="bbox 1023 2473 1778 2508; baseline 0.003 -12"><span class='ocrx_word' id='word_1_786' title='bbox 1023 2477 1142 2497; x_wconf 85' lang='lat' dir='ltr'>truncata</span> <span class='ocrx_word' id='word_1_787' title='bbox 1154 2473 1235 2505; x_wconf 84' lang='lat' dir='ltr'>prima</span> <span class='ocrx_word' id='word_1_788' title='bbox 1251 2474 1395 2506; x_wconf 84' lang='lat' dir='ltr'>posterioris</span> <span class='ocrx_word' id='word_1_789' title='bbox 1415 2474 1487 2499; x_wconf 83' lang='lat' dir='ltr'>vocis</span> <span class='ocrx_word' id='word_1_790' title='bbox 1505 2473 1611 2508; x_wconf 78' lang='lat' dir='ltr'>syllaba.</span> <span class='ocrx_word' id='word_1_791' title='bbox 1630 2473 1702 2501; x_wconf 79' lang='lat' dir='ltr'>Infra</span> <span class='ocrx_word' id='word_1_792' title='bbox 1716 2482 1778 2499; x_wconf 86' lang='lat' dir='ltr'>unus</span> 
     </span>
     <span class='ocr_line' id='line_1_105' title="bbox 1022 2514 1414 2549; baseline 0.005 -12"><span class='ocrx_word' id='word_1_793' title='bbox 1022 2514 1100 2542; x_wconf 78' lang='grc' dir='ltr'>εὐθέως</span> <span class='ocrx_word' id='word_1_794' title='bbox 1108 2519 1152 2539; x_wconf 73' lang='grc' dir='ltr'>τῶν</span> <span class='ocrx_word' id='word_1_795' title='bbox 1164 2516 1266 2548; x_wconf 72' lang='grc' dir='ltr'>ὁρώντων</span> <span class='ocrx_word' id='word_1_796' title='bbox 1278 2517 1414 2549; x_wconf 67' lang='grc' dir='ltr'>ἐμπίπρησι.</span> 
     </span>
    </p>
   </div>
  </div>
 </body>
</html>
