1890 2826
110 298 113 303 .
127 290 179 303 [lass-

108 313 130 334 3.
143 311 165 341 4,
187 319 220 334 ιι.

130 656 147 677 C
151 664 176 692 ur
187 656 245 687 Moy-

124 694 139 707 ·s

262 161 328 198 512
949 177 1128 203 severum

260 235 319 265 lista
333 245 385 265 non
399 235 474 276 prius
489 236 561 276 leges
573 249 589 267 a
601 236 711 268 Christo
724 238 791 268 latas
804 239 906 279 posuit,
917 251 998 279 quam

241 298 246 303 ·
259 283 317 323 ejus
330 282 499 312 dominatum
511 283 625 315 dixisset
634 285 677 315 his
690 285 781 317 verbis
791 289 845 316 :In
855 289 998 327 principio

258 336 323 359 erat
332 330 470 365 Verbum,
485 336 513 359 et
534 331 662 361 Verbum
674 339 738 362 erat
758 335 837 373 apud
849 335 955 369 Deum,
969 342 998 365 et

258 376 339 405 Deus
362 383 425 405 erat
446 376 581 406 Verbum.
598 378 706 408 Omnia
724 389 777 419 per
800 381 892 420 ipsum
906 381 998 422 sacta

257 429 337 459 sunt,
346 428 374 451 et
387 424 450 452 sine
461 424 523 462 ipso
523 423 646 464 facium
657 431 701 455 est
712 426 789 456 nihil
799 428 879 467 quod
875 427 997 468 sactum
1015 431 1034 456 E

256 475 308 498 est.
324 470 362 498 In
376 470 438 508 ipso
460 470 525 499 vita
538 477 612 508 erat,
631 478 658 501 e!
673 474 740 502 vim
759 480 824 503 erat
837 474 890 504 luiz·
903 475 996 504 homi-

258 525 338 544 num.
353 517 391 545 In
401 517 521 555 propria
531 519 626 555 venit,
639 525 668 549 et
680 521 726 549 sui
737 530 803 550 eum
811 530 871 551 non
882 531 996 562 recepe-

256 567 336 590 runt.
352 562 422 590 Cum
441 561 555 593 dixisset
575 574 638 594 eum
647 565 780 606 Opificem
792 573 819 597 et
831 568 995 603 Creatorem,

256 613 320 635 tunc
328 606 433 636 inducit
446 607 526 638 illum
536 609 680 640 Doctorem
692 618 719 641 et
730 613 922 653 Legislatorem
934 614 996 643 uni-

255 652 337 682 versi.
359 654 481 683 Rursum
501 654 572 685 alius
593 657 698 697 Moysis
710 668 818 699 scopus.
833 660 890 690 Cur
903 660 997 690 beatus

185 696 204 709 ’ν
237 700 364 739 :Moyses
386 700 483 730 caelum
505 703 674 740 memoravit,
688 710 797 743 tet-ram,
813 716 895 744 mare,
915 717 998 745 aquas

105 718 184 739 luilium
190 727 238 741 crea

103 1766 190 1789 Dan.3.
201 1766 241 1797 57-

181 759 188 771 ι
224 759 247 772 a·
255 752 280 774 et
292 756 323 774 ea
337 756 396 785 quae
409 757 444 776 ex
457 746 513 776 illis
526 754 599 785 sunt,
609 750 767 789 angelorum
777 758 877 790 autem,
886 753 998 782 archan-

255 791 387 830 gelorum,
400 793 543 833 Seraphim
555 801 581 824 et
591 795 740 826 Cherubim
758 797 862 827 nullam
882 799 997 829 mentio-

256 847 317 866 nem
333 837 413 867 fecit?
428 839 501 876 Quia
520 839 650 870 nimirum
671 841 866 882 legislationem
880 843 916 874 ad
929 852 997 875 tem-

255 883 328 922 poris
352 884 428 914 illius
448 884 629 916 conditionem
650 887 768 928 aptabat.
791 889 910 920 Noverat
926 891 997 921 enim

254 930 418 968 quibuscum
439 931 612 971 loqueretur,
633 944 696 964 cum
719 934 754 964 iis
775 945 870 976 nempe
891 937 939 976 qui
963 948 997 967 ex

255 976 374 1016 AEgypto
387 978 485 1017 egressi
496 985 582 1016 erant,
594 979 643 1018 qui
656 980 849 1021 AEgyptiacum
866 992 995 1019 errorem,

254 1022 348 1060 solem,
361 1024 464 1061 lunam,
480 1024 582 1061 stellas,
597 1025 708 1062 fluvios,
722 1026 818 1064 sontes,
830 1038 912 1066 aquas
922 1028 995 1058 didi-

255 1114 383 1145 sibilibus
402 1116 485 1146 verba
498 1117 571 1154 facit,
593 1124 623 1147 ut
635 1118 806 1158 persuaderet
827 1119 866 1150 eis
879 1121 926 1159 qui
940 1121 1000 1152 haee

255 1161 413 1198 adorabant,
421 1169 450 1192 ut
460 1173 494 1192 ne
503 1163 551 1193 illa
559 1164 625 1194 deos
636 1175 693 1194 esse
705 1172 840 1205 putarent,
854 1166 900 1196 sed
915 1178 996 1207 opera

254 1206 314 1236 Dei.
326 1208 386 1236 Non
400 1218 505 1238 necesse
518 1219 633 1248 namque
645 1217 711 1248 erat,
728 1218 757 1241 ut
771 1212 827 1242 illis
840 1213 997 1254 angelorum

254 1259 281 1282 et
293 1253 515 1293 archangelorum
528 1255 649 1285 notitiam
665 1256 750 1294 daret,
764 1268 797 1288 ne
811 1270 919 1289 rursum
930 1260 996 1290 illo-

255 1310 317 1328 rum
330 1299 517 1339 aegritudinem
526 1301 617 1330 aleret.
633 1302 703 1332 Nam
719 1302 754 1340 si,
769 1304 872 1334 etiamsi
885 1315 938 1335 non
951 1305 995 1335 vi-

254 1345 357 1382 derent,
371 1346 478 1385 angelos
500 1353 588 1377 tamen
605 1359 663 1378 esse
682 1348 820 1388 dixerunt,
837 1351 922 1380 multo
942 1362 996 1381 ma-

254 1392 307 1431 gis,
323 1392 346 1422 si
364 1392 500 1422 audissent
517 1394 624 1434 angelos
641 1401 687 1424 aut
704 1395 888 1436 archangelos,
903 1405 996 1438 putas-

253 1446 311 1468 sent
323 1439 385 1468 illos
399 1449 455 1469 esse
467 1439 541 1470 deos.
558 1440 613 1471 Sed
620 1442 716 1471 caelum
727 1450 867 1481 memorat,
882 1451 993 1482 terram,

254 1492 368 1522 montes,
382 1497 474 1525 aquas,
484 1494 510 1517 et
523 1487 613 1517 omnia
625 1499 684 1527 quae
697 1499 732 1518 ex
745 1489 801 1519 illis
813 1497 894 1529 sunt;
908 1499 938 1521 ut
951 1492 995 1521 vi-

254 1577 385 1617 Opifioem
398 1577 505 1618 prodat.
520 1578 566 1608 Sic
579 1589 642 1619 ergo
654 1579 735 1609 etiam
749 1587 803 1610 tres
814 1582 893 1620 pueri
906 1583 995 1624 Baby-

253 1623 314 1653 lone
323 1624 451 1654 seoerunt.
463 1625 534 1662 Quia
551 1625 623 1654 enim
640 1625 715 1666 apud
726 1633 831 1667 gentem
844 1628 920 1658 illam
931 1640 994 1660 ver-

251 1669 380 1700 sabantur
393 1672 450 1700 Deo
470 1670 606 1700 inimicam
622 1683 629 1700 =
643 1682 692 1702 nec
711 1680 769 1703 erat
790 1673 840 1703 Dei
860 1676 991 1715 cognitio,

251 1715 299 1745 sed
312 1715 386 1745 idola
398 1716 566 1754 colebantur,
576 1717 604 1746 in
623 1718 729 1748 fornace
736 1730 797 1750 cum
809 1728 906 1759 essent,
920 1721 993 1752 dice-

250 1761 317 1791 bant
330 1774 337 1791 :
353 1764 537 1801 Benedicite,
550 1765 650 1793 omnia
669 1776 756 1805 opera
775 1767 908 1805 Domini,
926 1770 992 1799 Do-

252 1811 343 1838 mino.
357 1810 413 1839 Cur
427 1820 480 1839 non
505 1810 641 1847 dicebant,
668 1811 766 1852 Angeli
779 1836 787 1849 ,
803 1814 862 1843 caeli
877 1837 885 1852 ‚
909 1821 990 1854 terra,

251 1855 332 1894 ignis,
347 1866 416 1894 aqua
435 1856 534 1896 frigus,
544 1863 634 1892 aestus,
647 1864 674 1887 et
697 1858 864 1897 similia,sed
881 1863 993 1892 creatio-

251 1911 311 1931 nem
334 1902 474 1941 sigillatim
485 1900 707 1933 enumerant?Ut
724 1913 872 1936 creaturam
885 1918 994 1939 omnem

251 1947 400 1984 abluerent,
410 1955 436 1977 et
446 1954 532 1978 totum
541 1948 680 1988 opificium
694 1950 866 1990 mundarent,
877 1954 994 1984 nullam-

252 2004 304 2032 que
319 1994 500 2032 relinquerent
519 1994 663 2034 impietatis
682 1996 838 2027 scintillam.
857 2000 993 2036 Quemad-

251 2038 363 2068 modum
377 2039 457 2068 etiam
473 2039 525 2069 hoc
545 2040 604 2069 loco
617 2042 726 2081 Moyses
745 2050 774 2072 ut
790 2054 896 2074 omnem
907 2046 992 2087 AEgy-

252 2085 370 2125 ptiacum
386 2095 504 2115 errorem
516 2096 531 2115 a
544 2086 647 2116 Judaeis
669 2087 830 2128 eliminaret,
851 2092 947 2122 caelum
967 2100 994 2123 et
1010 2100 1029 2124 C

253 2138 350 2161 terram
374 2138 404 2161 ut
431 2139 519 2162 creata
553 2141 692 2171 memorat,
713 2142 742 2165 ut
770 2136 828 2167 haec
847 2139 915 2169 facta
935 2151 993 2170 esse

251 2177 411 2213 ostenderet,
424 2184 450 2207 et
467 2178 600 2219 Opificem
619 2179 776 2212 declararet.
792 2185 830 2213 ln
849 2187 992 2226 principio

252 2226 361 2253 creavit
374 2225 455 2254 Deus
468 2225 572 2255 caelum
583 2232 612 2254 et
626 2233 744 2257 terram.

291 2271 321 2300 5.
343 2270 394 2300 Hic
406 2271 476 2300 mibi
496 2271 616 2300 animum
633 2272 743 2302 adhibe.
759 2274 817 2314 Ego
832 2277 916 2307 miror
926 2289 991 2317 quo-

251 2315 337 2355 modo:
357 2317 474 2346 Joannes
501 2323 527 2346 et
550 2319 658 2358 Moyses
679 2318 751 2348 idem
764 2321 929 2362 principium
945 2324 993 2354 ha-

249 2364 339 2392 beant.
355 2364 424 2392 Nam
437 2363 481 2393 hic
494 2362 560 2393 dicit
576 2376 583 2392 :
599 2366 637 2393 1η
648 2366 791 2405 principio
805 2371 913 2398 creavit
918 2381 932 2406 ;
943 2371 991 2401 ille

253 2419 316 2438 vcro
328 2408 367 2438 ait
382 2421 389 2437 ε
406 2411 443 2438 In
452 2411 596 2449 principio
607 2417 679 2440 erat.
693 2412 798 2442 Verum
812 2419 838 2442 et
853 2413 901 2444 ille
916 2415 989 2445 utili-

286 2522 295 2531 ι*
314 2514 354 2538 Sic
368 2514 509 2540 Vaticanus.
524 2517 555 2540 In
567 2515 644 2541 Savil.
663 2519 727 2544 εἶπαν
736 2517 815 2550 deest,
828 2519 895 2550 quod
908 2519 948 2545 bic
968 2526 1006 2544 ta-

254 2561 309 2577 men
327 2555 500 2586 necessarium,
518 2560 546 2579 ut
558 2554 609 2588 ipse
620 2555 787 2582 subodoratus
808 2564 852 2583 est.
867 2558 949 2587 [Infra
961 2568 1008 2592 pro

255 1076 355 1098 cerant.
368 1069 552 1101 Invisibilium
569 1081 632 1112 ergo
645 1072 777 1103 creatione
795 1073 898 1112 relicta,
913 1073 948 1104 de
955 1075 997 1104 vi·
1006 1051 1042 1103 Ὗ

1059 243 1162 282 πρῶτον
1188 243 1261 278 ἔταξε
1275 246 1320 273 τοῦ
1335 245 1452 284 Χριστοῦ
1466 244 1514 282 τὴν
1528 246 1682 285 νομοθεσίαν
1692 269 1700 283 ,
1729 247 1777 281 ἕως
1792 243 1828 277 εἷ·

1057 300 1105 318 πεν
1116 291 1196 319 αὐτοῦ
1209 290 1257 327 τὴν
1270 291 1434 328 δεσποτείαν,
1447 292 1542 322 εἰπών·
1557 294 1605 323 Ἐν
1615 295 1686 334 ἀρχῇ
1700 289 1732 330 ἦν
1748 296 1762 324 6
1773 294 1828 324 Ao‘·

1056 346 1101 374 γος
1111 357 1119 370 ,
1137 335 1182 364 καὶ
1199 337 1214 365 6
1236 336 1320 376 Λόγος
1333 332 1365 373 ἦν
1377 337 1442 378 πρὸς
1455 338 1499 368 τὸν
1517 338 1600 376 Θεὸν,
1626 339 1671 369 καὶ
1689 340 1756 373 Θεὸς
1767 335 1800 376 ἦν
1815 342 1829 370 6

1056 381 1148 420 Λόγος.
1160 381 1255 411 Πάντα
1266 383 1299 412 δι’
1310 384 1388 412 αὐτοῦ
1400 383 1514 423 ἐγένετο,
1528 384 1574 414 καὶ
1585 385 1668 425 χωρὶς
1679 386 1759 415 αὖτοῧ
1773 386 1829 426 ἐγέ-

1056 438 1114 456 νετο
1127 427 1186 457 οὐδὲ
1195 427 1239 465 ἓν,
1252 428 1267 458 ὃ
1279 429 1395 469 γέγονεν.
1412 428 1459 460 Ἐν
1472 431 1544 471 αὐτῷ
1557 430 1611 467 ζωὴ
1625 427 1658 467 ’ἧν
1667 455 1675 469 ,
1689 431 1734 461 καὶ
1747 434 1764 468 ἡ
1774 432 1828 467 ζωὴ

1055 468 1088 509 ἦν
1105 473 1136 503 τὸ
1154 475 1208 514 φῶς
1221 476 1274 504 τῶν
1290 475 1442 515 ἀνθρώπων.
1464 477 1512 510 Εἰς
1531 476 1566 506 τὰ
1577 476 1631 506 ἴδια
1643 473 1725 513 ἦλθε,
1745 478 1791 507 καὶ
1805 480 1829 507 οἱ

1056 519 1117 549 ἴδιοι
1131 520 1208 549 αὐτὸν
1222 522 1252 550 οὗ
1265 521 1428 562 παρέλαὸον.
1457 522 1523 552 “Ore
1536 518 1610 553 εἶπεν
1624 523 1702 553 αὐτὸν
1715 524 1829 561 ποιητὴν

1055 565 1100 595 καὶ
1123 567 1294 607 δημιουργὸν,
1316 567 1376 598 τότε
1398 568 1499 608 εἰσάγει
1519 569 1597 599 αὐτὸν
1612 568 1769 599 διδάσκαλον
1783 570 1829 600 καὶ

1055 612 1197 651 νομοθέτην
1212 615 1258 643 τοῦ
1269 613 1377 648 παντός.
1391 614 1479 644 Πάλιν
1490 615 1569 650 ἄλλος
1580 615 1676 649 σκοπὸς
1683 615 1828 649 Μωῦσέως.

1056 658 1134 688 Διατ(
1144 661 1158 689 6
1173 660 1302 700 μακάριος
1317 661 1436 696 Μωϋσῆς
1452 661 1561 701 οὐρανοῦ
1574 661 1621 700 μὲν
1634 662 1833 701 ἐμνημόνευσε,

1056 704 1100 734 καὶ
1115 707 1164 744 γῆς
1175 705 1221 735 καὶ
1233 706 1368 742 Θαλάσσης
1381 706 1428 736 καὶ
1438 706 1541 736 ὑδάτων
1549 730 1557 744 ,
1571 707 1617 736 καὶ
1627 709 1681 736 τῶν
1695 707 1721 742 ἐξ
1730 709 1828 743 αὐτῶν,

1056 750 1175 791 ἀγγέλων
1187 751 1214 781 δὲ
1228 751 1245 787 ἢ
1258 752 1431 792 ἀρχαγγέλων
1440 776 1448 790 ,
1463 752 1480 788 ἢ
1496 753 1636 793 Σεραφεὶμ
1648 752 1666 788 ἢ
1680 753 1830 793 Χερουὸεὶμ

1055 798 1103 826 οὔκ
1113 798 1322 836 ἔμνημόνευσεν;
1338 798 1450 835 Ἐπειδὴ
1465 798 1510 828 καὶ
1524 798 1573 835 τὴν
1597 798 1751 838 νομοθεσίαν
1764 798 1831 839 πρὸς

1054 842 1114 877 τοὺς
1127 843 1187 873 τότε
1210 844 1316 884 καιροὺς
1328 844 1451 884 ἥρμοζεν.
1471 843 1551 887 ’ᾘδει
1562 843 1615 884 γὰρ
1626 840 1668 878 οἷς
1679 844 1811 885 διελέγετο
1821 866 1829 880 ,

1054 893 1108 922 τοῖς
1121 889 1266 924 ἐξελθοῦσιν
1278 891 1308 919 ἐκ
1318 891 1366 926 τῆς
1373 891 1510 930 Αἰγύπτου
1519 913 1527 927 ,
1550 895 1605 924 τοῖς
1617 890 1666 926 τὴν
1680 892 1829 930 Αἰγυπτια-

1054 935 1104 971 κὴν
1118 935 1222 972 πλάνην
1233 938 1360 974 μαθοῦσιν
1371 959 1380 974 ,
1394 936 1469 973 ἥλιον
1487 936 1533 966 καὶ
1547 936 1661 973 σελήνην
1675 936 1720 966 καὶ
1734 937 1828 977 ἄστρα,

1054 981 1189 1020 ποταμοὺς
1200 982 1245 1011 καὶ
1265 981 1352 1021 πηγὰς
1366 982 1411 1012 καὶ
1429 982 1522 1012 ὕδατα.
1547 982 1697 1013 Κατέλιπεν
1715 978 1760 1013 οὗν
1779 984 1829 1020 τὴν

1054 1029 1107 1056 τῶν
1119 1027 1238 1067 ἀοράτων
1249 1027 1437 1068 δημιουργίαν,
1447 1028 1493 1058 καὶ
1507 1032 1577 1058 κενοῖ
1590 1028 1634 1058 τὸν
1648 1028 1725 1069 λόγον
1737 1028 1781 1058 ἐπὶ
1795 1029 1829 1059 τὰ

1055 1073 1192 1113 ὁρώμενα,
1214 1072 1257 1103 ἵνα
1271 1073 1351 1114 πείσῃ
1368 1074 1428 1108 τοὺς
1444 1074 1546 1108 τούτοις
1564 1078 1776 1115 προσκυνοῦντας
1791 1075 1829 1115 μὴ

1055 1119 1168 1158 νομίζειν
1186 1119 1252 1149 αὐτὰ
1271 1118 1362 1158 θεοὺς,
1380 1121 1440 1150 ἀλλ’
1463 1121 1529 1161 ἔργα
1542 1122 1623 1151 Θεοῦ.
1642 1121 1695 1151 Καὶ
1716 1120 1768 1161 γὰρ
1781 1123 1829 1151 οὐκ

1054 1160 1086 1201 ἧν
1101 1166 1242 1204 ἀναγκαῖον
1256 1165 1316 1195 τότε
1337 1165 1417 1200 δεῖξαι
1436 1166 1544 1201 ἐκείνοις
1563 1166 1625 1207 περὶ
1645 1166 1764 1206 ἀγγέλων
1783 1167 1830 1196 καὶ

1055 1211 1227 1250 ἀρχαγγέλων
1237 1234 1245 1248 ,
1266 1211 1308 1241 ἵνα
1326 1211 1363 1251 μὴ
1376 1212 1456 1243 πάλιν
1471 1212 1554 1253 θρέψῃ
1568 1213 1655 1242 αὐτῶν
1670 1211 1718 1248 τὴν
1741 1211 1829 1242 νόσον.

1054 1256 1089 1285 Εἰ
1100 1256 1151 1296 γὰρ
1165 1256 1203 1295 μὴ
1219 1256 1359 1296 βλέποντες
1377 1256 1522 1297 ιἀγγέλους
1536 1252 1628 1292 εἶπαν,
1647 1257 1739 1296 πολλιῖ)
1758 1257 1830 1295 μᾶλ-

1053 1302 1113 1339 λον,
1125 1303 1149 1331 εἰ
1167 1302 1283 1338 ἤκουσαν
1307 1303 1433 1343 ἀγγέλους
1453 1303 1470 1338 ἢ
1496 1302 1691 1343 ἀρχαγγέλους,
1705 1302 1829 1341 ἐνόμισαν

1053 1347 1166 1382 ἐκείνους
1176 1348 1248 1382 θεοὺς
1259 1344 1334 1378 εἶναι.
1346 1348 1425 1378 Ἀλλὰ
1432 1348 1590 1388 μνημονεύει
1598 1349 1708 1388 οὐρανοῦ
1715 1348 1760 1378 καὶ
1770 1350 1830 1388 γῆς,

1053 1393 1133 1433 ὀρέων
1140 1394 1185 1423 καὶ
1194 1394 1296 1424 ὑδάτων
1304 1417 1313 1432 ,
1328 1394 1374 1424 καὶ
1387 1396 1439 1424 τῶν
1453 1394 1481 1429 ἐξ
1492 1396 1578 1424 αὐτῶν
1591 1393 1697 1423 πάντων
1705 1416 1713 1431 ‚
1726 1393 1830 1423 ἵναάπὸ

1053 1441 1106 1468 τῶν
1120 1440 1259 1480 ὁρωμένων
1284 1440 1433 1481 ἑρμηνεύσῃ
1446 1440 1491 1470 τὸν
1505 1440 1616 1480 ἀόρατον
1625 1462 1633 1477 ,
1654 1440 1698 1469 καὶ
1710 1440 1764 1470 ἀπὸ
1775 1442 1829 1469 τῶν

1053 1484 1135 1525 ἔργων
1162 1486 1233 1526 δείξῃ
1249 1486 1294 1516 τὸν
1315 1486 1451 1527 τεχνίτην.
1476 1485 1570 1520 Οὕτως
1583 1481 1628 1515 οὖν
1651 1485 1697 1515 καὶ
1716 1487 1741 1515 οἱ
1758 1490 1827 1525 τρεῖς

252 1531 380 1561 sibilibus
398 1532 564 1562 invisibilem
576 1533 774 1574 interpretetur,
786 1542 812 1564 et
821 1547 856 1565 ex
869 1537 996 1576 operibus
1010 1525 1034 1563 ἶ
1052 1532 1145 1565 παῖδες
1162 1533 1188 1561 ἓν
1212 1532 1351 1562 Βαὸυλῶνῑ
1375 1531 1514 1568 ἐποίησαν·
1541 1531 1653 1567 'Eri-et&
1666 1530 1718 1571 γὰρ
1737 1532 1775 1563 ἐν’
1787 1533 1827 1571 τῷ

1051 1577 1119 1607 ἔθνει
1130 1573 1198 1614 ἦσαν
1211 1578 1303 1618 ἐκείνῳ
1313 1580 1352 1618 τῷ
1364 1578 1502 1618 θεομάχῳ,
1515 1577 1560 1606 καὶ
1571 1579 1620 1607 οὐκ
1631 1573 1664 1613 ἧν
1676 1578 1746 1607 Θεοῦ
1758 1577 1826 1616 γνῶ-

1051 1635 1106 1660 σις,
1134 1624 1195 1653 ἀλλ’
1207 1624 1303 1654 εἴδωλα
1316 1628 1516 1665 προσεκυνεῖτο·
1537 1624 1564 1652 ἐν
1581 1625 1615 1663 τῇ
1634 1622 1738 1663 καμίνῳ
1754 1623 1827 1656 ὄντες

1049 1670 1180 1710 λέγουσιν·
1193 1672 1351 1711 Εὖλογεῑτε,
1362 1670 1450 1700 πάντα
1463 1670 1498 1700 τὰ
1509 1670 1574 1710 ἔργα
1587 1670 1700 1710 Κυρίου,
1719 1669 1764 1699 τὸν
1772 1669 1827 1699 Κύ-

1051 1716 1200 1756 ριον.Διατί
1216 1717 1264 1747 οὐκ
1271 1712 1354 1755 εἶπον,
1361 1718 1477 1758 ἄγγελοι,
1485 1718 1652 1758 οὖρανοὶ,γῆ,
1659 1719 1726 1757 πῦρ,
1740 1716 1825 1757 ὕδωρ,

1049 1764 1147 1803 ψῦχος,
1171 1765 1275 1802 καῦμα,
1294 1763 1339 1793 καὶ
1357 1763 1407 1793 ὅσα
1418 1766 1541 1800 τοιαῦτα,
1554 1763 1623 1793 ἀλλὰ
1635 1763 1684 1800 τὴν
1696 1764 1824 1802 δημιουρ·

1049 1808 1108 1848 γίοιν
1129 1810 1269 1849 ἀριθμοῦσι
1293 1809 1362 1839 κατὰ
1383 1809 1475 1850 μέρος
1497 1809 1555 1840 Ἵνα
1567 1809 1632 1846 ὅλην
1645 1809 1766 1839 πλύνωσι.
1776 1809 1825 1845 τὴν

1050 1854 1151 1891 κτίσιν,
1170 1854 1215 1884 καὶ
1236 1854 1301 1891 ὅλην
1317 1855 1481 1896 καθαρίσωσι
1499 1855 1549 1892 τὴν
1561 1855 1752 1895 δημιουργίαν,
1778 1854 1824 1883 καὶ

1051 1900 1152 1939 μηδένα
1164 1901 1345 1930 καταλείπωσι
1359 1904 1490 1941 σπινθῆρα
1502 1904 1550 1938 τῆς
1562 1901 1694 1934 ἀσεὸείας.
1717 1900 1823 1939 Ὥσπερ

1050 1946 1095 1975 καὶ
1115 1948 1227 1976 ἐνταῦθα
1240 1948 1357 1983 Mon-mi<
1368 1947 1482 1983 θελήσας
1500 1950 1552 1978 τῶν
1566 1947 1699 1977 Ἰουδαίων
1710 1947 1759 1983 τὴν
1772 1948 1823 1976 Αἷ-

1049 1992 1199 2031 γυπτιακὴν
1213 1993 1345 2023 ἀπελάσαι
1367 1994 1486 2030 πλάνην,
1511 1995 1669 2033 μνημονεύει
1682 1994 1727 2023 καὶ
1741 1995 1822 2034 οὖρα-

1050 2041 1094 2068 νοῦ
1106 2039 1151 2068 καὶ
1169 2041 1218 2078 γῆς
1230 2041 1265 2072 ὡς
1277 2039 1439 2079 γενομένων,
1455 2040 1498 2069 ἵνα
1512 2040 1583 2081 δείξῃ
1597 2041 1631 2070 τὰ
1639 2039 1818 2079 πεποιημένα,

1050 2085 1095 2114 καὶ
1110 2084 1279 2125 μνημονεύσῃ
1293 2084 1338 2114 τὸν
1350 2086 1524 2122 πεποιηκότα.
1550 2086 1598 2116 Ἐν
1613 2088 1683 2127 ἀρχῇ
1697 2086 1821 2122 ἐποίησεν

1049 2132 1063 2159 6
1078 2130 1146 2164 Θεὸς
1158 2131 1202 2161 τὸν
1216 2131 1324 2171 οὐρανὸν
1338 2131 1384 2161 καὶ
1393 2131 1442 2168 τὴν
1453 2134 1514 2172 γῆν.

1086 2274 1154 2308 Ὧδέ
1174 2290 1219 2318 μοι
1237 2279 1282 2309 τὸν
1304 2281 1373 2309 νοῦν.
1399 2279 1472 2319 Ἐγὼ
1490 2281 1616 2319 θαυμάζω
1629 2283 1685 2314 πῶς
1695 2281 1820 2316 Ἰωάννης

1048 2325 1093 2355 καὶ
1109 2327 1227 2362 Μωῦσῆς
1240 2325 1270 2355 τὸ
1279 2326 1343 2356 αὐτὸ
1355 2326 1493 2366 προοίμιον
1507 2327 1593 2367 ἔσχον.
1609 2326 1662 2356 Καὶ
1681 2326 1732 2366 γὰρ
1746 2322 1819 2360 οὗτος

1047 2371 1131 2411 λέγει·
1147 2371 1196 2402 Ἐν
1218 2373 1289 2412 ἀρχῇ
1313 2371 1436 2409 ἐποίησε·
1457 2374 1576 2407 κάκεῖνος
1588 2372 1671 2412 λέγει·
1687 2373 1734 2408 Ἐν
1748 2375 1818 2413 ἀρχῆ

1048 2413 1090 2453 ἦν.
1112 2417 1192 2447 Ἀλλὰ
1215 2419 1337 2453 κάκεῖνος
1363 2419 1520 2459 χρησίμως,
1545 2419 1590 2448 καὶ
1617 2415 1691 2453 οὗτος
1712 2419 1816 2459 κυρίως.

1058 2527 1126 2556 ὁρέων
1145 2523 1282 2550 combefis.
1302 2523 1361 2557 legil-
1378 2530 1459 2559 ἀέρων.
1477 2525 1509 2550 Et
1532 2526 1562 2556 C,
1585 2524 1602 2549 l.
1623 2526 1645 2555 l,
1670 2524 1736 2550 idem
1769 2535 1816 2558 pro

1057 2565 1198 2595 [tunsionum-33
1211 2561 1287 2587 habet
1297 2566 1429 2598 ἐρμηνιύσῃ.
1438 2564 1448 2595 ]
