1904 2840
98 390 149 411 .Ῐυ1ι,
163 390 201 418 40.
213 387 237 410 3,

107 1178 158 1199 Μ.
172 1176 210 1201 38.
222 1175 244 1207 4.

116 1966 140 1986 ,0-
116 1935 138 1955 s

182 1930 194 1962 -Lx

198 1938 219 1953 5⁹

233 1931 246 1954 Q!

118 2051 171 2072 Jub.
182 2048 221 2079 40.
234 2048 258 2071 5.

243 195 311 242 706

247 268 356 308 sponde
379 267 460 296 mihi.
482 266 542 296 Non
565 266 648 303 dixit,
669 265 803 297 Judicabo
827 268 863 302 te,
879 272 907 295 tu
930 275 994 295 vero

247 318 289 337 res
309 306 379 336 ondc
402 306 482 335 mihi.
497 307 557 335 Non
577 306 649 335 euim
659 305 761 335 vocasti
779 315 832 342 me,
845 304 946 344 inquit,
958 304 993 334 ad

244 318 391 388 judicium,
405 345 452 375 sed
464 345 565 375 vocasti
577 356 631 382 me,
641 352 670 374 ut
682 352 770 374 tecum
781 344 928 383 judicarer.
944 345 992 374 Ju-

248 386 335 416 dicem
353 385 454 425 petiisti
472 385 541 414 inter
556 395 600 414 me
609 391 635 414 et
644 391 670 414 te
684 396 691 413 t
708 391 736 414 tu
750 389 808 413 esto
817 383 915 423 judex.
930 384 993 413 Pu-

250 434 296 456 tas
309 436 356 454 me
370 425 459 454 aliter
471 424 522 453 tibi
533 434 702 464 responsum
716 423 841 458 dedisse,
877 433 946 452 uam
961 429 993 452 ut

252 474 393 505 appareas
403 465 521 504 justus?
537 463 684 493 Existimas
701 474 744 493 me
755 463 824 492 hanc
835 434 886 492 figi
900 462 994 492 immi-

251 506 316 534 sisse
328 504 516 538 calamitatem,
526 503 579 532 nisi
594 510 624 533 ut
631 505 736 544 justum
749 509 776 532 te
788 501 944 532 ostendam?
957 502 995 531 Et

251 550 340 583 satage
353 550 383 572 ut
400 543 499 572 horum
509 542 655 573 verborum
675 542 837 572 accurationi
849 540 996 580 diligenter

250 582 378 613 attendas.
391 584 453 613 Non
473 582 559 619 dixit,
582 583 699 612 Putasne
715 593 759 612 me
777 581 855 610 aliter
875 581 926 611 tibi
950 591 995 610 re-

251 633 379 663 sponsum
392 621 507 658 dedisse,
520 631 601 661 quam
621 628 652 650 ut
670 621 761 661 justus
786 620 883 650 fieres?
901 621 996 659 Neque

971 202 1100 228 sumtu.

1046 264 1119 303 λήμ·
1135 262 1282 300 Ἀνάστηθι,
1292 262 1480 303 Ἰερουσαλὴμ,
1497 265 1514 300 ἡ
1528 264 1626 292 πιοῦσα
1642 263 1673 293 τὸ
1691 262 1817 303 ποτήριον

1045 306 1092 332 τοῦ
1111 306 1194 342 θυμοῦ
1206 314 1266 342 μου.
1281 302 1431 342 Περίζωσαι
1444 304 1482 336 ὡς
1500 302 1567 343 ἀνὴρ
1589 303 1638 339 τὴν
1658 302 1740 343 ὀσφύν
1760 314 1816 332 σου.

1045 342 1194 411 225056200
1209 341 1244 411 ἐξ
1261 353 1308 411 32’
1326 341 1721 418 ⁶⁰⁸,ssssqu
1731 337 1816 411 {1

1046 394 1079 460 μζ
1088 443 1096 457 ,
1111 402 1200 461 φησὶν,
1215 422 1253 454 εἰς
1265 393 1361 461 χρίειν,
1384 393 1455 451 ‹DX-'p
1463 392 1645 461 ἐκάλεσάςυμῖ
1659 393 1696 454 εἰς
1708 394 1739 450 ἐἶ
1752 393 1818 460 σῖζξ

1044 461 1166 500 κριθῆναί
1180 472 1230 489 σοι.
1245 460 1381 497 Δικαστὴν
1391 460 1492 500 ᾔτησας
1504 460 1602 500 μεταξὺ
1617 462 1681 500 ἐμοῦ
1694 459 1740 490 καὶ
1754 463 1801 490 σοῦ
1810 471 1817 479 ·

1045 501 1078 529 σὺ
1095 503 1171 539 γενοῦ
1196 499 1331 536 δικαστής.
1345 500 1405 529 otu
1424 500 1512 534 ἄλλως
1532 511 1575 530 σοι
1593 499 1817 541 κεχρηματικέναι

1047 551 1096 590 με,
1111 538 1129 574 ἢ
1147 539 1191 569 ἵνα
1214 541 1350 579 ἀναφανῇς
1368 539 1481 577 δίκαιοςς
1505 539 1645 590 Νομίζεις,
1699 538 1740 575 σὶ,
1755 539 1769 552 '
1783 539 1816 568 δι’

1046 578 1819 659 mma?pgxissffssxzsassstz‘sffi

250 662 324 691 enim
341 661 478 691 calamitas
495 662 585 701 ipsum
600 662 705 701 justum
721 661 819 696 effecit,
835 659 882 689 sed
891 660 995 700 justum
1011 666 1030 689 D
1048 657 1174 697 ῥημάτων
1187 659 1336 698 προσέχων.
1357 659 1417 688 Οὔκ
1438 670 1450 687 ε
1462 670 1522 695 mv,
1538 658 1588 688 otu
1612 670 1645 698 με
1665 657 1753 691 ἄλλως
1777 668 1820 686 σοι

251 701 454 731 demonstravit.
463 702 596 730 Putasne
605 711 650 730 me
661 701 751 730 aliter
761 701 813 729 tibi
827 709 871 729 res
891 708 996 728 onsum

253 742 372 778 dixisse,
385 751 474 786 quam
489 747 522 770 ut
529 742 628 780 justus
639 749 793 781 appareres
802 741 815 767 Ρ
828 711 900 769 Miiii
911 738 994 775 enim,

252 781 352 820 inquit,
366 787 447 809 etiam
462 787 524 809 ante
541 779 687 809 certamina
707 786 786 808 notus
797 789 855 808 eras
871 790 878 807 :
893 777 997 808 mundo

252 827 341 849 autem
364 829 413 859 per
431 819 610 849 calamitatem
631 825 711 848 notus
732 817 835 854 evadis,
848 818 876 847 in
894 816 999 847 mundo

252 859 399 889 obluctam
409 858 608 898 praedicaberis.
620 860 763 898 Propterea
775 864 802 887 te
814 857 932 892 visitavi,
944 866 997 886 nou

255 905 284 928 ut
300 902 432 935 nocerem,
447 897 495 927 sed
515 904 544 927 ut
562 908 732 933 coronarem;
747 907 801 926 non
821 903 852 926 ut
870 896 998 936 deturpa-

254 949 322 975 rem,
335 937 382 967 sed
395 945 425 967 ut
439 938 612 967 illustrarem.
626 938 732 968 Verum
744 936 808 975 quia
825 946 861 965 ex
873 936 997 965 iunocen-

255 978 291 1007 tia
305 984 406 1007 naturae
426 987 578 1006 mensuram
599 987 721 1016 egressus
734 986 773 1012 es,
787 982 840 1004 tuae
852 975 998 1004 sinceritati

254 1017 374 1057 peperci.
386 1018 454 1046 Nam
468 1017 518 1046 etsi
528 1017 590 1055 quis
603 1027 638 1045 ex
651 1015 823 1056 simplicitate
837 1014 997 1054 peccaverit,

254 1058 328 1086 Deus
350 1056 461 1096 corrigit
481 1067 511 1085 ea
530 1066 590 1095 quae
610 1066 658 1095 per
681 1055 860 1085 sinceritatem
882 1053 999 1083 admissa

255 1103 326 1125 sunt.
349 1096 421 1133 Quia
440 1105 504 1126 vero
516 1097 606 1125 Deum
623 1095 652 1124 in
674 1094 807 1135 judicium
825 1093 938 1130 vorasti,
953 1092 999 1122 dic

255 1135 323 1164 mihi
345 1135 451 1174 qualem
471 1134 544 1175 apud
560 1145 603 1164 mc
615 1135 717 1164 habens
734 1134 844 1163 honoris
857 1133 1000 1174 paritatem

255 1175 355 1204 vocasti
363 1174 426 1203 me?
439 1174 495 1203 Ubi
501 1184 565 1203 eras
576 1184 641 1203 cum
648 1175 792 1213 ponebam
795 1173 1001 1214 fundamenta

258 1216 360 1243 terrae?
375 1223 409 1242 an
429 1220 575 1242 coaetaneus
599 1223 656 1242 eras
676 1212 777 1252 Opifici
787 1235 794 1249 ,
809 1219 838 1241 ut
856 1212 936 1241 illum
950 1222 1000 1241 vo·
1015 1219 1034 1242 Ε

257 1263 331 1282 cares
342 1253 377 1282 ad
386 1252 540 1292 judicium?
553 1252 604 1281 Ille
615 1259 676 1281 autc
689 1252 796 1288 saecula,
812 1258 841 1281 tu
854 1257 914 1291 post
928 1251 999 1280 mul-

259 1299 286 1321 ta
307 1292 414 1321 saecuta.
433 1292 503 1321 Cum
526 1291 669 1320 formarem
686 1298 793 1326 terram,
813 1300 866 1319 uon
887 1289 1000 1327 aderas;

257 1341 320 1361 cum
331 1341 415 1367 mare,
429 1340 482 1359 non
492 1330 586 1359 aderas
594 1341 603 1368 ;
617 1341 678 1359 cum
695 1330 747 1359 alia
766 1328 935 1369 hujusmodi,
948 1338 1002 1358 non

259 1370 364 1400 aderas.
378 1370 474 1400 Omnis
495 1376 616 1399 creatura
635 1370 704 1398 facta
721 1376 771 1405 est,
785 1375 811 1398 et
828 1375 858 1397 tu
869 1378 1003 1406 nusquam

259 1420 326 1439 eras.
344 1409 531 1448 Antiquiorem
552 1419 616 1449 ergo
630 1408 745 1445 saeculis,
758 1410 910 1438 Creatorem
936 1406 1004 1436 uni—

260 1450 331 1479 versi
340 1449 375 1478 ad
390 1448 526 1489 judicium
535 1448 657 1478 vocasti?
669 1449 739 1478 Cum
752 1447 923 1477 extenderem
931 1446 1004 1475 funi-

260 1489 353 1518 culum
364 1498 445 1528 super
452 1494 563 1524 terram,
575 1498 636 1517 cum
642 1487 780 1516 columnas
786 1487 844 1526 ejus
851 1485 1002 1522 fundarem,

262 1538 325 1556 cum
339 1527 421 1557 eduxi
433 1527 468 1556 de
481 1533 574 1556 ventre
586 1527 679 1556 matris
691 1527 761 1566 ejus,
773 1536 835 1555 cum
848 1524 1005 1566 pariebatur

263 1577 347 1603 mare,
363 1567 411 1596 ubi
435 1566 516 1595 eras?
527 1577 590 1595 cum
611 1566 702 1605 ipsum
725 1565 798 1594 nube
820 1564 964 1605 operirem,
978 1570 1005 1593 et

1046 709 1096 737 κεχ
1113 697 1272 736 ηματικέναι
1281 721 1289 734 ,
1303 698 1321 733 ἢ
1336 697 1378 727 ἵνα
1389 697 1455 738 ,γένῃ
1470 697 1586 733 δίκαιος;
1602 699 1643 727 Οὐ
1656 697 1708 737 γὰρ
1720 699 1738 733 ἡ
1752 708 1820 735 συμ-

1046 748 1079 776 φο
1128 736 1205 766 αὐτὸν
1218 737 1318 766 δίκαιον
1332 737 1465 773 ἐποίησεν,
1478 737 1547 767 ἀλλὰ
1558 737 1658 767 δίκαιον
1669 736 1820 776 ἐγνώρισεν.

1045 778 1071 805 Ο
1083 788 1105 805 ει
1120 788 1153 815 με
1168 776 1255 810 ἄλλως
1269 788 1310 806 σοι
1324 777 1566 817 κεχρηματικέναι,
1586 776 1604 812 ἢ
1624 776 1668 806 ἶνα
1686 778 1821 816 ἀναφανῇς

1046 815 1162 851 δίκαιος;
1176 815 1255 855 Ἐμοὶ
1269 817 1318 855 μὲν
1329 816 1381 856 γὰρ
1390 838 1398 852 ,
1413 816 1497 856 φησὶ,
1511 816 1556 846 καὶ
1576 816 1629 856 πρὸ
1645 818 1698 846 τῶν
1711 815 1821 854 ἀγώνων

1065 857 1116 884 σθα
1125 854 1256 895 γνώριμος
1265 866 1271 873 ·
1284 857 1322 895 τῷ
1333 855 1362 885 δὲ
1373 856 1466 896 κόσμῳ
1486 856 1530 886 διὰ
1543 857 1589 891 τῆς
1602 860 1739 896 συμφορᾶς
1749 866 1822 894 γνω·

1048 894 1106 934 ρίζῃ
1116 917 1124 931 ,
1138 897 1177 934 τῷ
1191 894 1285 934 κόσμῳ
1299 895 1343 925 διὰ
1356 896 1404 931 ἰη”ς
1423 895 1511 930 πάλης
1532 895 1661 935 κηρύττῃ.
1679 894 1732 924 Διὰ
1743 893 1821 923 τοῦτό

1048 935 1118 984 epil
1141 933 1297 984 ρημάτισα,
1310 935 1361 974 οὐχ
1381 934 1425 987 ἵνα
1448 934 1558 975 βλάψω,
1579 936 1638 964 ἀλλ’
1654 934 1697 964 ἵνα
1716 934 1820 974 στέψω·

1048 984 1099 1042 {Y}
1114 985 1257 1048 ζὴανκέἷῖζ
1269 973 1821 1054 ffiefflssffffisssst'ss'zffigffl

1050 1051 1180 1091 συνέγνων
1191 1063 1238 1082 σου
1256 1054 1291 1092 τῇ
1303 1052 1481 1092 ἀκεραιόι-ητι.
1495 1052 1554 1083 Κᾶν
1567 1053 1618 1094 γάρ
1635 1065 1675 1086 τις
1689 1052 1741 1082 ἀπὸ
1752 1053 1822 1090 ἀκα-

1051 1091 1110 1126 κίας
1124 1091 1231 1131 ἁμάρτῃ
1241 1112 1249 1126 ,
1263 1094 1277 1121 ὁ
1290 1091 1359 1126 Θεὸς
1371 1093 1518 1132 διορθοῦται
1537 1092 1571 1122 τὰ
1588 1092 1640 1122 ἀπὸ
1653 1092 1766 1125 ἀκακίας
1778 1103 1821 1130 γι-

1051 1131 1160 1170 νόμενα.
1180 1131 1292 1167 Ἐπειδὴ
1306 1131 1372 1165 ὅλως
1384 1132 1511 1182 ἐκάλεσας
1521 1131 1590 1162 Θεὸν
1605 1133 1640 1165 εἷς
1653 1131 1751 1200 κρίσιν,
1765 1129 1823 1160 εἶπέ

1052 1170 1388 1250 ῗῐοέῦ’ἶ;οέῗντι”ξέχὸῗμετλῗοξν
1393 1171 1442 1250 ‘iffi
1446 1171 1652 1261 τξιῗογτῆιΐξαέύγι
1682 1171 1824 1250 νὲςάὲγὲνεοῦ

1051 1252 1097 1278 τοῦ
1116 1252 1227 1285 ποιητοῦ
1240 1271 1248 1286 ,
1268 1249 1312 1279 ἵνα
1327 1249 1444 1290 καλέσῃς
1460 1251 1538 1280 αὐτον
1553 1252 1591 1283 εἷς
1611 1262 1644 1290 κρ
1657 1252 1715 1287 σιν;
1728 1249 1764 1279 Ὁ
1777 1248 1824 1288 μὲν

1051 1288 1182 1359 aa,
1201 1288 1315 1363 ew:
1508 1289 1621 1365 ass<
1757 1288 1825 1339 ‘⁰²2

1053 1368 1153 1416 “afflg-
1168 1366 1185 1402 ἢ
1201 1366 1251 1395 ὅσα
1264 1339 1394 1403 γτέιᾶῧτα,
1420 1341 1570 1408 ουηξταρῆς.
1594 1341 1675 1398 Ῐῖᾶσα
1690 1339 1826 1403 ἒπῗιντίσῖζ

1055 1407 1173 1445 ἐγενετο,
1188 1406 1234 1435 καὶ
1248 1406 1279 1435 σὺ
1292 1407 1407 1446 οὐδαμοῦ
1421 1403 1500 1443 ἧσθα-
1517 1408 1542 1436 Τ
1543 1407 1571 1437 ὸν
1590 1403 1635 1436 οὖν
1653 1406 1823 1447 ἀρχαιότερον

1053 1448 1106 1475 τῶν
1121 1445 1222 1474 αἰώνων
1232 1467 1240 1481 ,
1251 1446 1296 1475 τὸν
1310 1446 1420 1482 κτιστὴν
1434 1449 1481 1482 τῆς
1495 1446 1666 1486 δημιουργίας
1680 1448 1716 1480 εἷς
1737 1446 1824 1486 κρίσιν

1056 1485 1183 1518 ἐκάλεσας
1192 1498 1200 1521 ;
1209 1484 1278 1514 “Ore
1286 1485 1372 1515 ἔτεινα
1383 1486 1511 1526 σπαρτίον
1522 1486 1566 1515 ἐπὶ
1578 1489 1625 1522 τῆς
1634 1488 1699 1526 γῆς,
1710 1486 1753 1515 ὅτε
1765 1485 1826 1518 τοὺς

1056 1524 1166 1558 στύλους
1190 1525 1271 1560 αὐτῆς
1292 1524 1411 1565 ἥδρασα,
1436 1525 1479 1555 ὅτε
1501 1525 1652 1565 μετήγαγον
1672 1526 1702 1555 ἐκ
1725 1525 1826 1558 κοιλίας

1057 1563 1156 1603 μητρὸς
1170 1566 1250 1599 αὗτῆς
1260 1587 1268 1601 ,
1281 1563 1324 1594 ὅτε
1338 1564 1456 1594 ἐτίκτετο
1472 1567 1489 1600 ἡ
1502 1564 1623 1595 θάλασσα
1631 1585 1639 1599 ,
1651 1568 1703 1594 ποῦ
1716 1560 1765 1601 ἦς;
1782 1563 1826 1593 ὅτε

263 1606 378 1645 caligine
402 1605 597 1635 circumdarem
605 1628 613 1642 ‚
640 1605 688 1634 ubi
720 1605 800 1634 eras?
821 1603 1006 1644 Reprehendit
1013 1623 1049 1643 59„
1057 1604 1139 1638 αὐτὴν
1150 1603 1286 1633 ἐσκέπασα
1294 1603 1390 1644 νεφέλῃ
1399 1627 1407 1641 ,
1420 1603 1519 1644 ὁμίχλῃ
1531 1605 1558 1634 δὲ
1569 1603 1650 1640 αὐτὴν
1661 1615 1694 1634 πε
1714 1603 1828 1639 ιέὸαλον,

263 1646 341 1686 quasi
359 1645 469 1685 indigne
491 1645 620 1684 loquutus
633 1645 678 1681 sit,
693 1654 728 1673 ex
749 1644 799 1673 sim
809 1644 920 1673 ›licitate
939 1642 1005 1680 qui·
1021 1653 1042 1675 A
1057 1645 1108 1672 ποῦ
1120 1638 1167 1678 ἧς,
1182 1643 1353 1672 Καθάπτεται
1367 1645 1447 1673 αὐτοῦ
1461 1646 1497 1676 ὡς
1510 1644 1621 1678 ἀναξίως
1634 1616 1809 1684 φθεγξαμένου
1819 1665 1829 1679 ,

264 1688 440 1721 dem‚verum
453 1695 487 1714 ex
498 1684 659 1724 ignorantia.
671 1684 707 1713 Et
718 1683 785 1722 quid
805 1683 944 1713 acit?Non
958 1692 1003 1712 co-

265 1737 322 1756 ram
336 1725 460 1755 omnibus
471 1724 551 1753 illum
565 1724 694 1764 increpat,
709 1723 758 1752 sed
777 1730 806 1752 ut
820 1722 938 1752 amicum
951 1722 1007 1762 pri-

264 1766 350 1795 vatim
362 1764 484 1803 corrigit.
496 1765 640 1802 Postquam
652 1763 736 1802 igitur
748 1763 805 1791 haec
815 1770 841 1792 et
853 1761 896 1791 his
908 1761 1007 1791 similia

265 1805 337 1834 dixit
350 1808 419 1842 (non
433 1803 505 1833 enim
518 1810 594 1832 vacat
613 1802 702 1832 omnia
715 1801 786 1831 dicta
800 1802 953 1831 minutatim
967 1801 1008 1831 in—

266 1843 432 1884 terpretari),
445 1849 472 1872 et
494 1842 548 1872 Job
571 1842 599 1871 in
619 1841 662 1870 sui
680 1841 858 1881 cognitionem
880 1841 1007 1876 veniens,

268 1885 278 1923 (
286 1894 348 1913 nam
359 1883 450 1922 justus
463 1888 523 1922 post
535 1881 651 1921 primam
671 1880 887 1920 redargutionem
900 1881 1008 1920 lapsum

251 1923 407 1962 .corrigit)‚
422 1929 460 1951 ait
476 1934 483 1950 :
501 1923 638 1956 Domine,
656 1920 758 1949 auditu
770 1923 850 1949 auris
864 1921 966 1949 audivi
982 1926 1009 1949 te

266 1965 358 2002 prius,
383 1971 462 1990 nunc
486 1967 584 1990 autem
598 1959 699 1988 oculus
721 1970 801 1988 meus
826 1960 903 1989 vidit
926 1966 965 1995 te,
981 1965 1010 1987 et

268 2002 420 2031 exinanivi
434 2003 573 2039 meipsum
581 2010 594 2035 ,·
604 2004 675 2038 puto
700 2009 745 2027 me
760 2006 866 2028 terram
884 2005 913 2028 et
930 2000 1010 2027 cine-

269 2052 340 2070 rem.
355 2040 450 2069 Semel
460 2041 598 2079 loquutus
613 2048 685 2073 sum,
700 2044 729 2066 et
744 2039 872 2067 secundo
885 2048 944 2067 non
958 2038 1012 2066 ad-

270 2081 350 2109 dam.
364 2079 437 2110 Vide
455 2077 591 2118 quomodo
606 2084 741 2116 peccatum
763 2085 886 2114 revocat,.
898 2077 946 2116 qui
965 2087 1011 2106 re-

269 2119 473 2160 prehensionem
497 2124 569 2147 recte
597 2117 727 2155 suscepit.
755 2117 849 2146 Semel
874 2117 1013 2156 loquutus

270 2169 348 2193 sum,
365 2157 445 2196 idque
463 2168 496 2187 ex
515 2156 699 2196 simplicitate,
715 2166 768 2185 non
781 2167 815 2185 ex
832 2156 955 2193 malitia3
970 2166 1013 2184 se-

270 2199 367 2228 cundo
385 2207 445 2226 non
463 2195 581 2226 addam.
595 2194 664 2231 Quis
676 2195 747 2224 enim
759 2206 818 2224 sum
833 2205 882 2234 ego
897 2196 924 2224 in
940 2195 1014 2235 judi-

271 2238 343 2267 cium
364 2236 474 2267 veniens
496 2236 524 2265 in
545 2240 688 2273 conspectu
707 2234 838 2263 Domini?
853 2236 919 2271 Quae
938 2235 1014 2274 prius

270 2287 324 2307 non
336 2282 447 2306 noverat
456 2275 509 2305 Job
522 2275 558 2304 ob
574 2273 783 2313 simplicitatem,
792 2280 852 2312 post
869 2274 1015 2318 correptio-

271 2327 332 2346 nem
349 2315 438 2345 discit.
454 2315 523 2344 Hinc
534 2313 602 2353 quid
617 2313 709 2342 Deus?
724 2314 784 2342 Non
802 2312 922 2341 concedit
936 2324 959 2341 e1
974 2324 1013 2342 re·
1031 2322 1050 2346 Β
1069 2315 1200 2351 τήσασθαι
1215 2315 1263 2351 τὴν
1277 2315 1373 2355 κρίσιν,
1388 2316 1456 2345 ἀλλά
1474 2327 1568 2355 φησιν.
1580 2317 1620 2345 Οὔ

270 2366 365 2385 cusare
379 2354 525 2395 judicium,
538 2353 587 2383 sed
603 2352 640 2382 ait
654 2362 662 2379 ε
675 2353 766 2389 Non;
776 2353 829 2381 sed
847 2354 966 2391 accinge
976 2354 1014 2381 si-

273 2403 321 2425 cut
338 2399 387 2424 ‘vir
399 2395 512 2424 lumbos
526 2400 602 2422 tuos.
617 2393 674 2428 Sta,
690 2392 789 2430 inquit,
805 2398 835 2420 ιιι
845 2392 898 2420 vir.
911 2393 951 2420 Ne
962 2403 1013 2431 pu-

273 2448 311 2469 tes
323 2450 365 2469 me
379 2438 440 2468 ideo
455 2444 479 2467 te
492 2436 665 2477 perterruisse
678 2435 793 2476 potentia
809 2446 876 2471 mea,
891 2441 921 2464 ut
932 2434 1013 2474 justi-

307 2538 316 2548 π
335 2530 377 2554 Sic
388 2529 445 2553 Mss.
462 2533 537 2552 recte.
556 2526 643 2552 Editio
660 2524 746 2551 Morel.
762 2529 786 2552 οὐ
802 2530 846 2560 γὰρ
865 2528 971 2554 ἐκάλεσας
989 2537 1027 2558 με,

273 2573 343 2603 φησιν,
357 2573 387 2597 εἰς
397 2573 422 2595 τὸ
435 2571 576 2603 συγκριθῆναὶ
587 2578 630 2597 σοι,
639 2564 794 2591 intermediis
805 2565 902 2590 omissis
914 2567 941 2591 δι’
952 2568 1029 2597 ὁμοιο-

274 2610 384 2634 filiun-0».
396 2606 482 2638 [Savil.
492 2607 517 2631 in
528 2611 596 2630 textu
607 2607 631 2631 οὐ
641 2608 686 2641 γὰρ
700 2607 795 2631 amaea&
808 2615 831 2630 σε
850 2608 879 2633 εἷς
891 2608 967 2638 κρίσιν,
975 2606 1027 2630 ἀλλ’

1057 1694 1118 1751 ῧῖἶ
1129 1682 1614 1763 Zssssffiss’afflssi‘Qfflwg}
1628 1683 1682 1756 {a
1689 1684 1831 1763 φτᾶοῗοῖἒῖᾆ

1059 1762 1216 1802 διορθοῦται.
1231 1761 1279 1795 Ὡς
1289 1757 1334 1791 οὗν
1348 1757 1404 1792 εἷπε
1417 1765 1516 1798 ταῦτα,
1529 1763 1574 1792 καὶ
1588 1762 1622 1791 τὰ
1631 1761 1732 1796 τούτοις
1741 1773 1831 1801 παρα-

1059 1801 1160 1836 πλήσια
1180 1802 1227 1838 (οὐ
1240 1801 1290 1841 γὰρ
1305 1801 1395 1851 καιρός
1408 1803 1465 1831 ἔστι
1478 1802 1548 1832 κατὰ
1567 1802 1646 1842 μέρος
1659 1806 1746 1831 πᾶσαν
1762 1801 1833 1835 λέξιν

1059 1841 1246 1880 ἑρμηνεῦσαι),
1261 1841 1307 1870 καὶ
1321 1843 1336 1870 ὁ
1357 1841 1411 1871 1ὼὸ
1422 1841 1580 1882 ἐπιγνώμων
1591 1844 1684 1871 ἑαυτοῦ
1696 1841 1833 1880 γενόμενος

1060 1883 1094 1916 (ὁ
1115 1880 1167 1920 γὰρ
1186 1880 1286 1914 δίκαιος
1310 1882 1340 1910 ἐκ
1363 1881 1470 1921 πρώτου
1493 1881 1603 1921 ἐλέγχου
1629 1881 1778 1921 διορθοῦται
1802 1879 1833 1909 τὸ

1061 1920 1192 1959 σφάλμα),
1201 1920 1274 1959 λέγει
1282 1931 1289 1938 ·
1302 1920 1384 1960 Κύριε
1392 1942 1400 1955 ,
1412 1922 1479 1958 ἀκοῇ
1495 1920 1542 1960 μὲν
1554 1920 1620 1954 ὠτὸς
1634 1920 1730 1956 ἤκουόν
1742 1931 1789 1949 σου
1801 1919 1833 1948 τὸ

1061 1959 1198 1998 πρότερον,
1214 1960 1271 1989 νυνὶ
1285 1960 1312 1988 δὲ
1327 1962 1341 1989 ὁ
1357 1960 1489 2000 ὀφθαλμός
1506 1972 1555 1999 μου
1570 1955 1623 1990 εἶδέ
1637 1971 1667 1989 σε
1676 1982 1684 1996 ,
1699 1959 1744 1989 καὶ
1758 1959 1831 1994 ἐξου-

1064 1999 1160 2034 δένησα
1174 1999 1302 2037 ἐμαυτόν·
1316 1998 1421 2038 ἥγημαι
1435 1999 1462 2028 δὲ
1477 1999 1590 2038 ἐμαυτὸν
1602 2002 1651 2039 γῆν
1667 1999 1832 2029 καὶσποδόν.

1064 2038 1134 2072 Καὶ,
1147 2037 1234 2072 Ἅπαξ
1248 2039 1381 2074 ἐλάλησα,
1397 2039 1441 2068 ἐπὶ
1455 2039 1482 2068 δὲ
1496 2041 1534 2068 τῶ
1547 2039 1659 2078 δευτέρῳ
1674 2039 1703 2067 οὗ
1718 2037 1834 2078 προσθή·

1048 2095 1055 2103 ι
1064 2089 1112 2106 σω.
1128 2077 1215 2107 Βλέπε
1229 2080 1286 2111 πῶς
1297 2079 1467 2108 ἀνακαλεῖται
1484 2068 1639 2118 τὸ’σφάλμα
1652 2080 1666 2107 ὁ
1679 2078 1767 2110 καλῶς
1785 2077 1832 2113 τὴν

1066 2116 1165 2156 μέμψιν
1189 2117 1335 2156 δεξάμενος.
1351 2117 1437 2151 'Anae
1457 2117 1576 2153 ἐλάλησα
1588 2140 1594 2154 ,
1615 2117 1660 2146 καὶ
1684 2120 1761 2146 τοῦτο
1782 2117 1835 2146 ἀπὸ

1066 2156 1196 2192 ἀκακίας,
1213 2158 1261 2186 οὐκ
1274 2157 1327 2186 ἀπὸ
1340 2157 1480 2197 πονηρίας·
1499 2157 1544 2186 ἐπὶ
1564 2156 1592 2186 δὲ
1613 2158 1652 2196 τῷ
1672 2156 1785 2197 δευτέρῳ
1805 2158 1836 2186 οὗ

1065 2196 1216 2236 προσθήσω.
1233 2197 1282 2230 Τίς
1294 2196 1345 2236 γάρ
1355 2198 1411 2235 εἶμι
1424 2196 1476 2236 ἐγὼ
1488 2196 1639 2236 κρινόμενος
1652 2196 1767 2226 ἐναντίον
1778 2198 1836 2226 Κυ-

1068 2237 1135 2276 ρίου,
1143 2235 1175 2265 Ἃ
1185 2236 1222 2274 μὴ
1227 2236 1347 2276 προέγνω
1356 2239 1370 2265 ὁ
1378 2236 1441 2265 Ἰὼὸ
1451 2237 1483 2266 δι’
1500 2238 1622 2272 ἀκακίαν,
1633 2236 1759 2275 μανθάνει
1769 2234 1838 2274 μετὰ

1068 2276 1112 2305 τὸν
1123 2271 1312 2315 &mombis-a
1324 2276 1350 2304 τί
1360 2278 1374 2305 ὁ
1383 2277 1461 2313 Θεός,
1468 2277 1508 2306 Οὔ
1519 2279 1650 2316 συγχωρεῖ
1660 2277 1731 2315 αὐτῷ
1742 2286 1839 2314 παραι-

1069 2355 1159 2394 ὥσπερ
1172 2355 1220 2391 ἄνῆ
1250 2355 1299 2391 τὴν
1307 2355 1388 2395 ὀσφύν
1401 2367 1456 2384 σου.
1464 2356 1558 2390 Σι-ῆθι,
1566 2314 1839 2394 φησζέἰῶἀὲἓὲήέωὖαη

1069 2395 1194 2434 νομίσῃς,
1231 2407 1257 2423 τι
1276 2395 1320 2423 διὰ
1335 2395 1412 2424 τοῦτό
1426 2407 1455 2424 σε
1470 2393 1623 2429 κατέπληξα
1636 2396 1669 2433 τῇ
1685 2393 1838 2432 δυναστείᾳ,

1069 2435 1170 2474 φεύγων
1183 2434 1214 2463 τὸ
1229 2435 1339 2472 δίκαιον,
1352 2435 1421 2464 ἀλλὰ
1439 2433 1630 2474 διωρθωσάμην
1648 2444 1694 2463 σου
1708 2432 1756 2469 τὴν
1770 2434 1839 2462 ἅκα-

1079 2528 1174 2551 exous-,⁷02
1192 2537 1215 2551 σε
1232 2530 1261 2554 εἰς
1277 2529 1304 2551 τὸ

1079 2563 1143 2588 Cod.
1158 2563 1255 2596 affetu]

1111 2603 1122 2616 ¹*
1142 2603 1151 2634 [
1164 2602 1239 2629 Savil.
1253 2612 1266 2628 c
1276 2603 1342 2634 conj.
1356 2601 1428 2627 addit
1437 2603 1494 2633 δη]

1325 2537 1346 2550 c.
1362 2536 1382 2550 σ.
1403 2525 1434 2549 In
1452 2529 1532 2556 marg.
1546 2529 1659 2549 nostram
1677 2523 1810 2549 lectionem
1826 2531 1839 2547 e
