1904 2840
0 1554 1 1561 η

10 1566 118 1589 ιιη.15.3.

15 1648 32 1666 a.
51 1644 120 1673 ¹⁵·9·

27 2154 55 2178 ει.
70 2156 106 2185 14.

639 196 671 219 IN
700 194 903 219 MATTRAEUM.

933 194 1052 217 noent„
1082 196 1170 218 xxii.
1593 184 1661 229 837

128 260 156 291 in
179 259 358 290 testimonium
377 257 450 293 illis,
467 258 515 288 sed
528 257 597 287 vade
617 265 644 288 et
656 257 723 287 offer
745 257 774 286 in
793 256 867 286 testi·
884 259 903 282 Α
920 265 1001 296 opera
1015 255 1114 301 similia
1125 256 1233 296 spiritui
1246 257 1328 288 malo.
1344 259 1395 288 Per
1406 257 1559 287 columbam
1572 264 1660 286 autem
1672 273 1703 289 οι,

127 299 248 330 nonium
268 298 336 328 illis.
350 298 412 328 Nou
432 296 503 327 dixit
513 320 521 335 ‚
536 296 632 335 Vade,
649 296 758 326 ostende
777 304 804 326 te
821 306 867 325 sa-

126 337 297 374 cerdotibus,
311 344 338 367 et
355 337 455 367 nemini
472 337 575 367 dixeris
598 349 605 365 :
627 336 686 373 sed,
699 336 791 366 Primo
813 345 867 365 ne·-

129 377 197 408 mini
209 377 323 414 dixeris,
337 384 363 406 et
374 376 454 414 vade,
469 376 578 406 ostende
589 383 626 406 te.
641 377 703 406 Non
711 375 782 405 enim
796 385 868 404 sem-

127 427 177 458 per
191 417 270 457 jubet
281 417 362 448 illum
375 424 471 454 tacere,
486 416 534 446 scd
554 415 685 455 quamdiu
705 415 826 445 ostendat
838 425 866 444 se

127 456 311 486 sacerdotibus
319 479 328 493 ,
341 466 375 486 ne
387 456 454 486 forte
468 456 492 485 si
507 462 568 485 ante
580 455 662 485 alicui
675 455 818 491 nuntiaret,
831 453 866 483 de

127 496 213 526 verbo
223 496 251 525 in
264 496 378 526 verbum
397 495 521 526 audirent
534 495 700 532 sacerdotes,
711 502 738 524 et
750 494 866 524 occasio-

129 544 190 565 nem
202 535 329 565 habentes
339 535 430 575 leprae,
443 542 554 575 propter
566 534 660 564 odium
673 541 699 564 et
711 534 866 564 iuimicitias

129 574 232 605 christi
245 574 411 615 expellerent
422 585 484 605 eum
505 574 540 604 de
557 574 660 615 populo
680 574 757 614 quasi
775 574 866 614 lepro-

127 624 200 650 sum,
209 625 263 644 uon
276 614 434 659 recipientes
451 613 622 643 mundatum.
635 612 700 643 Ideo
711 622 773 644 eum
786 613 866 655 jubet

127 664 355 732 paimffiffifiss
368 652 726 738 ssssntpofitssocffgffle
735 662 864 722 ιῖῗιῗιαᾞ

127 733 293 802 {Rffffi
303 739 329 762 ‘³‘
341 732 864 802 qu⁰ff¹fflt3⁰t¹f²³fflfflffi⁹⁶ss

128 821 182 841 non
193 795 338 849 debuistis,
344 812 422 851 quasi
433 822 449 841 ι
462 794 591 841 medani
600 811 735 845 :siantem
745 782 864 841 muii'dus

129 851 215 881 factus
227 861 300 887 snm,
313 851 444 892 repellere
452 860 506 880 non
515 849 618 880 debetis
628 851 705 890 quasi
714 850 861 891 leprosum.
879 860 897 884 ις

128 889 232 920 Eadem
251 890 341 920 aliter.
357 890 456 936 Omnia
475 891 742 936 opera-curationum
764 890 866 921 Christi

128 929 228 960 babent
240 930 268 960 in
286 940 316 960 se
325 937 454 970 mysteria
467 929 673 970 dispositionum
686 931 738 959 Dei
751 930 866 960 abscou-

127 968 256 1000 ditarum.
269 968 333 1000 Ideo
342 969 492 1010 corporalia
505 969 614 1008 quidem
625 969 795 999 curationum
808 970 866 1010 ejus

127 1008 280 1046 commoda,
292 1015 320 1038 et
333 1008 444 1039 illorum
457 1009 567 1038 fuerunt
579 1015 652 1045 tnnc,
665 1015 693 1038 et
711 1008 792 1038 modo
804 1015 867 1039 suut

128 1054 218 1078 nostra
229 1061 237 1078 ε
248 1048 399 1094 spiritualia
410 1055 510 1084 anm,
525 1047 636 1093 forsitan
652 1054 742 1077 nostra
749 1055 867 1094 tantuin-

127 1087 220 1118 nodo.
234 1089 322 1133 Igitur
331 1088 377 1117 luc
390 1088 523 1134 leprosum,
537 1098 585 1126 qm
599 1093 660 1127 post
669 1087 751 1117 verba
765 1087 868 1133 doctri-

127 1136 169 1156 na
181 1127 333 1164 confestim,
347 1137 424 1166 quasi
439 1137 497 1167 jam
531 1133 688 1167 raparatus,
702 1134 813 1157 accessit
833 1127 869 1157 ad

127 1165 870 1246 {25:2ss&tzitgssfffxossffffissss‘jssffiss

128 1251 219 1274 autem
230 1245 344 1275 verbum
361 1252 427 1275 tunc
438 1245 513 1285 quod
532 1244 636 1274 dietum
649 1245 736 1275 fuerat
747 1254 867 1282 sursum,

129 1289 156 1313 et
165 1283 309 1330 credentis,
322 1291 350 1314 et
361 1284 507 1330 adorantis,
517 1291 544 1314 et
557 1284 868 1330 complecteuus.9mnis

127 1323 787 1404 &msffiffffiffiffissfffizfflffi‘ss
796 1334 868 1393 031¹?

127 1401 186 1432 sine
196 1401 282 1433 dubio
300 1385 331 1432 et,
345 1402 461 1432 vei-bum
474 1398 530 1433 {nei
541 1402 650 1442 attingit
660 1403 777 1433 animam
795 1386 867 1442 ejus?

127 1441 184 1472 Nec
190 1442 262 1471 enim
271 1442 401 1483 possibile
410 1448 460 1479 est,
466 1441 603 1478 utaninta,
610 1452 669 1481 qm
679 1442 866 1482 complectitur
882 1447 900 1470 c

128 1480 255 1517 verbum,
266 1491 319 1511 non
337 1488 463 1521 tangatur
474 1492 490 1511 a
503 1481 588 1512 verbo
602 1493 609 1510 ι
625 1492 687 1511 cum
699 1489 788 1511 autem
801 1482 866 1511 teti-

128 1519 196 1588 ffirit
208 1530 267 1550 eam
279 1521 404 1556 verbum,
417 1531 434 1549 a
445 1520 520 1566 lepra
534 1521 699 1550 infidelitatis
711 1532 770 1550 eam
782 1531 868 1567 mun7

165 1565 186 1594 t,
198 1559 345 1589 secundum
355 1559 429 1598 quod
440 1567 570 1600 scriptum
577 1567 633 1589 est-t
646 1561 688 1589 Et
699 1570 755 1589 vos·
765 1561 867 1590 mundi

129 1599 198 1628 estis
209 1605 327 1638 propter
342 1600 476 1635 verbum,
491 1599 571 1638 quod
587 1599 725 1639 loquutus
737 1609 800 1628 sum
813 1609 867 1628 vo-

130 1638 186 1667 bis.
198 1638 234 1667 Et
244 1638 336 1667 Petrus
343 1638 372 1667 in
386 1637 499 1667 Actibus
505 1638 699 1678 apostolorum,
707 1639 867 1673 Mundam,

130 1676 230 1716 inquit,
244 1677 449 1723 cord-aflorum
461 1677 621 1718 perfidem.
632 1678 745 1718 Propter
757 1677 831 1723 quod
842 1685 868 1708 et

130 1716 260 1786 ⁹⁰83&
272 1716 869 1787 2¹:2¹2¹2¹²÷ssuff⁸53³¹332253³’,32132‘53

130 1766 244 1825 lion-miter
263 1765 738 1840 crediditpiecuiidumptraditiqiiem
781 1768 869 1825 ati-iim

130 1834 295 1870 suorum‚de
312 1834 595 1865 misericor-immitem
609 1834 744 1865 dubitavit
776 1835 866 1865 icensz

129 1874 163 1904 Si
174 1877 236 1910 vis,
245 1881 327 1913 potes
345 1885 390 1903 me
410 1875 560 1903 mundare.
576 1875 646 1904 Nam
665 1874 710 1904 lex
723 1875 869 1914 potentiam

130 1913 241 1952 quidem
258 1913 309 1944 Dei
329 1913 492 1943 sufficienter
511 1913 644 1950 tradebat,
656 1914 868 1944 misericordiam

130 1959 221 1998 autem
233 1954 293 1994 ejus
305 1963 359 1982 non
371 1953 435 1999 satis
447 1959 548 1998 aperte.
564 1955 679 2021 Propter
687 1953 764 1998 §1¹¹0d
775 1960 801 1983 et
815 1955 869 1983 Do-

130 1999 575 2062 ³¹¹122¹¹¹zz⁰⁰³33032212¹33⁰22333
593 1994 711 2062 ἓγῖἔῗέἰ
721 1992 868 2062 ἱῖῖῖἳῗὲἰῗ
884 2035 903 2057 1)

197 2054 252 2102 iani
264 2043 356 2111 gratiae
370 2071 428 2111 ejus
449 2043 625 2112 co'gnosoeiet,
636 2055 730 2101 dicens
746 2084 752 2100 ε
771 2073 866 2109 Volo,

133 2111 291 2140 mundare.-
303 2117 329 2140 et
343 2110 470 2151 praecepit
482 2111 518 2148 ei,
533 2118 561 2140 ut
571 2111 677 2141 offerret
690 2120 810 2148 munera,
825 2123 863 2141 se-

131 2149 253 2180 cundnm
264 2149 339 2189 quod
358 2157 518 2218 graeceperat
533 2152 634 2180 Moses.
648 2152 715 2187 Quae
735 2151 803 2181 illa?
817 2153 869 2196 Par

132 2194 280 2234 turturum,
288 2196 338 2234 aut
379 2199 428 2233 uos
453 2189 543 2229 pullos
563 2189 760 2236 columbarum.
774 2191 870 2236 Omnis

132 2237 204 2257 Μ
211 2227 414 2296 3:222?ss
420 2228 871 2307 summersae:

132 2277 300 2351 ffigq
302 2289 380 2346 jubet
392 2306 538 2374 possulum,
547 2292 744 2351 abinfidelitate
757 2308 871 2338 munda-

133 2352 204 2382 tum,
219 2352 384 2375 sanctitatem
393 2356 410 2375 o
446 2356 489 2375 rre
499 2346 557 2375 Deo
570 2355 598 2374 in
606 2346 764 2377 abtinentia
780 2357 870 2377 rerum

133 2385 267 2415 malarum
277 2385 416 2424 :quoniam
423 2385 528 2414 castitas
535 2384 683 2425 spiritualis
690 2386 785 2416 auimae
793 2387 872 2416 absti-

134 2424 223 2454 nentia
235 2431 275 2454 est
288 2424 468 2460 maloi-ammi
479 2434 531 2453 nou
542 2431 615 2453 coeat
627 2432 689 2454 cum
698 2425 795 2466 spiritu
808 2425 872 2456 alie-

134 2472 229 2500 no‚nec
236 2464 418 2504 inspirationis
424 2464 483 2504 ejus
490 2463 618 2504 suscipiat
623 2474 722 2501 semen,
727 2474 760 2495 ue
768 2473 872 2506 generet

170 2563 180 2574 ἢ
199 2554 244 2580 Alii
257 2555 334 2588 legem
347 2556 416 2589 quod
425 2555 510 2580 deerat
526 2555 679 2588 adimplevit.

299 2612 371 2630 τοΜ.
396 2612 438 2630 Π.

918 305 999 325 omne
1010 305 1079 335 opus
1088 295 1221 334 signifieat
1234 297 1347 334 bonum,
1363 307 1472 327 nascens
1485 307 1520 326 ex
1533 297 1660 326 caritate:

918 334 1046 374 quoniam
1059 335 1155 365 caritas
1169 346 1247 365 omne
1263 346 1279 365 o
1300 347 1332 366 us
1354 342 1461 377 generat
1479 336 1590 366 bonum.
1605 337 1661 373 Qui

917 383 982 414 ergo
995 374 1151 414 proximum
1165 385 1245 405 suum
1257 375 1285 405 di
1299 375 1349 416 igit
1361 377 1430 406 sicut
1443 387 1480 413 se,
1495 376 1601 405 nullum
1616 376 1661 406 ho-

919 424 984 443 num
997 413 1125 444 subducit
1141 415 1267 454 proximo
1286 425 1346 451 suo,
1360 415 1430 445 sieut
1443 426 1491 445 nec
1513 415 1578 445 sibi.
1591 417 1661 445 Cum

919 463 984 492 ergo
997 453 1046 482 has
1059 453 1128 483 duas
1137 454 1257 494 justitias
1279 454 1432 494 impleverit
1446 455 1518 494 quis,
1533 455 1569 484 ab
1585 455 1659 484 omni

919 493 990 522 malo
998 502 1026 522 se
1036 493 1180 530 abstinens,
1196 493 1271 533 quod
1282 492 1470 531 est‘castitatis‚
1486 501 1512 524 et
1526 504 1604 524 omne
1614 494 1661 523 bo-

918 542 984 562 num
997 532 1106 570 faciens,
1118 533 1192 572 quod
1209 540 1249 563 est
1262 533 1388 570 caritatis,
1401 534 1555 563 manifestus
1572 533 1659 563 effici-

918 578 963 601 tur
975 571 1023 601 ille
1035 572 1108 609 talis,
1122 573 1186 612 quia
1199 573 1234 602 ab
1248 572 1414 602 infidelitatis
1427 573 1500 613 lepra
1513 573 1659 603 mundatus

916 617 966 640 est.
982 611 1028 641 Sic
1038 611 1110 640 euim
1123 612 1241 652 populus
1253 612 1424 649 emundatus,
1437 620 1463 642 et
1478 612 1542 642 talia
1554 613 1658 642 sacrifi-

917 649 958 679 cia
968 651 1081 680 offerens
1092 652 1160 687 Deo,
1172 652 1258 682 factus
1267 659 1307 682 est
1325 653 1353 682 in
1371 652 1553 682 testimonium
1567 658 1659 682 contra

916 689 1069 720 incredulos
1079 691 1239 728 sacerdotes,
1248 692 1296 731 qui
1307 691 1485 731 gloriantesin
1493 692 1570 721 litera
1580 692 1657 731 legis,

915 730 1214 769 repuleruntauctorem
1223 731 1300 771 legis,
1310 731 1495 771 purificantem
1502 731 1635 776 populum
1643 741 1658 759 a

917 770 1042 809 peccatis,
1056 780 1135 809 quem
1150 770 1195 800 lex
1207 771 1352 811 purificare
1365 781 1418 800 non
1433 777 1530 811 potuit.
1543 771 1579 800 Et
1592 770 1615 799 si
1627 777 1659 799 tu

917 809 1074 850 complexus
1094 809 1178 840 fueris
1198 810 1314 840 verbum
1327 811 1378 840 Dei
1399 810 1490 840 cordis
1511 810 1618 846 affeetu,
1633 817 1659 839 et

917 854 991 878 tuam
1004 849 1184 880 nihilominus
1199 850 1316 879 animam
1337 850 1443 895 attingit
1457 849 1582 886 verbum,
1592 859 1659 888 quo-

917 887 991 917 niam
1003 887 1146 929 diligentes
1157 899 1186 919 se
1197 889 1298 929 diligit,
1308 889 1378 919 sicut
1388 889 1491 919 dicuin
1504 888 1658 918 Proverbiis
1670 898 1739 919 Prnv.
1752 899 1776 921 8.

917 927 1056 965 Salomon,
1071 934 1098 958 et
1109 929 1144 958 ab
1157 928 1230 958 omni
1251 936 1276 958 te
1293 929 1458 958 infidelitatis
1481 928 1556 967 lepra
1575 937 1658 957 mun—
1674 936 1709 958 ¹7·

918 966 976 996 dat.
989 968 1060 997 Cum
1082 975 1172 998 autem
1195 976 1220 998 te
1243 968 1438 1005 emundaverit,
1454 967 1576 1007 praecipit
1595 967 1658 1002 tibi,

920 1012 950 1035 ut
965 1006 1150 1037 saoeniotibus
1162 1008 1326 1038 te-ostendas
1337 1007 1497 1037 mundatum
1505 1030 1513 1043 ,
1527 1007 1660 1052 castigans

919 1045 1035 1086 teipsum
1048 1046 1083 1075 ab
1107 1047 1179 1076 omni
1202 1047 1418 1086 coinquinatione
1434 1047 1524 1087 operis
1544 1047 1619 1084 mali,
1635 1054 1661 1076 et

919 1085 1074 1125 expandens
1086 1086 1222 1117 caritatem
1243 1094 1318 1116 tuam
1337 1086 1373 1116 ad
1395 1096 1487 1116 omnes
1511 1097 1559 1126 per
1581 1096 1661 1126 opera

920 1124 1001 1162 bona,
1015 1133 1046 1155 ut
1058 1135 1107 1170 per
1124 1125 1181 1156 haec
1191 1126 1322 1156 sacrificia
1335 1136 1350 1155 a
1364 1125 1548 1155 sacerdotibus
1561 1135 1661 1165 cogno-

921 1164 1013 1203 scaris,
1028 1175 1092 1204 quia
1102 1165 1247 1196 mundatus
1260 1176 1298 1203 es,
1309 1175 1372 1195 cum
1387 1165 1505 1195 viderint
1516 1172 1542 1194 te
1555 1175 1608 1194 non
1621 1165 1661 1194 sa-

921 1203 1035 1234 cientem
1049 1204 1127 1235 alteri
1148 1205 1221 1244 quod
1243 1205 1299 1245 pati
1319 1215 1372 1234 non
1391 1205 1445 1241 vis,
1459 1204 1507 1234 sed
1525 1204 1615 1234 adhuc
1636 1210 1663 1233 et

921 1242 1061 1273 facientem
1071 1245 1197 1274 omnibus
1208 1255 1268 1284 quae
1280 1244 1331 1274 tibi
1339 1245 1382 1275 vis
1388 1244 1458 1274 fieri.
1474 1244 1504 1274 Si
1515 1251 1604 1273 autem
1615 1243 1664 1272 ha-

923 1293 983 1312 rum
992 1283 1160 1323 justitiarum
1174 1284 1306 1314 sacrificia
1319 1294 1371 1313 non
1383 1283 1514 1314 obtuleris
1526 1285 1595 1319 Deo,
1605 1293 1662 1312 ma-

921 1320 1034 1353 nifestus
1050 1333 1079 1352 es
1099 1323 1235 1359 omnibus,
1251 1323 1314 1362 quia
1328 1330 1385 1352 nou
1402 1333 1430 1352 es
1444 1322 1600 1361 mundatus,
1616 1322 1663 1352 sed

920 1360 1011 1391 adhuc
1022 1362 1050 1391 in
1061 1362 1151 1402 priore
1163 1363 1321 1393 infidelitate
1333 1371 1423 1392 manes
1432 1362 1566 1403 leprosus.

1080 1469 1092 1480 ¹'
1104 1468 1235 1497 llomilia
1246 1469 1321 1507 xxij.
1337 1478 1373 1496 ex
1387 1478 1450 1506 cap.
1467 1469 1532 1507 viij.

963 1559 993 1588 5.
1013 1558 1081 1588 Post
1102 1558 1165 1587 hoec
1178 1563 1276 1587 autem
1290 1567 1354 1587 cum
1373 1560 1501 1587 venisset
1514 1559 1545 1587 in
1559 1559 1667 1599 Caper-

923 1608 1023 1633 naum,
1037 1599 1157 1626 accessit
1173 1597 1215 1625 ad
1226 1607 1291 1626 eum
1305 1599 1446 1634 centurio,
1460 1608 1567 1635 rogans
1587 1609 1664 1633 eum,

922 1638 952 1667 6.
964 1643 991 1666 et
1004 1638 1121 1666 dicens:
1134 1637 1271 1672 Domine,
1278 1639 1352 1675 pu'er
1363 1645 1443 1666 meus
1460 1638 1531 1666 'acet
1545 1638 1574 1666 in
1583 1638 1668 1667 domo

921 1676 1118 1716 paralyticus,
1133 1681 1162 1705 et
1177 1676 1253 1704 male
1274 1682 1434 1715 torquetur.
1472 1683 1594 1715 ostqnam
1609 1679 1666 1707 Do-

923 1716 1012 1745 minus
1022 1715 1154 1756 populum
1168 1714 1260 1744 docuit
1281 1725 1363 1755 super
1381 1722 1509 1751 montem,
1531 1722 1557 1745 et
1575 1716 1665 1756 lepro-

923 1766 983 1785 sum
997 1755 1138 1784 mundavit
1148 1754 1198 1784 sub
1211 1761 1300 1784 monte
1314 1767 1321 1784 ι
1358 1761 1398 1784 ost
1411 1754 1469 1784 haec
1481 1755 1554 1785 venit
1567 1757 1666 1796 Caper-

923 1805 1004 1824 naum
1018 1795 1045 1823 in
1057 1794 1184 1834 mysterio
1199 1807 1205 1823 :
1219 1801 1280 1833 post
1294 1795 1311 1824 J
1314 1805 1329 1823 u
1351 1804 1452 1823 morum
1465 1795 1666 1824 mundationem

923 1834 998 1864 venit
1010 1834 1045 1863 ad
1057 1840 1156 1873 gentes.
1170 1834 1207 1863 Et
1229 1844 1288 1863 ecce
1301 1833 1420 1863 centurio
1433 1833 1544 1872 quidam
1556 1835 1666 1864 accessit

923 1873 958 1903 ad
966 1884 1026 1902 eum
1036 1883 1142 1912 rogans.
1152 1873 1291 1909 Centurio,
1302 1874 1406 1912 primus
1418 1874 1520 1903 fructus
1531 1884 1564 1903 ex
1578 1875 1665 1913 genti-

922 1914 985 1950 bus,
997 1912 1032 1942 ad
1039 1914 1116 1953 cujus
1122 1912 1187 1942 fidei
1195 1913 1417 1952 comparationem
1425 1913 1546 1942 omnium
1558 1913 1666 1943 Judaeo-

923 1963 983 1982 rum
997 1951 1063 1981 fides
1081 1951 1225 1982 infidelitas
1238 1958 1278 1981 est
1288 1952 1405 1982 inventa.
1421 1952 1472 1982 Hic
1490 1962 1575 1991 neque
1586 1953 1666 1983 Chri-

922 1991 993 2021 stum
1016 1991 1124 2021 audivit
1143 1991 1297 2028 docentem,
1326 2002 1412 2029 neque
1437 1992 1587 2032 leprosum,
1603 2003 1665 2022 cum

923 2031 1145 2066 mundaretur,as
1155 2031 1230 2066 )exit,
1238 2030 1286 2060 sed
1303 2030 1394 2060 audita
1416 2031 1601 2060 tantummodo
1626 2043 1665 2061 sa-

922 2072 1004 2101 nitate
1012 2071 1124 2111 leprosi,
1132 2041 1193 2110 plus
1202 2070 1316 2100 credidit
1322 2081 1402 2109 quam
1408 2070 1524 2101 audivit.
1533 2071 1584 2101 Ille
1594 2071 1665 2100 enim

923 2111 1040 2150 seipsum
1060 2110 1170 2145 obtulit,
1183 2109 1293 2140 dicens:
1308 2110 1340 2140 Si
1352 2112 1411 2147 vis,
1425 2117 1506 2149 potes
1521 2121 1566 2140 me
1579 2121 1664 2140 mun-

923 2151 1003 2180 dare.
1016 2149 1094 2178 Fidei
1107 2149 1217 2188 quidem
1229 2156 1292 2179 sunt
1313 2149 1370 2179 haec
1388 2150 1471 2180 verba
1481 2172 1489 2186 ,
1509 2160 1563 2179 non
1576 2157 1663 2179 tamen

923 2199 1037 2229 magnae,
1051 2189 1177 2228 quoniam
1197 2189 1263 2218 talia
1280 2189 1361 2219 verba
1375 2188 1431 2219 dici
1463 2196 1565 2219 oterant
1583 2189 1663 2217 etiam

924 2228 1079 2258 hominibus
1093 2228 1191 2258 sanctis
1205 2228 1321 2268 equalis
1335 2229 1387 2258 fuit
1404 2230 1444 2258 He
1457 2228 1543 2263 isaeus,
1556 2227 1604 2266 qui
1623 2228 1661 2256 le-
1673 2238 1696 2268 4,
1713 2241 1763 2267 mg.
1776 2238 1798 2261 5.

944 2278 1034 2298 rosum
1051 2267 1202 2305 mundavit,
1216 2278 1269 2298 non
1291 2268 1427 2303 manibus,
1450 2267 1497 2296 sed
1522 2274 1662 2306 praecepto.

924 2279 982 2337 iste
994 2314 1082 2337 autem
1093 2307 1213 2337 centurio
1224 2317 1278 2336 non
1292 2307 1380 2336 solum
1414 2306 1530 2336 otestatis
1541 2306 1598 2344 ejus
1609 2305 1664 2334 vir-

924 2353 1008 2377 tutem
1021 2347 1157 2377 confessus
1167 2354 1215 2384 est,
1228 2346 1274 2376 sed
1289 2346 1374 2385 ipsam
1407 2344 1536 2375 iviuitatis
1549 2344 1607 2383 ejus
1619 2354 1664 2372 na—

925 2393 1013 2416 turam
1026 2386 1163 2426 cognovit,
1177 2388 1237 2416 Non
1249 2385 1320 2414 enim
1333 2385 1409 2422 quasi
1427 2383 1590 2422 corporalem
1602 2393 1663 2412 san-

925 2433 998 2456 ctum
1012 2426 1127 2465 rogavit,
1137 2425 1182 2455 sed
1196 2425 1274 2464 quasi
1285 2425 1371 2452 Deum
1384 2422 1484 2460 ubique
1497 2428 1663 2461 praesentem,

925 2465 1016 2495 dicens
1034 2478 1041 2495 z
1065 2466 1123 2494 Dic
1144 2466 1246 2500 verbo,
1261 2470 1295 2498 et*
1309 2463 1463 2491 sanabitur
1481 2471 1554 2500 puer·
1573 2471 1662 2490 meus,

949 2558 960 2571 '⁵
979 2558 1037 2582 llnzc
1051 2555 1152 2581 homilia
1166 2554 1189 2580 in
1201 2553 1328 2582 CodiecV.
1340 2553 1369 2578 D,
1385 2551 1495 2584 juugitur
1508 2551 1664 2583 przecedenti.

1486 2597 1523 2629 54
