1904 2840
100 521 190 577 gsanh.
205 527 240 544 ιο.

106 770 125 786 Ι.
142 762 195 785 Cor.
204 761 226 783 3.

105 795 142 818 16.

111 1395 181 1416 Pmu.
192 1398 229 1414 20.

109 1434 134 1457 9.

249 183 320 219 900

849 177 933 201 OPUS
960 175 1195 200 iMPERFECTUM

249 251 304 273 tam
316 243 406 273 cultus
419 241 469 272 Dei
480 247 528 274 est.
539 251 618 280 quam
634 240 732 280 iniqnae
745 239 930 280 negotiationis
944 250 988 269 oc·
1006 241 1026 265 Α
1041 238 1093 268 Dei
1113 249 1209 268 manus
1228 238 1319 278 explet
1339 238 1474 269 ministri?
1487 239 1524 270 Et
1536 239 1685 281 benignitas
1701 239 1783 278 servi,

249 284 330 313 casio.
344 284 413 312 Nam
426 281 546 321 quotidie
559 280 712 320 ingreditur
724 281 804 311 Jesus
815 280 843 309 in
857 279 988 319 templum

249 333 328 352 suum
335 345 343 359 ‚
353 321 382 351 id
393 322 469 351 estin
481 327 597 350 sanctam
610 320 768 356 Ecclesiam,
780 326 806 349 et
817 319 888 359 ejicit
899 329 991 349 omnes

248 361 392 391 vendentes
417 360 530 400 gratiam
543 360 606 390 -Dei
626 360 664 393 ,de
687 359 817 395 Ecclesia,
839 359 990 399 episcopos,

250 401 429 441 presbyteros,
455 399 592 436 diaconos,
618 409 762 438 omnesque
787 398 989 434 ecclesiasticos,

250 451 351 470 necnon
368 447 394 469 et
412 440 510 469 laicos:
525 439 589 478 quia
609 439 692 469 unius
709 438 831 468 criminis
846 438 990 482 habentur,

250 480 350 520 pariter
360 480 410 509 Dei
423 480 492 508 dona
509 478 652 509 vendentes
666 485 692 508 et
703 485 834 507 ementes:
849 477 912 516 quia
924 487 994 506 scri-

271 526 328 548 tum
347 526 397 555 est,
421 520 521 549 Gratis
540 520 702 558 accepistis,
722 519 814 558 gratis
835 518 914 546 date.
935 517 990 546 Co-

252 531 357 588 iumbas
371 569 479 599 quoque
498 557 670 588 vendentium
692 557 830 587 cathedras
844 556 947 590 evertit,
962 562 992 585 ut

252 598 325 637 quod
338 599 423 628 honor
433 597 605 628 sacerdotalis
615 598 694 627 debet
706 597 806 626 auferri
819 596 854 625 ab
871 596 920 632 eis,
939 594 991 624 do-

251 645 332 675 ceret,
354 638 401 677 qui
421 648 471 677 pro
489 645 591 668 terrena
605 636 729 667 mercede
745 647 813 675 opus
827 635 878 666 Dei
890 635 992 664 facien—

251 677 318 707 dum
328 678 492 707 existimant.
513 676 594 714 Quod
613 677 695 717 igitur
707 675 741 705 de
751 675 935 705 ecclesiasticis
946 673 991 719 dt-

252 717 353 754 ximus,
374 717 424 747 hoc
443 717 628 756 unusquisque
645 716 679 746 de
701 726 728 745 se
750 715 892 754 intelligat.
919 714 993 743 Dicit

253 757 323 786 enim
335 757 472 797 apostolus
485 769 491 785 :
505 757 564 786 Vos
575 758 642 786 estis
655 754 794 796 templum
809 756 863 784 Dei
874 755 949 799 vivi,
965 759 993 782 et

253 797 375 836 Spiritus
384 803 502 826 sanctus
516 797 630 825 habitat
644 798 676 825 in
689 797 782 825 vobis.
795 796 855 825 Non
867 794 901 823 sit
911 794 994 833 igitur

1042 289 1142 307 munus
1155 285 1194 307 est
1206 277 1320 307 domini.
1337 278 1373 307 Et
1387 278 1481 309 merito
1497 281 1552 309 Deo
1563 281 1654 320 gratiae
1667 278 1786 310 referun-

1042 324 1087 347 tur
1098 317 1132 347 de
1149 318 1254 357 pietatis
1265 317 1372 352 officiis,
1385 318 1463 358 cujus
1473 329 1555 359 opera
1565 320 1692 350 videntur
1701 320 1729 349 in
1742 319 1786 349 fa—

1042 357 1135 387 mulis.
1149 359 1292 396 Propterea
1303 357 1359 397 ipse
1368 358 1499 388 Dominus
1505 358 1649 399 discipulis
1662 360 1718 389 suis
1729 359 1783 389 ait:

1041 396 1089 426 Sic
1100 397 1194 426 luceat
1217 397 1270 425 lux
1283 402 1385 426 vestra
1397 407 1495 427 comm
1508 399 1685 434 hominibus,
1697 406 1730 428 ut
1741 401 1786 428 vi·
1793 407 1878 430 Mutila.
1893 406 1904 430 fi

1588 446 1652 467 cent
1664 439 1785 468 Patrem
1797 438 1832 461 ¹⁶·
1854 476 1856 478 Ι

1042 437 1133 464 deant
1144 447 1231 476 opera
1243 443 1343 466 vestra
1353 438 1442 473 bona,
1453 443 1482 466 et
1511 438 1566 467 lori

1043 482 1183 512 vestrum,
1199 478 1250 514 qui
1273 476 1304 505 in
1326 477 1406 506 coelis
1419 482 1472 506 est.
1486 448 1535 506 lgh.
1569 478 1593 507 't
1605 485 1786 508 accesserunt

1042 515 1084 543 ad
1096 526 1160 546 eum
1167 518 1236 544 caeci
1247 522 1275 544 et
1289 516 1389 545 claudi
1399 518 1431 544 in
1443 517 1561 556 templo,
1571 523 1599 546 et
1608 519 1727 547 sanavit
1737 528 1786 548 eos

1044 565 1143 584 omnes
1155 566 1163 581 .-
1180 561 1209 583 ut
1221 554 1294 593 quod
1313 555 1356 584 illi
1373 556 1464 586 verbis
1476 556 1636 593 clamabant,
1650 557 1699 586 istc
1710 557 1787 588 factis

1043 595 1202 623 ostenderet.
1212 595 1297 630 Quasi
1306 595 1380 625 testis
1389 595 1462 625 vocis
1472 606 1566 625 eorum
1579 596 1684 626 sanavit
1691 607 1784 635 οπως,

1044 640 1074 662 ut
1095 634 1157 663 caeci
1176 633 1308 670 videntes,
1329 645 1411 665 caecos
1435 635 1605 675 aspicientes,
1619 635 1743 666 viderent
1759 643 1787 666 et

1043 673 1097 712 ipsi
1112 686 1118 702 z
1131 680 1160 702 ut
1172 673 1284 702 istorum
1299 674 1462 704 illuminatio
1480 675 1629 715 corporalis
1642 676 1718 704 fieret
1730 676 1787 705 illis

1044 723 1056 741 s
1078 712 1192 742 iritualis
1213 713 1321 742 lucerna
1335 713 1438 743 cordis.
1453 714 1567 744 Cui-avit
1581 722 1607 744 et
1619 714 1741 750 claudos,
1757 722 1787 744 ut

1043 723 1223 782 ciaudicantes
1231 753 1246 782 J
1251 753 1319 782 udaei
1333 753 1361 782 in
1372 753 1426 783 fide
1439 761 1575 783 currerent
1587 754 1623 783 ad
1636 754 1785 791 Christum,

1045 798 1075 820 ut
1081 792 1204 821 meliores
1213 792 1293 832 pedes
1302 793 1343 822 illi
1353 793 1503 833 acciperent
1510 794 1631 823 videntes
1638 804 1719 833 quam
1728 794 1783 824 isti.

254 837 282 865 in
292 836 373 866 domo
382 836 497 876 pectoris
507 836 547 864 tui
559 835 702 875 negotiatio
714 835 817 864 illicita.
827 834 905 863 Nihil
917 833 992 869 boni,
1011 841 1030 864 Β
1046 832 1095 861 15.
1115 832 1252 860 Videntes
1271 839 1367 862 autem
1388 834 1529 873 principes
1553 834 1745 871 sacerdotum,
1757 840 1787 863 et

254 875 328 914 quod
349 876 462 906 facimus
471 898 478 910 ‚
503 875 549 904 vel
573 876 658 904 facere
700 885 824 903 ossumus
849 873 994 917 adjuvante

254 916 382 952 Domino,
395 915 512 956 appetitu
524 915 656 954 jactantiae
674 885 812 948 gemmus,
833 923 885 942 non
896 919 995 941 terreni

255 955 325 984 lucri
338 955 561 995 concupiscentia,
575 964 628 983 non
644 954 776 983 malarum
790 952 937 992 cupiditate
950 954 992 980 're-

256 1005 328 1031 ruui,
341 1005 374 1024 ne
385 995 551 1034 ingrediatur
558 995 637 1024 Jesus
649 993 731 1023 iratus
738 1000 764 1022 et
776 992 892 1031 rigidus,
904 998 931 1020 et
942 1001 994 1019 non

256 1034 334 1063 aliter
342 1034 471 1066 emundet
483 1033 611 1073 templum
625 1044 716 1069 suum,
730 1032 782 1062 nisi
794 1031 902 1069 flagello
914 1030 994 1060 adhi-

256 1073 323 1110 bito,
336 1074 364 1103 id
377 1081 427 1111 est,
440 1080 600 1103 correctione
609 1072 776 1113 gravissima,
790 1071 860 1100 etde
869 1071 995 1111 spelunca

256 1113 402 1149 latronum,
426 1114 455 1143 id
475 1120 525 1149 est,
546 1112 580 1142 de
597 1112 751 1142 habitaculo
772 1111 925 1140 daemonum
948 1120 996 1155 per

258 1163 337 1182 usum
346 1153 444 1192 iniquae
454 1152 618 1192 cupiditatis,
629 1152 696 1181 etde
705 1151 785 1181 domo
798 1150 995 1190 negotiationis,

259 1192 287 1221 id
301 1200 350 1230 est,
365 1193 399 1222 de
410 1193 490 1222 corde
504 1192 603 1221 terreni
624 1191 692 1220 lucri
708 1191 837 1226 inhiante,
852 1200 906 1219 suae
920 1190 998 1219 saciat

258 1231 368 1261 domum
378 1232 559 1261 habitationis.
571 1231 652 1261 Unde
664 1230 727 1270 quia
738 1241 885 1270 paucorum
894 1236 934 1259 est
946 1237 998 1259 tam

259 1271 346 1300 solida
358 1271 498 1307 fortitudo,
514 1271 669 1300 cruciantur
686 1270 784 1299 delicta
797 1269 922 1299 sanandis
935 1269 998 1299 vul-

260 1311 381 1346 neribus,
393 1311 492 1348 quibus
503 1311 619 1339 humana
639 1309 768 1348 fragilitas
789 1309 935 1338 sauciatur.
951 1309 1000 1338 Di-

260 1349 347 1389 ligens
355 1348 393 1378 est
403 1349 554 1378 adhibenda
561 1349 674 1378 curatio.
682 1348 762 1377 Unde
772 1347 838 1377 dicit
847 1349 904 1377 Scri
909 1355 984 1386 ptura
993 1360 999 1377 :

265 1390 337 1428 Quis
350 1391 426 1417 enim
438 1390 612 1428 gloriabitur
629 1394 742 1416 castum
759 1398 789 1416 se
809 1388 916 1415 habere
938 1397 998 1422 cor,

262 1430 403 1458 mundum
421 1439 440 1457 a
458 1430 599 1467 peccato?
624 1428 724 1457 Omnes
748 1426 830 1465 igitur
853 1425 1001 1465 intelligant

261 1468 420 1498 delictorum
434 1467 639 1507 indulgentiam,
657 1473 683 1496 et
698 1465 872 1505 reparationis
887 1475 941 1494 suae
954 1475 1000 1494 ne-

262 1508 401 1538 cessariam
429 1507 480 1537 sihi
501 1517 557 1536 esse
575 1506 746 1535 medicinam.
766 1506 852 1534 Nemo
873 1505 943 1533 enim
961 1511 1001 1534 est

261 1554 333 1576 tanta
347 1547 472 1576 firmitate
484 1545 621 1580 suffultus,
645 1551 674 1573 ut
692 1544 726 1573 de
742 1543 930 1588 justificatione
952 1554 1000 1573 sua

261 1586 356 1616 debeat
375 1597 430 1615 esse
448 1595 567 1615 securus.
583 1585 700 1614 Utamur
713 1583 807 1622 igitur,
823 1582 1000 1619 dilectissimi,

262 1626 431 1656 saluberrimi
443 1624 573 1665 temporis
595 1623 794 1653 venerabilibus
814 1622 952 1659 institutis,
976 1629 1002 1652 et

262 1666 395 1696 solertiori
413 1676 477 1694 cura
493 1670 596 1693 nostras
610 1663 728 1692 maculas
747 1669 893 1701 tergamus.
911 1663 1001 1698 Quan-

262 1705 386 1735 tumlibet
406 1705 477 1733 enim
490 1710 561 1733 caste
578 1709 604 1732 et
623 1702 711 1732 sobrie
732 1701 852 1731 mortalis
871 1701 927 1730 haec
947 1702 1003 1731 vita

263 1745 389 1782 ducatur,
405 1744 521 1783 quodam
537 1750 622 1772 tamen
636 1742 747 1782 pulvere
760 1748 871 1770 terrenae
891 1751 1003 1770 conver-

265 1784 374 1814 sationis
386 1784 546 1823 aspergitur,
561 1788 586 1811 et
598 1782 668 1811 nitor
685 1781 814 1810 mentium
825 1779 860 1809 ad
872 1780 921 1809 Dei
934 1780 1003 1825 ima-

266 1825 354 1863 ginem
367 1823 536 1853 conditarum
551 1831 604 1851 non
617 1822 654 1850 ita
667 1832 682 1850 a
695 1821 769 1850 fumo
781 1820 872 1864 totius,
879 1821 1003 1849 vanitatis

264 1870 304 1893 est
317 1863 430 1898 alienus,
450 1870 478 1892 ut
491 1862 566 1891 nulla
600 1861 664 1890 ossit
678 1859 756 1889 sorde
775 1860 884 1894 fuscari,
906 1866 932 1887 et
950 1869 1003 1897 non

264 1913 369 1942 semper
383 1903 501 1942 indigeat
517 1872 643 1945 expciiiri.
663 1899 744 1936 Quod
755 1899 777 1928 si
789 1899 868 1927 etiam
885 1898 1001 1928 castissi-

254 1953 316 1977 ·mis
329 1953 425 1972 animis
437 1951 614 1971 necessarium
631 1945 681 1976 cst,
696 1946 795 1978 quanto
806 1938 891 1977 magis
903 1944 942 1967 est
954 1949 1004 1967 ex-

263 1982 420 2021 petendum,
432 1982 479 2025 qni
489 1987 542 2010 tota
551 1980 618 2008 forte
630 1979 692 2007 anni
703 1978 786 2018 spatia
797 1985 842 2006 aut
850 1977 1005 2007 saecularius

1045 872 1146 900 scriboe
1159 872 1306 901 mirabilia
1317 883 1382 910 quoe
1398 873 1488 912 fecit,
1501 880 1527 902 et
1535 883 1640 912 pueros
1651 874 1785 903 claman-

1048 917 1089 940 tes
1102 912 1134 939 in
1144 912 1262 950 templo,
1277 918 1305 940 et
1317 912 1443 941 dicentes
1459 923 1467 939 .-
1479 913 1636 942 Hosianna
1652 913 1717 953 silio
1727 913 1788 942 Da-

1049 951 1098 980 vid
1110 961 1118 977 .·
1135 951 1197 982 indi
1218 952 1279 980 naa·
1287 953 1421 987 suntne.
1435 958 1462 981 et
1474 952 1612 981 dixerunt
1620 955 1648 982 ei
1663 965 1670 981 :
1687 953 1787 982 Audis

1047 990 1120 1030 quid
1128 991 1177 1018 isti
1188 961 1289 1019 dicunt
1300 993 1313 1018 Ρ
1327 990 1435 1027 Quibus
1446 991 1454 1020 i
1476 1002 1503 1020 se
1515 998 1618 1032 poterat
1630 991 1720 1021 dicere
1733 1005 1739 1021 ε
1751 993 1788 1022 Et

1047 1040 1095 1058 vos
1109 1028 1207 1060 videtis
1220 1029 1288 1068 quid
1299 1040 1348 1069 ego
1360 1030 1448 1060 facio?
1457 1002 1528 1060 illos
1547 1031 1686 1076 loquentes
1699 1039 1788 1061 atten-

1047 1068 1123 1106 ditis,
1139 1075 1164 1098 et
1178 1079 1220 1098 me
1232 1069 1370 1099 facientem
1383 1080 1435 1099 non
1447 1069 1631 1101 consideratis.
1645 1071 1704 1110 Ego
1717 1072 1797 1101 enim>

1049 1108 1124 1138 factis
1143 1109 1301 1148 interpretor
1325 1119 1404 1139 voces
1419 1110 1539 1139 illorum.
1553 1110 1789 1147 Quemadmodum

1048 1148 1174 1178 columna
1190 1148 1218 1176 in
1234 1149 1345 1189 templo,
1357 1149 1380 1178 si
1393 1150 1496 1179 steterit
1509 1156 1591 1186 recta,
1603 1157 1710 1194 accepto
1719 1161 1788 1191 pon-

1049 1187 1112 1218 dere
1121 1187 1238 1228 amplius
1252 1188 1444 1227 confirmatum
1459 1189 1484 1219 si
1497 1196 1587 1219 autem
1598 1189 1703 1219 modice
1715 1190 1789 1219 obli-

1070 1239 1102 1257 ua
1114 1228 1202 1264 fuerit,
1213 1235 1336 1268 suscepto
1348 1228 1478 1268 pondere,
1491 1239 1544 1258 non
1557 1229 1645 1259 solum
1659 1239 1713 1259 non
1722 1240 1790 1260 con-

1050 1239 1185 1303 irruatur,
1199 1267 1247 1296 sed
1259 1267 1376 1307 amplius
1397 1268 1473 1298 vadit
1483 1268 1517 1298 ad
1537 1269 1607 1298 latus
1621 1269 1689 1299 :sic
1706 1276 1733 1298 et
1745 1280 1792 1299 cor

1050 1306 1168 1337 hominis
1180 1308 1204 1335 si
1226 1314 1327 1336 rectum
1350 1308 1441 1343 suerit,
1457 1308 1552 1339 videns
1575 1310 1655 1349 opera
1676 1308 1793 1349 alicujus

1050 1346 1104 1375 viri
1114 1345 1181 1385 justi
1193 1368 1200 1381 ,
1221 1353 1267 1375 aut
1287 1347 1407 1383 audiens,
1422 1359 1470 1388 pei·
1490 1348 1640 1377 doctrinam
1659 1348 1794 1388 sapientiae

1050 1385 1108 1424 ejus
1122 1385 1239 1424 amplius
1253 1386 1442 1423 confirmatur;
1455 1387 1478 1415 si
1487 1394 1576 1416 autem
1588 1387 1669 1417 fuerit
1682 1398 1793 1427 pervet-

1018 1430 1036 1453 C
1052 1434 1112 1453 suni
1125 1434 1180 1459 cor,
1193 1424 1286 1454 videns
1308 1435 1388 1464 opera
1400 1426 1515 1466 alicujus
1526 1426 1580 1456 viri
1596 1426 1679 1466 justi,
1689 1433 1736 1456 aut
1746 1438 1795 1456 an·

1051 1463 1138 1499 diens,
1154 1473 1208 1492 non
1228 1464 1316 1493 solum
1328 1475 1381 1493 non
1399 1465 1584 1502 confirmatur,
1598 1465 1646 1495 sed
1659 1466 1745 1506 magis
1758 1466 1794 1496 ad

1051 1502 1182 1532 invidiam
1189 1503 1332 1539 excitatur,
1339 1510 1365 1533 et
1375 1505 1636 1544 magispervertitur.
1646 1506 1704 1535 Hoc
1711 1506 1793 1535 modo

1052 1548 1078 1571 et
1091 1541 1240 1571 sacerdotes
1260 1542 1382 1572 videntes
1407 1545 1531 1573 sanitates
1554 1545 1751 1584 aegrotantium,
1767 1552 1794 1575 et

1051 1580 1188 1610 audientes
1195 1581 1303 1610 laudem
1312 1593 1469 1622 puerorum,
1477 1593 1530 1612 non
1538 1584 1627 1613 solum
1637 1594 1691 1614 non
1704 1584 1795 1614 credi-

1052 1620 1152 1649 derunt
1162 1620 1189 1649 in
1198 1621 1348 1657 Christum,
1356 1621 1404 1651 sed
1413 1623 1498 1661 magis
1510 1623 1618 1652 excitati
1629 1630 1692 1653 sunt
1701 1631 1794 1654 contra

1052 1670 1126 1697 eum,
1141 1659 1260 1690 dicentes
1272 1673 1278 1689 :
1290 1661 1390 1690 Audis
1401 1663 1474 1701 quid
1483 1664 1532 1691 isli
1545 1663 1647 1692 dicunt
1656 1666 1670 1692 Ρ
1683 1663 1795 1693 Utinam

1051 1710 1100 1730 vos
1123 1699 1262 1729 audieritis
1287 1700 1355 1739 quid
1376 1700 1480 1730 dicunt.
1507 1702 1556 1731 Hae
1577 1703 1650 1732 enim
1671 1703 1794 1734 sanitates

1052 1740 1239 1777 aegrotantium
1252 1739 1285 1768 de
1299 1741 1412 1770 vocibus
1425 1741 1600 1771 clamantium
1612 1742 1796 1773 testimouium

1053 1778 1128 1815 dant,
1139 1779 1202 1817 quia
1215 1790 1278 1808 vera
1285 1779 1348 1809 sunt
1356 1791 1416 1818 quae
1426 1780 1566 1810 dicuntur.
1579 1782 1646 1811 Item
1654 1792 1732 1812 voces
1739 1782 1796 1812 cla-

1053 1818 1183 1847 muntium
1197 1818 1231 1848 de
1244 1819 1402 1855 sanitatibus
1416 1820 1602 1860 aegrotantium
1614 1821 1796 1852 testimonium

1054 1857 1182 1893 reddunt,
1196 1858 1259 1897 quia
1272 1869 1368 1899 magna
1378 1867 1441 1889 sunt
1455 1870 1514 1898 quae
1529 1860 1609 1890 fiunt.
1624 1861 1654 1891 Si
1672 1861 1797 1891 sanitates

1054 1898 1239 1936 aegrotantium
1262 1899 1428 1928 mentiuntur
1444 1898 1479 1928 de
1490 1900 1617 1936 Christo,
1638 1901 1799 1940 interrogate

1054 1947 1133 1967 voces
1146 1937 1331 1967 clamantium.
1345 1939 1375 1968 Si
1387 1949 1466 1969 voces
1479 1939 1652 1970 clamantium
1664 1941 1798 1970 mentiun-

1055 1983 1111 2013 tur,
1126 1977 1288 2016 interrogate
1299 1979 1483 2023 aegrotantium
1496 1979 1629 2009 sanitates.
1645 1980 1681 2009 Et
1695 1979 1800 2019 utquid

264 2028 311 2049 aut
324 2021 502 2060 negligentius
512 2018 694 2049 transierunt?
706 2019 781 2055 Quos
793 2017 901 2046 caritate
915 2017 1003 2046 debita
1021 2024 1042 2047 n
1056 2015 1133 2055 quasi
1143 2027 1220 2046 reum
1233 2024 1357 2057 arguitis,
1366 2028 1446 2056 quem
1459 2018 1527 2047 tanti
1539 2025 1616 2048 testes
1629 2018 1776 2049 defendunt
1785 2019 1799 2048 Ξ)

265 2070 473 2096 commonemus,
486 2066 516 2089 ut
529 2058 682 2097 confugiant
699 2068 789 2086 omnes
802 2056 836 2085 ad
849 2063 1004 2096 praesentem

266 2099 367 2138 ubique
378 2100 428 2128 Dei
437 2098 659 2134 misericordiam,
670 2104 695 2126 et
706 2097 786 2136 digna
801 2107 829 2126 se
842 2096 1005 2125 confessione

266 2149 329 2167 cum
337 2138 504 2168 observantia
513 2137 696 2167 mandatorum
705 2138 754 2166 Dei
761 2143 917 2166 cunctorum
924 2135 1005 2165 corda

266 2178 438 2207 sanctificent.
456 2179 579 2207 Mitescat
595 2177 709 2211 saevitia,
728 2175 866 2206 iracundia
879 2185 1005 2204 mansue-

267 2225 330 2247 scat.
337 2218 482 2247 Remittant
490 2218 542 2246 sibi
552 2227 641 2246 omnes
647 2216 740 2255 culpas
748 2216 863 2246 invicem
869 2226 941 2244 suas.
950 2215 1006 2244 Nec

268 2264 376 2287 exactor
389 2258 423 2286 sit
440 2256 576 2292 vindictae,
587 2256 635 2294 qui
645 2257 741 2295 petitor
751 2262 789 2284 est
801 2255 895 2284 veniae.
907 2254 1006 2284 Dicen-

204 2309 259 2327 ciixi
268 2295 400 2332 tesenim,
417 2298 539 2326 Dimitte
553 2297 635 2325 nobis
646 2296 754 2330 debita,
768 2297 842 2324 sicut
854 2301 882 2323 et
902 2305 954 2323 nos
965 2294 1007 2323 di-

118 2336 206 2358 Mauh.
219 2338 242 2360 6.

122 2373 157 2390 12.

270 2338 410 2366 mittimus
418 2338 594 2365 debitoribus
607 2336 723 2370 nostris,
734 2334 886 2363 durissimis
894 2333 1008 2369 nosvin-

269 2376 337 2405 culit
345 2377 514 2415 colligamus,
525 2375 577 2404 nisi
588 2374 662 2414 quod
673 2375 828 2414 profitemur
836 2373 1005 2413 impleamus.

271 2416 417 2446 Clementes
429 2422 517 2444 autem
529 2422 554 2444 et
566 2415 643 2443 mites
653 2414 755 2443 animos
765 2413 872 2453 largitas
883 2412 1005 2442 deorum.

271 2455 350 2485 Nihil
360 2455 431 2484 enim
444 2462 483 2484 est
494 2454 614 2494 dignius,
627 2464 707 2492 quain
719 2453 835 2482 uthomo
847 2453 882 2482 sit
894 2452 1010 2482 auctoris

272 2495 315 2523 sui
328 2494 455 2531 imitator,
471 2501 496 2523 et
508 2493 655 2523 secundum
674 2492 784 2522 modum
798 2492 914 2532 propriae
926 2492 1009 2521 facul-

271 2533 333 2562 tatis
345 2532 431 2562 divini
445 2534 533 2573 operis
544 2534 578 2563 sit
587 2539 759 2571 exsequutor.
774 2534 843 2562 Nam
858 2543 919 2562 cum
932 2531 1011 2560 alun-

273 2579 317 2601 tur
337 2573 490 2609 esurientes,
505 2573 654 2603 vcstiuntur
674 2571 751 2610 nudi,
766 2582 853 2601 nonne
877 2571 1011 2602 auxilium

1055 2055 1085 2086 Si
1096 2056 1167 2095 juste
1181 2056 1307 2093 clamant,
1330 2057 1475 2086 consentite
1492 2058 1681 2094 clamantibus,
1695 2065 1722 2088 et
1742 2069 1799 2088 cre-

1056 2095 1112 2124 dite
1125 2096 1153 2123 in
1173 2095 1328 2133 Chi-istum5
1344 2096 1367 2125 si
1377 2103 1466 2125 autem
1480 2096 1578 2136 injuste
1589 2096 1695 2134 dicunt,
1705 2108 1801 2137 repre-

1056 2133 1165 2163 hendite
1178 2134 1240 2163 illos
1255 2135 1340 2174 magis
1352 2135 1462 2175 injuste,
1479 2135 1597 2166 dicentes
1612 2146 1621 2165 z
1643 2137 1679 2166 Et
1691 2143 1722 2166 ut
1733 2136 1801 2176 quid

1056 2173 1194 2204 Christum
1207 2174 1340 2214 culpatis?
1355 2174 1431 2211 Quid
1441 2175 1513 2204 enim
1523 2175 1633 2215 culpant
1647 2176 1800 2214 Christum,

1897 2060 1904 2091 ι,

1899 2095 1904 2140 i

1058 2215 1081 2243 si
1092 2213 1114 2251 †
1128 2212 1282 2251 intelligunt
1293 2213 1335 2243 illi
1343 2213 1410 2252 quid
1419 2214 1533 2244 dicunt?
1547 2216 1569 2245 J
1571 2225 1636 2245 esus
1649 2222 1746 2246 autem
1756 2217 1802 2245 di-
1809 2227 1823 2254 †
1830 2227 1904 2249 ‚imai

1059 2256 1103 2282 xit
1116 2254 1157 2282 eis
1173 2265 1181 2281 ε
1199 2254 1306 2293 Utique
1321 2264 1482 2293 numquam
1493 2255 1614 2295 legistis,
1630 2257 1681 2285 Ea.-
1697 2266 1747 2285 ore
1757 2257 1859 2285 iri-'ell-
1901 2282 1904 2284 .

1053 2293 1185 2334 santium
1198 2299 1226 2321 et
1237 2293 1407 2323 lactentium
1417 2304 1469 2333 per
1485 2297 1568 2324 ecisti
1578 2296 1712 2324 laudem?
1720 2296 1802 2325 Tam-
1813 2290 1877 2313 ΡΜ·
1889 2286 1904 2314 ⁸

1060 2343 1140 2371 quam
1151 2332 1174 2361 si
1193 2332 1277 2368 dicat,
1292 2333 1378 2362 Esto:
1399 2333 1452 2362 istu
1491 2345 1550 2364 mea
1568 2335 1648 2375 culpa
1673 2342 1724 2372 est,
1737 2335 1801 2374 quia

1061 2372 1107 2401 isti
1128 2371 1244 2401 clamant
1258 2385 1264 2401 z
1283 2372 1417 2411 numquid
1433 2383 1492 2402 mea
1511 2374 1592 2414 culpa
1603 2382 1654 2411 est,
1666 2375 1730 2413 quia
1741 2381 1802 2404 ante
1837 2402 1839 2404 .

1062 2418 1101 2441 tot
1113 2411 1199 2440 millia
1214 2422 1346 2441 annorum
1365 2412 1415 2442 hoc
1427 2413 1549 2443 futurum
1559 2414 1690 2454 propheta
1701 2414 1803 2454 praedi—

1062 2450 1130 2481 xit?
1158 2450 1190 2479 Si
1213 2451 1386 2481 recordamur
1410 2453 1544 2491 quomodo
1567 2454 1690 2492 superius
1712 2453 1801 2491 dixit,

1068 2491 1164 2520 Turba
1190 2498 1287 2520 autem
1302 2502 1377 2536 quae·
1385 2493 1576 2530 praecedebat,
1587 2499 1616 2539 es
1628 2504 1694 2532 quae
1706 2504 1807 2534 seque·

1066 2532 1162 2568 batur,
1176 2530 1324 2560 clamabat
1338 2543 1345 2559 ε
1370 2531 1546 2571 intelligimus
1557 2542 1621 2571 quia
1638 2532 1750 2563 infantes
1759 2533 1805 2562 di-

1065 2570 1205 2608 cebantur,
1218 2581 1270 2600 non
1293 2577 1376 2609 aetate,
1390 2570 1437 2602 scd
1456 2570 1626 2612 simplicitate
1643 2572 1742 2602 cordis.
1758 2574 1805 2603 In-
