1904 2840
33 683 135 706 christ-n

22 719 86 744 opter
92 723 105 736 u
108 717 135 737 ti-

11 1218 17 1224 .
31 1200 84 1227 Cor.
98 1202 125 1225 15

1 1239 33 1256 .o-

0 1598 16 1613 ι.
32 1590 86 1613 Cor.
97 1591 132 1614 13.

0 1629 16 1650 ).
29 1628 64 1645 ιο.

0 1902 59 1925 han.
85 1910 120 1932 ¹7·

0 2057 127 2084 tama-8.

33 750 78 768 tem
95 754 135 768 no·
152 758 155 760 ,

669 188 700 210 IN
728 185 932 212 MA'r'rflAEtJM.
961 188 1079 213 nomn.
1108 189 1177 212 LIII.

147 258 224 284 sens,
248 257 300 277 non
322 237 462 283 ereditur,
486 246 535 277 sed
562 247 690 277 videtur:
713 259 775 278 cum
799 255 889 278 autem
906 252 927 275 Α
943 238 1148 290 magisoperum
1158 239 1487 288 remuneratorest,quam
1500 250 1679 281 voluntatum.
1692 258 1774 283 c'cxxn

145 286 240 317 absens
250 284 346 323 fuerit,
359 296 413 316 nou
424 285 532 315 videtur
540 310 549 322 ‚
561 287 608 316 sed
621 287 741 317 ereditur
750 310 758 324 ,
772 287 838 317 dum
852 289 888 317 ti-

146 332 245 356 metur.
261 325 370 356 Christo
388 325 473 364 igitur
487 333 631 366 praesente,
646 327 696 356 etsi
718 328 888 357 tentationem

146 364 266 404 aliquam
285 365 445 395 sustinerent
466 372 574 406 propter
594 377 671 401 eum,
687 373 734 396 aut
754 367 887 407 justitiam

145 405 271 439 facerent,
286 415 355 445 opus
366 412 452 434 tamen
465 415 558 434 eorum
572 415 624 435 non
637 406 780 436 videbatur
791 417 847 436 esse
859 407 887 436 in

144 442 209 481 fide,
223 443 270 473 sed
284 444 312 473 in
326 444 422 479 oculis.
438 443 503 474 Ideo
516 454 565 474 nec
583 452 705 485 poterant
717 444 770 475 sibi
783 456 886 476 merce-

143 483 206 513 dem
221 483 283 513 fidei
297 494 345 524 per
354 484 487 524 justitiam
499 484 648 523 acquirere,
663 485 716 514 nisi
728 485 887 515 ascendisset

143 523 179 552 ab
194 523 243 552 eis.
258 524 327 552 Nam
341 533 434 553 servus
448 522 536 552 fidelis
550 523 660 554 domino
673 525 780 553 absente
792 525 888 563 proba·

142 568 206 591 tur:
219 569 346 602 praesente
359 568 449 591 autem
461 561 571 591 domino
604 563 711 603 uicquid
729 564 820 592 fecerit
833 574 886 593 non

142 608 182 631 est
195 599 254 630 laus
272 601 365 636 servi,
385 600 432 630 sed
446 601 560 631 domini.
577 574 662 632 &ides
680 613 744 642 ergo
757 602 821 641 quia
833 613 886 632 non

142 647 254 681 propter
274 651 352 670 suam
377 640 519 670 utilitatem
538 641 664 672 Christus
687 641 825 676 ascendit,
839 641 886 671 sed

146 691 194 720 pro
214 687 254 709 ter
271 686 400 710 nostram.
413 681 534 719 Tempus
547 688 635 710 autem
653 681 745 711 differt
764 681 886 719 largum,

146 727 176 750 ut
199 719 294 759 ongior
313 718 392 749 detur
405 719 560 749 hominibus
577 720 689 759 justitiae
709 720 836 749 faciendae
849 720 886 749 li-

145 759 242 796 centia.
265 759 316 788 20.
331 760 374 788 Et
392 759 534 788 accedens
556 760 608 799 qui
630 762 760 800 quinque
773 760 887 789 talenta

144 804 296 838 acceperat
305 820 314 835 ,
339 799 417 828 dizit
429 810 438 827 ε
455 799 596 836 Domine,
619 800 749 839 quinque
773 799 887 829 talenta

144 838 293 868 tradidisti
306 839 388 868 mihi.
403 837 477 870 Vide
486 861 494 875 ‚
517 838 604 868 bonus
617 849 727 875 servus,
742 849 795 868 non
809 840 885 877 quasi

143 878 261 918 glorians
272 877 300 907 in
314 887 394 918 opere
407 888 466 914 suo,
481 888 534 907 non
548 879 669 918 primum
689 878 757 908 lueri
772 878 884 908 talento-

143 928 205 947 rum
218 917 374 947 memoriam
393 917 473 954 fadi,
487 917 536 947 sed
552 918 671 958 primum
685 925 813 947 memorat
826 929 885 957 quae

142 957 257 998 accepit,
271 963 361 996 postea
373 966 432 996 quae
445 957 547 988 invenit
563 970 569 986 ι
585 964 615 987 ut
627 956 748 987 ostendat
762 967 814 986 non
827 965 886 987 stu-

142 995 183 1026 dii
194 997 238 1026 sui
250 1002 298 1026 aut
308 995 407 1026 laboris
419 1007 476 1026 esse
489 996 565 1042 quod
577 997 730 1035 acquisivit,
745 996 791 1026 sed
804 997 885 1026 bene-

142 1034 266 1066 ficiorum
276 1034 380 1065 domini
391 1036 446 1074 sui,
457 1036 558 1075 quibus
569 1036 723 1075 acquisivit.
734 1037 885 1075 Tamquam

142 1075 165 1104 si
184 1075 276 1105 dicat:
293 1075 423 1112 Domine,
444 1083 655 1145 egmtmntum
674 1075 708 1104 ad
722 1087 811 1105 meum
826 1082 894 1105 stu--

143 1114 222 1145 dium
233 1121 260 1144 et
271 1114 403 1152 laborem,
417 1125 466 1144 nec

143 1154 228 1184 facere

549 1115 617 1145 icam
630 1115 740 1155 quidem
751 1115 885 1155 justitiam

284 1153 410 1191 tuisse-n,
433 1153 485 1183 nisi
499 1155 583 1200 gratia
595 1162 642 1185 tua
654 1155 746 1184 fuisset
768 1165 883 1185 mecum.

144 1193 220 1224 Sicut
229 1193 335 1223 dicebat
342 1193 389 1223 ille
397 1193 444 1233 qui
452 1193 520 1224 dicit
530 1194 603 1224 :Sed
610 1195 677 1235 plus
693 1196 827 1224 omnibus
839 1195 884 1224 la-

144 1235 264 1269 boravi]
275 1242 335 1262 non
343 1240 440 1263 autem
447 1244 511 1274 ego,
525 1235 577 1263 sed
582 1236 681 1274 gratia
692 1235 749 1264 Dei
761 1245 882 1264 mecum.

143 1274 178 1302 21
189 1295 196 1302 .
210 1273 266 1302 Ait
279 1274 306 1301 ei
321 1273 456 1303 dominas
467 1273 532 1313 eju's
546 1286 555 1302 .-
567 1275 660 1314 Euge,
676 1284 757 1303 serve
770 1275 845 1303 bone
858 1282 886 1304 et

139 1312 250 1352 fidelis,
263 1313 335 1353 quia
347 1322 434 1352 super
447 1323 544 1352 pauca
555 1313 648 1353 suisti
668 1313 766 1351 fidelis
776 1336 783 1350 ,
797 1324 886 1353 supra

145 1351 240 1381 multa
249 1358 277 1381 te
286 1353 462 1382 constituam
468 1365 481 1388 ,·
492 1353 572 1387 intra
581 1354 614 1382 in
623 1354 765 1391 gaudium
774 1353 886 1383 domini

144 1394 197 1420 tui.
221 1391 309 1421 Pauca
330 1398 394 1420 sunt
414 1391 572 1421 admodum.
595 1393 626 1422 Si
649 1393 710 1432 quis
732 1391 766 1422 de
788 1403 884 1433 magna

142 1440 228 1460 massa
241 1429 323 1460 tritici
337 1430 470 1460 modicam
486 1430 591 1462 dederit
602 1431 757 1461 drachmam
769 1455 776 1468 ,
791 1440 838 1462 aut
849 1433 884 1462 de

142 1480 238 1509 magno
252 1480 314 1499 vase
326 1470 384 1500 vini
406 1470 543 1500 modicum
566 1471 673 1501 dederit
695 1478 804 1511 gustum
821 1485 827 1501 :
844 1472 883 1502 sic

143 1506 178 1538 de
189 1519 287 1548 magno
307 1509 433 1539 thesauro
457 1510 532 1549 regni
552 1511 664 1541 caelestis
683 1511 788 1540 modica
807 1512 885 1541 nobis

143 1558 192 1587 per
212 1548 344 1588 Spiritum
364 1556 484 1587 sanctum
502 1550 581 1579 arrha
601 1557 751 1590 praestatur.
773 1552 884 1590 Propter

144 1587 218 1626 quod
237 1587 342 1617 dicebat
363 1588 518 1628 apostolus:
532 1590 582 1618 Ex
593 1597 676 1630 parte
688 1591 764 1619 enim
779 1601 883 1630 cogno-

144 1628 261 1663 seimus,
273 1634 303 1657 et
314 1638 351 1657 ez·
361 1635 445 1667 parce
463 1629 669 1668 prophetamus
684 1641 693 1657 :
707 1640 771 1658 cum
786 1637 883 1659 autem

143 1668 257 1696 venerit
277 1668 356 1707 quod
378 1669 539 1709 perfeetum
562 1675 605 1698 est
615 1691 623 1706 ,
647 1670 832 1698 destruentur
847 1680 884 1698 ea

165 1716 209 1735 uoe
221 1717 259 1735 ex
268 1713 354 1746 parte
364 1714 443 1737 sunt.
457 1709 518 1738 Non
530 1707 612 1743 dixit,
626 1710 697 1739 Intra
709 1707 744 1737 ad
753 1708 883 1747 gaudium

142 1716 245 1775 domiui
259 1745 301 1775 tui
314 1757 321 1776 ε
334 1746 381 1776 sod
391 1770 399 1782 ‚
414 1749 453 1776 ln
474 1749 613 1793 gaudium
638 1748 748 1777 domini
771 1750 828 1782 tui,
853 1755 883 1777 ut

143 1794 278 1831 possessor
291 1787 326 1816 sit
340 1787 433 1826 gaudii
448 1794 504 1823 tui,
520 1793 573 1816 non
582 1794 686 1817 tantum
695 1794 826 1826 spectator
835 1809 843 1822 ,
856 1793 882 1816 et

138 1834 196 1864 Jam
212 1835 264 1855 non
284 1826 361 1865 quasi
373 1826 495 1856 minister
508 1826 627 1862 domini,
642 1826 668 1855 in
682 1826 781 1871 gaudio
803 1826 861 1855 e'us
872 1849 880 1862 ‚

141 1862 188 1893 sed
202 1865 333 1906 particeps
343 1865 515 1905 gaudiorum.
530 1866 607 1896 Sicut
619 1873 645 1895 et
660 1866 727 1895 alibi
738 1866 796 1905 ipse
809 1837 880 1894 dice·

140 1902 187 1933 bat
201 1915 208 1932 :
224 1905 332 1942 Pater,
346 1905 416 1934 volo
436 1912 467 1935 ut
487 1907 537 1935 ubi
550 1916 602 1945 ego
616 1915 680 1934 sum
690 1927 698 1942 ‚
712 1912 740 1935 et
760 1906 809 1934 isti
822 1908 882 1934 sint

141 1952 264 1979 meeum,
276 1951 308 1974 ut
322 1945 446 1974 videant
457 1945 583 1985 gloriam
599 1955 692 1974 meam
707 1955 795 1983 quam
807 1945 881 1973 mihi

140 1982 255 2012 dedisti.
264 1983 339 2021 Quid
345 1994 410 2023 ergo
422 1983 535 2023 dignum
545 1983 657 2014 facimus
670 1984 697 2012 in
707 1984 758 2013 hoc
770 1983 878 2019 saeculo,

140 2028 170 2050 ut
185 2022 327 2063 participes
340 2023 449 2053 Domini
469 2023 552 2053 nostri
574 2023 601 2052 in
622 2023 711 2062 regnis
731 2023 880 2052 caelestibus

140 2060 198 2090 fieri
214 2062 384 2092 mereamur?
394 2062 460 2092 Ideo
469 2063 540 2102 juste
553 2062 618 2092 dicit
632 2062 769 2102 apostolus
784 2074 792 2091 ι
808 2063 880 2091 Exi-

138 2102 224 2130 stimo
233 2103 312 2131 enim
325 2103 406 2141 quod
418 2112 478 2131 non
489 2108 558 2131 sunt
567 2103 720 2142 condigna?
731 2102 880 2140 passiones

138 2139 225 2177 hujus
237 2143 371 2179 temporis
383 2140 565 2178 adfuturam
575 2142 711 2181 gloriam,
726 2152 791 2181 quoe
802 2151 879 2170 reve-

903 1436 921 1460 C

898 2029 917 2051 Ι)

140 2177 252 2207 labitur
271 2180 302 2206 in
314 2181 407 2208 nobis.
423 2181 472 2209 92.
490 2180 643 2210 Acce-dens
663 2187 760 2210 autem
784 2186 811 2209 et
829 2182 880 2218 qui
902 2190 905 2192 ·

138 2217 198 2245 duo
211 2217 325 2246 talenta
344 2225 514 2255 acceperat,
532 2221 575 2249 ait
586 2232 594 2247 .-
609 2220 746 2255 Domine,
759 2220 818 2248 duo
832 2225 879 2247 ta-

139 2256 220 2285 lenta
231 2257 378 2286 tradidisti
388 2257 471 2292 mihi,
481 2267 546 2286 ecce
557 2258 618 2286 alia
630 2259 698 2287 duo.
712 2259 749 2287 Et
759 2258 781 2287 si
793 2257 880 2287 minor

139 2295 166 2323 in
180 2305 260 2335 opere
269 2317 278 2332 ,
292 2305 345 2324 non
369 2296 457 2325 minor
466 2295 494 2324 in
514 2296 659 2325 voluntate.
674 2296 780 2327 Videns
792 2303 880 2326 autem

137 2333 264 2363 dominus
283 2334 347 2373 quia
367 2345 444 2364 servo
466 2334 509 2363 illi
528 2345 579 2364 non
603 2335 727 2365 voluntas
749 2335 879 2375 operandi

138 2374 226 2404 minor
246 2374 315 2409 fuit,
338 2374 386 2403 sed
405 2374 491 2404 virtus
516 2374 578 2404 fidei
595 2386 601 2402 :
616 2385 677 2403 nam
690 2381 717 2403 et
731 2374 778 2404 ille
793 2375 881 2404 voluit

137 2413 261 2443 similiter
282 2424 324 2442 am
345 2413 399 2443 lius
421 2414 543 2453 operari,
566 2412 613 2443 sed
634 2413 718 2453 magis
738 2413 879 2443 desideriis

137 2453 196 2491 ejus
209 2462 262 2482 non
277 2453 322 2482 sul'
330 2453 381 2482 ecit
393 2453 497 2482 modica
510 2452 576 2483 fides
589 2465 596 2482 ε
611 2453 671 2482 ideo
681 2454 771 2493 justus
778 2452 877 2493 judex,

137 2491 186 2520 etsi
199 2501 250 2520 non
262 2492 362 2522 similia
374 2492 450 2522 lucra
461 2492 577 2532 suscepit
590 2492 696 2529 abillo,
708 2492 879 2531 quemadmo-

137 2529 203 2559 dum
219 2531 253 2560 ab
267 2530 329 2566 isto,
346 2538 432 2561 tamen
446 2531 484 2561 sic
498 2531 682 2561 benevolentia
693 2531 774 2561 istum
786 2542 875 2561 susce-

140 2569 198 2608 pit,
210 2570 435 2608 quemadmodum
448 2578 475 2600 et
487 2571 566 2601 illum
581 2583 588 2599 :
605 2571 668 2610 quia
687 2570 810 2601 Christus
823 2582 876 2601 non

302 2620 375 2639 τοινι.
398 2620 442 2640 vr.

1617 177 1687 225 965

944 290 999 318 Nec
1015 297 1089 329 putet
1102 299 1165 334 ergo
1177 289 1316 326 diaconus,
1331 289 1404 328 quod
1415 299 1450 319 ex
1462 299 1493 319 eo
1499 289 1577 358 guod
1589 290 1682 321 diaco-

942 338 994 358 nus
1005 336 1055 364 est,
1069 329 1172 358 beatior
1186 327 1247 365 erit,
1264 339 1344 368 quam
1359 329 1441 358 la‘icus
1455 335 1497 358 stu
1521 329 1592 359 iosus
1605 343 1611 358 :
1628 341 1682 360 non

941 368 1013 398 enim
1033 368 1150 407 dignitas
1169 368 1241 408 apud
1256 369 1343 397 Deum
1362 368 1554 404 honorabitur,
1570 369 1617 398 sed
1630 381 1682 400 vo—

942 407 1040 436 luntas.
1066 408 1121 438 Nec
1143 406 1257 437 diacono
1281 418 1309 436 se
1332 408 1476 437 beatiorem
1495 407 1574 437 debet
1587 416 1682 448 putare

940 447 1079 487 presbyter
1091 457 1125 476 ex
1139 457 1170 476 eo
1185 446 1259 486 quod
1278 447 1417 487 presbyter
1431 454 1470 476 est
1479 469 1488 482 ,
1502 458 1584 486 quam
1598 458 1626 477 se
1635 471 1642 485 ,
1657 450 1681 478 si

940 486 1021 515 fuerit
1034 487 1121 516 bonus
1130 486 1260 516 diaconus
1273 498 1279 514 ι
1293 487 1419 525 quoniam
1450 487 1530 516 radus
1539 487 1681 517 ministerii

940 535 975 554 ex
996 527 1053 555 Deo
1076 532 1132 562 est,
1158 526 1272 565 perfecta
1296 532 1383 554 autem
1398 497 1522 555 voiuntas
1535 536 1568 555 ex
1590 527 1679 557 nobis.

940 565 1082 603 Propterea
1093 575 1145 594 non
1157 575 1250 593 sumus
1260 564 1413 605 judicandi,
1428 565 1491 603 quia
1504 575 1556 594 non
1570 566 1681 597 fecimus

939 603 1012 641 quod
1026 604 1054 632 in
1077 611 1153 643 parte
1174 610 1262 633 nostra
1284 613 1337 632 non
1355 610 1395 633 est
1408 616 1416 632 z
1430 603 1477 633 sed
1496 615 1530 636 ex
1544 615 1576 634 eo
1588 616 1681 636 sumus

937 642 1094 681 judicandi,
1109 643 1184 681 quod
1198 643 1225 671 in
1239 643 1316 672 nohis
1330 650 1370 672 est
1389 653 1480 682 posse,
1503 644 1525 672 si
1545 644 1679 675 volumus.

940 682 991 711 ah.
1006 682 1160 711 decedens
1181 688 1278 711 autem
1301 688 1329 710 et
1350 683 1401 722 qui
1423 691 1513 711 unum
1537 683 1680 715 talentum

941 727 1103 760 acceperat,
1118 723 1160 750 ait
1170 734 1179 750 :
1194 723 1329 756 Domine,
1342 722 1402 750 scio
1413 723 1483 760 quia
1495 723 1579 751 homo
1591 723 1681 753 durus

940 770 979 795 es,
995 763 1078 790 metis
1100 761 1150 789 ubi
1167 770 1227 790 non
1239 762 1404 796 seminasti,
1419 767 1448 789 et
1461 770 1618 801 congregas
1632 764 1684 792 ubi

941 810 1001 829 non
1014 801 1156 839 sparsisti.
1172 802 1197 830 Ο
1210 800 1313 829 malitia
1326 807 1509 839 peccatorum,
1524 811 1583 840 quae
1597 811 1682 840 neque

941 839 1024 869 futuri
1043 839 1140 880 judicii
1153 846 1253 869 terrore
1275 839 1410 869 mutatur!
1426 840 1481 877 Qui
1494 841 1566 869 enim
1585 851 1681 880 pecca-

939 885 997 908 tum
1012 889 1092 908 suum
1105 878 1235 908 debuerat
1256 879 1415 918 simpliciter
1427 879 1549 909 confiteri
1558 902 1566 911 .
1586 887 1616 909 ut
1629 880 1680 910 do-

939 918 1055 954 minum,
1071 929 1151 957 quem
1162 918 1231 947 male
1245 918 1347 958 agendo
1360 918 1527 954 irritaverat,
1543 920 1682 959 simplici-

940 964 979 986 ter
1004 957 1154 987 confitendo
1175 957 1268 986 leniret
1281 969 1288 987 ε
1303 964 1407 987 econtra
1434 968 1486 987 non
1513 958 1600 991 solum
1629 970 1681 989 non

940 997 1088 1034 confi-etur,
1104 997 1150 1026 sed
1163 996 1252 1026 adhuc
1261 1004 1378 1027 excusat.
1396 998 1432 1027 Et
1445 997 1512 1027 dum
1525 998 1585 1027 vult
1597 1009 1681 1029 unum

939 1047 1067 1066 excusare
1089 1043 1243 1076 peccatum,
1258 1036 1334 1066 addit
1353 1043 1379 1066 et
1392 1037 1444 1066 alia
1466 1037 1532 1067 duo.
1547 1037 1679 1072 Primum,

939 1076 1003 1114 quia
1015 1076 1135 1116 peccavit
1149 1089 1155 1105 ι
1167 1075 1296 1112 secundo,
1307 1076 1370 1115 quia
1381 1083 1489 1106 excusat
1500 1089 1506 1106 :
1517 1077 1606 1113 tertio,
1617 1080 1680 1117 quia

939 1122 965 1144 et
979 1116 1107 1156 injuriam
1128 1115 1238 1145 domino
1260 1116 1333 1149 facit.
1353 1117 1494 1156 Propterea
1512 1116 1595 1145 sciens
1615 1127 1679 1162 pro-

940 1155 1020 1194 pheta
1034 1166 1115 1194 quam
1125 1155 1194 1184 mala
1206 1155 1241 1184 sit
1253 1156 1388 1184 excusatio
1403 1162 1581 1196 peccatorum,
1593 1155 1677 1186 dicit:

939 1195 1008 1223 Non
1022 1195 1149 1224 declines
1170 1204 1220 1223 cor
1235 1205 1328 1224 meum
1341 1197 1373 1223 in
1389 1197 1479 1224 verba
1493 1196 1624 1232 malitiae,
1640 1197 1681 1226 ad
1691 1203 1756 1224 Psal.
1779 1201 1828 1229 140.

940 1235 1123 1263 excusandas
1137 1236 1338 1263 excusationes
1352 1236 1384 1263 in
1397 1236 1535 1272 peccatis,
1550 1244 1615 1264 cum
1625 1237 1678 1265 Ιιο-
1689 1235 1711 1263 4-

941 1275 1066 1303 minibus
1095 1275 1279 1313 operantibus
1304 1275 1499 1313 iniquitatem.
1524 1273 1575 1303 Dic
1598 1285 1661 1314 ergo
1671 1298 1679 1311 ‚

939 1323 1015 1343 serve
1027 1312 1142 1342 mendax
1151 1335 1158 1347 ‚
1174 1313 1309 1351 quomodo
1324 1313 1399 1342 metit
1412 1313 1535 1342 Christus
1545 1334 1553 1349 ,
1568 1313 1614 1342 ubi
1628 1324 1681 1343 non

939 1352 1096 1382 seminavit?
1105 1352 1174 1389 Quis
1183 1352 1254 1381 enim
1263 1352 1400 1381 hominum
1413 1359 1463 1388 est,
1471 1352 1515 1381 vel
1528 1352 1679 1392 gentilium,

941 1392 983 1421 vel
1002 1391 1160 1422 Judaeorum
1170 1414 1177 1427 ,
1196 1402 1276 1430 quem
1290 1402 1342 1421 non
1355 1391 1517 1420 sufficienter
1534 1392 1682 1431 spirituali-

939 1431 990 1460 bus
1009 1439 1035 1461 et
1051 1431 1238 1470 corporalibus
1253 1430 1375 1460 sensibus
1396 1430 1536 1459 adornavit
1546 1453 1553 1466 ,
1569 1432 1612 1460 cui
1628 1442 1679 1461 non

939 1470 1015 1499 dedit
1027 1470 1162 1500 scientiam
1174 1470 1237 1499 boni
1253 1477 1279 1499 et
1295 1470 1377 1505 mali,
1390 1469 1434 1498 eui
1449 1480 1500 1498 non
1514 1469 1589 1498 dedit
1603 1481 1680 1510 posse

938 1510 1030 1548 fugere
1043 1509 1143 1538 malum
1154 1532 1161 1545 ‚
1180 1516 1206 1538 et
1219 1509 1417 1548 apprehendere
1430 1509 1529 1537 bonum
1540 1531 1547 1542 ,
1566 1510 1587 1538 si
1601 1510 1680 1539 vult?

939 1549 1013 1578 Sicut
1026 1549 1096 1578 enim
1111 1548 1203 1577 nullus
1219 1555 1258 1577 est
1276 1548 1367 1580 homo.
1383 1548 1426 1577 cui
1443 1547 1546 1586 aliquid
1560 1551 1679 1588 corporis

938 1589 1120 1617 membrorum
1139 1588 1227 1616 minus
1240 1587 1275 1616 sit
1293 1587 1328 1616 ad
1349 1598 1426 1616 usum
1441 1587 1604 1626 corporalem
1617 1600 1624 1617 ε
1640 1589 1678 1617 sic

939 1638 991 1656 non
1006 1635 1055 1663 est,
1070 1627 1114 1656 cui
1129 1627 1216 1656 miuus
1230 1627 1264 1655 sit
1274 1626 1379 1665 aliquid
1393 1637 1484 1655 sensus
1496 1634 1544 1655 aut
1553 1628 1677 1666 potentia:

938 1666 974 1695 ad
992 1666 1195 1706 intelligentiam
1208 1666 1273 1695 boni
1287 1673 1312 1695 et
1324 1666 1388 1694 mali
1400 1689 1407 1703 ,
1423 1673 1447 1694 et
1461 1665 1495 1694 ad
1514 1676 1591 1695 omne
1608 1677 1676 1706 opus

937 1706 1037 1735 bonum
1051 1706 1203 1735 faciendum
1212 1705 1399 1744 quodcumque
1410 1704 1535 1735 voluerit.
1551 1706 1580 1735 Si
1593 1706 1676 1745 igitur

937 1745 1016 1774 etiam
1040 1746 1067 1775 in
1091 1745 1214 1784 gentibus
1235 1745 1376 1774 seminavit
1399 1744 1510 1783 gratiam
1533 1755 1607 1773 suam
1619 1767 1626 1781 ,
1642 1756 1675 1774 ex

936 1785 1036 1823 quibus
1045 1785 1137 1814 nullus
1145 1784 1255 1824 justitiae
1265 1784 1403 1822 colligitur
1411 1784 1529 1813 fructus:
1541 1784 1675 1822 quomodo

936 1823 965 1852 in
978 1831 1004 1853 te
1017 1825 1092 1853 metit
1104 1823 1178 1863 quod
1192 1834 1243 1853 non
1263 1823 1413 1860 seminavit,
1427 1833 1506 1861 quem
1521 1823 1597 1862 quasi
1614 1835 1674 1853 ara-

936 1870 977 1893 tro
991 1863 1126 1903 spirituali
1140 1863 1227 1893 crucis
1246 1873 1300 1892 suae
1320 1863 1403 1893 verbo
1416 1863 1512 1897 aravit,
1528 1873 1606 1901 quem
1625 1864 1674 1892 do—

936 1903 1019 1932 ctrina
1039 1902 1151 1947 justitiae
1174 1902 1330 1939 seminavit,
1352 1912 1431 1940 quem
1457 1902 1560 1941 Spiritu
1584 1909 1674 1932 sancto

934 1942 1077 1982 irrigavn?
1091 1943 1145 1971 Tot
1167 1942 1267 1971 semina
1290 1941 1358 1971 susci
1381 1941 1436 1970 iens
1453 1941 1615 1986 gratiarum,
1630 1942 1674 1970 vel

935 1992 1020 2011 unum
1033 1982 1149 2010 fructum
1160 1981 1271 2021 justitiae
1284 1991 1336 2009 non
1370 1980 1467 2010 ebuisti
1479 1980 1593 2009 offerre?
1605 1982 1673 2010 Nam

935 2022 1008 2050 Deus
1019 2020 1154 2050 bominem
1166 2031 1200 2049 ex
1213 2020 1316 2060 duplici
1328 2030 1418 2049 creans
1429 2026 1522 2049 natura
1532 2042 1539 2055 ‚
1555 2021 1674 2059 corporis

935 2067 960 2089 et
981 2060 1075 2089 nnirnae
1089 2071 1095 2087 ε
1115 2059 1143 2088 in
1167 2070 1277 2100 corpore
1300 2059 1409 2098 quidem
1432 2059 1531 2088 creavit
1555 2060 1674 2098 quinque

934 2109 1038 2136 sensus,
1048 2106 1075 2128 et
1087 2105 1176 2128 motus
1186 2101 1316 2137 quosdam
1330 2098 1614 2138 concupiscentiarum,
1627 2109 1673 2126 na-

934 2139 1063 2168 scentium
1076 2149 1111 2168 ex
1129 2138 1265 2168 occasione
1276 2148 1401 2168 sensuum
1421 2137 1610 2182 praedictorum
1623 2149 1630 2165 .·
1646 2137 1673 2164 in

935 2178 1024 2207 anima
1037 2184 1124 2207 autem
1139 2178 1242 2207 creavit
1253 2177 1355 2216 judicia
1367 2184 1393 2206 et
1405 2183 1526 2211 virtutes,
1541 2183 1571 2204 ut
1594 2176 1671 2204 intel-

934 2217 1000 2256 ligat
1016 2217 1147 2246 malarum
1161 2227 1253 2246 rerum
1270 2223 1297 2245 et
1317 2217 1448 2245 bonarum
1468 2214 1652 2244 discretionem
1664 2236 1671 2247 ,

935 2263 964 2285 ut
978 2256 1060 2296 possit
1073 2256 1195 2285 resistere
1209 2256 1327 2284 motibus
1340 2255 1395 2284 suis
1409 2254 1602 2293 corporalibus.
1618 2253 1673 2289 Qui

934 2306 997 2334 crgo
1017 2294 1165 2324 secundum
1179 2294 1366 2324 delectationes
1384 2293 1500 2322 carnales
1513 2292 1603 2324 vivere
1617 2292 1673 2320 ele-

934 2341 1038 2373 gerunt,
1049 2344 1135 2373 neque
1156 2334 1322 2363 considerant
1335 2333 1360 2360 in
1375 2332 1461 2360 anima
1476 2341 1522 2374 ⁵¹¹.³
1534 2330 1634 2369 judicia
1647 2338 1673 2359 et

934 2373 1045 2403 virtutes
1059 2384 1116 2403 esse
1137 2380 1236 2402 creatas
1250 2384 1256 2400 ε
1271 2382 1318 2400 nec
1331 2371 1402 2399 enim
1419 2376 1595 2408 experiuntur
1607 2379 1637 2398 ea
1651 2370 1672 2398 si

933 2413 986 2442 sint
997 2435 1004 2449 ,
1020 2412 1066 2442 sed
1089 2419 1191 2442 tantum
1205 2420 1297 2440 sensus
1314 2409 1431 2438 carnales
1445 2408 1673 2447 concupiscentia-

933 2463 995 2481 rum
1013 2452 1177 2481 nascentium
1192 2460 1226 2478 ex
1240 2448 1376 2478 occasione
1390 2457 1514 2476 sensuum
1529 2446 1673 2491 praedicto—

933 2502 995 2521 rum
1008 2496 1201 2529 exsequuntur,
1217 2499 1251 2517 ex
1264 2497 1317 2525 quo
1331 2486 1372 2522 fit,
1387 2493 1416 2515 ut
1427 2485 1466 2514 sic
1477 2486 1638 2515 arbitrentur
1648 2494 1674 2515 et

933 2527 1126 2568 dicant,·'quia
1143 2526 1231 2557 omnia
1253 2526 1322 2554 bona
1344 2524 1460 2553 carnalia
1480 2530 1506 2553 et
1527 2525 1674 2554 mundialia

934 2569 993 2599 ideo
1006 2568 1106 2599 creavit
1126 2569 1197 2596 Deus
1206 2587 1214 2602 ,
1231 2571 1260 2594 ut
1274 2564 1398 2593 omnibus
1412 2564 1450 2593 eis
1474 2570 1592 2593 utamur.
1605 2565 1674 2594 Nam

1471 2605 1509 2631 62
