1904 2840
101 329 241 350 Christianus

100 360 212 389 quomodo

100 398 219 418 cognosceu
231 401 242 405 -

101 423 151 443 dus.

103 675 242 706 †prostcere.

187 1243 254 1260 xcvn

119 1556 143 1572 2.
159 1549 218 1571 Tim.
234 1555 256 1570 2.

121 1588 156 1611 19.

249 171 318 205 832

844 176 931 201 OPUS
958 173 1205 200 lMPERFBCTuM·

249 245 286 271 In
301 242 427 278 nomine,
441 239 544 275 dicunt,
556 249 620 274 non,
635 240 667 269 In
679 238 776 279 spiritu
792 250 799 268 ε
819 237 883 278 quia
897 238 924 268 in
938 248 990 268 no·
1009 241 1030 264 Δ
1045 247 1099 266 non
1113 237 1246 266 immutat.
1260 235 1313 269 Vis
1323 234 1569 267 sciremonsidera
1579 245 1625 266 eos
1637 235 1717 266 etiam
1727 242 1789 277 post

250 281 322 310 mine
328 280 429 310 Christi
440 279 520 308 multi
529 279 679 316 ambulant,
691 279 798 317 quinon
808 279 907 308 habent
913 278 991 318 spiri-

251 327 306 349 tum
317 319 429 354 Christi,
445 318 589 348 seducendi
599 329 689 348 causa.
699 318 763 348 Ideo
774 329 826 348 non
839 329 873 347 ex
883 318 990 347 nomine

251 360 351 389 Christi
361 358 536 397 cognoscendi
546 365 609 387 sunt
617 358 773 394 Christiani,
788 357 836 388 sed
847 357 882 387 de
893 357 992 397 spiritu

254 399 367 428 Christi.
390 399 463 438 Ergo
505 398 646 438 rophetant
658 398 686 427 in
706 397 813 427 nomine
828 397 944 433 Christi,
964 396 992 425 in

251 439 347 479 spiritu
366 445 456 467 autem
476 409 579 467 diaboli
598 450 604 467 :
624 438 716 476 quales
737 444 799 470 sunt
817 437 991 467 divinatores.

252 478 305 509 Sed
321 478 359 507 sic
372 477 561 512 dicernuntur,
575 477 702 516 quoniam
717 477 845 508 diabolus
858 475 993 507 interdum

252 529 298 547 ver
302 528 346 547 um
352 517 428 553 dicit,
433 524 540 547 sanctus
547 524 635 546 autem
641 517 759 557 Spiritus
765 527 912 555 numquam
917 517 996 545 inter·

253 557 320 587 dum
327 556 465 586 mentitur.
478 557 638 586 Concessum
648 563 687 586 est
694 563 784 586 autem
793 556 902 586 diabolo
911 562 938 585 et
949 555 994 584 in-

254 597 360 626 terdum
370 596 508 626 veritatem
517 595 617 630 dicere,
626 603 657 626 ut
666 595 835 625 mendacium
842 606 922 625 suurn
933 605 994 624 rara

253 637 364 667 veritate
382 635 559 665 commendet.
589 636 618 666 si
642 642 730 665 autem
750 646 898 674 numquam
920 634 993 663 dice-

254 683 294 705 ret
318 686 424 711 verum,
449 685 498 704 nec
524 674 559 704 ad
577 675 747 705 tentationem
766 682 869 715 poterat
882 675 904 713 ¹1-
916 674 993 703 suffi-

253 726 313 746 cere
326 714 445 744 seductio
462 716 531 754 ejus.
548 716 589 744 Et
603 717 635 744 in
649 716 767 744 nomine
780 721 830 744 tuo
850 715 996 744 daemonia

253 757 399 795 ejecimus.
413 754 550 783 Daemouia
559 754 628 783 enim
642 754 752 794 ejiciunt
761 755 789 783 in
801 755 907 784 nomine
918 753 997 784 chri-

254 796 299 830 sti,
315 795 442 824 habentes
454 794 581 833 spiritum
596 794 700 823 inimici
716 806 722 822 :
742 794 827 833 magis
841 801 929 823 autem
943 803 996 822 non

254 835 376 874 ejiciunt,
391 834 438 864 sed
458 833 555 873 ejicere
573 833 710 868 videntur,
725 833 925 863 colludentibus
945 833 997 862 sibi

255 874 422 903 daemonibus
434 874 510 912 ipsis;
523 880 549 902 et
562 872 623 902 ideo
634 883 738 912 semper
746 873 869 913 ejiciunt,
883 880 909 902 et
919 883 997 902 num-

257 925 337 952 quam
350 921 453 943 sanant.
472 916 584 952 Semper
603 919 664 942 ante
685 913 747 942 illos
768 912 902 942 daemones
922 912 999 951 quasi

257 953 378 993 castigati
391 954 518 988 clamant,
533 959 558 981 et
572 962 718 991 numquam
731 952 808 991 quasi
822 953 944 982 timentes
959 962 1001 981 re-

258 994 365 1022 cedunt.
381 994 422 1022 Et
442 996 474 1022 in
487 994 603 1021 nomine
624 998 674 1021 luo
694 994 820 1022 virtutes
839 993 948 1021 multas
953 991 1001 1032 fe-

259 1034 360 1062 cimus.
377 1033 490 1062 Faciunt
503 1039 529 1062 et
541 1032 665 1069 virtutes,
679 1031 826 1061 secundum
839 1042 868 1060 ea
882 1042 942 1070 quae
955 1031 1002 1061 di-

258 1073 359 1107 ximus,
375 1082 426 1101 non
442 1071 519 1101 utilia
532 1078 557 1100 et
567 1071 724 1106 necessaria,
738 1071 786 1100 sed
799 1071 904 1100 inutilia
916 1078 942 1101 et
955 1082 1002 1101 va-

260 1122 321 1141 cua.
331 1113 362 1140 In
371 1111 495 1140 omnibus
505 1110 720 1150 ergosecundum
729 1110 831 1140 Christi
839 1118 1002 1150 praeceptum

261 1150 422 1181 discutiendi
435 1158 497 1180 sunt
507 1151 609 1180 fructus
619 1161 722 1179 eorum.
736 1150 844 1189 Sibona
858 1161 1002 1180 conversa-

262 1191 299 1219 tio
320 1198 360 1220 est
383 1201 487 1225 eorum,
509 1197 535 1219 et
557 1190 686 1219 confessio
705 1200 780 1219 vera.
801 1190 831 1220 Si
850 1197 939 1219 autem
957 1196 1004 1220 aut

264 1230 390 1259 consessio
408 1229 601 1258 conversationi
620 1239 672 1258 non
693 1230 856 1266 convenerit,
872 1236 918 1258 aut
938 1240 1003 1258 con-

264 1269 378 1299 versatio
391 1268 561 1304 confessioni,
576 1269 659 1297 falsus
673 1275 722 1297 est.
738 1270 789 1297 25.
809 1270 888 1297 Tunc
897 1270 1004 1308 jurabo

265 1309 337 1342 illis,
353 1309 424 1348 quia
437 1309 533 1336 nescio
553 1309 604 1346 qui
626 1309 702 1336 estis.
721 1307 823 1343 Tunc,·
844 1318 929 1345 usque
942 1314 1006 1337 tunc

265 1354 354 1376 autem
366 1347 501 1376 sustinebo
513 1358 520 1381 ;
538 1346 601 1384 quia
615 1345 740 1385 grandem
755 1346 821 1374 iram
842 1346 951 1383 grandis
965 1346 1004 1374 di-

266 1387 331 1415 latio
350 1385 499 1426 praecedere
518 1386 607 1418 debet.
622 1392 648 1414 et
661 1384 768 1425 grandis
792 1384 887 1414 dilatio
906 1385 1006 1425 justius

266 1426 329 1455 facit
351 1436 406 1454 esse
425 1424 561 1464 judicium
581 1425 642 1461 Dei,
657 1432 682 1453 et
697 1424 847 1463 digniorem
869 1425 1007 1454 interitum
1033 1434 1042 1443 Ἰ

267 1472 448 1505 peccatorum.
472 1464 618 1495 Sciendum
651 1464 714 1502 quia
742 1471 891 1503 peccatores
925 1465 1008 1494 nescit

269 1506 351 1539 Deus,
364 1504 428 1542 quia
439 1513 486 1533 nec
495 1503 570 1542 digni
581 1510 653 1539 sunt,
669 1510 697 1532 ut
709 1510 900 1542 cognoscantur
911 1515 926 1533 a
937 1505 1005 1533 Deo.

268 1544 342 1574 Sicut
355 1544 426 1572 enim
440 1550 465 1572 et
477 1543 614 1583 apostolus
623 1543 660 1572 ait
673 1555 679 1570 ι
696 1543 838 1580 Cognovit
850 1543 1006 1579 Dominus,

269 1585 399 1623 quisunt
419 1584 515 1622 ipsius.
531 1582 595 1613 Non
614 1582 678 1621 quia
700 1591 752 1611 non
775 1583 910 1621 cognoscit
923 1583 1007 1622 ipsos,

269 1623 315 1652 sed
323 1633 384 1652 suos
396 1622 457 1651 illos
468 1633 524 1651 esse
534 1632 586 1651 non
597 1621 747 1661 cognoscit:
758 1621 817 1650 ideo
827 1622 874 1660 qui
884 1629 1007 1662 pereunt,

269 1673 321 1692 non
332 1663 440 1691 suerunt
454 1661 538 1691 illius.
554 1663 607 1691 Aut
627 1660 761 1700 quomodo
776 1667 802 1690 te
815 1663 888 1691 Deus
909 1672 1007 1701 cogno-

269 1709 335 1738 scat,
350 1712 411 1730 cum
427 1708 455 1730 tu
469 1702 557 1730 Deum
571 1711 727 1740 cognoscere
745 1701 837 1730 nolis?
850 1701 926 1731 Sicut
939 1701 1010 1730 euim

270 1751 361 1771 omnes
387 1741 507 1770 homines
533 1740 689 1771 naturaliter
713 1747 876 1779 cognoscunt
902 1742 990 1770 Deum
1001 1763 1010 1778 ,

271 1791 325 1810 non
348 1787 434 1809 autem
455 1779 581 1809 videntur
601 1790 664 1809 vere
686 1790 852 1819 cognoscere,
874 1781 937 1820 quia
957 1790 1011 1809 non

272 1820 353 1860 digne
366 1820 468 1855 colunt,
483 1820 552 1848 sicut
573 1819 644 1849 servi
664 1818 815 1855 dominum,
829 1820 898 1849 sicut
910 1821 1012 1849 factura

273 1860 409 1895 factorem,
425 1866 450 1889 et
463 1859 514 1888 hoc
528 1865 567 1888 est
590 1858 737 1888 secundum
756 1866 880 1889 naturam
903 1859 1013 1899 quidem

274 1909 440 1938 cognoscere,
453 1908 504 1930 non
518 1905 606 1927 autem
617 1898 764 1927 secundum
777 1898 941 1928 voluntatem
952 1911 959 1928 z
974 1899 1013 1929 sic

276 1946 302 1968 et
322 1940 395 1967 Deus
408 1938 565 1967 naturaliter
577 1947 668 1966 omnes
682 1938 826 1976 cognoscit,
841 1938 888 1968 sed
901 1949 954 1968 non
969 1949 1014 1968 eos

276 1977 383 2007 videtur
394 1988 456 2007 vere
469 1987 633 2016 cognoscere,
644 1977 706 2015 quia
721 1988 773 2006 non
784 1988 829 2007 eos
839 1977 929 2018 diligit
939 1978 1016 2018 quasi

278 2018 362 2046 factor
378 2017 518 2052 facturam,
533 2016 610 2054 quasi
627 2016 752 2046 dominus
774 2018 898 2057 proprios
912 2028 1014 2048 servos.

280 2057 314 2085 Et
336 2056 387 2084 hoc
410 2063 449 2085 est
471 2055 618 2085 secundum
640 2063 761 2085 naturam
782 2067 949 2097 cognoscere,
964 2068 1018 2087 non

280 2103 367 2125 autem
378 2105 412 2124 ex
422 2095 559 2124 voluntate
571 2107 577 2122 :
589 2095 653 2134 quia
663 2106 740 2125 omne
751 2097 852 2126 malum
863 2104 1019 2127 extraneum

282 2141 321 2163 est
334 2145 348 2163 a
361 2135 427 2164 Deo.
443 2135 459 2164 J
463 2141 521 2163 urat
534 2141 621 2163 autem
635 2135 769 2171 Christus,
783 2147 835 2165 non
850 2143 880 2166 ut
891 2147 967 2166 suam
977 2147 1020 2167 ve·

283 2173 386 2202 ritatem
400 2173 575 2210 commendet,
586 2173 632 2203 sed
646 2181 674 2203 ut
686 2175 795 2205 illorum
808 2176 1020 2206 incredulitatem

284 2212 449 2242 condemnet.
466 2215 524 2242 Non
538 2214 619 2250 enim,
635 2214 657 2242 si
671 2225 723 2243 non
734 2215 866 2254 juraverit
884 2216 1019 2253 Christus,

284 2252 422 2289 mentitur,
433 2253 478 2282 sed
487 2260 514 2282 ut
526 2253 567 2282 illi
578 2253 694 2293 amplius
704 2254 900 2284 confundantur
907 2255 1021 2285 firmiori

284 2302 410 2331 responso
429 2305 434 2320 :
458 2293 582 2331 quoniam
606 2293 654 2331 qui
677 2294 793 2324 mendax
817 2301 866 2330 est,
891 2295 1024 2324 neminem

286 2338 361 2370 putat
375 2331 463 2360 dicere
481 2333 635 2366 veritatem,
649 2343 733 2371 neque
747 2334 835 2373 ipsum
850 2334 952 2364 Deum.
969 2335 1024 2372 Qui

287 2371 357 2398 cuim
378 2381 430 2400 non
450 2371 595 2400 seductioni
617 2371 715 2401 diaboli
737 2372 865 2413 deceptus
885 2375 1023 2411 mentitur,

288 2409 334 2437 sed
349 2410 482 2450 proposito
504 2411 618 2440 mendax
632 2418 681 2447 est,
694 2423 842 2451 numquam
858 2413 956 2442 desinit
969 2424 1025 2443 esse

289 2449 414 2492 mendax,
429 2461 513 2488 neque
525 2458 584 2490 post
604 2458 726 2480 mortem.
744 2453 812 2481 Nam
833 2463 904 2481 mors
915 2453 1026 2492 quidem

289 2498 402 2517 ammam
416 2500 430 2517 a
441 2500 518 2519 carne
529 2497 642 2530 separat,
655 2491 749 2520 animae
758 2498 847 2520 autem
858 2493 1027 2532 propositum

324 2590 333 2601 ²
352 2583 410 2607 Haec
426 2581 527 2608 homilia
537 2585 561 2608 iu
571 2583 635 2610 eod.
647 2585 677 2609 V.
688 2585 718 2610 D.
730 2584 880 2618 preecedenti
891 2586 1010 2619 jungitur.

1035 2028 1055 2051 1)
1073 2019 1109 2048 sis
1131 1989 1279 2063 prophetis.

1047 283 1159 306 mortem
1178 277 1334 306 mentientes
1354 289 1363 306 ε
1385 277 1524 310 Domine.
1548 277 1580 304 in
1602 277 1719 305 nomine
1740 283 1789 306 tuo

1048 317 1103 345 hoc
1122 322 1151 345 et
1174 317 1230 347 hoc
1242 317 1385 356 jecimus.
1400 317 1472 346 Num
1494 314 1540 345 uid
1564 315 1716 345 nesciebant
1735 315 1790 356 ipsi

1047 356 1120 396 apud
1134 366 1173 391 se,
1186 355 1250 394 quia
1262 366 1409 394 numquam
1422 366 1470 386 nec
1500 355 1629 384 ilexerant
1637 355 1788 393 Christum,

1048 406 1096 424 nec
1109 396 1224 425 fecerant
1236 395 1400 425 voluntatem
1409 395 1488 435 ejus?
1496 395 1551 426 Sed
1562 402 1657 435 putant
1669 405 1708 431 se,
1721 395 1791 425 sicut

1049 435 1077 463 in
1088 435 1138 464 hoc
1148 435 1247 464 saeculo
1257 434 1378 465 homines
1389 435 1561 476 deceperunt,
1573 435 1612 464 sic
1622 441 1649 464 et
1658 434 1697 463 ibi
1710 434 1791 463 etiam

1049 476 1137 504 Deum
1155 474 1248 504 fallere
1269 484 1357 514 posse.
1372 474 1437 504 Ideo
1456 474 1538 504 etiam
1558 483 1612 504 uon
1634 473 1702 503 dicit
1722 473 1790 510 illis,

1049 513 1184 544 Discedite
1198 525 1212 543 a
1225 524 1268 543 me
1282 514 1330 552 qui
1341 514 1440 554 operati
1454 514 1517 544 estis
1529 513 1696 553 iniquitatem
1710 526 1716 542 :
1732 513 1791 549 sed,

1054 554 1111 592 Qui
1121 554 1282 593 operamini
1292 566 1303 582 .-
1312 554 1377 593 quia
1387 553 1473 593 iniqui
1486 564 1535 583 nec
1546 560 1607 593 post
1619 560 1732 583 mortem
1741 552 1794 582 de-

1049 593 1140 622 sinunt
1153 604 1209 623 esse
1222 593 1309 632 iniqui
1322 605 1329 622 ε
1342 593 1407 632 quia
1419 594 1466 623 etsi
1480 603 1590 633 peccare
1602 603 1655 623 non
1667 598 1791 633 possunt,

1050 639 1137 663 tamen
1149 633 1277 673 peccandi
1291 633 1459 674 propositum
1472 639 1572 663 tenent.

1211 741 1223 754 ⁸
1233 739 1368 767 Homilia
1381 749 1434 767 xx.
1445 748 1482 768 ex
1496 748 1560 778 cap.
1576 739 1632 778 vij.

1094 833 1145 862 2⁴.
1162 832 1263 861 Omnis
1276 833 1328 871 qui
1341 833 1424 861 audit
1438 833 1530 861 verba
1543 842 1609 861 mea
1627 833 1699 868 hoec,
1710 838 1739 861 et
1748 832 1795 871 fa-

1054 873 1093 901 cit
1103 881 1149 907 ea,
1164 871 1375 901 assimilabitur
1384 873 1450 900 viro
1460 873 1595 910 sapienti,
1609 873 1660 911 qui
1670 867 1797 913 ‹edifica-

1054 914 1099 941 vit
1113 912 1229 940 domum
1242 921 1325 940 suam
1335 921 1422 950 supra
1434 917 1556 949 petram.
1571 912 1735 950 F-quenter
1747 911 1798 941 mi-

1054 962 1158 987 ramur,
1173 950 1247 990 quod
1268 951 1388 980 homines
1407 957 1453 979 aut
1475 950 1700 990 promissionibus
1719 951 1796 988 flexi,

1056 998 1103 1020 aut
1115 990 1263 1020 terroribus
1273 990 1362 1026 fracti,
1379 996 1425 1019 aut
1457 990 1656 1019 ersuasionibus
1670 990 1800 1020 salsorum

1056 1031 1197 1060 doctorum
1207 1029 1394 1063 circumventi,
1406 1040 1435 1058 re
1449 1030 1562 1069 'nquunt
1571 1029 1635 1059 fidei
1647 1030 1798 1067 veritatem,

1056 1077 1082 1100 ct
1095 1070 1130 1099 ad
1142 1068 1311 1098 mendacium
1326 1069 1492 1098 infidelitatis
1502 1069 1703 1108 transmigrant.
1716 1069 1799 1106 Quod

1057 1110 1080 1139 si
1093 1110 1138 1140 vel
1150 1109 1219 1138 hane
1233 1119 1313 1138 unam
1328 1109 1485 1138 sententiam
1496 1108 1598 1139 Christi
1611 1115 1687 1138 caute
1696 1109 1799 1138 intelli-

1059 1159 1191 1189 geremus,
1199 1155 1225 1178 et
1235 1148 1447 1185 recordaremur,
1458 1158 1604 1187 numquam
1610 1147 1645 1178 de
1652 1148 1801 1188 perditione

1059 1189 1154 1218 talium
1160 1188 1301 1217 hominum
1313 1195 1490 1228 stuperemus.
1502 1187 1648 1224 Quomodo
1657 1188 1730 1218 enim
1739 1199 1802 1228 per-

1060 1235 1165 1257 maneat
1177 1227 1250 1267 apud
1269 1227 1418 1263 Christum,
1440 1228 1488 1267 qui
1509 1228 1665 1266 numquam*
1678 1227 1751 1257 stetit
1773 1227 1803 1258 in

1060 1268 1167 1297 Christo
1177 1268 1191 1296 Ξ)
1205 1274 1251 1296 aut
1273 1267 1408 1305 quomodo
1432 1274 1519 1296 teneat
1540 1277 1603 1296 eum
1626 1267 1737 1302 veritas,
1753 1267 1803 1307 qui

1060 1317 1208 1345 numquam
1227 1307 1313 1335 tenuit
1331 1307 1492 1336 veritatem?
1504 1313 1551 1336 aut
1567 1306 1701 1345 quomodo
1715 1313 1802 1337 servet

1061 1356 1123 1375 eum
1134 1345 1248 1386 justitia,
1264 1346 1310 1383 qui
1321 1346 1453 1385 justitiam
1472 1356 1524 1375 non
1546 1346 1685 1375 servavit?
1700 1348 1802 1376 Omnis

1062 1386 1113 1424 qni
1134 1385 1219 1413 audit
1239 1386 1332 1413 verba
1357 1395 1423 1413 mea
1444 1385 1517 1420 haec,
1539 1391 1568 1413 et
1583 1386 1659 1423 facit
1673 1396 1719 1415 ea.
1734 1387 1802 1422 Quae

1062 1424 1164 1455 verba?
1175 1425 1242 1462 Quae
1252 1423 1376 1463 superius
1385 1423 1456 1453 dixit
1467 1437 1474 1452 :
1488 1430 1519 1453 ut
1527 1423 1575 1462 qui
1581 1424 1641 1454 vult
1654 1436 1711 1454 esse
1721 1425 1801 1455 Chri-

1063 1464 1164 1494 stianus
1185 1473 1278 1499 veruS,
1292 1473 1345 1492 non
1366 1463 1455 1493 solum
1476 1473 1529 1492 non
1553 1463 1667 1500 occidat,
1685 1464 1732 1494 sed
1754 1475 1803 1494 nec

1064 1504 1193 1533 irascatur
1203 1503 1259 1532 sine
1271 1513 1350 1532 causa
1365 1515 1371 1531 :
1386 1513 1439 1532 non
1449 1503 1538 1532 solum
1548 1513 1600 1532 non
1615 1505 1746 1544 perjuret,
1757 1504 1804 1534 sed

1064 1554 1112 1573 nec
1130 1543 1204 1582 juret
1218 1555 1225 1571 z
1242 1552 1295 1571 non
1320 1542 1484 1572 solummon
1506 1542 1662 1577 fornicetur,
1685 1544 1734 1574 sed
1755 1554 1805 1574 nec

1066 1593 1151 1622 usque
1172 1581 1208 1611 ad
1229 1581 1339 1611 oculum
1362 1582 1532 1622 concupiscat
1545 1594 1553 1610 ε
1572 1593 1625 1611 non
1647 1583 1736 1613 solum
1752 1594 1806 1614 non

1074 1630 1076 1632 ’
1102 1622 1208 1658 rcutiat,
1222 1620 1270 1650 sed
1283 1631 1332 1651 nec
1344 1632 1487 1661 percussus
1501 1622 1663 1662 repercutiat
1678 1635 1685 1652 z
1700 1634 1752 1653 non
1765 1634 1808 1653 so-

1066 1633 1125 1691 liim
1135 1661 1221 1690 aliena
1234 1670 1286 1690 non
1300 1661 1387 1697 tollat,
1401 1661 1448 1690 sed
1458 1661 1539 1691 etiam
1551 1662 1655 1702 cogenti
1667 1661 1785 1693 dimittat
1797 1676 1805 1693 ε

1066 1711 1119 1731 non
1131 1701 1220 1730 solum
1233 1700 1332 1730 amicos
1342 1700 1443 1730 sincere
1452 1701 1558 1740 diligat,
1568 1701 1615 1731 sed
1626 1702 1706 1731 etiam
1718 1703 1810 1732 inimi-

1066 1751 1121 1770 cos.
1137 1741 1327 1779 Eleemosynas
1345 1740 1424 1770 faciat
1442 1751 1495 1770 uon
1517 1751 1606 1770 coram
1630 1741 1806 1772 hominibus:

1067 1780 1234 1810 orationibus
1255 1780 1334 1809 instet
1356 1780 1459 1810 intrans
1477 1780 1504 1810 in
1523 1781 1682 1811 cubiculum
1703 1793 1784 1812 suum
1797 1794 1805 1812 =

1064 1820 1167 1860 jejunia
1191 1819 1306 1849 celebret
1329 1830 1382 1849 non
1403 1831 1466 1849 cum
1485 1820 1593 1850 tristitia
1610 1833 1617 1850 ι
1633 1831 1687 1850 uon
1705 1820 1810 1861 judicet

1067 1861 1176 1889 fratrem
1201 1870 1280 1888 suum
1308 1866 1469 1899 peccantem,
1495 1860 1542 1890 sed
1567 1871 1622 1890 suae
1647 1861 1811 1891 infirmitatis

1068 1899 1408 1943 considerationejgnoscat
1420 1911 1427 1928 ε
1440 1910 1494 1929 non
1504 1899 1550 1929 det
1560 1907 1681 1930 sanctum
1689 1900 1812 1938 canibus,

1069 1949 1155 1978 neque
1171 1945 1326 1976 margaritas
1340 1949 1402 1968 suas
1421 1939 1508 1969 mittat
1526 1946 1587 1969 ante
1609 1950 1712 1980 porcos.
1725 1942 1811 1976 Petat,

1071 1985 1183 2017 quaerat,
1220 1978 1300 2014 ulset,
1315 1985 1341 2007 et
1358 1978 1480 2018 accipiet.
1496 1978 1621 2008 Attendat
1633 1987 1722 2009 autem
1735 1991 1751 2009 a
1763 1980 1814 2009 fal-

1303 2017 1359 2055 Qui
1380 2028 1443 2056 ergo
1467 2029 1495 2047 se
1516 2018 1618 2048 talibus
1641 2019 1814 2049 aedificaverit

1073 2057 1216 2089 mandatis.
1230 2056 1364 2095 quomodo
1379 2064 1463 2096 potest
1476 2057 1546 2093 fieri,
1560 2057 1746 2096 utaliquando
1758 2059 1812 2087 fra-

1073 2104 1133 2126 ctus
1146 2096 1337 2126 tentationibus
1350 2097 1449 2126 cadat?
1471 2099 1525 2126 Aut
1539 2107 1553 2126 e
1569 2104 1659 2126 contra
1678 2098 1814 2136 quomodo

1075 2147 1216 2177 percussus
1236 2136 1428 2166 tentationibus
1440 2136 1531 2172 stabit,
1545 2136 1592 2175 qui
1606 2147 1634 2166 se
1654 2137 1758 2166 nullius
1767 2137 1814 2177 ju-

1075 2176 1153 2206 stitiae
1166 2175 1338 2205 fundamento
1350 2176 1466 2215 ligavit?
1477 2176 1547 2212 Quis
1561 2175 1611 2206 ista
1624 2176 1779 2214 custodivit,
1789 2184 1817 2207 et

1077 2215 1193 2246 cecidit?
1205 2216 1355 2255 Culpamus
1369 2217 1472 2252 Deum,
1494 2215 1558 2255 quia
1579 2226 1632 2246 non
1657 2216 1814 2246 custodivit.

1077 2255 1106 2286 Si
1116 2262 1205 2285 autem
1213 2255 1269 2284 illis
1275 2255 1403 2295 praevalet
1413 2255 1543 2293 fortitudo
1551 2255 1667 2293 diaboli,
1678 2255 1707 2285 in
1718 2256 1817 2294 quibus

1074 2295 1180 2335 justitia
1199 2295 1300 2324 Christi
1315 2305 1366 2324 non
1389 2294 1537 2332 invenitur,
1553 2295 1639 2335 magis
1656 2295 1685 2324 in
1706 2295 1817 2324 illorum

1078 2335 1226 2374 perditione
1240 2334 1391 2364 laudandus
1402 2341 1442 2364 est
1454 2335 1541 2369 Deus,
1555 2345 1637 2373 quam
1647 2333 1815 2379 culpandus:

1077 2374 1140 2413 quia
1152 2375 1171 2403 ii
1186 2374 1237 2403 soli
1251 2381 1372 2414 pereunt,
1388 2374 1435 2413 qui
1456 2373 1580 2403 mandata
1601 2373 1703 2404 Christi
1724 2380 1818 2403 conte-

1078 2421 1184 2443 mnunt.
1202 2414 1342 2444 similabo
1353 2424 1418 2443 eum
1429 2416 1495 2443 viro
1505 2414 1639 2452 sapienti.
1656 2413 1715 2442 Non
1736 2412 1818 2449 dixit,

1078 2454 1228 2483 AEstimabo
1242 2464 1304 2482 eum
1323 2453 1414 2484 virum
1425 2453 1571 2493 sapientem
1584 2464 1591 2481 ε
1606 2451 1664 2489 sed,
1679 2452 1820 2482 Similabo

1079 2504 1145 2523 eum
1158 2494 1222 2523 viro
1235 2494 1371 2533 sapienti.
1387 2493 1460 2533 Ergo
1473 2492 1540 2522 alter
1551 2499 1603 2530 est,
1616 2492 1664 2531 qui
1675 2492 1820 2529 similatur,

1812 1351 1872 1373 Vero
1887 1350 1904 1372 C

1811 1384 1881 1404 stiano
1897 1389 1904 1402 ι

1812 1413 1904 1435 faciendi

1811 1446 1847 1466 sit.
