1890 2826
215 224 284 268 442

548 235 578 258 S.
606 236 746 258 JOANMS
772 236 956 260 CHRYSOST.
985 236 1141 259 ARCHIEP.
1171 236 1441 260 CONSTANTINOP-

214 297 319 325 Justus
329 302 384 333 est,
399 287 586 326 exsecrabilis
603 303 645 326 est
657 296 782 336 populis,
796 303 824 326 et
838 298 954 326 odiosus
976 301 994 323 E
1013 296 1124 336 χεύσῃς,
1136 297 1283 337 μοιχεύεις;
1295 297 1401 338 Ὥσπερ
1410 298 1462 338 γὰρ
1471 300 1485 328 ὁ
1495 299 1591 328 ὁδεύων
1603 300 1648 329 καὶ
1657 300 1783 331 κατευθύι-

214 346 292 372 inter
299 349 409 383 gentes.
418 343 579 373 Personam
586 345 664 372 enim
673 343 823 383 injudicio
832 345 956 374 revereri

216 392 325 420 bonum
338 400 396 419 non
415 397 468 420 est.
482 391 541 420 Hoc
550 389 660 429 quidem
673 389 763 430 palam
771 397 798 420 et
811 397 901 431 aperte
915 390 957 419 di—

216 436 332 467 cendum
353 444 392 466 est
409 447 415 463 :
430 436 539 472 deinde,
552 443 582 466 ut
603 436 676 475 quod
697 436 830 477 judicium
847 437 875 466 in
889 437 957 466 alios

216 483 351 524 quispiam
366 483 478 523 profert,
494 482 614 522 idipsum
629 482 656 512 in
677 493 733 512 sese
754 482 864 523 dirigat,
877 493 957 522 seque

217 530 274 569 ipse
304 529 437 559 examinet
452 529 654 569 :corripiatque
678 529 701 559 si
717 529 861 559 excesserit
881 530 921 558 ira
948 541 955 556 :

217 575 352 611 cohibeat,
374 575 397 604 si
417 575 600 606 vehementior
619 575 700 606 fuerit
721 575 956 616 eoncupiscentia:

69 623 128 652 0¹1¹-
138 622 162 645 6-
173 630 196 653 9·
216 621 324 656 excitet,
333 621 355 651 si
365 620 505 651 dormierit
516 621 560 651 vis
570 621 714 657 ratiocinii,
722 621 815 652 dicens
826 635 833 651 :
845 625 957 662 Quous-

217 678 283 707 que,
298 668 389 708 piger,
401 668 502 707 jaces?
514 668 555 697 Ita
568 668 639 696 enim
651 678 679 697 se
689 668 761 708 juste
771 678 874 708 gerens,
882 678 959 697 accu-

1012 355 1064 372 νων
1078 343 1127 380 τὴν
1141 343 1199 373 ὁδὸν
1213 343 1304 384 φθάνει
1318 346 1354 378 εἷς
1362 344 1393 374 τὸ
1401 344 1476 378 τέλος
1484 357 1491 364 ·
1502 345 1584 379 οὕτως
1593 347 1608 375 ὁ
1618 346 1782 376 κατευθύνων

1013 388 1145 430 κρίματα,
1160 389 1257 424 δίκαιος
1270 390 1450 430 γνωσθήσεται
1464 391 1510 421 καὶ
1521 391 1609 431 σοφός.
1625 393 1782 432 Παραὸολαὶ

1014 437 1042 465 δὲ
1054 436 1175 475 λέγονται
1188 436 1261 476 λόγοι
1269 460 1277 474 ,
1290 436 1380 477 ὥσπερ
1390 437 1488 471 εἰάόνες
1500 439 1553 467 τῶν
1563 439 1721 478 λεγομένων.
1736 438 1783 474 Ἐξ

1015 484 1100 512 αὐτῶν
1115 482 1166 522 γὰρ
1180 482 1223 512 διᾶ
1236 482 1285 519 τὴν
1298 482 1443 522 ὁμοιότητα
1454 483 1486 513 τὸ
1496 483 1636 523 λεγόμενον
1648 485 1784 524 καταλαμ·

1015 529 1133 558 ὅάνεται.
1154 528 1234 558 Οὕτω
1255 528 1308 569 γὰρ
1329 530 1344 558 ὁ
1364 529 1462 569 Κύριος
1480 529 1579 568 ἔλεγεν,
1598 531 1635 563 ὥς
1647 532 1662 559 ὁ
1675 530 1785 570 Μάρκος

1014 575 1098 615 φησί·
1113 574 1175 604 Τίνι
1196 575 1319 614 ὁμοιώσω
1332 575 1381 612 τὴν
1397 575 1532 615 βασιλείαν
1550 579 1597 605 τοῦ
1618 577 1699 614 Θεοῦ,
1718 576 1735 612 ἢ
1758 577 1789 605 ἐν

1014 620 1078 660 ποίᾳ
1095 620 1234 660 παραδολῇ
1253 621 1451 660 παραὸάλωμαι
1470 621 1572 658 αιήἤν,
1586 623 1621 655 ὥς
1643 622 1696 651 τῶν
1716 621 1787 651 κατὰ

1014 666 1139 705 ὁμοίωσιν
1159 666 1307 706 λεγομένων
1327 666 1482 707 παραδολῆς
1499 667 1587 703 οὔσης.
1609 667 1663 697 Καὶ
1675 667 1727 707 γὰρ
1739 666 1787 697 λέ-

217 719 340 751 satorque
353 712 396 742 sui
410 713 506 749 factus,
519 719 622 742 rectum
632 712 769 753 judicium
781 714 900 754 proferre
913 714 957 743 di-
970 734 1007 754 ³7⁸
1016 724 1078 752 γων,
1102 712 1202 751 Ὁμοία
1223 712 1295 742 ἐστὶν
1319 716 1335 748 ἡ
1360 713 1482 752 βασιλεία
1504 716 1551 743 τοῦ
1574 715 1655 748 Θεοῦ,
1679 712 1787 753 ὕστερον

68 763 204 786 lton-‚mn
217 765 268 796 cet,
282 769 332 788 nec
355 759 446 788 audiet
470 759 505 788 ab
519 758 574 788 alio
588 770 594 787 :
609 760 666 798 Qui
689 759 781 789 alium
799 761 894 795 doces,
909 762 960 789 tei-
979 763 999 785 Α
1012 758 1127 799 ’ἐπέφερε
1138 781 1146 794 ,
1160 759 1212 789 Διὰ
1225 762 1303 789 τοῦτο
1316 761 1343 789 ἐν
1357 759 1522 800 παραδολαῖς
1535 760 1624 793 αὐτοῖς
1637 760 1719 789 λαλῶ.
1735 760 1787 789 Εἰ-

67 800 106 816 ²²'
215 815 301 845 psum
322 816 383 835 non
404 806 511 836 doces?
523 807 573 845 qui
597 807 653 841 ais,
669 806 740 835 Non
760 807 960 843 moechaberis,

216 854 370 882 moecharis
379 855 392 880 ?
403 851 639 890 Quemadmodum
649 851 721 882 enim
730 853 777 892 qui
789 852 840 882 iter
852 853 926 890 facit,
938 853 961 882 si

215 905 286 928 recta
307 897 445 938 gradiatur
457 898 512 933 via,
527 898 564 928 ad
588 898 670 927 finem
691 898 742 928 viae
761 899 884 938 pervenit
901 909 909 926 ε
924 898 963 928 sic

214 944 262 983 qui
280 951 350 974 recta
363 944 466 984 profert
475 943 589 984 judicia,
598 945 689 984 justus
710 950 868 983 agnoscetur
880 950 906 973 et
917 955 961 973 sa-

214 990 301 1030 piens.
317 990 453 1020 Parabolae
470 997 559 1019 autem
581 989 710 1020 dicuntur
729 1000 873 1025 sermones,
886 990 963 1029 quasi

216 1036 344 1076 imagines
356 1047 450 1066 eorum
462 1046 521 1075 quae
535 1035 674 1065 dicuntur.
690 1035 734 1065 Ex
752 1035 819 1075 ipsis
829 1035 902 1065 enim
914 1046 963 1076 per

215 1081 423 1111 similitudinem
436 1081 511 1121 quod
523 1081 624 1111 dicitur
638 1080 811 1120 intelligitur.
826 1082 866 1111 Ita
885 1091 947 1110 nam

65 1138 140 1160 Marc.
153 1137 176 1167 4.
216 1140 268 1168 que
277 1128 419 1164 Dominus,
428 1135 457 1158 ut
463 1128 501 1158 ait
507 1130 628 1163 Marcus,
635 1127 716 1157 dicit:
727 1127 782 1157 cui
793 1128 962 1157 assimilabo

64 1169 103 1191 3⁰·
217 1185 337 1214 regnum
348 1175 424 1203 Dei?
432 1179 485 1203 aut
499 1184 559 1214 qua
573 1173 720 1213 parabola
730 1174 912 1204 adumbrabo
923 1174 960 1203 il-

219 1222 290 1250 lud?
306 1227 399 1261 utpote
413 1231 476 1250 cum
487 1220 613 1261 parabola
627 1220 661 1249 sit
669 1219 703 1249 de
717 1220 799 1249 rebus
806 1231 855 1260 per
869 1221 962 1250 simili-

64 1273 155 1299 mum„
170 1277 206 1299 13,
217 1266 339 1296 tudinem
350 1266 439 1296 dictis.
450 1267 520 1296 Cum
531 1265 645 1295 dixisset
654 1266 726 1294 enim
736 1265 853 1295 :Simile
864 1272 962 1296 estre-

68 1307 106 1360 ἴέ-
128 1307 167 1330 33.
187 1313 208 1330 ⁴³²
217 1323 307 1354 gnum
319 1313 388 1350 Dei,
400 1311 498 1342 deinde
512 1311 615 1348 intulit,
630 1312 701 1340 Ideo
714 1314 746 1340 in
761 1313 911 1350 parabolis
923 1312 963 1341 lo-

99 1355 104 1361 ’
218 1371 294 1401 quor
319 1360 391 1390 illis.
415 1359 579 1400 Hujusmodi
604 1360 695 1398 itaque
719 1367 780 1406 supt
805 1360 939 1400 parabolae
953 1374 959 1390 :

67 1422 138 1444 va.
157 1421 197 1445 25,
218 1408 300 1437 Sicut
309 1408 425 1436 emissio
438 1408 513 1435 nivis
523 1408 554 1434 in
565 1415 655 1434 messe
673 1405 786 1434 allevat
797 1412 909 1444 oestum,
921 1408 963 1436 sic

70 1452 105 1474 ¹3·
221 1457 340 1486 nuntius
358 1455 458 1496 fidelis
477 1455 513 1483 iis
533 1455 583 1494 qui
609 1454 750 1483 miserunt
763 1465 840 1483 eum.
855 1455 891 1484 Et
902 1466 963 1495 rur-

64 1509 123 1530 lma.
136 1517 156 1531 v.
171 1507 206 1539 ¹4·
218 1512 278 1531 sum
293 1514 301 1530 .·
316 1501 397 1531 Sicut
410 1501 504 1536 venti,
516 1507 543 1529 et
565 1501 656 1537 nubes
671 1505 699 1528 et
717 1499 834 1539 pluviae,
847 1502 890 1530 sic
912 1504 963 1542 qui

216 1549 383 1588 gloriantur
406 1549 438 1576 in
461 1547 539 1576 dono
563 1546 710 1581 mendaci,
735 1553 761 1576 et
783 1547 827 1577 his
854 1547 962 1579 similia.

217 1594 294 1623 Dicta
307 1603 388 1634 porro
401 1592 551 1633 sapientum
569 1598 642 1628 sunt,
658 1602 711 1621 non
724 1593 888 1632 sophismata
902 1605 962 1624 ver-

215 1641 323 1677 borum,
337 1649 423 1678 neque
433 1648 567 1668 sermones
583 1637 781 1677 probabilitatis
794 1639 883 1679 specie
894 1639 964 1670 deci-

215 1687 330 1726 pientes,
342 1685 390 1715 sed
402 1685 460 1715 veri
481 1691 507 1714 et
525 1683 660 1721 accurati3
674 1694 727 1713 non
748 1685 826 1724 quasi
843 1686 963 1726 jussione

215 1731 357 1772 cujusdam
369 1731 466 1767 habiti,
477 1729 525 1760 sed
538 1740 587 1770 per
605 1740 634 1759 se
651 1730 718 1767 noti,
731 1737 756 1760 et
770 1731 846 1770 quasi
860 1739 964 1762 senten-

65 1786 137 1806 va.
154 1786 188 1808 ι5.
216 1779 260 1807 tiae
274 1788 367 1807 eorum
381 1776 491 1817 prolati.
507 1776 607 1813 Quales
622 1782 684 1804 sunt
698 1788 706 1805 :
721 1775 817 1806 Corde
830 1778 960 1816 itt-tante,

69 1815 104 1837 '3‘
211 1825 300 1865 floret
309 1824 425 1859 vultus,·
437 1833 502 1852 cum
515 1828 613 1851 autem
623 1823 653 1850 in
666 1824 786 1852 tristitia
797 1831 851 1860 est,
870 1826 964 1865 depri-

62 1877 122 1899 Ihm.
132 1886 152 1901 v.
169 1877 204 1908 14.
218 1872 316 1900 mitur.
330 1871 376 1906 Et,
399 1870 457 1898 Cor
479 1874 591 1897 rectum
610 1870 715 1907 quaerit
727 1879 856 1905 sensum,·
864 1881 896 1899 os
909 1881 963 1900 au-

217 1923 274 1946 tem
296 1915 582 1955 indisciplinatorum
609 1921 762 1954 cognoscet
786 1917 879 1945 mala.
902 1918 939 1946 Et
953 1939 961 1954 ,

63 1972 135 1995 prov.
151 1980 186 1996 ιο,
219 1964 325 1992 Odium
347 1963 456 1991 excitat
483 1962 697 1989 contentionem
714 1972 721 1988 τ
738 1972 837 1991 omnes
864 1970 962 1993 autem

67 2010 102 2025 ¹²·
217 2019 276 2045 eos,
296 2010 347 2048 qui
365 2009 538 2037 contentiosi
563 2018 622 2036 non
647 2014 725 2044 sunt,
744 2011 872 2049 contegit
888 2013 961 2040 ami-

66 2059 124 2090 cap.
145 2062 180 2084 13.
217 2056 296 2084 citia.
309 2054 356 2088 Et,
372 2054 430 2092 Qui
452 2054 598 2090 negotium
620 2056 778 2082 contemnit
791 2062 959 2086 contemne—

66 2091 102 2114 ⁸3⁴
217 2108 265 2131 tur
286 2102 323 2130 ab
347 2102 408 2140 ipso
417 2113 428 2135 ;
452 2101 503 2140 qui
526 2109 598 2128 vero
623 2100 796 2129 mandatum
821 2109 958 2141 veretur,

215 2148 267 2178 ille
287 2156 376 2176 sanus
401 2152 453 2175 est.
469 2145 592 2174 Aliorum
615 2155 730 2183 namque
746 2146 888 2177 hominum
904 2159 961 2178 ser-

213 2204 305 2224 mones
333 2198 363 2222 ut
403 2191 554 2231 plurimum
579 2190 699 2229 ambigui
725 2199 787 2221 sunt
815 2205 821 2220 :
846 2194 957 2233 sapien-

213 2241 281 2270 tium
293 2250 368 2276 vero,
384 2238 476 2278 quales
490 2243 553 2266 sunt
572 2236 626 2274 isti,
637 2237 695 2267 veri
709 2245 782 2274 sunt,
792 2246 818 2268 et
834 2241 907 2270 omni
921 2252 956 2271 ex

211 2294 288 2327 parte
299 2285 428 2321 accurati,
444 2285 480 2313 ita
492 2290 522 2313 ut
535 2283 645 2312 minime
660 2283 726 2323 ipsis
741 2285 951 2317 contradicatur.

1018 805 1058 834 σὶν
1070 801 1114 835 οἶν
1127 808 1247 835 τοιαῦται
1262 808 1289 836 αἱ
1303 806 1455 846 παραδολαί
1465 818 1472 825 ·
1489 805 1594 846 Ὥσπερ
1605 805 1690 840 ἔξοδος
1701 806 1789 846 χιόνος

1017 853 1044 881 ἐν
1060 853 1156 892 ἀμητῷ
1170 851 1330 891 κατάκαυμα
1345 853 1459 892 ὠφελεῖ,
1473 851 1558 886 οὕτως
1569 852 1679 892 ἄγγελος
1695 851 1789 885 πιστὸς

1017 897 1076 931 τοὺς
1087 898 1294 932 ἀποστείλαντας
1303 898 1390 928 αὐτόν.
1401 898 1454 928 Καὶ
1465 898 1544 928 πάλιν
1552 910 1560 916 ·
1570 898 1677 938 ςὨσπερ
1687 899 1790 938 ἄνεμοι,

1017 943 1062 973 καὶ
1077 944 1157 984 νέφη,
1177 944 1223 973 καὶ
1237 944 1322 979 ὑετοὶ,
1345 943 1427 978 οὕτως
1440 945 1464 973 οἱ
1478 944 1646 984 καυχώμενοι
1660 944 1704 974 ἐπὶ
1719 945 1790 974 δόσει

1017 990 1124 1029 ψευδεῖ·
1139 990 1184 1019 καὶ
1205 989 1239 1019 τὰ
1255 990 1335 1029 ὅμοια
1345 989 1454 1024 τούτοις.
1467 989 1573 1026 Ῥήσεις
1584 989 1612 1019 δὲ
1627 993 1714 1031 σοφῶν
1728 992 1790 1027 εἶσι,

1017 1034 1091 1074 λόγοι
1103 1037 1132 1064 οὗ
1145 1035 1329 1075 σεσοφισμένοι
1336 1058 1344 1072 ,
1356 1035 1416 1065 οὐδὲ
1427 1037 1454 1065 ἐν
1464 1038 1502 1076 τῷ
1513 1038 1614 1077 πιθανῷ
1626 1038 1788 1075 ἀπατῶντες,

1018 1082 1076 1111 ἀλλ’
1091 1081 1269 1122 ἠκριὸωμένοι
1280 1094 1287 1101 ·
1307 1084 1357 1122 οὐχ
1369 1083 1405 1116 ὥς
1426 1082 1495 1112 κατὰ
1508 1082 1651 1122 πρόσταξιν
1665 1082 1694 1112 δὲ
1709 1083 1788 1123 λεγό-

1018 1138 1105 1166 μενοι,
1119 1128 1178 1157 ἄλλ’
1191 1129 1227 1161 ὡς
1240 1129 1303 1168 παρ’
1319 1129 1405 1157 αὐτῶν
1419 1128 1592 1167 γνωσθέντες,
1610 1129 1656 1158 καὶ
1669 1130 1706 1162 ὡς
1719 1130 1790 1158 ἀπο-

1017 1173 1108 1214 φάσεις
1127 1175 1213 1203 αὐτῶν
1227 1174 1436 1215 προσφερόμενοι
1447 1186 1454 1193 ·
1465 1170 1515 1204 οἷοί
1528 1176 1580 1205 εἶσι
1592 1187 1600 1193 ·
1612 1174 1730 1216 Καρδίας
1747 1177 1791 1205 εὖ·

1017 1220 1192 1261 φραινομένης
1203 1244 1214 1258 ,
1225 1220 1367 1260 πρόσωπον
1381 1220 1492 1250 θάλλει·
1508 1222 1536 1251 ἐν
1547 1221 1575 1251 δὲ
1589 1221 1686 1255 λύπαις
1700 1221 1790 1259 οὔσης,

1018 1266 1208 1306 σκυθρωπάζει.
1234 1267 1306 1302 Καὶ,
1331 1267 1436 1306 Καρδία
1461 1267 1525 1308 ὀρθὴ
1551 1269 1623 1305 ζητεῖ
1647 1267 1770 1304 αἴσθησιν
1782 1280 1790 1286 ·

981 1322 999 1345 Β
1019 1312 1106 1351 στόμα
1129 1311 1157 1342 δὲ
1180 1312 1344 1342 ἀπαιδεύτων
1369 1313 1500 1352 γνώσεται
1521 1313 1599 1343 κακά.
1623 1314 1688 1350 Καὶ,
1704 1316 1790 1348 Μῖσος

1018 1357 1113 1398 ἐγείρει
1123 1363 1207 1392 νεῖκος
1217 1370 1223 1377 ·
1236 1358 1337 1392 πάντας
1350 1359 1378 1388 δὲ
1389 1358 1449 1392 τοὺς
1461 1359 1499 1398 μὴ
1514 1361 1723 1400 φιλονεικοῦντας
1741 1372 1790 1390 κα-

1018 1403 1112 1433 λύπτει
1125 1404 1208 1444 φιλία.
1230 1405 1284 1434 Καὶ
1294 1427 1301 1440 ,
1316 1404 1367 1438 Ὃς
1386 1409 1544 1446 καταφρονεῖ
1562 1405 1732 1446 πράγματος,
1744 1418 1790 1436 κα-

1019 1450 1244 1489 ταφρονηθήσεται
1257 1452 1302 1480 ὕπ’
1323 1452 1402 1480 αὐτοῦ
1413 1463 1420 1470 ·
1431 1453 1446 1480 ὁ
1459 1450 1487 1481 δὲ
1501 1450 1661 1491 φοὸούμενος
1672 1451 1789 1488 ἐντολὴν,

1018 1490 1092 1529 οὗτος
1109 1496 1228 1535 ὑγιαίνει.
1244 1498 1306 1526 Τῶν
1323 1497 1370 1536 μὲν
1385 1497 1436 1538 γὰρ
1451 1498 1538 1527 ἄλλων
1550 1496 1694 1538 ἀνθρώπων
1707 1500 1731 1527 οἱ
1747 1498 1790 1527 λό·

1019 1553 1060 1580 γοι
1082 1542 1151 1571 κατὰ
1164 1543 1288 1573 πλεῖστον
1309 1543 1451 1583 ἀμφίὸολοι
1463 1544 1638 1584 τυγχάνωσιν
1657 1544 1731 1578 ὄντες
1741 1556 1748 1563 ·
1765 1546 1791 1574 οἱ

1020 1587 1048 1616 δὲ
1070 1589 1123 1616 τῶν
1144 1591 1240 1629 σοφῶν,
1255 1585 1304 1618 οἶοί
1325 1591 1390 1618 εἰσιν
1407 1586 1495 1626 οἷτοι,
1517 1591 1622 1626 ἀληθεῖς
1644 1591 1722 1628 εἰσιν,
1744 1591 1792 1620 καὶ

1020 1634 1184 1674 πανταχόθεν
1206 1635 1369 1675 ἠκρίὸωνται
1381 1658 1389 1672 ,
1418 1635 1488 1665 ὥστε
1516 1635 1584 1675 μηδὲ
1609 1636 1791 1676 ἀντιλέγεσθαι

1021 1680 1123 1714 αὐτούς.
1139 1681 1192 1710 Καὶ
1213 1682 1238 1710 οἱ
1259 1681 1307 1720 μὲν
1321 1681 1397 1711 ἄλλοι
1418 1682 1550 1721 ἄνθρωποι
1568 1681 1621 1711 ἀπὸ
1633 1685 1680 1711 τοῦ
1700 1681 1792 1716 τέλους

1019 1726 1175 1766 γνωρίζουσι
1187 1726 1218 1756 τὸ
1230 1732 1342 1767 πρᾶγμα
1353 1739 1360 1747 ·
1377 1723 1430 1757 οἶόν
1444 1730 1524 1764 ἐστιν,
1540 1727 1580 1758 ὅτι
1593 1730 1607 1758 ὁ
1619 1728 1707 1762 ἄδικος
1721 1732 1791 1770 φαῦ-

1020 1771 1065 1805 λός
1079 1773 1152 1808 ἐστι,
1167 1773 1212 1802 καὶ
1223 1775 1238 1802 ὁ
1252 1773 1347 1813 μοιχὸς
1358 1774 1387 1803 οὗ
1402 1774 1482 1807 καλός
1494 1786 1501 1792 ·
1515 1777 1592 1804 τοῦτο
1605 1774 1633 1804 δὲ
1652 1774 1697 1804 καὶ
1711 1775 1793 1804 παντὶ

983 1829 1001 1852 c
1021 1818 1098 1853 δῆλον
1121 1818 1152 1847 ἂν
1167 1818 1219 1855 εἴη.
1235 1820 1271 1849 Ot
1292 1819 1320 1849 δὲ
1339 1820 1413 1860 σοφοὶ
1434 1819 1481 1854 τὰς
1497 1820 1580 1861 ἀρχὰς
1600 1822 1653 1850 τῶν
1671 1820 1792 1860 πράξεων

1019 1863 1201 1904 προλέγουσιν,
1212 1865 1244 1894 ἵν’
1259 1865 1368 1899 ἕκαστος
1381 1866 1517 1906 γινώσκων
1530 1866 1578 1900 τὰς
1588 1866 1672 1907 ἀρχὰς
1683 1869 1735 1896 τῶν
1747 1879 1793 1896 κα-

1019 1912 1073 1939 κῶν
1087 1911 1268 1951 φυλάττηται,
1278 1912 1323 1942 καὶ
1334 1911 1425 1952 ὥσπερ
1437 1912 1569 1952 σύμὸολον
1580 1914 1634 1942 τῶν
1645 1915 1692 1949 τ’ῆς
1702 1914 1792 1953 ψυχῆς

1018 1959 1171 1997 κινημάτων
1181 1958 1417 1998 παραγγέλλουσιν,
1429 1955 1472 1988 οἷά
1481 1960 1537 1988 ἐστι
1549 1958 1583 1988 τὰ
1593 1960 1772 1999 προειρημένα
1783 1972 1791 1978 ·

1018 2004 1104 2037 Μῑσος
1114 2003 1211 2044 ἐγείρει
1221 2009 1320 2039 νεῖκος,
1331 2004 1430 2038 πάντας
1443 2005 1470 2034 δὲ
1486 2004 1546 2039 τοὺς
1560 2005 1597 2044 μὴ
1612 2006 1789 2045 φιλονεικοῦν-

1016 2062 1063 2084 τας
1082 2046 1212 2080 καλύπτει
1230 2050 1313 2091 φιλία.
1329 2050 1364 2080 Ὁ
1376 2050 1428 2091 γὰρ
1447 2051 1549 2091 φίλερις
1564 2050 1617 2080 ἀπὸ
1631 2050 1723 2089 μίσους
1733 2052 1790 2092 ἔχει

1015 2096 1064 2133 τὴν
1078 2096 1163 2136 ἀρχὴν
1178 2099 1225 2133 τῆς
1237 2097 1360 2133 τοιαύτης
1375 2097 1485 2132 κακίας,
1501 2097 1546 2126 καὶ
1559 2098 1607 2126 οὐκ
1621 2097 1653 2126 ἄν
1666 2109 1706 2130 τις
1719 2097 1789 2128 εἴποι

1015 2146 1121 2183 ἀγαπᾷν
1138 2142 1182 2172 τὸν
1197 2145 1404 2183 φιλονεικοῦντα.
1420 2143 1508 2172 Πάλιν
1523 2142 1550 2172 δὲ
1566 2144 1597 2172 ἐκ
1611 2145 1657 2172 τοῦ
1671 2143 1787 2173 ἐναντίου

1013 2192 1028 2219 ὁ
1043 2189 1080 2228 μὴ
1096 2190 1260 2230 φιλονεικῶν,
1275 2189 1414 2229 γνώρισμα
1427 2189 1533 2228 ἀγάπης
1550 2189 1614 2230 ἔχει.
1629 2190 1682 2219 Καὶ
1693 2191 1741 2219 οὐκ
1755 2190 1788 2219 ἄν

1014 2248 1053 2269 τις
1066 2236 1135 2265 εἴποι
1148 2235 1294 2275 φιλόνεικον
1306 2235 1350 2265 τὸν
1364 2237 1510 2274 ἀγαπῶντα
1520 2247 1526 2254 ·
1538 2237 1575 2269 ὣς
1586 2235 1667 2265 πάλιν
1678 2236 1709 2266 τὸ
1718 2258 1726 2273 ,
1739 2237 1787 2266 Ἐν

1013 2281 1164 2321 ἐπιθυμίαις
1195 2281 1252 2310 ἐστὶ
1279 2285 1331 2314 πᾶς
1362 2280 1454 2321 ἀεργός
1466 2292 1472 2299 ·
1498 2281 1544 2311 καὶ
1564 2287 1617 2315 πᾶς
1639 2281 1787 2321 ’θξύθυμος

210 2333 246 2363 Et
259 2332 308 2362 alii
321 2331 431 2371 quidem
441 2329 564 2359 homines
577 2339 611 2358 ex
631 2329 684 2358 fine
694 2330 783 2370 operis
801 2342 858 2360 rem
869 2332 955 2362 decla·
975 2337 993 2358 D
1012 2327 1125 2367 προῖθΊῒει
1137 2327 1205 2366 μετὰ
1219 2327 1351 2361 ἄςουλίας.
1366 2329 1422 2357 Τοῦ
1435 2326 1487 2367 γὰρ
1498 2329 1592 2368 ἀεργοῦ
1607 2327 1723 2366 ἐσήμανε
1736 2328 1785 2365 τὴν

209 2387 283 2409 rant:
298 2376 452 2419 cujusmodi
465 2383 505 2406 est
518 2375 590 2405 illud
603 2387 610 2404 :
622 2375 735 2415 Iniquus
749 2388 791 2406 res
805 2385 844 2407 est
865 2379 951 2415 mala;

207 2432 233 2455 et
246 2425 367 2455 moechus
381 2433 496 2464 pravum
504 2421 570 2461 quid
579 2428 629 2458 est,
642 2421 717 2460 quod
728 2422 816 2453 cuivis
836 2425 949 2453 manife-

207 2480 278 2501 stum
291 2478 341 2501 est.
357 2470 494 2510 Sapientes
505 2474 594 2498 autem
608 2468 716 2498 initium
729 2479 841 2509 operum
852 2471 951 2510 praedi-

206 2525 280 2555 cunt,
291 2524 318 2547 et
335 2515 412 2556 quasi
433 2514 556 2555 symbola
577 2513 660 2543 animi
681 2521 803 2544 motuum
825 2526 952 2555 praenun-

204 2562 283 2597 tiant,
308 2568 338 2590 ut
361 2560 487 2599 quisque,
511 2558 611 2598 agnitis
636 2558 772 2588 malorum
796 2559 949 2600 principiis,

204 2606 255 2635 sibi
276 2612 378 2636 caveat.
394 2603 484 2642 qualia
502 2610 565 2633 sunt
588 2603 714 2643 superius
734 2602 806 2633 dicta
820 2616 827 2632 :
843 2605 950 2634 Odium

204 2651 322 2680 suscita!
342 2650 564 2685 contentionem,
577 2657 676 2676 omnes
696 2653 804 2685 autem,
818 2650 870 2687 qui
890 2659 949 2678 non

1011 2374 1100 2413 ψυχὴν
1108 2375 1134 2402 ἐν
1142 2373 1240 2406 πάσαις
1248 2373 1398 2412 ἐπιθυμίαις
1413 2373 1578 2414 &Suet-cont,
1584 2374 1629 2403 καὶ
1643 2374 1687 2403 τὸν
1695 2373 1785 2408 ὀξύθυ-

1011 2431 1059 2458 μον
1073 2419 1205 2459 μηδεμίαν
1219 2419 1314 2459 ἔχοντα
1324 2419 1420 2459 βουλὴν
1434 2419 1513 2459 ὀρθὴν
1520 2419 1645 2455 ἐδήλωσε.
1658 2420 1710 2449 Καὶ
1717 2420 1785 2454 ὅλως

1010 2462 1082 2495 οἷτοι
1095 2466 1129 2495 τὰ
1140 2465 1221 2502 ἠθικὰ
1230 2467 1330 2505 μᾶλλον
1343 2464 1552 2504 ἀπαγγέλλουσι,
1566 2465 1615 2501 τὴν
1636 2465 1721 2506 ἀρχὴν
1735 2469 1783 2502 τῆς

1008 2511 1135 2551 πράξεως,
1143 2511 1201 2541 ὅθεν
1215 2511 1394 2548 συνίστανται,
1401 2510 1530 2550 λέγοντες,
1538 2510 1579 2540 ὅτι
1589 2513 1636 2547 τῆς
1647 2512 1696 2551 μὲν
1711 2514 1783 2552 φιλο-

1008 2557 1105 2591 νεικίας
1118 2562 1274 2597 προηγεῖται
1286 2562 1370 2595 μῖσος·
1382 2560 1428 2587 τοῦ
1440 2555 1468 2586 δὲ
1478 2556 1515 2595 μὴ
1529 2557 1684 2597 φιλονεικεῖν
1695 2570 1782 2598 προη-

1007 2607 1093 2642 γεῖται
1113 2602 1214 2641 ἀγάπη,
1229 2603 1273 2632 καὶ
1290 2602 1390 2642 τῆςμὲν
1405 2601 1511 2642 ἀεργίας
1529 2607 1685 2641 προηγεῖται
1698 2604 1779 2640 ἡδονὴ

1007 2649 1093 2685 κακή·
1110 2651 1155 2678 τοῦ
1171 2648 1197 2678 δὲ
1217 2648 1345 2687 ὀξυθύμου
1362 2652 1518 2688 προηγεῖται
1533 2648 1660 2679 ἀδουλία·
1676 2649 1720 2678 καὶ
1733 2653 1778 2679 τοῦ
