1904 2840
649 200 679 221 ΙΝ
707 196 911 220 ΜΑΤἸῊΕΙΙΜ.
940 195 1056 219 noant„
1085 196 1151 232 XV.>

1596 189 1665 223 813

122 263 227 294 toribus
239 262 296 293 suis
305 271 357 292 non
371 261 520 291 dimittunt.
536 260 603 291 Ideo
616 260 655 290 sic
668 259 745 294 dicit,
758 259 862 287 Dimit-
881 260 900 283 A
913 255 1016 293 cordis,
1036 263 1064 285 et
1084 256 1151 286 dant
1173 257 1363 288 confidentiam
1383 259 1480 291 animae
1493 261 1568 302 apud
1580 263 1670 293 Deum

124 310 152 332 te
166 304 258 338 nobis,
270 304 345 331 sicut
359 312 411 330 nos
427 302 599 330 dimittimus
612 312 620 328 .·
635 306 665 328 ut
678 299 755 339 prius
768 298 861 327 dimit-

122 350 220 376 tamus,
233 348 322 382 postea
333 348 454 381 petamus
466 340 662 377 dimissionem,
677 346 703 368 et
722 349 738 367 a
751 340 808 368 Deo
821 348 864 366 re-

123 381 276 411 missionem
287 388 458 421 peccatorum
469 380 642 420 accipiamus.

300 487 433 516 Humilia
445 497 501 536 xp.
512 496 549 515 επ
563 496 628 526 cap.
643 486 688 525 vj.

164 585 211 613 16.
227 586 296 614 &im
305 589 400 612 autem
403 583 556 622 jejunatis,
565 582 655 611 notite
659 581 725 621 fieri
731 582 806 611 sicut
812 582 867 619 hy-

124 626 240 663 pocrieoe
254 625 350 653 tristes
358 636 369 658 ;
383 624 577 651 exterminant
587 621 768 661 enimsizcies
779 631 849 650 suas
858 642 865 656 ,

6 666 59 690 'trin
72 663 334 703 Pri-iettappareant
355 663 520 691 hominibus
540 662 717 701 jejunantes.
737 661 866 690 Omnium

0 706 12 720 ¹
45 697 114 723 ''¹²¹''
128 703 260 732 malorum
274 703 361 742 prima
370 708 395 731 et
410 701 518 730 fortiora
533 707 594 730 sunt
605 700 656 729 tria
670 700 739 729 mala
757 712 764 728 :
777 699 806 729 id
818 707 868 736 est,

0 729 35 760 ’,θ’
45 737 118 751 ''m'‘
129 743 202 778 wla,
218 742 341 777 avaritia,
354 749 380 771 et
397 751 465 785 vana
479 740 575 781 gloria.
593 739 728 769 Adversus
737 750 796 779 quae
811 741 868 769 Do-

0 767 54 813 ·-iim
63 767 119 812 tfail:
129 765 218 811 ininus
232 781 382 810 tentationis
388 782 536 826 suscipiens
544 779 658 817 bellum,
669 779 806 824 -piignavit
818 790 870 825 pro

0 822 45 844 im
53 823 119 845 bona.
131 822 215 851 nobis.
222 822 320 851 Contra
340 821 432 860 gulam
452 831 479 849 in
500 830 603 853 eremo,
621 826 712 848 contra
730 827 869 849 avaritiam

0 859 97 905 '‘²¹:³25‘ss
129 872 210 901 super
221 867 348 897 montem,
362 866 452 889 contra
462 870 559 889 vanam
571 858 683 898 gloriam
703 869 786 898 super
806 866 870 889 tem-

0 891 117 944 ?3„;„m¹‚⁰'
129 900 214 939 plum.
222 901 288 930 ltem
296 900 416 929 omnium
422 899 553 928 bonorum
561 898 647 938 prima
656 906 682 928 et
688 899 796 927 fortiora
807 906 869 928 suut

41 953 116 969 unx
128 940 177 969 tria
190 940 456 979 bona,cleemosyna,
465 939 560 975 oratio,
572 942 598 967 et
605 938 748 978 jejunium-
759 939 794 967 Et
806 939 870 968 vide

130 979 264 1018 quomodo
274 978 402 1008 adversus
415 978 466 1008 tria
480 978 548 1007 mala
561 978 668 1007 inventa
682 984 744 1007 sunt
757 978 809 1007 tria
821 979 869 1008 bo-

125 1029 169 1054 na,
180 1019 207 1048 id
221 1025 271 1053 est,
282 1019 448 1058 eleemosyna
463 1025 554 1047 contra
569 1018 721 1052 avaritiam,
733 1017 869 1062 jejunium

124 1065 216 1088 conti-a
236 1058 319 1087 'ulam
342 1058 427 1088 oratio
448 1064 538 1086 contra
558 1067 652 1086 vanam
675 1057 799 1096 gloriam.
818 1058 870 1087 Dic

125 1098 212 1134 nobis,
261 1108 291 1127 ee
301 1098 435 1137 jejunium
445 1104 535 1126 contra
543 1096 634 1135 gulam
640 1098 722 1134 vonit,
731 1096 795 1135 quia
803 1107 870 1126 con-

124 1137 236 1167 trarium
259 1144 298 1166 est
309 1137 441 1176 jejunium
454 1136 524 1176 gulae
540 1147 548 1164 .·
562 1143 587 1165 et
597 1136 763 1176 eleemosyna
778 1143 868 1166 eonii-a

125 1177 265 1206 avaritiam
279 1177 413 1212 convenit,
429 1176 491 1214 quia
506 1176 618 1204 avaritia
632 1183 785 1215 congregat,
799 1177 867 1206 elee-

126 1227 235 1256 mosyna
254 1223 342 1245 autem
353 1215 485 1255 dispergit
499 1227 507 1244 ε
522 1215 606 1244 oratio
619 1216 754 1253 quomodo
767 1226 868 1246 conve-

126 1256 166 1285 nit
189 1263 280 1286 contra
301 1255 416 1294 gloriam
437 1255 555 1284 vanam?
568 1254 650 1284 Audi.
667 1256 765 1285 Omnia
783 1255 865 1293 mala,

125 1306 185 1333 quae
198 1302 260 1324 sunt
280 1295 306 1324 in
327 1294 439 1332 mundo,
454 1294 553 1323 habent
573 1294 704 1323 contraria
722 1295 803 1331 bona,
819 1306 867 1335 per

125 1345 185 1373 qua:
210 1341 370 1374 superentur
390 1346 397 1363 z
421 1341 525 1374 utputa,
544 1334 685 1363 fornicatio
707 1335 866 1372 castitatem,

125 1375 250 1415 superbia
262 1374 451 1410 humilitatem,
465 1372 602 1402 iracundia
621 1374 864 1404 mansuetudinem.

126 1415 162 1444 Et
170 1413 276 1443 nullum
285 1420 325 1443 est
334 1413 444 1447 malum,
453 1413 526 1452 quod
538 1422 590 1441 non
601 1412 697 1442 habeat
702 1414 816 1443 contrari
821 1425 865 1443 um

125 1453 227 1483 bonum
237 1476 245 1490 ,
257 1463 306 1493 pei·
324 1452 399 1492 quod
419 1459 571 1492 superetur,
583 1451 672 1481 demta
685 1463 754 1483 vana
768 1453 863 1492 gloria.

126 1493 193 1523 Ideo
216 1493 357 1532 quantavis
377 1493 447 1521 bona
466 1493 570 1528 feceris,
585 1492 678 1521 volens
699 1503 867 1532 compescere

124 1543 221 1562 vanam
234 1532 357 1572 gloriam,
369 1538 440 1561 tanto
453 1531 539 1570 tnagis
549 1531 648 1560 excitas
659 1541 716 1560 eam
730 1543 737 1560 ε
751 1538 865 1561 et‘causa

125 1578 165 1601 est
175 1573 235 1607 ista,
247 1571 311 1610 quia
323 1580 403 1600 omne
419 1571 520 1600 malum
532 1581 568 1599 ex
580 1570 652 1599 malo
669 1570 798 1607 nascitur,
811 1571 868 1600 sola

126 1618 215 1640 autem
236 1621 304 1640 vana
328 1610 412 1649 gloria
434 1609 468 1639 de
492 1609 563 1638 bono
585 1608 725 1648 procedit:
741 1609 801 1639 ideo
815 1620 866 1639 non

127 1650 307 1689 exstinguitur
321 1660 369 1689 pei·
386 1649 499 1684 bonum,
511 1648 558 1677 sed
572 1649 658 1687 magis
670 1648 799 1678 nuti-itur.
815 1650 868 1678 De-

127 1689 209 1728 nique
222 1689 291 1718 inter
302 1688 422 1717 homines
435 1695 584 1727 peccatores
597 1688 705 1716 tentatio
717 1698 792 1717 vanae
805 1689 868 1727 glo-

128 1729 175 1758 riae
204 1738 257 1758 non
284 1728 363 1757 habet
389 1727 489 1757 locum.
514 1727 684 1756 Fornicarius
706 1728 776 1757 enini
787 1751 794 1764 ‚
821 1736 868 1758 aut

129 1779 157 1797 ra
178 1775 229 1803 tor,
240 1767 375 1807 quomodo
388 1773 502 1796 tentetur
518 1767 546 1796 in
561 1777 628 1796 vana
643 1767 739 1806 gloria,
753 1768 800 1806 qui
815 1778 866 1797 non

128 1779 208 1837 haliet
219 1807 291 1838 unde
300 1807 447 1846 glorietur?
455 1807 500 1836 Illi
514 1813 601 1836 autem
614 1806 785 1836 tentationem
793 1818 868 1837 vanae

127 1847 220 1886 gloriae
242 1848 390 1887 patiuntur,
411 1847 457 1885 qui
481 1846 532 1876 tale
549 1845 653 1885 aliquid
670 1846 781 1882 faciunt,
797 1847 868 1877 unde

128 1887 285 1926 glorientur.
312 1888 384 1926 Ergo
404 1886 511 1915 nullum
534 1885 683 1916 remedium
741 1893 790 1915 test
811 1898 867 1917 esse

127 1934 219 1957 contra
244 1937 339 1956 vanam
354 1926 476 1966 gloriam,
490 1925 542 1954 nisi
563 1925 648 1954 oratio
668 1936 697 1954 so
710 1936 725 1954 a
738 1938 746 1954 :
763 1933 789 1955 et
811 1926 866 1956 baec

126 1966 183 2006 ipsa
198 1966 339 1996 vanitatem
353 1972 469 2005 generat,
484 1965 534 1993 nisi
548 1971 625 1994 caute
643 1965 822 2005 prospexeris,
843 1967 866 1995 si

125 2007 193 2035 sui-ie
205 2006 272 2035 bene
282 2005 411 2035 oraveris.
428 2005 516 2034 Altera
528 2003 562 2033 de
573 2004 750 2044 eleemosyna,
761 2011 786 2034 et
795 2005 865 2045 jeju-

127 2046 182 2080 nio,
196 2052 222 2075 et
235 2046 352 2074 oratione
366 2044 464 2074 divisio
487 2044 513 2072 in
529 2044 588 2082 lege
608 2044 705 2083 scripta
724 2051 763 2074 est
778 2046 865 2074 :Non

127 2087 217 2114 inires
228 2091 297 2114 ante
308 2090 492 2123 conspectum
503 2084 561 2112 Dei
571 2084 615 2112 tui
623 2093 744 2112 vacuus.
753 2085 864 2114 Vacuus

125 2131 214 2154 autem
222 2125 302 2154 intrat
311 2131 371 2154 ante
383 2125 479 2159 Deum,
486 2123 532 2162 qui
544 2123 653 2152 veniens
662 2123 696 2151 ad
706 2123 862 2161 orationem,

125 2163 227 2192 nullam
242 2163 436 2203 eleemosynam
448 2163 521 2191 facit.
538 2163 597 2191 Non
618 2163 705 2191 solum
727 2163 755 2191 in
770 2164 862 2193 Veteri

124 2202 357 2238 Testamento,sed
371 2202 448 2231 etiam
463 2202 491 2230 in
503 2202 581 2230 Novo
595 2201 758 2241 praecipitur,
775 2209 804 2231 ut
815 2213 864 2242 per

122 2241 242 2280 singulas
254 2241 415 2280 septimanas
433 2240 615 2278 unusquisque
631 2240 800 2269 Christianus
812 2242 862 2270 ali-

123 2280 190 2318 quid
204 2281 230 2309 in
245 2279 463 2319 gazophylacium
475 2279 572 2313 mittat,
584 2279 618 2307 ad
632 2280 779 2308 orationem
797 2291 862 2309 vcn-

27 2330 61 2344 or.
78 2322 113 2345 ¹6-
124 2320 289 2354 turus‚siciit
302 2320 339 2348 ait
350 2318 499 2358 apostolus:
518 2319 722 2358 Unusquisque
732 2325 861 2348 vestrum

122 2369 175 2397 per
186 2359 303 2398 singula
318 2359 440 2387 sabbata
459 2356 540 2396 quod
555 2357 602 2385 illi
619 2357 763 2395 placuerit
782 2359 863 2396 apud

125 2407 155 2427 se
164 2405 296 2437 reponat,
311 2405 341 2426 ul
354 2408 423 2432 non,
439 2407 503 2424 cum
517 2405 636 2431 venem,
651 2402 720 2425 tunc
734 2396 864 2427 collectoe

31 2443 48 2466 1.
64 2442 98 2465 ι8.
115 2437 208 2475 fiant.
235 2438 302 2467 Item
325 2437 391 2466 dicit
421 2436 546 2465 Salomon
567 2447 572 2463 ε
596 2435 677 2463 Ante
704 2436 863 2466 orationem

122 2486 255 2515 proepam
277 2478 406 2504 animam
420 2481 511 2504 tuam.
523 2474 574 2503 Ille
593 2482 724 2518 praeparat
745 2476 861 2505 animam

125 2525 200 2543 suam
220 2522 280 2543 ante
300 2515 455 2550 orationem,
479 2513 525 2552 qui
549 2514 647 2542 faciens
670 2514 862 2554 eleemosynam

127 2554 199 2582 venit
222 2553 256 2583 ad
278 2554 431 2583 orationem.
445 2554 521 2582 Sicut
543 2553 614 2581 enim
636 2553 724 2582 oleum
743 2554 862 2584 accendit

123 2592 212 2622 lumen
227 2592 352 2629 lucernae,
367 2593 401 2622 ita
416 2600 440 2622 et
457 2592 524 2621 bona
539 2602 618 2630 opera
641 2592 756 2622 excitant
780 2593 861 2623 fidem

21 2057 99 2080 udas.

923 295 1027 324 orandi.
1039 296 1112 335 Ergo
1123 296 1292 338 eleemosyna
1307 301 1465 339 praeparatio
1479 308 1518 331 est
1529 303 1667 334 orationis.
1686 328 1689 331 i

918 335 985 364 Item
987 334 1123 375 jejunium
1132 343 1171 365 est
1181 337 1348 377 adjutorium
1360 340 1500 378 orationis,
1511 343 1576 380 quia
1585 342 1671 373 oratio

922 374 979 418 sine
997 375 1101 414 jejunio
1121 377 1229 415 gracilis
1249 384 1300 415 est,
1323 385 1349 407 et
1370 379 1488 410 infirma.
1503 383 1574 412 Nam
1586 384 1671 417 oratio

922 413 971 457 illa
983 419 1024 442 est
1036 415 1124 459 fortis,
1140 426 1200 454 quae
1222 417 1252 446 fit
1274 417 1302 446 in
1317 419 1416 458 spiritu
1440 420 1539 450 humili
1551 429 1577 452 et
1591 423 1671 453 eorde

923 452 1063 490 tribulato,
1077 461 1155 499 sicut
1180 462 1206 485 et
1229 458 1360 496 propheta
1382 458 1470 490 dicit:
1491 461 1672 502 Sacrificium
1681 472 1749 494 Psal.
1766 470 1805 494 50.

923 493 989 521 Deo
1008 495 1127 532 spir1tus
1148 497 1374 533 contribulatus,
1393 509 1444 528 cor
1466 504 1622 532 contritum
1643 509 1672 532 et
1684 508 1722 532 ι9·

926 532 1114 575 humiliatum
1129 534 1208 564 Deus
1220 545 1279 564 non
1292 537 1423 577 despicit.
1437 540 1568 580 Spiritum
1582 549 1672 572 autem

925 571 1058 615 humilem
1072 579 1097 601 et
1107 574 1377 606 corcontrihulatum
1395 575 1493 610 hahere
1505 591 1557 611 non
1573 589 1669 622 potest,

926 610 1134 655 quitmanducat
1156 619 1181 642 et
1202 613 1283 651 bibit,
1299 622 1325 644 et
1348 616 1454 648 deliciis
1473 620 1572 650 fruitur
1585 633 1592 651 :
1607 623 1671 661 quia
1681 629 1749 651 Psal.
1770 627 1812 650 103

926 660 1004 689 panis
1017 661 1063 680 σοι·
1071 652 1222 689 continuat,
1231 655 1324 683 vinum
1336 663 1425 687 autem
1437 659 1564 690 laetificat.
1580 661 1671 701 Spiri-
1685 659 1721 684 ¹5·

925 696 984 733 tum
1008 696 1097 719 autem
1118 692 1208 721 carnis
1231 693 1362 725 humilem
1382 708 1439 727 esse
1463 709 1516 729 non
1541 701 1673 740 pei-mittit

925 735 1026 766 virtus,
1044 731 1147 774 ‘1¹.¹³³.fl¹
1158 743 1192 761 ex
1205 743 1282 772 pane,
1295 742 1321 764 et
1334 746 1381 765 cor
1394 739 1602 769 contribulatum
1616 751 1674 771 esse

926 778 978 797 non
989 776 1121 808 permittit
1130 771 1300 810 jucunditas,
1314 786 1373 813 quae
1384 778 1456 807 venit
1471 790 1505 808 ex
1519 780 1593 809 vino.
1607 780 1673 810 Ideo

926 808 1149 848 quandocumque
1155 812 1301 858 sanctippo
1313 815 1403 855 aliqua
1416 819 1569 848 necessitate
1579 821 1673 850 volue-

927 854 989 877 runt
1001 858 1112 893 exorare
1126 851 1226 892 Deum,
1238 854 1373 892 jejunium
1391 867 1452 886 cum
1471 859 1591 889 oratione
1605 860 1671 899 jun-

926 894 1023 931 xerunt
1034 900 1044 932 ⁴:
1061 896 1131 934 sicut
1142 890 1251 935 Qaniel,
1267 900 1293 922 et
1306 895 1403 925 caeteri.
1416 897 1497 927 Unde
1509 899 1572 937 quia
1586 901 1673 929 virtus

926 933 1055 971 orationis
1077 939 1212 974 jejunium
1231 939 1280 968 est,
1301 943 1448 973 numquam
1467 945 1625 977 separantur
1637 940 1672 969 ab

927 975 1053 1003 iiiVicem,
1059 972 1108 996 sed
1117 970 1219 1008 ubique
1228 971 1278 1000 sim
1283 973 1309 1002 ul
1317 983 1462 1013 ponuntur.
1473 978 1566 1007 Oratio
1572 980 1671 1019 etjeju-

926 1009 1003 1052 nium
1017 1005 1051 1035 de
1058 1009 1282 1055 *inopte-liberant.
1292 1013 1357 1043 ltem
1367 1026 1374 1042 ε
1383 1016 1450 1045 Hoc
1454 1027 1545 1056 genus
1554 1029 1613 1047 non
1621 1020 1671 1047 e'i-
1683 1025 1767 1048 Manli.
1785 1033 1821 1056 ¹7·

926 1051 1014 1088 citur,
1030 1056 1085 1090 nisi
1100 1057 1130 1076 in
1138 1051 1252 1088 JeJunio
1265 1058 1294 1080 et
1308 1056 1528 1086 oratione.Siciit
1538 1030 1671 1088 necmiies
1680 1063 1718 1079 ²⁰·

924 1094 982 1113 siue
987 1095 1072 1129 armis
1084 1093 1124 1132 est
1134 1087 1250 1132 aliq-uid,
1262 1100 1309 1120 nec
1315 1103 1390 1123 arma
1398 1094 1455 1124 sine
1460 1096 1562 1126 milite:
1573 1096 1612 1127 sic
1622 1108 1671 1128 nec

924 1130 1010 1153 oratio
1032 1135 1089 1169 sine
1107 1136 1228 1166 jejunio,
1244 1139 1293 1159 nec
1309 1131 1445 1176 jejunium
1463 1135 1521 1165 siue
1538 1137 1668 1168 oratione.

923 1164 977 1193 Sed
990 1174 1023 1193 ex
1034 1164 1076 1193 his
1085 1166 1175 1209 trihus
1186 1167 1265 1198 bonis
1275 1181 1362 1210 prima
1374 1180 1413 1202 est
1425 1176 1589 1215 oratio,quia
1599 1177 1670 1207 elee-

922 1213 1034 1243 mosyna
1043 1204 1156 1250 quidem
1169 1206 1203 1237 de
1217 1209 1298 1239 rebus
1309 1212 1375 1249 exit,
1386 1213 1520 1253 jejunium
1533 1223 1622 1246 autem
1635 1217 1670 1247 de

922 1253 1033 1282 corpore
1042 1255 1049 1272 ε
1059 1251 1144 1288 oratio
1157 1257 1222 1277 vero
1235 1245 1284 1278 ne'c
1297 1249 1332 1280 de
1342 1252 1423 1282 rebus
1438 1264 1485 1284 nec
1498 1254 1533 1284 de
1545 1266 1667 1296 corpore,

921 1283 968 1325 sed
990 1283 1025 1312 de
1047 1293 1134 1328 antina
1155 1287 1276 1325 procedit
1295 1297 1322 1319 et
1338 1290 1373 1321 de
1393 1293 1474 1324 corde
1488 1306 1494 1322 ε
1510 1293 1571 1324 ideo
1591 1297 1668 1334 quasi

920 1331 1008 1361 prima
1025 1322 1187 1367 dignitosior
1199 1337 1214 1356 e
1231 1326 1339 1359 duobus
1350 1353 1358 1366 ,
1373 1331 1460 1362 media
1479 1335 1589 1373 ponitur
1600 1337 1669 1366 inter

920 1362 997 1406 duas.
1012 1363 1102 1392 Prima
1113 1363 1293 1407 eleemosyna,
1302 1371 1418 1400 secunda
1430 1374 1528 1410 oratio,
1536 1375 1613 1404 tertia
1624 1376 1666 1415 je-

916 1410 1037 1440 Juniuni.
1051 1402 1084 1431 Et
1099 1413 1182 1441 quare
1191 1406 1358 1449 'eleemosyna
1370 1418 1428 1440 ante
1439 1413 1585 1443 orationem
1598 1425 1667 1454 prze-

884 1459 902 1482 Ε
921 1440 1010 1470 cedit?
1020 1442 1090 1478 Quia
1102 1444 1245 1475 mediatrix
1256 1454 1306 1486 cst,
1319 1456 1344 1478 et
1353 1453 1535 1517 lpraeparatrix
1547 1454 1597 1482 vim
1608 1462 1668 1484 ante

921 1480 1015 1524 faciem
1038 1481 1165 1512 orationis
1176 1506 1184 1520 ,
1202 1492 1232 1514 ut
1253 1494 1314 1526 post
1337 1499 1352 1518 e
1364 1500 1531 1531 eemosynam
1555 1503 1668 1531 sequens

921 1526 1005 1548 oratio
1027 1529 1204 1560 praeparatum
1226 1524 1314 1556 locum
1340 1529 1527 1559 misericordiae
1549 1532 1669 1562 inveniat

922 1558 996 1597 apud
1005 1561 1101 1603 Deum.
1111 1560 1176 1590 Ideo
1188 1566 1421 1609 autem-jejunium
1435 1570 1556 1608 sequitur
1567 1574 1667 1601 oratio-

922 1607 1073 1642 nem,nquia
1089 1609 1142 1644 non
1155 1609 1239 1632 oratio
1250 1605 1347 1643 jejunii
1369 1614 1408 1636 est
1426 1608 1590 1639 ad'iitorium
1599 1633 1608 1646 ,
1619 1611 1668 1640 sed

920 1647 1054 1682 J'eJu‘nium
1075 1641 1214 1670 orationis.
1230 1643 1264 1672 Et
1279 1654 1331 1673 non
1348 1647 1434 1675 oratio
1454 1619 1485 1677 (lt
1505 1656 1614 1689 propter
1629 1651 1666 1679 'e-

918 1686 1028 1720 Jupiuin
1039 1698 1047 1714 ,
1062 1677 1108 1706 sed
1127 1680 1264 1719 jejunium
1288 1691 1397 1725 propter
1423 1687 1568 1717 orationem
1583 1701 1590 1717 :
1605 1661 1667 1719 ideo

918 1725 1053 1762 jejuni-um
1066 1727 1119 1762 ¹¹.⁰¹¹
1132 1726 1192 1748 ante
1203 1721 1350 1753 orationem
1361 1726 1487 1764 praecedit
1500 1750 1507 1761 ,
1522 1728 1568 1757 sed
1580 1730 1667 1759 oratio

922 1762 982 1784 ante
998 1766 1147 1803 jejunium.⁸
1161 1759 1253 1790 Tertia
1265 1761 1375 1793 divisio.
1391 1766 1458 1795 Item
1472 1766 1665 1808 eleemosynam

922 1795 1018 1839 facere,
1027 1802 1073 1825 aut
1082 1804 1239 1837 orationem,
1246 1802 1429 1843 autjejunaie,
1438 1816 1490 1834 non
1498 1813 1537 1835 est
1544 1808 1665 1838 omnium

922 1833 1074 1872 hominum,
1090 1836 1137 1866 sed
1149 1845 1252 1869 tantum
1263 1842 1410 1882 justorum.
1427 1845 1482 1882 Qui
1500 1853 1588 1876 autem
1603 1859 1665 1887 pee-

923 1880 965 1902 cat
973 1895 982 1910 ,
996 1881 1021 1903 et
1033 1875 1226 1920 eleemosynam
1238 1880 1318 1917 facit,
1333 1883 1422 1921 perdit
1436 1885 1508 1923 quod
1523 1886 1595 1916 facit.
1611 1889 1664 1917 Pro

922 1920 1022 1943 cessato
1035 1925 1105 1944 enim
1116 1924 1222 1957 peccato
1233 1922 1379 1959 peccatoris
1392 1923 1472 1953 datur
1484 1924 1662 1966 eleemosyna,

922 1962 974 1982 non
990 1964 1040 1993 pro
1053 1964 1228 2000 occurrente-2
1243 1959 1273 1989 i'd
1290 1967 1344 1998 est,
1355 1962 1463 2001 quando
1486 1965 1595 2004 poenitet
1616 1977 1664 1996 nos

921 1993 995 2030 quod
1005 1993 1172 2038 fecerimus,
1187 2008 1238 2028 non
1260 2006 1289 2028 ut
1310 2011 1358 2041 per
1395 2003 1515 2033 ecuniam
1535 2006 1662 2044 peccandi

921 2032 1054 2062 licentiam
1069 2039 1337 2080 comparemuthem
1351 2041 1371 2069 il
1383 2052 1398 2070 e
1410 2049 1479 2080 orat,
1487 2044 1533 2082 qui
1542 2045 1599 2084 jam
1609 2056 1660 2075 non

920 2079 1011 2111 peccat
1025 2085 1031 2101 τ
1044 2084 1092 2119 qui
1103 2082 1191 2106 autem
1201 2085 1259 2108 orat
1267 2086 1293 2108 et
1318 2088 1402 2118 eccat,
1410 2092 1463 2111 non
1475 2090 1550 2128 rogat
1561 2085 1659 2122 Deum,

921 2111 968 2140 scd
981 2112 1087 2158 deludit
1096 2115 1193 2146 Deum.
1205 2117 1274 2147 Item
1286 2090 1333 2148 ille
1342 2121 1456 2160 jejunat,
1469 2133 1515 2161 qui
1528 2133 1580 2153 non
1594 2135 1659 2163 pec-

920 2159 976 2197 cat,
991 2163 1038 2191 qui
1052 2160 1140 2183 autem
1152 2164 1242 2195 peccat
1259 2165 1285 2188 et
1299 2159 1415 2200 jejunat,
1431 2172 1482 2190 non
1498 2162 1530 2191 ad
1545 2163 1659 2202 gloriam

918 2193 969 2221 Dei
979 2194 1097 2237 jejunat,
1117 2204 1164 2224 nec
1176 2206 1203 2225 se
1216 2197 1356 2236 humiliat,
1371 2199 1417 2228 sed
1437 2201 1591 2231 suhstantiae
1605 2213 1659 2231 suae

918 2239 1014 2271 parcit.
1030 2234 1151 2273 Denique
1164 2237 1301 2266 considera
1315 2238 1343 2267 in
1355 2239 1550 2278 superioribus,
1561 2252 1593 2270 ex
1605 2252 1658 2279 quo

918 2273 999 2312 coepit
1011 2272 1134 2303 Christus
1147 2276 1274 2315 apostolis
1293 2277 1349 2306 suis
1367 2278 1494 2308 salutaria
1511 2280 1575 2308 dare
1588 2291 1658 2319 prae-

918 2319 1009 2352 cepta,
1022 2322 1075 2342 non
1090 2315 1177 2343 statim
1195 2315 1221 2344 in
1235 2316 1332 2356 primis
1343 2317 1480 2346 mandavit
1493 2317 1526 2346 de
1537 2318 1658 2350 eleemo-

918 2361 994 2392 syna,
1010 2358 1057 2382 aut
1062 2353 1177 2393 jejunio,
1192 2362 1238 2384 aut
1251 2355 1369 2384 oratione
1382 2367 1388 2384 ε
1400 2356 1445 2384 sed
1460 2356 1534 2394 prius
1546 2357 1659 2396 expellit

917 2392 998 2428 mala,
1011 2399 1099 2433 postea
1109 2393 1257 2423 introducit
1270 2394 1349 2423 bona.
1366 2395 1508 2433 Scriptum
1520 2402 1573 2431 est,
1587 2397 1656 2425 Non
1666 2409 1751 2431 Maus„
1780 2425 1786 2431 ,

917 2434 1028 2462 occides
1043 2444 1051 2460 ε
1065 2443 1116 2472 ego
1130 2440 1226 2462 autem
1246 2434 1321 2469 dico,
1335 2434 1397 2462 Nec
1417 2436 1562 2462 irascaris.
1576 2435 1704 2464 Scri-21.
1715 2447 1763 2469 sqq.

913 2479 995 2511 ptum
1006 2479 1060 2508 est,
1067 2473 1135 2501 Non
1145 2473 1304 2511 perjurabis
1317 2483 1324 2499 .·
1337 2482 1387 2510 ego
1400 2478 1496 2500 autem
1508 2473 1584 2510 dico,
1594 2475 1656 2504 Nec

911 2513 1036 2550 jurabis.
1058 2512 1201 2549 Scriptum
1222 2518 1281 2546 est,
1297 2511 1366 2540 Non
1387 2511 1567 2540 adulterabis
1581 2525 1590 2541 .·
1604 2524 1656 2553 ego

915 2558 1013 2581 autem
1034 2552 1099 2580 dico
1111 2572 1118 2586 ,
1133 2551 1202 2579 Non
1221 2551 1416 2586 concupisces.
1438 2549 1580 2589 Scriptum
1594 2559 1655 2588 est,

917 2591 1041 2621 Oculum
1068 2600 1121 2629 pro
1146 2590 1230 2618 oculo
1250 2600 1261 2616 .-
1284 2598 1335 2626 ego
1358 2595 1456 2617 autem
1481 2590 1560 2630 dico„
1590 2592 1657 2621 Non
