1904 2840
263 145 336 194 964
861 153 948 178 opus
974 154 1214 178 rtieeurecwm

260 219 370 250 invidus
380 225 428 255 est,
445 225 491 247 aut
501 227 608 258 parcus,
622 217 748 248 omnibus
759 223 799 247 est
811 228 909 258 parcns
922 224 949 247 et
961 217 1003 247 in·

259 259 350 288 vidus.
376 260 468 297 Neque
490 258 567 297 quasi
599 264 722 297 acceptor
794 267 920 295 sonarum
944 257 1005 287 fecit

260 298 437 328 differentiam
446 298 604 337 gratiarum.
615 297 668 328 Vis
678 297 746 327 scire
755 319 762 326 .
775 297 928 327 Considera
937 307 1004 336 quo-

261 338 340 367 modo
354 348 421 377 pene
433 337 570 376 aequaliter
582 337 762 368 remuneravit
772 347 844 372 eum,
855 337 902 376 qui
914 337 1004 366 minus

259 377 368 413 obtulit,
387 383 414 406 et
432 387 505 413 eum,
523 377 570 416 qui
585 377 714 417 amplius.
739 376 769 407 Si
788 377 860 405 enim
882 383 1005 416 acceptor

259 427 434 457 personarum
453 417 557 453 suisset,
576 416 669 455 utique
688 426 741 446 non
758 415 861 445 tantuin
875 416 903 445 in
916 415 1005 444 danda

260 457 355 495 gratia,
365 456 533 495 quantumin
548 455 685 486 reddenda
697 456 818 485 mercede
831 462 899 485 esset
913 465 1004 494 aequa—

260 496 294 525 lis
305 496 445 526 ambobus.
461 496 634 525 Manifestum
647 503 698 533 est,
733 495 787 525 uod
800 496 828 524 in
841 495 929 525 danda
942 505 1004 540 gra-

260 535 296 564 tia
319 546 372 565 non
396 545 523 576 personas
543 538 664 581 aspexit,
688 546 715 565 se
759 535 885 565 virtutem
911 545 1005 564 unius-

260 575 392 621 cujusque
415 575 611 606 consideravit:
625 586 658 605 ne
678 586 760 620 supra
786 575 914 605 virtutem
936 585 1006 616 opus

261 614 412 654 injungens,
430 615 487 655 ipse
507 615 610 645 occasio
630 614 784 645 offensionis
805 614 953 652 exsisteret,
979 621 1006 644 et

261 665 313 684 non
334 662 402 685 esset
418 666 481 685 reus
500 655 547 694 qui
572 656 705 695 peccavit,
728 655 752 684 si
772 665 854 695 supra
878 654 1005 684 virtutem

260 694 367 734 pondus
379 695 559 735 imposuisset.
578 695 680 726 Volens
693 705 757 734 ergo
772 694 906 724 Dominus
919 696 1004 724 socios

261 744 310 764 nos
321 734 419 764 habere
432 735 460 764 in
474 745 556 774 regno
568 734 678 771 caelesti,
692 745 773 774 opera
790 734 868 763 nobis
882 733 1003 763 diversa-

259 785 322 803 rum
339 774 506 814 justitiarum
526 775 675 804 commisit:
689 784 743 803 non
761 775 825 813 quia
839 784 890 803 non
910 774 1005 803 habeat

258 820 413 859 potestatem
435 821 461 844 et
483 814 539 844 sine
561 814 689 854 operibus
707 824 755 843 nos
775 813 936 853 glorificare,
957 813 1004 843 sed

260 853 320 884 ideo
333 865 402 894 opus
417 854 554 894 praemisit,
568 854 631 893 quia
643 854 714 883 sicut
725 864 805 893 opera
817 854 873 882 sine
887 854 1003 898 praemiis

258 904 342 924 vacua
353 901 426 930 sunt,
437 894 475 923 sic
486 894 593 934 praemia
607 894 664 924 sine
675 894 802 934 operibus
813 900 876 922 sunt
888 901 1000 932 ingrata.

259 935 306 963 16.
324 933 430 963 Statim
449 941 546 963 aulem
564 935 637 963 abiit
660 935 713 974 qui
732 935 862 974 quinque
889 934 1002 963 talenta

258 980 420 1014 acceperat,
441 980 468 1003 et
489 975 646 1013 acquisivit
667 973 730 1002 alia
754 975 892 1013 quinque.
909 975 949 1003 De
961 981 1002 1003 ta-

258 1014 329 1044 lento
343 1013 488 1054 agnitionis
500 1014 601 1044 Christi
615 1013 759 1052 acquisivit
778 1023 857 1042 unam
867 1013 1001 1052 justitiam

257 1053 324 1083 bene
336 1053 465 1083 vivendo.
481 1055 521 1083 De
533 1053 699 1094 presbyterio
709 1060 798 1082 autem
810 1053 868 1092 ipso
883 1053 1000 1091 acquisi-

257 1093 298 1123 vit
316 1093 448 1133 justitiam
469 1093 584 1123 sollicite
605 1092 774 1132 praesidendo
799 1092 934 1122 Ecclesiae.
961 1095 1001 1122 De

258 1133 341 1162 verbo
360 1133 502 1171 acquisivit
512 1133 658 1173 justitiam,
678 1133 793 1162 verbum
810 1132 930 1162 veritatis
943 1133 1000 1162 sin-

257 1173 352 1202 ceriter
364 1172 547 1213 praedicando.
565 1174 606 1202 De
623 1172 756 1212 baptismo
774 1173 893 1201 lucratus
905 1178 944 1201 est
957 1183 999 1202 se·

256 1212 376 1242 cundum
397 1212 497 1242 Christi
519 1213 640 1252 regulam
664 1211 832 1251 baptizando,
857 1218 883 1241 et
905 1211 1002 1251 dignos

256 1252 327 1281 filios
337 1263 399 1282 cum
410 1252 516 1291 judicio
528 1251 654 1281 Ecclesiae
669 1251 842 1290 acquirendo.
855 1253 896 1281 De
914 1252 1000 1281 sacri—

255 1291 317 1320 ficio
331 1291 476 1330 acquisivit
486 1291 631 1331 justitiam,
647 1298 701 1329 taJn
720 1291 850 1320 mundum
863 1298 888 1320 et
902 1291 998 1321 imma-

254 1331 374 1360 culatum
388 1331 549 1360 sacrificium
578 1331 660 1371 opulo
674 1330 819 1367 offerendo,
836 1338 861 1360 et
875 1342 923 1370 pro
938 1342 1000 1371 pec-

255 1371 320 1400 catis
334 1371 428 1411 populi
450 1343 597 1400 exorantlb.
614 1372 662 1400 17.
678 1371 818 1400 Similiter
837 1377 864 1399 et
883 1371 935 1400 ille
949 1373 1000 1411 qui

1022 219 1042 244 Λ
1059 227 1113 246 non
1126 224 1166 246 est
1177 216 1306 247 diaconus
1320 224 1367 247 aut
1380 218 1513 250 sacerdos.
1530 220 1604 260 Ergo
1617 219 1645 249 in
1656 219 1803 252 sacerdoti-

1057 256 1109 286 bus
1122 255 1232 295 quidem
1253 263 1280 286 et
1292 256 1414 288 diaconis
1427 269 1479 288 non
1494 266 1533 289 est
1546 260 1671 290 inventus
1692 267 1723 291 ut
1735 272 1802 302 per-

1057 295 1104 325 dat
1117 297 1226 333 talenta,
1241 296 1288 335 qui
1300 297 1448 327 secundum
1460 300 1652 338 praescientiam
1662 300 1804 332 ordinatur

1058 346 1073 364 a
1087 337 1155 364 Deo.
1172 337 1206 364 In
1230 336 1408 375 popularibus
1431 345 1520 368 autem
1543 339 1650 377 evenit»,
1666 341 1802 379 quomodo

1057 375 1137 403 etiam
1151 375 1198 414 qui
1211 382 1332 414 peccator
1343 377 1451 406 futurus
1461 385 1511 413 est,
1525 389 1541 408 a
1554 380 1611 408 Deo
1623 380 1726 420 accepit
1738 381 1803 410 fidei

1058 414 1182 453 gratiam.
1200 414 1356 444 Secundum
1378 416 1436 446 haec
1457 427 1522 457 ergo
1543 428 1604 458 quae
1626 418 1764 456 diximus,
1778 421 1802 450 si

1058 454 1198 499 presbyter
1211 461 1258 483 aut
1271 453 1400 485 diaconus
1417 464 1539 496 peccator
1558 457 1685 488 inventus
1698 459 1779 490 fuerit
1793 472 1800 488 :

1058 504 1186 562 {uoniam
1200 501 1331 533 quantum
1345 495 1380 524 ad
1393 497 1588 536 praescientiam
1600 497 1651 527 Dei
1661 498 1803 538 (sicutjam

1079 533 1263 570 iximus)non
1284 545 1319 563 ex
1339 535 1475 571 Deo,⁴oed
1488 547 1523 566 ex
1540 537 1696 567 hominibus
1715 539 1801 568 sactus

1059 572 1167 603 videtur
1180 573 1320 614 presbyter
1328 581 1375 604 aut
1387 575 1528 614 diaconus,
1538 576 1615 616 quasi
1629 577 1715 607 laicus
1727 578 1802 608 inve-

1059 612 1132 641 nitur
1145 613 1215 642 inter
1235 623 1280 642 eos
1302 615 1350 652 qui
1364 625 1447 644 unum
1461 616 1591 646 talentum
1614 617 1678 646 fidei
1691 627 1801 658 accepe—

1058 658 1132 681 runt.
1149 654 1187 681 Ac
1200 663 1248 692 per
1261 652 1312 683 hoc
1325 663 1403 684 nemo
1415 655 1555 686 ordinatus
1577 666 1591 685 a
1617 657 1674 686 Deo
1691 664 1798 697 peccat,

1058 691 1109 720 nisi
1133 698 1162 720 ut
1176 693 1223 731 qui
1249 703 1333 722 unum
1355 694 1485 725 talentum
1510 695 1612 736 accepit
1624 707 1639 725 a
1653 697 1721 726 Deo.
1736 696 1801 727 Ideo

1057 738 1146 760 autem
1159 734 1244 772 gratia
1258 732 1321 762 fidei
1334 735 1460 764 omnibus
1473 745 1488 764 a
1502 737 1559 765 Deo
1572 742 1725 776 praestatur,
1738 747 1800 777 gra-

1058 770 1094 799 tia
1102 778 1191 801 autem
1201 772 1342 803 clericatus
1353 784 1405 804 non
1417 775 1553 812 omnibus,
1563 775 1609 805 sed
1618 775 1708 822 dignis
1719 789 1725 805 ε
1736 777 1800 815 quia

1022 819 1039 842 B
1058 810 1083 839 in
1098 810 1145 839 illa
1157 822 1238 841 causa
1251 812 1346 842 salutis
1360 821 1415 851 est,
1432 814 1460 844 in
1474 814 1523 844 ista
1535 822 1624 845 autem
1635 815 1800 856 dispensatio

1056 850 1188 895 mysterii.
1203 853 1273 882 Nam
1291 859 1317 881 et
1339 854 1530 893 paterfamilias
1544 866 1675 885 annonam
1689 855 1800 895 quidem

1058 891 1184 920 omnibus
1204 891 1288 922 servis
1311 900 1435 932 praestat,
1450 895 1555 933 negotia
1575 902 1664 925 autem
1684 906 1732 925 sua
1745 905 1798 925 non

1055 930 1181 960 omnibus
1207 932 1360 962 committit.
1385 934 1533 964 Abscondit
1556 942 1646 964 autem
1667 935 1798 966 talentum
1831 953 1901 975 Taten

1056 970 1178 1000 suumin
1199 978 1287 1008 terra,
1307 973 1355 1012 qui
1378 973 1434 1003 acci
1455 974 1511 1003 iens
1534 974 1656 1004 notitiam
1676 975 1794 1013 Christi,
1807 986 1830 1006 in
1868 989 1904 1006 ter:

1055 1011 1201 1040 contemnit
1214 1011 1298 1041 vitam
1320 984 1487 1053 spiritualem
1496 1036 1503 1049 ,
1524 1021 1550 1044 et
1563 1014 1591 1043 in
1606 1015 1718 1045 terrenis
1731 1016 1794 1046 acti·
1805 1016 1904 1052 ²¹‘⁸,⁶⁰¹²‘¹⁴

1054 1050 1106 1079 bus
1121 1057 1147 1079 et
1159 1050 1265 1081 deliciis
1285 1062 1459 1090 conversans,
1474 1053 1566 1088 obruit
1587 1054 1659 1083 illud
1677 1054 1704 1083 in
1717 1066 1797 1085 carne
1806 1047 1871 1076 ΨΜ·

1054 1100 1114 1127 sua,
1129 1097 1155 1119 et
1167 1091 1398 1122 sollicitudinibus
1418 1093 1513 1122 mundi
1526 1094 1604 1133 quasi
1613 1093 1699 1134 spinis
1713 1095 1797 1130 suffo-

1054 1136 1096 1159 cat
1116 1129 1180 1160 fidei
1194 1141 1248 1160 suae
1266 1131 1385 1169 bonum,
1401 1139 1426 1162 et
1447 1143 1500 1162 non
1519 1133 1582 1163 facit
1595 1134 1723 1164 fructum.
1740 1135 1798 1165 Hoc

1054 1175 1093 1198 est
1103 1170 1186 1207 enim,
1202 1171 1331 1201 talentum
1350 1172 1378 1200 in
1392 1179 1462 1202 terra
1475 1173 1652 1208 abscondere,
1671 1173 1745 1213 quod
1757 1180 1808 1204 est*

1054 1219 1143 1238 semen
1160 1209 1235 1240 verbi
1249 1211 1318 1242 inter
1331 1211 1424 1251 spinas
1443 1213 1583 1243 suffocare.
1600 1213 1746 1244 Sciendum
1758 1221 1799 1245 est

1053 1256 1141 1279 autem
1152 1249 1225 1288 quod
1234 1251 1292 1288 ille,
1305 1252 1353 1290 qui
1363 1251 1430 1281 fodit
1460 1254 1552 1283 ratiam
1565 1263 1641 1282 suam
1651 1253 1678 1282 in
1688 1261 1797 1293 terram,

1053 1298 1106 1318 non
1124 1299 1232 1329 peccare
1244 1291 1386 1331 proponit,
1411 1302 1439 1321 se
1478 1293 1612 1332 justitiam
1633 1303 1685 1322 non
1698 1294 1796 1325 facere.
1900 1315 1904 1328 t

1053 1329 1108 1366 Qui
1119 1329 1190 1358 enim
1201 1337 1302 1370 peccat,
1315 1341 1368 1360 non
1379 1332 1542 1361 abscondere
1551 1331 1662 1362 videtur
1671 1334 1795 1373 gratiam,

1052 1368 1099 1398 sed
1120 1379 1303 1410 corrumpere.
1328 1371 1358 1400 Si
1379 1381 1442 1410 ergo
1466 1373 1495 1401 in
1512 1372 1634 1401 tenebras
1653 1373 1797 1404 exteriores

256 1410 314 1439 duo
329 1411 443 1439 talenta
458 1413 577 1451 accepit,
591 1411 721 1440 lucratus
735 1418 776 1440 est
796 1411 858 1439 alia
875 1411 945 1440 cluo.
966 1411 999 1440 Id
1017 1417 1036 1442 c
1052 1408 1211 1446 mittuntur,
1225 1410 1272 1448 qui
1286 1417 1394 1450 accepto
1407 1411 1490 1440 verbo
1504 1411 1584 1448 fidei,
1600 1412 1743 1442 carnaliter
1754 1414 1797 1443 vi-

256 1457 305 1486 est‚
328 1450 394 1479 duas
412 1450 540 1490 justitias.
562 1452 652 1480 Unam
672 1451 739 1479 bene
758 1450 892 1487 vivendo,
917 1461 999 1489 quam

255 1490 399 1528 acquisivit
411 1501 425 1518 a
441 1490 493 1518 fide
514 1490 615 1519 Christi
629 1502 637 1518 ι
653 1490 763 1519 alteram
786 1490 925 1520 sinceriter
947 1490 999 1519 mi-

256 1529 406 1566 nistrando,
427 1540 508 1568 quam
527 1529 588 1559 fecit
610 1540 644 1558 ex
663 1529 811 1559 ministerio
833 1530 999 1560 diaconatus.

256 1569 304 1598 18.
323 1570 380 1607 Qui
401 1576 499 1598 antem
511 1580 599 1599 unum
616 1571 738 1610 accepit,
754 1571 855 1599 abiens
866 1570 947 1609 fodit
967 1571 1000 1599 in

256 1614 373 1639 terram.
390 1609 511 1638 Primum
526 1609 676 1645 videamus,
696 1616 725 1638 ut
745 1609 812 1648 quid
833 1620 919 1648 ueque
938 1609 998 1646 ille,

256 1648 302 1686 qui
323 1647 378 1678 duo
396 1649 492 1678 talenta
513 1648 618 1685 habuit,
638 1649 808 1678 abscondisse
832 1649 930 1679 talenta
951 1659 999 1678 sua

255 1688 428 1727 proponitur,
441 1699 503 1717 cum
515 1688 593 1717 multi
607 1688 713 1718 diaconi
727 1689 899 1718 inveniantur
917 1689 1001 1718 inuti-

256 1728 311 1756 les:
325 1737 411 1766 neque
431 1728 488 1763 ille,
507 1728 554 1766 qui
568 1729 669 1768 accepit
687 1728 819 1767 quinque,
840 1739 903 1758 cum
920 1728 999 1758 multi

256 1766 377 1796 doctores
390 1768 560 1797 inveniantur
573 1768 692 1804 inutiles,
708 1768 755 1797 sed
773 1768 820 1797 ille
837 1775 940 1798 tantum
952 1768 1000 1807 qui

258 1817 342 1835 unum
353 1807 464 1846 accepit,
478 1807 506 1836 id
517 1814 566 1844 est,
581 1807 699 1847 populus
708 1807 722 1836 ἒ)
737 1807 860 1837 Attende.
876 1810 949 1838 Deus
962 1819 1001 1838 se-

257 1845 378 1875 cundum
397 1847 590 1886 praescientiam
608 1858 695 1884 suam,
710 1847 770 1876 licet
789 1848 854 1877 sciat
871 1848 918 1887 qui
933 1848 1000 1888 justi

249 1885 342 1914 futuri
355 1886 419 1922 sint,
435 1893 460 1915 et
473 1886 519 1925 qui
539 1886 632 1926 injusti
645 1899 651 1915 :
668 1893 753 1915 tamen
766 1897 856 1916 omnes
870 1894 947 1918 vocat
965 1887 1001 1917 ad

257 1924 350 1962 fidem,
370 1926 437 1955 dans
456 1926 494 1955 eis
514 1927 627 1964 gratiam
648 1926 774 1955 credendi
797 1926 823 1955 in
848 1927 998 1964 Christum,

258 1964 332 2002 quod
356 1972 394 1994 est
418 1965 547 1994 talentum
570 1965 648 1994 bonis
674 1965 783 2004 quidem
806 1966 840 1995 ad
868 1967 998 2004 salutem,

258 2003 336 2032 malis
366 2012 454 2034 autem
480 2004 515 2033 ad
542 2004 747 2044 praejudicium,
775 2013 805 2034 ut
828 2006 1000 2036 inexcusabi-

259 2042 297 2072 les
317 2043 393 2073 fiant.
416 2044 542 2073 Diaconis
563 2051 652 2073 autem
679 2051 704 2073 et
725 2045 881 2075 doctoribus
903 2056 999 2075 secun-

257 2082 325 2111 dum
356 2083 558 2121 praevidentiam
587 2094 681 2119 suam,
714 2084 770 2113 illis
795 2085 904 2114 videtur
927 2087 1000 2115 Deus

258 2121 400 2161 injungere
426 2122 605 2151 ministerium
631 2122 786 2153 diaconatus
812 2131 858 2153 aut
885 2125 999 2165 presby-

259 2168 369 2198 teratus,
389 2162 437 2201 qui
457 2168 518 2191 sunt
535 2162 601 2201 justi
618 2175 624 2190 :
645 2163 692 2201 qui
715 2171 803 2192 autem
826 2164 1000 2194 inveniuntur

258 2200 368 2241 injusti,
393 2202 456 2231 illos
482 2202 602 2230 homines
625 2202 762 2231 ordinasse
786 2203 923 2238 videntur,
946 2215 1000 2234 non

177 2246 248 2262 ccxx:
260 2242 343 2271 Deus.
360 2241 402 2270 Ab
423 2241 501 2270 exitu
520 2251 584 2280 ergo
605 2241 644 2269 rei
664 2242 832 2280 cognoscitur
853 2243 900 2282 qui
914 2254 929 2272 a
943 2245 1000 2273 Deo

258 2279 397 2310 ordinatus
408 2288 458 2318 est,
471 2287 498 2309 et
510 2281 558 2319 qui
572 2283 608 2309 ab
620 2280 786 2310 hominibus.
801 2283 856 2318 Qui
870 2283 941 2312 enim
952 2284 1000 2312 mi-

257 2320 399 2349 niSterium
420 2331 500 2350 suum
530 2320 597 2349 bene
621 2322 844 2350 consummaverit
855 2344 863 2358 ‚
889 2330 1000 2361 apparet

256 2360 320 2398 quia
334 2370 368 2389 ex
381 2361 438 2389 Deo
449 2360 534 2389 suerat
547 2359 704 2389 ordinatus:
718 2360 766 2398 qui
778 2367 867 2389 autem
881 2362 1000 2392 ministe-

258 2400 330 2428 rium
341 2410 422 2428 suum
435 2409 488 2428 non
498 2399 566 2428 bene
579 2399 820 2436 consummaverit,
835 2410 869 2428 ex
882 2400 1000 2430 homini—

255 2439 307 2468 bus
321 2439 458 2468 ordinatus
472 2445 521 2468 est.
538 2438 681 2476 Quomodo
692 2445 780 2468 autem
791 2438 900 2477 quidam
914 2450 1000 2469 sacer-

256 2477 333 2508 dotes
346 2489 380 2508 ex
391 2478 547 2508 hominibus
561 2478 729 2514 ordinantur,
741 2479 878 2507 manifeste
892 2479 918 2507 in
931 2479 1001 2509 libro

257 2525 351 2547 octavo
365 2518 505 2548 Canonum
519 2518 704 2564 apostolorum
718 2517 829 2547 dicitur.
844 2518 900 2554 Qui
913 2525 1002 2548 autem

257 2568 290 2587 ex
305 2558 459 2588 hominibus
484 2558 624 2589 ordinatus
641 2564 698 2597 est,
713 2564 844 2598 quantum
863 2557 900 2588 ad
912 2559 1000 2588 Deum

1051 1447 1154 1485 vendo,
1169 1449 1285 1479 fructum
1303 1450 1415 1490 justitia}
1436 1461 1489 1481 non
1516 1450 1636 1480 fecerunt
1653 1464 1659 1481 :
1676 1459 1755 1492 putas
1769 1453 1796 1483 in

1070 1488 1144 1518 uales
1166 1489 1288 1518 tenebras
1300 1496 1362 1518 sunt
1384 1489 1467 1525 ituri,
1483 1490 1531 1529 qui
1554 1491 1645 1531 ipsum
1666 1491 1797 1523 talentum

1050 1499 1115 1557 zdei
1135 1538 1189 1557 suae
1211 1528 1345 1568 peccando
1367 1529 1561 1597 perdiderunt?
1581 1531 1634 1560 Iste
1656 1531 1705 1570 qui
1727 1531 1797 1562 fodit

1051 1567 1180 1597 talentum
1194 1579 1285 1605 suum,
1303 1569 1365 1597 simi
1378 1569 1400 1598 is
1414 1576 1454 1599 est
1466 1570 1622 1609 virginibus
1632 1570 1725 1607 fatuis,
1736 1582 1796 1611 quae

1051 1607 1178 1637 habentes
1202 1608 1338 1648 lampades
1349 1631 1356 1645 ,
1383 1609 1474 1639 oleum
1498 1619 1551 1638 non
1574 1609 1706 1640 habebant
1721 1623 1728 1640 z
1741 1618 1797 1641 tam

1051 1647 1123 1677 enim
1137 1647 1207 1683 illae,
1222 1658 1306 1686 quam
1320 1649 1369 1677 iste
1409 1655 1550 1678 utaverunt
1563 1649 1616 1678 sibi
1629 1649 1666 1679 ad
1681 1650 1796 1680 salutem

1051 1686 1102 1716 hoc
1115 1687 1204 1717 solum
1215 1710 1222 1723 ,
1237 1687 1312 1726 quod
1332 1659 1476 1718 credebant
1494 1689 1523 1718 in
1542 1688 1699 1726 Christum,
1769 1701 1797 1720 se

1051 1727 1185 1757 sufficere.
1197 1728 1267 1757 Nam
1278 1738 1341 1757 vere
1352 1728 1483 1757 talentum
1495 1738 1548 1758 non
1560 1728 1689 1769 perdidit,
1700 1729 1711 1758 i
1743 1737 1794 1767 est,

1051 1766 1156 1796 domini
1180 1767 1239 1804 sui,
1265 1774 1353 1796 tamen
1376 1778 1438 1797 reus
1458 1775 1500 1797 est
1523 1767 1625 1798 damni.
1651 1770 1712 1798 Non
1725 1769 1797 1799 enim

1053 1813 1162 1846 propter
1173 1806 1224 1835 hoc
1238 1807 1327 1836 solum
1339 1807 1523 1846 unusquisque
1533 1807 1564 1837 fit
1575 1807 1755 1847 Christianus,
1767 1816 1798 1839 ut

1053 1846 1088 1875 sit
1101 1846 1270 1876 Christianus
1281 1869 1288 1884 ,
1304 1857 1414 1877 servans
1434 1847 1564 1876 talentum
1577 1847 1642 1877 fidei
1663 1859 1718 1877 suae
1729 1871 1737 1885 ,
1749 1848 1798 1878 sed

1054 1892 1083 1915 ut
1096 1892 1221 1926 operetur
1238 1886 1372 1926 justitiam
1385 1886 1504 1916 Christo.
1520 1887 1596 1917 Sicut
1610 1887 1681 1916 enim
1694 1889 1743 1927 qui
1754 1899 1797 1918 se-

1054 1925 1175 1954 minandi
1188 1935 1269 1955 causa
1282 1926 1415 1966 accipiens
1429 1937 1517 1956 semen
1527 1948 1536 1964 ‚
1551 1933 1670 1967 tempore
1680 1927 1798 1957 semina·
1900 1935 1904 1959 1

1053 1965 1134 1994 tionis
1143 1975 1196 1994 non
1205 1966 1387 2003 seminaverit,
1401 1965 1530 1995 damnum
1543 1966 1606 1996 facit
1617 1967 1727 1997 domino
1737 1977 1797 1997 suo:

1018 2015 1039 2039 n
1053 2005 1103 2034 etsi
1126 2015 1179 2034 non
1204 2005 1353 2045 perdiderit
1386 2016 1474 2035 semen
1483 2029 1490 2042 ,
1514 2013 1554 2036 est
1580 2012 1669 2036 tamen
1694 2014 1798 2037 tantum

1053 2044 1183 2074 damnum
1192 2067 1200 2081 ,
1214 2052 1345 2083 quantum
1357 2052 1460 2085 poterat
1472 2046 1579 2075 lucrum
1597 2045 1699 2081 facere,
1713 2047 1736 2075 si
1749 2057 1799 2086 op-

1117 2094 1168 2113 uno
1177 2091 1296 2129 tempore
1307 2085 1461 2114 seminasset
1473 2097 1480 2114 :
1493 2085 1533 2114 sic
1545 2084 1594 2124 qui
1607 2085 1704 2124 accipit
1716 2085 1798 2115 fidem

1053 2123 1156 2154 Christi
1167 2146 1174 2158 ,
1189 2131 1215 2153 et
1229 2134 1257 2153 ιιι
1270 2124 1323 2153 hoc
1336 2124 1435 2154 saeculo
1448 2123 1630 2154 seminationis
1644 2134 1698 2153 non
1717 2125 1799 2155 fuerit

1053 2163 1318 2203 operatusjustitiam
1327 2186 1335 2201 ,
1350 2164 1401 2193 etsi
1422 2163 1505 2193 fidem
1517 2175 1595 2193 suam
1609 2174 1662 2193 non
1675 2164 1800 2204 perdide-

1053 2204 1099 2239 rit,
1113 2210 1201 2232 tamen
1215 2210 1320 2232 tantum
1332 2203 1443 2233 videtur
1456 2214 1589 2244 peccasse,
1605 2211 1735 2243 quantum
1751 2215 1799 2244 po-

1054 2243 1106 2272 tuit
1114 2243 1247 2282 justitiam
1258 2243 1342 2272 facere
1353 2265 1361 2278 ‚
1373 2243 1460 2272 sinon
1478 2243 1647 2282 neglexisset.
1664 2244 1712 2273 19.
1728 2244 1800 2274 Post

1053 2283 1179 2312 multum
1189 2293 1260 2312 vero
1272 2284 1406 2323 temporis
1414 2285 1499 2312 venit
1507 2283 1641 2312 dominus
1651 2293 1799 2313 servorum

1053 2323 1183 2351 illorum.
1201 2323 1323 2352 Primum
1335 2322 1475 2352 videamus
1486 2333 1569 2361 quare
1583 2323 1689 2352 interim
1702 2323 1799 2353 Domi-

1053 2373 1104 2391 nus
1116 2362 1236 2391 ascendit
1249 2362 1277 2391 in
1291 2363 1403 2398 caelum,
1416 2369 1477 2401 post
1490 2361 1629 2391 modicum
1642 2362 1738 2391 iterum
1753 2373 1799 2392 re-

1052 2412 1181 2431 versurus
1191 2425 1199 2439 ,
1225 2408 1251 2431 et
1272 2411 1378 2442 semper
1403 2412 1466 2430 cum
1490 2402 1587 2431 sanctis
1611 2402 1738 2431 futurus?
1761 2404 1801 2432 Ut

1052 2441 1178 2471 videlicet
1192 2441 1299 2470 absente
1311 2452 1342 2470 eo
1365 2440 1457 2470 fideles
1476 2441 1592 2481 gloriam
1604 2441 1657 2470 sibi
1677 2448 1703 2470 et
1716 2442 1801 2471 vitam

1052 2487 1176 2509 aeternam
1192 2481 1331 2520 acquirant
1344 2491 1394 2520 per
1409 2480 1491 2509 fidem
1510 2487 1537 2510 et
1558 2491 1649 2520 opera.
1669 2482 1801 2510 Praesente

1052 2520 1123 2549 enim
1135 2521 1243 2550 Christo
1255 2530 1303 2550 nec
1315 2520 1413 2550 tentari
1426 2519 1518 2549 fideles
1531 2527 1662 2560 poterant,
1673 2531 1722 2550 nec
1732 2531 1799 2560 pro-

1052 2559 1129 2597 bari,
1145 2559 1167 2589 si
1181 2567 1266 2590 essent
1281 2559 1340 2591 veri
1352 2559 1445 2591 fideles
1462 2571 1468 2589 :
1489 2560 1617 2599 quoniam
1639 2560 1663 2590 si
1681 2560 1716 2589 sit
1729 2571 1801 2601 prae-
