1890 2826
252 258 340 290 patres
351 252 426 288 filiis,
437 263 521 292 neque
533 253 655 293 magistri
664 253 910 296 discipulis,neqne
918 257 992 297 prin-

251 299 323 338 cipes
343 299 459 329 subditis
467 321 474 334 ‚
495 299 543 329 sed
562 310 635 330 acres
657 301 786 331 scelerum
809 303 990 343 exploratores

250 346 406 385 ultoresque
416 357 509 376 sumus
519 369 526 382 ,
541 347 580 376 ad·
588 346 733 376 tribunalia
752 347 886 384 sistimus,
903 349 989 390 plagis

248 392 421 431 subjicimus,
437 393 649 433 correptionibus
670 394 786 430 utimur,
802 395 924 434 nihilque
937 407 989 426 non

247 437 367 477 agimus,
389 446 419 468 ut
439 440 501 468 illos
514 450 530 468 a
548 439 626 469 malis
646 439 802 479 eripiamus.
825 441 905 471 Filiis
924 453 988 472 vero

246 484 344 514 nostris
364 485 523 525 paedagogos
542 485 639 515 damus
648 507 656 522 ‚
671 485 786 525 illosque
798 486 833 516 ad
847 487 987 527 magistros

246 531 376 561 mittimus
385 553 393 567 ,
409 533 494 561 minas
508 532 686 568 intentamus,
702 533 811 563 verbera
825 533 984 573 infligimus,

244 578 381 616 multaque
391 578 444 607 alia
455 578 627 614 adhibemus,
641 585 670 607 ut
682 578 761 618 probi
773 579 898 609 evadant.
910 575 986 618 Quid

243 634 306 662 crgo
327 634 394 663 opus
414 623 554 653 laboribus
563 646 571 661 ,
602 624 782 654 sudoribusve
801 625 836 654 ad
857 625 984 655 virtutem

241 670 436 699 exercendam?
454 671 524 700 Nam
535 670 558 699 si
568 671 621 700 sato
630 670 803 700 constitutum
816 671 868 708 sit,
881 672 983 702 bonum

240 718 295 745 sore
307 717 478 757 quempiam;
491 717 514 746 is
527 717 583 747 sive
603 716 720 746 dormiat
733 724 780 746 aut
791 724 883 747 stertat
894 717 982 748 bonus

238 763 288 792 erit
301 776 307 791 ε
321 764 375 792 imo
389 763 479 803 potius
492 763 579 792 bonus
592 762 639 792 ille
652 762 788 792 vocandus
801 773 853 792 non
864 770 919 800 est,
933 764 981 803 qui

237 819 271 838 ex
283 809 436 839 necessitate
454 809 517 838 talis
537 809 582 838 sit.
595 808 670 846 Quid
690 819 758 848 opus
778 808 917 839 laboribus
933 821 979 840 su-

235 855 382 884 doribusve
400 855 435 884 ad
449 855 595 894 nequitiam
617 854 770 894 fugiendam
780 855 794 884 ἰ)
806 857 877 886 Nam
889 857 912 886 si
925 857 979 887 fato

234 902 408 931 constitutum
418 902 463 938 sit,
475 902 579 931 malum
589 901 646 931 sore
656 902 808 942 quempiam
820 914 828 940 3
844 903 867 932 is
875 903 978 933 etiamsi

233 955 369 977 sexcentas
384 948 477 977 subeat
492 947 623 983 miserias,
639 947 726 976 malus
740 954 827 977 tamen
839 949 906 983 erit;
922 950 976 979 imo

231 1004 283 1022 non
295 994 396 1023 malum
406 1005 468 1023 eum
477 1004 528 1034 par
541 1000 581 1022 est
593 1003 699 1030 vocare,
714 994 760 1032 qui
776 995 929 1024 necessitate
940 995 976 1025 ad

230 1039 259 1068 id
274 1040 436 1080 impellatur.
458 1041 497 1070 Ut
517 1040 589 1069 enim
609 1039 823 1076 daemoniacum,
844 1040 867 1069 si
879 1048 974 1072 contu-

229 1086 322 1115 melias
344 1087 476 1125 proferat,
495 1086 515 1115 si
531 1086 661 1126 percutiat
687 1085 753 1122 (hoc
773 1086 844 1115 enim
864 1098 973 1117 rursum

230 1139 290 1161 utor
303 1133 456 1172 exemplo),
468 1143 519 1161 non
540 1132 763 1162 contumeliosum
784 1133 969 1173 appellamus:

228 1190 280 1208 non
302 1180 351 1219 ipsi
373 1180 474 1219 quippe
495 1180 685 1209 contumeliam
705 1179 884 1210 adscribimus
894 1204 901 1217 ,
924 1182 971 1211 scd

226 1226 355 1255 daemonis
375 1227 522 1256 necessitati
546 1239 552 1254 ε
570 1227 608 1255 sic
627 1236 673 1255 nec
695 1226 864 1265 improbum,
880 1227 902 1256 si
917 1228 970 1258 fato

226 1272 262 1300 ad
273 1272 418 1310 nequitiam
431 1272 597 1311 impellatur,
608 1281 734 1301 vocemus
757 1271 924 1311 improbum;
940 1281 970 1303 ut

226 1328 311 1356 neque
323 1318 437 1357 probum
452 1317 619 1357 appellemus
629 1317 755 1357 probum.
770 1317 875 1347 Etenim
885 1319 908 1347 si
918 1319 969 1348 hoc

224 1365 404 1401 concedatur,
427 1365 515 1393 omnia
537 1370 626 1394 nostra
646 1374 754 1403 pessum
774 1363 871 1400 ibunt;
893 1366 968 1395 nulla

223 1410 273 1440 erit
286 1411 390 1446 virtus,
404 1411 479 1439 nulla
494 1410 612 1448 nequitia
622 1433 629 1445 ‚
645 1419 698 1438 non
709 1417 778 1439 artes
788 1432 795 1445 ,
809 1420 864 1440 non
878 1411 948 1451 leges
958 1435 966 1448 ‚

222 1458 345 1495 nihilque
353 1455 496 1497 ejusmodi.
507 1457 564 1485 Cur
570 1465 650 1495 porro
658 1462 760 1484 tantam
768 1466 861 1485 curam
875 1458 968 1496 aegroti

222 1503 393 1537 adhibemus,
407 1503 533 1543 pecunias
547 1502 735 1542 expendimus,
749 1502 866 1533 medicos
876 1515 965 1534 accer-

221 1550 314 1585 simus,
328 1551 471 1591 pharmaca
486 1549 646 1589 apponimus
657 1572 664 1585 ‚
679 1549 766 1578 ventri
780 1549 967 1580 abstinentiam

220 1596 380 1630 indicimus,
413 1595 634 1634 concupiscentiae
666 1595 778 1624 fraenum
811 1596 966 1637 injicimus?

219 1644 290 1672 Nam
301 1643 322 1671 si
334 1653 369 1672 ex
377 1643 432 1671 fato
445 1641 561 1681 pendent
582 1641 680 1670 sanitas
691 1648 717 1670 et
728 1642 838 1671 morbus
848 1665 855 1679 ,
871 1653 966 1683 super-

220 1689 282 1718 ssuae
295 1696 357 1718 sunt
370 1687 545 1728 pecuniarum
560 1696 696 1726 expensae,
711 1687 864 1726 superfluus
877 1688 965 1718 medi-

219 1745 312 1764 corum
318 1745 394 1770 usus,
403 1743 598 1774 supervacanea
606 1732 721 1762 infirmis
726 1740 846 1762 accurata
853 1734 900 1763 illa
910 1735 965 1764 cibi

220 1782 343 1810 tenuitas.
355 1782 435 1810 Nunc
447 1786 536 1809 autem
546 1785 572 1807 et
585 1789 619 1807 ex
633 1778 676 1807 his
689 1785 715 1808 et
726 1789 760 1808 ex
771 1779 832 1809 aliis
843 1781 963 1810 ostendi-

219 1827 366 1863 mus,nihil
375 1837 469 1856 eorum
482 1836 538 1854 esse
549 1825 728 1864 superfluum.
741 1827 843 1855 Verum
855 1826 964 1857 facessat

218 1871 266 1900 illa
286 1872 333 1900 fati
353 1870 444 1899 fabula
459 1883 467 1900 z
483 1879 544 1898 nam
557 1878 616 1907 quae
630 1868 665 1901 ad
678 1878 725 1898 nos
735 1869 880 1909 pertinent,
893 1871 963 1900 nulli

218 1916 400 1955 subjiciuntur
420 1914 586 1949 necessitati,
597 1913 644 1942 sed
665 1914 754 1943 omnia
764 1937 772 1951 ‚
789 1921 818 1944 ut
830 1914 905 1953 dixi,
919 1927 962 1947 ar-

216 1962 291 1991 bitrii
306 1962 426 1991 libertate
437 1960 534 1990 donata
545 1965 616 1988 sunt.

253 2144 283 2172 4.
308 2143 370 2172 Haec
383 2152 444 2172 cum
458 2141 590 2177 sciamus,
612 2139 722 2174 dilecti,
744 2139 798 2168 imo
819 2141 862 2170 his
878 2142 956 2182 longe

214 2189 292 2227 plura
314 2189 419 2226 (multa
440 2188 512 2217 enim
532 2187 585 2216 alia
605 2186 659 2215 dici
681 2193 808 2225 possent,
831 2187 876 2217 sed
897 2188 955 2219 haee

212 2240 290 2262 crunt
303 2232 510 2272 sapientioribus
530 2231 629 2266 satis),
645 2230 780 2269 fugiamus
794 2231 951 2270 nequitiam,

210 2278 356 2319 diligamus
375 2279 518 2313 virtutem,
541 2284 572 2306 ut
588 2287 622 2305 ex
642 2276 723 2304 rebus
743 2275 809 2314 ipsis
829 2277 952 2306 ostenda-

208 2336 286 2362 mus,
304 2335 352 2354 nos
372 2324 508 2354 liberanti
523 2323 558 2352 ad
571 2333 601 2351 ea
615 2333 674 2361 quae
696 2321 800 2361 placent
819 2322 930 2352 arbitrio
941 2347 949 2360 ‚

205 2381 238 2400 ne
251 2370 448 2400 confundamur
468 2369 516 2398 illo
536 2368 598 2404 die,
620 2378 674 2406 quo
690 2366 857 2406 singulorum
870 2378 949 2407 opera

50 2424 73 2439 2.
89 2419 139 2442 Cor.
154 2421 175 2445 5.
204 2417 404 2447 revelabuntur.
436 2416 542 2444 Omnes
571 2416 648 2442 enim
683 2423 734 2442 nos
764 2413 950 2452 manifestari

202 2471 312 2502 oportet
333 2470 403 2492 ante
424 2461 554 2491 trIbunal
573 2461 690 2495 Christi,
702 2466 731 2488 ut
740 2459 778 2488 ait
792 2459 902 2495 Paulus,
915 2468 948 2490 ut

594 191 610 215 S
617 207 623 215 .
651 192 791 218 JOANNIS
817 194 1001 220 cmwsosa'.

1032 197 1173 222 ARCHIEP
1179 215 1186 223 .
1215 201 1366 225 CONSTAN
1372 204 1486 227 ΤΙΝΟΡ.

1046 259 1117 289 ἔστιν
1128 261 1256 301 ἀνάγκης,
1268 262 1311 292 διὰ
1324 265 1402 308 τοῦτο
1413 265 1443 293 οὗ
1455 265 1682 306 συγγινώσκομεν,
1697 268 1755 298 οὔτε
1770 270 1815 298 δι-

1045 306 1141 336 σπόται
1158 307 1280 344 οἰκέταις,
1295 308 1355 339 οὔτε
1369 310 1461 350 ἄνδρες
1473 311 1604 351 γυναιξὶν,
1618 313 1678 343 οὔτε
1695 319 1818 354 γυναῖκες

1045 351 1178 391 ἀνδράσιν,
1193 353 1253 383 οὔτε
1270 354 1382 395 πατέρες
1395 356 1486 386 παισὶν
1496 380 1504 392 ,
1522 357 1582 388 οὔτε
1596 358 1748 390 διδάσκαλοι
1761 373 1815 399 μα-

1043 399 1151 434 θηταῖς,
1169 398 1229 429 οὗτε
1247 399 1371 440 ἄρχοντες
1389 398 1558 442 ἀρχομένοις,
1573 403 1641 434 ἀλλὰ
1659 405 1749 445 πικροὶ
1761 407 1816 435 τῶν

1042 445 1246 484 τετολμημένων
1263 445 1401 480 ἐξετασταὶ
1419 448 1464 477 καὶ
1485 449 1596 490 τιμωροὶ
1615 450 1756 490 γινόμεθα,
1769 452 1816 482 καὶ

1007 491 1024 514 Β
1042 489 1200 530 δικαστήρια
1214 492 1464 532 καταλαμβάνομεν,
1479 492 1524 524 καὶ
1537 496 1652 535 πληγαῖς
1665 497 1815 527 ὖποὸάλλο-

1041 547 1088 573 μεν
1098 558 1105 571 ,
1121 536 1166 566 καὶ
1185 538 1355 576 ἐπιτιμήσεσι
1371 539 1498 579 χρώμεθα
1507 562 1515 576 ,
1534 541 1579 571 καὶ
1593 541 1681 572 πάντα
1695 543 1813 584 πράττειὲ

1039 593 1096 620 μεν,
1111 582 1182 616 ὅπως
1201 584 1395 624 ἀπαλλάξωμεν
1412 586 1506 620 αὐτοὺς
1519 589 1570 617 τῶν
1590 590 1690 618 κακῶν.
1706 590 1771 623 Τοῖς
1784 590 1812 620 δὲ

1037 627 1114 657 παισὶ
1134 633 1188 661 τοῖς
1210 629 1349 669 ἡμετέροις
1369 630 1415 660 καὶ
1440 633 1625 673 παιδαγωγοὺς
1647 636 1813 675 ἐφιστῶμεν,

1036 673 1081 702 καὶ
1095 675 1131 707 εἷς
1152 674 1324 709 διδασκάλους
1337 675 1490 716 πέμπομεν,
1511 677 1557 708 καὶ
1572 680 1682 714 ἀπειλὰς
1700 682 1810 721 προστί-

1035 720 1128 758 θεμεν,
1143 719 1188 749 καὶ
1212 720 1345 760 μάστιγας
1369 722 1535 762 ἐπιτίθεμεν,
1554 724 1600 754 καὶ
1622 725 1709 756 πολλὰ
1733 726 1811 768 ἔτερα

1036 765 1193 804 βοηθήματα
1207 766 1388 806 προσάγομεν,
1402 767 1445 798 ἵνα
1460 769 1537 799 καλοὶ
1550 770 1685 809 γένωνται.
1700 772 1750 806 Τίς
1765 769 1810 809 οὖν

1031 811 1109 851 χρεία
1123 811 1208 841 πόνων
1223 812 1268 841 καὶ
1287 813 1405 853 ἱδρώτων
1421 814 1486 855 πρὸς
1499 815 1529 845 τὸ
1541 821 1685 857 κατορθοῦν
1696 819 1808 859 ἀρετήν,

1033 858 1067 886 Εἰ
1080 856 1132 898 γὰρ
1145 857 1270 898 εἵμαρταί
1289 871 1341 888 τινι
1358 860 1479 899 γενέσθαι
1498 861 1594 900 καλὸν,
1609 863 1655 893 καὶ
1674 864 1808 895 καθεύδων

1031 904 1045 931 ὁ
1057 905 1172 936 τοιοῦτος
1185 903 1231 932 καὶ
1246 903 1347 944 ρέγχων
1370 905 1447 935 ἔσται
1464 906 1560 940 καλός·
1583 909 1684 948 μᾶλλον
1706 909 1734 940 δὲ
1748 911 1808 941 οὐδὲ

1031 948 1111 977 καλὸν
1124 948 1167 978 τὸν
1182 949 1298 979 τοιοῦτόν
1310 951 1382 979 ἐστιν
1395 952 1487 988 εἰπεῖν,
1502 952 1547 982 τὸν
1561 953 1588 987 ἐξ
1601 954 1717 994 ἀνάγκης
1729 958 1808 986 τοῦτο

1029 994 1177 1033 γινόμενον.
1203 994 1252 1028 Τίς
1265 996 1343 1036 χρεία
1365 997 1452 1027 πόνων
1475 998 1520 1027 καὶ
1542 999 1660 1039 ἱδρώτων
1684 1000 1750 1040 πρὸς
1773 1003 1804 1032 τὸ

1016 1039 1132 1080 φεύγειν
1144 1040 1253 1077 κακίαν;
1266 1043 1299 1072 Ei
1309 1041 1362 1082 γὰρ
1375 1042 1500 1083 εἵμαρταί
1513 1056 1566 1074 τινι
1576 1045 1698 1085 γενέσθαι
1711 1047 1803 1084 κακὸν,

1027 1085 1075 1115 κᾶν
1097 1086 1178 1126 μυρία
1196 1088 1367 1128 ταλαιπωρῇ,
1386 1089 1467 1122 κακὸς
1481 1089 1570 1119 ἔσται·
1585 1092 1685 1130 μᾶλλον
1698 1092 1726 1122 δὲ
1743 1094 1804 1124 οὐδὲ

1026 1132 1106 1162 κακὸν
1120 1133 1164 1162 τὸν
1177 1134 1295 1163 τοιοῦτόν
1307 1135 1378 1164 ἐστιν
1391 1136 1484 1173 εἰπεῖν,
1496 1136 1541 1166 τὸν
1553 1139 1598 1167 ὑπ’
1612 1138 1730 1178 ἀνάγκης
1739 1140 1804 1180 πρὸς

1023 1181 1100 1208 τοῦτο
1120 1179 1282 1218 ὠθούμενον.
1306 1179 1410 1220 Ὥσπερ
1424 1180 1476 1221 γὰρ
1494 1182 1539 1212 τὸν
1559 1183 1740 1223 δαιμονῶντα,
1754 1186 1803 1216 κᾶν

1023 1226 1143 1265 λοιδορῇ,
1157 1225 1210 1255 κᾶν
1229 1226 1316 1266 τύπτῃ
1331 1227 1431 1266 (πάλιν
1444 1227 1495 1268 γὰρ
1516 1229 1554 1269 τῷ
1574 1230 1646 1270 αὐτῷ
1666 1230 1802 1271 κέχρημαι

1023 1271 1253 1310 παραδείγματι),
1277 1272 1306 1301 οὔ
1329 1275 1508 1312 προσεροῦμεν
1537 1274 1665 1314 ὗὸριστήν
1676 1288 1683 1294 ·
1696 1278 1726 1306 οὗ
1751 1278 1802 1318 γὰρ

1023 1317 1095 1356 αὐτῷ
1107 1317 1263 1355 λογιζόμεθα
1277 1317 1326 1353 τὴν
1343 1318 1484 1358 λοιδορίαν,
1504 1319 1573 1350 ἀλλὰ
1589 1322 1622 1359 τῇ
1637 1321 1738 1362 ἀνάγκῃ
1753 1326 1799 1353 τοῦ

1024 1362 1147 1400 δαίμονος
1159 1375 1165 1381 ·
1183 1362 1252 1392 οὕτω
1272 1363 1317 1392 καὶ
1338 1363 1383 1392 τὸν
1400 1364 1490 1402 κακὸν,
1505 1367 1527 1395 εἰ
1546 1366 1596 1396 ὑπὸ
1609 1369 1656 1403 τῆς
1668 1369 1801 1409 εἱμαρμέ-

1021 1420 1068 1444 νης
1081 1409 1189 1438 ὠθεῖται
1203 1408 1268 1448 πρὸς
1290 1411 1383 1444 τοῦτο,
1402 1410 1442 1448 μὴ
1461 1412 1587 1451 καλῶμεν
1610 1413 1688 1443 αὐτὸν
1701 1415 1798 1452 κακὸν,

1021 1454 1112 1495 ὥσπερ
1123 1454 1182 1484 οὐδὲ
1193 1455 1238 1484 τὸν
1250 1455 1330 1485 καλὸν
1342 1456 1432 1485 καλόν.
1446 1456 1501 1486 Καὶ
1509 1457 1560 1498 γὰρ
1573 1460 1596 1488 εἰ
1608 1461 1684 1489 τοῦτο
1699 1461 1797 1498 δοθείη,

1021 1500 1109 1530 πάντα
1129 1501 1324 1541 συγχυθήσεται
1344 1502 1377 1531 τὰ
1392 1501 1452 1532 καθ’
1464 1505 1551 1541 ἡμᾶς,
1573 1504 1618 1534 καὶ
1641 1504 1700 1535 οὔτε
1715 1507 1796 1546 ἀρετὴ

987 1552 1005 1575 D
1020 1545 1094 1575 ἔσται
1108 1559 1149 1582 τι,
1165 1546 1225 1576 οὔτε
1239 1547 1335 1584 κακία,
1349 1549 1378 1576 οὐ
1393 1547 1500 1587 τέχναι,
1515 1550 1544 1578 οὐ
1567 1549 1657 1589 νόμοι,
1674 1553 1722 1581 οὒκ
1732 1553 1798 1582 ἄλλο

1021 1593 1074 1620 τῶν
1088 1592 1212 1622 τοιούτων
1226 1592 1311 1621 οὐδέν.
1328 1593 1406 1627 Τίνος
1420 1593 1447 1622 δὲ
1464 1593 1550 1623 ἕνεκεν
1563 1595 1680 1632 σπουδὴν
1694 1597 1797 1634 πολλὴν

1018 1638 1165 1677 ποιούμεθα
1173 1641 1318 1675 νοσοῦντες,
1329 1638 1375 1668 καὶ
1384 1639 1513 1679 χρήματα
1522 1641 1690 1681 δαπανῶμεν,
1700 1643 1746 1672 καὶ
1755 1645 1796 1674 ἷα-

1019 1683 1095 1724 τροὺς
1107 1685 1248 1723 καλοῦμεν,
1259 1684 1303 1713 καὶ
1314 1684 1443 1725 φάρμακα
1453 1685 1613 1725 ἐπιτίθεμεν,
1624 1687 1670 1717 καὶ
1681 1690 1796 1730 γαστρὸς

1019 1729 1183 1769 κατέχομεν,
1204 1728 1250 1758 καὶ
1275 1729 1415 1768 ἐπιθυμίαν
1439 1730 1598 1770 κολάζομεν;
1626 1733 1659 1762 Εἰ
1681 1733 1732 1773 γὰρ
1746 1736 1798 1770 τῆς

1018 1775 1180 1815 εἱμαρμένης
1201 1775 1316 1815 ἤρτηται
1335 1776 1381 1805 καὶ
1401 1775 1485 1815 ὑγίεια
1501 1777 1547 1806 καὶ
1565 1777 1656 1815 νόσος,
1679 1780 1793 1820 περιττὰ

1017 1824 1070 1850 τῶν
1087 1821 1234 1862 χρημάτων
1253 1821 1287 1850 τὰ
1302 1821 1480 1860 ἀναλώματα,
1493 1824 1604 1863 περιττὴ
1623 1826 1675 1854 τῶν
1695 1826 1791 1865 ἰατρῶν

1016 1870 1033 1903 ἡ
1049 1868 1156 1904 εἴσοδος,
1168 1867 1279 1907 περιττὴ
1293 1869 1340 1903 τῆς
1353 1869 1404 1896 τῶν
1413 1868 1559 1898 νοσούντων
1573 1870 1675 1907 διαίτης
1685 1873 1702 1907 ἡ
1718 1872 1793 1911 ἀκρί-

1016 1914 1046 1943 δε
1051 1926 1085 1943 ια.
1095 1915 1151 1944 Νῦν
1164 1913 1192 1943 δὲ
1202 1912 1270 1952 μετὰ
1279 1915 1331 1942 τῶν
1343 1913 1431 1942 ἄλλων
1440 1913 1485 1943 καὶ
1496 1915 1525 1944 ἐκ
1534 1915 1634 1945 τούτων
1645 1917 1788 1956 δηλοῦμεν,

1015 1957 1054 1987 ὅτι
1068 1957 1142 1987 οὐδὲν
1157 1958 1242 1986 αὐτῶν
1257 1956 1380 1996 περιττόν
1399 1958 1480 1987 ἐστιν.
1495 1959 1566 1987 Ἀλλ’
1592 1958 1694 1999 οἴχεται
1709 1961 1758 1999 μὲν
1774 1964 1789 1990 ὁ

979 2010 998 2033 Ε
1013 2006 1060 2039 τῆς
1072 2001 1233 2042 εἱμαρμένης
1252 2003 1345 2039 μῦθος·
1366 2001 1476 2041 οὐδεμιᾷ
1488 2001 1540 2041 γὰρ
1553 2003 1654 2043 ἀνάγκῃ
1669 2004 1704 2033 τὰ
1726 2008 1785 2035 καθ’

1013 2050 1085 2086 ἡμᾶς
1107 2046 1258 2076 ὑπόκειται·
1278 2045 1365 2074 πάντα
1383 2045 1427 2088 δὲ,
1451 2045 1538 2079 καθὼς
1559 2046 1637 2086 ἔφην,
1651 2048 1785 2089 ἐλευθερία

1011 2091 1151 2130 τετίμηται
1165 2090 1354 2130 προαιρέσεως.

1051 2137 1137 2167 Ταῦτ’
1147 2132 1192 2167 οῦν
1203 2137 1308 2172 εἰδότες,
1317 2135 1457 2176 ἀγαπητοὶ,
1466 2136 1511 2165 καὶ
1521 2135 1556 2165 τὰ
1566 2136 1664 2166 τούτων
1675 2138 1784 2168 πλείονα

1009 2183 1111 2224 (πολλὰ
1122 2183 1173 2223 γάρ
1191 2184 1247 2212 ἐστι
1264 2182 1309 2212 καὶ
1321 2182 1389 2211 ἄλλα
1403 2182 1464 2222 περὶ
1486 2181 1585 2211 τούτων
1600 2185 1699 2218 εἰπεῖν,
1714 2185 1783 2214 ἀλλὰ

1008 2235 1062 2264 τοῖς
1081 2229 1264 2269 συνετωτέροις
1286 2230 1361 2269 ἀρκεῖ
1381 2230 1498 2264 ταῦτα),
1523 2228 1647 2268 φύγωμεν
1667 2230 1779 2267 κακίαν,

1007 2276 1127 2315 ἑλώμεθα
1141 2275 1251 2314 ἀρετὴν,
1270 2274 1313 2304 ἵνα
1331 2274 1455 2312 δείξωμεν
1469 2275 1511 2304 διὰ
1526 2276 1578 2304 τῶν
1597 2274 1761 2315 πραγμάτων
1771 2300 1779 2312 ,

1007 2323 1047 2352 ὅτι
1061 2321 1225 2356 αὐτεξούσιον
1245 2321 1341 2361 ἔχομεν
1361 2320 1425 2360 πρὸς
1444 2321 1476 2350 τὰ
1498 2322 1624 2351 δοκοῦντα
1641 2321 1689 2358 ἰ-ἡν
1709 2323 1779 2361 γνώ-

1007 2380 1069 2407 μην,
1083 2367 1125 2397 ἵνα
1149 2367 1186 2406 μὴ
1207 2369 1442 2406 καταισχυνθῶμεν
1465 2368 1492 2395 ἐν
1506 2369 1540 2406 τῇ
1562 2367 1650 2407 ἡμέρᾳ
1663 2369 1711 2403 τῆς
1724 2371 1778 2398 τῶν

1004 2414 1087 2453 ἔργων
1101 2412 1299 2452 ἀποκαλύψεως.
1315 2411 1384 2446 Τοὺς
1398 2412 1450 2452 γὰρ
1461 2412 1562 2446 πάντας
1572 2415 1643 2451 ἡμᾶς
1656 2424 1776 2454 φανερω-

1003 2462 1080 2494 Οῆναι
1091 2460 1128 2488 δεῖ
1140 2458 1287 2499 ἔμπροσθεν
1299 2461 1345 2487 τοῦ
1359 2458 1479 2498 βήματος
1489 2461 1534 2487 τοῦ
1549 2460 1674 2498 Χριστοῦ,
1687 2460 1775 2495 καθώς

199 2511 309 2550 referat
323 2512 533 2549 unusquisque,
544 2513 630 2548 prout
643 2507 739 2547 gessit,
752 2507 813 2536 sive
825 2509 943 2543 bonum,
955 2534 991 2555 29²
1002 2518 1080 2545 φησιν
1106 2508 1119 2534 ὁ
1145 2506 1265 2541 Παῦλος,
1289 2504 1333 2534 ἵνα
1360 2504 1505 2543 κομίσηται
1529 2504 1639 2538 ἕκαστος
1664 2506 1730 2545 πρὸς
1755 2507 1773 2536 ἃ

198 2561 258 2587 sive
270 2559 390 2587 malum.
413 2555 564 2593 Tribunal,
583 2565 689 2593 quaeso,
712 2552 782 2582 illud
803 2553 942 2583 nobiscum
962 2563 981 2585 Α
999 2551 1127 2591 ἔπραξεν,
1142 2550 1193 2579 εἴτε
1211 2551 1322 2590 ἀγαθὸν,
1337 2550 1391 2580 εἴτε
1410 2550 1500 2580 κακόν.
1519 2550 1666 2589 Λάὸωμεν,
1681 2563 1770 2592 παρα-

194 2611 348 2643 rcputemus
358 2627 366 2639 ,
380 2604 455 2642 quasi
468 2603 523 2642 jam
533 2601 651 2638 adesset,
662 2599 805 2638 Judexque
818 2598 919 2628 sederet
932 2622 939 2636 ‚

999 2599 1085 2633 καλῶ,
1101 2597 1168 2626 κατὰ
1186 2600 1245 2626 νοῦν
1257 2599 1340 2626 ἐκεῖνο
1351 2597 1381 2626 τὸ
1394 2596 1577 2636 δικαστήριον,
1591 2598 1636 2627 καὶ
1650 2598 1768 2638 νομίσω-
