1890 2826
601 183 643 205 DE
670 181 777 204 MUNDI
804 180 1013 210 cnuuuomz,
1041 179 1146 202 ORAT.
1177 180 1222 202 Vl.

133 251 234 291 γίνεσθε
247 248 370 287 πολέμιοι
382 250 428 277 τοῦ
447 248 527 278 Θεοῦ.
547 243 694 283 Ἐπιθυμία
712 238 757 272 οὖν
775 244 823 278 τῆς
846 242 900 270 ἶσο-

132 297 202 329 θεΐας
221 297 311 335 ἀπατᾷ
331 294 380 331 τὴν
401 297 528 334 γυναῖκα,
549 290 659 325 κάκείνη
683 289 727 319 τὸν
748 288 830 328 ἄνδρα
852 289 901 317 οὐκ

131 344 233 382 ἀπατᾷ,
248 340 317 371 ἀλλὰ
337 340 430 370 πείθει.
450 338 503 368 Καὶ
523 340 651 378 μαρτυρεῖ
671 336 778 368 Παῦλος
798 333 883 374 λέγων
895 346 901 352 ·

133 388 217 427 Ἀδὰμ
228 388 276 417 οὐκ
294 385 498 422 ἠπατήθη.,Καὶ
512 383 556 414 διὰ
574 383 600 413 τί
615 381 774 422 κατεκρίθης
786 380 858 421 Ὅρα
872 379 902 409 τὸ

134 433 226 464 δεινόν.
247 433 283 463 Ἡ
303 433 369 473 γυνὴ
385 433 552 468 ἀπατηθεῖσα
573 430 669 470 ἔφαγε·
683 427 769 458 πείθει
789 425 857 467 μετὰ
872 425 903 455 τὸ

134 484 226 520 φαγεῖν
237 480 282 509 καὶ
295 479 340 509 τὸν
353 479 436 518 ἄνδρα
444 500 456 514 ‚⁷
475 476 518 506 ἵνα
538 476 576 515 μὴ
598 475 664 515 μόνη
687 475 836 514 &arpa-iffi·
857 471 902 501 καὶ

134 526 249 563 ἔπεισεν,
265 527 313 556 οὔκ
325 524 477 561 ἠπάτησεν·
497 519 551 553 οἷον
563 522 664 562 γίνεται
685 519 732 550 καὶ
747 521 792 549 νῦν
803 516 904 548 πολλά-

133 585 182 606 κις.
196 567 276 602 Οἶδεν
289 571 424 611 ἄνθρωπος
443 569 492 606 τὴν
513 569 601 599 πίστιν
609 590 620 604 ,
634 569 727 607 ἀγαπᾷ
748 565 792 595 τὸν
806 564 886 603 νόμον
896 586 903 599 ,

133 620 208 655 ζηλοῖ
227 618 274 654 τὴν
296 616 443 657 ὄρθοδοξίαν
453 638 461 652 ,
475 616 520 645 καὶ
542 614 661 645 πείθεται
682 614 715 652 τῇ
730 611 850 651 γυναικὶ,
867 609 904 649 μὴ

135 664 218 698 δεῖξαι
236 664 280 693 τὸν
302 664 379 699 ζῆλον
388 686 396 699 ,
410 664 457 692 οὐκ
480 662 579 701 ἀγνοῶν
600 659 648 696 τὴν
673 657 798 694 ἀλήθειαν
807 680 815 694 ,
837 655 906 686 ἀλλὰ

137 711 289 750 πειθόμενος
312 712 346 749 τῇ
368 708 484 748 συμὸίῳ.
507 706 607 736 Πολλοὶ
626 704 677 745 γὰρ
701 703 825 743 ἐνόμισαν
834 725 842 739 ,
866 703 907 732 ὅτι

138 758 239 796 ἀγνοῶν
253 758 268 785 ὁ
280 754 364 794 Ἀδὰμ
383 754 462 784 ἔλαὸε
475 753 548 793 παρὰ
561 753 610 788 τῆς
621 750 758 791 γυναικὸς,
773 750 820 779 οὖκ
833 747 908 781 εἰδὼς

138 801 218 831 πόθεν
230 802 314 841 ἤγαγε
326 800 371 830 τὸν
380 799 489 839 καρπόν.
501 798 571 828 Ἀλλ’
582 798 630 827 οὐκ
644 797 701 837 ἔχει
721 795 864 834 ἀπολογίαν
874 805 880 812 ·
895 796 909 823 ὃ

139 847 190 888 γὰρ
198 848 266 881 Θεὸς
274 847 389 887 ἐλέγχει,
397 845 482 885 λέγων
490 845 571 884 αὐτῷ·
580 843 644 874 Ὅτι
650 843 818 879 ἤκουσαςτῆς
824 843 910 881 φωνῆς

139 895 187 929 τῆς
199 893 320 933 γυναικός
333 903 389 922 σου.
401 891 455 922 Καὶ
473 891 521 920 οὖκ
533 885 616 927 εἶπεν,
630 888 721 925 ἐπειδὴ
736 888 828 921 ἔλαθες
837 888 910 927 παρὰ

139 941 188 976 τῆς
199 939 320 979 γυναικός
333 950 381 968 σου
393 950 399 956 ·
418 937 464 967 καὶ
480 936 532 975 μὴν
551 936 666 972 ἠδύνατο
677 936 773 970 εἰπεῖν,
785 932 910 973 ἠγνόουν,

140 987 188 1016 οὐκ
198 986 271 1026 ᾔδειν
284 984 363 1015 πόθεν
377 984 472 1023 ἤνεγκε
485 983 530 1012 τὸν
544 982 655 1022 καρπόν.
669 981 711 1011 Τὸ
729 981 852 1019 ἔγκλημα
865 982 911 1008 τοῦ

140 1030 242 1071 ἀνδρὸς,
252 1031 303 1070 οὐχ
312 1029 354 1059 ὅτι
366 1028 502 1064 ἠπατήθη,
517 1028 575 1056 ἀλλ’
590 1026 631 1056 ὅτι
644 1024 795 1061 ἐδελεάσθη.
809 1022 911 1053 Ἔλθω-

142 1088 191 1115 μεν
203 1076 295 1106 λοιπὸν
317 1075 361 1105 ἐπὶ
374 1074 406 1103 τὸ
420 1073 602 1113 δικαστήριον·
622 1072 720 1111 ἴδωμεν
739 1070 773 1099 τὰ
792 1069 913 1108 ὑπομνή-

143 1133 217 1161 ματα
234 1121 270 1150 τὰ
283 1123 378 1161 πρῶτα
395 1120 428 1150 τὰ
439 1119 483 1149 ἐπὶ
495 1120 544 1155 τῆς
557 1119 633 1159 ἁγίας
644 1118 745 1153 ἐκείνης
755 1115 802 1146 καὶ
814 1114 912 1145 ἀδεκά-

143 1165 206 1198 στου
219 1167 294 1204 δίκης
307 1166 353 1197 καὶ
366 1164 551 1206 φιλανθρώπου
570 1164 708 1204 γινόμενα,
729 1162 764 1192 τὰ
780 1161 913 1202 γραφέντα

143 1213 298 1254 γράμμασιν
311 1211 465 1246 ἀθανάτοις,
482 1206 519 1241 ὅν
534 1210 584 1247 τὴν
599 1209 707 1250 μνήμην
722 1208 767 1239 καὶ
787 1208 836 1244 τὴν
853 1207 913 1247 ὄψιν

144 1259 190 1289 καὶ
202 1259 251 1296 τὴν
269 1258 431 1299 φαιδρότητα
450 1257 509 1287 οὐδὲ
528 1261 581 1290 πᾶς
593 1259 608 1286 ὁ
620 1256 685 1286 αἰὼν
698 1256 778 1284 λῦσαι
792 1254 910 1283 δύναται.

144 1303 267 1344 Πρόσεχε
278 1302 379 1332 λοιπόν.
393 1302 522 1338 Ἤκουσε,
537 1301 628 1342 φησὶν,
640 1302 655 1330 ὁ
668 1299 752 1339 Ἀδὰμ
764 1300 811 1334 τ’ἧς
824 1299 913 1338 φωνῆς

144 1349 243 1390 Κυρίου
262 1352 467 1389 περιπατοῦντος
487 1349 518 1378 τὸ
537 1348 646 1378 δειλινὸν
657 1348 685 1376 ἰν
697 1348 735 1387 τῷ
749 1344 913 1386 παραδείσῳ.

145 1395 209 1426 Ἀπὸ
223 1397 269 1425 τοῦ
282 1394 367 1435 ψόφου
380 1395 493 1435 ᾔσθετο,
510 1393 557 1424 καὶ
571 1393 624 1424 ἀπὸ
636 1394 684 1428 τῆς
702 1391 848 1428 συνηθείας.
861 1391 914 1420 Καὶ

146 1442 199 1472 ἀπὸ
208 1443 254 1470 τοῦ
266 1441 367 1471 κτύπου
387 1436 444 1482 εἶχε
462 1440 531 1474 Θεὸς
552 1439 704 1480 φαίνεσθαι;
717 1437 858 1478 Ἐφαίνετο
866 1437 917 1476 οὐχ

145 1489 183 1521 ὥς
201 1483 244 1523 ἧν,
262 1488 321 1516 ἀλλ’
337 1488 376 1519 ’ὥς
395 1485 535 1522 ἠῧοῦλετο.
560 1485 711 1524 Εὐλογητὸς
733 1486 748 1513 ὁ
771 1483 839 1516 Θεὸς
864 1484 916 1511 τῶν

147 1533 238 1573 ἁγίων,
251 1534 291 1562 ὅτι
304 1534 335 1563 τὸ
347 1533 456 1562 δειλινὸν
470 1532 531 1562 τότε
541 1532 585 1562 τὸν
597 1531 680 1570 Ἀδὰμ.
690 1530 863 1570 ἐπεσκέψατο,
874 1529 919 1559 καὶ

148 1582 193 1608 νῦν
203 1579 249 1608 ἐπὶ
262 1581 307 1609 τοῦ
322 1581 436 1618 σταυροῦ
452 1578 484 1608 τὸ
496 1577 614 1607 δειλινόν.
633 1576 687 1606 Καὶ
703 1576 755 1616 γὰρ
775 1577 834 1605 κατ’
849 1575 919 1604 ἐκεί-

150 1637 195 1658 νας
207 1624 255 1658 τὰς
272 1623 343 1665 ὥρας
365 1622 503 1662 ὑπέμεινεν
520 1625 535 1652 ὁ
555 1622 653 1663 Σοτὴρ
667 1621 802 1658 τὸπάθος,
815 1622 874 1650 καθ’
889 1620 920 1653 ἃς

151 1670 294 1700 διετέλεσεν
306 1672 321 1699 ὁ
332 1669 415 1708 Ἀδὰμ
428 1669 481 1699 ἀπὸ
494 1671 539 1698 τοῦ
554 1672 646 1709 φαγεῖν
659 1672 671 1685 “
680 1667 729 1701 ἕως
740 1669 787 1703 τῆς
799 1665 919 1706 παραδοί-

151 1728 216 1749 σεως
226 1715 272 1745 καὶ
291 1717 339 1751 τ’ῆς
352 1715 477 1755 κρίσεως,
495 1714 549 1744 ἀπὸ
567 1713 647 1750 ἕκτης
659 1713 729 1754 ὥρας
741 1712 790 1746 ἕως
803 1711 920 1746 ἐννάτης.

150 1762 242 1801 ‘'Em-31
264 1760 322 1801 ὥρα
345 1761 439 1801 ἔφαγε·
462 1759 548 1790 κανὼν
568 1759 622 1800 γὰρ
641 1759 756 1800 φύσεως·
779 1757 847 1797 μετὰ
872 1757 921 1793 τὴν
941 1773 944 1776 Δ

152 1809 231 1845 ἕκτην
245 1805 392 1847 dumphen.
401 1807 443 1836 Τὸ
455 1805 564 1835 δειλινὸν
575 1802 639 1842 ἦλθε
648 1805 713 1846 πρὸς
727 1803 805 1835 αὐτὸν
819 1806 834 1833 ὁ
843 1803 921 1837 Θεός.

153 1852 336 1892 Ἐπεθύμησεν
350 1852 433 1891 Ἀδὰμ
444 1852 564 1892 γενέσθαι
578 1851 647 1885 θεός·
661 1850 797 1880 ἀδυνάτων
812 1849 839 1880 δὲ
857 1850 921 1878 ἐπε-

153 1899 269 1938 θύμησεν
279 1910 286 1917 ·
308 1898 400 1928 ἔλυσεν
423 1899 503 1927 αὐτοῦ
526 1899 541 1927 ὁ
562 1897 676 1938 Χριστὸς
699 1896 748 1932 τὴν
773 1894 923 1935 ἐπιθυμίαν.

154 1944 343 1984 Ἐπεθύμησας
363 1943 395 1975 σὺ
416 1943 554 1984 γενέσθαι,
571 1942 586 1972 8
608 1944 655 1973 οὐκ
677 1942 778 1979 ἠδύνω·
803 1942 923 1980 ἐπιθυμῶ

154 1991 207 2030 ἐγὼ
219 1983 339 2030 γενέσθαι
352 1989 487 2031 ἄνθρωπος
495 2011 503 2026 ,
521 1989 536 2019 ὃ
549 1988 662 2027 δύναμαι
671 2001 678 2008 ·
693 1987 861 2024 ἀντεσῆκωσε
872 1987 924 2027 γὰρ

155 2038 235 2066 αὐτοῦ
249 2039 264 2066 ὃ
284 2035 352 2070 Θεὸς
365 2039 398 2077 τῇ
413 2036 512 2074 ἀπάτῃ.
530 2034 720 2074 Ἐπεθύμησας
730 2036 783 2064 τῶν
795 2033 862 2074 ὑπὲρ
875 2033 904 2072 σὲ
914 2055 923 2070 ,

1628 166 1693 201 585

921 243 939 267 Β
955 241 1026 271 Cum
1046 240 1132 279 igitur
1154 240 1181 269 in
1201 240 1256 269 inis
1275 239 1402 271 desiderii
1423 240 1558 270 flammam
1582 240 1697 277 videret,

957 286 995 316 ait
1010 297 1017 314 :
1030 287 1123 316 Eritis
1137 288 1210 315 sicut
1221 286 1274 315 dii.
1288 287 1378 324 Nunc,
1388 286 1521 322 homines,
1530 296 1582 315 nou
1591 286 1700 327 potestis

957 343 1062 373 semper
1070 344 1132 362 cum
1147 334 1205 362 Deo
1216 343 1282 362 esse.
1293 332 1324 362 Si
1334 333 1437 362 fueritis
1449 333 1519 362 sicut
1531 331 1585 367 dii,
1597 343 1701 372 semper

956 389 1020 408 cum
1030 378 1079 408 illo
1092 379 1176 408 futuri
1195 378 1269 408 estis.
1287 379 1381 417 Neque
1399 378 1470 409 enim
1491 377 1562 408 dixit
1575 378 1631 408 iuis
1649 391 1655 407 :
1672 380 1701 408 Si

956 424 1136 462 comederitis,
1157 425 1208 454 Dei
1229 424 1318 454 hostes
1334 424 1420 454 critis.
1451 424 1621 454 Desidet-ium
1641 435 1703 463 ergo

958 470 1119 510 aequalitatis
1144 482 1206 501 cum
1226 472 1282 501 Deo
1305 471 1445 501 mulierem
1464 471 1565 511 decipit
1579 481 1588 502 'z
1605 471 1704 510 illaque

956 519 1051 548 virum
1066 528 1119 548 non
1130 517 1240 558 decipit,
1253 518 1300 547 sed
1317 518 1358 547 illi
1370 519 1475 548 suadet.
1495 518 1528 548 Id
1547 519 1705 548 testificatur

958 564 1060 595 Paulus
1083 563 1310 594 dicens:Adam
1335 566 1470 595 seductus
1495 576 1555 594 non
1578 571 1631 595 est.
1646 566 1725 594 Cui-¹
1754 568 1803 589 ''ae'm
1832 574 1844 588 2

959 617 1048 640 autem
1061 610 1203 640 damnatus
1215 611 1275 640 est?
1290 610 1362 641 Vide
1376 611 1440 640 mali
1453 611 1621 650 gravitatem.
1637 612 1701 640 Mu-
1719 606 1724 620 ¹
1749 616 1753 620 '

959 656 1011 686 lier
1026 655 1136 686 seducta
1154 656 1287 695 comedit;
1304 663 1445 697 postquam
1464 657 1626 693 comederat,
1646 658 1705 687 viro

960 702 1066 740 suadet,
1080 713 1113 732 ne
1134 703 1191 733 sola
1209 710 1426 743 perverteretur:
1441 703 1536 744 suasit,
1555 714 1607 733 non
1627 703 1706 734 dccc-

961 749 1020 790 pit;
1032 756 1062 779 ut
1070 751 1126 789 jam
1137 760 1207 790 saepe
1220 750 1278 779 sieri
1290 749 1368 779 solet.
1380 750 1463 780 Novit
1476 750 1520 780 vir
1531 750 1623 788 fidem,
1635 758 1707 780 amat

963 795 1154 835 legem‚studio
1166 796 1262 836 plenus
1273 802 1313 825 est
1323 795 1479 825 orthodoxae
1490 796 1639 836 religionis,
1650 807 1707 826 nio-

929 845 947 869 C
963 853 1073 881 remque
1082 842 1150 881 gerit
1160 843 1251 879 uxori,
1258 853 1292 872 ne
1300 842 1422 872 studium
1431 842 1561 879 ostendat,
1570 854 1623 873 non
1635 844 1707 883 igno—

964 899 1025 918 rans
1044 889 1193 925 veritatem,
1210 889 1257 919 sed
1275 889 1385 929 conjugi
1410 889 1606 928 obtemperans.
1625 890 1708 919 Multi

965 945 1082 974 namque
1099 942 1240 975 putarunt,
1249 935 1415 975 ignorantem
1428 934 1563 964 Adamum
1578 937 1711 976 accepisse

964 981 999 1009 ab
1010 991 1105 1019 uxore,
1121 991 1183 1010 cum
1195 981 1308 1011 nesciret
1320 980 1392 1010 unde
1409 981 1526 1011 fructum
1546 982 1659 1012 tulisset.
1676 984 1710 1012 At

965 1027 1041 1056 nulla
1062 1027 1115 1067 ipsi
1136 1027 1275 1056 excusatio
1290 1033 1412 1067 superest
1426 1028 1519 1056 :Deus
1541 1027 1612 1057 enim
1634 1038 1710 1058 coar-

966 1072 1035 1111 guit,
1049 1083 1112 1102 cum
1123 1073 1161 1102 ait
1176 1085 1182 1102 ε
1197 1073 1274 1112 Quia
1286 1073 1397 1102 audisti
1410 1083 1513 1102 vocem
1529 1075 1627 1103 uxoris
1641 1081 1709 1104 tuce.
1725 1081 1781 1102 Gen.
1793 1079 1860 1108 3.17.

966 1118 1027 1148 Non
1038 1117 1120 1156 dixit,
1133 1118 1206 1155 Quia
1218 1118 1343 1158 accepisti
1361 1118 1395 1148 ab
1411 1130 1496 1149 uxore
1510 1126 1556 1149 tua
1572 1131 1579 1147 :
1593 1130 1654 1149 nam
1665 1131 1712 1160 po-

967 1164 1061 1194 tuisset
1077 1164 1178 1202 dicere,
1190 1165 1362 1204 Ignorabam,
1377 1165 1527 1195 nesciebam
1545 1167 1618 1196 unde
1631 1167 1710 1196 ass'cr-

967 1217 1017 1240 ret.
1032 1211 1096 1242 Viri
1109 1211 1210 1241 crimen
1221 1217 1270 1246 est,
1280 1221 1333 1241 non
1346 1211 1419 1250 quod
1433 1211 1571 1252 deceptus,
1581 1213 1628 1243 sed
1639 1206 1714 1252 quod

966 1256 1148 1288 inescatussit.
1159 1259 1219 1289 Jam
1227 1257 1263 1287 ad
1269 1257 1407 1298 judicium
1412 1257 1565 1288 veniamus:
1575 1259 1715 1289 videamus

968 1302 1141 1334 instrumenta
1149 1305 1248 1345 prima,
1255 1314 1314 1343 quae
1324 1305 1351 1333 in
1360 1311 1450 1334 sancto
1459 1304 1519 1340 illo,
1528 1305 1683 1346 incorrupto
1690 1314 1716 1337 rt

933 1354 953 1378 D
969 1350 1094 1381 clementi
1102 1352 1161 1384 foro
1169 1351 1249 1381 allata
1258 1358 1332 1388 sunt,
1339 1351 1472 1392 descripta
1482 1352 1569 1382 literis
1580 1353 1715 1384 immortu-

970 1396 1054 1435 libus,
1066 1408 1182 1436 quarum
1193 1397 1360 1432 memoriam,
1372 1405 1556 1438 conspectum,
1568 1400 1717 1440 conspicui-

971 1449 1051 1473 tatem
1075 1443 1184 1476 nullum
1191 1454 1281 1474 aevum
1293 1443 1382 1473 delere
1395 1444 1505 1483 poterit.
1524 1446 1586 1475 Jam
1595 1446 1717 1475 animad-

973 1490 1199 1526 vene.Audivit‚
1209 1490 1307 1529 inquit,
1316 1490 1419 1519 Adam
1429 1500 1532 1520 vocem
1539 1492 1662 1521 Domini
1673 1493 1717 1522 de-
1730 1504 1785 1524 Gcn.
1799 1502 1820 1524 3.
1834 1501 1855 1523 8.

975 1535 1154 1565 ambulantis
1165 1536 1207 1564 ad
1217 1545 1368 1575 vesperam
1379 1536 1408 1563 in
1412 1537 1559 1574 paradiso.
1570 1538 1593 1565 A
1604 1538 1717 1577 strepitu

974 1580 1066 1617 sensit,
1078 1586 1104 1609 et
1117 1590 1132 1609 a
1142 1580 1344 1611 consuetudine.
1359 1581 1465 1619 Ergone
1475 1591 1490 1610 a
1502 1582 1616 1622 strepitu
1631 1584 1718 1623 potuit

974 1627 1048 1655 Deus
1060 1625 1210 1666 apparere?
1218 1626 1373 1666 Apparebat
1383 1636 1437 1656 non
1448 1633 1478 1656 ut
1490 1634 1557 1665 erat,
1567 1628 1616 1658 sed
1629 1624 1718 1660 ut‘vo-

974 1673 1056 1703 lebat.
1068 1672 1228 1703 Benedictus
1236 1681 1388 1704 sanctorum
1396 1675 1481 1712 Deus,
1489 1675 1562 1714 quod
1574 1676 1609 1706 ad
1624 1688 1717 1718 vespe-

975 1730 1033 1749 ram
1049 1727 1114 1750 tunc
1130 1720 1268 1750 Adamum
1281 1721 1442 1759 visitaverit,
1455 1728 1482 1751 et
1500 1732 1572 1753 nunc
1591 1716 1620 1753 in'
1638 1736 1719 1755 cruce

976 1765 1011 1802 ‚id
1030 1777 1181 1807 vesperam.
1194 1766 1254 1797 Illis
1271 1766 1373 1807 quippe
1392 1767 1466 1798 horis
1481 1768 1606 1800 Christus
1621 1772 1719 1811 passio-

941 1811 960 1835 Ε
976 1822 1037 1841 nem
1056 1812 1195 1850 sustinuit,
1206 1823 1274 1852 quas
1290 1813 1345 1853 egit
1363 1813 1462 1851 Adam,
1475 1825 1510 1844 cx
1523 1826 1577 1854 quo
1595 1817 1717 1847 comede-

976 1865 1028 1895 rat,
1041 1858 1126 1897 donec
1137 1858 1252 1889 latebras
1265 1866 1406 1898 quaereret,
1419 1871 1449 1890 ac
1457 1861 1594 1901 judicium
1605 1863 1718 1901 subiret,

977 1915 993 1934 a
1001 1911 1076 1934 sexta
1090 1914 1176 1946 usque
1188 1904 1223 1934 ad
1232 1915 1329 1934 nonam
1341 1905 1446 1935 boram.
1460 1907 1542 1936 Sexta
1552 1908 1619 1938 hora
1631 1920 1719 1939 come-

976 1949 1034 1980 dit:
1043 1950 1102 1980 haec
1114 1950 1186 1985 enim
1195 1956 1296 1980 naturae
1306 1951 1398 1991 regula
1407 1958 1463 1989 est;
1476 1960 1536 1992 post
1545 1960 1647 1984 sextam
1659 1955 1720 1985 abs-

978 1995 1069 2026 condit
1078 2007 1116 2026 se.
1127 1995 1172 2026 Ad
1183 2006 1321 2037 vesperam
1334 1998 1409 2027 Deus
1420 1997 1455 2028 ad
1465 1998 1555 2038 ipsum
1568 2001 1652 2031 venit.
1666 2003 1719 2031 De-

978 2042 1107 2073 sideravit
1125 2041 1246 2073 Adamus
1269 2042 1328 2072 fieri
1347 2042 1416 2073 deus
1423 2055 1433 2081 ;
1445 2055 1502 2074 rem
1524 2045 1719 2086 impossibilem

154 2082 285 2122 λαμὸάνω
295 2082 329 2112 τὰ
343 2083 388 2111 ὑπ’
400 2082 457 2122 ἐμέ-
468 2081 594 2115 Ἰσοθεῖας
606 2080 787 2119 ἐπεθύμησας·
800 2079 925 2120 ἶσάνθρω·
937 2099 973 2118 σοι
979 2088 1143 2120 desideravit
1156 2099 1164 2118 :
1177 2088 1236 2129 eJus
1256 2088 1381 2119 Christus
1401 2089 1566 2121 desiderium
1584 2093 1718 2133 implevit.

156 2140 204 2162 πος
215 2128 331 2167 γίνομαι.
344 2127 397 2157 Διὰ
413 2130 491 2158 τοῦτο
506 2127 552 2157 καὶ
565 2128 672 2161 Παῦλος
684 2126 756 2166 λέγει
767 2138 774 2145 ·
786 2125 840 2155 Καὶ
854 2125 926 2165 σχή-

158 2185 223 2212 ματι
244 2173 354 2213 εὑρεθεὶς
371 2174 407 2207 ὡς
427 2173 571 2214 ἄνθρωπος.
595 2172 785 2212 Ἐπεθύμησας
807 2171 928 2211 γενέσθαι

158 2219 229 2254 θεὸς,
250 2218 295 2248 καὶ
317 2219 365 2248 οὐκ
386 2218 559 2257 ἠγανάκτησα
579 2217 623 2248 διὰ
642 2220 734 2248 τοῦτο·
749 2217 816 2247 θέλω
828 2217 879 2257 γάρ
897 2229 926 2247 σε

159 2264 271 2295 ἴσοθεΐαν
285 2258 389 2294 ποθεῖν·
403 2265 463 2293 ἀλλ’
476 2266 494 2299 ἡ
508 2264 701 2303 ἀγανάκτησις,
717 2263 758 2293 ὅτι
771 2262 845 2303 παρὰ
858 2262 926 2302 γνώ-

161 2323 213 2349 μην
237 2313 283 2340 τοῦ
304 2309 439 2340 Δια-πότου
461 2309 592 2345 ἠθέλησας
616 2309 735 2349 ἁρπάσαι
757 2309 787 2338 τὸ
811 2308 926 2348 ἀξίωμα.

161 2357 348 2396 Ἔπεθύμησας
360 2354 480 2394 γενέσθαι
492 2355 563 2391 θεὸς,
574 2354 619 2384 καὶ
633 2355 682 2384 οὐκ
699 2354 845 2390 ἠδυνήθης’
856 2354 928 2394 γίνο-

162 2414 211 2441 μαι
223 2402 367 2442 ἅνθρωπος,
377 2401 422 2431 καὶ
434 2401 464 2430 τὸ
474 2400 602 2430 ἀδύνατον
615 2399 724 2430 δυνατὸν
734 2402 811 2429 ποιῶ.
824 2399 888 2430 Ὅτι
900 2400 928 2431 δὲ

163 2450 296 2486 ἐπιθυμῶν
309 2443 373 2483 ἦλθε
391 2447 457 2487 πρὸς
478 2449 570 2483 τοῦτο,
593 2449 720 2486 μαρτυρεῖ
738 2445 815 2480 αὐτὸς
827 2446 928 2486 λέγων·

198 2551 208 2562 -
226 2541 268 2567 Sic
287 2540 437 2574 exemplaria
456 2550 461 2564 ε
482 2549 569 2566 verum
587 2539 640 2566 haec
656 2540 730 2566 lectio
746 2540 806 2566 ferri
823 2541 917 2575 nequit.

165 2579 328 2607 Combefisius
346 2589 376 2606 ex
395 2581 538 2614 conjectura
555 2578 684 2605 substituit
696 2583 735 2610 ιως
746 2586 785 2610 τῆς
800 2583 919 2616 παρακρύ-

945 2129 965 2151 A
980 2134 1144 2166 Desiderasti
1161 2133 1192 2165 id
1208 2145 1276 2172 esse,
1287 2134 1361 2174 quod
1383 2145 1436 2165 non
1451 2137 1563 2176 potuisti
1577 2150 1584 2166 :
1597 2139 1721 2169 desidero

981 2193 1030 2222 ego
1040 2182 1100 2213 fieri
1113 2182 1204 2221 bomo,
1217 2188 1245 2213 et
1254 2192 1365 2223 possum
1378 2195 1385 2212 ε
1398 2184 1457 2223 ejus
1467 2184 1551 2214 errori
1561 2185 1648 2215 vicem
1662 2196 1721 2215 con-

981 2229 1092 2259 trariam
1113 2229 1188 2259 Deus
1208 2227 1311 2265 retulit.
1325 2228 1492 2258 Desiderasti
1511 2241 1570 2268 quae
1591 2241 1674 2270 supra
1696 2238 1721 2260 te

979 2279 1066 2310 erant,
1077 2282 1185 2302 assumo
1199 2282 1248 2312 ego
1263 2283 1323 2312 quae
1338 2273 1407 2302 infra
1426 2282 1469 2301 me
1484 2280 1556 2302 sunt.
1573 2273 1721 2312 AEqualita-

978 2323 1033 2346 tem
1052 2327 1116 2346 cum
1133 2317 1191 2347 Deo
1211 2316 1388 2356 concupivisti
1403 2328 1409 2344 :
1423 2316 1533 2354 aequalis
1555 2317 1658 2345 homini
1673 2317 1718 2346 [io.

979 2359 1044 2390 Ideo
1056 2359 1095 2389 ait
1106 2360 1207 2390 Paulus
1223 2372 1230 2389 ε
1246 2360 1288 2389 Et
1301 2360 1404 2389 habitu
1422 2362 1558 2388 inventus
1576 2366 1608 2388 ut
1623 2360 1718 2390 homo.
1734 2373 1835 2403 Philipp.
1850 2380 1871 2395 2,

979 2402 1144 2434 Desiderasti
1169 2413 1226 2433 csse
1257 2402 1334 2438 deus,
1359 2412 1444 2441 neque
1475 2401 1535 2431 ideo
1567 2402 1721 2445 indignatus
1733 2410 1755 2432 7·

981 2458 1041 2477 sum
1056 2458 1063 2475 ι
1076 2447 1138 2478 volo
1150 2447 1221 2477 enim
1238 2453 1263 2476 te
1276 2446 1452 2485 aequalitatem
1469 2456 1531 2476 cum
1551 2447 1608 2476 Deo
1621 2457 1720 2477 concu-

969 2545 1032 2575 ψιως.
1052 2541 1095 2566 Sic
1113 2549 1199 2567 sensus
1220 2539 1365 2573 quadrabit.
1379 2540 1411 2564 Δι
1430 2547 1478 2565 vox
1497 2544 1637 2575 παράκρυψις
1656 2541 1723 2568 inso-

969 2580 1021 2606 lens
1033 2580 1137 2606 omnino
1149 2585 1195 2610 cst,
1209 2587 1288 2611 neque
1301 2577 1392 2610 placet.
