<?xml version="1.0" encoding="UTF-8"?>
<!DOCTYPE html PUBLIC "-//W3C//DTD XHTML 1.0 Transitional//EN"
    "http://www.w3.org/TR/xhtml1/DTD/xhtml1-transitional.dtd">
<html xmlns="http://www.w3.org/1999/xhtml" xml:lang="en" lang="en">
 <head>
  <title>
</title>
<meta http-equiv="Content-Type" content="text/html;charset=utf-8" />
  <meta name='ocr-system' content='tesseract 3.04.00' />
  <meta name='ocr-capabilities' content='ocr_page ocr_carea ocr_par ocr_line ocrx_word'/>
</head>
<body>
  <div class='ocr_page' id='page_1' title='image "./operaomniaquaeex06johnuoft_0889.png"; bbox 0 0 1904 2840; ppageno 0'>
   <div class='ocr_carea' id='block_1_1' title="bbox 639 158 1180 200">
    <p class='ocr_par' dir='ltr' id='par_1_1' title="bbox 639 158 1180 200">
     <span class='ocr_line' id='line_1_1' title="bbox 639 158 1180 200; baseline 0.004 -20"><span class='ocrx_word' id='word_1_1' title='bbox 639 158 672 181; x_wconf 81' lang='lat' dir='ltr'><strong>IN</strong></span> <span class='ocrx_word' id='word_1_2' title='bbox 699 158 891 181; x_wconf 75' lang='lat' dir='ltr'>MATTHAEUM</span> <span class='ocrx_word' id='word_1_3' title='bbox 934 159 1052 183; x_wconf 72' lang='lat' dir='ltr'><strong>nomn„</strong></span> <span class='ocrx_word' id='word_1_4' title='bbox 1070 160 1180 200; x_wconf 28' lang='lat' dir='ltr'><strong>,RiXXL</strong></span> 
     </span>
    </p>
   </div>
   <div class='ocr_carea' id='block_1_2' title="bbox 1620 151 1690 199">
    <p class='ocr_par' dir='ltr' id='par_1_2' title="bbox 1620 151 1690 199">
     <span class='ocr_line' id='line_1_2' title="bbox 1620 151 1690 199; baseline 0 -13"><span class='ocrx_word' id='word_1_5' title='bbox 1620 151 1690 199; x_wconf 76' lang='lat'><strong>869</strong></span> 
     </span>
    </p>
   </div>
   <div class='ocr_carea' id='block_1_3' title="bbox 150 217 1688 261">
    <p class='ocr_par' dir='ltr' id='par_1_3' title="bbox 150 217 1688 261">
     <span class='ocr_line' id='line_1_3' title="bbox 150 217 1688 261; baseline 0.005 -15"><span class='ocrx_word' id='word_1_6' title='bbox 150 217 255 257; x_wconf 68' lang='grc' dir='ltr'><strong>ςσίριιζρ</strong></span> <span class='ocrx_word' id='word_1_7' title='bbox 288 219 340 254; x_wconf 66' lang='grc' dir='ltr'>ἰι-ς,</span> <span class='ocrx_word' id='word_1_8' title='bbox 355 219 491 248; x_wconf 62' lang='lat' dir='ltr'><strong>dixerunt</strong></span> <span class='ocrx_word' id='word_1_9' title='bbox 505 229 512 246; x_wconf 71' lang='grc' dir='ltr'><strong><em>ε</em></strong></span> <span class='ocrx_word' id='word_1_10' title='bbox 527 218 625 256; x_wconf 83' lang='lat' dir='ltr'><strong><em>Quare</em></strong></span> <span class='ocrx_word' id='word_1_11' title='bbox 637 220 670 247; x_wconf 83' lang='lat' dir='ltr'><strong>in</strong></span> <span class='ocrx_word' id='word_1_12' title='bbox 679 218 829 258; x_wconf 77' lang='lat' dir='ltr'><strong>parabolis</strong></span> <span class='ocrx_word' id='word_1_13' title='bbox 846 219 889 248; x_wconf 84' lang='lat' dir='ltr'><strong>lo-</strong></span> <span class='ocrx_word' id='word_1_14' title='bbox 906 222 926 245; x_wconf 77' lang='lat' dir='ltr'>A</span> <span class='ocrx_word' id='word_1_15' title='bbox 944 219 1019 248; x_wconf 88' lang='lat' dir='ltr'><strong>tiam.</strong></span> <span class='ocrx_word' id='word_1_16' title='bbox 1036 220 1067 250; x_wconf 89' lang='lat' dir='ltr'><strong>Si</strong></span> <span class='ocrx_word' id='word_1_17' title='bbox 1077 227 1165 250; x_wconf 89' lang='lat' dir='ltr'><strong>autem</strong></span> <span class='ocrx_word' id='word_1_18' title='bbox 1176 221 1251 250; x_wconf 91' lang='lat' dir='ltr'><strong>illam</strong></span> <span class='ocrx_word' id='word_1_19' title='bbox 1265 222 1413 261; x_wconf 82' lang='lat' dir='ltr'>generalem</span> <span class='ocrx_word' id='word_1_20' title='bbox 1424 221 1585 252; x_wconf 78' lang='lat' dir='ltr'><strong>abscondisti</strong></span> <span class='ocrx_word' id='word_1_21' title='bbox 1597 223 1624 252; x_wconf 93' lang='lat' dir='ltr'><strong>in</strong></span> <span class='ocrx_word' id='word_1_22' title='bbox 1635 231 1688 253; x_wconf 83' lang='lat' dir='ltr'><strong>ter-</strong></span> 
     </span>
    </p>
   </div>
   <div class='ocr_carea' id='block_1_4' title="bbox 150 257 890 300">
    <p class='ocr_par' dir='ltr' id='par_1_4' title="bbox 150 257 890 300">
     <span class='ocr_line' id='line_1_4' title="bbox 150 257 890 300; baseline 0.003 -15"><span class='ocrx_word' id='word_1_23' title='bbox 150 258 246 300; x_wconf 62' lang='lat' dir='ltr'><strong>queris</strong></span> <span class='ocrx_word' id='word_1_24' title='bbox 260 258 272 285; x_wconf 85' lang='lat' dir='ltr'><strong>i</strong></span> <span class='ocrx_word' id='word_1_25' title='bbox 286 257 342 286; x_wconf 78' lang='lat' dir='ltr'><strong>lis?</strong></span> <span class='ocrx_word' id='word_1_26' title='bbox 356 257 430 286; x_wconf 84' lang='lat' dir='ltr'>Vide</span> <span class='ocrx_word' id='word_1_27' title='bbox 444 257 656 286; x_wconf 82' lang='lat' dir='ltr'><strong>benevolentiam</strong></span> <span class='ocrx_word' id='word_1_28' title='bbox 677 258 810 293; x_wconf 85' lang='lat' dir='ltr'><strong>virorum⁷</strong></span> <span class='ocrx_word' id='word_1_29' title='bbox 827 258 890 287; x_wconf 90' lang='lat' dir='ltr'><strong>vide</strong></span> 
     </span>
    </p>
   </div>
   <div class='ocr_carea' id='block_1_5' title="bbox 135 291 890 339">
    <p class='ocr_par' dir='ltr' id='par_1_5' title="bbox 135 291 890 339">
     <span class='ocr_line' id='line_1_5' title="bbox 135 291 890 339; baseline 0.004 -16"><span class='ocrx_word' id='word_1_30' title='bbox 135 291 333 325; x_wconf 76' lang='lat' dir='ltr'><strong>&#39;misericordes</strong></span> <span class='ocrx_word' id='word_1_31' title='bbox 353 295 503 339; x_wconf 78' lang='lat' dir='ltr'><strong>discipulos</strong></span> <span class='ocrx_word' id='word_1_32' title='bbox 526 296 635 336; x_wconf 80' lang='lat' dir='ltr'><strong>benigni</strong></span> <span class='ocrx_word' id='word_1_33' title='bbox 657 297 789 336; x_wconf 80' lang='lat' dir='ltr'><strong>magistri.</strong></span> <span class='ocrx_word' id='word_1_34' title='bbox 809 298 890 332; x_wconf 76' lang='lat' dir='ltr'><strong>Dele-</strong></span> 
     </span>
    </p>
   </div>
   <div class='ocr_carea' id='block_1_6' title="bbox 0 651 117 689">
    <p class='ocr_par' dir='ltr' id='par_1_6' title="bbox 0 651 117 689">
     <span class='ocr_line' id='line_1_6' title="bbox 0 651 117 689; baseline 0.009 -15"><span class='ocrx_word' id='word_1_35' title='bbox 0 682 4 689; x_wconf 49' lang='grc'><strong>,</strong></span> <span class='ocrx_word' id='word_1_36' title='bbox 16 651 81 683; x_wconf 72' lang='lat' dir='ltr'><strong>hiup.</strong></span> <span class='ocrx_word' id='word_1_37' title='bbox 94 659 117 675; x_wconf 79' lang='lat'><strong>2.</strong></span> 
     </span>
    </p>
   </div>
   <div class='ocr_carea' id='block_1_7' title="bbox 0 1121 130 1153">
    <p class='ocr_par' dir='ltr' id='par_1_7' title="bbox 0 1121 130 1153">
     <span class='ocr_line' id='line_1_7' title="bbox 0 1121 130 1153; baseline 0.015 -9"><span class='ocrx_word' id='word_1_38' title='bbox 0 1121 59 1145; x_wconf 70' lang='lat' dir='ltr'><strong>?ml.</strong></span> <span class='ocrx_word' id='word_1_39' title='bbox 80 1123 130 1153; x_wconf 63' lang='lat'>¹4⁰·</span> 
     </span>
    </p>
   </div>
   <div class='ocr_carea' id='block_1_8' title="bbox 138 333 914 1998">
    <p class='ocr_par' dir='ltr' id='par_1_8' title="bbox 138 333 914 1998">
     <span class='ocr_line' id='line_1_8' title="bbox 147 333 888 375; baseline 0.005 -13"><span class='ocrx_word' id='word_1_40' title='bbox 147 333 222 370; x_wconf 83' lang='lat' dir='ltr'><strong>bant,</strong></span> <span class='ocrx_word' id='word_1_41' title='bbox 234 335 297 373; x_wconf 84' lang='lat' dir='ltr'><strong>quia</strong></span> <span class='ocrx_word' id='word_1_42' title='bbox 309 346 344 375; x_wconf 89' lang='lat' dir='ltr'><strong>po</strong></span> <span class='ocrx_word' id='word_1_43' title='bbox 364 336 427 365; x_wconf 86' lang='lat' dir='ltr'><strong>ulus</strong></span> <span class='ocrx_word' id='word_1_44' title='bbox 445 346 498 364; x_wconf 90' lang='lat' dir='ltr'><strong>non</strong></span> <span class='ocrx_word' id='word_1_45' title='bbox 517 335 661 373; x_wconf 83' lang='lat' dir='ltr'><strong>intellexit,</strong></span> <span class='ocrx_word' id='word_1_46' title='bbox 672 343 698 366; x_wconf 88' lang='lat' dir='ltr'><strong>et</strong></span> <span class='ocrx_word' id='word_1_47' title='bbox 714 337 778 375; x_wconf 90' lang='lat' dir='ltr'><strong>&#39;quia</strong></span> <span class='ocrx_word' id='word_1_48' title='bbox 793 336 888 366; x_wconf 86' lang='lat' dir='ltr'><strong>talium</strong></span> 
     </span>
     <span class='ocr_line' id='line_1_9' title="bbox 147 373 888 416; baseline 0.004 -14"><span class='ocrx_word' id='word_1_49' title='bbox 147 373 291 404; x_wconf 84' lang='lat' dir='ltr'><strong>verborum</strong></span> <span class='ocrx_word' id='word_1_50' title='bbox 356 375 486 405; x_wconf 81' lang='lat' dir='ltr'><strong>&#39;ficatione</strong></span> <span class='ocrx_word' id='word_1_51' title='bbox 499 375 614 404; x_wconf 81' lang='lat' dir='ltr'><strong>fraudati</strong></span> <span class='ocrx_word' id='word_1_52' title='bbox 632 383 705 409; x_wconf 81' lang='lat' dir='ltr'><strong>sunt,</strong></span> <span class='ocrx_word' id='word_1_53' title='bbox 718 376 782 415; x_wconf 90' lang='lat' dir='ltr'><strong>quia</strong></span> <span class='ocrx_word' id='word_1_54' title='bbox 799 376 888 416; x_wconf 50' lang='lat' dir='ltr'><strong>perdi-¹</strong></span> 
     </span>
     <span class='ocr_line' id='line_1_10' title="bbox 145 411 887 455; baseline 0.005 -14"><span class='ocrx_word' id='word_1_55' title='bbox 145 411 243 442; x_wconf 87' lang='lat' dir='ltr'><strong>derunt</strong></span> <span class='ocrx_word' id='word_1_56' title='bbox 251 413 379 444; x_wconf 86' lang='lat' dir='ltr'><strong>audiendi</strong></span> <span class='ocrx_word' id='word_1_57' title='bbox 390 415 510 444; x_wconf 89' lang='lat' dir='ltr'><strong>laborem</strong></span> <span class='ocrx_word' id='word_1_58' title='bbox 523 422 548 444; x_wconf 92' lang='lat' dir='ltr'><strong>et</strong></span> <span class='ocrx_word' id='word_1_59' title='bbox 560 421 677 455; x_wconf 87' lang='lat' dir='ltr'><strong>tempus.</strong></span> <span class='ocrx_word' id='word_1_60' title='bbox 693 417 762 446; x_wconf 88' lang='lat' dir='ltr'><strong>Nam</strong></span> <span class='ocrx_word' id='word_1_61' title='bbox 772 417 820 454; x_wconf 89' lang='lat' dir='ltr'><strong>qui</strong></span> <span class='ocrx_word' id='word_1_62' title='bbox 834 426 887 445; x_wconf 90' lang='lat' dir='ltr'><strong>non</strong></span> 
     </span>
     <span class='ocr_line' id='line_1_11' title="bbox 145 451 888 494; baseline 0.005 -14"><span class='ocrx_word' id='word_1_63' title='bbox 145 451 272 492; x_wconf 87' lang='lat' dir='ltr'><strong>intelligit</strong></span> <span class='ocrx_word' id='word_1_64' title='bbox 281 453 355 492; x_wconf 89' lang='lat' dir='ltr'><strong>quod</strong></span> <span class='ocrx_word' id='word_1_65' title='bbox 366 454 453 490; x_wconf 89' lang='lat' dir='ltr'><strong>audit,</strong></span> <span class='ocrx_word' id='word_1_66' title='bbox 466 454 555 494; x_wconf 86' lang='lat' dir='ltr'><strong>perdit</strong></span> <span class='ocrx_word' id='word_1_67' title='bbox 567 455 641 494; x_wconf 90' lang='lat' dir='ltr'><strong>quod</strong></span> <span class='ocrx_word' id='word_1_68' title='bbox 651 455 737 485; x_wconf 87' lang='lat' dir='ltr'><strong>audit.</strong></span> <span class='ocrx_word' id='word_1_69' title='bbox 752 456 788 485; x_wconf 90' lang='lat' dir='ltr'><strong>Et</strong></span> <span class='ocrx_word' id='word_1_70' title='bbox 801 455 888 484; x_wconf 83' lang='lat' dir='ltr'><strong>eonsi-</strong></span> 
     </span>
     <span class='ocr_line' id='line_1_12' title="bbox 144 490 887 535; baseline 0.005 -15"><span class='ocrx_word' id='word_1_71' title='bbox 144 490 208 521; x_wconf 88' lang='lat' dir='ltr'><strong>dera</strong></span> <span class='ocrx_word' id='word_1_72' title='bbox 227 494 301 531; x_wconf 88' lang='lat' dir='ltr'><strong>quod</strong></span> <span class='ocrx_word' id='word_1_73' title='bbox 317 500 356 523; x_wconf 86' lang='lat' dir='ltr'><strong>est</strong></span> <span class='ocrx_word' id='word_1_74' title='bbox 373 494 586 531; x_wconf 80' lang='lat' dir='ltr'><strong>benevolentius,</strong></span> <span class='ocrx_word' id='word_1_75' title='bbox 600 494 674 533; x_wconf 90' lang='lat' dir='ltr'><strong>quod</strong></span> <span class='ocrx_word' id='word_1_76' title='bbox 693 505 746 524; x_wconf 90' lang='lat' dir='ltr'><strong>non</strong></span> <span class='ocrx_word' id='word_1_77' title='bbox 768 495 887 535; x_wconf 87' lang='lat' dir='ltr'><strong>primum</strong></span> 
     </span>
     <span class='ocr_line' id='line_1_13' title="bbox 144 530 886 574; baseline 0.005 -15"><span class='ocrx_word' id='word_1_78' title='bbox 144 530 374 570; x_wconf 83' lang='lat' dir='ltr'><strong>interrogaverunt</strong></span> <span class='ocrx_word' id='word_1_79' title='bbox 394 533 429 563; x_wconf 89' lang='lat' dir='ltr'><strong>de</strong></span> <span class='ocrx_word' id='word_1_80' title='bbox 449 533 585 565; x_wconf 87' lang='lat' dir='ltr'><strong>intellectu</strong></span> <span class='ocrx_word' id='word_1_81' title='bbox 606 534 808 574; x_wconf 72' lang='lat' dir='ltr'><strong>parabolae,sed</strong></span> <span class='ocrx_word' id='word_1_82' title='bbox 822 545 886 563; x_wconf 87' lang='lat' dir='ltr'><strong>mox</strong></span> 
     </span>
     <span class='ocr_line' id='line_1_14' title="bbox 142 569 883 614; baseline 0.004 -15"><span class='ocrx_word' id='word_1_83' title='bbox 142 569 291 602; x_wconf 87' lang='lat' dir='ltr'><strong>dixerunt:</strong></span> <span class='ocrx_word' id='word_1_84' title='bbox 305 573 402 611; x_wconf 84' lang='lat' dir='ltr'><strong><em>Quare</em></strong></span> <span class='ocrx_word' id='word_1_85' title='bbox 425 575 458 602; x_wconf 77' lang='lat' dir='ltr'><strong>in</strong></span> <span class='ocrx_word' id='word_1_86' title='bbox 475 575 625 613; x_wconf 78' lang='lat' dir='ltr'><strong>parabolis</strong></span> <span class='ocrx_word' id='word_1_87' title='bbox 649 574 776 614; x_wconf 84' lang='lat' dir='ltr'><strong>loqueris</strong></span> <span class='ocrx_word' id='word_1_88' title='bbox 801 574 883 603; x_wconf 81' lang='lat' dir='ltr'><strong>illis?</strong></span> 
     </span>
     <span class='ocr_line' id='line_1_15' title="bbox 163 611 884 652; baseline 0.007 -14"><span class='ocrx_word' id='word_1_89' title='bbox 163 611 213 639; x_wconf 68' lang='lat' dir='ltr'><strong>uia</strong></span> <span class='ocrx_word' id='word_1_90' title='bbox 223 611 307 650; x_wconf 87' lang='lat' dir='ltr'><strong>magis</strong></span> <span class='ocrx_word' id='word_1_91' title='bbox 323 612 358 641; x_wconf 89' lang='lat' dir='ltr'><strong>de</strong></span> <span class='ocrx_word' id='word_1_92' title='bbox 369 613 484 642; x_wconf 87' lang='lat' dir='ltr'><strong>aliorum</strong></span> <span class='ocrx_word' id='word_1_93' title='bbox 497 613 583 643; x_wconf 86' lang='lat' dir='ltr'><strong>salute</strong></span> <span class='ocrx_word' id='word_1_94' title='bbox 595 613 704 643; x_wconf 73' lang='lat' dir='ltr'><strong>solliciti</strong></span> <span class='ocrx_word' id='word_1_95' title='bbox 716 620 792 643; x_wconf 86' lang='lat' dir='ltr'><strong>erant</strong></span> <span class='ocrx_word' id='word_1_96' title='bbox 802 624 884 652; x_wconf 88' lang='lat' dir='ltr'><strong>quam</strong></span> 
     </span>
     <span class='ocr_line' id='line_1_16' title="bbox 163 651 884 693; baseline 0.007 -15"><span class='ocrx_word' id='word_1_97' title='bbox 163 659 178 678; x_wconf 89' lang='lat' dir='ltr'><strong>e</strong></span> <span class='ocrx_word' id='word_1_98' title='bbox 190 660 249 685; x_wconf 83' lang='lat' dir='ltr'><strong>sua,</strong></span> <span class='ocrx_word' id='word_1_99' title='bbox 264 651 333 680; x_wconf 87' lang='lat' dir='ltr'><strong>sicut</strong></span> <span class='ocrx_word' id='word_1_100' title='bbox 352 652 390 681; x_wconf 86' lang='lat' dir='ltr'><strong>ait</strong></span> <span class='ocrx_word' id='word_1_101' title='bbox 401 652 538 692; x_wconf 86' lang='lat' dir='ltr'><strong>apostolus</strong></span> <span class='ocrx_word' id='word_1_102' title='bbox 554 665 561 682; x_wconf 76' lang='lat' dir='ltr'><strong><em>z</em></strong></span> <span class='ocrx_word' id='word_1_103' title='bbox 575 655 646 683; x_wconf 85' lang='lat' dir='ltr'><strong>Non</strong></span> <span class='ocrx_word' id='word_1_104' title='bbox 659 664 724 693; x_wconf 84' lang='lat' dir='ltr'><strong>quae</strong></span> <span class='ocrx_word' id='word_1_105' title='bbox 745 663 799 683; x_wconf 81' lang='lat' dir='ltr'><strong>sua</strong></span> <span class='ocrx_word' id='word_1_106' title='bbox 815 659 884 682; x_wconf 86' lang='lat' dir='ltr'><strong>sunt</strong></span> 
     </span>
     <span class='ocr_line' id='line_1_17' title="bbox 143 689 883 732; baseline 0.005 -15"><span class='ocrx_word' id='word_1_107' title='bbox 143 689 253 729; x_wconf 74' lang='lat' dir='ltr'><strong>singuli</strong></span> <span class='ocrx_word' id='word_1_108' title='bbox 272 693 444 730; x_wconf 80' lang='lat' dir='ltr'><strong>cogitantes,</strong></span> <span class='ocrx_word' id='word_1_109' title='bbox 456 693 510 721; x_wconf 78' lang='lat' dir='ltr'><strong>sed</strong></span> <span class='ocrx_word' id='word_1_110' title='bbox 527 703 593 732; x_wconf 88' lang='lat' dir='ltr'><strong>quoe</strong></span> <span class='ocrx_word' id='word_1_111' title='bbox 612 693 748 723; x_wconf 79' lang='lat' dir='ltr'><strong>aliorum.</strong></span> <span class='ocrx_word' id='word_1_112' title='bbox 759 694 822 722; x_wconf 81' lang='lat' dir='ltr'><strong>Haec</strong></span> <span class='ocrx_word' id='word_1_113' title='bbox 843 699 883 722; x_wconf 90' lang='lat' dir='ltr'><strong>est</strong></span> 
     </span>
     <span class='ocr_line' id='line_1_18' title="bbox 143 728 882 773; baseline 0.005 -16"><span class='ocrx_word' id='word_1_114' title='bbox 143 728 213 757; x_wconf 88' lang='lat' dir='ltr'><strong>enim</strong></span> <span class='ocrx_word' id='word_1_115' title='bbox 227 730 341 768; x_wconf 74' lang='lat' dir='ltr'><strong>perfecta</strong></span> <span class='ocrx_word' id='word_1_116' title='bbox 355 731 472 761; x_wconf 77' lang='lat' dir='ltr'><strong>caritatis</strong></span> <span class='ocrx_word' id='word_1_117' title='bbox 483 732 579 772; x_wconf 78' lang='lat' dir='ltr'><strong>gratia,</strong></span> <span class='ocrx_word' id='word_1_118' title='bbox 591 733 637 772; x_wconf 86' lang='lat' dir='ltr'><strong>qui</strong></span> <span class='ocrx_word' id='word_1_119' title='bbox 648 733 765 773; x_wconf 85' lang='lat' dir='ltr'><strong>amplius</strong></span> <span class='ocrx_word' id='word_1_120' title='bbox 775 732 882 762; x_wconf 77' lang='lat' dir='ltr'><strong>festinat</strong></span> 
     </span>
     <span class='ocr_line' id='line_1_19' title="bbox 142 767 882 810; baseline 0.008 -15"><span class='ocrx_word' id='word_1_121' title='bbox 142 767 204 797; x_wconf 84' lang='lat' dir='ltr'><strong>aliis</strong></span> <span class='ocrx_word' id='word_1_122' title='bbox 218 769 292 798; x_wconf 87' lang='lat' dir='ltr'><strong>utilis</strong></span> <span class='ocrx_word' id='word_1_123' title='bbox 305 777 330 799; x_wconf 87' lang='lat' dir='ltr'><strong>et</strong></span> <span class='ocrx_word' id='word_1_124' title='bbox 343 770 466 801; x_wconf 88' lang='lat' dir='ltr'><strong>lucrosus</strong></span> <span class='ocrx_word' id='word_1_125' title='bbox 477 781 534 801; x_wconf 90' lang='lat' dir='ltr'><strong>esse</strong></span> <span class='ocrx_word' id='word_1_126' title='bbox 544 783 625 810; x_wconf 86' lang='lat' dir='ltr'><strong>quam</strong></span> <span class='ocrx_word' id='word_1_127' title='bbox 636 772 700 804; x_wconf 83' lang='lat' dir='ltr'><strong>sibi,</strong></span> <span class='ocrx_word' id='word_1_128' title='bbox 715 774 748 801; x_wconf 75' lang='lat' dir='ltr'><strong>tt</strong></span> <span class='ocrx_word' id='word_1_129' title='bbox 758 794 764 801; x_wconf 95' lang='lat'>.</span> <span class='ocrx_word' id='word_1_130' title='bbox 775 772 819 801; x_wconf 79' lang='lat' dir='ltr'><strong>At</strong></span> <span class='ocrx_word' id='word_1_131' title='bbox 830 772 882 800; x_wconf 88' lang='lat' dir='ltr'><strong>ille</strong></span> 
     </span>
     <span class='ocr_line' id='line_1_20' title="bbox 142 809 914 851; baseline 0.006 -16"><span class='ocrx_word' id='word_1_132' title='bbox 142 809 319 846; x_wconf 81' lang='lat' dir='ltr'><strong>respondens</strong></span> <span class='ocrx_word' id='word_1_133' title='bbox 344 813 388 840; x_wconf 87' lang='lat' dir='ltr'><strong>ait</strong></span> <span class='ocrx_word' id='word_1_134' title='bbox 405 811 467 840; x_wconf 77' lang='lat' dir='ltr'><strong>illis</strong></span> <span class='ocrx_word' id='word_1_135' title='bbox 487 822 494 838; x_wconf 91' lang='grc'><strong>.-</strong></span> <span class='ocrx_word' id='word_1_136' title='bbox 518 812 596 851; x_wconf 81' lang='lat' dir='ltr'><strong>Quia</strong></span> <span class='ocrx_word' id='word_1_137' title='bbox 617 813 702 841; x_wconf 72' lang='lat' dir='ltr'><strong>‘vobis</strong></span> <span class='ocrx_word' id='word_1_138' title='bbox 721 812 824 841; x_wconf 85' lang='lat' dir='ltr'><strong>datum</strong></span> <span class='ocrx_word' id='word_1_139' title='bbox 839 818 882 840; x_wconf 85' lang='lat' dir='ltr'><strong>est</strong></span> <span class='ocrx_word' id='word_1_140' title='bbox 896 822 914 844; x_wconf 80' lang='lat' dir='ltr'>B</span> 
     </span>
     <span class='ocr_line' id='line_1_21' title="bbox 143 851 881 891; baseline 0.005 -15"><span class='ocrx_word' id='word_1_141' title='bbox 143 856 227 876; x_wconf 78' lang='lat' dir='ltr'><strong>nosse</strong></span> <span class='ocrx_word' id='word_1_142' title='bbox 236 853 407 885; x_wconf 79' lang='lat' dir='ltr'><strong>mysterium</strong></span> <span class='ocrx_word' id='word_1_143' title='bbox 416 853 498 891; x_wconf 77' lang='lat' dir='ltr'><strong>regni</strong></span> <span class='ocrx_word' id='word_1_144' title='bbox 505 851 643 880; x_wconf 81' lang='lat' dir='ltr'><strong>coelomm</strong></span> <span class='ocrx_word' id='word_1_145' title='bbox 656 852 791 888; x_wconf 82' lang='lat' dir='ltr'><strong>Quoniam</strong></span> <span class='ocrx_word' id='word_1_146' title='bbox 803 851 881 880; x_wconf 81' lang='lat' dir='ltr'><strong>multi</strong></span> 
     </span>
     <span class='ocr_line' id='line_1_22' title="bbox 141 886 882 931; baseline 0.008 -17"><span class='ocrx_word' id='word_1_147' title='bbox 141 895 176 915; x_wconf 86' lang='lat' dir='ltr'><strong>ex</strong></span> <span class='ocrx_word' id='word_1_148' title='bbox 195 886 238 916; x_wconf 84' lang='lat' dir='ltr'><strong>bis</strong></span> <span class='ocrx_word' id='word_1_149' title='bbox 259 889 348 921; x_wconf 84' lang='lat' dir='ltr'><strong>verbis</strong></span> <span class='ocrx_word' id='word_1_150' title='bbox 369 889 477 929; x_wconf 83' lang='lat' dir='ltr'><strong>culpam</strong></span> <span class='ocrx_word' id='word_1_151' title='bbox 492 890 658 931; x_wconf 71' lang='lat' dir='ltr'><strong>negligentiae</strong></span> <span class='ocrx_word' id='word_1_152' title='bbox 676 901 731 920; x_wconf 83' lang='lat' dir='ltr'><strong>suae</strong></span> <span class='ocrx_word' id='word_1_153' title='bbox 751 891 882 931; x_wconf 80' lang='lat' dir='ltr'><strong>imputant</strong></span> 
     </span>
     <span class='ocr_line' id='line_1_23' title="bbox 142 926 881 971; baseline 0.007 -17"><span class='ocrx_word' id='word_1_154' title='bbox 142 926 211 962; x_wconf 85' lang='lat' dir='ltr'><strong>Deo,</strong></span> <span class='ocrx_word' id='word_1_155' title='bbox 225 926 343 957; x_wconf 83' lang='lat' dir='ltr'><strong>dieentes</strong></span> <span class='ocrx_word' id='word_1_156' title='bbox 359 939 366 956; x_wconf 90' lang='lat'><strong>:</strong></span> <span class='ocrx_word' id='word_1_157' title='bbox 381 929 453 966; x_wconf 84' lang='lat' dir='ltr'><strong>Quia</strong></span> <span class='ocrx_word' id='word_1_158' title='bbox 467 939 519 958; x_wconf 82' lang='lat' dir='ltr'><strong>non</strong></span> <span class='ocrx_word' id='word_1_159' title='bbox 532 937 571 960; x_wconf 89' lang='lat' dir='ltr'><strong>est</strong></span> <span class='ocrx_word' id='word_1_160' title='bbox 583 941 642 960; x_wconf 87' lang='lat' dir='ltr'><strong>mea</strong></span> <span class='ocrx_word' id='word_1_161' title='bbox 653 931 745 971; x_wconf 86' lang='lat' dir='ltr'><strong>culpa,</strong></span> <span class='ocrx_word' id='word_1_162' title='bbox 759 930 781 959; x_wconf 87' lang='lat' dir='ltr'><strong>si</strong></span> <span class='ocrx_word' id='word_1_163' title='bbox 794 930 881 959; x_wconf 90' lang='lat' dir='ltr'><strong>nescio</strong></span> 
     </span>
     <span class='ocr_line' id='line_1_24' title="bbox 141 964 881 1010; baseline 0.004 -16"><span class='ocrx_word' id='word_1_164' title='bbox 141 964 215 1003; x_wconf 87' lang='lat' dir='ltr'><strong>quod</strong></span> <span class='ocrx_word' id='word_1_165' title='bbox 233 966 385 997; x_wconf 84' lang='lat' dir='ltr'><strong>mihiDeus</strong></span> <span class='ocrx_word' id='word_1_166' title='bbox 408 969 476 998; x_wconf 85' lang='lat' dir='ltr'><strong>scire</strong></span> <span class='ocrx_word' id='word_1_167' title='bbox 496 979 549 998; x_wconf 86' lang='lat' dir='ltr'><strong>non</strong></span> <span class='ocrx_word' id='word_1_168' title='bbox 568 969 700 1010; x_wconf 75' lang='lat' dir='ltr'><strong>praestitit.</strong></span> <span class='ocrx_word' id='word_1_169' title='bbox 717 971 753 999; x_wconf 88' lang='lat' dir='ltr'><strong>Et</strong></span> <span class='ocrx_word' id='word_1_170' title='bbox 770 970 821 999; x_wconf 83' lang='lat' dir='ltr'><strong>ista</strong></span> <span class='ocrx_word' id='word_1_171' title='bbox 834 969 881 998; x_wconf 90' lang='lat' dir='ltr'><strong>di-</strong></span> 
     </span>
     <span class='ocr_line' id='line_1_25' title="bbox 141 1006 881 1049; baseline 0.007 -17"><span class='ocrx_word' id='word_1_172' title='bbox 141 1011 218 1040; x_wconf 87' lang='lat' dir='ltr'><strong>cunt,</strong></span> <span class='ocrx_word' id='word_1_173' title='bbox 232 1015 284 1035; x_wconf 89' lang='lat' dir='ltr'><strong>non</strong></span> <span class='ocrx_word' id='word_1_174' title='bbox 298 1017 361 1036; x_wconf 87' lang='lat' dir='ltr'><strong>vere</strong></span> <span class='ocrx_word' id='word_1_175' title='bbox 370 1006 506 1046; x_wconf 79' lang='lat' dir='ltr'><strong>dolentes,</strong></span> <span class='ocrx_word' id='word_1_176' title='bbox 519 1009 582 1047; x_wconf 89' lang='lat' dir='ltr'><strong>quia</strong></span> <span class='ocrx_word' id='word_1_177' title='bbox 596 1019 647 1038; x_wconf 89' lang='lat' dir='ltr'><strong>non</strong></span> <span class='ocrx_word' id='word_1_178' title='bbox 661 1010 815 1049; x_wconf 81' lang='lat' dir='ltr'><strong>intelligunt</strong></span> <span class='ocrx_word' id='word_1_179' title='bbox 827 1009 881 1038; x_wconf 86' lang='lat' dir='ltr'><strong>ali-</strong></span> 
     </span>
     <span class='ocr_line' id='line_1_26' title="bbox 140 1043 881 1087; baseline 0.009 -15"><span class='ocrx_word' id='word_1_180' title='bbox 140 1043 208 1082; x_wconf 85' lang='lat' dir='ltr'><strong>quid</strong></span> <span class='ocrx_word' id='word_1_181' title='bbox 226 1045 296 1075; x_wconf 87' lang='lat' dir='ltr'><strong>circa</strong></span> <span class='ocrx_word' id='word_1_182' title='bbox 310 1048 408 1084; x_wconf 91' lang='lat' dir='ltr'><strong>Deum,</strong></span> <span class='ocrx_word' id='word_1_183' title='bbox 423 1047 471 1076; x_wconf 85' lang='lat' dir='ltr'><strong>sed</strong></span> <span class='ocrx_word' id='word_1_184' title='bbox 491 1056 784 1087; x_wconf 62' lang='lat' dir='ltr'><strong>peccatorum‘suorum</strong></span> <span class='ocrx_word' id='word_1_185' title='bbox 797 1059 881 1078; x_wconf 87' lang='lat' dir='ltr'><strong>excu-</strong></span> 
     </span>
     <span class='ocr_line' id='line_1_27' title="bbox 139 1083 879 1128; baseline 0.005 -16"><span class='ocrx_word' id='word_1_186' title='bbox 139 1083 268 1114; x_wconf 69' lang='lat' dir='ltr'><strong>sationem</strong></span> <span class='ocrx_word' id='word_1_187' title='bbox 291 1093 447 1124; x_wconf 59' lang='lat' dir='ltr'><strong>quaerentes.</strong></span> <span class='ocrx_word' id='word_1_188' title='bbox 461 1088 502 1116; x_wconf 90' lang='lat' dir='ltr'><strong>De</strong></span> <span class='ocrx_word' id='word_1_189' title='bbox 522 1088 622 1118; x_wconf 85' lang='lat' dir='ltr'><strong>talibus</strong></span> <span class='ocrx_word' id='word_1_190' title='bbox 642 1088 710 1118; x_wconf 88' lang='lat' dir='ltr'><strong>dicit</strong></span> <span class='ocrx_word' id='word_1_191' title='bbox 729 1088 879 1128; x_wconf 83' lang='lat' dir='ltr'><strong>propbeta:</strong></span> 
     </span>
     <span class='ocr_line' id='line_1_28' title="bbox 141 1123 881 1163; baseline 0.008 -12"><span class='ocrx_word' id='word_1_192' title='bbox 141 1123 210 1152; x_wconf 85' lang='lat' dir='ltr'><strong>Non</strong></span> <span class='ocrx_word' id='word_1_193' title='bbox 223 1124 353 1154; x_wconf 82' lang='lat' dir='ltr'><strong>declines</strong></span> <span class='ocrx_word' id='word_1_194' title='bbox 372 1136 423 1155; x_wconf 87' lang='lat' dir='ltr'><strong>cor</strong></span> <span class='ocrx_word' id='word_1_195' title='bbox 436 1137 530 1156; x_wconf 83' lang='lat' dir='ltr'><strong>meum</strong></span> <span class='ocrx_word' id='word_1_196' title='bbox 541 1129 573 1156; x_wconf 87' lang='lat' dir='ltr'><strong>in</strong></span> <span class='ocrx_word' id='word_1_197' title='bbox 589 1130 683 1157; x_wconf 85' lang='lat' dir='ltr'><strong>verba</strong></span> <span class='ocrx_word' id='word_1_198' title='bbox 696 1128 828 1163; x_wconf 79' lang='lat' dir='ltr'><strong>malitioe,</strong></span> <span class='ocrx_word' id='word_1_199' title='bbox 841 1128 881 1156; x_wconf 83' lang='lat' dir='ltr'><strong>ad</strong></span> 
     </span>
     <span class='ocr_line' id='line_1_29' title="bbox 140 1164 879 1207; baseline 0.009 -17"><span class='ocrx_word' id='word_1_200' title='bbox 140 1164 323 1194; x_wconf 73' lang='lat' dir='ltr'><strong>excusandas</strong></span> <span class='ocrx_word' id='word_1_201' title='bbox 344 1168 544 1196; x_wconf 78' lang='lat' dir='ltr'><strong>excusationes</strong></span> <span class='ocrx_word' id='word_1_202' title='bbox 553 1169 583 1196; x_wconf 84' lang='lat' dir='ltr'><strong>in</strong></span> <span class='ocrx_word' id='word_1_203' title='bbox 598 1169 737 1207; x_wconf 83' lang='lat' dir='ltr'><strong>peccatis,</strong></span> <span class='ocrx_word' id='word_1_204' title='bbox 748 1179 813 1205; x_wconf 72' lang='lat' dir='ltr'><strong>qun</strong></span> <span class='ocrx_word' id='word_1_205' title='bbox 827 1169 879 1197; x_wconf 78' lang='lat' dir='ltr'><strong>ho-</strong></span> 
     </span>
     <span class='ocr_line' id='line_1_30' title="bbox 140 1202 879 1246; baseline 0.011 -17"><span class='ocrx_word' id='word_1_206' title='bbox 140 1202 266 1232; x_wconf 81' lang='lat' dir='ltr'><strong>minibus</strong></span> <span class='ocrx_word' id='word_1_207' title='bbox 284 1207 471 1244; x_wconf 80' lang='lat' dir='ltr'><strong>operantt&#39;bus</strong></span> <span class='ocrx_word' id='word_1_208' title='bbox 487 1207 683 1246; x_wconf 82' lang='lat' dir='ltr'><strong>iniquitatem.</strong></span> <span class='ocrx_word' id='word_1_209' title='bbox 697 1207 763 1237; x_wconf 83' lang='lat' dir='ltr'><strong>Ideo</strong></span> <span class='ocrx_word' id='word_1_210' title='bbox 780 1207 815 1236; x_wconf 87' lang='lat' dir='ltr'><strong>de</strong></span> <span class='ocrx_word' id='word_1_211' title='bbox 829 1207 879 1237; x_wconf 88' lang='lat' dir='ltr'><strong>isto</strong></span> 
     </span>
     <span class='ocr_line' id='line_1_31' title="bbox 141 1240 878 1286; baseline 0.009 -17"><span class='ocrx_word' id='word_1_212' title='bbox 141 1240 200 1270; x_wconf 87' lang='lat' dir='ltr'><strong>loco</strong></span> <span class='ocrx_word' id='word_1_213' title='bbox 210 1242 317 1273; x_wconf 87' lang='lat' dir='ltr'><strong>modico</strong></span> <span class='ocrx_word' id='word_1_214' title='bbox 328 1245 493 1275; x_wconf 76' lang='lat' dir='ltr'><strong>manifestius</strong></span> <span class='ocrx_word' id='word_1_215' title='bbox 504 1246 658 1285; x_wconf 81' lang='lat' dir='ltr'><strong>loquamur.</strong></span> <span class='ocrx_word' id='word_1_216' title='bbox 665 1247 761 1277; x_wconf 89' lang='lat' dir='ltr'><strong>Omnis</strong></span> <span class='ocrx_word' id='word_1_217' title='bbox 769 1246 878 1286; x_wconf 87' lang='lat' dir='ltr'><strong>quidem</strong></span> 
     </span>
     <span class='ocr_line' id='line_1_32' title="bbox 140 1279 876 1326; baseline 0.011 -18"><span class='ocrx_word' id='word_1_218' title='bbox 140 1279 291 1311; x_wconf 85' lang='lat' dir='ltr'><strong>intellectus</strong></span> <span class='ocrx_word' id='word_1_219' title='bbox 300 1282 334 1312; x_wconf 84' lang='lat' dir='ltr'><strong>de</strong></span> <span class='ocrx_word' id='word_1_220' title='bbox 346 1284 449 1323; x_wconf 86' lang='lat' dir='ltr'><strong>Spiritu</strong></span> <span class='ocrx_word' id='word_1_221' title='bbox 463 1292 553 1315; x_wconf 84' lang='lat' dir='ltr'><strong>sancto</strong></span> <span class='ocrx_word' id='word_1_222' title='bbox 565 1294 614 1323; x_wconf 78' lang='lat' dir='ltr'><strong>est,</strong></span> <span class='ocrx_word' id='word_1_223' title='bbox 625 1293 652 1316; x_wconf 88' lang='lat' dir='ltr'><strong>et</strong></span> <span class='ocrx_word' id='word_1_224' title='bbox 664 1287 747 1326; x_wconf 79' lang='lat' dir='ltr'><strong>gratia</strong></span> <span class='ocrx_word' id='word_1_225' title='bbox 762 1286 812 1316; x_wconf 88' lang='lat' dir='ltr'><strong>Dei</strong></span> <span class='ocrx_word' id='word_1_226' title='bbox 823 1293 876 1315; x_wconf 85' lang='lat' dir='ltr'><strong>est:</strong></span> 
     </span>
     <span class='ocr_line' id='line_1_33' title="bbox 140 1321 876 1363; baseline 0.01 -15"><span class='ocrx_word' id='word_1_227' title='bbox 140 1325 228 1350; x_wconf 88' lang='lat' dir='ltr'><strong>tamen</strong></span> <span class='ocrx_word' id='word_1_228' title='bbox 239 1321 294 1351; x_wconf 85' lang='lat' dir='ltr'><strong>alia</strong></span> <span class='ocrx_word' id='word_1_229' title='bbox 306 1330 346 1352; x_wconf 87' lang='lat' dir='ltr'><strong>est</strong></span> <span class='ocrx_word' id='word_1_230' title='bbox 359 1324 454 1360; x_wconf 58' lang='lat' dir='ltr'><strong>«tatia,</strong></span> <span class='ocrx_word' id='word_1_231' title='bbox 466 1335 547 1363; x_wconf 89' lang='lat' dir='ltr'><strong>quam</strong></span> <span class='ocrx_word' id='word_1_232' title='bbox 558 1327 632 1356; x_wconf 81' lang='lat' dir='ltr'><strong>Deus</strong></span> <span class='ocrx_word' id='word_1_233' title='bbox 653 1326 778 1355; x_wconf 87' lang='lat' dir='ltr'><strong>omnibus</strong></span> <span class='ocrx_word' id='word_1_234' title='bbox 787 1326 876 1355; x_wconf 88' lang='lat' dir='ltr'><strong>homi-</strong></span> 
     </span>
     <span class='ocr_line' id='line_1_34' title="bbox 139 1346 877 1404; baseline 0.011 -17"><span class='ocrx_word' id='word_1_235' title='bbox 139 1358 220 1389; x_wconf 83' lang='lat' dir='ltr'><strong>nibus</strong></span> <span class='ocrx_word' id='word_1_236' title='bbox 232 1362 347 1392; x_wconf 87' lang='lat' dir='ltr'><strong>creando</strong></span> <span class='ocrx_word' id='word_1_237' title='bbox 357 1346 467 1394; x_wconf 64' lang='lat' dir='ltr'><strong>donavit</strong></span> <span class='ocrx_word' id='word_1_238' title='bbox 482 1375 489 1391; x_wconf 85' lang='lat'>:</span> <span class='ocrx_word' id='word_1_239' title='bbox 506 1364 558 1393; x_wconf 91' lang='lat' dir='ltr'><strong>alia</strong></span> <span class='ocrx_word' id='word_1_240' title='bbox 571 1372 621 1402; x_wconf 84' lang='lat' dir='ltr'><strong>est,</strong></span> <span class='ocrx_word' id='word_1_241' title='bbox 632 1376 713 1404; x_wconf 88' lang='lat' dir='ltr'><strong>quam</strong></span> <span class='ocrx_word' id='word_1_242' title='bbox 727 1375 779 1394; x_wconf 91' lang='lat' dir='ltr'><strong>non</strong></span> <span class='ocrx_word' id='word_1_243' title='bbox 790 1366 877 1395; x_wconf 85' lang='lat' dir='ltr'><strong>omni-</strong></span> 
     </span>
     <span class='ocr_line' id='line_1_35' title="bbox 138 1397 911 1443; baseline 0.009 -16"><span class='ocrx_word' id='word_1_244' title='bbox 138 1397 191 1428; x_wconf 70' lang='lat' dir='ltr'><strong>bus</strong></span> <span class='ocrx_word' id='word_1_245' title='bbox 208 1399 374 1438; x_wconf 85' lang='lat' dir='ltr'><strong>bominibus,</strong></span> <span class='ocrx_word' id='word_1_246' title='bbox 388 1403 437 1432; x_wconf 87' lang='lat' dir='ltr'><strong>sed</strong></span> <span class='ocrx_word' id='word_1_247' title='bbox 455 1402 624 1443; x_wconf 80' lang='lat' dir='ltr'><strong>dignioribus</strong></span> <span class='ocrx_word' id='word_1_248' title='bbox 641 1412 667 1434; x_wconf 90' lang='lat' dir='ltr'><strong>et</strong></span> <span class='ocrx_word' id='word_1_249' title='bbox 676 1405 874 1435; x_wconf 84' lang='lat' dir='ltr'><strong>excellentiori·</strong></span> <span class='ocrx_word' id='word_1_250' title='bbox 893 1410 911 1434; x_wconf 89' lang='lat' dir='ltr'>C</span> 
     </span>
     <span class='ocr_line' id='line_1_36' title="bbox 139 1437 877 1491; baseline 0.009 -24"><span class='ocrx_word' id='word_1_251' title='bbox 139 1437 193 1468; x_wconf 85' lang='lat' dir='ltr'><strong>bus</strong></span> <span class='ocrx_word' id='word_1_252' title='bbox 218 1446 244 1469; x_wconf 90' lang='lat' dir='ltr'><strong>et</strong></span> <span class='ocrx_word' id='word_1_253' title='bbox 267 1441 438 1472; x_wconf 82' lang='lat' dir='ltr'><strong>electioribus</strong></span> <span class='ocrx_word' id='word_1_254' title='bbox 464 1442 556 1473; x_wconf 83' lang='lat' dir='ltr'><strong>donat.</strong></span> <span class='ocrx_word' id='word_1_255' title='bbox 582 1444 657 1482; x_wconf 83' lang='lat' dir='ltr'><strong>Sicut</strong></span> <span class='ocrx_word' id='word_1_256' title='bbox 687 1445 877 1491; x_wconf 75' lang='lat' dir='ltr'><strong>paterfamilias</strong></span> 
     </span>
     <span class='ocr_line' id='line_1_37' title="bbox 140 1478 877 1523; baseline 0.009 -17"><span class='ocrx_word' id='word_1_257' title='bbox 140 1478 224 1508; x_wconf 89' lang='lat' dir='ltr'><strong>multa</strong></span> <span class='ocrx_word' id='word_1_258' title='bbox 238 1481 370 1522; x_wconf 76' lang='lat' dir='ltr'><strong>mancipia</strong></span> <span class='ocrx_word' id='word_1_259' title='bbox 386 1482 498 1519; x_wconf 87' lang='lat' dir='ltr'><strong>babens,</strong></span> <span class='ocrx_word' id='word_1_260' title='bbox 510 1483 636 1513; x_wconf 87' lang='lat' dir='ltr'><strong>omnibus</strong></span> <span class='ocrx_word' id='word_1_261' title='bbox 649 1484 758 1523; x_wconf 84' lang='lat' dir='ltr'><strong>quidem</strong></span> <span class='ocrx_word' id='word_1_262' title='bbox 772 1484 877 1513; x_wconf 89' lang='lat' dir='ltr'><strong>medio-</strong></span> 
     </span>
     <span class='ocr_line' id='line_1_38' title="bbox 138 1521 877 1562; baseline 0.007 -15"><span class='ocrx_word' id='word_1_263' title='bbox 138 1527 211 1547; x_wconf 83' lang='lat' dir='ltr'><strong>crem</strong></span> <span class='ocrx_word' id='word_1_264' title='bbox 235 1526 334 1557; x_wconf 81' lang='lat' dir='ltr'><strong>vestem</strong></span> <span class='ocrx_word' id='word_1_265' title='bbox 353 1521 410 1558; x_wconf 87' lang='lat' dir='ltr'><strong>dat,</strong></span> <span class='ocrx_word' id='word_1_266' title='bbox 429 1521 590 1552; x_wconf 83' lang='lat' dir='ltr'><strong>mediocrem</strong></span> <span class='ocrx_word' id='word_1_267' title='bbox 613 1533 744 1553; x_wconf 80' lang='lat' dir='ltr'><strong>annonam</strong></span> <span class='ocrx_word' id='word_1_268' title='bbox 763 1523 811 1552; x_wconf 89' lang='lat' dir='ltr'><strong>dat</strong></span> <span class='ocrx_word' id='word_1_269' title='bbox 828 1534 877 1562; x_wconf 88' lang='lat' dir='ltr'><strong>pro</strong></span> 
     </span>
     <span class='ocr_line' id='line_1_39' title="bbox 138 1556 878 1602; baseline 0.008 -17"><span class='ocrx_word' id='word_1_270' title='bbox 138 1556 230 1586; x_wconf 88' lang='lat' dir='ltr'><strong>debito</strong></span> <span class='ocrx_word' id='word_1_271' title='bbox 248 1558 362 1588; x_wconf 89' lang='lat' dir='ltr'><strong>dominii</strong></span> <span class='ocrx_word' id='word_1_272' title='bbox 383 1561 425 1589; x_wconf 89' lang='lat' dir='ltr'><strong>sui</strong></span> <span class='ocrx_word' id='word_1_273' title='bbox 442 1571 448 1587; x_wconf 90' lang='lat'>:</span> <span class='ocrx_word' id='word_1_274' title='bbox 463 1561 527 1599; x_wconf 85' lang='lat' dir='ltr'><strong>quia</strong></span> <span class='ocrx_word' id='word_1_275' title='bbox 544 1571 593 1590; x_wconf 87' lang='lat' dir='ltr'><strong>nec</strong></span> <span class='ocrx_word' id='word_1_276' title='bbox 609 1569 695 1602; x_wconf 86' lang='lat' dir='ltr'><strong>potest</strong></span> <span class='ocrx_word' id='word_1_277' title='bbox 715 1572 771 1591; x_wconf 86' lang='lat' dir='ltr'><strong>esse</strong></span> <span class='ocrx_word' id='word_1_278' title='bbox 784 1573 878 1591; x_wconf 83' lang='lat' dir='ltr'><strong>servus</strong></span> 
     </span>
     <span class='ocr_line' id='line_1_40' title="bbox 138 1597 878 1640; baseline 0.008 -15"><span class='ocrx_word' id='word_1_279' title='bbox 138 1597 208 1636; x_wconf 81' lang='lat' dir='ltr'><strong>ejus,</strong></span> <span class='ocrx_word' id='word_1_280' title='bbox 220 1598 272 1627; x_wconf 87' lang='lat' dir='ltr'><strong>nisi</strong></span> <span class='ocrx_word' id='word_1_281' title='bbox 291 1598 325 1627; x_wconf 89' lang='lat' dir='ltr'><strong>ab</strong></span> <span class='ocrx_word' id='word_1_282' title='bbox 345 1599 393 1628; x_wconf 92' lang='lat' dir='ltr'><strong>illo</strong></span> <span class='ocrx_word' id='word_1_283' title='bbox 404 1600 515 1629; x_wconf 87' lang='lat' dir='ltr'><strong>vestitus</strong></span> <span class='ocrx_word' id='word_1_284' title='bbox 528 1600 618 1637; x_wconf 85' lang='lat' dir='ltr'><strong>suerit,</strong></span> <span class='ocrx_word' id='word_1_285' title='bbox 632 1608 658 1630; x_wconf 90' lang='lat' dir='ltr'><strong>et</strong></span> <span class='ocrx_word' id='word_1_286' title='bbox 671 1602 787 1630; x_wconf 86' lang='lat' dir='ltr'><strong>nutritus</strong></span> <span class='ocrx_word' id='word_1_287' title='bbox 795 1612 804 1638; x_wconf 87' lang='lat'>;</span> <span class='ocrx_word' id='word_1_288' title='bbox 818 1602 878 1640; x_wconf 89' lang='lat' dir='ltr'><strong>qui-</strong></span> 
     </span>
     <span class='ocr_line' id='line_1_41' title="bbox 138 1635 878 1671; baseline 0.008 -6"><span class='ocrx_word' id='word_1_289' title='bbox 138 1635 254 1666; x_wconf 74' lang='lat' dir='ltr'><strong>busdam</strong></span> <span class='ocrx_word' id='word_1_290' title='bbox 271 1644 359 1667; x_wconf 85' lang='lat' dir='ltr'><strong>autem</strong></span> <span class='ocrx_word' id='word_1_291' title='bbox 373 1638 542 1668; x_wconf 84' lang='lat' dir='ltr'><strong>fidelioribus</strong></span> <span class='ocrx_word' id='word_1_292' title='bbox 555 1640 624 1669; x_wconf 86' lang='lat' dir='ltr'><strong>circa</strong></span> <span class='ocrx_word' id='word_1_293' title='bbox 638 1650 667 1669; x_wconf 86' lang='lat' dir='ltr'><strong>se</strong></span> <span class='ocrx_word' id='word_1_294' title='bbox 679 1640 726 1670; x_wconf 87' lang='lat' dir='ltr'><strong>dat</strong></span> <span class='ocrx_word' id='word_1_295' title='bbox 739 1640 878 1671; x_wconf 90' lang='lat' dir='ltr'><strong>meliorem</strong></span> 
     </span>
     <span class='ocr_line' id='line_1_42' title="bbox 139 1676 877 1720; baseline 0.008 -16"><span class='ocrx_word' id='word_1_296' title='bbox 139 1682 249 1710; x_wconf 84' lang='lat' dir='ltr'><strong>vestem,</strong></span> <span class='ocrx_word' id='word_1_297' title='bbox 260 1683 288 1705; x_wconf 87' lang='lat' dir='ltr'><strong>et</strong></span> <span class='ocrx_word' id='word_1_298' title='bbox 296 1676 479 1707; x_wconf 77' lang='lat' dir='ltr'><strong>delicatiorem</strong></span> <span class='ocrx_word' id='word_1_299' title='bbox 489 1689 632 1716; x_wconf 83' lang='lat' dir='ltr'><strong>annonam,</strong></span> <span class='ocrx_word' id='word_1_300' title='bbox 645 1689 696 1709; x_wconf 89' lang='lat' dir='ltr'><strong>non</strong></span> <span class='ocrx_word' id='word_1_301' title='bbox 709 1687 819 1720; x_wconf 84' lang='lat' dir='ltr'><strong>propter</strong></span> <span class='ocrx_word' id='word_1_302' title='bbox 829 1680 877 1710; x_wconf 89' lang='lat' dir='ltr'><strong>de-</strong></span> 
     </span>
     <span class='ocr_line' id='line_1_43' title="bbox 139 1714 878 1759; baseline 0.008 -16"><span class='ocrx_word' id='word_1_303' title='bbox 139 1714 227 1744; x_wconf 89' lang='lat' dir='ltr'><strong>bitum</strong></span> <span class='ocrx_word' id='word_1_304' title='bbox 244 1715 358 1746; x_wconf 89' lang='lat' dir='ltr'><strong>dominii</strong></span> <span class='ocrx_word' id='word_1_305' title='bbox 378 1717 431 1754; x_wconf 88' lang='lat' dir='ltr'><strong>sui,</strong></span> <span class='ocrx_word' id='word_1_306' title='bbox 446 1717 492 1747; x_wconf 86' lang='lat' dir='ltr'><strong>sed</strong></span> <span class='ocrx_word' id='word_1_307' title='bbox 506 1726 615 1759; x_wconf 89' lang='lat' dir='ltr'><strong>propter</strong></span> <span class='ocrx_word' id='word_1_308' title='bbox 635 1719 718 1748; x_wconf 91' lang='lat' dir='ltr'><strong>bonos</strong></span> <span class='ocrx_word' id='word_1_309' title='bbox 731 1730 817 1749; x_wconf 83' lang='lat' dir='ltr'><strong>mores</strong></span> <span class='ocrx_word' id='word_1_310' title='bbox 830 1731 878 1749; x_wconf 87' lang='lat' dir='ltr'><strong>eo—</strong></span> 
     </span>
     <span class='ocr_line' id='line_1_44' title="bbox 139 1755 876 1797; baseline 0.008 -14"><span class='ocrx_word' id='word_1_311' title='bbox 139 1765 200 1783; x_wconf 87' lang='lat' dir='ltr'><strong>rum</strong></span> <span class='ocrx_word' id='word_1_312' title='bbox 214 1767 220 1783; x_wconf 90' lang='lat'>:</span> <span class='ocrx_word' id='word_1_313' title='bbox 235 1755 272 1785; x_wconf 89' lang='lat' dir='ltr'><strong>sic</strong></span> <span class='ocrx_word' id='word_1_314' title='bbox 286 1763 312 1785; x_wconf 91' lang='lat' dir='ltr'><strong>et</strong></span> <span class='ocrx_word' id='word_1_315' title='bbox 324 1757 456 1786; x_wconf 81' lang='lat' dir='ltr'><strong>Dominus</strong></span> <span class='ocrx_word' id='word_1_316' title='bbox 475 1759 623 1796; x_wconf 78' lang='lat' dir='ltr'><strong>generalem</strong></span> <span class='ocrx_word' id='word_1_317' title='bbox 662 1759 768 1795; x_wconf 86' lang='lat' dir='ltr'><strong>ratiam,</strong></span> <span class='ocrx_word' id='word_1_318' title='bbox 783 1759 812 1789; x_wconf 85' lang='lat' dir='ltr'><strong>id</strong></span> <span class='ocrx_word' id='word_1_319' title='bbox 826 1767 876 1797; x_wconf 90' lang='lat' dir='ltr'><strong>est,</strong></span> 
     </span>
     <span class='ocr_line' id='line_1_45' title="bbox 139 1794 877 1828; baseline 0.008 -6"><span class='ocrx_word' id='word_1_320' title='bbox 139 1794 304 1824; x_wconf 86' lang='lat' dir='ltr'><strong>intellectum</strong></span> <span class='ocrx_word' id='word_1_321' title='bbox 315 1795 379 1825; x_wconf 89' lang='lat' dir='ltr'><strong>boni</strong></span> <span class='ocrx_word' id='word_1_322' title='bbox 392 1804 418 1826; x_wconf 89' lang='lat' dir='ltr'><strong>et</strong></span> <span class='ocrx_word' id='word_1_323' title='bbox 431 1797 496 1826; x_wconf 87' lang='lat' dir='ltr'><strong>mali</strong></span> <span class='ocrx_word' id='word_1_324' title='bbox 508 1798 632 1827; x_wconf 86' lang='lat' dir='ltr'><strong>omnihus</strong></span> <span class='ocrx_word' id='word_1_325' title='bbox 663 1805 689 1827; x_wconf 78' lang='lat' dir='ltr'><strong>at</strong></span> <span class='ocrx_word' id='word_1_326' title='bbox 722 1809 751 1828; x_wconf 93' lang='lat' dir='ltr'><strong>ro</strong></span> <span class='ocrx_word' id='word_1_327' title='bbox 765 1799 877 1828; x_wconf 88' lang='lat' dir='ltr'><strong>necessi-</strong></span> 
     </span>
     <span class='ocr_line' id='line_1_46' title="bbox 138 1809 877 1874; baseline 0.007 -11"><span class='ocrx_word' id='word_1_328' title='bbox 138 1840 191 1863; x_wconf 70' lang='lat' dir='ltr'><strong>tate</strong></span> <span class='ocrx_word' id='word_1_329' title='bbox 203 1841 303 1864; x_wconf 83' lang='lat' dir='ltr'><strong>naturae</strong></span> <span class='ocrx_word' id='word_1_330' title='bbox 319 1847 325 1863; x_wconf 73' lang='grc' dir='ltr'><em>τ</em></span> <span class='ocrx_word' id='word_1_331' title='bbox 343 1836 407 1874; x_wconf 86' lang='lat' dir='ltr'><strong>quia</strong></span> <span class='ocrx_word' id='word_1_332' title='bbox 424 1847 472 1866; x_wconf 87' lang='lat' dir='ltr'><strong>nec</strong></span> <span class='ocrx_word' id='word_1_333' title='bbox 484 1836 611 1867; x_wconf 87' lang='lat' dir='ltr'><strong>videmur</strong></span> <span class='ocrx_word' id='word_1_334' title='bbox 630 1848 687 1867; x_wconf 89' lang='lat' dir='ltr'><strong>esse</strong></span> <span class='ocrx_word' id='word_1_335' title='bbox 703 1809 824 1868; x_wconf 64' lang='lat' dir='ltr'><strong>homines</strong></span> <span class='ocrx_word' id='word_1_336' title='bbox 842 1838 877 1868; x_wconf 90' lang='lat' dir='ltr'><strong>ad</strong></span> 
     </span>
     <span class='ocr_line' id='line_1_47' title="bbox 138 1873 876 1911; baseline 0.007 -9"><span class='ocrx_word' id='word_1_337' title='bbox 138 1873 191 1902; x_wconf 88' lang='lat' dir='ltr'><strong>ima</strong></span> <span class='ocrx_word' id='word_1_338' title='bbox 212 1874 282 1904; x_wconf 90' lang='lat' dir='ltr'><strong>inem</strong></span> <span class='ocrx_word' id='word_1_339' title='bbox 301 1875 351 1904; x_wconf 87' lang='lat' dir='ltr'><strong>Dei</strong></span> <span class='ocrx_word' id='word_1_340' title='bbox 372 1876 468 1911; x_wconf 85' lang='lat' dir='ltr'><strong>creati,</strong></span> <span class='ocrx_word' id='word_1_341' title='bbox 490 1876 541 1905; x_wconf 87' lang='lat' dir='ltr'><strong>nisi</strong></span> <span class='ocrx_word' id='word_1_342' title='bbox 560 1876 734 1906; x_wconf 86' lang='lat' dir='ltr'><strong>babuerimus</strong></span> <span class='ocrx_word' id='word_1_343' title='bbox 751 1877 876 1908; x_wconf 84' lang='lat' dir='ltr'><strong>divinum</strong></span> 
     </span>
     <span class='ocr_line' id='line_1_48' title="bbox 138 1884 877 1957; baseline 0.005 -15"><span class='ocrx_word' id='word_1_344' title='bbox 138 1884 321 1952; x_wconf 59' lang='lat' dir='ltr'><strong>inteilectum5</strong></span> <span class='ocrx_word' id='word_1_345' title='bbox 332 1914 502 1955; x_wconf 82' lang='lat' dir='ltr'><strong>dignioribus</strong></span> <span class='ocrx_word' id='word_1_346' title='bbox 512 1922 599 1945; x_wconf 90' lang='lat' dir='ltr'><strong>autem</strong></span> <span class='ocrx_word' id='word_1_347' title='bbox 608 1916 653 1946; x_wconf 89' lang='lat' dir='ltr'><strong>dat</strong></span> <span class='ocrx_word' id='word_1_348' title='bbox 664 1917 804 1956; x_wconf 81' lang='lat' dir='ltr'><strong>specialem</strong></span> <span class='ocrx_word' id='word_1_349' title='bbox 815 1928 877 1957; x_wconf 86' lang='lat' dir='ltr'><strong>gra-</strong></span> 
     </span>
     <span class='ocr_line' id='line_1_49' title="bbox 138 1953 898 1998; baseline 0.005 -16"><span class='ocrx_word' id='word_1_350' title='bbox 138 1953 214 1998; x_wconf 79' lang='lat' dir='ltr'><strong>tiam,</strong></span> <span class='ocrx_word' id='word_1_351' title='bbox 227 1960 322 1994; x_wconf 87' lang='lat' dir='ltr'><strong>utputa</strong></span> <span class='ocrx_word' id='word_1_352' title='bbox 342 1954 519 1994; x_wconf 85' lang='lat' dir='ltr'><strong>cognoscendi</strong></span> <span class='ocrx_word' id='word_1_353' title='bbox 538 1957 674 1995; x_wconf 85' lang='lat' dir='ltr'><strong>mysteria,</strong></span> <span class='ocrx_word' id='word_1_354' title='bbox 694 1966 746 1985; x_wconf 93' lang='lat' dir='ltr'><strong>non</strong></span> <span class='ocrx_word' id='word_1_355' title='bbox 764 1967 814 1996; x_wconf 85' lang='lat' dir='ltr'><strong>pro</strong></span> <span class='ocrx_word' id='word_1_356' title='bbox 830 1967 877 1985; x_wconf 89' lang='lat' dir='ltr'><strong>ne·</strong></span> <span class='ocrx_word' id='word_1_357' title='bbox 896 1976 898 1979; x_wconf 46' lang='lat' dir='ltr'>v</span> 
     </span>
    </p>
   </div>
   <div class='ocr_carea' id='block_1_9' title="bbox 939 259 1828 541">
    <p class='ocr_par' dir='ltr' id='par_1_9' title="bbox 943 259 1714 339">
     <span class='ocr_line' id='line_1_50' title="bbox 944 259 1687 301; baseline 0.008 -15"><span class='ocrx_word' id='word_1_358' title='bbox 944 269 1013 296; x_wconf 88' lang='lat' dir='ltr'><strong>ram,</strong></span> <span class='ocrx_word' id='word_1_359' title='bbox 1027 270 1086 298; x_wconf 81' lang='lat' dir='ltr'><strong>quae</strong></span> <span class='ocrx_word' id='word_1_360' title='bbox 1098 259 1178 289; x_wconf 84' lang='lat' dir='ltr'><strong>datur</strong></span> <span class='ocrx_word' id='word_1_361' title='bbox 1187 271 1236 300; x_wconf 90' lang='lat' dir='ltr'><strong>pro</strong></span> <span class='ocrx_word' id='word_1_362' title='bbox 1250 261 1402 290; x_wconf 78' lang='lat' dir='ltr'><strong>necessitate</strong></span> <span class='ocrx_word' id='word_1_363' title='bbox 1412 268 1513 291; x_wconf 85' lang='lat' dir='ltr'><strong>naturae</strong></span> <span class='ocrx_word' id='word_1_364' title='bbox 1527 274 1534 291; x_wconf 88' lang='lat'>=</span> <span class='ocrx_word' id='word_1_365' title='bbox 1550 263 1687 301; x_wconf 91' lang='lat' dir='ltr'><strong>quomodo</strong></span> 
     </span>
     <span class='ocr_line' id='line_1_51' title="bbox 943 298 1714 339; baseline 0.008 -13"><span class='ocrx_word' id='word_1_366' title='bbox 943 298 1086 327; x_wconf 82' lang='lat' dir='ltr'><strong>mereberis</strong></span> <span class='ocrx_word' id='word_1_367' title='bbox 1097 299 1165 328; x_wconf 88' lang='lat' dir='ltr'><strong>hanc</strong></span> <span class='ocrx_word' id='word_1_368' title='bbox 1178 300 1330 339; x_wconf 76' lang='lat' dir='ltr'><strong>specialem,</strong></span> <span class='ocrx_word' id='word_1_369' title='bbox 1339 311 1398 339; x_wconf 84' lang='lat' dir='ltr'><strong>quae</strong></span> <span class='ocrx_word' id='word_1_370' title='bbox 1430 311 1460 330; x_wconf 92' lang='lat' dir='ltr'><strong>ro</strong></span> <span class='ocrx_word' id='word_1_371' title='bbox 1473 303 1686 332; x_wconf 83' lang='lat' dir='ltr'><strong>remuneratione</strong></span> <span class='ocrx_word' id='word_1_372' title='bbox 1711 331 1714 335; x_wconf 88' lang='grc'><em>,</em></span> 
     </span>
    </p>

    <p class='ocr_par' dir='ltr' id='par_1_10' title="bbox 941 336 1684 372">
     <span class='ocr_line' id='line_1_52' title="bbox 941 336 1684 372; baseline 0.009 -7"><span class='ocrx_word' id='word_1_373' title='bbox 941 336 1018 366; x_wconf 81' lang='lat' dir='ltr'><strong>bonae</strong></span> <span class='ocrx_word' id='word_1_374' title='bbox 1040 338 1185 368; x_wconf 86' lang='lat' dir='ltr'><strong>voluntatis</strong></span> <span class='ocrx_word' id='word_1_375' title='bbox 1201 346 1248 368; x_wconf 90' lang='lat' dir='ltr'><strong>aut</strong></span> <span class='ocrx_word' id='word_1_376' title='bbox 1270 349 1285 367; x_wconf 94' lang='grc' dir='ltr'><strong>ο</strong></span> <span class='ocrx_word' id='word_1_377' title='bbox 1306 350 1382 369; x_wconf 90' lang='lat' dir='ltr'><strong>erum</strong></span> <span class='ocrx_word' id='word_1_378' title='bbox 1427 340 1508 370; x_wconf 77' lang='lat' dir='ltr'><strong>atur?</strong></span> <span class='ocrx_word' id='word_1_379' title='bbox 1520 341 1556 370; x_wconf 88' lang='lat' dir='ltr'><strong>Et</strong></span> <span class='ocrx_word' id='word_1_380' title='bbox 1576 341 1626 371; x_wconf 87' lang='lat' dir='ltr'><strong>hoc</strong></span> <span class='ocrx_word' id='word_1_381' title='bbox 1645 349 1684 372; x_wconf 89' lang='lat' dir='ltr'><strong>est</strong></span> 
     </span>
    </p>

    <p class='ocr_par' dir='ltr' id='par_1_11' title="bbox 941 350 1828 455">
     <span class='ocr_line' id='line_1_53' title="bbox 941 350 1828 420; baseline 0.008 -15"><span class='ocrx_word' id='word_1_382' title='bbox 941 376 1014 414; x_wconf 86' lang='lat' dir='ltr'><strong>quod</strong></span> <span class='ocrx_word' id='word_1_383' title='bbox 1025 377 1095 406; x_wconf 88' lang='lat' dir='ltr'><strong>alius</strong></span> <span class='ocrx_word' id='word_1_384' title='bbox 1105 379 1268 417; x_wconf 82' lang='lat' dir='ltr'><strong>evangelista</strong></span> <span class='ocrx_word' id='word_1_385' title='bbox 1278 350 1344 408; x_wconf 73' lang='lat' dir='ltr'><strong>dicit</strong></span> <span class='ocrx_word' id='word_1_386' title='bbox 1358 379 1392 408; x_wconf 85' lang='lat' dir='ltr'><strong>de</strong></span> <span class='ocrx_word' id='word_1_387' title='bbox 1401 390 1478 409; x_wconf 86' lang='lat' dir='ltr'><strong>servo</strong></span> <span class='ocrx_word' id='word_1_388' title='bbox 1490 378 1570 419; x_wconf 77' lang='lat' dir='ltr'><strong>malo,</strong></span> <span class='ocrx_word' id='word_1_389' title='bbox 1584 381 1683 420; x_wconf 75' lang='lat' dir='ltr'><strong>quita-</strong></span> <span class='ocrx_word' id='word_1_390' title='bbox 1693 382 1776 404; x_wconf 71' lang='lat' dir='ltr'>Mssssh·</span> <span class='ocrx_word' id='word_1_391' title='bbox 1796 383 1828 406; x_wconf 64' lang='grc'><strong>«3-</strong></span> 
     </span>
     <span class='ocr_line' id='line_1_54' title="bbox 941 415 1681 455; baseline 0.008 -11"><span class='ocrx_word' id='word_1_392' title='bbox 941 415 1044 445; x_wconf 89' lang='lat' dir='ltr'><strong>lentum</strong></span> <span class='ocrx_word' id='word_1_393' title='bbox 1056 427 1135 446; x_wconf 90' lang='lat' dir='ltr'><strong>suum</strong></span> <span class='ocrx_word' id='word_1_394' title='bbox 1149 418 1288 447; x_wconf 83' lang='lat' dir='ltr'><strong>abscondit</strong></span> <span class='ocrx_word' id='word_1_395' title='bbox 1302 418 1449 455; x_wconf 85' lang='lat' dir='ltr'><strong>interram,</strong></span> <span class='ocrx_word' id='word_1_396' title='bbox 1464 426 1489 448; x_wconf 90' lang='lat' dir='ltr'><strong>et</strong></span> <span class='ocrx_word' id='word_1_397' title='bbox 1499 420 1605 449; x_wconf 88' lang='lat' dir='ltr'><strong>nullum</strong></span> <span class='ocrx_word' id='word_1_398' title='bbox 1619 421 1681 451; x_wconf 85' lang='lat' dir='ltr'><strong>fecit</strong></span> 
     </span>
    </p>

    <p class='ocr_par' dir='ltr' id='par_1_12' title="bbox 939 455 1680 498">
     <span class='ocr_line' id='line_1_55' title="bbox 939 455 1680 498; baseline 0.009 -15"><span class='ocrx_word' id='word_1_399' title='bbox 939 455 1057 485; x_wconf 82' lang='lat' dir='ltr'><strong>fructum</strong></span> <span class='ocrx_word' id='word_1_400' title='bbox 1077 456 1111 485; x_wconf 90' lang='lat' dir='ltr'><strong>de</strong></span> <span class='ocrx_word' id='word_1_401' title='bbox 1122 457 1171 486; x_wconf 92' lang='lat' dir='ltr'><strong>illo</strong></span> <span class='ocrx_word' id='word_1_402' title='bbox 1177 469 1186 495; x_wconf 85' lang='lat'>;</span> <span class='ocrx_word' id='word_1_403' title='bbox 1204 457 1335 486; x_wconf 88' lang='lat' dir='ltr'><strong>Dominus</strong></span> <span class='ocrx_word' id='word_1_404' title='bbox 1352 459 1410 498; x_wconf 83' lang='lat' dir='ltr'><strong>ejus</strong></span> <span class='ocrx_word' id='word_1_405' title='bbox 1424 469 1476 487; x_wconf 90' lang='lat' dir='ltr'><strong>non</strong></span> <span class='ocrx_word' id='word_1_406' title='bbox 1491 459 1580 489; x_wconf 87' lang='lat' dir='ltr'><strong>solum</strong></span> <span class='ocrx_word' id='word_1_407' title='bbox 1594 460 1680 490; x_wconf 84' lang='lat' dir='ltr'><strong>talen-</strong></span> 
     </span>
    </p>

    <p class='ocr_par' dir='ltr' id='par_1_13' title="bbox 940 495 1705 541">
     <span class='ocr_line' id='line_1_56' title="bbox 940 495 1705 541; baseline 0.008 -18"><span class='ocrx_word' id='word_1_408' title='bbox 940 501 998 524; x_wconf 86' lang='lat' dir='ltr'><strong>tum</strong></span> <span class='ocrx_word' id='word_1_409' title='bbox 1012 495 1073 524; x_wconf 91' lang='lat' dir='ltr'><strong>tulit</strong></span> <span class='ocrx_word' id='word_1_410' title='bbox 1089 495 1123 525; x_wconf 89' lang='lat' dir='ltr'><strong>de</strong></span> <span class='ocrx_word' id='word_1_411' title='bbox 1136 507 1177 532; x_wconf 86' lang='lat' dir='ltr'><strong>eo,</strong></span> <span class='ocrx_word' id='word_1_412' title='bbox 1193 496 1237 525; x_wconf 91' lang='lat' dir='ltr'><strong>sed</strong></span> <span class='ocrx_word' id='word_1_413' title='bbox 1253 496 1342 526; x_wconf 84' lang='lat' dir='ltr'><strong>adhuc</strong></span> <span class='ocrx_word' id='word_1_414' title='bbox 1352 498 1433 537; x_wconf 88' lang='lat' dir='ltr'><strong>jussit</strong></span> <span class='ocrx_word' id='word_1_415' title='bbox 1447 509 1508 527; x_wconf 90' lang='lat' dir='ltr'><strong>eum</strong></span> <span class='ocrx_word' id='word_1_416' title='bbox 1523 499 1615 538; x_wconf 87' lang='lat' dir='ltr'><strong>puniri</strong></span> <span class='ocrx_word' id='word_1_417' title='bbox 1630 510 1636 527; x_wconf 74' lang='grc' dir='ltr'><strong><em>ε</em></strong></span> <span class='ocrx_word' id='word_1_418' title='bbox 1651 501 1679 530; x_wconf 88' lang='lat' dir='ltr'><strong>id</strong></span> <span class='ocrx_word' id='word_1_419' title='bbox 1701 537 1705 541; x_wconf 73' lang='lat'><strong>.</strong></span> 
     </span>
    </p>
   </div>
   <div class='ocr_carea' id='block_1_10' title="bbox 920 535 1676 577">
    <p class='ocr_par' dir='ltr' id='par_1_14' title="bbox 920 535 1676 577">
     <span class='ocr_line' id='line_1_57' title="bbox 920 535 1676 577; baseline 0.008 -15"><span class='ocrx_word' id='word_1_420' title='bbox 920 536 922 541; x_wconf 52' lang='lat'>⁸</span> <span class='ocrx_word' id='word_1_421' title='bbox 938 541 988 568; x_wconf 83' lang='lat' dir='ltr'><strong>est,</strong></span> <span class='ocrx_word' id='word_1_422' title='bbox 1003 535 1080 573; x_wconf 86' lang='lat' dir='ltr'><strong>quasi</strong></span> <span class='ocrx_word' id='word_1_423' title='bbox 1097 545 1149 564; x_wconf 92' lang='lat' dir='ltr'><strong>non</strong></span> <span class='ocrx_word' id='word_1_424' title='bbox 1162 536 1367 565; x_wconf 83' lang='lat' dir='ltr'><strong>fructificantem</strong></span> <span class='ocrx_word' id='word_1_425' title='bbox 1385 537 1466 576; x_wconf 88' lang='lat' dir='ltr'><strong>jussit</strong></span> <span class='ocrx_word' id='word_1_426' title='bbox 1479 539 1570 577; x_wconf 90' lang='lat' dir='ltr'><strong>puniri</strong></span> <span class='ocrx_word' id='word_1_427' title='bbox 1590 549 1676 571; x_wconf 81' lang='lat' dir='ltr'><strong>reum.</strong></span> 
     </span>
    </p>
   </div>
   <div class='ocr_carea' id='block_1_11' title="bbox 926 573 1826 2023">
    <p class='ocr_par' dir='ltr' id='par_1_15' title="bbox 942 573 1678 615">
     <span class='ocr_line' id='line_1_58' title="bbox 942 573 1678 615; baseline 0.005 -11"><span class='ocrx_word' id='word_1_428' title='bbox 942 573 1012 604; x_wconf 85' lang='lat' dir='ltr'><strong>Vide</strong></span> <span class='ocrx_word' id='word_1_429' title='bbox 1030 575 1093 612; x_wconf 85' lang='lat' dir='ltr'><strong>quia</strong></span> <span class='ocrx_word' id='word_1_430' title='bbox 1114 575 1222 615; x_wconf 83' lang='lat' dir='ltr'><strong>paratus</strong></span> <span class='ocrx_word' id='word_1_431' title='bbox 1238 575 1290 604; x_wconf 82' lang='lat' dir='ltr'><strong>fuit</strong></span> <span class='ocrx_word' id='word_1_432' title='bbox 1300 583 1327 605; x_wconf 90' lang='lat' dir='ltr'><strong>et</strong></span> <span class='ocrx_word' id='word_1_433' title='bbox 1340 576 1450 605; x_wconf 87' lang='lat' dir='ltr'><strong>alteram</strong></span> <span class='ocrx_word' id='word_1_434' title='bbox 1465 578 1577 615; x_wconf 83' lang='lat' dir='ltr'><strong>gratiam</strong></span> <span class='ocrx_word' id='word_1_435' title='bbox 1591 578 1614 607; x_wconf 88' lang='lat' dir='ltr'><strong>ei</strong></span> <span class='ocrx_word' id='word_1_436' title='bbox 1628 579 1678 608; x_wconf 88' lang='lat' dir='ltr'><strong>do-</strong></span> 
     </span>
    </p>

    <p class='ocr_par' dir='ltr' id='par_1_16' title="bbox 937 613 1677 655">
     <span class='ocr_line' id='line_1_59' title="bbox 937 613 1677 655; baseline 0.007 -14"><span class='ocrx_word' id='word_1_437' title='bbox 937 622 1009 648; x_wconf 88' lang='lat' dir='ltr'><strong>nare,</strong></span> <span class='ocrx_word' id='word_1_438' title='bbox 1021 613 1044 642; x_wconf 89' lang='lat' dir='ltr'><strong>si</strong></span> <span class='ocrx_word' id='word_1_439' title='bbox 1058 614 1175 644; x_wconf 81' lang='lat' dir='ltr'><strong>fructum</strong></span> <span class='ocrx_word' id='word_1_440' title='bbox 1193 615 1296 644; x_wconf 79' lang='lat' dir='ltr'><strong>fecisset</strong></span> <span class='ocrx_word' id='word_1_441' title='bbox 1313 614 1347 644; x_wconf 89' lang='lat' dir='ltr'><strong>de</strong></span> <span class='ocrx_word' id='word_1_442' title='bbox 1359 616 1454 655; x_wconf 85' lang='lat' dir='ltr'><strong>prima.</strong></span> <span class='ocrx_word' id='word_1_443' title='bbox 1468 618 1516 645; x_wconf 65' lang='lat'><strong>12.</strong></span> <span class='ocrx_word' id='word_1_444' title='bbox 1531 618 1588 655; x_wconf 83' lang='lat' dir='ltr'><strong>Qui</strong></span> <span class='ocrx_word' id='word_1_445' title='bbox 1600 620 1677 647; x_wconf 76' lang='lat' dir='ltr'><strong>enim</strong></span> 
     </span>
    </p>

    <p class='ocr_par' dir='ltr' id='par_1_17' title="bbox 937 653 1676 695">
     <span class='ocr_line' id='line_1_60' title="bbox 937 653 1676 695; baseline 0.008 -15"><span class='ocrx_word' id='word_1_446' title='bbox 937 653 1036 689; x_wconf 82' lang='lat' dir='ltr'><strong>habet,</strong></span> <span class='ocrx_word' id='word_1_447' title='bbox 1050 653 1169 683; x_wconf 77' lang='lat' dir='ltr'><strong>dabitur</strong></span> <span class='ocrx_word' id='word_1_448' title='bbox 1179 656 1213 690; x_wconf 88' lang='lat' dir='ltr'><strong>ei,</strong></span> <span class='ocrx_word' id='word_1_449' title='bbox 1223 661 1251 683; x_wconf 87' lang='lat' dir='ltr'><strong>et</strong></span> <span class='ocrx_word' id='word_1_450' title='bbox 1262 654 1434 684; x_wconf 82' lang='lat' dir='ltr'><strong>abundabit.</strong></span> <span class='ocrx_word' id='word_1_451' title='bbox 1443 656 1482 684; x_wconf 91' lang='lat' dir='ltr'><strong>Ut</strong></span> <span class='ocrx_word' id='word_1_452' title='bbox 1494 656 1601 686; x_wconf 85' lang='lat' dir='ltr'><strong>habenti</strong></span> <span class='ocrx_word' id='word_1_453' title='bbox 1615 658 1676 695; x_wconf 87' lang='lat' dir='ltr'><strong>qui-</strong></span> 
     </span>
    </p>

    <p class='ocr_par' dir='ltr' id='par_1_18' title="bbox 935 690 1674 734">
     <span class='ocr_line' id='line_1_61' title="bbox 935 690 1674 734; baseline 0.008 -14"><span class='ocrx_word' id='word_1_454' title='bbox 935 690 996 721; x_wconf 82' lang='lat' dir='ltr'><strong>dem</strong></span> <span class='ocrx_word' id='word_1_455' title='bbox 1019 692 1144 729; x_wconf 86' lang='lat' dir='ltr'><strong>addatur,</strong></span> <span class='ocrx_word' id='word_1_456' title='bbox 1158 694 1286 734; x_wconf 86' lang='lat' dir='ltr'><strong>possibile</strong></span> <span class='ocrx_word' id='word_1_457' title='bbox 1308 701 1346 723; x_wconf 86' lang='lat' dir='ltr'><strong>est</strong></span> <span class='ocrx_word' id='word_1_458' title='bbox 1363 706 1369 722; x_wconf 91' lang='lat'>:</span> <span class='ocrx_word' id='word_1_459' title='bbox 1385 694 1550 734; x_wconf 87' lang='lat' dir='ltr'><strong>impossibile</strong></span> <span class='ocrx_word' id='word_1_460' title='bbox 1572 703 1674 734; x_wconf 82' lang='lat' dir='ltr'><strong>antem,</strong></span> 
     </span>
    </p>

    <p class='ocr_par' dir='ltr' id='par_1_19' title="bbox 935 733 1676 776">
     <span class='ocr_line' id='line_1_62' title="bbox 935 733 1676 776; baseline 0.008 -17"><span class='ocrx_word' id='word_1_461' title='bbox 935 738 965 760; x_wconf 89' lang='lat' dir='ltr'><strong>ut</strong></span> <span class='ocrx_word' id='word_1_462' title='bbox 978 733 1114 762; x_wconf 80' lang='lat' dir='ltr'><strong>auferatur</strong></span> <span class='ocrx_word' id='word_1_463' title='bbox 1127 733 1161 762; x_wconf 91' lang='lat' dir='ltr'><strong>ab</strong></span> <span class='ocrx_word' id='word_1_464' title='bbox 1179 744 1210 762; x_wconf 89' lang='lat' dir='ltr'><strong>eo</strong></span> <span class='ocrx_word' id='word_1_465' title='bbox 1223 733 1270 772; x_wconf 88' lang='lat' dir='ltr'><strong>qui</strong></span> <span class='ocrx_word' id='word_1_466' title='bbox 1287 744 1340 763; x_wconf 90' lang='lat' dir='ltr'><strong>non</strong></span> <span class='ocrx_word' id='word_1_467' title='bbox 1355 734 1444 763; x_wconf 77' lang='lat' dir='ltr'><strong>habet.</strong></span> <span class='ocrx_word' id='word_1_468' title='bbox 1460 735 1602 770; x_wconf 88' lang='lat' dir='ltr'><strong>Quomodo</strong></span> <span class='ocrx_word' id='word_1_469' title='bbox 1617 747 1676 776; x_wconf 90' lang='lat' dir='ltr'><strong>pro-</strong></span> 
     </span>
    </p>

    <p class='ocr_par' dir='ltr' id='par_1_20' title="bbox 934 770 1826 852">
     <span class='ocr_line' id='line_1_63' title="bbox 935 770 1826 814; baseline 0.008 -14"><span class='ocrx_word' id='word_1_470' title='bbox 935 770 1023 805; x_wconf 75' lang='lat' dir='ltr'><strong>cedit?</strong></span> <span class='ocrx_word' id='word_1_471' title='bbox 1039 772 1069 801; x_wconf 90' lang='lat' dir='ltr'><strong>Si</strong></span> <span class='ocrx_word' id='word_1_472' title='bbox 1081 773 1152 802; x_wconf 87' lang='lat' dir='ltr'><strong>enim</strong></span> <span class='ocrx_word' id='word_1_473' title='bbox 1166 772 1272 802; x_wconf 87' lang='lat' dir='ltr'><strong>tollitur</strong></span> <span class='ocrx_word' id='word_1_474' title='bbox 1285 773 1320 802; x_wconf 86' lang='lat' dir='ltr'><strong>ab</strong></span> <span class='ocrx_word' id='word_1_475' title='bbox 1333 784 1364 802; x_wconf 91' lang='lat' dir='ltr'><strong>eo</strong></span> <span class='ocrx_word' id='word_1_476' title='bbox 1394 773 1447 803; x_wconf 90' lang='lat' dir='ltr'><strong>uod</strong></span> <span class='ocrx_word' id='word_1_477' title='bbox 1458 773 1480 812; x_wconf 85' lang='lat'>†</span> <span class='ocrx_word' id='word_1_478' title='bbox 1491 784 1543 803; x_wconf 90' lang='lat' dir='ltr'><strong>non</strong></span> <span class='ocrx_word' id='word_1_479' title='bbox 1554 775 1650 805; x_wconf 88' lang='lat' dir='ltr'><strong>habuit</strong></span> <span class='ocrx_word' id='word_1_480' title='bbox 1665 787 1671 804; x_wconf 90' lang='lat'>:</span> <span class='ocrx_word' id='word_1_481' title='bbox 1684 786 1826 814; x_wconf 57' lang='grc' dir='ltr'><strong>γᾳιιοηιοςιο.</strong></span> 
     </span>
     <span class='ocr_line' id='line_1_64' title="bbox 934 784 1675 852; baseline 0.007 -13"><span class='ocrx_word' id='word_1_482' title='bbox 934 810 957 838; x_wconf 89' lang='lat' dir='ltr'><strong>si</strong></span> <span class='ocrx_word' id='word_1_483' title='bbox 971 818 1059 840; x_wconf 88' lang='lat' dir='ltr'><strong>antem</strong></span> <span class='ocrx_word' id='word_1_484' title='bbox 1071 822 1124 841; x_wconf 94' lang='lat' dir='ltr'><strong>non</strong></span> <span class='ocrx_word' id='word_1_485' title='bbox 1137 812 1242 848; x_wconf 86' lang='lat' dir='ltr'><strong>habuit,</strong></span> <span class='ocrx_word' id='word_1_486' title='bbox 1257 812 1325 852; x_wconf 89' lang='lat' dir='ltr'><strong>quid</strong></span> <span class='ocrx_word' id='word_1_487' title='bbox 1345 784 1451 842; x_wconf 74' lang='lat' dir='ltr'><strong>toiiitur</strong></span> <span class='ocrx_word' id='word_1_488' title='bbox 1461 814 1495 842; x_wconf 84' lang='lat' dir='ltr'><strong>ab</strong></span> <span class='ocrx_word' id='word_1_489' title='bbox 1508 814 1558 843; x_wconf 74' lang='lat' dir='ltr'><strong>eo?</strong></span> <span class='ocrx_word' id='word_1_490' title='bbox 1572 814 1626 844; x_wconf 86' lang='lat' dir='ltr'><strong>Sed</strong></span> <span class='ocrx_word' id='word_1_491' title='bbox 1638 815 1675 845; x_wconf 88' lang='lat' dir='ltr'><strong>ita</strong></span> 
     </span>
    </p>

    <p class='ocr_par' dir='ltr' id='par_1_21' title="bbox 934 850 1675 890">
     <span class='ocr_line' id='line_1_65' title="bbox 934 850 1675 890; baseline 0.007 -11"><span class='ocrx_word' id='word_1_492' title='bbox 934 850 1055 889; x_wconf 87' lang='lat' dir='ltr'><strong>procedit</strong></span> <span class='ocrx_word' id='word_1_493' title='bbox 1071 861 1077 878; x_wconf 91' lang='lat'>:</span> <span class='ocrx_word' id='word_1_494' title='bbox 1091 851 1148 888; x_wconf 89' lang='lat' dir='ltr'><strong>Qui</strong></span> <span class='ocrx_word' id='word_1_495' title='bbox 1172 851 1253 881; x_wconf 82' lang='lat' dir='ltr'><strong>habet</strong></span> <span class='ocrx_word' id='word_1_496' title='bbox 1265 853 1383 890; x_wconf 85' lang='lat' dir='ltr'><strong>aliquem</strong></span> <span class='ocrx_word' id='word_1_497' title='bbox 1397 852 1571 889; x_wconf 84' lang='lat' dir='ltr'><strong>intellectum,</strong></span> <span class='ocrx_word' id='word_1_498' title='bbox 1584 861 1610 883; x_wconf 87' lang='lat' dir='ltr'><strong>et</strong></span> <span class='ocrx_word' id='word_1_499' title='bbox 1622 865 1675 884; x_wconf 90' lang='lat' dir='ltr'><strong>non</strong></span> 
     </span>
    </p>

    <p class='ocr_par' dir='ltr' id='par_1_22' title="bbox 933 890 1675 932">
     <span class='ocr_line' id='line_1_66' title="bbox 933 890 1675 932; baseline 0.007 -14"><span class='ocrx_word' id='word_1_500' title='bbox 933 890 996 919; x_wconf 82' lang='lat' dir='ltr'><strong>facit</strong></span> <span class='ocrx_word' id='word_1_501' title='bbox 1012 901 1075 920; x_wconf 87' lang='lat' dir='ltr'><strong>cum</strong></span> <span class='ocrx_word' id='word_1_502' title='bbox 1096 890 1144 920; x_wconf 91' lang='lat' dir='ltr'><strong>illo</strong></span> <span class='ocrx_word' id='word_1_503' title='bbox 1162 891 1295 931; x_wconf 81' lang='lat' dir='ltr'><strong>justitiam</strong></span> <span class='ocrx_word' id='word_1_504' title='bbox 1316 893 1490 931; x_wconf 84' lang='lat' dir='ltr'><strong>pertinentem</strong></span> <span class='ocrx_word' id='word_1_505' title='bbox 1508 893 1543 922; x_wconf 79' lang='lat' dir='ltr'><strong>ad</strong></span> <span class='ocrx_word' id='word_1_506' title='bbox 1561 893 1675 932; x_wconf 81' lang='lat' dir='ltr'><strong>gloriam</strong></span> 
     </span>
    </p>

    <p class='ocr_par' dir='ltr' id='par_1_23' title="bbox 933 929 1672 972">
     <span class='ocr_line' id='line_1_67' title="bbox 933 929 1672 972; baseline 0.005 -14"><span class='ocrx_word' id='word_1_507' title='bbox 933 929 1052 966; x_wconf 86' lang='lat' dir='ltr'><strong>Dei,sed</strong></span> <span class='ocrx_word' id='word_1_508' title='bbox 1063 937 1176 959; x_wconf 89' lang='lat' dir='ltr'><strong>econtra</strong></span> <span class='ocrx_word' id='word_1_509' title='bbox 1189 930 1259 960; x_wconf 88' lang='lat' dir='ltr'><strong>circa</strong></span> <span class='ocrx_word' id='word_1_510' title='bbox 1280 942 1321 960; x_wconf 86' lang='lat' dir='ltr'><strong>res</strong></span> <span class='ocrx_word' id='word_1_511' title='bbox 1333 938 1449 961; x_wconf 84' lang='lat' dir='ltr'><strong>terrenas</strong></span> <span class='ocrx_word' id='word_1_512' title='bbox 1467 939 1579 972; x_wconf 82' lang='lat' dir='ltr'><strong>occupat</strong></span> <span class='ocrx_word' id='word_1_513' title='bbox 1599 944 1672 970; x_wconf 86' lang='lat' dir='ltr'><strong>eum,</strong></span> 
     </span>
    </p>

    <p class='ocr_par' dir='ltr' id='par_1_24' title="bbox 933 968 1672 1009">
     <span class='ocr_line' id='line_1_68' title="bbox 933 968 1672 1009; baseline 0.005 -12"><span class='ocrx_word' id='word_1_514' title='bbox 933 968 1034 998; x_wconf 82' lang='lat' dir='ltr'><strong>habens</strong></span> <span class='ocrx_word' id='word_1_515' title='bbox 1044 979 1096 998; x_wconf 90' lang='lat' dir='ltr'><strong>non</strong></span> <span class='ocrx_word' id='word_1_516' title='bbox 1107 969 1214 999; x_wconf 88' lang='lat' dir='ltr'><strong>videtur</strong></span> <span class='ocrx_word' id='word_1_517' title='bbox 1224 970 1335 999; x_wconf 87' lang='lat' dir='ltr'><strong>habere:</strong></span> <span class='ocrx_word' id='word_1_518' title='bbox 1343 971 1406 1009; x_wconf 86' lang='lat' dir='ltr'><strong>quia</strong></span> <span class='ocrx_word' id='word_1_519' title='bbox 1417 978 1546 1009; x_wconf 89' lang='lat' dir='ltr'><strong>quantum</strong></span> <span class='ocrx_word' id='word_1_520' title='bbox 1558 972 1592 1001; x_wconf 90' lang='lat' dir='ltr'><strong>ad</strong></span> <span class='ocrx_word' id='word_1_521' title='bbox 1601 983 1672 1007; x_wconf 72' lang='lat' dir='ltr'><strong>eum,</strong></span> 
     </span>
    </p>

    <p class='ocr_par' dir='ltr' id='par_1_25' title="bbox 934 1008 1674 1050">
     <span class='ocr_line' id='line_1_69' title="bbox 934 1008 1674 1050; baseline 0.008 -14"><span class='ocrx_word' id='word_1_522' title='bbox 934 1008 1041 1045; x_wconf 88' lang='lat' dir='ltr'><strong>videns,</strong></span> <span class='ocrx_word' id='word_1_523' title='bbox 1048 1020 1133 1039; x_wconf 84' lang='lat' dir='ltr'><strong>caecus</strong></span> <span class='ocrx_word' id='word_1_524' title='bbox 1141 1008 1242 1038; x_wconf 90' lang='lat' dir='ltr'><strong>dicitur</strong></span> <span class='ocrx_word' id='word_1_525' title='bbox 1251 1019 1315 1039; x_wconf 88' lang='lat' dir='ltr'><strong>csse.</strong></span> <span class='ocrx_word' id='word_1_526' title='bbox 1322 1011 1382 1039; x_wconf 91' lang='lat' dir='ltr'><strong>Non</strong></span> <span class='ocrx_word' id='word_1_527' title='bbox 1392 1010 1533 1050; x_wconf 87' lang='lat' dir='ltr'><strong>habet‚qui</strong></span> <span class='ocrx_word' id='word_1_528' title='bbox 1542 1012 1597 1040; x_wconf 88' lang='lat' dir='ltr'><strong>Deo</strong></span> <span class='ocrx_word' id='word_1_529' title='bbox 1605 1013 1674 1042; x_wconf 89' lang='lat' dir='ltr'><strong>nihil</strong></span> 
     </span>
    </p>

    <p class='ocr_par' dir='ltr' id='par_1_26' title="bbox 934 1048 1672 1089">
     <span class='ocr_line' id='line_1_70' title="bbox 934 1048 1672 1089; baseline 0.007 -13"><span class='ocrx_word' id='word_1_530' title='bbox 934 1048 994 1078; x_wconf 88' lang='lat' dir='ltr'><strong>fert.</strong></span> <span class='ocrx_word' id='word_1_531' title='bbox 1009 1048 1084 1079; x_wconf 89' lang='lat' dir='ltr'><strong>Sicut</strong></span> <span class='ocrx_word' id='word_1_532' title='bbox 1099 1049 1190 1085; x_wconf 87' lang='lat' dir='ltr'><strong>homo,</strong></span> <span class='ocrx_word' id='word_1_533' title='bbox 1203 1049 1281 1089; x_wconf 88' lang='lat' dir='ltr'><strong>cujus</strong></span> <span class='ocrx_word' id='word_1_534' title='bbox 1297 1049 1369 1078; x_wconf 91' lang='lat' dir='ltr'><strong>oculi</strong></span> <span class='ocrx_word' id='word_1_535' title='bbox 1387 1049 1554 1088; x_wconf 86' lang='lat' dir='ltr'><strong>iniquitatem</strong></span> <span class='ocrx_word' id='word_1_536' title='bbox 1569 1051 1672 1089; x_wconf 86' lang='lat' dir='ltr'><strong>vident,</strong></span> 
     </span>
    </p>

    <p class='ocr_par' dir='ltr' id='par_1_27' title="bbox 934 1088 1674 1127">
     <span class='ocr_line' id='line_1_71' title="bbox 934 1088 1674 1127; baseline 0.005 -11"><span class='ocrx_word' id='word_1_537' title='bbox 934 1097 986 1117; x_wconf 91' lang='lat' dir='ltr'><strong>non</strong></span> <span class='ocrx_word' id='word_1_538' title='bbox 1000 1088 1161 1127; x_wconf 81' lang='lat' dir='ltr'><strong>aequitatem,</strong></span> <span class='ocrx_word' id='word_1_539' title='bbox 1178 1095 1308 1127; x_wconf 90' lang='lat' dir='ltr'><strong>quantum</strong></span> <span class='ocrx_word' id='word_1_540' title='bbox 1320 1088 1356 1117; x_wconf 88' lang='lat' dir='ltr'><strong>ad</strong></span> <span class='ocrx_word' id='word_1_541' title='bbox 1369 1090 1456 1118; x_wconf 91' lang='lat' dir='ltr'><strong>Deum</strong></span> <span class='ocrx_word' id='word_1_542' title='bbox 1470 1090 1575 1126; x_wconf 87' lang='lat' dir='ltr'><strong>videns,</strong></span> <span class='ocrx_word' id='word_1_543' title='bbox 1589 1101 1674 1120; x_wconf 80' lang='lat' dir='ltr'><strong>caecus</strong></span> 
     </span>
    </p>

    <p class='ocr_par' dir='ltr' id='par_1_28' title="bbox 932 1126 1823 1208">
     <span class='ocr_line' id='line_1_72' title="bbox 932 1126 1823 1168; baseline 0.006 -12"><span class='ocrx_word' id='word_1_544' title='bbox 932 1126 1033 1157; x_wconf 87' lang='lat' dir='ltr'><strong>dieitur</strong></span> <span class='ocrx_word' id='word_1_545' title='bbox 1046 1138 1114 1164; x_wconf 82' lang='lat' dir='ltr'><strong>esse,</strong></span> <span class='ocrx_word' id='word_1_546' title='bbox 1125 1127 1194 1157; x_wconf 89' lang='lat' dir='ltr'><strong>sicut</strong></span> <span class='ocrx_word' id='word_1_547' title='bbox 1206 1127 1336 1168; x_wconf 87' lang='lat' dir='ltr'><strong>scriptum</strong></span> <span class='ocrx_word' id='word_1_548' title='bbox 1348 1135 1387 1157; x_wconf 91' lang='lat' dir='ltr'><strong>est</strong></span> <span class='ocrx_word' id='word_1_549' title='bbox 1401 1141 1407 1157; x_wconf 75' lang='grc' dir='ltr'><strong>ε</strong></span> <span class='ocrx_word' id='word_1_550' title='bbox 1421 1128 1516 1158; x_wconf 77' lang='lat' dir='ltr'><strong>Sinite</strong></span> <span class='ocrx_word' id='word_1_551' title='bbox 1529 1140 1590 1166; x_wconf 64' lang='grc' dir='ltr'><strong>επ,-</strong></span> <span class='ocrx_word' id='word_1_552' title='bbox 1605 1133 1675 1160; x_wconf 80' lang='lat' dir='ltr'><strong>coeci</strong></span> <span class='ocrx_word' id='word_1_553' title='bbox 1683 1144 1769 1165; x_wconf 79' lang='lat' dir='ltr'><strong>Mauh.</strong></span> <span class='ocrx_word' id='word_1_554' title='bbox 1788 1151 1823 1166; x_wconf 67' lang='grc' dir='ltr'><strong>ω,</strong></span> 
     </span>
     <span class='ocr_line' id='line_1_73' title="bbox 933 1167 1721 1208; baseline 0.005 -12"><span class='ocrx_word' id='word_1_555' title='bbox 933 1173 1011 1203; x_wconf 82' lang='lat' dir='ltr'><strong>sunt,</strong></span> <span class='ocrx_word' id='word_1_556' title='bbox 1024 1174 1053 1196; x_wconf 83' lang='lat' dir='ltr'><strong>et</strong></span> <span class='ocrx_word' id='word_1_557' title='bbox 1073 1167 1159 1196; x_wconf 82' lang='lat' dir='ltr'><strong>duces</strong></span> <span class='ocrx_word' id='word_1_558' title='bbox 1181 1177 1320 1197; x_wconf 84' lang='lat' dir='ltr'><strong>coecorum</strong></span> <span class='ocrx_word' id='word_1_559' title='bbox 1335 1178 1343 1194; x_wconf 89' lang='lat'>:</span> <span class='ocrx_word' id='word_1_560' title='bbox 1356 1169 1420 1206; x_wconf 87' lang='lat' dir='ltr'><strong>quia</strong></span> <span class='ocrx_word' id='word_1_561' title='bbox 1441 1168 1550 1198; x_wconf 81' lang='lat' dir='ltr'><strong>diabolo</strong></span> <span class='ocrx_word' id='word_1_562' title='bbox 1567 1170 1671 1208; x_wconf 84' lang='lat' dir='ltr'><strong>vident,</strong></span> <span class='ocrx_word' id='word_1_563' title='bbox 1686 1173 1721 1204; x_wconf 78' lang='lat'><strong>14.</strong></span> 
     </span>
    </p>

    <p class='ocr_par' dir='ltr' id='par_1_29' title="bbox 933 1207 1672 1246">
     <span class='ocr_line' id='line_1_74' title="bbox 933 1207 1672 1246; baseline 0.005 -11"><span class='ocrx_word' id='word_1_564' title='bbox 933 1217 985 1235; x_wconf 89' lang='lat' dir='ltr'><strong>non</strong></span> <span class='ocrx_word' id='word_1_565' title='bbox 999 1208 1065 1236; x_wconf 92' lang='lat' dir='ltr'><strong>Deo.</strong></span> <span class='ocrx_word' id='word_1_566' title='bbox 1079 1207 1156 1237; x_wconf 86' lang='lat' dir='ltr'><strong>Sicut</strong></span> <span class='ocrx_word' id='word_1_567' title='bbox 1172 1207 1218 1245; x_wconf 91' lang='lat' dir='ltr'><strong>qui</strong></span> <span class='ocrx_word' id='word_1_568' title='bbox 1234 1207 1348 1246; x_wconf 86' lang='lat' dir='ltr'><strong>peccatis</strong></span> <span class='ocrx_word' id='word_1_569' title='bbox 1361 1208 1455 1237; x_wconf 89' lang='lat' dir='ltr'><strong>vivens</strong></span> <span class='ocrx_word' id='word_1_570' title='bbox 1468 1215 1590 1238; x_wconf 82' lang='lat' dir='ltr'><strong>mortuus</strong></span> <span class='ocrx_word' id='word_1_571' title='bbox 1603 1209 1672 1239; x_wconf 91' lang='lat' dir='ltr'><strong>dici-</strong></span> 
     </span>
    </p>

    <p class='ocr_par' dir='ltr' id='par_1_30' title="bbox 930 1246 1822 1405">
     <span class='ocr_line' id='line_1_75' title="bbox 932 1246 1822 1286; baseline 0.004 -11"><span class='ocrx_word' id='word_1_572' title='bbox 932 1253 988 1280; x_wconf 83' lang='lat' dir='ltr'><strong>tur,</strong></span> <span class='ocrx_word' id='word_1_573' title='bbox 1001 1246 1069 1275; x_wconf 91' lang='lat' dir='ltr'><strong>sicut</strong></span> <span class='ocrx_word' id='word_1_574' title='bbox 1082 1246 1211 1286; x_wconf 86' lang='lat' dir='ltr'><strong>scriptum</strong></span> <span class='ocrx_word' id='word_1_575' title='bbox 1223 1253 1262 1275; x_wconf 89' lang='lat' dir='ltr'><strong>est</strong></span> <span class='ocrx_word' id='word_1_576' title='bbox 1271 1258 1278 1274; x_wconf 70' lang='grc' dir='ltr'>ι</span> <span class='ocrx_word' id='word_1_577' title='bbox 1287 1247 1329 1276; x_wconf 88' lang='lat' dir='ltr'><strong>Et</strong></span> <span class='ocrx_word' id='word_1_578' title='bbox 1341 1257 1395 1276; x_wconf 80' lang='lat' dir='ltr'><strong>vos</strong></span> <span class='ocrx_word' id='word_1_579' title='bbox 1407 1257 1474 1276; x_wconf 79' lang='lat' dir='ltr'><strong>cum</strong></span> <span class='ocrx_word' id='word_1_580' title='bbox 1489 1251 1587 1277; x_wconf 84' lang='lat' dir='ltr'><strong>essetis</strong></span> <span class='ocrx_word' id='word_1_581' title='bbox 1602 1260 1672 1278; x_wconf 89' lang='lat' dir='ltr'><strong>mor·-</strong></span> <span class='ocrx_word' id='word_1_582' title='bbox 1682 1257 1764 1286; x_wconf 66' lang='lat' dir='ltr'><strong>ephes.</strong></span> <span class='ocrx_word' id='word_1_583' title='bbox 1774 1264 1822 1278; x_wconf 74' lang='lat'><strong>2.1.</strong></span> 
     </span>
     <span class='ocr_line' id='line_1_76' title="bbox 933 1286 1820 1325; baseline 0.007 -11"><span class='ocrx_word' id='word_1_584' title='bbox 933 1287 975 1314; x_wconf 84' lang='lat' dir='ltr'><strong>tui</strong></span> <span class='ocrx_word' id='word_1_585' title='bbox 981 1287 1011 1314; x_wconf 87' lang='lat' dir='ltr'><strong>in</strong></span> <span class='ocrx_word' id='word_1_586' title='bbox 1039 1287 1144 1315; x_wconf 75' lang='lat' dir='ltr'><strong>eccatis</strong></span> <span class='ocrx_word' id='word_1_587' title='bbox 1156 1286 1344 1325; x_wconf 81' lang='lat' dir='ltr'><strong>vestris:qnia</strong></span> <span class='ocrx_word' id='word_1_588' title='bbox 1356 1286 1402 1315; x_wconf 88' lang='lat' dir='ltr'><strong>ille</strong></span> <span class='ocrx_word' id='word_1_589' title='bbox 1412 1287 1472 1316; x_wconf 89' lang='lat' dir='ltr'><strong>talis</strong></span> <span class='ocrx_word' id='word_1_590' title='bbox 1484 1298 1536 1316; x_wconf 88' lang='lat' dir='ltr'><strong>non</strong></span> <span class='ocrx_word' id='word_1_591' title='bbox 1550 1289 1616 1324; x_wconf 90' lang='lat' dir='ltr'><strong>Deo,</strong></span> <span class='ocrx_word' id='word_1_592' title='bbox 1625 1289 1672 1319; x_wconf 89' lang='lat' dir='ltr'><strong>sed</strong></span> <span class='ocrx_word' id='word_1_593' title='bbox 1682 1293 1703 1309; x_wconf 61' lang='grc' dir='ltr'><strong>Θ*</strong></span> <span class='ocrx_word' id='word_1_594' title='bbox 1732 1288 1820 1310; x_wconf 47' lang='grc' dir='ltr'><em>0010ςῶ</em></span> 
     </span>
     <span class='ocr_line' id='line_1_77' title="bbox 930 1319 1755 1363; baseline 0.006 -9"><span class='ocrx_word' id='word_1_595' title='bbox 930 1325 1012 1354; x_wconf 84' lang='lat' dir='ltr'><strong>diabo</strong></span> <span class='ocrx_word' id='word_1_596' title='bbox 1024 1335 1040 1354; x_wconf 92' lang='grc' dir='ltr'><strong>ο</strong></span> <span class='ocrx_word' id='word_1_597' title='bbox 1053 1325 1122 1354; x_wconf 87' lang='lat' dir='ltr'><strong>vivit</strong></span> <span class='ocrx_word' id='word_1_598' title='bbox 1138 1337 1144 1354; x_wconf 74' lang='grc' dir='ltr'><strong>ε</strong></span> <span class='ocrx_word' id='word_1_599' title='bbox 1158 1325 1227 1354; x_wconf 89' lang='lat' dir='ltr'><strong>sicut</strong></span> <span class='ocrx_word' id='word_1_600' title='bbox 1240 1326 1287 1363; x_wconf 87' lang='lat' dir='ltr'><strong>qui</strong></span> <span class='ocrx_word' id='word_1_601' title='bbox 1301 1325 1380 1355; x_wconf 85' lang='lat' dir='ltr'><strong>habet</strong></span> <span class='ocrx_word' id='word_1_602' title='bbox 1395 1326 1571 1362; x_wconf 85' lang='lat' dir='ltr'><strong>intellectum,</strong></span> <span class='ocrx_word' id='word_1_603' title='bbox 1586 1336 1611 1357; x_wconf 90' lang='lat' dir='ltr'><strong>et</strong></span> <span class='ocrx_word' id='word_1_604' title='bbox 1624 1329 1672 1358; x_wconf 88' lang='lat' dir='ltr'><strong>bo-</strong></span> <span class='ocrx_word' id='word_1_605' title='bbox 1682 1327 1703 1341; x_wconf 81' lang='lat'><strong>²&#39;</strong></span> <span class='ocrx_word' id='word_1_606' title='bbox 1721 1319 1755 1340; x_wconf 77' lang='lat'><strong>&#39;3&#39;</strong></span> 
     </span>
     <span class='ocr_line' id='line_1_78' title="bbox 931 1366 1671 1405; baseline 0.007 -12"><span class='ocrx_word' id='word_1_607' title='bbox 931 1375 995 1393; x_wconf 90' lang='lat' dir='ltr'><strong>num</strong></span> <span class='ocrx_word' id='word_1_608' title='bbox 1018 1374 1072 1394; x_wconf 90' lang='lat' dir='ltr'><strong>non</strong></span> <span class='ocrx_word' id='word_1_609' title='bbox 1091 1371 1217 1405; x_wconf 83' lang='lat' dir='ltr'><strong>operatur</strong></span> <span class='ocrx_word' id='word_1_610' title='bbox 1234 1375 1296 1394; x_wconf 87' lang='lat' dir='ltr'><strong>cum</strong></span> <span class='ocrx_word' id='word_1_611' title='bbox 1318 1375 1360 1402; x_wconf 90' lang='lat' dir='ltr'><strong>eo,</strong></span> <span class='ocrx_word' id='word_1_612' title='bbox 1378 1373 1507 1405; x_wconf 88' lang='lat' dir='ltr'><strong>quantum</strong></span> <span class='ocrx_word' id='word_1_613' title='bbox 1524 1366 1559 1396; x_wconf 82' lang='lat' dir='ltr'><strong>ad</strong></span> <span class='ocrx_word' id='word_1_614' title='bbox 1572 1369 1671 1403; x_wconf 80' lang='lat' dir='ltr'><strong>Deum,</strong></span> 
     </span>
    </p>

    <p class='ocr_par' dir='ltr' id='par_1_31' title="bbox 930 1403 1672 1447">
     <span class='ocr_line' id='line_1_79' title="bbox 930 1403 1672 1447; baseline 0.005 -14"><span class='ocrx_word' id='word_1_615' title='bbox 930 1415 979 1433; x_wconf 90' lang='lat' dir='ltr'><strong>nec</strong></span> <span class='ocrx_word' id='word_1_616' title='bbox 998 1403 1131 1434; x_wconf 60' lang='lat' dir='ltr'><strong>habeut—t</strong></span> <span class='ocrx_word' id='word_1_617' title='bbox 1145 1404 1206 1433; x_wconf 88' lang='lat' dir='ltr'><strong>ideo</strong></span> <span class='ocrx_word' id='word_1_618' title='bbox 1225 1403 1330 1433; x_wconf 90' lang='lat' dir='ltr'><strong>tollitur</strong></span> <span class='ocrx_word' id='word_1_619' title='bbox 1351 1405 1386 1434; x_wconf 81' lang='lat' dir='ltr'><strong>ab</strong></span> <span class='ocrx_word' id='word_1_620' title='bbox 1400 1416 1430 1434; x_wconf 91' lang='lat' dir='ltr'><strong>eo</strong></span> <span class='ocrx_word' id='word_1_621' title='bbox 1444 1413 1469 1435; x_wconf 86' lang='lat' dir='ltr'><strong>et</strong></span> <span class='ocrx_word' id='word_1_622' title='bbox 1487 1406 1576 1446; x_wconf 88' lang='lat' dir='ltr'><strong>ipsum</strong></span> <span class='ocrx_word' id='word_1_623' title='bbox 1598 1410 1672 1447; x_wconf 89' lang='lat' dir='ltr'><strong>quod</strong></span> 
     </span>
    </p>

    <p class='ocr_par' dir='ltr' id='par_1_32' title="bbox 930 1443 1672 1487">
     <span class='ocr_line' id='line_1_80' title="bbox 930 1443 1672 1487; baseline 0.007 -15"><span class='ocrx_word' id='word_1_624' title='bbox 930 1444 1021 1480; x_wconf 86' lang='lat' dir='ltr'><strong>habet,</strong></span> <span class='ocrx_word' id='word_1_625' title='bbox 1036 1450 1066 1472; x_wconf 93' lang='lat' dir='ltr'><strong>ut</strong></span> <span class='ocrx_word' id='word_1_626' title='bbox 1082 1454 1130 1472; x_wconf 90' lang='lat' dir='ltr'><strong>nec</strong></span> <span class='ocrx_word' id='word_1_627' title='bbox 1150 1443 1234 1472; x_wconf 85' lang='lat' dir='ltr'><strong>intelli</strong></span> <span class='ocrx_word' id='word_1_628' title='bbox 1255 1450 1281 1472; x_wconf 87' lang='lat' dir='ltr'><strong>at</strong></span> <span class='ocrx_word' id='word_1_629' title='bbox 1300 1444 1373 1482; x_wconf 87' lang='lat' dir='ltr'><strong>quod</strong></span> <span class='ocrx_word' id='word_1_630' title='bbox 1390 1452 1430 1474; x_wconf 87' lang='lat' dir='ltr'><strong>est</strong></span> <span class='ocrx_word' id='word_1_631' title='bbox 1445 1446 1558 1481; x_wconf 80' lang='lat' dir='ltr'><strong>bonum,</strong></span> <span class='ocrx_word' id='word_1_632' title='bbox 1571 1454 1596 1476; x_wconf 89' lang='lat' dir='ltr'><strong>et</strong></span> <span class='ocrx_word' id='word_1_633' title='bbox 1614 1447 1672 1487; x_wconf 84' lang='lat' dir='ltr'><strong>jam</strong></span> 
     </span>
    </p>

    <p class='ocr_par' dir='ltr' id='par_1_33' title="bbox 931 1482 1671 1523">
     <span class='ocr_line' id='line_1_81' title="bbox 931 1482 1671 1523; baseline 0.005 -11"><span class='ocrx_word' id='word_1_634' title='bbox 931 1490 961 1512; x_wconf 89' lang='lat' dir='ltr'><strong>ut</strong></span> <span class='ocrx_word' id='word_1_635' title='bbox 980 1493 1064 1512; x_wconf 86' lang='lat' dir='ltr'><strong>caecus</strong></span> <span class='ocrx_word' id='word_1_636' title='bbox 1086 1482 1201 1512; x_wconf 88' lang='lat' dir='ltr'><strong>ducatur</strong></span> <span class='ocrx_word' id='word_1_637' title='bbox 1213 1493 1226 1511; x_wconf 85' lang='lat' dir='ltr'><strong>a</strong></span> <span class='ocrx_word' id='word_1_638' title='bbox 1257 1483 1403 1513; x_wconf 78' lang='lat' dir='ltr'><strong>aemonibus</strong></span> <span class='ocrx_word' id='word_1_639' title='bbox 1424 1495 1472 1523; x_wconf 87' lang='lat' dir='ltr'><strong>per</strong></span> <span class='ocrx_word' id='word_1_640' title='bbox 1492 1486 1581 1514; x_wconf 89' lang='lat' dir='ltr'><strong>omnia</strong></span> <span class='ocrx_word' id='word_1_641' title='bbox 1603 1488 1671 1516; x_wconf 84' lang='lat' dir='ltr'><strong>mala</strong></span> 
     </span>
    </p>

    <p class='ocr_par' dir='ltr' id='par_1_34' title="bbox 930 1521 1671 1563">
     <span class='ocr_line' id='line_1_82' title="bbox 930 1521 1671 1563; baseline 0.007 -13"><span class='ocrx_word' id='word_1_642' title='bbox 930 1533 1021 1562; x_wconf 87' lang='lat' dir='ltr'><strong>opera.</strong></span> <span class='ocrx_word' id='word_1_643' title='bbox 1044 1521 1159 1558; x_wconf 88' lang='lat' dir='ltr'><strong>Quando</strong></span> <span class='ocrx_word' id='word_1_644' title='bbox 1180 1531 1244 1560; x_wconf 80' lang='lat' dir='ltr'><strong>ergo</strong></span> <span class='ocrx_word' id='word_1_645' title='bbox 1265 1521 1367 1551; x_wconf 83' lang='lat' dir='ltr'><strong>videris</strong></span> <span class='ocrx_word' id='word_1_646' title='bbox 1387 1523 1538 1560; x_wconf 87' lang='lat' dir='ltr'><strong>hominem,</strong></span> <span class='ocrx_word' id='word_1_647' title='bbox 1557 1526 1603 1563; x_wconf 89' lang='lat' dir='ltr'><strong>qui</strong></span> <span class='ocrx_word' id='word_1_648' title='bbox 1622 1527 1671 1555; x_wconf 88' lang='lat' dir='ltr'><strong>etsi</strong></span> 
     </span>
    </p>

    <p class='ocr_par' dir='ltr' id='par_1_35' title="bbox 930 1561 1671 1600">
     <span class='ocr_line' id='line_1_83' title="bbox 930 1561 1671 1600; baseline 0.005 -10"><span class='ocrx_word' id='word_1_649' title='bbox 930 1571 983 1590; x_wconf 91' lang='lat' dir='ltr'><strong>non</strong></span> <span class='ocrx_word' id='word_1_650' title='bbox 995 1561 1058 1590; x_wconf 78' lang='lat' dir='ltr'><strong>facit</strong></span> <span class='ocrx_word' id='word_1_651' title='bbox 1070 1571 1149 1600; x_wconf 88' lang='lat' dir='ltr'><strong>opera</strong></span> <span class='ocrx_word' id='word_1_652' title='bbox 1164 1561 1245 1596; x_wconf 89' lang='lat' dir='ltr'><strong>bona,</strong></span> <span class='ocrx_word' id='word_1_653' title='bbox 1258 1566 1345 1589; x_wconf 90' lang='lat' dir='ltr'><strong>tamen</strong></span> <span class='ocrx_word' id='word_1_654' title='bbox 1361 1562 1403 1590; x_wconf 93' lang='lat' dir='ltr'><strong>vel</strong></span> <span class='ocrx_word' id='word_1_655' title='bbox 1415 1561 1564 1592; x_wconf 81' lang='lat' dir='ltr'><strong>delectatur</strong></span> <span class='ocrx_word' id='word_1_656' title='bbox 1577 1564 1604 1593; x_wconf 90' lang='lat' dir='ltr'><strong>in</strong></span> <span class='ocrx_word' id='word_1_657' title='bbox 1622 1576 1671 1594; x_wconf 82' lang='lat' dir='ltr'><strong>au-</strong></span> 
     </span>
    </p>

    <p class='ocr_par' dir='ltr' id='par_1_36' title="bbox 928 1599 1670 1639">
     <span class='ocr_line' id='line_1_84' title="bbox 928 1599 1670 1639; baseline 0.007 -11"><span class='ocrx_word' id='word_1_658' title='bbox 928 1599 1027 1629; x_wconf 83' lang='lat' dir='ltr'><strong>diendo</strong></span> <span class='ocrx_word' id='word_1_659' title='bbox 1038 1600 1108 1629; x_wconf 91' lang='lat' dir='ltr'><strong>bono</strong></span> <span class='ocrx_word' id='word_1_660' title='bbox 1123 1610 1129 1626; x_wconf 84' lang='lat'>:</span> <span class='ocrx_word' id='word_1_661' title='bbox 1142 1600 1322 1629; x_wconf 83' lang='lat' dir='ltr'><strong>infructuosus</strong></span> <span class='ocrx_word' id='word_1_662' title='bbox 1336 1607 1374 1629; x_wconf 89' lang='lat' dir='ltr'><strong>est</strong></span> <span class='ocrx_word' id='word_1_663' title='bbox 1385 1601 1505 1639; x_wconf 87' lang='lat' dir='ltr'><strong>quidem,</strong></span> <span class='ocrx_word' id='word_1_664' title='bbox 1519 1609 1606 1632; x_wconf 80' lang='lat' dir='ltr'><strong>tamen</strong></span> <span class='ocrx_word' id='word_1_665' title='bbox 1622 1605 1670 1633; x_wconf 83' lang='lat' dir='ltr'><strong>ad-</strong></span> 
     </span>
    </p>

    <p class='ocr_par' dir='ltr' id='par_1_37' title="bbox 929 1639 1671 1680">
     <span class='ocr_line' id='line_1_85' title="bbox 929 1639 1671 1680; baseline 0.005 -12"><span class='ocrx_word' id='word_1_666' title='bbox 929 1639 983 1669; x_wconf 89' lang='lat' dir='ltr'><strong>huc</strong></span> <span class='ocrx_word' id='word_1_667' title='bbox 994 1649 1047 1668; x_wconf 91' lang='lat' dir='ltr'><strong>non</strong></span> <span class='ocrx_word' id='word_1_668' title='bbox 1060 1639 1124 1668; x_wconf 85' lang='lat' dir='ltr'><strong>tulit</strong></span> <span class='ocrx_word' id='word_1_669' title='bbox 1136 1640 1209 1668; x_wconf 88' lang='lat' dir='ltr'><strong>Deus</strong></span> <span class='ocrx_word' id='word_1_670' title='bbox 1225 1639 1260 1667; x_wconf 87' lang='lat' dir='ltr'><strong>ab</strong></span> <span class='ocrx_word' id='word_1_671' title='bbox 1273 1639 1321 1668; x_wconf 92' lang='lat' dir='ltr'><strong>illo</strong></span> <span class='ocrx_word' id='word_1_672' title='bbox 1334 1639 1385 1668; x_wconf 89' lang='lat' dir='ltr'><strong>hoc</strong></span> <span class='ocrx_word' id='word_1_673' title='bbox 1400 1640 1487 1680; x_wconf 90' lang='lat' dir='ltr'><strong>ipsum</strong></span> <span class='ocrx_word' id='word_1_674' title='bbox 1502 1642 1576 1680; x_wconf 88' lang='lat' dir='ltr'><strong>quod</strong></span> <span class='ocrx_word' id='word_1_675' title='bbox 1590 1643 1671 1672; x_wconf 84' lang='lat' dir='ltr'><strong>habe-</strong></span> 
     </span>
    </p>

    <p class='ocr_par' dir='ltr' id='par_1_38' title="bbox 929 1677 1669 1721">
     <span class='ocr_line' id='line_1_86' title="bbox 929 1677 1669 1721; baseline 0.005 -13"><span class='ocrx_word' id='word_1_676' title='bbox 929 1679 986 1715; x_wconf 86' lang='lat' dir='ltr'><strong>bat,</strong></span> <span class='ocrx_word' id='word_1_677' title='bbox 996 1678 1043 1708; x_wconf 87' lang='lat' dir='ltr'><strong>sed</strong></span> <span class='ocrx_word' id='word_1_678' title='bbox 1058 1684 1193 1718; x_wconf 87' lang='lat' dir='ltr'><strong>exspectat</strong></span> <span class='ocrx_word' id='word_1_679' title='bbox 1206 1677 1297 1715; x_wconf 85' lang='lat' dir='ltr'><strong>illum,</strong></span> <span class='ocrx_word' id='word_1_680' title='bbox 1312 1685 1342 1708; x_wconf 88' lang='lat' dir='ltr'><strong>ut</strong></span> <span class='ocrx_word' id='word_1_681' title='bbox 1355 1686 1526 1710; x_wconf 80' lang='lat' dir='ltr'><strong>convertatur</strong></span> <span class='ocrx_word' id='word_1_682' title='bbox 1536 1681 1570 1710; x_wconf 89' lang='lat' dir='ltr'><strong>ad</strong></span> <span class='ocrx_word' id='word_1_683' title='bbox 1583 1683 1669 1721; x_wconf 84' lang='lat' dir='ltr'><strong>poeni-</strong></span> 
     </span>
    </p>

    <p class='ocr_par' dir='ltr' id='par_1_39' title="bbox 929 1717 1670 1797">
     <span class='ocr_line' id='line_1_87' title="bbox 929 1717 1669 1754; baseline 0.007 -8"><span class='ocrx_word' id='word_1_684' title='bbox 929 1719 1051 1754; x_wconf 83' lang='lat' dir='ltr'><strong>tentiam,</strong></span> <span class='ocrx_word' id='word_1_685' title='bbox 1073 1724 1099 1747; x_wconf 90' lang='lat' dir='ltr'><strong>et</strong></span> <span class='ocrx_word' id='word_1_686' title='bbox 1122 1718 1200 1747; x_wconf 85' lang='lat' dir='ltr'><strong>faciat</strong></span> <span class='ocrx_word' id='word_1_687' title='bbox 1224 1717 1336 1747; x_wconf 86' lang='lat' dir='ltr'><strong>bonum.</strong></span> <span class='ocrx_word' id='word_1_688' title='bbox 1363 1720 1432 1748; x_wconf 90' lang='lat' dir='ltr'><strong>Cum</strong></span> <span class='ocrx_word' id='word_1_689' title='bbox 1455 1726 1542 1749; x_wconf 84' lang='lat' dir='ltr'><strong>autem</strong></span> <span class='ocrx_word' id='word_1_690' title='bbox 1568 1722 1669 1751; x_wconf 86' lang='lat' dir='ltr'><strong>videris</strong></span> 
     </span>
     <span class='ocr_line' id='line_1_88' title="bbox 929 1757 1670 1797; baseline 0.005 -10"><span class='ocrx_word' id='word_1_691' title='bbox 929 1758 1076 1792; x_wconf 87' lang='lat' dir='ltr'><strong>bominem,</strong></span> <span class='ocrx_word' id='word_1_692' title='bbox 1089 1757 1137 1797; x_wconf 88' lang='lat' dir='ltr'><strong>qui</strong></span> <span class='ocrx_word' id='word_1_693' title='bbox 1154 1767 1207 1786; x_wconf 90' lang='lat' dir='ltr'><strong>non</strong></span> <span class='ocrx_word' id='word_1_694' title='bbox 1234 1757 1321 1786; x_wconf 80' lang='lat' dir='ltr'><strong>solum</strong></span> <span class='ocrx_word' id='word_1_695' title='bbox 1343 1758 1445 1787; x_wconf 91' lang='lat' dir='ltr'><strong>bonum</strong></span> <span class='ocrx_word' id='word_1_696' title='bbox 1467 1769 1520 1788; x_wconf 89' lang='lat' dir='ltr'><strong>non</strong></span> <span class='ocrx_word' id='word_1_697' title='bbox 1534 1760 1606 1797; x_wconf 78' lang='lat' dir='ltr'><strong>facit,</strong></span> <span class='ocrx_word' id='word_1_698' title='bbox 1621 1761 1670 1791; x_wconf 88' lang='lat' dir='ltr'><strong>sed</strong></span> 
     </span>
    </p>

    <p class='ocr_par' dir='ltr' id='par_1_40' title="bbox 930 1796 1668 1839">
     <span class='ocr_line' id='line_1_89' title="bbox 930 1796 1668 1839; baseline 0.005 -14"><span class='ocrx_word' id='word_1_699' title='bbox 930 1807 978 1826; x_wconf 86' lang='lat' dir='ltr'><strong>nec</strong></span> <span class='ocrx_word' id='word_1_700' title='bbox 991 1797 1138 1826; x_wconf 77' lang='lat' dir='ltr'><strong>delectatur</strong></span> <span class='ocrx_word' id='word_1_701' title='bbox 1151 1796 1178 1825; x_wconf 90' lang='lat' dir='ltr'><strong>in</strong></span> <span class='ocrx_word' id='word_1_702' title='bbox 1191 1797 1250 1836; x_wconf 88' lang='lat' dir='ltr'><strong>ipso</strong></span> <span class='ocrx_word' id='word_1_703' title='bbox 1261 1796 1354 1827; x_wconf 87' lang='lat' dir='ltr'><strong>audito</strong></span> <span class='ocrx_word' id='word_1_704' title='bbox 1364 1798 1435 1827; x_wconf 91' lang='lat' dir='ltr'><strong>bono</strong></span> <span class='ocrx_word' id='word_1_705' title='bbox 1451 1811 1457 1827; x_wconf 88' lang='lat'>:</span> <span class='ocrx_word' id='word_1_706' title='bbox 1473 1798 1592 1838; x_wconf 78' lang='lat' dir='ltr'><strong>intellige</strong></span> <span class='ocrx_word' id='word_1_707' title='bbox 1605 1802 1668 1839; x_wconf 85' lang='lat' dir='ltr'><strong>qnia</strong></span> 
     </span>
    </p>

    <p class='ocr_par' dir='ltr' id='par_1_41' title="bbox 926 1835 1670 1915">
     <span class='ocr_line' id='line_1_90' title="bbox 926 1835 1669 1877; baseline 0.005 -12"><span class='ocrx_word' id='word_1_708' title='bbox 926 1837 983 1877; x_wconf 90' lang='lat' dir='ltr'><strong>jam</strong></span> <span class='ocrx_word' id='word_1_709' title='bbox 993 1836 1056 1866; x_wconf 91' lang='lat' dir='ltr'><strong>tulit</strong></span> <span class='ocrx_word' id='word_1_710' title='bbox 1063 1835 1152 1864; x_wconf 90' lang='lat' dir='ltr'><strong>abillo</strong></span> <span class='ocrx_word' id='word_1_711' title='bbox 1164 1837 1237 1865; x_wconf 89' lang='lat' dir='ltr'><strong>Deus</strong></span> <span class='ocrx_word' id='word_1_712' title='bbox 1248 1836 1299 1869; x_wconf 78' lang='lat' dir='ltr'><strong>hoc</strong></span> <span class='ocrx_word' id='word_1_713' title='bbox 1313 1837 1401 1876; x_wconf 89' lang='lat' dir='ltr'><strong>ipsum</strong></span> <span class='ocrx_word' id='word_1_714' title='bbox 1412 1837 1486 1876; x_wconf 88' lang='lat' dir='ltr'><strong>quod</strong></span> <span class='ocrx_word' id='word_1_715' title='bbox 1501 1839 1627 1876; x_wconf 87' lang='lat' dir='ltr'><strong>habehat,</strong></span> <span class='ocrx_word' id='word_1_716' title='bbox 1638 1849 1669 1870; x_wconf 88' lang='lat' dir='ltr'><strong>ut</strong></span> 
     </span>
     <span class='ocr_line' id='line_1_91' title="bbox 931 1875 1670 1915; baseline 0.007 -11"><span class='ocrx_word' id='word_1_717' title='bbox 931 1876 1090 1915; x_wconf 83' lang='lat' dir='ltr'><strong>intelligeret</strong></span> <span class='ocrx_word' id='word_1_718' title='bbox 1109 1875 1222 1912; x_wconf 89' lang='lat' dir='ltr'><strong>bonum,</strong></span> <span class='ocrx_word' id='word_1_719' title='bbox 1235 1883 1261 1905; x_wconf 90' lang='lat' dir='ltr'><strong>et</strong></span> <span class='ocrx_word' id='word_1_720' title='bbox 1282 1883 1412 1914; x_wconf 83' lang='lat' dir='ltr'><strong>quantum</strong></span> <span class='ocrx_word' id='word_1_721' title='bbox 1432 1876 1467 1906; x_wconf 87' lang='lat' dir='ltr'><strong>ad</strong></span> <span class='ocrx_word' id='word_1_722' title='bbox 1490 1879 1577 1907; x_wconf 88' lang='lat' dir='ltr'><strong>Deum</strong></span> <span class='ocrx_word' id='word_1_723' title='bbox 1600 1884 1670 1909; x_wconf 87' lang='lat' dir='ltr'><strong>uior-</strong></span> 
     </span>
    </p>

    <p class='ocr_par' dir='ltr' id='par_1_42' title="bbox 930 1916 1670 1955">
     <span class='ocr_line' id='line_1_92' title="bbox 930 1916 1670 1955; baseline 0.007 -11"><span class='ocrx_word' id='word_1_724' title='bbox 930 1922 992 1945; x_wconf 87' lang='lat' dir='ltr'><strong>tuus</strong></span> <span class='ocrx_word' id='word_1_725' title='bbox 1015 1922 1062 1945; x_wconf 89' lang='lat' dir='ltr'><strong>est.</strong></span> <span class='ocrx_word' id='word_1_726' title='bbox 1080 1916 1149 1944; x_wconf 89' lang='lat' dir='ltr'><strong>Nam</strong></span> <span class='ocrx_word' id='word_1_727' title='bbox 1171 1925 1224 1944; x_wconf 87' lang='lat' dir='ltr'><strong>non</strong></span> <span class='ocrx_word' id='word_1_728' title='bbox 1245 1922 1331 1955; x_wconf 89' lang='lat' dir='ltr'><strong>potest</strong></span> <span class='ocrx_word' id='word_1_729' title='bbox 1351 1916 1519 1952; x_wconf 69' lang='lat' dir='ltr'><strong>rcvivhscere,</strong></span> <span class='ocrx_word' id='word_1_730' title='bbox 1529 1918 1580 1947; x_wconf 87' lang='lat' dir='ltr'><strong>nisi</strong></span> <span class='ocrx_word' id='word_1_731' title='bbox 1602 1919 1670 1949; x_wconf 87' lang='lat' dir='ltr'><strong>sorte</strong></span> 
     </span>
    </p>

    <p class='ocr_par' dir='ltr' id='par_1_43' title="bbox 931 1954 1670 2023">
     <span class='ocr_line' id='line_1_93' title="bbox 931 1954 1670 2023; baseline 0.007 -40"><span class='ocrx_word' id='word_1_732' title='bbox 931 1961 1061 1993; x_wconf 86' lang='lat' dir='ltr'><strong>quantum</strong></span> <span class='ocrx_word' id='word_1_733' title='bbox 1082 1954 1119 1983; x_wconf 89' lang='lat' dir='ltr'><strong>ad</strong></span> <span class='ocrx_word' id='word_1_734' title='bbox 1139 1955 1243 1991; x_wconf 90' lang='lat' dir='ltr'><strong>Deum,</strong></span> <span class='ocrx_word' id='word_1_735' title='bbox 1266 1955 1314 1993; x_wconf 91' lang='lat' dir='ltr'><strong>qui</strong></span> <span class='ocrx_word' id='word_1_736' title='bbox 1339 1962 1426 2023; x_wconf 79' lang='lat' dir='ltr'><strong>potest</strong></span> <span class='ocrx_word' id='word_1_737' title='bbox 1445 1956 1525 1985; x_wconf 88' lang='lat' dir='ltr'><strong>etiam</strong></span> <span class='ocrx_word' id='word_1_738' title='bbox 1551 1965 1670 1988; x_wconf 83' lang='lat' dir='ltr'><strong>mortuos</strong></span> 
     </span>
    </p>
   </div>
   <div class='ocr_carea' id='block_1_12' title="bbox 138 1993 1670 2034">
    <p class='ocr_par' dir='ltr' id='par_1_44' title="bbox 138 1993 1670 2034">
     <span class='ocr_line' id='line_1_94' title="bbox 138 1993 1670 2034; baseline 0.005 -13"><span class='ocrx_word' id='word_1_739' title='bbox 138 1999 258 2022; x_wconf 68' lang='lat' dir='ltr'><strong>cessitate</strong></span> <span class='ocrx_word' id='word_1_740' title='bbox 271 2000 384 2030; x_wconf 66' lang='lat' dir='ltr'><strong>naturae,</strong></span> <span class='ocrx_word' id='word_1_741' title='bbox 397 1994 444 2024; x_wconf 89' lang='lat' dir='ltr'><strong>sed</strong></span> <span class='ocrx_word' id='word_1_742' title='bbox 456 2005 506 2034; x_wconf 90' lang='lat' dir='ltr'><strong>pro</strong></span> <span class='ocrx_word' id='word_1_743' title='bbox 516 1995 726 2025; x_wconf 84' lang='lat' dir='ltr'><strong>remuneratione</strong></span> <span class='ocrx_word' id='word_1_744' title='bbox 737 1996 813 2025; x_wconf 83' lang='lat' dir='ltr'><strong>bonae</strong></span> <span class='ocrx_word' id='word_1_745' title='bbox 827 2007 875 2026; x_wconf 88' lang='lat' dir='ltr'><strong>vo-</strong></span> <span class='ocrx_word' id='word_1_746' title='bbox 893 2002 913 2025; x_wconf 81' lang='lat'><strong>1&gt;</strong></span> <span class='ocrx_word' id='word_1_747' title='bbox 930 1995 1067 2023; x_wconf 82' lang='lat' dir='ltr'><strong>suscitare.</strong></span> <span class='ocrx_word' id='word_1_748' title='bbox 1083 1993 1135 2024; x_wconf 89' lang='lat' dir='ltr'><strong>Ille</strong></span> <span class='ocrx_word' id='word_1_749' title='bbox 1153 2004 1224 2032; x_wconf 81' lang='lat' dir='ltr'><strong>ergo,</strong></span> <span class='ocrx_word' id='word_1_750' title='bbox 1238 1995 1286 2033; x_wconf 88' lang='lat' dir='ltr'><strong>qui</strong></span> <span class='ocrx_word' id='word_1_751' title='bbox 1307 1994 1340 2023; x_wconf 90' lang='lat' dir='ltr'><strong>ha</strong></span> <span class='ocrx_word' id='word_1_752' title='bbox 1351 1995 1430 2024; x_wconf 75' lang='lat' dir='ltr'><strong>&gt;endo</strong></span> <span class='ocrx_word' id='word_1_753' title='bbox 1449 2006 1501 2024; x_wconf 90' lang='lat' dir='ltr'><strong>non</strong></span> <span class='ocrx_word' id='word_1_754' title='bbox 1515 1997 1585 2033; x_wconf 88' lang='lat' dir='ltr'><strong>vult,</strong></span> <span class='ocrx_word' id='word_1_755' title='bbox 1601 1999 1670 2028; x_wconf 90' lang='lat' dir='ltr'><strong>sicut</strong></span> 
     </span>
    </p>
   </div>
   <div class='ocr_carea' id='block_1_13' title="bbox 42 2031 877 2081">
    <p class='ocr_par' dir='ltr' id='par_1_45' title="bbox 42 2031 877 2081">
     <span class='ocr_line' id='line_1_95' title="bbox 42 2031 877 2081; baseline 0.006 -22"><span class='ocrx_word' id='word_1_756' title='bbox 42 2036 129 2053; x_wconf 66' lang='lat' dir='ltr'>0¹¹1st</span> <span class='ocrx_word' id='word_1_757' title='bbox 139 2031 258 2066; x_wconf 82' lang='lat' dir='ltr'><strong>luntatis,</strong></span> <span class='ocrx_word' id='word_1_758' title='bbox 267 2040 312 2062; x_wconf 89' lang='lat' dir='ltr'><strong>aut</strong></span> <span class='ocrx_word' id='word_1_759' title='bbox 321 2033 452 2064; x_wconf 91' lang='lat' dir='ltr'><strong>bonorum</strong></span> <span class='ocrx_word' id='word_1_760' title='bbox 462 2045 584 2074; x_wconf 84' lang='lat' dir='ltr'><strong>operum.</strong></span> <span class='ocrx_word' id='word_1_761' title='bbox 594 2034 664 2064; x_wconf 88' lang='lat' dir='ltr'><strong>Vide</strong></span> <span class='ocrx_word' id='word_1_762' title='bbox 672 2045 735 2081; x_wconf 69' lang='lat' dir='ltr'><strong>ergo</strong></span> <span class='ocrx_word' id='word_1_763' title='bbox 742 2035 877 2074; x_wconf 89' lang='lat' dir='ltr'><strong>quomodo</strong></span> 
     </span>
    </p>
   </div>
   <div class='ocr_carea' id='block_1_14' title="bbox 139 2071 882 2611">
    <p class='ocr_par' dir='ltr' id='par_1_46' title="bbox 139 2071 882 2611">
     <span class='ocr_line' id='line_1_96' title="bbox 139 2071 879 2114; baseline 0.005 -14"><span class='ocrx_word' id='word_1_764' title='bbox 139 2071 206 2101; x_wconf 88' lang='lat' dir='ltr'><strong>dicit</strong></span> <span class='ocrx_word' id='word_1_765' title='bbox 223 2084 230 2100; x_wconf 89' lang='lat'>:</span> <span class='ocrx_word' id='word_1_766' title='bbox 247 2073 334 2102; x_wconf 86' lang='lat' dir='ltr'><strong>Vobis</strong></span> <span class='ocrx_word' id='word_1_767' title='bbox 344 2074 445 2103; x_wconf 82' lang='lat' dir='ltr'><strong>datum</strong></span> <span class='ocrx_word' id='word_1_768' title='bbox 459 2080 503 2102; x_wconf 82' lang='lat' dir='ltr'><strong>est</strong></span> <span class='ocrx_word' id='word_1_769' title='bbox 515 2077 780 2110; x_wconf 80' lang='lat' dir='ltr'><strong>nosse&#39;mystenum</strong></span> <span class='ocrx_word' id='word_1_770' title='bbox 797 2077 879 2114; x_wconf 84' lang='lat' dir='ltr'><strong>regni</strong></span> 
     </span>
     <span class='ocr_line' id='line_1_97' title="bbox 139 2111 878 2152; baseline 0.003 -12"><span class='ocrx_word' id='word_1_771' title='bbox 139 2111 286 2140; x_wconf 86' lang='lat' dir='ltr'><strong>coelorum.</strong></span> <span class='ocrx_word' id='word_1_772' title='bbox 297 2113 357 2142; x_wconf 89' lang='lat' dir='ltr'><strong>Non</strong></span> <span class='ocrx_word' id='word_1_773' title='bbox 371 2112 442 2143; x_wconf 88' lang='lat' dir='ltr'><strong>dixit</strong></span> <span class='ocrx_word' id='word_1_774' title='bbox 454 2124 461 2141; x_wconf 89' lang='lat'>=</span> <span class='ocrx_word' id='word_1_775' title='bbox 473 2113 561 2143; x_wconf 87' lang='lat' dir='ltr'><strong>Vobis</strong></span> <span class='ocrx_word' id='word_1_776' title='bbox 569 2112 662 2143; x_wconf 88' lang='lat' dir='ltr'><strong>datum</strong></span> <span class='ocrx_word' id='word_1_777' title='bbox 675 2121 724 2150; x_wconf 90' lang='lat' dir='ltr'><strong>est,</strong></span> <span class='ocrx_word' id='word_1_778' title='bbox 736 2114 816 2143; x_wconf 85' lang='lat' dir='ltr'><strong>alicui</strong></span> <span class='ocrx_word' id='word_1_779' title='bbox 831 2115 878 2152; x_wconf 86' lang='lat' dir='ltr'><strong>qui</strong></span> 
     </span>
     <span class='ocr_line' id='line_1_98' title="bbox 139 2149 877 2192; baseline 0.004 -14"><span class='ocrx_word' id='word_1_780' title='bbox 139 2149 236 2180; x_wconf 86' lang='lat' dir='ltr'><strong>babeat</strong></span> <span class='ocrx_word' id='word_1_781' title='bbox 246 2151 382 2181; x_wconf 83' lang='lat' dir='ltr'><strong>scientiam</strong></span> <span class='ocrx_word' id='word_1_782' title='bbox 394 2152 459 2182; x_wconf 91' lang='lat' dir='ltr'><strong>boni</strong></span> <span class='ocrx_word' id='word_1_783' title='bbox 472 2159 499 2182; x_wconf 90' lang='lat' dir='ltr'><strong>et</strong></span> <span class='ocrx_word' id='word_1_784' title='bbox 513 2152 588 2181; x_wconf 91' lang='lat' dir='ltr'><strong>mali.</strong></span> <span class='ocrx_word' id='word_1_785' title='bbox 600 2153 629 2183; x_wconf 91' lang='lat' dir='ltr'><strong>Si</strong></span> <span class='ocrx_word' id='word_1_786' title='bbox 641 2163 705 2192; x_wconf 82' lang='lat' dir='ltr'><strong>ergo</strong></span> <span class='ocrx_word' id='word_1_787' title='bbox 716 2160 754 2182; x_wconf 91' lang='lat' dir='ltr'><strong>est</strong></span> <span class='ocrx_word' id='word_1_788' title='bbox 768 2153 877 2192; x_wconf 86' lang='lat' dir='ltr'><strong>aliquis,</strong></span> 
     </span>
     <span class='ocr_line' id='line_1_99' title="bbox 140 2189 878 2230; baseline 0.005 -13"><span class='ocrx_word' id='word_1_789' title='bbox 140 2189 186 2227; x_wconf 88' lang='lat' dir='ltr'><strong>qui</strong></span> <span class='ocrx_word' id='word_1_790' title='bbox 200 2199 253 2218; x_wconf 88' lang='lat' dir='ltr'><strong>non</strong></span> <span class='ocrx_word' id='word_1_791' title='bbox 274 2189 354 2219; x_wconf 83' lang='lat' dir='ltr'><strong>habet</strong></span> <span class='ocrx_word' id='word_1_792' title='bbox 366 2192 478 2230; x_wconf 78' lang='lat' dir='ltr'><strong>gratiam</strong></span> <span class='ocrx_word' id='word_1_793' title='bbox 491 2191 606 2221; x_wconf 75' lang='lat' dir='ltr'><strong>scientiae</strong></span> <span class='ocrx_word' id='word_1_794' title='bbox 620 2192 682 2221; x_wconf 90' lang='lat' dir='ltr'><strong>boni</strong></span> <span class='ocrx_word' id='word_1_795' title='bbox 697 2199 722 2221; x_wconf 90' lang='lat' dir='ltr'><strong>et</strong></span> <span class='ocrx_word' id='word_1_796' title='bbox 735 2193 811 2229; x_wconf 86' lang='lat' dir='ltr'><strong>mali,</strong></span> <span class='ocrx_word' id='word_1_797' title='bbox 826 2203 878 2222; x_wconf 92' lang='lat' dir='ltr'><strong>non</strong></span> 
     </span>
     <span class='ocr_line' id='line_1_100' title="bbox 139 2227 879 2267; baseline 0.005 -11"><span class='ocrx_word' id='word_1_798' title='bbox 139 2227 219 2267; x_wconf 88' lang='lat' dir='ltr'><strong>culpa</strong></span> <span class='ocrx_word' id='word_1_799' title='bbox 246 2228 362 2258; x_wconf 85' lang='lat' dir='ltr'><strong>hominis</strong></span> <span class='ocrx_word' id='word_1_800' title='bbox 387 2237 426 2259; x_wconf 84' lang='lat' dir='ltr'><strong>est</strong></span> <span class='ocrx_word' id='word_1_801' title='bbox 450 2241 502 2259; x_wconf 84' lang='lat' dir='ltr'><strong>non</strong></span> <span class='ocrx_word' id='word_1_802' title='bbox 529 2231 663 2266; x_wconf 85' lang='lat' dir='ltr'><strong>habentis,</strong></span> <span class='ocrx_word' id='word_1_803' title='bbox 678 2231 726 2260; x_wconf 87' lang='lat' dir='ltr'><strong>sed</strong></span> <span class='ocrx_word' id='word_1_804' title='bbox 752 2232 802 2260; x_wconf 89' lang='lat' dir='ltr'><strong>Dei</strong></span> <span class='ocrx_word' id='word_1_805' title='bbox 826 2242 879 2260; x_wconf 88' lang='lat' dir='ltr'><strong>non</strong></span> 
     </span>
     <span class='ocr_line' id='line_1_101' title="bbox 140 2265 875 2309; baseline 0.007 -14"><span class='ocrx_word' id='word_1_806' title='bbox 140 2265 239 2295; x_wconf 83' lang='lat' dir='ltr'><strong>dantis.</strong></span> <span class='ocrx_word' id='word_1_807' title='bbox 253 2267 283 2297; x_wconf 89' lang='lat' dir='ltr'><strong>Si</strong></span> <span class='ocrx_word' id='word_1_808' title='bbox 302 2274 391 2297; x_wconf 87' lang='lat' dir='ltr'><strong>autem</strong></span> <span class='ocrx_word' id='word_1_809' title='bbox 411 2278 503 2298; x_wconf 88' lang='lat' dir='ltr'><strong>omnes</strong></span> <span class='ocrx_word' id='word_1_810' title='bbox 517 2269 639 2299; x_wconf 83' lang='lat' dir='ltr'><strong>homines</strong></span> <span class='ocrx_word' id='word_1_811' title='bbox 657 2270 809 2309; x_wconf 83' lang='lat' dir='ltr'><strong>intelligunt</strong></span> <span class='ocrx_word' id='word_1_812' title='bbox 826 2270 875 2300; x_wconf 90' lang='lat' dir='ltr'><strong>bo-</strong></span> 
     </span>
     <span class='ocr_line' id='line_1_102' title="bbox 141 2306 879 2342; baseline 0.005 -8"><span class='ocrx_word' id='word_1_813' title='bbox 141 2316 205 2335; x_wconf 90' lang='lat' dir='ltr'><strong>num</strong></span> <span class='ocrx_word' id='word_1_814' title='bbox 221 2313 246 2335; x_wconf 92' lang='lat' dir='ltr'><strong>et</strong></span> <span class='ocrx_word' id='word_1_815' title='bbox 258 2306 370 2342; x_wconf 86' lang='lat' dir='ltr'><strong>malum,</strong></span> <span class='ocrx_word' id='word_1_816' title='bbox 386 2317 437 2336; x_wconf 89' lang='lat' dir='ltr'><strong>non</strong></span> <span class='ocrx_word' id='word_1_817' title='bbox 452 2315 538 2337; x_wconf 84' lang='lat' dir='ltr'><strong>tamen</strong></span> <span class='ocrx_word' id='word_1_818' title='bbox 552 2318 643 2338; x_wconf 89' lang='lat' dir='ltr'><strong>omnes</strong></span> <span class='ocrx_word' id='word_1_819' title='bbox 656 2309 755 2338; x_wconf 85' lang='lat' dir='ltr'><strong>babent</strong></span> <span class='ocrx_word' id='word_1_820' title='bbox 786 2309 879 2339; x_wconf 89' lang='lat' dir='ltr'><strong>ratiam</strong></span> 
     </span>
     <span class='ocr_line' id='line_1_103' title="bbox 142 2345 881 2388; baseline 0.005 -14"><span class='ocrx_word' id='word_1_821' title='bbox 142 2345 316 2384; x_wconf 83' lang='lat' dir='ltr'><strong>cognoscendi</strong></span> <span class='ocrx_word' id='word_1_822' title='bbox 338 2357 364 2374; x_wconf 91' lang='lat' dir='ltr'><strong>m</strong></span> <span class='ocrx_word' id='word_1_823' title='bbox 384 2346 495 2376; x_wconf 81' lang='lat' dir='ltr'><strong>sterium</strong></span> <span class='ocrx_word' id='word_1_824' title='bbox 511 2347 597 2386; x_wconf 85' lang='lat' dir='ltr'><strong>regni,</strong></span> <span class='ocrx_word' id='word_1_825' title='bbox 611 2358 665 2377; x_wconf 92' lang='lat' dir='ltr'><strong>non</strong></span> <span class='ocrx_word' id='word_1_826' title='bbox 681 2354 724 2377; x_wconf 86' lang='lat' dir='ltr'><strong>est&#39;</strong></span> <span class='ocrx_word' id='word_1_827' title='bbox 737 2359 770 2378; x_wconf 91' lang='lat' dir='ltr'><strong>cu</strong></span> <span class='ocrx_word' id='word_1_828' title='bbox 784 2359 817 2388; x_wconf 89' lang='lat' dir='ltr'><strong>pa</strong></span> <span class='ocrx_word' id='word_1_829' title='bbox 831 2349 881 2378; x_wconf 90' lang='lat' dir='ltr'><strong>Dei</strong></span> 
     </span>
     <span class='ocr_line' id='line_1_104' title="bbox 142 2384 880 2425; baseline 0.005 -12"><span class='ocrx_word' id='word_1_830' title='bbox 142 2394 194 2413; x_wconf 92' lang='lat' dir='ltr'><strong>non</strong></span> <span class='ocrx_word' id='word_1_831' title='bbox 207 2384 306 2421; x_wconf 85' lang='lat' dir='ltr'><strong>dantis,</strong></span> <span class='ocrx_word' id='word_1_832' title='bbox 382 2386 498 2415; x_wconf 84' lang='lat' dir='ltr'><strong>bominis</strong></span> <span class='ocrx_word' id='word_1_833' title='bbox 511 2396 564 2415; x_wconf 92' lang='lat' dir='ltr'><strong>non</strong></span> <span class='ocrx_word' id='word_1_834' title='bbox 578 2387 729 2425; x_wconf 64' lang='lat' dir='ltr'><strong>quim-entis,</strong></span> <span class='ocrx_word' id='word_1_835' title='bbox 744 2398 792 2417; x_wconf 87' lang='lat' dir='ltr'><strong>nec</strong></span> <span class='ocrx_word' id='word_1_836' title='bbox 804 2388 880 2417; x_wconf 81' lang='lat' dir='ltr'><strong>sesti-</strong></span> 
     </span>
     <span class='ocr_line' id='line_1_105' title="bbox 142 2423 881 2459; baseline 0.005 -7"><span class='ocrx_word' id='word_1_837' title='bbox 142 2423 245 2459; x_wconf 84' lang='lat' dir='ltr'><strong>nantis,</strong></span> <span class='ocrx_word' id='word_1_838' title='bbox 271 2434 319 2454; x_wconf 88' lang='lat' dir='ltr'><strong>nec</strong></span> <span class='ocrx_word' id='word_1_839' title='bbox 336 2423 480 2454; x_wconf 82' lang='lat' dir='ltr'><strong>laborantis</strong></span> <span class='ocrx_word' id='word_1_840' title='bbox 507 2432 536 2454; x_wconf 92' lang='lat' dir='ltr'><strong>ut</strong></span> <span class='ocrx_word' id='word_1_841' title='bbox 555 2433 686 2456; x_wconf 86' lang='lat' dir='ltr'><strong>mereatur</strong></span> <span class='ocrx_word' id='word_1_842' title='bbox 710 2427 763 2456; x_wconf 87' lang='lat' dir='ltr'><strong>acci</strong></span> <span class='ocrx_word' id='word_1_843' title='bbox 785 2438 837 2456; x_wconf 87' lang='lat' dir='ltr'><strong>ere.</strong></span> <span class='ocrx_word' id='word_1_844' title='bbox 851 2428 881 2457; x_wconf 92' lang='lat' dir='ltr'><strong>Si</strong></span> 
     </span>
     <span class='ocr_line' id='line_1_106' title="bbox 143 2462 881 2502; baseline 0.008 -12"><span class='ocrx_word' id='word_1_845' title='bbox 143 2462 214 2491; x_wconf 90' lang='lat' dir='ltr'><strong>enim</strong></span> <span class='ocrx_word' id='word_1_846' title='bbox 223 2463 299 2491; x_wconf 91' lang='lat' dir='ltr'><strong>illam</strong></span> <span class='ocrx_word' id='word_1_847' title='bbox 309 2464 457 2502; x_wconf 81' lang='lat' dir='ltr'><strong>generalem</strong></span> <span class='ocrx_word' id='word_1_848' title='bbox 467 2464 603 2494; x_wconf 86' lang='lat' dir='ltr'><strong>scientiam</strong></span> <span class='ocrx_word' id='word_1_849' title='bbox 613 2466 676 2495; x_wconf 89' lang='lat' dir='ltr'><strong>boni</strong></span> <span class='ocrx_word' id='word_1_850' title='bbox 686 2473 711 2495; x_wconf 90' lang='lat' dir='ltr'><strong>et</strong></span> <span class='ocrx_word' id='word_1_851' title='bbox 725 2476 767 2495; x_wconf 89' lang='lat' dir='ltr'><strong>ma</strong></span> <span class='ocrx_word' id='word_1_852' title='bbox 780 2467 787 2496; x_wconf 90' lang='lat' dir='ltr'><strong>i</strong></span> <span class='ocrx_word' id='word_1_853' title='bbox 799 2473 881 2496; x_wconf 86' lang='lat' dir='ltr'><strong>trans-</strong></span> 
     </span>
     <span class='ocr_line' id='line_1_107' title="bbox 144 2501 882 2545; baseline 0.009 -16"><span class='ocrx_word' id='word_1_854' title='bbox 144 2501 252 2539; x_wconf 81' lang='lat' dir='ltr'><strong>egisses,</strong></span> <span class='ocrx_word' id='word_1_855' title='bbox 268 2501 296 2530; x_wconf 88' lang='lat' dir='ltr'><strong>id</strong></span> <span class='ocrx_word' id='word_1_856' title='bbox 310 2509 359 2538; x_wconf 81' lang='lat' dir='ltr'><strong>est,</strong></span> <span class='ocrx_word' id='word_1_857' title='bbox 374 2503 396 2532; x_wconf 89' lang='lat' dir='ltr'><strong>si</strong></span> <span class='ocrx_word' id='word_1_858' title='bbox 415 2503 481 2532; x_wconf 91' lang='lat' dir='ltr'><strong>bene</strong></span> <span class='ocrx_word' id='word_1_859' title='bbox 498 2514 562 2533; x_wconf 88' lang='lat' dir='ltr'><strong>usus</strong></span> <span class='ocrx_word' id='word_1_860' title='bbox 584 2504 694 2540; x_wconf 80' lang='lat' dir='ltr'><strong>fuisses,</strong></span> <span class='ocrx_word' id='word_1_861' title='bbox 705 2505 777 2545; x_wconf 89' lang='lat' dir='ltr'><strong>juste</strong></span> <span class='ocrx_word' id='word_1_862' title='bbox 796 2516 882 2536; x_wconf 85' lang='lat' dir='ltr'><strong>mere-</strong></span> 
     </span>
     <span class='ocr_line' id='line_1_108' title="bbox 144 2539 882 2584; baseline 0.009 -16"><span class='ocrx_word' id='word_1_863' title='bbox 144 2539 216 2569; x_wconf 83' lang='lat' dir='ltr'><strong>baris</strong></span> <span class='ocrx_word' id='word_1_864' title='bbox 229 2539 297 2570; x_wconf 81' lang='lat' dir='ltr'><strong>lianc</strong></span> <span class='ocrx_word' id='word_1_865' title='bbox 311 2541 453 2581; x_wconf 75' lang='lat' dir='ltr'><strong>specialem</strong></span> <span class='ocrx_word' id='word_1_866' title='bbox 466 2543 639 2582; x_wconf 85' lang='lat' dir='ltr'><strong>cognoscendi</strong></span> <span class='ocrx_word' id='word_1_867' title='bbox 660 2545 779 2584; x_wconf 85' lang='lat' dir='ltr'><strong>mysterii</strong></span> <span class='ocrx_word' id='word_1_868' title='bbox 797 2545 882 2574; x_wconf 86' lang='lat' dir='ltr'><strong>scicn-</strong></span> 
     </span>
     <span class='ocr_line' id='line_1_109' title="bbox 306 2591 445 2611; baseline 0.014 -2"><span class='ocrx_word' id='word_1_869' title='bbox 306 2591 379 2610; x_wconf 65' lang='grc' dir='ltr'>του.</span> <span class='ocrx_word' id='word_1_870' title='bbox 401 2592 445 2611; x_wconf 84' lang='lat' dir='ltr'><strong>vr.</strong></span> 
     </span>
    </p>
   </div>
   <div class='ocr_carea' id='block_1_15' title="bbox 930 2032 1676 2580">
    <p class='ocr_par' dir='ltr' id='par_1_47' title="bbox 930 2032 1670 2267">
     <span class='ocr_line' id='line_1_110' title="bbox 930 2032 1670 2076; baseline 0.007 -14"><span class='ocrx_word' id='word_1_871' title='bbox 930 2033 1060 2069; x_wconf 79' lang='lat' dir='ltr'><strong>diximus,</strong></span> <span class='ocrx_word' id='word_1_872' title='bbox 1078 2032 1151 2072; x_wconf 90' lang='lat' dir='ltr'><strong>quod</strong></span> <span class='ocrx_word' id='word_1_873' title='bbox 1172 2033 1252 2063; x_wconf 86' lang='lat' dir='ltr'><strong>habet</strong></span> <span class='ocrx_word' id='word_1_874' title='bbox 1269 2033 1378 2072; x_wconf 86' lang='lat' dir='ltr'><strong>quidem</strong></span> <span class='ocrx_word' id='word_1_875' title='bbox 1395 2041 1496 2064; x_wconf 81' lang='lat' dir='ltr'><strong>naturae</strong></span> <span class='ocrx_word' id='word_1_876' title='bbox 1517 2043 1557 2065; x_wconf 89' lang='lat' dir='ltr'><strong>est</strong></span> <span class='ocrx_word' id='word_1_877' title='bbox 1573 2046 1580 2065; x_wconf 69' lang='lat' dir='ltr'><strong><em>z</em></strong></span> <span class='ocrx_word' id='word_1_878' title='bbox 1595 2038 1670 2076; x_wconf 85' lang='lat' dir='ltr'><strong>quod</strong></span> 
     </span>
     <span class='ocr_line' id='line_1_111' title="bbox 931 2072 1668 2114; baseline 0.005 -12"><span class='ocrx_word' id='word_1_879' title='bbox 931 2080 1020 2102; x_wconf 90' lang='lat' dir='ltr'><strong>autem</strong></span> <span class='ocrx_word' id='word_1_880' title='bbox 1035 2083 1088 2102; x_wconf 89' lang='lat' dir='ltr'><strong>non</strong></span> <span class='ocrx_word' id='word_1_881' title='bbox 1102 2072 1192 2107; x_wconf 86' lang='lat' dir='ltr'><strong>habet,</strong></span> <span class='ocrx_word' id='word_1_882' title='bbox 1204 2073 1350 2102; x_wconf 87' lang='lat' dir='ltr'><strong>voluntatis</strong></span> <span class='ocrx_word' id='word_1_883' title='bbox 1367 2085 1373 2102; x_wconf 90' lang='lat'>:</span> <span class='ocrx_word' id='word_1_884' title='bbox 1389 2074 1436 2113; x_wconf 90' lang='lat' dir='ltr'><strong>qui</strong></span> <span class='ocrx_word' id='word_1_885' title='bbox 1449 2074 1528 2104; x_wconf 89' lang='lat' dir='ltr'><strong>habet</strong></span> <span class='ocrx_word' id='word_1_886' title='bbox 1546 2077 1668 2114; x_wconf 89' lang='lat' dir='ltr'><strong>quidem,</strong></span> 
     </span>
     <span class='ocr_line' id='line_1_112' title="bbox 932 2111 1670 2152; baseline 0.003 -10"><span class='ocrx_word' id='word_1_887' title='bbox 932 2112 979 2142; x_wconf 87' lang='lat' dir='ltr'><strong>sed</strong></span> <span class='ocrx_word' id='word_1_888' title='bbox 992 2122 1044 2141; x_wconf 92' lang='lat' dir='ltr'><strong>non</strong></span> <span class='ocrx_word' id='word_1_889' title='bbox 1057 2112 1117 2142; x_wconf 89' lang='lat' dir='ltr'><strong>vult</strong></span> <span class='ocrx_word' id='word_1_890' title='bbox 1134 2111 1242 2142; x_wconf 83' lang='lat' dir='ltr'><strong>habere.</strong></span> <span class='ocrx_word' id='word_1_891' title='bbox 1258 2112 1347 2143; x_wconf 81' lang='lat' dir='ltr'><strong>Judaei</strong></span> <span class='ocrx_word' id='word_1_892' title='bbox 1366 2123 1443 2150; x_wconf 85' lang='lat' dir='ltr'><strong>vero,</strong></span> <span class='ocrx_word' id='word_1_893' title='bbox 1458 2114 1504 2152; x_wconf 91' lang='lat' dir='ltr'><strong>qui</strong></span> <span class='ocrx_word' id='word_1_894' title='bbox 1520 2115 1670 2145; x_wconf 87' lang='lat' dir='ltr'><strong>habuerunt</strong></span> 
     </span>
     <span class='ocr_line' id='line_1_113' title="bbox 931 2151 1670 2192; baseline 0.005 -12"><span class='ocrx_word' id='word_1_895' title='bbox 931 2152 1028 2191; x_wconf 86' lang='lat' dir='ltr'><strong>legem,</strong></span> <span class='ocrx_word' id='word_1_896' title='bbox 1039 2158 1064 2180; x_wconf 84' lang='lat' dir='ltr'><strong>et</strong></span> <span class='ocrx_word' id='word_1_897' title='bbox 1077 2151 1203 2182; x_wconf 83' lang='lat' dir='ltr'><strong>vixerunt</strong></span> <span class='ocrx_word' id='word_1_898' title='bbox 1216 2151 1362 2182; x_wconf 84' lang='lat' dir='ltr'><strong>secundum</strong></span> <span class='ocrx_word' id='word_1_899' title='bbox 1373 2153 1469 2192; x_wconf 85' lang='lat' dir='ltr'><strong>legem,</strong></span> <span class='ocrx_word' id='word_1_900' title='bbox 1481 2153 1570 2183; x_wconf 87' lang='lat' dir='ltr'><strong>addita</strong></span> <span class='ocrx_word' id='word_1_901' title='bbox 1584 2162 1622 2184; x_wconf 83' lang='lat' dir='ltr'><strong>cst</strong></span> <span class='ocrx_word' id='word_1_902' title='bbox 1632 2156 1670 2184; x_wconf 84' lang='lat' dir='ltr'><strong>eis</strong></span> 
     </span>
     <span class='ocr_line' id='line_1_114' title="bbox 931 2190 1670 2232; baseline 0.005 -13"><span class='ocrx_word' id='word_1_903' title='bbox 931 2191 1025 2220; x_wconf 85' lang='lat' dir='ltr'><strong>notitia</strong></span> <span class='ocrx_word' id='word_1_904' title='bbox 1045 2190 1156 2220; x_wconf 85' lang='lat' dir='ltr'><strong>Christi.</strong></span> <span class='ocrx_word' id='word_1_905' title='bbox 1177 2191 1233 2228; x_wconf 89' lang='lat' dir='ltr'><strong>Qui</strong></span> <span class='ocrx_word' id='word_1_906' title='bbox 1255 2191 1325 2220; x_wconf 87' lang='lat' dir='ltr'><strong>enim</strong></span> <span class='ocrx_word' id='word_1_907' title='bbox 1343 2192 1429 2231; x_wconf 81' lang='lat' dir='ltr'><strong>legem</strong></span> <span class='ocrx_word' id='word_1_908' title='bbox 1446 2192 1571 2222; x_wconf 84' lang='lat' dir='ltr'><strong>habentes</strong></span> <span class='ocrx_word' id='word_1_909' title='bbox 1595 2195 1670 2232; x_wconf 85' lang='lat' dir='ltr'><strong>quasi</strong></span> 
     </span>
     <span class='ocr_line' id='line_1_115' title="bbox 932 2230 1670 2267; baseline 0.003 -8"><span class='ocrx_word' id='word_1_910' title='bbox 932 2240 984 2259; x_wconf 90' lang='lat' dir='ltr'><strong>non</strong></span> <span class='ocrx_word' id='word_1_911' title='bbox 996 2230 1158 2267; x_wconf 90' lang='lat' dir='ltr'><strong>habuerunt,</strong></span> <span class='ocrx_word' id='word_1_912' title='bbox 1194 2230 1238 2259; x_wconf 90' lang='lat' dir='ltr'><strong>uia</strong></span> <span class='ocrx_word' id='word_1_913' title='bbox 1257 2241 1309 2259; x_wconf 91' lang='lat' dir='ltr'><strong>non</strong></span> <span class='ocrx_word' id='word_1_914' title='bbox 1325 2231 1451 2261; x_wconf 83' lang='lat' dir='ltr'><strong>vixerunt</strong></span> <span class='ocrx_word' id='word_1_915' title='bbox 1469 2232 1615 2261; x_wconf 81' lang='lat' dir='ltr'><strong>secundum</strong></span> <span class='ocrx_word' id='word_1_916' title='bbox 1630 2233 1670 2261; x_wconf 89' lang='lat' dir='ltr'><strong>le-</strong></span> 
     </span>
    </p>

    <p class='ocr_par' dir='ltr' id='par_1_48' title="bbox 932 2269 1674 2461">
     <span class='ocr_line' id='line_1_116' title="bbox 950 2269 1671 2310; baseline 0.003 -12"><span class='ocrx_word' id='word_1_917' title='bbox 950 2280 1002 2305; x_wconf 88' lang='lat' dir='ltr'><strong>em,</strong></span> <span class='ocrx_word' id='word_1_918' title='bbox 1018 2269 1106 2298; x_wconf 88' lang='lat' dir='ltr'><strong>ablata</strong></span> <span class='ocrx_word' id='word_1_919' title='bbox 1117 2276 1156 2299; x_wconf 90' lang='lat' dir='ltr'><strong>est</strong></span> <span class='ocrx_word' id='word_1_920' title='bbox 1214 2270 1252 2299; x_wconf 91' lang='lat' dir='ltr'><strong>eis</strong></span> <span class='ocrx_word' id='word_1_921' title='bbox 1261 2270 1340 2299; x_wconf 89' lang='lat' dir='ltr'><strong>etiam</strong></span> <span class='ocrx_word' id='word_1_922' title='bbox 1354 2271 1411 2310; x_wconf 84' lang='lat' dir='ltr'><strong>ipsa</strong></span> <span class='ocrx_word' id='word_1_923' title='bbox 1426 2271 1480 2305; x_wconf 83' lang='lat' dir='ltr'><strong>lex,</strong></span> <span class='ocrx_word' id='word_1_924' title='bbox 1494 2281 1573 2309; x_wconf 84' lang='lat' dir='ltr'><strong>quam</strong></span> <span class='ocrx_word' id='word_1_925' title='bbox 1587 2272 1671 2300; x_wconf 84' lang='lat' dir='ltr'><strong>habe-</strong></span> 
     </span>
     <span class='ocr_line' id='line_1_117' title="bbox 932 2280 1671 2349; baseline 0.001 -12"><span class='ocrx_word' id='word_1_926' title='bbox 932 2280 1011 2344; x_wconf 58' lang='lat' dir='ltr'><strong>lgsann</strong></span> <span class='ocrx_word' id='word_1_927' title='bbox 1027 2315 1052 2338; x_wconf 92' lang='lat' dir='ltr'><strong>et</strong></span> <span class='ocrx_word' id='word_1_928' title='bbox 1064 2308 1133 2337; x_wconf 89' lang='lat' dir='ltr'><strong>nihil</strong></span> <span class='ocrx_word' id='word_1_929' title='bbox 1145 2309 1218 2349; x_wconf 85' lang='lat' dir='ltr'><strong>apud</strong></span> <span class='ocrx_word' id='word_1_930' title='bbox 1231 2319 1275 2338; x_wconf 92' lang='lat' dir='ltr'><strong>eos</strong></span> <span class='ocrx_word' id='word_1_931' title='bbox 1286 2308 1320 2338; x_wconf 89' lang='lat' dir='ltr'><strong>de</strong></span> <span class='ocrx_word' id='word_1_932' title='bbox 1333 2310 1390 2348; x_wconf 83' lang='lat' dir='ltr'><strong>lege</strong></span> <span class='ocrx_word' id='word_1_933' title='bbox 1405 2309 1541 2345; x_wconf 84' lang='lat' dir='ltr'><strong>remansit,</strong></span> <span class='ocrx_word' id='word_1_934' title='bbox 1550 2310 1601 2338; x_wconf 85' lang='lat' dir='ltr'><strong>nisi</strong></span> <span class='ocrx_word' id='word_1_935' title='bbox 1615 2310 1671 2338; x_wconf 86' lang='lat' dir='ltr'><strong>sola</strong></span> 
     </span>
     <span class='ocr_line' id='line_1_118' title="bbox 933 2348 1670 2391; baseline -0.001 -13"><span class='ocrx_word' id='word_1_936' title='bbox 933 2348 1071 2388; x_wconf 88' lang='lat' dir='ltr'><strong>Scriptura</strong></span> <span class='ocrx_word' id='word_1_937' title='bbox 1085 2348 1229 2385; x_wconf 86' lang='lat' dir='ltr'><strong>librorum,</strong></span> <span class='ocrx_word' id='word_1_938' title='bbox 1245 2348 1316 2377; x_wconf 92' lang='lat' dir='ltr'><strong>omni</strong></span> <span class='ocrx_word' id='word_1_939' title='bbox 1340 2348 1406 2391; x_wconf 78' lang='lat' dir='ltr'><strong>legis</strong></span> <span class='ocrx_word' id='word_1_940' title='bbox 1420 2348 1586 2376; x_wconf 81' lang='lat' dir='ltr'><strong>observantia</strong></span> <span class='ocrx_word' id='word_1_941' title='bbox 1610 2359 1670 2388; x_wconf 86' lang='lat' dir='ltr'><strong>per-</strong></span> 
     </span>
     <span class='ocr_line' id='line_1_119' title="bbox 933 2386 1672 2422; baseline 0 -6"><span class='ocrx_word' id='word_1_942' title='bbox 933 2394 1020 2416; x_wconf 87' lang='lat' dir='ltr'><strong>cunte.</strong></span> <span class='ocrx_word' id='word_1_943' title='bbox 1037 2387 1082 2417; x_wconf 90' lang='lat' dir='ltr'><strong>Sic</strong></span> <span class='ocrx_word' id='word_1_944' title='bbox 1095 2387 1166 2416; x_wconf 87' lang='lat' dir='ltr'><strong>enim</strong></span> <span class='ocrx_word' id='word_1_945' title='bbox 1186 2393 1211 2416; x_wconf 88' lang='lat' dir='ltr'><strong>et</strong></span> <span class='ocrx_word' id='word_1_946' title='bbox 1230 2387 1388 2417; x_wconf 82' lang='lat' dir='ltr'><strong>Christianis</strong></span> <span class='ocrx_word' id='word_1_947' title='bbox 1404 2386 1514 2415; x_wconf 85' lang='lat' dir='ltr'><strong>eveniet.</strong></span> <span class='ocrx_word' id='word_1_948' title='bbox 1531 2387 1586 2422; x_wconf 91' lang='lat' dir='ltr'><strong>Qui</strong></span> <span class='ocrx_word' id='word_1_949' title='bbox 1600 2388 1672 2416; x_wconf 71' lang='lat' dir='ltr'><strong>enini</strong></span> 
     </span>
     <span class='ocr_line' id='line_1_120' title="bbox 934 2424 1674 2461; baseline -0.001 -4"><span class='ocrx_word' id='word_1_950' title='bbox 934 2437 996 2457; x_wconf 87' lang='lat' dir='ltr'><strong>vere</strong></span> <span class='ocrx_word' id='word_1_951' title='bbox 1007 2426 1106 2458; x_wconf 83' lang='lat' dir='ltr'><strong>habent</strong></span> <span class='ocrx_word' id='word_1_952' title='bbox 1118 2426 1266 2461; x_wconf 88' lang='lat' dir='ltr'><strong>Christum,</strong></span> <span class='ocrx_word' id='word_1_953' title='bbox 1281 2426 1399 2454; x_wconf 87' lang='lat' dir='ltr'><strong>viventes</strong></span> <span class='ocrx_word' id='word_1_954' title='bbox 1414 2424 1560 2454; x_wconf 85' lang='lat' dir='ltr'><strong>secundum</strong></span> <span class='ocrx_word' id='word_1_955' title='bbox 1572 2427 1674 2456; x_wconf 87' lang='lat' dir='ltr'><strong>Christi</strong></span> 
     </span>
    </p>

    <p class='ocr_par' dir='ltr' id='par_1_49' title="bbox 934 2463 1676 2580">
     <span class='ocr_line' id='line_1_121' title="bbox 954 2463 1676 2506; baseline 0 -11"><span class='ocrx_word' id='word_1_956' title='bbox 954 2472 1077 2506; x_wconf 65' lang='lat' dir='ltr'><strong>accepta,</strong></span> <span class='ocrx_word' id='word_1_957' title='bbox 1090 2465 1202 2494; x_wconf 83' lang='lat' dir='ltr'><strong>dabitur</strong></span> <span class='ocrx_word' id='word_1_958' title='bbox 1219 2465 1274 2493; x_wconf 85' lang='lat' dir='ltr'><strong>illis</strong></span> <span class='ocrx_word' id='word_1_959' title='bbox 1291 2474 1414 2502; x_wconf 84' lang='lat' dir='ltr'><strong>regnum,</strong></span> <span class='ocrx_word' id='word_1_960' title='bbox 1428 2471 1457 2492; x_wconf 88' lang='lat' dir='ltr'><strong>ut</strong></span> <span class='ocrx_word' id='word_1_961' title='bbox 1471 2463 1526 2502; x_wconf 88' lang='lat' dir='ltr'><strong>jam</strong></span> <span class='ocrx_word' id='word_1_962' title='bbox 1545 2475 1597 2494; x_wconf 91' lang='lat' dir='ltr'><strong>non</strong></span> <span class='ocrx_word' id='word_1_963' title='bbox 1616 2477 1676 2495; x_wconf 86' lang='lat' dir='ltr'><strong>cre-</strong></span> 
     </span>
     <span class='ocr_line' id='line_1_122' title="bbox 934 2476 1675 2541; baseline 0 -7"><span class='ocrx_word' id='word_1_964' title='bbox 934 2476 999 2534; x_wconf 60' lang='lat' dir='ltr'><strong>gant</strong></span> <span class='ocrx_word' id='word_1_965' title='bbox 1013 2505 1146 2534; x_wconf 83' lang='lat' dir='ltr'><strong>absentem</strong></span> <span class='ocrx_word' id='word_1_966' title='bbox 1158 2503 1306 2537; x_wconf 84' lang='lat' dir='ltr'><strong>Christum,</strong></span> <span class='ocrx_word' id='word_1_967' title='bbox 1320 2502 1367 2531; x_wconf 87' lang='lat' dir='ltr'><strong>sed</strong></span> <span class='ocrx_word' id='word_1_968' title='bbox 1380 2502 1488 2531; x_wconf 85' lang='lat' dir='ltr'><strong>videant</strong></span> <span class='ocrx_word' id='word_1_969' title='bbox 1506 2512 1675 2541; x_wconf 83' lang='lat' dir='ltr'><strong>praesentem.</strong></span> 
     </span>
     <span class='ocr_line' id='line_1_123' title="bbox 936 2541 1676 2580; baseline -0.001 -7"><span class='ocrx_word' id='word_1_970' title='bbox 936 2544 988 2580; x_wconf 89' lang='lat' dir='ltr'><strong>Qui</strong></span> <span class='ocrx_word' id='word_1_971' title='bbox 1004 2551 1091 2573; x_wconf 81' lang='lat' dir='ltr'><strong>autem</strong></span> <span class='ocrx_word' id='word_1_972' title='bbox 1110 2543 1234 2571; x_wconf 79' lang='lat' dir='ltr'><strong>habentes</strong></span> <span class='ocrx_word' id='word_1_973' title='bbox 1247 2542 1385 2571; x_wconf 83' lang='lat' dir='ltr'><strong>Christum</strong></span> <span class='ocrx_word' id='word_1_974' title='bbox 1405 2541 1480 2579; x_wconf 89' lang='lat' dir='ltr'><strong>quasi</strong></span> <span class='ocrx_word' id='word_1_975' title='bbox 1499 2551 1552 2572; x_wconf 91' lang='lat' dir='ltr'><strong>non</strong></span> <span class='ocrx_word' id='word_1_976' title='bbox 1567 2543 1676 2580; x_wconf 86' lang='lat' dir='ltr'><strong>habent,</strong></span> 
     </span>
    </p>
   </div>
   <div class='ocr_carea' id='block_1_16' title="bbox 1477 2580 1515 2609">
    <p class='ocr_par' dir='ltr' id='par_1_50' title="bbox 1477 2580 1515 2609">
     <span class='ocr_line' id='line_1_124' title="bbox 1477 2580 1515 2609; baseline 0 0"><span class='ocrx_word' id='word_1_977' title='bbox 1477 2580 1515 2609; x_wconf 87' lang='lat'><strong>56</strong></span> 
     </span>
    </p>
   </div>
  </div>
 </body>
</html>
