1904 2840
28 374 33 376 ,
83 352 196 371 errores.
219 342 289 370 Nam
314 346 340 369 et
362 350 460 369 aurum

601 199 635 222 IN
660 197 871 222 MATTHAEUM.
903 195 1021 221 nomn.
1045 198 1093 221 111.

84 270 187 294 ceretur
207 262 281 292 filius
302 267 483 302 peccatorum,
497 259 545 290 sed
561 266 642 301 pater-
654 259 824 289 sanctorum?

83 304 141 333 Nee
165 307 310 342 potuerunt
339 300 453 339 gloriam
476 299 535 329 e'us
561 298 699 329 sordidare
722 301 825 338 paterni

504 350 518 368 e
546 346 615 368 terra
637 338 764 375 nascitur,
780 337 827 367 sed

83 390 136 410 non
151 387 190 409 est
207 387 286 409 terra.
306 379 343 408 Et
363 389 460 408 aurum
479 378 589 418 quidem
610 378 737 417 eligitur,
756 384 827 407 terra

83 426 172 448 autem
186 419 375 449 contemnitur.
390 419 425 448 Et
437 425 560 447 stannum
579 417 613 446 de
632 424 741 456 argento
754 427 828 456 egre-

84 458 170 494 ditur,
189 458 237 488 sed
262 468 316 487 non
342 465 382 487 est
404 464 553 497 argentum.
569 458 663 496 Itaque
688 463 828 495 argentum

85 498 212 527 collatum
234 495 366 534 servatur,
377 504 502 527 stannum
524 503 612 526 autem
634 497 705 525 foras
732 495 828 535 expel-

84 537 161 567 litur.
189 537 289 567 Melius
315 543 356 566 est
384 536 418 566 de
447 536 622 565 contemtibili
647 545 743 575 genere
773 535 829 564 cla-

85 587 147 606 rum
165 576 235 611 fieri,
256 587 338 615 quam
356 575 391 605 de
411 576 484 605 claro
504 586 599 615 genere
620 574 829 604 contemtibilem

85 616 169 646 nasci.
185 615 240 653 Qui
254 616 325 644 enim
338 615 373 644 de
391 615 464 644 claro
477 625 572 654 genere
591 615 680 644 clarus
698 613 826 649 nascitur,

86 655 172 694 gloria
195 654 363 684 claritudinis
383 655 442 694 ejus
461 664 515 683 non
533 661 572 684 est
593 655 650 694 ejus
672 653 766 690 solius,
781 653 828 682 sed

85 695 234 724 communis
248 694 354 723 videtur
363 704 425 723 cum
435 704 539 733 genere.
550 694 606 731 Qui
619 700 708 722 autem
717 692 752 721 de
765 702 828 722 eon-

87 734 215 763 temtibili
229 743 323 773 genere
340 733 430 763 clarus
440 732 588 772 egreditur,
602 739 657 763 tota
669 732 755 771 gloria
768 732 828 761 cla-

87 772 215 802 ritudinis
235 774 304 812 ejus,
318 773 376 812 ejus
395 773 478 802 solius
497 779 546 801 est.
561 773 639 808 Item,
654 771 701 810 qui
715 770 749 800 de
767 782 828 801 con-

88 812 212 842 temtibili
231 822 326 851 genere
339 811 528 842 contemtibilis
547 811 674 848 nascitur,
689 811 828 850 turpitudo

88 851 326 881 contemtibilitatis
343 851 418 880 illius
430 860 483 880 non
496 851 556 891 ejus
574 850 670 887 solius,
681 850 730 879 sed
749 851 829 879 etiam

88 891 192 930 generis
204 893 273 931 ejus.
289 890 344 928 Qui
357 897 445 919 autem
457 890 492 919 de
509 890 582 919 claro
602 900 695 930 genere
709 897 829 919 contem-

88 930 174 959 tibilis
187 930 316 964 nascitur,
325 930 412 959 omnis
422 929 562 969 turpitudo
575 929 661 966 illius,
673 930 732 969 ejus
746 929 829 958 solius

88 976 135 999 est.
149 969 213 999 Ideo
230 969 325 998 melius
337 976 388 1004 est,
402 975 432 998 ut
447 970 474 998 in
489 975 515 998 te
535 969 683 1008 glorientur
695 975 827 1008 parentes,

88 1009 135 1047 qui
147 1009 227 1038 talem
238 1008 326 1038 filium
338 1008 446 1044 habent,
460 1019 542 1047 quam
561 1015 590 1037 tu
604 1008 726 1047 glorieris
742 1008 769 1037 in
782 1019 830 1048 pa-

87 1049 218 1078 rentibus.
237 1048 281 1078 Sic
297 1054 323 1077 et
334 1059 383 1078 vos
399 1048 482 1077 nolite
502 1047 611 1087 gloriari
624 1047 752 1083 dicentes,
767 1047 830 1086 quia

87 1094 189 1127 patrem
202 1087 332 1117 hahemus
342 1087 478 1116 Abraham
494 1098 502 1114 .·
518 1086 565 1116 sed
579 1087 663 1126 magis
673 1086 829 1122 erubescite,

55 1143 60 1150 ·
88 1127 152 1166 quia
161 1127 210 1156 filii
225 1127 283 1166 ejus
296 1126 369 1162 estis,
378 1133 404 1155 et
416 1126 561 1155 sanctitatis
572 1127 629 1165 ejus
640 1135 692 1155 non
707 1126 771 1155 estis
784 1126 832 1155 he-

0 2318 49 2334 un.
60 2311 83 2335 5.

89 1166 176 1196 redes.
189 1169 198 1196 Ι
221 1177 248 1196 se
258 1165 331 1195 enim
342 1175 392 1195 suo
404 1166 554 1195 testimonio
565 1175 593 1194 se
607 1165 753 1202 convincit,
767 1166 831 1204 quia

89 1205 124 1234 de
142 1177 276 1239 adulierio
297 1211 375 1234 natus
387 1211 436 1239 est,
447 1205 495 1243 qui
517 1215 570 1234 non
590 1204 724 1234 similatur
747 1205 827 1244 patri.

90 1245 244 1275 Sermonem
269 1244 373 1274 dictum
401 1243 436 1272 ad
456 1245 474 1273 J
477 1243 565 1273 udaeos
589 1250 774 1273 convertamus
796 1243 831 1274 ad

90 1283 257 1313 Christianos
270 1296 276 1312 :
293 1285 355 1322 quia
367 1283 435 1312 sicut
444 1283 532 1313 Judaei
544 1284 673 1323 putabant
683 1294 711 1312 se
742 1294 772 1312 ro
793 1291 832 1313 ter

90 1323 142 1352 hoc
154 1323 242 1352 solum
254 1333 309 1352 esse
317 1322 470 1356 salvandos,
481 1323 544 1361 quia
554 1330 629 1352 erant
635 1323 687 1352 filii
696 1322 721 1351 A
741 1333 769 1351 ra
789 1333 828 1352 ae:

91 1362 130 1392 sic
141 1369 167 1391 et
181 1362 259 1391 multi
271 1361 426 1401 insipientes
439 1362 586 1391 Christiani
606 1373 655 1402 per
668 1361 720 1391 boc
742 1362 831 1392 solum

90 1408 186 1441 putant
197 1412 225 1430 se
237 1412 294 1431 esse
302 1401 455 1437 salvandos,
465 1402 531 1440 quia
543 1408 605 1430 sunt
615 1401 762 1431 Christiani
773 1413 780 1436 ;
796 1401 830 1431 ad

90 1451 159 1479 quos
180 1441 367 1470 convenienter
386 1440 453 1470 dicit
472 1441 588 1470 Joannes
605 1453 612 1469 :
626 1442 716 1470 Nolite
728 1440 829 1476 dicere,

90 1480 155 1525 quia
167 1490 260 1510 sumus
273 1480 431 1516 Christiani,
445 1479 492 1509 sed
506 1479 582 1509 facite
594 1480 690 1519 dignos
703 1480 833 1519 poeniten-

91 1526 134 1549 tiae
151 1519 266 1549 fructus.
282 1520 392 1548 Potens
408 1525 451 1548 est
465 1520 546 1548 Deus
561 1519 641 1548 dela
661 1521 756 1548 idibus
769 1521 831 1550 istis

91 1560 231 1588 suscitare
238 1558 318 1597 filios
331 1558 474 1587 Abrahce.
486 1558 568 1602 Lapis
579 1558 625 1596 qui
647 1569 688 1588 em
698 1558 783 1587 durus
794 1566 833 1588 est

91 1597 126 1626 ad
137 1607 220 1641 opus:
230 1596 276 1626 sed
285 1607 347 1626 cum
359 1597 459 1626 sactum
466 1597 548 1625 fuerit
557 1607 573 1625 ο
593 1607 625 1625 us
634 1607 668 1626 ex
676 1596 834 1631 e0‚defioere

91 1643 184 1665 nescit.
200 1636 245 1665 Sic
258 1642 284 1664 et
302 1641 391 1675 gentes
403 1645 464 1664 curn
482 1607 641 1664 difficultate
657 1635 767 1674 quidem
779 1646 835 1665 cre-

92 1675 231 1710 diderunt,
243 1681 329 1703 tamen
347 1674 483 1704 credentes
496 1681 651 1713 permanent
661 1675 689 1703 in
704 1681 833 1704 aeternum

92 1714 120 1743 in
127 1714 190 1743 fide.
208 1714 254 1742 10.
260 1714 330 1742 Jam
343 1715 451 1742 securis
463 1714 504 1742 ad
514 1715 643 1743 radicem
656 1715 769 1743 arboris
781 1725 834 1753 po-

92 1755 151 1783 sita
164 1759 217 1782 est.
232 1752 338 1782 Securis
348 1759 436 1782 autem
449 1759 488 1781 est
501 1753 653 1783 acutissima
663 1753 702 1782 ira
714 1763 834 1783 consum-

93 1793 228 1828 mationis,
237 1801 296 1830 quae
313 1798 398 1821 totum
410 1791 552 1832 praecisura
565 1799 604 1821 est
612 1792 754 1821 mundum.
764 1793 801 1822 Et
810 1793 833 1822 si

93 1832 179 1872 posita
191 1838 238 1868 est,
249 1841 331 1870 quare
342 1841 394 1860 non
406 1831 546 1871 praecidit?
557 1838 603 1861 aut
615 1831 638 1860 si
649 1831 755 1861 interim
767 1842 834 1871 prae-

92 1871 180 1900 cisura
192 1881 244 1900 non
256 1870 352 1906 fuerat,
366 1881 448 1909 quare
462 1870 547 1910 posita
560 1870 619 1900 est?
634 1871 707 1907 Quia
719 1871 835 1900 rationa-

92 1910 162 1939 biles
181 1917 245 1940 sunt
263 1910 381 1946 arbores,
395 1916 421 1939 et
440 1910 467 1938 in
483 1916 610 1949 potestate
631 1910 730 1939 habent
751 1911 834 1940 facere

92 1949 204 1984 bonum,
220 1956 267 1978 aut
286 1959 339 1978 non
359 1949 444 1978 facere
463 1961 469 1978 ε
487 1956 516 1978 ut
534 1948 655 1978 videntes
674 1949 709 1978 ad
731 1949 834 1979 radices

93 1999 155 2018 suas
177 1989 290 2028 positam
310 1998 366 2018 esse
387 1988 512 2023 securim,
525 1988 634 2018 timeant
651 1988 833 2028 praecisionem

94 2038 181 2064 suam,
195 2034 220 2056 et
233 2027 331 2057 faciant
350 2028 479 2057 fructum.
503 2028 573 2057 Nam
595 2028 720 2067 quamvis
745 2028 832 2057 malus

93 2077 142 2097 nec
154 2067 248 2096 timore
262 2067 416 2106 corrigitur,
429 2074 516 2096 tamen
533 2066 620 2096 bonus
638 2067 689 2096 nisi
712 2067 833 2097 timuerit

93 2107 204 2146 peribit.
218 2107 291 2146 Ergo
309 2106 474 2135 denuntiatio
499 2106 546 2135 irae
568 2107 616 2136 etsi
631 2106 658 2135 in
673 2107 750 2135 malis
764 2106 831 2136 nihil

94 2152 164 2184 agat,
179 2152 266 2174 tamen
277 2155 291 2173 a
302 2145 381 2174 malis
402 2152 523 2184 segregat
542 2144 637 2175 bonos.
658 2145 732 2176 Vide
742 2153 832 2175 autem

93 2184 167 2222 quod
177 2194 229 2212 non
243 2183 278 2212 ad
294 2194 381 2213 ramos
395 2185 480 2224 posita
492 2183 594 2213 dicitur
606 2195 662 2214 esse
676 2186 786 2219 securis,
802 2191 832 2214 ut

94 2233 156 2252 cum
174 2222 289 2266 praeejsae
301 2223 409 2257 suerint,
426 2223 523 2252 iterum
546 2231 702 2263 reparentur
715 2236 723 2253 x
736 2223 783 2253 sed
796 2223 831 2252 ad

94 2261 208 2295 radices,
224 2268 254 2290 ut
276 2261 328 2290 irre
348 2261 485 2290 arabiliter
507 2263 697 2301 exstirpentur.
719 2262 831 2299 Quare?

94 2301 229 2338 Quoniam
242 2311 321 2339 quam
345 2300 372 2328 iu
384 2299 502 2329 mundus
519 2300 568 2329 iste
584 2301 703 2339 iniquus,
717 2307 743 2330 et
760 2308 830 2330 totus

130 2341 196 2370 situs
206 2339 233 2368 in
245 2339 373 2378 maligno,
386 2349 438 2368 non
456 2345 512 2367 erat
524 2340 593 2368 circa
610 2339 701 2375 finem,
715 2340 830 2378 castiga-

94 2351 192 2408 ffintur
210 2386 370 2418 peccatores,
383 2388 435 2407 non
452 2377 706 2413 exterminabantur,
720 2386 830 2418 propter

94 2417 162 2447 duas
175 2428 276 2447 causas.
292 2417 413 2447 Primum
443 2416 544 2452 uidem,
559 2417 686 2455 quoniam
694 2418 831 2456 oportebat

95 2457 215 2486 homines
234 2467 290 2486 esse
311 2457 338 2485 in
354 2466 417 2486 mun
439 2467 467 2492 o,
486 2455 608 2495 quamvis
624 2463 710 2485 essent
731 2456 827 2495 iniqui,

127 2548 140 2561 ¹*
158 2548 167 2579 [
179 2546 326 2573 Commelin.
339 2552 365 2572 et
375 2546 461 2572 noret.
471 2547 575 2580 gratia]

128 2594 138 2605 ·
156 2587 186 2610 V,
200 2586 229 2612 D.
243 2586 376 2618 Necfiwt't
387 2586 502 2617 ahenam,
518 2585 588 2618 quod
597 2585 648 2618 ipse
663 2594 714 2611 non
723 2591 767 2612 est.
777 2586 845 2613 Editi

1555 187 1626 236 769

845 262 864 285 Α
880 259 1006 298 quoniam
1029 266 1056 288 et
1080 259 1138 299 ipse
1156 260 1274 290 mundus
1299 260 1409 300 iniquus
1432 268 1481 293 est.
1506 261 1623 300 Deinde,

879 299 944 337 quia
972 298 1073 328 mundo
1092 306 1213 329 manente
1233 300 1395 341 exspectatio
1418 307 1485 336 erat,
1510 301 1533 330 si
1556 301 1625 331 sorte

880 337 966 376 aliqui
977 345 1147 368 nascerentur
1162 340 1230 379 justi
1254 351 1288 369 cx
1313 341 1528 380 generationibus
1551 340 1626 380 inju-

882 383 996 406 storum.
1012 379 1089 407 Nunc
1103 385 1192 407 autem
1215 379 1267 408 hoc
1289 379 1399 418 quidem
1419 380 1499 409 modo
1519 380 1577 419 jam
1593 380 1627 409 fi-

881 416 979 453 niente,
991 416 1039 445 illo
1053 424 1141 446 autem
1153 425 1243 448 sancto
1251 420 1307 459 jam
1322 430 1334 447 a
1357 419 1561 458 propinquante,
1571 429 1625 448 non

882 455 1044 495 castigantur
1055 456 1111 495 jam
1125 465 1284 496 peccatores,
1302 469 1330 487 se
1361 465 1531 495 evertuntur,
1556 468 1624 498 pro-

882 501 941 534 pter
954 495 1022 524 duas
1041 506 1144 525 causas.
1160 497 1282 526 Primum
1298 497 1419 535 quidem,
1433 498 1496 536 quia
1509 498 1563 537 jam
1576 508 1626 527 nec

882 535 1044 574 exspectatio
1067 542 1152 574 potest
1173 546 1246 572 esse,
1262 537 1283 565 si
1303 537 1370 566 forte
1390 547 1424 566 ex
1444 537 1624 582 generationi-

882 573 933 602 bus
947 574 1108 614 injustorum
1126 574 1212 614 aliqui
1233 576 1378 614 aliquando
1389 576 1456 615 justi
1474 583 1624 606 nascantur.

882 612 998 650 Deinde,
1013 613 1076 652 quia
1086 624 1134 643 nec
1146 615 1271 644 convenit
1285 622 1313 644 ut
1324 616 1351 644 in
1363 615 1411 644 illo
1422 622 1511 644 sancto
1523 616 1624 645 mundo

882 651 1005 682 homines
1018 653 1071 682 sint
1084 663 1136 682 non
1148 655 1242 691 sancti,
1256 655 1326 683 sicut
1338 655 1468 694 scriptum
1479 662 1535 684 est:
1549 657 1624 693 Quo·
1634 663 1702 686 Psal.
1718 662 1759 687 36.

882 691 955 720 niam
968 692 1051 722 sancti
1070 692 1259 723 inhabitabunt
1278 701 1387 729 terram,
1402 694 1487 733 iniqui
1501 705 1565 724 vero
1578 706 1624 724 ex·
1636 699 1674 716 ¹¹-

881 731 1017 771 pellentur
1027 742 1061 761 ex
1072 743 1113 761 ea.
1130 733 1166 762 Et
1179 733 1278 763 iterum
1289 740 1348 762 orat
1360 734 1453 764 Esaias
1467 745 1474 762 t
1492 734 1626 764 Tollatur
1635 732 1742 781 ⁸3¹¹Y¹¹¹6

883 772 997 810 impius,
1020 778 1053 800 ut
1069 782 1128 800 non
1149 773 1251 801 videat
1269 774 1407 803 honorem
1422 774 1544 802 Domini
1555 775 1622 804 Dei.
1637 766 1700 812 ,ἔξω
1710 764 1725 780 ²
1744 774 1750 780 ⁸

884 812 933 839 11.
946 812 1011 850 Ego
1025 812 1143 850 quidem
1157 813 1272 851 baptizo
1286 823 1342 842 vos
1353 814 1385 842 in
1398 823 1477 853 aqua
1488 814 1529 842 ad
1537 816 1625 852 paem‘-
1638 818 1775 849 1..loan.126.

885 851 1006 879 tentiam
1018 862 1026 878 .·
1043 853 1095 890 qul
1108 858 1206 880 autem
1215 858 1281 892 post
1293 863 1338 882 me
1352 855 1445 889 venit,
1457 853 1571 892 sortior
1582 865 1626 883 me

885 895 936 923 est,
952 891 1034 929 cujus·
1055 900 1115 919 non
1134 900 1198 919 sum
1219 892 1325 932 dignus
1349 893 1547 922 calceamenta
1572 893 1627 922 sol·

887 931 1031 968 vere.1pse
1045 931 1205 969 baptizabit
1214 941 1270 960 vos
1281 933 1312 960 in
1323 933 1425 970 spiritu
1439 933 1486 960 eti
1507 933 1628 969 ne.Quo-

885 968 958 997 niam
975 969 1072 997 missus
1093 976 1152 998 erat
1171 970 1286 1000 Joannes
1301 970 1337 1000 ad
1356 971 1390 1000 ba
1410 971 1478 1000 tizan
1502 982 1558 1006 um,
1573 982 1626 1001 non

884 1014 972 1036 tamen
993 1014 1103 1048 propter
1128 1010 1309 1039 necessitatem
1333 1009 1385 1039 dan
1409 1011 1416 1039 i
1441 1010 1625 1051 baptismatis,

885 1046 933 1076 sed
945 1053 975 1076 ut
985 1057 1034 1086 per
1045 1047 1208 1078 occasionem
1223 1049 1258 1078 ad
1278 1049 1445 1089 baptismum
1459 1048 1637 1079 venientibus*

886 1087 1052 1132 praesentiam
1066 1087 1131 1116 Filii
1145 1088 1194 1117 Dei
1214 1088 1241 1117 in
1251 1099 1363 1128 corpore
1376 1089 1544 1129 praedicaret,
1557 1089 1627 1119 sicut

885 1136 943 1165 ipse
956 1126 1115 1155 testificatur
1135 1127 1201 1156 alibi
1217 1127 1325 1157 dicens:
1341 1128 1400 1158 Sed
1412 1135 1444 1158 ut
1460 1129 1628 1169 manifeste·
1635 1136 1775 1160 Joan.1.3r.

887 1171 935 1194 tur
944 1166 975 1194 in
989 1166 1095 1201 Israel,
1110 1167 1175 1195 ideo
1187 1177 1238 1207 ego
1248 1170 1320 1196 veni
1332 1169 1364 1196 in
1374 1179 1453 1206 aqua
1466 1170 1626 1207 baptizare:

885 1204 946 1234 ideo
965 1215 1036 1234 nunc
1053 1205 1088 1234 ad
1108 1206 1271 1250 baptismum
1294 1207 1465 1237 venientibus
1490 1215 1515 1237 et
1537 1208 1626 1247 ipsum

886 1244 1048 1283 praedicabat
1058 1252 1248 1285 appariturum
1257 1247 1406 1283 confestim,
1420 1254 1447 1276 et
1457 1247 1627 1277 eminentiam

886 1283 1023 1323 potestatis
1036 1284 1094 1323 ejus
1110 1285 1258 1314 annuntiat.
1270 1285 1354 1315 Pedes
1366 1293 1456 1316 autem
1468 1287 1571 1316 Christi
1587 1287 1628 1316 in-

886 1322 1005 1362 telligere
1018 1333 1160 1368 possumus
1176 1325 1355 1361 Christianos,
1377 1325 1404 1355 in
1419 1326 1519 1365 quibus
1533 1326 1627 1355 ambu-

885 1361 933 1399 lat,
948 1372 1083 1402 praecipue
1097 1364 1239 1403 apostolos,
1250 1371 1410 1404 caeterosque
1430 1365 1625 1405 praedicatores,

920 1412 934 1430 r
954 1412 1021 1440 quos
1037 1401 1183 1432 discurrit:
1198 1403 1267 1433 inter
1285 1415 1352 1443 quos
1374 1405 1459 1434 suerat
1473 1412 1500 1434 et
1512 1406 1628 1435 Joannes

849 1443 868 1467 G
908 1441 1014 1481 aptista.
1026 1442 1209 1472 calceamenta
1219 1450 1319 1480 antem,
1331 1444 1429 1483 quibus
1438 1444 1525 1484 operit
1533 1444 1625 1484 pedes,

885 1490 1027 1519 possumus
1041 1481 1191 1520 intelligere
1207 1482 1342 1512 firmitates
1356 1483 1456 1522 quibus
1466 1494 1557 1512 omnes
1567 1494 1628 1522 ope-

885 1519 920 1548 rit
935 1519 1129 1558 praedicatores.
1145 1522 1196 1550 Vis
1215 1522 1282 1550 scire
1304 1532 1385 1560 quam
1403 1522 1481 1551 fortia
1503 1522 1557 1551 sint
1576 1523 1628 1551 cal-

874 1564 1019 1596 ,ceamenta
1033 1558 1136 1597 ipsius?
1152 1560 1225 1589 Audi
1244 1560 1333 1599 ipsum
1357 1561 1487 1590 dicentem
1507 1560 1541 1589 ad
1555 1562 1628 1591 Jere-

885 1596 966 1625 miam
981 1609 986 1624 :
1004 1598 1083 1625 Ecce
1093 1600 1179 1636 posui
1193 1605 1220 1627 ee
1230 1600 1261 1626 in
1273 1600 1417 1628 hodIerna
1432 1601 1479 1628 die
1498 1601 1573 1629 sicut
1589 1604 1627 1630 ci·
1636 1605 1684 1627 Jer-
1703 1612 1723 1628 ι.
1739 1605 1777 1629 18.

887 1637 1005 1664 vitatem
1013 1636 1148 1675 firmam,
1164 1643 1192 1665 et
1205 1639 1281 1666 sicut
1293 1649 1406 1668 murum
1428 1649 1542 1668 oereum.
1563 1641 1626 1669 Haec

886 1684 949 1714 ergo
963 1675 1138 1704 calceamenta
1148 1676 1248 1705 Christi
1264 1687 1355 1706 omnes
1368 1678 1555 1718 praedicatores
1566 1689 1627 1718 por·

886 1720 953 1749 tant,
968 1721 994 1743 et
1006 1715 1121 1744 Joannes
1132 1716 1189 1754 ipse
1200 1717 1377 1756 praeportabat
1393 1729 1400 1746 =
1417 1717 1464 1747 sed
1472 1717 1584 1757 dignum
1597 1729 1626 1747 se

886 1763 939 1782 non
949 1764 1005 1783 esse
1016 1754 1203 1793 pronuntiabat
1217 1763 1334 1800 portare,
1350 1763 1379 1786 ut
1397 1757 1524 1796 majorem
1543 1763 1626 1787 osten-

887 1792 984 1822 deret*
997 1794 1139 1831 †gratiam
1164 1794 1265 1824 Christi
1290 1795 1392 1825 meritis
1417 1796 1483 1825 suis.
1511 1797 1773 1830 Joannes†s'l⁰r¹'⁶m·

888 1833 1034 1872 corporalis
1057 1839 1107 1869 est,
1131 1839 1159 1862 et
1176 1844 1245 1872 aqua
1264 1845 1362 1875 corpus
1380 1842 1434 1865 est:
1452 1835 1511 1865 ideo
1528 1846 1626 1876 corpus

888 1882 950 1900 cum
974 1881 1084 1911 corpore
1109 1882 1206 1912 corpus
1232 1874 1359 1914 baptizat.
1387 1875 1511 1905 Christus
1537 1882 1626 1905 autem

888 1911 999 1955 spiritus
1021 1917 1076 1947 est,
1106 1918 1132 1941 et
1156 1912 1275 1952 Spiritus
1299 1920 1405 1943 sanctus
1431 1914 1541 1954 spiritus
1568 1922 1624 1953 est,

888 1957 975 1979 anima
999 1960 1105 1989 quoque
1128 1951 1239 1991 spiritus
1265 1960 1326 1982 est:
1343 1953 1403 1983 ideo
1430 1954 1541 1983 siiritus
1563 1965 1626 1984 cum

888 1989 987 2029 spiritu
1000 1989 1125 2028 spiritum
1148 1997 1268 2020 nostrum
1288 1993 1414 2032 baptizat.
1438 1965 1475 2022 ht
1499 1993 1624 2032 quoniam

851 2031 871 2054 D
885 2028 971 2068 judex
985 2035 1023 2058 est
1038 2028 1086 2067 qui
1100 2029 1216 2069 baptizat
1230 2031 1257 2059 in
1271 2031 1342 2071 igne,
1363 2032 1391 2061 id
1405 2039 1443 2061 est
1458 2033 1485 2062 in
1499 2033 1622 2062 tentatio-

887 2068 978 2110 nibus,
1005 2069 1119 2098 Joannes
1145 2079 1207 2098 cum
1231 2070 1266 2100 sit
1291 2072 1437 2111 corporalis
1447 2094 1455 2108 ‚
1485 2071 1625 2111 spirituale

886 2106 1050 2147 baptismum
1064 2117 1116 2136 non
1130 2115 1215 2147 potest
1227 2108 1303 2146 dare,
1329 2111 1392 2149 quia
1416 2112 1502 2140 omnis
1522 2111 1622 2140 benefi-

887 2156 935 2175 cus
948 2149 1033 2186 maj0r
1046 2153 1084 2175 est
1097 2157 1178 2185 quam
1196 2148 1356 2179 beneficium
1376 2151 1444 2190 ejus.
1469 2151 1554 2180 Nemo
1572 2162 1624 2191 po-

886 2191 936 2214 test
959 2185 1068 2224 dignius
1088 2186 1247 2216 beneficium
1274 2188 1349 2226 dare,
1377 2200 1458 2228 quam
1482 2190 1539 2235 ipse
1564 2198 1620 2219 cst:

886 2227 897 2240 ⁸
907 2234 954 2253 neo
965 2224 1027 2253 facit
1037 2224 1111 2254 aliud
1125 2236 1205 2264 quam
1220 2227 1277 2267 ipse
1295 2238 1348 2257 non
1365 2236 1413 2258 est.
1440 2230 1470 2258 In
1493 2239 1555 2273 igne
1569 2240 1621 2258 non

886 2269 971 2301 potest
990 2263 1124 2303 baptizare
1140 2265 1232 2303 homo,
1256 2267 1319 2311 quia
1344 2267 1424 2296 homo
1439 2268 1555 2296 hominis
1569 2278 1625 2296 non-

886 2308 972 2340 potest
985 2313 1041 2332 esse
1056 2303 1147 2333 ‘ude1.
1160 2305 1210 2334 Ille
1228 2315 1298 2335 enim
1312 2307 1430 2335 tentandi
1446 2307 1524 2335 habet
1536 2306 1622 2335 licen-

886 2341 960 2377 tiam,
983 2342 1030 2380 qui
1072 2343 1132 2373 abet
1155 2345 1341 2374 remunerandi
1362 2352 1525 2384 potestatem.
1548 2346 1621 2384 Ergo

886 2380 985 2409 Christi
997 2382 1147 2421 baptismus
1160 2393 1211 2412 non
1226 2383 1307 2412 solvit
1319 2385 1429 2413 Joannis
1443 2384 1619 2422 baptismum,

885 2418 932 2448 sed
943 2419 969 2448 in
982 2430 1010 2449 se
1024 2421 1141 2451 inclusit.
1152 2423 1206 2458 Qui
1222 2423 1291 2451 enim
1305 2423 1337 2450 ba
1349 2423 1455 2451 ›tizatur
1471 2422 1497 2450 in
1516 2422 1622 2451 nomine

884 2458 996 2496 Christi,
1012 2467 1155 2499 utrumque
1171 2461 1332 2500 baptismum
1341 2433 1434 2496 'haben
1458 2467 1483 2489 et
1509 2471 1583 2499 aquae
1597 2468 1623 2490 et

873 2549 899 2575 in
911 2558 989 2585 marg.
1004 2552 1123 2585 necsitcit
1134 2552 1202 2577 alias
1214 2552 1319 2576 alterum
1336 2550 1405 2583 quod
1415 2551 1468 2584 ipae
1481 2560 1531 2576 non
1545 2557 1589 2577 est.
