1890 2826
570 213 604 236 IN
632 211 745 243 tLan,
774 211 844 234 Vtut
871 210 1046 241 DOMINUM,
1077 211 1197 234 uomit..
1229 211 1251 233 Ι.

135 277 332 319 ἀποτειχίζοντα
343 275 393 312 τὴν
406 273 611 314 ἐκπεμπομένην
629 274 724 303 ἀκτῖνα
736 274 783 302 τοῦ
799 271 900 312 θρόνου,

135 325 178 356 διὰ
187 324 218 354 τὸ
227 324 264 363 μὴ
275 322 399 353 δύνασθαι
411 322 498 363 φέρειν
510 319 580 357 dv*
586 320 712 350 ἄστικτον
723 320 805 355 αὖτῆς
814 318 900 354 δόξαν,

133 373 198 410 ὁμοῦ
214 370 242 400 δὲ
260 381 306 399 και
319 368 368 405 τὴν
387 367 486 398 οἰκείαν
501 366 596 397 εὖλάὸε
584 378 640 395 ειαν
654 365 853 405 ὑποφαίνοντα,
867 365 900 400 ἣν

132 418 222 457 ἔχουσι
235 415 302 455 πρὸς
317 415 362 444 τὸν
376 413 524 450 Δεσπότην.
537 412 656 452 Τοιαύτῃ
675 417 749 452 χαρᾷ
762 411 900 452 χαίρουσιν

131 464 233 498 ἐκεῖνα,
246 460 356 500 τοιαύτῃ
371 459 515 501 εὐφροσύνῃ
530 459 706 499 ἀγάλλονται,
720 458 766 488 καὶ
779 460 809 488 οὐ
822 457 900 496 μόνον

130 508 164 538 τὰ
186 507 318 548 πρόσωπα
342 506 535 541 καλύπτουσιν,
561 505 629 535 ἀλλὰ
651 505 697 543 καὶ
721 504 783 538 τοὺς
805 504 898 538 πόδας.

130 557 142 571 ⁶
153 554 231 587 Τίνος
243 553 329 583 ἕνεκεν
342 556 420 583 τοῦτο
438 555 560 588 *iromus-13
577 551 636 586 Τὰς
649 551 697 591 μὲν
710 551 761 591 γὰρ
775 551 847 591 ὄψεις
860 552 898 580 εἷ-

129 600 214 633 κότως
226 599 269 629 διὰ
281 599 313 629 τὸ
333 599 443 640 φοὸερὸν
456 601 502 628 τοῦ
525 597 655 638 θεάματος
664 620 674 634 ‚
694 597 740 627 καὶ
753 597 784 627 τὸ
799 597 836 636 μὴ
856 597 900 626 δύ-

128 643 222 676 νασθαι
235 647 427 686 ἀντοφθαλμεῖν
439 648 473 686 τῇ
488 645 624 685 ἀπροσίτῳ
646 644 722 684 δόξῃ·
739 644 799 678 τοὺς
817 644 899 678 πόδας

129 692 157 721 δὲ
178 691 222 721 διὰ
242 691 269 721 τί
288 691 521 731 συγκαλύτπουσι;
542 691 596 722 Καὶ
614 691 762 730 ἐδουλόμην
776 690 824 730 μὲν
836 693 899 729 ὑμῖν

127 741 205 768 τοῦτο
214 740 381 774 καταλιπεῖν,
391 737 405 755 ‘¹
413 738 482 773 ὥστε
494 743 582 768 πονεῖν
597 739 666 777 ὑμᾶς
681 737 743 778 περὶ
755 736 803 773 τὴν
818 738 897 767 αὐτοῦ

127 785 215 823 λύσιν,
235 785 281 815 καὶ
297 784 469 825 ἐγρηγορέναι
487 784 553 824 πρὸς
574 783 622 820 ἰ-ὴν
636 786 688 814 τῶν
712 785 897 823 πνευματικῶν

127 832 233 872 ἔρευναν
242 844 250 851 ·
261 831 305 861 ἵνα
321 832 349 861 δὲ
371 831 408 870 μὴ
423 831 622 871 ἀσχολουμένην
634 830 683 867 τὴν
694 830 824 870 ὑμετέραν
836 830 896 860 διά-

127 889 198 907 νοιαν
212 879 255 911 εἷς
261 877 311 914 τὴν
325 878 405 907 αὐτοῦ
420 877 529 914 ζήτησιν
542 877 706 913 καταλιπὼν,
728 878 836 915 ἀμελεῖν
849 878 898 911 frig

127 923 305 964 παραινέσεως
328 922 539 964 παρασκευάσω,
558 924 698 963 ἀναγκαῖον
719 921 784 952 αὐτὸ
805 922 898 952 ἐπιλύ-

128 973 234 999 σασθαι.
256 969 309 999 Διὰ
329 969 356 999 τί
381 964 426 999 οὖν
448 969 508 1003 τοὺς
528 969 610 1003 πόδας
628 969 895 1004 κατακαλύπτουσιν;

127 1019 139 1031 ²
150 1014 298 1051 Ἄπληστον
310 1015 360 1052 τὴν
372 1015 438 1055 πρὸς
455 1015 499 1044 τὸν
521 1015 631 1051 κτίστην
655 1015 795 1045 εὗλᾶὅειαν
816 1015 898 1044 ἐνδεί·

127 1065 236 1092 κνυσθαι
250 1061 409 1097 σπεύδουσι,
430 1061 531 1097 πολλὴν
544 1061 592 1097 τὴν
608 1060 722 1100 ἀγωνίαν
736 1062 782 1091 καὶ
796 1061 838 1090 διὰ
851 1065 897 1090 τοῦ

128 1108 276 1148 σχήματος,
289 1107 335 1138 καὶ
348 1108 392 1138 διὰ
402 1110 449 1143 τῆς
462 1109 559 1148 φωνῆς,
573 1107 619 1137 καὶ
632 1107 676 1136 διὰ
686 1110 734 1143 τῆς
744 1108 837 1147 ὂψεως,
852 1108 897 1137 καὶ

128 1154 162 1182 δι’
174 1155 256 1189 αὐτῆς
267 1155 316 1189 τῆς
327 1153 444 1186 στάσεως
460 1153 612 1193 πειρώμενα
629 1153 768 1183 δεικνύναι.
783 1153 896 1189 Ἐπειδή

127 1211 158 1238 γε
174 1199 221 1228 καὶ
233 1198 302 1229 οὕτω
315 1202 362 1228 τοῦ
378 1199 587 1238 ἐπιθυμουμένου
601 1199 646 1228 καὶ
660 1202 705 1229 τοῦ
718 1199 897 1239 προσήκοντος

128 1245 354 1285 ἀποτυγχάνουσι,
374 1247 413 1285 τῷ
430 1245 661 1284 συγκαλύπτεσθαι
681 1245 846 1286 πανταχόθεν
864 1246 896 1275 τὸ

126 1292 246 1320 ἐλλεῖπον
257 1290 486 1331 περικρύπτουσιν.
494 1286 561 1331 Ἆρα
572 1291 697 1327 ἐνοήσατε
707 1291 738 1321 τὸ
748 1291 895 1332 εἰρημένον,

125 1336 143 1372 ἢ
157 1336 238 1366 πάλιν
252 1336 393 1366 ἀναλαὸεῖν
410 1336 475 1366 αὐτὸ
488 1336 605 1374 δίκαιον;
619 1337 690 1367 Ἀλλ’
703 1337 746 1367 ἵνα
766 1338 896 1378 σαφέστε-

1630 200 1694 234 ιι5

953 271 1042 311 specie
1067 278 1168 301 metum
1196 271 1361 301 ineffabilem
1387 271 1559 301 declarantia.
1586 272 1698 302 Duabus

953 318 1025 348 enim
1042 318 1093 348 alis
1113 319 1239 348 velabant
1250 318 1356 354 faciem,
1371 317 1453 347 simul
1466 318 1636 349 excludentia
1651 331 1695 349 ra-

952 364 1030 394 dium
1039 375 1054 393 e
1067 365 1134 394 solio
1150 365 1337 404 prodeuntem,
1348 374 1380 394 eo
1393 364 1466 403 quod
1477 365 1546 394 ferre
1562 375 1615 395 non
1633 377 1697 405 pos-

953 418 1011 441 sent
1030 411 1189 440 immensam
1211 411 1287 441 illius
1315 411 1440 451 gloriam.
1459 411 1543 441 simul
1562 419 1651 441 autem
1672 420 1698 442 ct

952 469 1030 488 suam
1059 458 1216 498 religionem
1242 469 1272 488 ac
1302 459 1481 488 reverentiam
1506 459 1695 498 significantia,

953 515 1034 544 quam
1054 505 1154 535 habent
1170 516 1232 545 erga
1250 505 1409 536 Dominum.
1425 505 1488 534 Tali
1508 505 1608 544 gaudio
1628 517 1696 545 gau-

952 550 1016 581 dent
1034 551 1154 588 illa,-tali
1173 551 1263 581 laetitia
1282 552 1427 587 exsultant,
1440 561 1489 580 nec
1510 551 1598 581 solum
1618 552 1699 582 facies

951 597 1052 634 velant,
1064 603 1160 628 verum
1173 605 1199 627 et
1212 597 1303 638 pedes.
1316 598 1499 635 Quamobrem
1514 597 1565 627 hoc
1576 598 1697 627 faciunt?

952 643 1045 673 Facies
1061 643 1170 682 quidem
1184 644 1281 674 merito
1296 644 1388 674 velant
1398 650 1508 684 propter
1522 643 1698 674 metuendum

951 689 1145 729 spectaculum,
1157 689 1285 729 quodque
1294 700 1347 720 non
1359 689 1463 730 possint
1471 690 1632 720 inaccessam
1644 690 1699 729 glo·

916 736 935 759 D
952 735 1019 764 riam
1038 736 1263 766 obtueri:verum
1282 736 1364 776 pedes
1385 747 1468 775 quare
1485 736 1569 766 simul
1586 736 1697 766 velant?

951 784 992 811 Ac
1003 782 1126 812 volebam
1139 783 1250 822 quidem
1267 783 1345 813 vobis
1359 783 1411 812 hoc
1424 783 1586 822 relinquere,
1601 790 1630 812 ut
1645 784 1696 824 ipsi

950 828 1021 858 circa
1042 829 1124 869 hujus
1141 829 1181 859 rei
1200 829 1363 859 solutionem
1380 829 1548 866 laboraretis,
1573 830 1697 869 circaque

950 874 1134 914 spiritualium
1145 886 1235 905 rerum
1247 875 1450 916 vestigationem
1462 876 1611 914 vigilaretis
1624 888 1631 904 :
1648 886 1698 906 cae-

950 927 1038 950 terum
1052 932 1086 951 ne
1097 929 1213 952 vestram
1224 922 1412 962 cogitationem
1425 923 1494 951 circa
1507 922 1591 962 hujus
1605 922 1696 962 inqui-

950 967 1074 997 sitionem
1080 967 1207 998 intentam
1218 969 1383 1007 relinquens,
1393 968 1422 998 id
1431 968 1546 998 efficiam
1560 975 1591 998 ut
1598 968 1696 999 admo-

950 1013 1080 1043 nitionem
1092 1014 1244 1054 negligatis,
1259 1024 1366 1044 necesse
1379 1021 1418 1043 est
1434 1020 1464 1043 ut
1475 1014 1527 1044 hoc
1540 1014 1628 1044 obiter
1638 1015 1695 1045 sol-

950 1061 1114 1097 vam.Quare
1120 1060 1204 1100 igitur
1209 1060 1290 1100 pedes
1297 1060 1629 1101 velant?1nexplicabilem
1634 1072 1696 1101 erga

950 1105 1124 1136 Conditorem
1131 1106 1307 1136 reverentiam
1315 1106 1443 1136 exhibere
1449 1107 1568 1144 student,
1574 1107 1697 1138 multam·

950 1162 1004 1191 que
1017 1151 1178 1181 anxietatem
1198 1158 1256 1182 tum
1270 1153 1329 1193 ipso
1347 1152 1454 1189 habitu,
1471 1160 1530 1183 tum
1550 1165 1626 1192 voce,
1638 1161 1696 1184 tum

949 1205 1069 1238 aspectu,
1083 1197 1199 1237 denique
1212 1198 1269 1238 ipsa
1284 1199 1407 1228 statione.
1423 1200 1559 1236 Quoniam
1571 1201 1656 1240 igitur
1667 1202 1697 1231 id

914 1246 932 1269 Ε
949 1243 1024 1283 quod
1043 1243 1196 1274 desiderant
1215 1243 1342 1283 quodque
1361 1246 1534 1276 conveniebat
1551 1256 1604 1276 non
1621 1258 1695 1278 asse-

947 1297 1078 1329 quuntur,
1087 1289 1222 1319 occultant
1232 1289 1334 1320 idcirco
1348 1290 1469 1331 undique
1482 1291 1617 1322 desectum
1629 1293 1695 1324 dum

947 1346 976 1365 se
989 1336 1195 1375 circumtegunt.
1210 1337 1311 1366 Utrum
1330 1337 1490 1377 intelligitis,
1503 1339 1578 1377 quod
1592 1339 1695 1369 dictum

128 1394 171 1422 ρον
182 1385 259 1412 τοῦτο
268 1382 377 1422 γίνηται
385 1403 393 1418 ,
403 1383 434 1412 ἐκ
447 1384 500 1412 τῶν
508 1384 572 1423 παρ’
586 1386 650 1423 ἡμῖν
663 1384 896 1424 παραδειγμάτων,
903 1401 940 1420 ¹⁰⁰
948 1389 998 1420 δί,
1008 1393 1042 1412 an
1054 1392 1141 1423 operae
1150 1382 1268 1422 pretium
1278 1389 1318 1412 est
1329 1390 1359 1412 ut
1371 1382 1444 1413 idem
1453 1383 1542 1414 denuo
1555 1386 1694 1425 repetam?

126 1429 237 1469 φανερὸν
247 1428 310 1458 αὐτὸ
319 1431 428 1465 ποιῆσαι
437 1429 608 1470 πειράσομαι.
622 1430 791 1470 Παρίσταταί
804 1443 844 1465 τις
857 1433 896 1471 τῷ

126 1474 235 1515 ἐπιγείῳ
249 1476 370 1514 βασιλεῖ,
384 1475 428 1505 διὰ
439 1475 545 1515 πάντων
560 1482 714 1517 μηχανᾶται
722 1499 731 1514 ,
744 1477 814 1507 ὥστε
827 1478 896 1507 πολ-

125 1520 175 1557 λὴν
188 1521 236 1557 τὴν
254 1520 319 1561 πρὸς
339 1520 417 1551 αὐτὸν
434 1522 572 1552 εὖλᾶὅειαν
587 1523 782 1559 ἐπιδείξασθαι,
796 1523 839 1553 ἵνα
853 1524 896 1554 διὰ

125 1565 218 1597 τούτου
234 1567 345 1597 πλείονα
363 1567 412 1604 τὴν
433 1567 461 1602 ἐξ
478 1569 558 1598 αὐτοῦ
581 1569 763 1605 ἐπισπάσηται
782 1569 896 1600 εὔνοιαν.

126 1612 229 1642 Τούτου
239 1612 317 1653 χάριν
331 1613 376 1643 καὶ
390 1613 434 1643 διὰ
441 1617 487 1643 τοῦ
501 1616 548 1650 τῆς
561 1616 678 1655 κεφαλῆς
691 1615 839 1655 σχήματος,
850 1616 896 1645 καὶ

127 1657 170 1687 διὰ
185 1659 234 1693 τῆς
252 1661 355 1699 φωνῆς,
371 1659 417 1689 καὶ
430 1659 474 1688 διὰ
493 1662 538 1689 τοῦ
553 1661 651 1698 δεσμοῦ
664 1663 717 1690 τῶν
729 1664 836 1702 χειρῶν,
850 1662 895 1691 καὶ

125 1705 172 1739 τῆς
182 1704 235 1733 τῶν
246 1704 334 1733 ποδῶν
348 1704 506 1740 συζεύξεως,
517 1704 622 1741 καὶτῆς
632 1707 762 1743 συστολῆς
773 1710 820 1736 τοῦ
833 1707 895 1737 ὅλου

125 1748 247 1788 σώματος
267 1749 316 1786 τὴν
334 1750 458 1786 τοιαύτην
479 1750 618 1780 εὐλάὸειαν
631 1752 789 1787 ἐπιτηδεύει.
809 1754 896 1784 Τοῦτο

125 1794 171 1824 καὶ
192 1794 236 1824 ἐπὶ
256 1797 309 1825 τῶν
331 1795 480 1835 ἀσωμάτων
494 1797 600 1826 ἐκείνων
621 1797 723 1837 γίνεται
747 1799 894 1838 δυνάμεων.

125 1841 233 1877 Πολλὴν
246 1841 298 1882 γὰρ
318 1841 413 1882 ἔχοντα
433 1844 481 1878 τῆς
494 1842 559 1882 πρὸς
572 1843 616 1872 τὸν
629 1843 739 1879 κτίστην
759 1844 896 1879 εὖλαῧείας

125 1886 173 1923 τὴν
186 1887 338 1926 ἐπιθυμίαν,
356 1888 402 1918 καὶ
423 1888 522 1924 ταύτην
535 1889 698 1930 πανταχόθεν
715 1902 752 1929 μη
754 1890 896 1931 Λανωυενα

125 1936 332 1973 περιποιεῖσθαι,
345 1929 403 1964 εἶτα
420 1937 468 1971 τῆς
481 1934 558 1990 εφέσε
559 1947 594 1969 ως
611 1937 830 1976 ἀποτυγχάνοντα
841 1959 849 1975 ,
865 1938 896 1967 τὸ

127 1979 250 2019 ὖστιρουν
263 1991 311 2015 της
322 1979 462 2019 ἐπιθυμίας
474 1983 512 2021 τῷ
526 1980 683 2020 καλύμματι
696 1982 895 2022 ἐπικρύπτουσι,

128 2025 180 2054 Διὰ
189 2028 267 2056 τοῦτο
284 2026 371 2056 τοίνυν
384 2027 432 2061 τάς
447 2039 476 2057 τε
487 2028 558 2068 ἅψεις
572 2029 617 2058 καὶ
631 2029 692 2063 τοὺς
709 2029 791 2064 πόδας
811 2042 898 2060 κατα-

128 2071 308 2102 καλύπτεσθαι
325 2073 455 2113 λίγονται.
476 2075 511 2104 El
528 2074 572 2104 καὶ
586 2075 653 2111 ἄλλη
673 2075 739 2109 τίς’
727 2088 784 2106 εστι
800 2089 897 2116 μυστι-

129 2116 231 2156 κωτίρα
245 2118 339 2158 θεωρία
359 2121 377 2155 ἡ
397 2119 459 2160 περὶ
474 2119 566 2150 τούτου
580 2122 765 2161 θεωρουμενη·
789 2125 839 2163 οὐχ
857 2123 898 2152 δ’τι

128 2162 208 2196 πόδας
231 2164 276 2193 καὶ
299 2165 429 2205 πρόσωπα
451 2166 555 2207 ἔχουσιν
568 2171 577 2204 (
591 2168 722 2206 ἀσώματα
743 2169 794 2209 γάρ
809 2171 899 2204 ἐστιν,

130 2206 219 2248 ὥσπερ
233 2210 278 2239 καὶ
290 2210 321 2239 τὸ
333 2213 413 2242 Θιῖον
423 2212 448 2252 )‚
462 2213 579 2243 ἀλλ’ἵνα
600 2214 644 2244 διὰ
663 2215 764 2245 τούτων
785 2218 799 2245 ὁ
817 2216 894 2256 λόγος

160 2284 175 2303 b
192 2291 307 2317 Amnem,
317 2288 506 2322 intolerandam,
519 2291 648 2325 quoeserri
658 2293 703 2317 vel
711 2295 829 2318 susianen*
840 2303 883 2319 ne-

98 2354 104 2360 .
130 2323 194 2355 quit,
204 2332 218 2348 n
227 2329 305 2357 στιγω,
311 2326 379 2359 quod
388 2336 451 2361 ωερε
459 2329 582 2363 significat
588 2331 655 2364 apud
661 2331 883 2365 Chrysostomum,

120 2361 202 2394 firm,
214 2363 328 2391 tolerare.

160 2401 235 2427 :Alii
245 2407 302 2433 τΙνο;
313 2406 336 2430 δὲ
348 2407 427 2431 lum.

160 2440 171 2456 ⁴
189 2441 259 2467 Unus
271 2446 328 2469 dnn
339 2450 412 2471 πεῖσαι
423 2449 460 2472 καὶ
471 2447 536 2480 ὑμᾶς.

158 2488 170 2501 ο
186 2483 244 2516 fleg.
259 2483 322 2507 4832
340 2492 346 2506 τ
366 2486 451 2515 πολλὴν
469 2490 510 2515 τὴν
529 2491 585 2521 πρὸς
605 2492 644 2514 τὸν
662 2492 752 2518 κτίστην
770 2491 885 2516 :mazeum

127 2523 220 2554 Ιχσυσιν,
231 2526 318 2557 ἄφατον
329 2526 370 2552 τὴν
380 2526 492 2554 ι”κπληξῑν-
501 2529 575 2551 ταῦτα
588 2530 625 2552 καὶ
637 2528 674 2553 διὰ
686 2530 725 2553 τοῦ
737 2533 883 2561 σχήματος...

128 2566 246 2595 πειρῶνται
258 2563 371 2588 ὃεικνύναι.
386 2565 433 2588 ἐπεὶ
444 2562 481 2588 οὗν
490 2567 527 2590 καὶ
541 2567 600 2591 οὕτω
616 2570 655 2591 τοῦ
665 2571 814 2602 προσήκοντα,-
827 2572 884 2595 ἀπο-

135 2605 272 2633 τυγχάνουσι.
290 2603 326 2627 διὰ
342 2606 382 2627 τοῦ
394 2604 584 2634 σιηκαλὺπτισθαι
595 2609 734 2638 πανταχόθεν
745 2610 772 2633 τὸ
785 2610 886 2634 ἐλλεῖπον

128 2642 254 2674 πληροῦσιν,
271 2643 346 2673 ἄρα...
363 2643 445 2668 δίκαιον
462 2644 537 2674 ἔμοι-[ε
553 2644 619 2668 ῑοκεῖ.
638 2646 712 2670 οὐκοῦν
729 2648 752 2670 lx
768 2653 811 2672 τῶν
828 2649 884 2681 παρ’

913 1429 932 1452 Α
949 1431 1017 1469 Age,
1034 1436 1061 1459 ut
1077 1430 1127 1459 hoc
1145 1429 1242 1459 faciam
1255 1429 1415 1468 dilucidius,
1431 1441 1466 1460 ex
1479 1442 1571 1461 rerum
1584 1439 1695 1463 nostra-

948 1487 1009 1506 rum
1025 1476 1158 1517 exemplis
1176 1476 1348 1506 manifestum
1367 1477 1453 1507 faeere
1473 1479 1601 1508 conabor.
1619 1480 1694 1509 Assi-

948 1523 995 1552 stit
1007 1522 1109 1563 aliquis
1122 1530 1228 1552 terreno
1247 1523 1304 1563 regi
1317 1522 1497 1561 omnibusque
1510 1525 1599 1555 modis
1613 1526 1694 1555 moli-

948 1576 1004 1604 tur,
1028 1576 1058 1598 ut
1077 1569 1305 1610 quamplurimam
1327 1580 1390 1610 erga
1413 1570 1493 1599 illum
1519 1573 1695 1603 reverentiam

948 1615 1087 1652 exhibeat,
1098 1626 1154 1654 quo
1166 1626 1216 1655 per
1224 1615 1276 1645 hoc
1290 1616 1419 1655 majorem
1431 1616 1508 1646 illius
1518 1627 1580 1657 erga
1594 1629 1622 1648 se
1631 1629 1695 1648 con-

948 1661 1023 1691 ciliet
1034 1660 1258 1691 benevolentiam.
1274 1662 1360 1702 Cujus
1379 1662 1465 1701 gratia
1479 1664 1568 1702 specie
1585 1664 1693 1704 capitis,

949 1706 1007 1746 ipsa
1015 1717 1092 1742 voce,
1107 1706 1164 1746 ipsa
1171 1716 1300 1736 manuum
1311 1707 1514 1747 compositione,
1528 1709 1587 1748 ipsa
1593 1709 1695 1750 pedum

950 1752 1147 1792 conjunctione,
1159 1753 1297 1791 totiusque
1313 1753 1435 1792 corporis
1453 1757 1634 1784 contractione
1652 1763 1695 1785 ta-

949 1798 1003 1828 lem
1020 1797 1194 1827 reverentiam
1207 1805 1321 1827 conatur
1335 1798 1482 1828 ostendere.
1498 1800 1557 1829 Hoc
1570 1807 1597 1829 et
1609 1801 1644 1830 ab
1657 1801 1694 1830 il-

950 1844 984 1874 lis
1002 1843 1167 1884 incorporeis
1186 1843 1333 1874 virtutihus
1352 1844 1522 1875 observatur.
1534 1846 1604 1876 Cum
1622 1847 1695 1886 enim

950 1891 1094 1932 plurimam
1113 1891 1235 1920 habeant·
1243 1901 1306 1930 erga
1319 1891 1493 1921 Conditorem
1506 1893 1694 1931 reverentiam,

949 1944 976 1968 et
988 1937 1058 1967 hanc
1069 1937 1188 1976 undique
1201 1943 1332 1966 conantur
1349 1944 1476 1977 przestare
1491 1951 1498 1968 :
1515 1937 1612 1968 deinde
1625 1950 1695 1978 quo-

950 1985 1023 2014 niam
1043 1993 1096 2014 non
1117 1990 1296 2022 assequuntur
1313 1983 1387 2022 quod
1406 1991 1546 2024 expetunt,
1559 1985 1633 2024 quod
1647 1997 1696 2016 cu·

950 2030 1056 2071 piditati
1074 2029 1159 2067 deest,
1174 2030 1224 2059 hoc
1243 2029 1303 2060 velo
1322 2029 1463 2069 obtegunt.
1482 2031 1557 2061 Hanc
1577 2031 1613 2061 ob
1631 2043 1695 2062 cau-
1715 2048 1761 2070 σῃ,
1783 2049 1848 2070 50„

950 2087 1008 2106 sam
1016 2083 1098 2116 Wltur
1107 2075 1187 2105 facies
1200 2086 1231 2105 ac
1246 2075 1326 2116 pedes
1340 2082 1427 2115 tegere
1441 2076 1579 2107 dicuntur.
1596 2080 1695 2115 Quam·
1706 2080 1760 2132 νίψω
1737 2088 1766 2101 ¹⁰·
1814 2080 1848 2101 Ρ-

951 2134 1032 2163 quam
1042 2130 1081 2153 est
1091 2130 1116 2152 et
1123 2123 1177 2152 alia
1189 2122 1312 2158 quaedam
1323 2123 1408 2163 magis
1418 2124 1532 2164 mystica
1545 2120 1732 2164 .=;pes„·111.ati0⁰'‘¹
1727 2150 1743 2163 5

951 2180 1012 2209 quae
1024 2169 1094 2199 circa
1115 2169 1166 2198 hoc
1187 2168 1382 2205 consideiatur‚
1398 2180 1451 2199 non
1469 2170 1542 2209 quod
1562 2171 1644 2210 pedes
1665 2182 1696 2200 ac

951 2217 1031 2246 facies
1051 2215 1166 2245 habeant
1179 2218 1189 2252 (
1202 2222 1264 2244 sunt
1284 2215 1356 2245 enim
1377 2216 1544 2257 incorporea,
1567 2218 1695 2256 quemad-

933 2299 987 2328 ἡμῖν
996 2296 1186 2330 παραδειγμάτων
1198 2296 1252 2328 φέρι
1264 2300 1348 2323 ποιήσω
1360 2297 1416 2321 αὐτὸ
1431 2300 1533 2330 φανερὸν.
1548 2299 1596 2323 εἰπὲ
1608 2298 1634 2326 δή
1645 2307 1695 2329 μοι,

933 2337 945 2360 ὸ
956 2337 1075 2369 παρεστὼς
1085 2335 1188 2366 βασιλεῖ,
1201 2335 1250 2366 οὐχὶ
1262 2335 1298 2358 διὰ
1309 2337 1400 2359 πάντων
1411 2341 1543 2366 μηχανᾶται
1556 2338 1641 2364 πολλὴν
1654 2340 1694 2364 τὴν

934 2375 990 2407 πρὸς
1005 2375 1073 2398 αὑτὸν
1093 2374 1209 2397 colestem„
1227 2373 1399 2403 ἐπιδείκνυσθαι;
1420 2375 1510 2402 εὔδηλον
1528 2377 1571 2399 ὅτι-
1598 2376 1634 2399 ἴνα
1652 2378 1696 2409 γὰρ

933 2415 1032 2438 πλείονα.
1051 2411 1085 2435 Et.
1107 2410 1143 2434 sic
1159 2410 1211 2434 iere
1225 2409 1317 2443 ubique
1333 2409 1374 2435 hic
1387 2420 1450 2436 unus
1467 2411 1568 2441 Codex,
1583 2411 1616 2436 ita
1634 2418 1662 2436 ut
1676 2413 1695 2436 si

933 2450 1021 2475 vellem
1038 2450 1122 2475 omnin
1138 2449 1229 2474 afferre
1247 2449 1383 2474 lectionum
1401 2449 1560 2481 discrimina,
1573 2451 1623 2475 fere
1644 2458 1697 2477 tota

934 2489 1036 2515 homilia
1058 2488 1091 2513 ad
1111 2488 1215 2514 verbum
1233 2489 1396 2514 exscribenda
1418 2496 1490 2514 essct..
1510 2491 1530 2514 A
1551 2490 1696 2516 Mureniana

934 2534 1019 2553 autem
1038 2527 1155 2553 Editione
1174 2526 1256 2553 verbis
1275 2533 1373 2552 tantum
1392 2527 1492 2558 diflert,
1505 2537 1556 2553 non
1568 2537 1649 2555 sensu.
1665 2533 1695 2556 lu

934 2567 987 2592 aliis
1004 2574 1086 2592 autem
1100 2568 1276 2600 Manuscriptis
1288 2576 1345 2594 cum
1359 2566 1435 2591 Edito
1455 2566 1554 2592 collatis
1566 2577 1696 2602 perpauca

934 2606 1099 2632 observantur
1113 2607 1253 2631 varietates.
1264 2605 1344 2638 supra
1358 2605 1421 2630 alter
1431 2605 1518 2631 Codex
1530 2606 1605 2634 habet
1616 2614 1642 2636 τὸ
1655 2613 1694 2635 έλ-

936 2649 1010 2672 >sim-t
1022 2648 1229 2679 περικαλύπτουσιν.

1764 2143 1825 2163 vclcn
1830 2147 1846 2163 t.
