1780 2852
461 397 1316 505 PRAEFATIO.
1418 407 1420 409 ’

78 956 81 957 ⁷
158 914 202 944 Ad
211 922 317 946 sextum
325 917 384 957 jam
394 918 510 948 Tomnm
522 918 706 958 pervenimus,
723 918 769 947 ubi
782 918 866 948 multa
880 927 950 950 nova
961 925 988 948 et
999 919 1115 958 insignia
1128 926 1292 959 comparent,
1304 919 1339 949 de
1351 919 1451 958 quibus
1466 919 1591 948 omnibus
1600 920 1665 959 jane

117 961 224 992 abunde
237 964 339 1004 praefati
351 975 446 995 sumus
458 966 487 995 in
501 966 612 996 Munitis
624 973 684 996 ante
697 966 805 996 initium
817 966 986 1007 singulorum
1000 965 1035 995 de
1052 977 1127 995 more
1137 966 1290 1006 praemissis.
1311 966 1355 995 Ibi
1367 976 1431 996 vero
1450 965 1538 995 omnia
1557 975 1616 1004 quae
1628 965 1656 994 in

117 1006 336 1049 disceptationem
351 1011 577 1051 quaestionemque
593 1013 683 1042 vocari
700 1019 821 1053 poterant
840 1012 1028 1053 expendimus.
1042 1012 1102 1042 Etsi
1120 1019 1210 1041 autem
1223 1012 1359 1048 universa,
1374 1022 1434 1051 quae
1447 1011 1529 1041 menti
1544 1022 1656 1041 succur-

116 1054 219 1090 rebant,
229 1065 342 1095 quaeque
353 1056 445 1086 lectori
458 1058 542 1087 facem
553 1059 677 1098 praeferre
690 1069 767 1097 posse
778 1058 950 1095 videbantur,
965 1058 1170 1098 protulerimus,
1184 1058 1308 1088 secundis
1321 1064 1409 1087 tamen
1423 1058 1507 1095 curis,
1523 1058 1563 1087 uti
1577 1058 1654 1094 solet,

117 1100 239 1138 quaedam
253 1111 384 1132 accessere
403 1103 514 1140 notitiae,
534 1114 600 1142 quas
615 1104 660 1133 hic
674 1104 768 1133 efferre
785 1114 837 1132 non
850 1103 1034 1143 gravabimur,
1049 1110 1192 1143 postquam
1205 1103 1240 1133 de
1257 1103 1410 1143 imperfecto
1423 1104 1451 1133 in
1465 1103 1562 1133 Isaiam
1575 1105 1656 1133 Com-

118 1147 258 1185 mentario,
272 1148 318 1186 qui
330 1148 434 1189 primus
444 1149 571 1188 occurrit,
579 1160 626 1179 nec
637 1150 740 1190 praevio
754 1150 859 1179 Monito
871 1148 979 1190 gaudet,
988 1148 1112 1191 quaedam
1124 1148 1265 1187 etquidem
1274 1149 1421 1181 necessaria
1430 1149 1651 1189 praemiserimus.

854 1284 870 1324 ξ
884 1285 907 1313 t.

474 1399 522 1428 De
537 1399 749 1429 Commentario
762 1397 929 1438 imperfecto
943 1399 972 1426 in
982 1399 1094 1426 Isaiam
1106 1398 1287 1437 prophetam.

153 1507 206 1537 ffic
222 1509 435 1539 Commentarius
455 1521 507 1540 non
522 1511 602 1541 modo
615 1510 684 1540 inter
695 1510 801 1550 γνήσια,
818 1510 866 1540 sed
877 1509 957 1539 etiam
970 1509 1041 1538 inter
1053 1508 1270 1549 praestantissima
1289 1508 1497 1549 computandus,
1513 1507 1535 1537 si
1548 1508 1655 1548 stylum

113 1554 252 1592 spectae,3i
265 1554 359 1585 orandi
369 1566 464 1596 genus,
478 1556 501 1587 si
512 1557 599 1587 ethica
613 1564 744 1597 praecepta
757 1563 783 1586 et
796 1566 903 1586 morum
917 1555 1119 1585 institutionem.
1128 1554 1266 1592 Quaeritur
1275 1554 1364 1595 primo
1375 1564 1438 1583 num
1451 1554 1509 1584 haee
1522 1564 1650 1593 umquam

111 1598 292 1629 concionando
304 1600 405 1631 dixerit
420 1602 639 1643 Chrysostomus,
653 1613 687 1632 an
704 1613 769 1634 vero
781 1602 835 1632 sibi
847 1609 951 1631 tantum
964 1601 1101 1641 scripserit
1113 1607 1192 1640 atque
1204 1601 1231 1630 in
1247 1600 1352 1631 scriniis
1371 1600 1494 1630 servarit.
1507 1600 1579 1630 Hinc
1594 1603 1651 1630 An-

110 1644 249 1675 tiochiaene
266 1656 299 1675 an
322 1648 555 1689 Constantinopoli
568 1649 637 1679 hanc
659 1649 899 1690 interpretationem
918 1647 1117 1678 concinnaverit
1132 1647 1262 1677 :demum
1284 1657 1317 1677 an
1333 1647 1406 1676 hunc
1420 1647 1649 1677 Commentarium

111 1689 305 1730 imperfectum,
322 1693 371 1731 qui
391 1704 476 1733 usque
495 1695 532 1724 ad
551 1695 671 1726 medium
686 1702 790 1724 tantum
811 1694 907 1734 capitis
925 1693 1012 1724 octavi
1029 1693 1199 1733 producitur,
1214 1693 1260 1724 vel
1277 1692 1417 1733 perfecerit
1429 1692 1648 1732 Cbrysostomus,

111 1735 153 1765 vel
167 1736 295 1776 perficere
304 1737 333 1768 in
345 1739 435 1774 animo
445 1739 580 1771 habuerit.

148 1781 268 1812 Primam
282 1783 465 1823 quaestionem,
481 1796 547 1816 num
565 1785 692 1816 videlicet
710 1786 767 1816 haec
785 1792 917 1826 praesente
930 1784 1033 1824 populo
1045 1783 1227 1814 concionando
1247 1784 1401 1824 protulerit,
1421 1783 1525 1814 solvere
1541 1793 1593 1812 non
1612 1783 1653 1813 ita.

108 1827 186 1858 facile
198 1835 247 1857 est.
264 1829 340 1859 Certe
351 1840 404 1860 non
418 1832 511 1871 paucis
526 1832 554 1861 in
573 1832 638 1862 locis
651 1832 785 1873 populum
796 1831 899 1871 alloqui
912 1831 1031 1869 videtur,
1046 1830 1077 1859 id
1088 1830 1164 1871 quod
1174 1830 1386 1861 animadvertere
1395 1837 1435 1860 est
1446 1841 1494 1870 per
1505 1837 1592 1859 totum
1604 1840 1647 1859 se-

108 1872 226 1903 cundum
238 1882 330 1915 caput,
342 1882 369 1906 et
380 1876 408 1906 in
417 1878 495 1908 tertio
507 1888 614 1917 quoque
622 1878 717 1919 capite,
728 1878 774 1908 ubi
786 1878 834 1907 illa
847 1877 993 1918 explanans
1002 1876 1218 1916 Chrysostomus‚
1234 1886 1292 1915 quae
1303 1876 1386 1906 Isaias
1397 1883 1489 1907 contra
1502 1876 1648 1906 mulierum

107 1919 149 1947 sui
163 1920 291 1960 temporis
304 1921 401 1952 luxum
415 1930 440 1953 et
454 1931 562 1954 ornatus
574 1924 664 1954 varios
677 1924 837 1965 protulerat,
851 1934 881 1953 ea
901 1923 960 1963 ipsa
974 1922 1002 1952 in
1019 1922 1061 1952 sui
1075 1922 1125 1952 aevi
1144 1922 1311 1953 Christianas
1326 1922 1464 1957 mulieres,
1477 1922 1538 1962 pari
1552 1922 1652 1952 morbo

107 1963 267 2004 laborantes,
283 1968 408 1998 transfert
419 1970 448 1999 S.
458 1969 576 2000 antistes.
592 1972 628 2000 ln
641 1972 686 2000 his
697 1980 794 2010 porra,
806 1969 893 2009 inquit
907 1980 965 2009 cap.
977 1970 1008 2006 5,
1022 1979 1050 1998 n.
1069 1969 1119 2006 10,
1134 1978 1163 2009 p.
1180 1969 1230 2002 47,
1248 1978 1307 1996 non
1321 1970 1384 1997 sine
1401 1978 1493 1997 causa
1513 1978 1577 1997 sum
1589 1969 1645 1997 im-

107 2017 236 2041 moratus
246 2026 258 2047 ‚·
272 2014 325 2042 sed
343 2016 414 2053 quia
433 2018 538 2046 noxius
552 2017 603 2046 ille
623 2018 740 2045 morbus
750 2018 782 2046 in
791 2017 942 2046 hominum
952 2016 1027 2045 oedes
1041 2017 1186 2056 ingressus
1201 2020 1242 2043 est
1256 2015 1292 2043 ob
1307 2014 1462 2043 mulierum
1475 2014 1627 2043 mollitiem
1637 2038 1645 2050 ,

105 2067 188 2086 amor
200 2059 340 2088 videlicet
358 2069 601 2100 ornamentorum,
616 2064 665 2102 qui
676 2063 867 2102 pecuniarum
880 2064 1025 2101 impensas
1045 2062 1146 2098 auxit,
1161 2062 1193 2089 in
1204 2067 1315 2090 sumtus
1326 2060 1540 2099 intempestivos
1552 2061 1645 2089 homi-

106 2113 156 2132 nes
168 2106 336 2144 conjiciens,
353 2117 388 2136 ac
400 2107 469 2137 belli
479 2131 487 2146 ,
503 2109 692 2138 dissensionis
702 2115 729 2138 et
742 2109 923 2148 quotidiana*
936 2107 997 2137 litis
1008 2117 1098 2137 causa
1108 2113 1162 2144 est,
1171 2116 1388 2146 pauperumque
1400 2111 1519 2135 ventres
1532 2108 1642 2135 atterit.

106 2149 179 2179 Cum
188 2153 267 2180 enim
279 2158 355 2182 totas
363 2154 542 2194 facultates,
550 2162 601 2185 aut
613 2166 688 2195 soepe
699 2155 779 2185 ultra
781 2155 959 2196 facultates,
968 2153 1074 2183 mulier
1085 2155 1117 2182 in
1130 2152 1337 2182 contumeliam
1348 2153 1474 2191 corporis
1488 2153 1534 2181 sui
1546 2154 1644 2181 virum

105 2203 190 2236 cogat
209 2199 373 2237 impendere
379 2213 391 2236 ;
404 2211 472 2230 nam
486 2208 563 2232 ceree
572 2202 749 2232 contumelia
760 2203 887 2241 corporis
898 2206 941 2230 est
954 2210 1059 2229 aurum
1072 2199 1322 2238 circumpositum.-
1338 2207 1452 2227 necesse
1464 2207 1582 2237 prorsus
1602 2204 1644 2227 est

105 2252 223 2273 manum
230 2246 376 2276 retrahere
388 2249 425 2276 ab
438 2249 626 2286 eleemosyna
639 2247 959 2288 eroganda-‘multaque
972 2246 1037 2276 alia
1049 2246 1119 2275 hinc
1130 2251 1196 2274 orta
1206 2249 1329 2284 peccata
1337 2244 1439 2273 videre
1447 2250 1500 2272 est.
1508 2245 1576 2272 Ante
1586 2243 1644 2272 haec

105 2287 185 2317 etiam
200 2299 259 2329 cap.
277 2293 313 2324 2,
329 2302 356 2321 n.
376 2294 412 2329 6,
426 2296 456 2334 p.
474 2294 523 2332 27,
538 2293 573 2323 de
585 2294 641 2324 iltis
655 2304 736 2333 agens
749 2293 796 2333 qui
813 2292 928 2333 auguria
945 2291 1119 2332 auspiciaque
1137 2289 1296 2330 captabant,
1311 2289 1368 2319 haec
1381 2289 1416 2318 ad
1430 2288 1563 2329 populum
1576 2298 1643 2328 pro-

104 2334 172 2363 ferre
186 2334 294 2366 videtur
305 2349 313 2365 ι
328 2338 418 2368 Multi
431 2350 557 2380 namque
566 2341 630 2380 jam
644 2346 712 2370 sunt
732 2340 785 2380 qui
800 2340 855 2369 hoc
876 2339 975 2368 morbo
996 2337 1153 2374 laborant,
1168 2337 1220 2376 qui
1234 2337 1329 2365 vitam
1342 2346 1423 2365 suam
1438 2334 1640 2375 labefactant,

104 2380 157 2419 qut*
167 2390 312 2417 augurum
325 2384 445 2414 insanioe
457 2396 488 2414 se
501 2386 631 2422 dedunt,
645 2386 796 2426 Deumque
817 2385 977 2426 offendunt
986 2406 993 2420 ,
1009 2389 1037 2412 et
1056 2381 1214 2423 superfluos
1228 2381 1342 2411 dolores
1355 2383 1412 2411 sibi
1424 2381 1587 2417 lucrantur,
1598 2387 1642 2409 at·

105 2436 161 2465 que
174 2428 206 2455 ὶη
219 2427 366 2459 laboribus
375 2441 427 2469 pro
441 2433 549 2461 virtute
558 2433 746 2471 suscipiendis
760 2431 970 2467 dissolvuntur,
982 2436 1032 2459 etc.
1049 2428 1111 2458 Alia
1121 2428 1189 2458 bene
1199 2428 1286 2457 multa
1302 2433 1447 2457 occurrunt
1459 2427 1486 2456 in
1500 2426 1551 2456 hoc
1560 2427 1641 2456 Com-

106 2473 242 2509 mentario,
257 2483 315 2511 quae
334 2475 532 2507 concionantem
545 2478 767 2518 chrysostomum
779 2477 908 2507 exhibere
926 2475 1062 2506 videntur.
1080 2474 1138 2505 Vix
1157 2481 1245 2503 tamen
1258 2473 1410 2514 putaverim
1423 2473 1491 2510 haec,
1511 2479 1541 2501 ut
1560 2471 1646 2506 hodie,

102 2518 200 2556 jacent,
216 2518 242 2547 in
256 2526 325 2549 coetu
339 2522 433 2561 populi
451 2522 520 2552 dicta
540 2534 668 2562 umquam
678 2523 770 2561 fuisse;
783 2523 892 2552 nullum
905 2521 976 2552 enim
990 2521 1018 2550 in
1030 2528 1086 2550 toto
1104 2520 1302 2551 Commentario
1317 2518 1478 2559 prooemium
1491 2524 1638 2557 comparet,

106 2562 195 2599 qualia
210 2563 275 2593 solet
287 2564 415 2596 adhibere
425 2567 641 2608 Chrysostomus‚
657 2569 783 2599 orationis
795 2568 921 2598 faciendae
935 2574 959 2597 et
972 2566 1096 2597 ornandae
1108 2573 1200 2596 auctor
1212 2564 1439 2605 locupletissimus
1455 2575 1460 2592 ε
1476 2563 1567 2592 nullus
1582 2563 1640 2607 0131ss
