1890 2826
0 1654 9 1678 ,ι
0 1415 9 1643 v--vv-o--p-flsm-
2 1390 4 1394 ,

0 1703 7 1794 ταυτα-ψ

584 180 741 205 SYNoPsts
769 178 959 203 SCRIPTURAE
986 179 1066 202 SAcn
1077 181 1108 201 F..

63 248 206 290 ἐρημώσει,
221 246 265 277 καὶ
283 247 365 281 αὐτῆς
377 246 425 281 τῆς
437 243 596 284 ἐρημώσεως
609 241 759 281 ὑπογραφή.
773 242 830 269 Κα-

62 293 174 334 τηγορία
194 295 240 322 τοῦ
253 293 330 327 λαοῦ,
350 290 392 320 ὅτι
414 289 507 319 οὐδένα
517 289 596 328 ἔσχεν
619 287 688 318 οὕτω
712 287 831 322 δίκαιον,

63 341 134 371 ὥστε
150 341 247 374 στῆσαι
259 340 304 368 τοῦ
318 338 390 367 Θεοῦ
411 336 461 372 τὴν
479 335 574 375 ὀργὴν,
587 333 633 363 καὶ
646 335 694 369 τῆς
706 332 832 372 πονηρίας

1552 168 1623 214 449

888 240 954 280 ptio⁴
971 241 1110 269 Accusatio
1121 240 1226 280 populi,
1239 240 1311 279 quod
1325 241 1430 270 nullum
1442 240 1567 270 habuerit
1587 241 1623 270 ita

884 287 999 325 justum,
1013 292 1043 314 ut
1056 286 1122 315 iram
1134 286 1183 315 Dei
1196 286 1321 326 placaret,
1334 294 1359 316 et
1378 286 1502 325 nequitiae
1514 286 1624 316 illorum

887 331 1088 361 demonstratio.
1115 332 1196 369 Quod
1218 333 1366 363 Jerusalem
1386 343 1440 362 non
1463 332 1559 365 debeat
1578 343 1625 372 per

65 388 152 417 αὐτῶν
170 385 288 425 ἔλεγχος,
313 383 377 413 Ὅτι
397 384 426 413 οὗ
447 381 528 422 μέχρι
541 380 668 420 θεμελίων
679 379 736 420 ἔχει
748 390 833 408 κατα-
853 380 869 402 D
888 378 1628 409 Nabuchodonosoremafundamentissubveni.Ascen-

65 433 214 472 στραφῆναι
238 429 413 470 Ἰερουσαλὴμ
438 427 490 457 ὑπὸ
515 429 560 456 τοῦ
588 425 833 466 Ναὸουχοδονόσορ.

67 479 120 509 Καὶ
145 478 234 510 ἄνοδος
257 478 309 506 τῶν
333 474 507 505 Βαὸυλωνίων
516 496 524 510 ,
550 473 595 503 καὶ
621 471 768 512 κατηγορία
790 473 838 506 τῆς

68 524 201 558 ἀπειθείας
214 526 260 553 τοῦ
275 522 394 562 Ἰσραὴλ,
407 521 447 551 ὅτι
458 522 506 550 οὐκ
521 520 657 560 ἠνείχοντο
669 521 780 549 ἀκοῦσαι
792 521 838 547 τοῦ

68 570 213 611 προφήτου.
227 568 382 608 Κατηγορία
395 570 446 596 τῶν
460 566 682 607 ψευδοπροφητῶν
696 565 840 604 παραλογι-

69 617 184 656 ζομένων
206 615 251 644 τὸν
270 614 334 644 λαόν
344 626 350 632 ·
364 616 409 643 τοῦ
431 613 482 653 γὰρ
504 612 633 652 Ἱερεμίου
646 611 768 651 λέγοντος
778 632 787 647 ,
800 610 840 640 ὅτι

69 663 184 702 πόλεμος
207 660 298 696 ἔσται,
321 659 397 693 αὐτὸς
424 659 528 699 ἔλεγεν,
555 657 630 698 οὐχὶ,
655 657 724 687 ἀλλὰ
749 656 840 696 εἰρήνη

70 708 155 738 ἔσται.
172 707 340 747 Παραίτησις
355 707 468 741 θυσιῶν,
487 704 532 735 καὶ
548 704 638 738 ἄνοδος
650 706 696 733 τοῦ
711 703 842 733 Βαὸυλω-

72 755 136 790 νίου,
146 753 192 783 καὶ
201 755 248 789 τῆς
257 751 448 792 ἄνεπιστρόφου
458 750 572 784 διανοίας
579 749 713 780 Ἰουδαίων
725 749 841 789 ἔλεγχος.

72 802 202 841 Παραινεῐ
221 800 260 839 τῷ
273 798 362 838 Ἰούδᾳ
379 797 444 838 πρὸς
455 797 486 826 τὸ
498 797 618 836 γενέσθαι
632 796 725 829 αὐτοὺς
740 795 844 835 βελτίο--

73 859 134 880 νας,
147 845 193 876 καὶ
207 845 325 880 ἀπειλεῖ,
340 845 364 873 εἷ
378 842 416 882 μὴ
436 843 567 882 γένοιντο,
579 842 614 871 τὰ
627 841 695 871 αὐτὰ
708 841 846 872 πείσεσθαι

75 892 168 926 αὐτοὺς
180 893 219 932 τῷ
236 890 363 931 Ἰσραήλ·
375 890 420 920 καὶ
433 889 530 918 κωλύει
544 889 588 919 τὸν
601 888 731 928 Ἱερεμίαν
745 889 845 917 δεῖσθαι

75 938 142 978 ὗπὲρ
165 938 263 968 αὐτῶν.
294 935 460 976 Παραίτησις
490 937 602 971 θυσιῶν,
627 933 773 974 κατηγορία
799 936 847 969 τῆς

76 983 233 1025 ἀπροσεξίας
245 983 348 1018 αὐτῶν,
362 981 407 1011 καὶ
420 983 468 1017 τῆς
483 981 712 1021 ἀνθρωποθυσίας,
728 981 760 1016 ἣν
772 981 847 1010 ἔποι-

76 1034 153 1060 oravi-o
174 1033 230 1062 τοῖς
256 1027 373 1067 δαίμοσι.
400 1026 454 1057 Καὶ
479 1026 671 1067 προαγόρευσις
691 1029 739 1056 τοῦ
765 1025 847 1066 τάφον

77 1077 182 1107 ἔσεσθαι
195 1076 240 1105 τὸν
252 1074 334 1104 τόπον
346 1076 392 1103 τοῦ
413 1072 522 1102 εἰδώλου
537 1074 622 1102 αὐτῶν
632 1095 640 1109 ,
656 1072 698 1102 καὶ
721 1075 767 1101 τοῦ
781 1071 847 1111 μηδὲ

77 1122 169 1162 τάφοις
191 1120 265 1154 τινὰς
283 1121 336 1149 τῶν
357 1119 551 1159 ἀναιρουμένων
573 1118 773 1159 παραδίδοσθαι.
785 1117 847 1147 Ἔτι

78 1168 140 1208 περὶ
157 1169 204 1203 τῆς
216 1166 308 1196 ἀνόδου
320 1167 373 1195 τῶν
386 1164 519 1204 πολεμίων
529 1187 536 1200 ,
549 1165 595 1194 καὶ
609 1166 701 1204 θρῆνος
720 1163 847 1204 Ἱερεμίου

80 1214 124 1244 ἐπὶ
143 1218 201 1247 ταῖς
214 1212 320 1245 κακίαις
333 1214 429 1241 αὐτῶν.
448 1211 602 1251 Κατηγορία
623 1213 676 1240 τῶν
696 1210 829 1240 Ἰουδαίων
840 1232 847 1245 ,

80 1263 116 1294 ὣς
132 1258 318 1300 ἀπεριτμήτων
337 1261 371 1299 τῇ
389 1258 484 1298 καρδίᾳ
493 1281 500 1293 ,
514 1257 560 1287 καὶ
576 1256 728 1297 παραίνεσις
742 1256 806 1296 πρὸς
819 1256 849 1285 τὸ

83 1307 120 1345 μὴ
133 1306 344 1345 εἷδωλολατρεῖν,
359 1304 405 1334 καὶ
418 1306 454 1337 ὡς
467 1303 541 1343 παρὰ
555 1306 600 1337 τοῦ
621 1304 685 1332 λαοῦ
702 1305 794 1342 θρῆνος
807 1302 851 1331 ἐπὶ

82 1357 136 1386 τοῖς
148 1352 274 1391 μέλλουσι
283 1355 387 1385 κακοῖς,
406 1350 451 1379 καὶ
465 1349 611 1389 κατηγορία
624 1349 697 1389 παρὰ
708 1352 753 1378 τοῦ
767 1350 848 1378 Θεοῦ.

83 1397 243 1438 Παραίνεσις
255 1399 301 1425 τοῦ
315 1395 424 1436 Ἰσραὴλ
437 1395 507 1435 πρὸς.
515 1395 545 1424 τὸ
563 1394 703 1424 ὓπακούειν
716 1396 793 1434 Θεῷ,
807 1394 852 1423 καὶ

890 435 934 454 sus
943 424 1153 464 Babyloniorum
1161 432 1186 454 ct
1192 426 1325 455 accusatio
1334 424 1541 464 inobsequentiae
1548 426 1629 454 Israe-

890 469 940 507 lis,
963 470 1037 508 quod
1062 480 1116 499 non
1142 470 1315 500 sustinuerint
1340 470 1434 500 audire
1459 470 1627 510 prophetam.

893 515 1036 545 Accusatio
1047 515 1342 556 pseudoprophetarum
1353 516 1401 554 qui
1414 516 1548 556 populum
1558 515 1632 545 deci-

893 561 1002 602 piebant
1016 573 1023 589 :
1037 561 1153 592 Jeremia
1175 572 1289 601 namque
1311 562 1430 596 dicente,
1442 562 1546 591 bellum
1565 563 1632 599 fore,

894 607 948 647 ipsi
960 607 1085 637 dicebant
1106 607 1165 637 fore
1185 618 1287 647 pacem.
1303 607 1466 648 Reprobatio
1489 608 1634 637 sacrificio-

895 664 967 691 rum,
989 660 1016 683 et
1036 663 1159 683 ascensus
1184 652 1325 693 Babylonii
1338 675 1346 690 ,
1368 653 1504 692 animique
1528 653 1637 683 rebellis

897 699 1052 730 ,Iudaeorum
1066 696 1222 729 confutatio.
1235 701 1364 729 Hortatur
1377 701 1394 730 J
1396 700 1478 728 udam
1490 706 1520 728 ut
1532 699 1567 729 ad
1579 710 1636 729 me-

898 748 992 778 liorem
1011 758 1040 777 se
1061 748 1168 786 frugem
1188 754 1303 785 revoce23
1316 745 1346 776 id
1367 746 1420 776 nisi
1443 747 1550 783 faciant,
1563 747 1638 787 paria

899 804 1026 834 passuros
1042 794 1105 823 illos
1122 794 1300 823 comminatur
1319 793 1353 822 iis
1371 803 1431 832 quae
1450 793 1533 822 Israel
1546 803 1639 833 passus

900 848 940 870 est
955 853 962 870 ε
977 840 1138 879 cohibetque
1158 841 1231 870 Deus
1251 839 1395 870 Jeremiam
1409 850 1442 868 ne
1455 845 1578 879 precetur
1590 850 1639 879 pro

901 889 968 924 illis,
978 887 1144 929 Reprobatio
1153 887 1359 923 sacrificiorum,
1370 894 1396 916 et
1406 887 1538 916 accusatio
1548 887 1640 916 incon-

900 934 1050 964 siderantiae
1075 945 1180 971 eorum,
1203 941 1230 963 et
1254 933 1434 963 humanarum
1456 933 1639 969 victimarum,

900 992 967 1020 quas
980 980 1148 1010 daemonibus
1158 980 1317 1016 offerebant.
1332 979 1474 1011 Praedictio
1486 980 1542 1008 sore
1556 986 1586 1009 ut
1596 979 1640 1008 lo-

900 1038 948 1057 cus
958 1026 1025 1056 idoli
1038 1027 1160 1067 ipsorum
1171 1026 1328 1066 sepulcrum
1343 1026 1400 1061 fiat,
1412 1033 1438 1055 et
1452 1032 1481 1054 ut
1494 1025 1578 1064 aliqui
1592 1036 1641 1055 oc-

901 1074 1020 1103 cisorum
1029 1073 1172 1113 sepultura!
1181 1083 1235 1102 non
1244 1072 1394 1102 tradantur.
1402 1073 1503 1102 Iterum
1512 1072 1546 1101 de
1555 1083 1644 1102 aseen-

901 1131 933 1150 su
958 1119 1088 1156 hostium,
1101 1126 1127 1148 et
1150 1119 1304 1148 lamentatio
1330 1119 1453 1149 Jeremiae
1470 1118 1504 1148 de
1518 1118 1644 1157 nequitiis

902 1177 1004 1196 eorum.
1022 1166 1163 1196 Accusatio
1173 1166 1191 1196 J
1194 1165 1342 1201 udaeoritm,
1353 1172 1383 1195 ut
1407 1166 1486 1195 corde
1497 1166 1643 1196 incircum—

901 1213 1029 1250 cisorum,
1040 1219 1067 1242 et
1076 1211 1223 1241 admonitio
1233 1222 1266 1241 ne
1277 1211 1438 1241 idololatriae
1448 1212 1511 1241 dent
1523 1223 1642 1253 operam,

903 1270 934 1289 ac
943 1259 1020 1298 quasi
1041 1269 1077 1288 ex
1097 1268 1210 1298 persona
1222 1258 1318 1298 populi
1333 1258 1486 1287 lamentatio
1499 1258 1533 1287 de
1547 1258 1644 1288 suturis

904 1305 992 1342 malis,
1006 1312 1032 1334 et
1044 1305 1177 1334 accusatio
1190 1314 1205 1333 a
1219 1305 1277 1333 Deo
1287 1304 1365 1334 facta.
1379 1304 1501 1334 Hortatio
1513 1304 1548 1333 ad
1561 1306 1645 1334 Israe-

905 1351 958 1380 lem
972 1357 1002 1380 ut
1012 1352 1070 1380 Deo
1083 1350 1220 1387 obediant,
1236 1357 1262 1379 et
1275 1350 1408 1380 accusatio
1422 1357 1529 1390 patrum
1541 1361 1645 1386 eorum,

906 1407 965 1436 quae
977 1397 1048 1426 mala
1059 1397 1125 1436 ipsis
1139 1396 1288 1426 obventura
1300 1396 1363 1425 sint.
1377 1396 1525 1426 Cohibetur
1538 1407 1646 1426 rursum

83 1443 229 1484 κατηγορία
241 1445 294 1473 τῶν
307 1443 429 1482 πατέρων
443 1444 541 1477 αὐτῶν,
556 1442 600 1471 καὶ
613 1443 697 1471 αὐτῶν
711 1441 781 1471 κακὰ
795 1441 852 1470 ἔσό-
861 1463 897 1484 3„
908 1443 1048 1480 Jeremias,
1061 1454 1094 1472 ne
1106 1450 1230 1483 precetur
1243 1452 1293 1482 pro
1311 1442 1377 1472 illis.
1391 1444 1564 1472 Lamentatur
1583 1454 1647 1483 pro-

85 1502 161 1530 μινα.
186 1489 240 1520 Καὶ
261 1487 392 1519 κωλύεται
413 1489 493 1518 πάλιν
514 1487 644 1528 Ἱερεμίας
662 1487 854 1527 προσεύχεσθαι
870 1492 887 1513 Α
908 1490 998 1529 pheta,
1013 1489 1087 1528 quod
1100 1488 1207 1518 insidiis
1228 1495 1369 1528 appetatur
1381 1498 1397 1517 a
1415 1488 1517 1518 Judaeis
1529 1489 1556 1518 in
1571 1491 1647 1518 Ana-

84 1537 151 1577 ὗπὲρ
163 1537 258 1566 αὐτῶν.
270 1534 441 1575 Ἀποδύρεται
450 1537 465 1564 ὁ
475 1534 612 1575 προφήτης
624 1534 854 1573 ἓπιὸουλευόμενος

85 1584 138 1613 ὑπὸ
158 1582 293 1613 Ἰουδαίων
314 1583 341 1611 ἐν
365 1581 492 1617 Ἀναθὼθ,
506 1581 551 1610 καὶ
572 1580 695 1620 προλέγει
715 1580 757 1609 διὰ
779 1583 855 1609 τοῦτο

87 1629 215 1668 ἑπόμενον
244 1629 331 1661 αὐτοῖς
355 1627 468 1667 ὄλεθρον.
497 1627 537 1656 Τὸ
561 1626 698 1666 περίζωμα
721 1625 856 1655 κελεύέται

86 1674 186 1715 κρύψαι
194 1673 332 1714 Ἱερεμίας,
338 1674 383 1703 καὶ
392 1672 515 1713 προλέγει
523 1673 744 1712 πληρωθήσεσθαι
754 1671 855 1708 αὐτοὺς,

86 1720 132 1750 καὶ
147 1719 357 1759 μεθυσθήσεσθαι
377 1719 430 1748 ἀπὸ
451 1721 550 1748 κακῶν.
573 1719 640 1758 Περὶ
654 1720 701 1754 τῆς
716 1717 857 1758 ἄὸροχίας·

87 1767 133 1796 καὶ
146 1766 277 1796 κωλύεται
291 1765 484 1806 προσεύχεσθαι
498 1766 564 1804 ὑπὲρ
578 1767 663 1794 αὐτῶν
674 1767 688 1794 ὁ
701 1764 839 1804 προφήτης
848 1786 855 1799 ,

88 1812 134 1841 καὶ
146 1816 315 1852 παραιτεῖται
328 1814 342 1841 ὁ
355 1811 424 1844 Θεὸς
436 1811 470 1840 τὰ
483 1810 691 1849 ὁλοκαυτώματα
706 1812 801 1846 αὐτῶν,
812 1809 858 1838 καὶ

88 1858 135 1892 τὰς
148 1858 280 1895 νηστείας,
294 1858 338 1887 καὶ
354 1859 457 1887 ἀπειλεῖ
471 1861 524 1890 τοῖς
538 1856 766 1897 ψευδοπροφήταις
778 1855 858 1890 κακὰ,

89 1904 180 1940 ἐπειδὴ
201 1904 289 1943 ἔλεγον
312 1903 353 1933 ὅτι
377 1905 425 1933 οὐκ
450 1903 553 1933 ἔσονται
579 1902 711 1943 συμφοραὶ
737 1905 775 1942 τῷ
788 1903 854 1942 λαῷ.

907 1536 996 1573 thoth,
1009 1535 1132 1575 praedicit
1145 1535 1206 1564 ideo
1217 1535 1339 1564 futurum
1352 1534 1419 1574 ipsis
1429 1545 1485 1564 esse
1498 1535 1646 1564 interitum.

907 1582 1042 1612 Perizoma
1051 1581 1213 1611 abscondere
1217 1581 1330 1619 jubetur
1339 1581 1480 1617 Jeremias,
1490 1592 1520 1610 ac
1528 1580 1650 1620 praedicit

907 1628 979 1668 ipsos
992 1627 1126 1657 satiandos
1137 1627 1269 1664 malisque
1282 1626 1454 1655 inebriandos
1466 1637 1531 1656 esse.
1541 1628 1581 1656 De
1591 1628 1650 1666 plu-

910 1677 960 1705 viae
978 1675 1083 1704 defectu
1095 1687 1101 1703 ε
1118 1673 1312 1711 cohibeturque
1331 1672 1460 1712 propheta
1480 1682 1514 1701 ne
1526 1679 1650 1712 precetur

910 1732 960 1762 pro
986 1721 1053 1761 ipsis
1067 1733 1075 1749 ε
1091 1726 1196 1749 recusat
1219 1719 1294 1748 Deus
1312 1718 1424 1747 illorum
1446 1718 1612 1754 holocausta,
1625 1725 1651 1747 et

906 1768 1022 1809 jejunia,
1034 1766 1208 1804 minaturque
1231 1764 1302 1793 mala
1324 1763 1576 1804 pseudoprophetis,
1588 1764 1651 1802 quia

911 1814 1036 1843 dicebant
1045 1822 1098 1841 non
1109 1811 1272 1841 obventuras
1283 1810 1386 1850 populo
1397 1809 1568 1839 calamitates.
1581 1810 1652 1850 Sup-

911 1860 995 1900 plicat
1007 1860 1066 1888 Deo
1081 1870 1089 1887 ε
1103 1857 1151 1887 ille
1160 1866 1225 1887 vero
1237 1857 1276 1885 ait
1288 1866 1316 1886 se
1326 1866 1380 1885 non
1391 1855 1583 1885 exauditurum
1597 1866 1653 1885 esse

912 1904 1016 1934 etiamsi
1026 1906 1135 1943 Moyses
1145 1909 1171 1932 et
1182 1902 1291 1933 Samuel
1304 1901 1496 1931 intercederent
1505 1912 1555 1941 pro
1566 1901 1631 1942 ipsis
1645 1913 1652 1930 ι

90 1950 214 1980 Ἱκετεῦεῑ
233 1950 278 1979 τὸν
292 1950 362 1980 Θεόν
373 1961 380 1968 ·
394 1951 408 1978 ὅ
423 1949 450 1978 δέ
463 1961 557 1989 φησιν,
577 1951 625 1978 Οὖκ
644 1947 858 1983 Εἷσακοῦσεσθαῑ,
874 1959 892 1982 Β
913 1951 960 1981 sed
969 1951 1097 1980 daturum
1106 1960 1134 1979 se
1143 1949 1205 1978 illos
1213 1949 1242 1978 in
1253 1948 1372 1988 gladium
1382 1955 1407 1977 et
1417 1955 1539 1984 mortem,
1546 1949 1655 1985 famem,

90 1997 150 2035 οὐδὲ
170 1995 216 2025 ἐὰν
239 1997 357 2032 Μωῦσῆς
376 1995 422 2024 καὶ
444 1994 573 2034 Σαμουὴλ
596 1993 776 2034 πρεσὸεύωσιν
793 1993 858 2033 ὑπὲρ

93 2044 178 2072 αὐτῶν
189 2064 197 2078 ,
215 2041 284 2071 ἀλλὰ
299 2041 391 2071 δώσειν
406 2040 499 2074 αὐτοὺς
521 2042 557 2073 εἷς
573 2040 706 2079 μάχαιραν
720 2039 764 2068 καὶ
778 2038 860 2068 θάνα-

91 2099 146 2125 τον,
160 2087 206 2117 καὶ
219 2087 295 2126 λιμὸν
308 2087 353 2116 καὶ
367 2085 551 2127 αἰχμαλωσίαν
560 2107 567 2121 ,
580 2085 624 2114 καὶ
639 2087 676 2118 εἷς
694 2085 860 2124 διασπασμὸν

92 2136 189 2163 κακῶν.
204 2133 258 2163 Καὶ
271 2132 400 2172 Ἱερεμίας
411 2132 517 2171 εὔχεται
531 2132 713 2170 τιμωρηθῆναι
726 2130 785 2163 τοὺς
796 2132 861 2160 ὀνει-

93 2179 209 2214 δίζοντας
221 2179 299 2209 αὐτόν
308 2190 314 2197 ·
326 2181 340 2208 ὁ
358 2178 385 2207 δὲ
405 2177 472 2210 Θεός
489 2188 568 2217 φησιν
585 2177 672 2216 αὖτῷ·
687 2176 753 2206 Ἐὰν
767 2176 860 2216 ἐξάγῃς

92 2226 179 2264 τίμιον
192 2225 245 2255 ἀπὸ
260 2224 373 2259 ἀναξίου,
388 2226 422 2256 ὡς
437 2223 522 2261 στόμα
535 2234 584 2261 μου
599 2222 655 2262 ἔσῃ.
668 2222 810 2252 Κελεύεται
823 2222 859 2261 μὴ

93 2274 180 2312 γῆμαι
193 2274 207 2301 ὁ
221 2270 360 2311 Ἱερεμίας,
376 2269 442 2308 μηδὲ
455 2271 571 2308 θρηνεῖν,
587 2268 653 2308 μηδὲ
667 2271 712 2298 τοῦ
725 2268 861 2308 γινομένου

93 2323 148 2352 τοῖς
160 2318 356 2354 ἀποθνήσκουσι
368 2319 500 2345 κοινωνεῖν
520 2318 574 2348 τοῖς
589 2314 775 2355 Ἰσραηλίταις.
795 2314 862 2354 Περὶ

94 2366 147 2394 τῶν
161 2363 314 2393 ἀποστόλων
325 2385 332 2398 ,
348 2361 409 2401 περὶ
432 2362 547 2400 Χριστοῦ
565 2360 712 2400 προφητεία
722 2372 728 2379 ·
742 2360 802 2394 τοὺς
814 2361 862 2389 λό-

94 2422 156 2450 γους
166 2413 219 2439 τῶν
230 2408 409 2438 ἀπιστούντων
421 2408 492 2444 αὐτῷ
504 2409 517 2435 ὁ
529 2406 666 2446 προφήτης
676 2407 808 2446 προλέγει,
818 2406 863 2436 καὶ

96 2455 253 2496 κατεύχεται
264 2456 359 2484 αὐτῶν.
374 2452 427 2483 Καὶ
438 2456 559 2492 παραινεῖ
572 2456 626 2484 τοῖς
637 2452 780 2487 Ἰουδαίοις,
794 2452 862 2483 ὥστε
878 2450 898 2475 G
917 2458 996 2497 figuli
1019 2457 1135 2487 mittitur
1161 2456 1301 2496 propheta.
1328 2456 1443 2489 Finem,
1458 2453 1545 2492 inquit
1569 2455 1652 2491 Deus,
1666 2455 1765 2486 Cap.18.
1779 2464 1803 2488 7,

443 2500 462 2510 *9

96 2503 127 2532 τὸ
151 2501 282 2531 σάὲὅατον
307 2504 405 2540 τηρεῖν.
431 2500 476 2531 luc
497 2498 540 2527 τὸν
566 2493 636 2527 οἷκον
660 2500 705 2527 τοῦ
728 2499 863 2539 κεραμέως

98 2549 231 2586 πέμπεται
242 2550 256 2576 ὁ
268 2546 413 2587 προφήτης.
430 2544 517 2583 Πέρας
527 2544 647 2579 λαλήσω,
662 2544 740 2584 φησὶν
755 2547 768 2574 ὁ
782 2545 863 2581 Θεὸς,

99 2594 142 2623 ἐπὶ
158 2592 301 2632 βασιλείας,
312 2591 380 2621 ὥστε
395 2592 509 2629 ἀναιρεῖν
522 2589 604 2624 αὐτήν
614 2601 620 2608 ·
632 2590 677 2619 καὶ
692 2591 736 2619 ἐὰν
746 2591 864 2631 ἐπιστρέ-

913 1997 1105 2038 captivitatem,
1117 2002 1143 2025 et
1156 1995 1289 2024 malorum
1299 1994 1517 2034 discerptionem.
1528 1996 1655 2024 Precatur

913 2043 1042 2074 Jeremias
1053 2049 1083 2072 ut
1096 2041 1162 2071 ultio
1172 2047 1295 2071 sumatur
1304 2040 1338 2070 de
1349 2040 1575 2080 exprobrantibus
1587 2041 1653 2076 sibi;

916 2092 990 2120 Deus
1011 2095 1101 2118 autem
1124 2088 1163 2116 ait
1183 2087 1226 2116 illi
1241 2099 1249 2115 .-
1264 2086 1295 2116 Si
1317 2087 1452 2117 eduxerc's
1466 2090 1711 2126 pretiosumaler.
1735 2090 1769 2112 15-

914 2136 982 2171 vili,
992 2136 1076 2175 quasi
1090 2144 1121 2164 os
1136 2143 1230 2163 meum
1243 2135 1310 2163 eris.
1322 2134 1438 2163 Jubetur
1448 2133 1576 2164 Jeremias
1588 2145 1654 2163 uxo—
1667 2129 1701 2152 ¹9⁴

915 2192 971 2211 rem
983 2191 1036 2210 non
1049 2180 1164 2217 ducere,
1180 2190 1265 2218 neque
1280 2179 1436 2215 lamentari,
1456 2189 1542 2218 neque
1561 2190 1653 2208 eorum

881 2251 883 2254 ,
915 2237 974 2266 quae
995 2227 1066 2256 circa
1088 2233 1208 2255 mortuos
1226 2225 1325 2254 fiebant
1346 2225 1503 2265 participem
1525 2235 1580 2254 esse
1593 2236 1654 2254 cum

915 2273 1054 2303 Israelitis.
1079 2273 1121 2301 De
1141 2271 1286 2312 apostolis,
1300 2270 1334 2300 de
1358 2270 1466 2300 Christo
1491 2271 1629 2310 prophetia
1646 2283 1652 2299 ε

913 2319 999 2349 ⁴verba
1021 2329 1125 2355 eorum,
1140 2318 1190 2357 qni
1211 2318 1238 2346 in
1258 2317 1348 2357 ipsum
1363 2316 1491 2346 credituri
1502 2326 1554 2345 non
1569 2323 1653 2353 erant,

917 2365 1046 2406 propheta
1057 2364 1226 2405 praenuntiat,
1235 2371 1261 2393 et
1271 2369 1361 2392 contra
1373 2363 1436 2392 illos
1445 2369 1577 2402 precatur.
1588 2363 1656 2391 Prae-

917 2412 1035 2452 cipitque
1049 2411 1163 2448 Judaeis,
1176 2417 1205 2440 ut
1218 2410 1358 2439 sabbatum
1371 2414 1484 2438 servent.
1500 2409 1530 2437 In
1544 2407 1655 2439 domum

919 2505 1024 2545 loquar
1037 2505 1074 2533 de
1095 2513 1193 2542 regno,
1204 2509 1236 2531 ut
1252 2502 1330 2531 illud
1351 2501 1483 2540 auser-am
1490 2513 1503 2535 ;
1515 2507 1540 2529 et
1553 2500 1575 2529 si
1589 2494 1731 2530 con—‘¹⁰‘

918 2548 988 2578 versi
1010 2548 1121 2583 fuerint,
1135 2557 1187 2575 non
1213 2546 1341 2574 auferam.
1367 2545 1394 2572 E
1397 2550 1407 2572 t
1421 2544 1512 2583 finem
1537 2544 1652 2584 loquar,

919 2591 1016 2630 inquit,
1030 2593 1062 2619 in
1073 2596 1186 2629 gentem
1198 2595 1249 2617 aut
1266 2597 1396 2626 regnum,
1409 2593 1440 2616 ut
1454 2588 1651 2627 recedisicetur,
