1890 2826
513 212 558 235 DE
583 211 846 235 PROPHETIARUM
873 210 1118 236 onscunn'ATE.
1148 213 1171 235 1.

1564 198 1628 248 195'

68 278 125 307 ἀλλ’
146 278 168 306 εἰ
190 276 235 306 καὶ
257 275 337 308 πολὺς
352 276 366 304 ὃ
383 274 458 314 λόγος
480 271 752 312 καὶ“δυσερμήνευτος
765 295 772 305 .
785 274 833 302 οὐκ
883 272 1047 302 instituenda
1061 281 1100 304 est
1113 275 1208 312 oratio,
1224 285 1283 314 quae
1296 274 1506 314 comparationes
1525 274 1632 311 habeat,

67 321 243 362 ἀπεστέρησεν
258 320 351 354 αὐτοὺς
373 322 420 355 τῆς
434 318 603 352 διδασκαλίας
618 321 680 349 “τοῦ
694 319 832 358 Μελχισε-
882 318 1017 358 exempla,
1039 319 1289 358 demonstrationes,
1316 319 1463 350 verborum
1492 320 1631 355 circuitus,

65 369 126 398 ὃέκ·
142 370 180 407 τῷ
195 367 242 406 μὲν
255 366 307 406 γὰρ
328 368 420 402 εἰπεῖν,
435 364 524 398 Πολὺς
544 365 590 394 καὶ
608 364 813 404 δυσερμήνευτος
824 385 832 399 ,
882 364 988 403 aliaque
1006 365 1092 395 multa
1111 366 1255 406 ejusmodi,
1267 374 1297 396 ut
1307 377 1342 396 ex
1359 366 1484 397 omnibus
1499 366 1584 395 facilis
1598 365 1643 398 sit,

63 413 212 449 ἀναστήσας
227 414 311 442 αὐτῶν
324 412 372 448 τὴν
385 411 510 447 σπουδὴν,
522 411 564 440 ἵνα
578 410 769 451 προθυμότεροι
785 410 831 450 γέ-

63 471 157 489 νωνται
180 459 242 499 περὶ
262 459 310 495 τὴν
335 458 477 498 ἀκρόασιν*
499 459 537 497 τῷ
561 456 589 486 δὲ
612 461 761 496 παρασχεῖν
783 455 832 491 τὴν

63 506 207 545 τράπεζαν,
222 504 400 545 χαρισάμενος
414 505 499 533 αὐτῶν
513 504 546 542 τῇ
562 502 699 542 ἐπιθυμίᾳ.

61 828 175 868 πέλαγος
197 830 250 858 τῶν
273 830 423 869 προφητῶν,
445 828 490 857 καὶ
507 827 594 857 πολλὰ
616 828 670 857 ἐκεῖ
694 828 727 856 τὰ
743 828 830 867 βάθη,

61 875 305 914 κατατολμήσωμεν
328 877 375 911 τῆς
396 874 528 910 θαλάττης
551 874 620 903 κατὰ
635 873 683 910 τὴν
699 873 829 914 ἡμετέραν

62 920 171 960 δύναμιν
180 932 187 939 ·
202 922 302 960 μᾶλλον
322 921 350 950 δὲ
363 920 400 959 μὴ
414 919 483 950 κατὰ
497 919 546 955 τὴν
557 919 690 959 ἡμετέραν
702 919 812 959 δύναμιν
822 943 830 957 ,

61 967 130 996 ἀλλὰ
150 966 218 996 κατὰ
230 966 280 1002 τὴν
293 966 390 996 ἄνωθεν
409 965 549 1004 δεδομένην
562 967 627 1004 ἡμῖν
641 966 730 1006 χάριν,
743 967 773 995 οὗ
787 966 830 995 διὰ

60 1011 109 1047 τὴν
130 1012 262 1053 ἡμετέραν
288 1011 447 1053 παῤῥησίαν,
471 1011 538 1040 ἀλλὰ
562 1011 606 1040 διὰ
629 1011 677 1048 τὴν
701 1011 829 1051 ὑμετέραν

58 1057 188 1097 ὠφέλειαν
199 1058 444 1097 κατα-τολμήσομεν
457 1060 505 1093 τῆς
519 1056 650 1094 θαλάττης
661 1078 670 1093 ,
684 1059 733 1087 κάν
744 1057 830 1097 τούτῳ

60 1104 167 1133 Παῦλον
186 1104 353 1143 μιμούμενοι.
368 1104 435 1134 “Oti
455 1103 506 1143 γὰρ
520 1105 568 1132 οὐκ
584 1103 764 1143 ἀπεστέρησεν
778 1105 830 1132 αὐ-

60 1148 120 1182 τοὺς
139 1153 184 1179 τοῦ
205 1150 284 1189 λόγου
303 1153 349 1179 τοῦ
371 1149 440 1179 κατὰ
458 1149 503 1177 τὸν
515 1149 698 1188 Μελχισεδὲκ,
718 1149 829 1178 ἄκουσον

59 1196 112 1223 τῶν
134 1194 203 1230 ἑξῆς.
228 1195 321 1225 Εἰπὼν
339 1198 411 1235 γοῦν,
435 1194 503 1233 Περὶ
522 1189 552 1222 οὗ
570 1194 652 1228 πολὺς
664 1196 678 1223 ὁ
691 1194 767 1234 λόγος
783 1194 830 1224 καὶ

10 1237 14 1243 ’
61 1241 281 1280 δυσερμήνευτος,
298 1241 429 1280 ἐπήγαγεν
439 1252 446 1258 ·
460 1236 546 1273 Οὗτος
558 1239 609 1280 γὰρ
622 1242 636 1269 ὁ
651 1240 828 1279 Μελχισεδὲκ,

839 759 876 777 Πο

102 783 189 812 Τοῦτο
200 783 227 812 δὲ
242 782 287 812 καὶ
306 785 383 822 ἡμεῖς
396 782 564 820 ποιήσωμεν·
581 783 603 810 εἰ
617 781 662 811 καὶ
678 780 786 821 ἄπειρον
801 781 831 811 τὸ
846 787 866 809 Α

882 410 959 439 nobis
974 421 1079 448 eorum,
1090 422 1150 450 quae
1162 412 1216 442 sint
1229 413 1381 453 profutura,
1396 411 1525 441 delectus.
1536 410 1633 440 Enim-

884 466 948 485 vero
958 456 1022 485 licet
1031 457 1140 495 grandis
1153 465 1220 487 esset
1233 465 1312 497 atque
1324 457 1498 498 interpretatu
1512 455 1633 485 difficilis

884 502 932 531 ille
944 513 1042 540 sermo,
1051 513 1219 543 nequaquam
1232 505 1294 534 illos
1308 503 1430 533 doctrina
1442 502 1476 532 de
1490 502 1635 532 Melchise-

885 547 935 578 dee
947 549 1077 589 privavit,
1088 561 1151 580 cum
1164 558 1190 580 et
1203 550 1317 581 dicendo
1335 549 1463 591 grandem
1481 550 1561 579 illum
1577 559 1633 579 esse

886 602 966 634 atque
983 595 1156 636 interpretatu
1170 597 1309 627 difficilem
1324 597 1435 627 illorum
1448 595 1570 626 studium
1584 606 1631 625 ex-

886 641 986 679 citarit,
998 649 1028 671 ut
1037 642 1179 673 alacriores
1188 643 1281 673 fierent
1292 643 1327 673 ad
1338 642 1519 673 audiendum:
1531 648 1557 671 et
1567 641 1634 670 dum

885 686 941 717 illis
955 698 1074 720 mensam
1083 688 1222 726 instruxit,
1235 700 1328 719 eorum
1339 687 1480 729 cupiditati
1491 688 1572 718 fuerit
1584 687 1633 717 ob-

887 741 1026 772 sequutus.

923 781 953 809 2.
969 781 1028 810 Hoc
1041 790 1088 811 nos
1101 791 1209 820 quoque
1229 781 1358 811 faciamus
1374 793 1380 810 :
1397 781 1500 810 tametsi
1516 781 1633 821 prophe-

881 833 972 856 tarum
990 827 1152 857 immensum
1171 835 1210 857 est
1232 828 1354 868 pelagus,
1377 828 1521 867 multaeque
1540 828 1632 857 insunt

881 872 939 902 illic
959 873 1112 913 voragines,
1132 873 1258 903 audacter
1279 885 1329 914 pro
1349 881 1440 903 nostra
1458 873 1533 904 virili
1555 881 1631 913 parte

881 929 955 947 mare
982 918 1184 959 ingrediamur5
1206 919 1261 949 imo
1283 930 1347 950 vero
1357 942 1365 957 ,
1387 930 1440 948 non
1465 930 1514 959 pro
1541 926 1630 949 nostra

880 963 956 994 virili
964 971 1051 1004 parte,
1063 964 1110 994 sed
1120 971 1203 1005 prout
1213 965 1291 995 nobis
1305 975 1420 1005 superna
1428 965 1512 1004 gratia
1523 975 1630 995 conces-

879 1019 939 1039 sum
953 1011 1044 1044 fuerit,
1065 1021 1118 1039 non
1139 1010 1239 1040 fiducia
1259 1011 1322 1041 freti
1344 1018 1445 1048 nostra,
1466 1010 1515 1040 sed
1531 1022 1628 1051 procu-

880 1055 970 1085 raudae
981 1055 1103 1086 utilitatis
1116 1063 1211 1086 vestr-‘e
1225 1067 1304 1086 causa
1319 1067 1391 1086 mare
1402 1056 1530 1086 audacter
1540 1057 1630 1096 ingrc-

881 1100 989 1131 diamur
998 1123 1006 1138 ‚
1027 1108 1054 1131 et
1075 1102 1103 1132 in
1130 1102 1182 1132 hoc
1206 1113 1314 1142 quoque
1337 1103 1453 1132 Paulum
1478 1102 1626 1132 imitemur.

881 1147 962 1183 Quod
977 1147 1050 1177 enim
1062 1148 1181 1177 oratione
1197 1148 1232 1178 de
1245 1148 1427 1179 Melchisedec
1440 1148 1503 1178 illos
1517 1149 1629 1179 minime

880 1193 1006 1233 privarit,
1020 1194 1112 1230 exiis,
1128 1188 1188 1232 quae
1210 1201 1371 1233 sequuntur,
1395 1194 1539 1234 intelliges.
1559 1195 1628 1225 Sane

881 1250 943 1269 cum
958 1239 1081 1276 dixisset,
1098 1240 1144 1268 De
1162 1250 1220 1279 quo
1236 1240 1357 1278 grandis
1377 1250 1480 1275 sermo,
1491 1246 1520 1269 et
1535 1242 1627 1270 inter-

1672 787 1783 816 Scriptura

1642 825 1700 839 sacra
1726 828 1783 847 quo-

1642 850 1707 870 modo
1741 856 1785 872 tra--

1641 881 1727 902 clauda,

61 1286 184 1326 βασιλεὺς
199 1287 376 1322 δικαιοσύνης·
387 1286 480 1316 ἔπειτα
490 1286 521 1314 δὲ·
528 1285 573 1315 καὶ
588 1285 710 1325 βασιλεὺς
721 1285 828 1324 Σαλήμ,
843 1298 862 1320 B
879 1291 994 1325 precatu
1010 1285 1154 1325 difficilis,
1169 1285 1266 1325 adjecit
1282 1298 1288 1314 :
1308 1287 1365 1315 Hic
1378 1287 1455 1315 enim
1468 1286 1625 1316 Melchise-
1635 1298 1706 1320 llebr.
1719 1306 1741 1328 7.
1757 1305 1776 1321 ι,

880 1334 943 1370 dec,
956 1343 1008 1362 rex
1014 1333 1148 1372 justitiae,
1175 1333 1282 1361 deinde
1302 1338 1402 1362 autem
1412 1339 1439 1362 et
1450 1343 1501 1362 rex
1515 1333 1624 1371 Salem,
1635 1330 1690 1353 —3.

60 1333 77 1361 δ’
89 1335 145 1363 ἐστι
158 1332 281 1372 βασιλεὺς
293 1332 408 1372 εἰρήνης,
419 1331 538 1371 ἀπάτωρ,
552 1331 672 1371 ἀμήτωρ,
685 1331 827 1370 ἀγενεαλό-

60 1390 155 1423 γητος,
170 1378 238 1418 μήτε
252 1378 337 1419 ἀρχὴν
347 1379 464 1418 ἡμερῶν,
482 1377 549 1417 μήτε
570 1379 637 1414 ζωῆς
657 1377 730 1411 τέλος
741 1377 809 1417 ἔχων
820 1389 828 1396 ·

60 1424 264 1464 ἀφωμοιωμένος
278 1425 305 1454 δὲ
323 1426 362 1464 τῷ
381 1425 439 1464 Υἱῷ
455 1426 501 1453 τοῦ
516 1425 586 1454 Θεοῦ
608 1423 680 1463 μένει
694 1423 778 1463 ἱερεὺς
791 1425 829 1457 εἷς

60 1471 90 1500 τὸ
103 1470 227 1508 διηνεκές.
241 1466 309 1510 ’Ἆρα
323 1471 371 1500 οὐκ
383 1469 508 1509 ἐτάραξεν
519 1471 594 1508 ὑμῶν
606 1468 654 1503 τὰς
668 1469 748 1503 ἀκοὰς
767 1469 828 1510 περὶ

60 1516 196 1556 ἀνθρώπου
219 1514 402 1555 διαλεγόμενος
421 1517 435 1545 ὁ
454 1516 560 1548 Παῦλος
579 1514 623 1544 καὶ
636 1514 731 1554 λέγων,
745 1514 826 1544 Ἀπά-

59 1575 123 1603 τωρ,
141 1562 266 1603 ἀμήτωρ;
281 1562 334 1592 Καὶ
347 1561 374 1591 τί
387 1561 457 1601 λέγω
465 1585 472 1598 ,
485 1561 546 1601 περὶ
559 1560 715 1600 ἀνθρώπου;
730 1561 764 1590 Εἰ
777 1560 828 1600 γὰρ

60 1609 121 1648 περὶ
140 1612 186 1638 τοῦ
205 1610 322 1648 Χριστοῦ
342 1607 444 1647 λέγοιτο
457 1609 546 1642 τοῦτο,
562 1608 611 1635 οὐκ
624 1606 654 1635 ἂν
670 1605 771 1641 πολλὴν
783 1606 829 1635 καὶ

34 1686 38 1689 ,
59 1655 142 1688 οὕτως
154 1657 219 1694 ἡμῖν
229 1654 342 1694 παρέχοι
359 1653 484 1689 ζήτησιν;
500 1654 534 1682 Εἰ
553 1652 604 1692 γὰρ
621 1652 732 1692 ἀπάτωρ
745 1674 753 1688 ,
772 1653 829 1685 πῶς

59 1701 138 1737 Υἱός
152 1702 175 1729 εἷ
190 1699 311 1739 ἀπάτωρ,
326 1700 383 1732 πῶς
397 1698 548 1737 Μονογενής
559 1710 567 1734 ;
580 1697 616 1727 Ὁ
627 1697 678 1736 γὰρ
691 1698 746 1731 υἱὸς
757 1698 829 1738 ὀφεί-
844 1704 863 1728 C

59 1748 100 1776 λει
123 1745 226 1785 πατέρα
247 1745 326 1785 ἔχειν,
349 1744 407 1773 ἐπεὶ
424 1742 472 1773 οὐκ
486 1744 518 1772 ἂν
541 1743 581 1779 εἴη
604 1743 668 1776 υἱός.
683 1742 763 1773 Ἀλλὰ
783 1743 828 1773 καὶ

58 1793 170 1832 ἀπάτωρ
193 1791 264 1822 ἐστὶν
281 1794 295 1821 ὁ
307 1790 370 1824 Υἱὸς
390 1793 436 1820 τοῦ
452 1792 532 1826 Θεοῦ,
548 1789 592 1819 καὶ
607 1789 727 1829 ἀμήτωρ.
747 1790 828 1826 Πῶς;

59 1839 181 1879 Ἀπάτωρ
192 1838 241 1875 τὴν
254 1837 327 1868 κάτω
346 1837 475 1876 γέννησιν,
490 1835 601 1875 ἀμήτωρ
622 1835 670 1872 τὴν
682 1836 737 1865 ἅνω
747 1847 754 1854 ·
769 1835 829 1866 οὔτε

56 1885 108 1926 γὰρ
122 1885 166 1914 ἐπὶ
179 1886 228 1923 γῆς
247 1884 309 1924 ἔσχε
331 1883 450 1923 πατέρα,
472 1882 531 1912 οὔτε
550 1883 576 1911 ἐν
589 1883 691 1922 οὐρανῷ
715 1882 828 1922 μητέρα.

58 1930 283 1970 Ἄγενεαλόγητος.
308 1929 484 1959 Ἀκουέτωσαν
510 1928 534 1957 οἱ
560 1926 608 1964 τὴν
633 1928 724 1957 οὐσίαν
748 1929 827 1957 αὐτοῦ

58 1978 335 2016 πολυπραγμονοῦντες
345 1986 352 1994 ·
374 1974 461 2005 καίτοι
474 1973 542 2007 τινὲς
561 1973 724 2013 νομίζωσιν,
745 1974 785 2004 ὅτι
798 1973 828 2003 τὸ

58 2021 272 2061 ’Λγενεαλόγητος
283 2024 362 2050 τοῦτο
379 2020 441 2060 περὶ
454 2022 502 2056 τῆς
518 2020 573 2049 ἅνω
585 2019 732 2059 γεννήσεως
751 2019 827 2060 εἴρη-

60 2080 114 2097 ται.
127 2069 164 2098 Οἱ
177 2068 226 2106 μὲν
235 2068 288 2108 γὰρ
301 2067 427 2107 αἱρετικοὶ
444 2066 503 2096 οὐδὲ
521 2069 598 2096 τοῦτο
613 2066 768 2105 βούλονται·
782 2066 828 2096 καὶ

59 2113 110 2153 γὰρ
118 2113 164 2143 καὶ
174 2113 275 2149 ἐκείνην
285 2114 536 2153 πολυπραγμονοῦσι
547 2112 592 2141 καὶ
602 2112 828 2152 περιεργάζονται·

59 2160 83 2188 οἱ
98 2158 125 2188 δὲ
138 2159 324 2200 Ξπιεικέστεροι
337 2158 435 2189 τούτων
450 2157 537 2195 ἐκείνῃ
552 2158 599 2197 μὲν
613 2161 827 2198 παραχωροῦσιν,

59 2203 146 2233 οὖκέτι
156 2204 184 2233 δὲ
192 2204 237 2234 καὶ
244 2205 306 2244 περὶ
312 2205 410 2240 ταύτης
418 2205 465 2239 τῆς
472 2203 545 2233 κάτω
553 2203 702 2243 νομίζουσιν
708 2205 828 2244 εἰρῆσθαι
843 2213 861 2236 E

59 2250 103 2285 τὸ,
118 2249 341 2289 Ἀγενεαλόγητος.
364 2250 496 2289 Δείξωμεν
511 2246 554 2280 οὖν
573 2250 613 2279 ὅτι
626 2250 687 2289 περὶ
701 2250 827 2290 ἑκατέρας

60 2295 204 2335 γεννήσεως
214 2298 292 2325 τοῦτο
303 2298 318 2325 ὁ
327 2295 432 2328 Παῦλος
443 2291 510 2332 εἶπε,
523 2295 568 2325 καὶ
579 2295 697 2336 περὶτῆς
710 2296 773 2332 ἄνω,
780 2296 827 2325 καὶ

61 2341 120 2382 περὶ
138 2343 186 2377 τῆς
202 2341 276 2370 κάτω
285 2353 292 2360 ·
303 2340 409 2380 καὶγὰρ
421 2341 466 2370 καὶ
479 2342 564 2377 ἐκείνη
579 2341 685 2382 φρικτὴ,
698 2342 743 2371 καὶ
760 2342 826 2378 αὕτη

60 2386 254 2425 μυστικωτάτη.
264 2386 316 2416 Διὰ
327 2388 402 2416 τοῦτο
411 2386 455 2416 καὶ
463 2387 576 2421 Ἡσαΐας
588 2387 661 2427 φησὶ,
668 2387 725 2423 Τὴν
737 2387 828 2427 γενεὰν

61 2433 139 2462 αὐτοῦ
165 2432 203 2466 τίς
225 2432 398 2471 διηγήσεται;
417 2431 496 2462 Ἀλλὰ
515 2433 576 2473 περὶ
597 2432 713 2468 ἐκείνης,
728 2433 806 2472 φησὶν
818 2455 826 2470 ,

62 2473 119 2508 εἶπε
140 2479 188 2513 τῆς
208 2478 272 2507 ἄνω.
293 2477 330 2507 Τί
351 2473 396 2507 οὖν
417 2479 525 2517 ἐροῦμεν
547 2478 656 2518 Παύλῳ,
679 2478 828 2519 ἀμφοτέρας

61 2522 159 2552 εἰπόντι
171 2524 218 2557 τὰς
232 2523 378 2563 γεννήσεις,
393 2524 437 2554 καὶ
451 2524 510 2554 τότε
525 2524 685 2563 ἐπαγαγόντι
698 2525 738 2562 τὸ,
753 2525 828 2564 Ἀγε-

91 2622 101 2634 ³
120 2616 165 2640 tlic
175 2622 199 2642 et
211 2615 273 2641 infra
285 2615 443 2642 Colbertinus
453 2617 476 2642 iu
488 2616 571 2642 multis
582 2616 674 2643 delicit.

879 1380 961 1419 quod
970 1386 1012 1408 est
1028 1390 1079 1408 rex
1090 1381 1183 1418 pacis,
1198 1380 1261 1408 sine
1267 1385 1364 1418 patre,
1376 1381 1439 1408 sine
1449 1386 1550 1418 matre,
1565 1382 1627 1411 sine

880 1426 1065 1466 genealogt'a,
1076 1436 1170 1465 neque
1183 1427 1300 1455 initium
1315 1422 1439 1464 dierum,
1452 1437 1544 1465 neque
1555 1429 1627 1457 vitoe

874 1473 967 1512 finem
986 1472 1097 1501 habens
1116 1485 1125 1501 .-
1142 1472 1321 1501 assimilatus
1345 1478 1444 1502 autem
1468 1473 1554 1503 Filio-
1568 1475 1628 1503 Dei

881 1525 980 1548 manet
994 1518 1130 1548 sacerdos
1150 1519 1182 1547 ἰη
1199 1525 1379 1558 perpetuum.
1402 1522 1500 1549 Annon
1522 1526 1625 1550 vestras

881 1575 958 1594 aures
969 1563 1136 1604 perturbavit
1143 1563 1178 1593 de
1187 1563 1298 1593 homine
1310 1563 1392 1593 verba
1405 1564 1505 1594 faciens
1511 1565 1624 1603 Paulus,

880 1620 911 1639 ae
923 1609 1026 1644 dicem,
1036 1609 1105 1641 Sine
1115 1610 1287 1649 patrersine
1299 1617 1390 1639 matre
1399 1612 1412 1638 Ρ
1422 1610 1495 1648 Quid
1508 1610 1581 1648 dico,
1591 1610 1626 1640 de

879 1655 1006 1685 homine?
1017 1656 1088 1685 Nam
1100 1654 1124 1685 si
1140 1653 1197 1685 hoe.
1204 1654 1238 1684 de
1253 1655 1363 1685 Christo
1382 1655 1463 1685 etiam
1478 1656 1624 1693 diceretur,

881 1711 968 1731 nonne
994 1701 1032 1731 sic
1058 1701 1139 1730 etiam
1163 1701 1276 1730 multam
1299 1701 1434 1740 quaerendi
1461 1703 1626 1732 occasionem

881 1747 1029 1787 praeberet?
1036 1746 1066 1777 Si
1077 1746 1149 1776 enim
1157 1753 1196 1775 est
1205 1746 1264 1775 sine
1273 1753 1359 1786 patre,
1370 1747 1505 1786 quomodo
1517 1748 1625 1777 Filius?

880 1793 903 1822 si
914 1793 971 1822 sine
982 1793 1069 1829 Patre,
1092 1792 1228 1831 quomodo
1252 1793 1435 1832 Unigenitus?
1448 1793 1536 1823 Filius
1553 1795 1625 1823 enim

879 1846 983 1879 patrem
993 1839 1091 1868 habere
1105 1838 1195 1875 debet,
1209 1838 1311 1878 alioqui
1323 1839 1460 1869 filiusnon
1472 1841 1532 1870 erit.
1549 1842 1625 1871 Atta-

880 1896 940 1916 men
960 1892 986 1916 et
998 1886 1056 1915 sine
1072 1891 1148 1925 patre
1168 1884 1257 1914 Filius
1274 1885 1326 1915 Dei
1346 1892 1394 1923 est,
1414 1892 1440 1915 et
1456 1886 1514 1916 sine
1533 1894 1626 1917 matre.
1647 1904 1649 1906 ·

880 1934 943 1970 Quo
955 1932 1062 1962 tandem
1082 1931 1186 1961 modo?
1200 1932 1264 1962 Sine
1283 1939 1358 1972 patre
1377 1934 1525 1964 seeundum
1541 1941 1626 1964 terre-

879 1990 940 2008 nam
949 1978 1156 2019 generationem,
1165 1978 1223 2008 sinc
1232 1985 1316 2008 matre
1324 1979 1471 2009 secundum
1477 1981 1606 2010 caelestem
1617 1994 1624 2010 :

880 2036 942 2055 nam
953 2035 1038 2064 neque
1049 2024 1076 2054 in
1087 2023 1165 2054 terris
1177 2024 1273 2054 habuit
1294 2033 1406 2066 patrem,
1418 2037 1503 2066 neque
1514 2035 1626 2057 matrem

879 2073 907 2102 in
921 2071 1088 2102 coelis.·Sine
1101 2071 1284 2112 genealogia.
1306 2073 1435 2110 Audiam,
1451 2074 1498 2113 qui
1510 2076 1569 2115 ejus
1582 2086 1627 2105 es-

1696 2084 1777 2106 Contra

879 2119 990 2149 sentiam
1014 2118 1119 2148 curiose
1142 2125 1296 2148 scrutantur
1312 2120 1438 2150 :tametsi
1461 2122 1626 2152 arbitrantur
1637 2115 1762 2137 ⁶¹¹⁰''“²⁰⁵'

879 2165 999 2204 quidam,
1019 2164 1092 2204 quod
1113 2164 1158 2194 hic
1175 2164 1276 2195 dicitur
1296 2165 1366 2195 Sine
1381 2168 1572 2208 genealogia,
1592 2169 1628 2199 ad

880 2211 1009 2241 caelestem
1023 2210 1218 2251 generationem
1232 2212 1374 2251 pertinere.
1387 2210 1458 2243 Nam
1468 2214 1585 2244 haeretici
1595 2227 1629 2245 ne

880 2257 930 2286 hoc
944 2256 1053 2296 quidem
1065 2256 1161 2287 volunt
1179 2268 1186 2285 ε
1202 2257 1299 2286 etenim
1314 2257 1389 2287 illam
1402 2269 1512 2297 quoque
1525 2261 1629 2291 curiose

879 2310 1031 2332 scrutantur
1042 2309 1068 2332 et
1080 2303 1221 2341 inquirunt
1236 2315 1243 2331 ε
1261 2303 1308 2342 qui
1323 2313 1387 2333 vero
1409 2312 1471 2334 sunt
1485 2305 1553 2335 inter
1566 2307 1628 2336 illos

879 2347 1070 2384 modestiores,
1090 2347 1132 2376 illi
1156 2347 1319 2387 generationi
1338 2347 1390 2377 hoc
1412 2349 1580 2379 concedunt:
1595 2350 1629 2379 de

880 2399 982 2422 terrena
1003 2398 1055 2422 non
1079 2393 1143 2421 item
1166 2391 1271 2421 dictum
1294 2392 1447 2422 existimant
1466 2393 1546 2429 illud,
1562 2394 1629 2422 Sine

881 2437 1065 2477 genealogia.
1094 2436 1274 2466 Ostendamus
1293 2436 1376 2475 igitur
1399 2437 1449 2465 hoc
1465 2436 1499 2465 de
1517 2444 1628 2475 utraque

881 2481 997 2511 Paulum
1018 2481 1186 2521 generatione
1211 2480 1321 2516 dixisse,
1336 2479 1369 2508 de
1391 2480 1487 2509 caelesti
1507 2480 1586 2508 simul
1602 2486 1628 2509 et

883 2525 917 2556 de
932 2532 1034 2556 terrena
1050 2537 1056 2554 ε
1069 2535 1129 2555 nam
1145 2531 1170 2554 et
1185 2524 1232 2553 illa
1247 2524 1381 2554 tremenda
1393 2531 1442 2562 cst,
1460 2530 1485 2552 ct
1500 2524 1554 2553 hoec
1569 2534 1628 2563 my-
