1904 2840
655 162 687 183 ΙΝ
716 160 905 184 MATTRAEUM

155 229 244 251 tamen
258 221 351 250 nullus
371 220 479 250 obediat
491 231 578 261 praece
596 222 631 251 tis
652 222 660 250 i
681 221 747 251 sius.
763 223 833 251 Nam
847 221 896 250 do-

155 261 257 298 minus,
283 261 360 300 cujus
378 270 463 300 praece
482 267 509 290 to
530 261 578 289 nul
593 271 623 290 us
642 271 657 289 0
678 267 816 300 temperat,
836 271 898 290 cum

155 301 191 329 sit
212 299 348 337 dominus,
377 310 433 329 esse
461 271 588 330 dominus
608 310 661 329 non
684 300 811 329 videtur:
833 299 896 338 quia

155 349 252 368 nomen
271 339 351 368 habet
364 339 560 376 tantummodo,
574 349 627 369 non

154 379 242 418 ergo?
267 378 425 408 Introduxit
450 379 573 408 haeresim
596 380 630 409 Sa
651 379 820 416 ducaeorum,
849 379 896 418 qui

152 417 273 448 dicerent
281 429 334 448 non
344 429 401 447 esse
409 418 629 448 resurrectionem
638 426 817 448 mortuorum.
827 419 896 455 Quae

155 468 198 487 res
209 458 330 487 omnium
342 459 511 498 propositum
525 458 651 488 faciendae
659 458 770 498 justitiae¹
786 458 893 497 frangit.

153 498 225 527 Nam
247 497 274 526 in
294 497 367 527 omni
383 508 423 534 re,
443 504 490 526 aut
506 504 576 533 actu,
596 499 654 528 sive
671 497 816 537 corporali,
838 499 895 526 sive

189 537 300 574 irituali,
321 537 418 576 agendi
431 538 518 567 virtus
535 548 596 577 spes
615 544 654 567 est
672 537 776 578 praemii
796 537 892 565 futuri.

151 547 289 613 3010111111
302 583 370 613 arat,
384 583 442 606 arat
451 584 479 606 ut
494 584 585 606 metat.
600 577 656 614 Qui
669 583 781 617 pugnat,
793 583 896 616 pugnat

156 623 186 645 ut
198 617 298 646 vincat.
313 617 382 645 Nam
392 624 454 645 cum
466 616 500 645 sit
511 617 547 645 ita
561 616 673 646 difficile
686 617 714 645 iu
727 617 779 645 hoc
792 615 894 645 mundo

154 666 262 686 servare
274 655 384 696 justitia!
396 656 572 693 sanctitatem,
588 656 650 695 quis
663 662 802 686 contentus
817 662 894 691 esset,

154 695 285 725 adversus
308 695 425 735 seipsum
448 695 568 734 quotidie
593 695 738 725 luctamina
760 705 894 732 exercere,

155 735 207 765 nisi
219 735 254 765 ad
269 745 342 775 spem
358 735 487 775 aspiceret
503 735 726 764 resurrectionis?
738 734 818 764 Tolle
830 745 895 774 ergo

155 786 230 815 spem
241 774 453 810 resurrectionis,
469 781 495 804 et
508 774 594 804 soluta
606 781 647 804 est
661 781 714 804 tota
728 774 896 804 observantia

155 815 270 860 pietatis.
290 814 427 853 Numquid
442 813 582 844 Sadducaei
599 813 741 843 credebant
758 824 815 843 esse
832 824 895 843 con-

152 854 230 901 ‘ugia
246 861 307 895 post
325 853 459 883 mortem?
477 853 565 883 Absit.
587 853 731 891 Quomodo
745 853 815 882 enim
831 864 896 882 con-

151 893 229 934 jugia
240 893 377 924 crederent
385 892 456 929 fieri,
466 893 573 931 quando
581 893 665 933 ipsam
677 893 895 922 resurrectionem

154 933 309 972 negabant?
326 931 381 962 sed
401 931 437 961 ad
453 931 634 962 defensionem
648 932 746 962 erroris
761 933 803 961 sui
818 939 897 973 puta-

154 972 254 1002 bantse
265 972 397 1002 invenisse
405 973 586 1001 acutissimam
598 972 739 1007 rationem,
755 971 805 1002 hoc
815 972 896 1002 modo

154 1011 228 1052 apud
240 1023 268 1042 se
283 1011 401 1042 dicentes
413 1023 420 1039 :
434 1011 511 1041 Sicut
529 1022 582 1041 non
603 1019 642 1041 est
656 1011 795 1052 possibile,
819 1019 848 1041 ut
866 1023 896 1042 ea

154 1051 254 1081 mulier
273 1062 333 1091 quae
349 1051 402 1080 suit
413 1058 514 1090 septem
526 1052 660 1087 virorum,
680 1051 716 1080 sit
736 1052 816 1081 unius
829 1063 898 1081 uxor

154 1091 270 1131 privata,
285 1098 331 1121 aut
342 1090 464 1119 omnium
477 1091 628 1120 eommunis
640 1103 646 1119 :
659 1090 697 1120 sic
714 1101 766 1120 non
780 1098 819 1121 est
833 1102 895 1131 pos-

153 1131 243 1168 sibile,
254 1138 284 1161 ut
295 1131 342 1160 flat
348 1131 506 1160 resurrectio
518 1137 696 1160 mortuorum.
709 1131 897 1169 Respondens

155 1177 254 1199 autem
267 1172 364 1206 Jesus,
380 1172 422 1199 ait
436 1172 494 1199 εἰς.-
509 1171 634 1206 Erratis,
654 1171 812 1200 nescientes
822 1171 898 1200 Scri-

152 1216 267 1249 pturas,
287 1220 381 1250 neque
391 1211 530 1239 virtutem
542 1211 609 1239 Dei.
631 1211 669 1239 In
689 1212 898 1240 resur-rectione

155 1251 232 1278 enim
245 1260 339 1290 neque
353 1251 473 1286 nubent,
486 1260 580 1287 neque
593 1251 746 1285 nubentur,
766 1251 819 1279 sed
830 1257 897 1280 sunt

156 1291 232 1318 sicut
245 1289 344 1335 angeli
358 1290 416 1318 Dei
434 1290 466 1318 in
485 1289 565 1318 coelo.
588 1289 684 1325 Stulti,
705 1289 753 1327 qui
769 1290 897 1319 saeculum

154 1328 226 1360 illud
245 1329 311 1358 huic
332 1329 431 1358 saeculo
455 1328 542 1358 simile
565 1328 761 1358 existimabant.
788 1330 820 1358 Iu
845 1329 896 1359 hoc

154 1368 252 1398 saeculo
283 1368 327 1397 uia
340 1368 483 1403 morimur,
499 1368 559 1397 ideo
571 1368 712 1404 morimur,
728 1368 792 1406 quia
806 1369 896 1398 nasci—

154 1418 217 1437 mur
229 1420 238 1438 :
254 1379 315 1437 ideo
342 1418 440 1437 uxores
463 1407 604 1443 ducimus,
615 1414 647 1437 ut
666 1406 739 1446 quod
757 1408 896 1439 moriendo

633 346 807 408 tpotestatem.
821 339 897 376 Quid

153 1447 297 1484 minuitur,
318 1446 451 1477 nascendo
470 1457 502 1476 su
524 1448 641 1487 pleatur.
661 1447 740 1476 Tolle
762 1447 896 1477 moriendi

153 1487 344 1524 necessitatem,
359 1494 385 1516 et
402 1458 527 1515 nascendi
547 1486 650 1516 utilitas
667 1486 804 1526 superflua
821 1487 895 1518 inve-

153 1527 228 1556 nitur
240 1538 247 1554 :
261 1526 327 1556 tolle
337 1526 464 1555 nascendi
476 1526 630 1563 utilitatem,
645 1532 671 1555 et
685 1526 804 1555 nubendi
816 1538 896 1557 causa

152 1566 240 1595 soluta
253 1572 301 1595 est.
313 1566 381 1595 Nam
392 1565 441 1595 iste
451 1565 569 1595 mundus
581 1565 668 1595 carnis
681 1572 731 1601 est,
747 1565 794 1595 ille
806 1573 895 1597 antem

152 1605 314 1635 animarum.
331 1605 408 1644 Sicut
419 1605 506 1637 anima
521 1605 548 1634 in
568 1605 620 1634 hoc
640 1605 742 1634 mundo
754 1607 894 1645 peregrina

151 1652 200 1682 est,
214 1645 251 1674 ita
270 1655 332 1674 caro
354 1645 382 1674 in
403 1645 451 1674 illo
465 1652 588 1674 extranea
606 1651 653 1674 est.
676 1646 707 1675 ln
722 1645 773 1674 isto
792 1646 894 1676 mundo

151 1685 240 1714 anima
253 1685 326 1714 carni
340 1684 458 1714 sub'ecta
479 1692 529 1722 est,
551 1692 682 1723 quantum
701 1685 736 1714 ad
757 1686 894 1725 passiones

152 1724 294 1761 humanas,
321 1724 348 1753 in
363 1724 382 1753 il
395 1735 412 1753 o
424 1731 513 1754 autem
527 1735 589 1754 caro
601 1725 704 1754 animae.
718 1726 894 1764 Unaquaeque

152 1774 195 1794 res
207 1764 234 1793 in
247 1774 294 1793 sua
307 1764 393 1804 patria
402 1763 498 1793 fortior
509 1771 558 1801 est,
570 1771 595 1794 et
606 1765 770 1794 dominatur.
786 1765 815 1794 Si
829 1776 892 1805 ergo

152 1803 242 1832 anima
253 1803 292 1832 sic
307 1810 399 1844 potens
418 1803 508 1832 claudi
522 1811 607 1843 potest
626 1804 652 1832 in
667 1804 717 1833 hoc
731 1804 828 1834 saeculo
847 1805 891 1834 in-

152 1843 242 1878 firmo,
254 1850 282 1872 et
295 1850 401 1872 terreno
413 1843 518 1883 corpori
532 1843 571 1872 sic
581 1843 689 1872 subdita
703 1851 752 1880 est,
776 1850 806 1872 ut
823 1844 893 1873 nihil

152 1893 220 1922 pene
230 1882 406 1922 spiritualiter
412 1893 503 1922 sapere
513 1889 559 1911 aut
567 1893 644 1922 agere
654 1883 737 1923 possit
745 1883 892 1913 secundum

153 1933 228 1951 suam
241 1928 364 1951 naturam
376 1933 382 1950 ε
395 1929 494 1960 quanto
508 1922 591 1961 magis
604 1933 666 1952 cum
683 1923 710 1951 in
731 1922 780 1951 illo
794 1924 891 1952 saeculo

153 1971 215 1990 caro
230 1961 336 1990 infirma
357 1968 383 1990 et
402 1961 465 1991 vilis
477 1961 618 1999 dignitosae
631 1962 726 1991 animae
747 1969 773 1991 et
790 1963 891 2002 potenti

151 2000 264 2041 coeperit
273 2011 329 2030 esse
342 2000 471 2040 subjecta,
484 2001 552 2029 nihil
563 2002 660 2040 poterit
671 2001 777 2030 carnale
787 2012 889 2042 sapere,

150 2047 198 2070 aut
218 2050 296 2079 agere
317 2039 464 2070 secundum
485 2051 561 2070 suam
581 2041 722 2070 naturam?
745 2042 814 2071 Nam
840 2042 890 2072 hoc

152 2079 242 2119 ipsum
254 2079 400 2117 modicum,
416 2079 489 2118 quod
506 2080 532 2108 in
550 2081 601 2110 hoc
618 2081 715 2110 saeculo
734 2080 761 2109 in
780 2091 891 2121 corpore

151 2119 293 2148 constituta
306 2120 394 2149 anima
407 2120 584 2159 spiritualiter
597 2120 674 2160 sapit,
686 2120 767 2149 nimia
778 2128 890 2160 potestas

152 2158 247 2187 animae
260 2159 311 2188 hoc
321 2159 373 2188 sibi
386 2159 510 2189 vendicat
522 2166 596 2189 extra
611 2159 744 2195 ordinem,
761 2161 824 2197 qnia
839 2160 890 2189 do·-

153 2197 264 2226 minatio
278 2199 364 2227 cai-nis
377 2206 416 2227 est
429 2198 457 2227 in
470 2199 521 2228 hoc
533 2199 643 2228 mundo.·
655 2199 891 2236 Quemadmodum

153 2236 229 2266 dives
244 2247 353 2276 peregre
368 2238 511 2277 profectus,
525 2238 548 2267 si
564 2239 590 2267 in
604 2238 720 2278 hospitio
735 2239 894 2278 applicuerit

153 2277 280 2316 pauperis
302 2277 427 2312 alicu'us‚
444 2277 570 2315 quamvis
583 2287 636 2306 non
649 2284 735 2317 potest
748 2278 844 2318 jubere
866 2279 893 2308 in

153 2316 236 2345 domo
249 2315 323 2354 qnod
334 2288 405 2352 vult,
420 2316 481 2354 quia
498 2317 593 2356 hospes
601 2323 655 2353 est,
670 2323 756 2346 tamen
770 2327 894 2357 magnam

153 2356 206 2384 sibi
218 2355 344 2385 fiduciam
357 2355 452 2395 agendi
463 2356 567 2401 aliquid
578 2355 715 2391 vendicat,
728 2356 791 2394 quia
802 2363 906 2396 potens.

155 2401 213 2424 est:
227 2396 265 2424 sic
287 2402 313 2424 et
326 2397 414 2425 anima
432 2405 571 2435 peregrina
594 2395 621 2423 in
642 2395 693 2424 hoc
710 2406 791 2435 regno
808 2397 895 2425 carnis

156 2434 284 2473 ingressa,
305 2435 429 2473 quamvis
449 2445 501 2464 non
519 2434 607 2464 omnia
622 2435 798 2474 spiritualiter
818 2446 895 2475 agere

157 2481 242 2513 potest
263 2474 410 2504 secundum
432 2485 470 2510 se,
495 2474 557 2513 quia
581 2480 704 2503 extranea
727 2481 766 2503 est
792 2474 819 2503 in
845 2475 897 2505 hoc

157 2513 270 2549 mundo,
289 2520 375 2542 tamen
393 2513 498 2552 aliquid
520 2513 659 2553 spirituale
681 2513 805 2543 vendicat
827 2521 853 2543 ct
870 2514 896 2543 in

158 2553 316 2591 cnrne,quia
325 2553 438 2582 nimium
447 2559 593 2593 potensest.
604 2553 801 2583 Etccontrario
810 2565 818 2582 ε
829 2553 898 2583 sicut

912 174 919 182 .
949 160 1064 184 HOMtL.
1092 162 1175 185 Χ1,ΙΙ.

1628 166 1699 201 9¹9

918 224 938 247 Α
954 223 1111 268 peregrinus
1123 235 1225 264 pauper
1237 225 1306 255 nihil
1324 226 1351 256 in
1365 225 1482 266 hospitio
1495 226 1590 256 divitis
1599 234 1695 267 potest,

953 271 1041 300 primo
1053 272 1115 300 quia
1130 265 1287 302 peregrinus
1301 272 1326 294 et
1345 266 1441 306 hospes
1456 272 1506 304 est,
1520 266 1618 296 deinde
1631 267 1694 306 quia

953 299 1091 330 mendicus
1110 309 1136 331 et
1152 313 1254 343 pauper
1265 311 1322 334 est:
1339 305 1377 335 sic
1391 313 1416 334 et
1430 316 1491 335 caro
1505 317 1566 335 cum
1579 306 1608 335 in
1623 306 1694 336 illud

952 340 1080 384 saecul-um
1092 342 1247 372 resuscitata
1261 344 1425 383 migraverit,
1439 345 1628 375 nihilomnino
1639 346 1692 376 sibi

951 385 1051 418 poterit
1060 381 1165 410 carnale
1174 381 1315 412 defendere
1325 395 1335 411 -:
1348 384 1477 428 primum,
1491 385 1552 423 quia
1566 392 1692 415 extranea

950 425 990 447 est
1003 418 1031 447 in
1047 419 1094 450 illo
1110 421 1208 450 saeculo
1221 422 1356 460 spirituali
1368 436 1374 452 z
1387 424 1515 460 secundo,
1530 425 1594 463 quia
1608 425 1691 454 infit·-

950 468 994 486 ma
1008 466 1046 488 est
1058 461 1147 489 carnis
1161 467 1264 490 natura.
1279 462 1314 491 Et
1325 462 1376 491 hoc
1393 462 1502 501 quidem
1515 463 1636 493 diximus
1649 475 1689 494 se-

950 497 1069 541 cundum
1079 500 1206 529 rationem
1228 501 1377 530 mortalem.
1391 502 1519 541 Alioquin
1531 502 1557 531 in
1569 514 1690 533 resurre-

949 543 1035 567 ctione
1055 539 1182 568 mutanda
1200 546 1240 569 est
1258 539 1316 579 ipsa
1338 541 1425 570 carnis
1443 549 1548 577 natura,
1572 550 1600 571 ut
1620 543 1691 573 nihil

949 577 1036 606 carnis
1045 578 1142 607 habeat
1149 579 1178 607 in
1187 589 1226 614 se,
1234 578 1285 607 nisi
1294 580 1361 608 forte
1368 581 1553 610 tantummodo
1563 582 1687 620 fot-mam,

949 615 1019 645 sieut
1031 617 1162 657 scriptum
1177 624 1219 647 est
1231 618 1414 648 :seminatur
1427 630 1529 660 corpus
1546 623 1686 657 animale,
1701 634 1720 649 1.
1737 628 1788 650 cor.
1803 629 1838 651 15.

950 663 1077 696 resurget
1091 663 1189 686 autem
1211 667 1313 697 corpus
1326 659 1487 697 spirituale.
1503 661 1689 700 Respondens
1698 661 1737 689 44-

949 695 1036 725 Jesus
1049 698 1092 725 ait
1107 708 1115 725 .·
1129 697 1257 733 Erratis,
1273 700 1431 727 nescientes
1447 698 1620 739 Scripturas,
1644 711 1690 729 ne-

951 745 1007 774 que
1023 737 1160 765 virtutem
1181 737 1248 765 Dei.
1267 738 1306 765 In
1321 742 1530 767 resurrectione
1548 741 1626 768 enim
1640 750 1690 768 ne-

952 785 1008 814 que
1030 777 1150 811 nubent,
1167 786 1259 815 neque
1285 786 1388 805 uxores
1407 778 1525 814 ducent,
1551 780 1604 807 sed
1623 786 1691 808 sunt

915 815 934 838 B
950 815 1025 844 sicut
1038 815 1138 855 angeli
1149 816 1207 844 Dei
1219 818 1252 844 t'n
1263 816 1346 845 eoelo.
1365 817 1456 853 Quare
1468 839 1476 852 ‚
1496 828 1557 847 cum
1567 817 1601 847 de
1615 819 1691 858 jeju÷

950 853 1014 888 niis,
1029 862 1075 884 aut
1087 855 1273 895 eleemosynis,
1286 856 1440 894 caeterisque
1453 856 1599 887 virtutibus
1610 858 1692 898 spiri.-

950 893 1071 923 tualibus
1088 894 1216 933 loquutus
1235 895 1337 929 fuisset,
1364 905 1510 935 numquam
1536 898 1692 936 angelorum

951 933 1157 963 similitudinem
1186 934 1353 970 introduxit,
1383 934 1434 964 nisi
1457 946 1521 965 cum
1547 936 1582 965 de
1603 937 1691 967 soluto

951 972 1008 1002 viri
1030 980 1056 1002 et
1079 973 1200 1003 mulieris
1222 974 1295 1007 coitu
1318 974 1482 1012 loqueretur,
1507 975 1598 1005 dicens
1613 977 1691 1006 :Ne-

952 1022 1008 1051 que
1033 1014 1160 1049 nubent,
1189 1023 1281 1053 neque
1303 1015 1459 1051 nubentur,
1480 1017 1532 1045 sed
1547 1023 1615 1045 sunt
1635 1018 1690 1046 sie-

952 1059 984 1081 ut
999 1053 1097 1092 angeli
1116 1053 1173 1082 Dei
1195 1054 1228 1081 in
1243 1053 1314 1082 coelo
1325 1055 1338 1079 Ρ
1355 1054 1490 1090 Quoniam
1510 1055 1579 1084 sicut
1600 1066 1691 1085 omnes

952 1098 1026 1121 actus
1049 1093 1168 1122 carnales
1193 1103 1274 1132 opera
1301 1099 1364 1121 sunt
1390 1093 1565 1132 animalium,
1593 1096 1692 1135 praeci-

951 1141 1004 1171 pue
1016 1138 1103 1161 tamen
1116 1139 1190 1162 actus
1204 1131 1325 1161 libidinis
1337 1142 1405 1172 opus
1418 1140 1457 1162 est
1469 1134 1626 1164 animalium
1636 1147 1642 1164 t
1652 1135 1692 1165 sic
1700 1147 1790 1167 cmxix

951 1177 977 1199 et
985 1181 1076 1200 omnes
1086 1171 1196 1210 quidem
1202 1172 1318 1202 <virtutes
1326 1172 1480 1216 spirituales
1489 1184 1532 1202 res
1539 1181 1602 1203 sunt
1613 1185 1692 1213 angfe-

951 1210 1021 1247 licae,
1035 1211 1171 1251 praecipue
1180 1218 1268 1240 tamen
1282 1217 1387 1240 castitas
1397 1222 1439 1241 res
1449 1219 1489 1242 est
1498 1213 1628 1253 angelica.
1642 1216 1693 1244 Per

951 1250 1002 1279 hoc
1012 1251 1084 1279 enim
1097 1251 1184 1280 solum
1196 1250 1366 1290 singulariter
1374 1250 1497 1281 homines
1510 1253 1613 1291 angelis
1623 1254 1694 1283 assi.-

951 1290 1090 1327 milantur,
1101 1297 1127 1319 et
1135 1290 1255 1320 vincitur
1263 1296 1358 1318 natura
1367 1290 1525 1320 virtutibus.
1537 1291 1601 1322 Ideo
1612 1293 1690 1328 dicit,

951 1330 1054 1368 Neque
1068 1331 1188 1365 nubent,
1197 1340 1290 1369 neque
1303 1330 1459 1366 nubentur,
1474 1331 1526 1360 sed
1537 1339 1605 1361 sunt
1618 1335 1694 1362 sicut

951 1369 1050 1408 angeli
1064 1369 1122 1398 Dei
1134 1370 1166 1397 in
1179 1369 1262 1397 caelo.
1276 1368 1352 1399 Sicut
1365 1369 1437 1398 enim
1450 1370 1557 1408 quando
1570 1372 1621 1401 hoc
1632 1373 1691 1412 agi-

951 1418 1022 1444 mus,
1035 1408 1109 1447 quod
1128 1408 1254 1438 animalia
1270 1408 1370 1437 habent
1381 1409 1520 1439 nobiscum
1538 1421 1689 1446 commune,

950 1447 1077 1478 animalia
1099 1459 1155 1477 esse
1174 1458 1222 1477 nos
1240 1447 1398 1487 profitemur
1414 1461 1420 1477 ε
1437 1449 1475 1478 sic
1491 1450 1598 1488 quando
1621 1451 1692 1481 illud

950 1487 1065 1526 agimus,
1081 1487 1154 1526 quod
1173 1494 1212 1516 est
1230 1494 1306 1516 extra
1323 1489 1600 1526 naturamcarnalem,
1611 1498 1692 1520 natu-

950 1537 1007 1555 ram
1021 1528 1108 1556 carnis
1122 1526 1318 1566 egredimur,et
1332 1527 1435 1565 angelis
1444 1538 1621 1567 coaequamur.
1637 1530 1691 1560 Sed

949 1565 1012 1605 quia
1034 1567 1153 1606 primum
1169 1565 1279 1605 quidem
1295 1572 1321 1595 et
1334 1567 1455 1596 naturale
1468 1575 1505 1597 est
1520 1568 1688 1606 animalium,

949 1613 978 1635 ut
991 1616 1044 1635 non
1058 1606 1139 1636 unius
1149 1606 1276 1642 maseuli,
1288 1605 1333 1635 vel
1344 1605 1541 1636 uniusteminae
1555 1608 1613 1648 lege
1624 1619 1689 1638 con-

948 1652 1020 1674 tenta
1032 1646 1085 1675 sint
1100 1658 1107 1675 :
1121 1645 1261 1686 proprium
1278 1652 1366 1674 autem
1387 1646 1507 1675 naturale
1529 1655 1567 1676 est
1581 1649 1689 1687 angelo-

947 1696 1008 1714 rum
1029 1685 1137 1714 omnino
1158 1692 1291 1725 separatos
1304 1695 1360 1713 esse
1375 1685 1410 1714 ab
1424 1696 1474 1714 usu
1486 1686 1618 1717 lihidinis.
1632 1689 1688 1725 Qui

947 1735 1011 1754 vero
1027 1725 1106 1754 unius
1126 1724 1249 1760 maseuli,
1262 1730 1310 1753 aut
1332 1725 1410 1753 unius
1430 1724 1534 1754 feminae
1553 1726 1612 1766 lege
1624 1737 1688 1756 con—

947 1771 1035 1793 tentus
1045 1771 1094 1800 est,
1105 1764 1219 1793 mediam
1231 1770 1301 1793 tenet
1312 1763 1503 1802 conditionem,
1513 1772 1538 1794 et
1546 1773 1585 1795 est
1593 1767 1685 1803 homo,

946 1803 975 1832 id
986 1810 1035 1840 est,
1048 1814 1134 1843 neque
1152 1803 1274 1844 angelus,
1289 1813 1374 1842 neque
1387 1804 1486 1833 animal
1501 1812 1550 1834 est.
1567 1806 1686 1845 Angelus

945 1842 1054 1881 quidem
1068 1853 1121 1872 non
1135 1850 1185 1879 est,
1200 1843 1264 1882 quia
1277 1853 1326 1872 nec
1338 1850 1378 1872 est
1392 1851 1529 1883 separatus
1540 1845 1574 1874 ab
1590 1856 1639 1874 usu
1653 1846 1686 1875 li-

944 1882 1045 1912 hidinis
1061 1894 1068 1911 z
1084 1883 1183 1912 animal
1198 1890 1287 1912 autem
1308 1892 1360 1911 non
1382 1890 1431 1919 est,
1446 1884 1510 1922 quia
1534 1885 1614 1914 unius
1628 1885 1685 1924 lege

944 1929 1083 1952 contentus
1093 1929 1141 1951 est.
1153 1922 1207 1959 Qui
1221 1929 1310 1951 autem
1321 1923 1429 1951 omnino
1443 1931 1579 1963 separatur
1590 1925 1684 1954 abusu

943 1961 1075 1998 libidinis,
1091 1961 1293 2001 supergreditur
1308 1968 1430 1991 naturam
1451 1963 1607 1999 humanam,
1624 1975 1684 2002 quae

910 2011 929 2034 1)
944 2001 1031 2030 media
1047 2008 1094 2037 est,
1110 2008 1136 2030 et
1157 2001 1192 2031 ad
1212 2001 1390 2030 conditionem
1410 2002 1503 2031 transit
1523 2003 1680 2042 angelicam.

944 2040 997 2070 Sed
1018 2051 1090 2070 nunc
1111 2040 1263 2078 videamus,
1279 2051 1331 2079 qua
1347 2041 1447 2071 ratione
1463 2041 1594 2077 diximus,
1610 2043 1683 2082 quod

943 2080 1030 2109 omnis
1042 2079 1153 2119 quidem
1174 2087 1248 2115 actus
1268 2080 1383 2110 carnalis
1400 2091 1468 2120 opus
1488 2089 1527 2110 est
1548 2082 1682 2117 animalis,

965 2119 1078 2159 raecipue
1098 2126 1186 2149 tamen
1199 2119 1293 2149 libido.
1306 2121 1357 2149 Per
1369 2131 1474 2150 omnem
1489 2128 1578 2150 actum
1588 2132 1679 2150 carna-

944 2130 996 2188 litm
1014 2159 1095 2188 homo
1115 2159 1278 2189 animalibus
1296 2159 1393 2188 similis
1415 2160 1559 2196 invenitur,
1569 2161 1682 2189 maxime

935 2205 1032 2232 ⁴autem
1045 2209 1093 2238 per
1107 2209 1186 2228 usum
1201 2198 1333 2235 libidinis,
1350 2199 1476 2237 quoniam
1488 2199 1607 2228 omnium
1620 2199 1681 2237 qui-

943 2237 1005 2267 dem
1018 2238 1165 2267 carnalium
1176 2249 1302 2268 sensuum
1314 2249 1382 2278 opus
1397 2249 1448 2266 non
1469 2239 1557 2267 solum
1575 2238 1608 2267 ad
1623 2248 1680 2266 ma-

944 2278 1001 2306 lum
1011 2277 1131 2316 prolicit,
1145 2277 1192 2307 sed
1202 2278 1282 2307 etiam
1295 2277 1330 2306 ad
1341 2278 1451 2306 bonum.
1463 2278 1511 2306 Est
1521 2277 1591 2306 enim
1604 2284 1629 2305 ct
1642 2287 1682 2305 se-

944 2316 1062 2346 cundum
1082 2319 1168 2346 Deum
1189 2317 1291 2352 videre,
1308 2323 1333 2345 et
1354 2316 1457 2351 andire,
1472 2323 1497 2344 ct
1516 2315 1634 2351 odorari,
1656 2323 1682 2345 et

945 2363 1063 2395 gustare,
1074 2363 1103 2386 et
1121 2364 1237 2396 tangere.
1253 2356 1497 2392 Quotienscumque
1516 2354 1586 2383 enim
1607 2355 1681 2394 aspi-

946 2396 1032 2425 cimus
1044 2396 1219 2425 multiformes
1229 2395 1329 2434 species
1344 2404 1444 2427 rerum,
1456 2392 1581 2422 audimus
1594 2394 1683 2423 varios

948 2446 1026 2464 sonos
1037 2446 1146 2471 vocum,
1155 2434 1296 2463 odoramus
1305 2433 1423 2461 diversas
1436 2431 1609 2470 fragrationes
1618 2432 1685 2463 odo*

949 2485 1021 2511 rum,
1030 2481 1166 2514 gustamus
1177 2472 1384 2501 innumerabiles
1394 2471 1536 2500 suavitates
1542 2478 1683 2539 5031011111,

970 2514 1090 2553 alpamus
1103 2513 1242 2551 qualitates
1262 2521 1351 2540 rerum
1365 2511 1526 2547 innumeras,
1562 2522 1576 2540 e
1595 2511 1684 2551 operi-

950 2525 1002 2583 lins
1016 2553 1137 2597 potentia*
1148 2559 1172 2580 ct
1183 2550 1315 2596 sapientia:
1330 2549 1379 2579 Dei
1391 2549 1583 2606 dijudicamus,
1600 2558 1629 2582 ut
1641 2562 1685 2583 co⁷

1502 2600 1546 2633 ³9·
