1904 2840
646 190 679 212 ΙΝ
708 189 917 213 ΜΑΤΤΗιΕυΜ.
945 191 1061 226 flotin„
1089 193 1181 217 xm'i.

171 253 229 292 jam
239 253 347 289 lassata,
361 262 377 282 a
410 251 530 291 reposito
541 260 590 280 suo
601 250 708 280 defecit.
725 251 795 289 Quoe
806 251 913 280 occidis
929 253 950 277 Α

191 292 374 330 tophetas‚et
421 291 508 330 pidas
519 300 568 319 eos
581 292 633 334 qui
648 292 805 319 mittuntur
814 290 856 319 ad
873 296 911 319 te.

172 303 244 361 ssfisi
253 330 288 360 ad
296 337 321 359 te
331 330 449 366 Esaiam,
455 337 480 359 ct
489 337 596 359 serrasti
605 340 667 358 eum
679 342 685 359 ι
697 329 756 359 misi
765 328 800 359 ad
809 336 834 359 te
842 330 914 359 Jere-

174 371 268 407 miam,
283 377 309 399 et
320 370 447 410 lapidasti
456 380 518 399 eum
535 382 541 398 :
555 369 617 400 misi
631 368 807 405 Ezechielem,
821 375 847 398 et
860 375 913 398 tra-

173 417 247 441 ctum
263 420 345 450 super
368 409 471 450 lapides
484 410 660 439 excerebrasti
684 419 757 438 eum.
771 407 914 446 Quomodo

173 449 320 486 sanaberis,
333 460 393 489 qua:
404 450 509 479 nullum
522 449 557 478 ad
567 456 593 478 te
606 448 740 478 medicum
753 448 845 479 venire
855 458 914 487 per-

174 489 279 519 mittis?
291 489 427 528 quomodo
440 489 539 519 curabo
559 488 740 518 infirmitatem
753 494 839 532 tuam,
853 497 912 526 quae

173 539 280 560 omnem
295 528 454 558 medicinam
478 527 638 558 conculcas?
654 527 759 558 Sanctis
779 537 846 557 meis
859 536 913 557 non

173 569 292 609 peperci,
305 576 335 598 ut
349 568 398 598 tibi
411 579 547 609 parcerem
570 566 719 608 peccatrici.
739 566 853 596 lllorum
868 566 910 596 vi-

172 615 226 638 tam
251 608 370 648 neglexi,
383 619 417 638 ne
441 615 516 638 tuam
534 614 647 637 mortem
666 605 796 637 viderem.
812 607 912 636 Omnes

172 648 272 678 medici
284 648 438 688 spirituales
463 648 493 677 in
516 655 542 678 te
564 646 725 682 defecerunt,
737 652 764 675 et
777 652 808 675 tu
819 652 911 690 curata

162 683 223 717 ⁴non
245 699 281 717 es.
294 688 454 718 Insanabilis
474 694 513 717 est
531 687 620 727 passio
635 685 771 730 tua5vicit
783 695 854 714 enim
865 696 910 730 ar-

171 734 224 756 tem
237 727 369 758 divinam.
397 728 427 758 Si
452 726 488 757 de
518 733 602 756 morte
631 732 676 755 tua
707 735 814 764 gavisus
841 725 911 769 fiiis-

171 777 227 796 sem
240 789 248 803 ,
262 777 410 806 numquam
423 766 457 796 ad
471 774 497 796 te
519 765 651 797 misissem
674 764 828 805 prophetas.
844 765 872 809 ξι
886 771 912 793 te

170 806 283 846 perdere
305 807 452 838 voluissem
469 829 477 843 ,
506 815 654 844 numquam
677 804 712 833 ad
737 811 763 833 te
786 814 835 848 ego
855 814 912 848 ipse

170 846 313 877 venissem.
328 847 388 886 Ego
408 846 458 876 tibi
481 845 548 885 quid
565 844 677 881 faciam,
692 843 715 873 si
740 850 770 876 tu
792 854 849 883 ipsa
869 854 913 873 vi-
927 847 946 870 B

171 895 234 915 vere
245 896 298 915 non
313 887 375 916 vis?
393 887 512 925 Quoties
534 884 619 914 volui
637 893 812 923 congregare
825 883 912 922 filios

172 931 252 962 tuos,
268 927 343 955 sicut
368 926 484 966 gallina
497 935 552 955 con
603 931 652 964 gat
663 924 765 968 pullos⁸
786 932 868 959 suos,
883 929 912 968 et

172 965 315 995 noluisti?
339 966 408 995 Cum
434 972 459 995 te
487 964 516 994 in
580 970 663 1004 gypto
690 973 766 1002 quasi
798 973 910 1007 sangui-

171 1005 263 1034 narius
282 1005 409 1045 accipiter
428 1004 636 1044 persequebatur
656 1003 776 1039 Pharao,
791 1013 911 1047 ¹¹²¹⁵¹.⁵¹!’

171 1053 220 1083 per
243 1051 270 1074 te
294 1047 397 1074 Mosem
422 1051 448 1073 et
474 1046 573 1080 Aaron,
589 1043 666 1082 quasi
689 1041 756 1071 duas
779 1042 912 1071 mollissi-

170 1093 227 1112 mas
249 1094 349 1124 pennas
370 1083 560 1113 misericordiae
585 1093 660 1119 meae,
673 1088 698 1111 et
721 1081 848 1111 liberatos
862 1092 911 1111 vos

74 1143 80 1150 -
127 1146 134 1153 .
169 1122 204 1152 de
219 1124 354 1163 unguibus
371 1124 431 1164 ejus
459 1123 538 1164 rapui
563 1122 591 1152 in
614 1121 768 1157 desertum,
783 1127 809 1150 et
821 1120 910 1150 nolui-

170 1163 217 1192 stis
240 1163 316 1202 sequi
330 1174 384 1200 me,
396 1163 520 1192 facientes
543 1162 622 1192 vobis
634 1161 752 1191 vitulum
765 1161 793 1190 in
808 1161 908 1206 Horeb,

170 1209 200 1231 ut
213 1203 348 1233 serviretis
368 1203 459 1243 potius
472 1202 546 1232 idolo
569 1208 685 1237 mortuo,
700 1211 780 1239 quam
794 1202 852 1230 Deo
866 1211 909 1230 vi-

169 1242 254 1272 venti.
272 1243 411 1281 Quotiens
436 1242 518 1272 volui'
534 1251 709 1281 congregare
727 1241 809 1279 filios
828 1247 907 1278 tuos,

169 1283 244 1317 sicut
255 1283 370 1322 gallina
380 1282 477 1322 pullos
491 1291 567 1317 suos,
577 1287 606 1310 et
619 1281 758 1310 noluisti?
768 1282 907 1318 Pei-curre,

166 1321 191 1350 si
206 1322 263 1358 vis,
278 1322 408 1352 Judicum
421 1321 537 1358 librum,
551 1319 673 1360 quotiens
694 1326 870 1364 peccaverunt
883 1326 909 1349 et

168 1360 282 1391 tradidit
292 1361 353 1392 illos
363 1364 447 1398 Deus,
457 1368 481 1390 et
495 1361 591 1390 iteruin
603 1359 746 1390 liberavit?
757 1359 906 1396 Gallinam,

167 1400 294 1430 Eccloeiae
317 1402 393 1441 ponit
412 1399 630 1431 similitudinem.
645 1399 722 1430 Sicut
744 1399 814 1429 enim
836 1399 908 1443 pulli

165 1439 327 1478 gallinarum
350 1448 455 1482 pastum
477 1450 557 1470 suum
579 1445 741 1477 quaerentes,
757 1449 804 1478 per
817 1438 907 1468 diver·
923 1451 941 1474 c

166 1489 197 1508 sa
219 1487 362 1519 vagantur,
384 1487 411 1510 et
428 1479 555 1510 maternis
577 1479 688 1509 vocibus
712 1485 908 1546 congredgantur

166 1518 202 1548 ad
215 1519 312 1559 ipsam,
331 1527 357 1550 et
377 1520 474 1550 iterum
496 1518 621 1549 similiter
645 1525 780 1558 pascentes
822 1517 906 1556 isper-

166 1566 311 1597 guntur-,et
320 1559 417 1591 iterum
431 1558 557 1589 maternis
570 1558 682 1588 vocibus
693 1563 904 1596 congregantur:

166 1597 205 1627 sic
217 1605 243 1628 et
255 1599 375 1639 populus
387 1600 438 1638 Dei
445 1610 454 1637 ;
463 1598 597 1631 carnalem
610 1597 772 1636 voluptatem
787 1602 813 1640 et
826 1606 904 1625 inun-

164 1636 265 1667 dialem
285 1638 527 1679 concupiscentiam
550 1643 699 1675 sequentes,
715 1646 762 1675 per
785 1634 905 1665 diversos

165 1684 297 1716 vagantur
309 1689 422 1715 eri-ores,
439 1689 506 1717 quos
528 1677 648 1706 Ecclesia
661 1682 744 1704 mater
757 1686 805 1715 pei·
816 1685 904 1719 sacer-

165 1715 251 1754 dotes,
263 1717 342 1747 modo
359 1716 595 1758 increpationibus,
608 1715 687 1745 modo
700 1713 901 1751 blandimentis,

184 1757 241 1787 nasi
255 1757 417 1796 quibusdam
437 1757 547 1787 vocibus
567 1766 616 1786 con
638 1765 727 1794 regare
740 1761 766 1783 et
780 1753 904 1783 allectare

162 1766 278 1828 {sunau
291 1797 326 1828 Et
339 1796 567 1835 quemadmodum
578 1795 622 1834 gal
635 1795 679 1823 ina
690 1794 789 1822 habens
799 1792 900 1833 pullos,

162 1836 284 1866 vocando
305 1836 367 1866 illos
392 1846 444 1865 non
469 1842 563 1872 cessat,
576 1841 608 1863 ut
626 1832 809 1877 assidua-voce
820 1843 902 1871 vago-

162 1875 266 1905 sitatem
285 1876 400 1914 corrigat
419 1875 557 1916 pullorum
577 1883 706 1904 suorum:
720 1883 758 1901 sic
771 1878 796 1901 et
816 1882 902 1916 sacer-

162 1913 238 1944 dotes
250 1916 277 1944 in
291 1915 412 1945 doctrina
427 1925 528 1944 cessare
541 1924 593 1942 non
608 1912 716 1946 debent,
732 1918 761 1941 ut
774 1910 863 1956 studio
875 1918 902 1941 et

163 1953 318 1983 assiduitate
330 1954 514 1984 doctrinarum
527 1963 636 1982 suarum
647 1951 836 1990 negligentiam
850 1961 899 1994 po-

183 1993 221 2022 uli
232 1994 345 2023 errantis
358 1993 507 2023 emendent.
516 1993 552 2023 Ei
564 1990 790 2035 quemadmodum
792 1990 900 2059 (Ῐχειῌιιιᾶ

197 2033 263 2062 bens
274 2033 375 2073 pullos,
387 2043 439 2062 non
449 2032 537 2062 solum
549 2042 611 2061 suos
623 2030 754 2067 calefacit,
764 2040 791 2059 se
820 2036 900 2074 etiam
917 2039 933 2061 n

161 2073 354 2112 cujuscumque
379 2072 496 2103 volatilis
516 2071 587 2100 filios
605 2070 728 2099 exclusos
741 2081 755 2098 a
770 2080 797 2098 se
809 2069 900 2114 diligit

161 2114 237 2150 quasi
250 2123 312 2142 suos
326 2125 333 2142 :
350 2112 385 2141 ita
398 2119 424 2141 et
438 2111 557 2142 Ecclesia
570 2120 623 2140 non
645 2109 732 2139 solum
746 2119 808 2138 suos
821 2109 900 2153 Chri-

161 2151 260 2181 stianos
268 2151 356 2181 studet
365 2162 473 2187 vocare,
481 2150 528 2180 sed
537 2151 594 2180 sive
604 2149 726 2189 gentiles,
734 2149 790 2178 sive
797 2149 815 2179 J
817 2148 897 2192 ndei,

161 2189 184 2219 si
194 2191 325 2230 suppositi
336 2191 377 2220 illi
389 2190 500 2225 snei-ini,
512 2200 603 2219 omnes
615 2189 678 2218 fidei
692 2200 747 2218 sum
756 2187 844 2217 calore
855 2198 898 2232 vj·

161 2229 262 2266 vificat,
268 2237 293 2259 et
303 2231 328 2259 in
339 2229 472 2269 baptismo
482 2235 596 2267 generat,
602 2235 628 2257 et
637 2229 663 2257 in
675 2237 796 2270 sermone
803 2233 898 2271 nutrit,

161 2275 186 2298 et
195 2276 311 2299 materna
318 2268 408 2308 diligit
415 2268 574 2297 caritatem
579 2274 666 2296 autem
675 2274 701 2296 et
707 2267 837 2296 haereucis
844 2266 900 2295 haec

159 2308 252 2338 eadem
271 2315 435 2348 coaptemus,
448 2307 595 2336 Jerusalem
614 2307 659 2335 hic
675 2316 779 2345 semper
804 2305 898 2335 Eccle-

159 2347 226 2377 siam
241 2348 371 2386 intellige,
379 2357 438 2385 quae
446 2346 545 2375 dicitur
556 2345 650 2375 civitas
662 2345 745 2389 pacis,
753 2344 830 2383 cujus
839 2345 898 2373 fun-

159 2387 283 2417 damenta
303 2387 388 2427 posita
404 2392 466 2415 sunt
474 2395 555 2425 super
570 2391 671 2414 montes
684 2385 895 2428 Scripturaruui.

159 2426 236 2456 Sicut
246 2437 309 2466 ergo
323 2426 363 2455 illi
376 2427 393 2456 J
395 2425 475 2459 udaei,
489 2425 536 2463 qui
548 2425 652 2453 fuerant
662 2423 808 2466 Jerusalem
817 2433 897 2461 spiri-

160 2465 258 2502 tualis,
271 2466 381 2505 ingressi
402 2463 572 2494 crediderunt
587 2463 614 2492 in
632 2462 782 2498 Christum,
792 2461 834 2490 illi
848 2473 897 2507 au-

160 2510 227 2541 tem,
241 2506 287 2543 qui
300 2512 373 2534 erant
387 2504 534 2534 Jerusalem
549 2502 706 2542 corporalis,
719 2508 854 2530 manentes
868 2512 895 2530 in

159 2543 292 2583 corporali
303 2545 320 2574 J
323 2544 548 2583 uda'i'smmperseq
553 2542 682 2570 uebaniur
692 2541 863 2586 spiritualesJ
868 2552 896 2570 u-

159 2582 239 2620 daeos,
247 2583 274 2612 id
282 2590 330 2620 est,
338 2582 480 2622 apostolos,
486 2589 646 2619 caeterosquc
653 2591 685 2610 ex
695 2580 895 2609 circumcisione

1635 193 1704 240 937

965 251 1101 297 credentes
1109 265 1118 283 .·
1128 254 1166 284 sic
1179 262 1204 285 et
1219 255 1252 286 de
1261 257 1310 288 ista
1322 268 1390 289 nova
1399 260 1560 300 Jerusalem,
1571 262 1601 293 id
1612 271 1661 302 est,
1672 265 1707 295 de

967 290 1085 320 Ecclesia
1095 315 1102 328 ,
1117 294 1164 332 qui
1177 295 1328 334 spirituales
1342 298 1487 330 Christiani
1502 301 1621 339 fuerunt,
1637 305 1706 334 reli-

967 336 1009 374 cta
1022 332 1162 377 corporali
1170 334 1298 372 Ecclesia,
1309 347 1389 375 quam
1403 339 1499 378 perfidi
1510 351 1705 387 occupaverant

967 370 1105 407 violentia,
1120 381 1242 403 exierunt
1253 375 1286 404 ab
1298 376 1366 407 illis.
1379 379 1466 418 Magis
1477 387 1565 410 autem
1579 381 1621 412 illi
1634 383 1704 413 exie-

967 417 1030 438 runt
1041 421 1056 439 a
1068 411 1155 448 nobis,
1167 413 1235 443 sicut
1247 415 1360 446 Joannes
1374 418 1557 457 exponit.Non
1571 422 1641 451 enim
1655 422 1702 453 ille
1716 436 1735 451 ι.
1747 430 1817 454 Juan.
1830 439 1852 454 2.

967 447 1001 477 de
1021 449 1140 480 Ecclesia
1162 454 1236 483 exire
1248 453 1366 492 videtur,
1380 458 1428 495 qui
1449 460 1621 499 corporaliter
1634 462 1699 500 exit,
1714 467 1750 490 ¹9·

966 487 1014 517 sed
1024 490 1071 528 qui
1084 490 1393 559 spiritualitcrssveritatis
1412 497 1592 529 ecclesiasticae
1603 501 1701 531 sunda·
1747 492 1814 544 {3¹⁵ss
1825 493 1853 530 ‘l‘’

966 535 1053 558 menta
1067 540 1095 558 re
1107 530 1204 569 inquit.
1218 533 1274 562 Nos
1293 534 1364 564 enim
1379 535 1414 564 ab
1428 536 1483 565 illis
1496 538 1629 570 exivimus
1642 551 1700 570 eor-
1719 531 1852 581 Quadis?-

964 577 1040 606 pore,
1055 568 1097 599 illi
1111 576 1199 601 autem
1212 582 1228 605 a
1241 571 1317 601 nobis
1331 574 1430 604 animo.
1446 577 1502 605 Nos
1514 578 1548 606 ab
1568 578 1623 608 illis
1643 581 1699 610 exi-

964 606 1053 636 vimus
1077 608 1147 646 loco,
1161 609 1203 638 illi
1227 622 1244 640 a
1267 611 1344 642 nobis
1370 613 1433 643 fide.
1459 616 1514 644 Nos
1541 618 1613 656 apud
1639 619 1701 650 illos

965 645 1125 684 reliquimus
1147 649 1319 680 fundamenta
1340 651 1482 691 parietum,
1497 655 1538 685 illi
1561 657 1633 696 apud
1654 669 1701 689 nos

963 685 1129 724 reliquerunt
1139 688 1309 719 fundamenta
1317 691 1528 731 Scripturarum.
1538 697 1593 725 Nos
1601 697 1634 725 ab
1645 698 1701 728 illis

964 726 1061 764 egressi
1076 737 1169 757 sumus
1181 728 1327 759 secundum
1344 738 1479 770 aspectum
1492 733 1643 772 hominum,
1658 737 1701 767 illi

963 771 1052 794 autem
1063 776 1077 795 a
1091 766 1168 796 nobis
1189 768 1334 798 secundum
1356 770 1490 811 judicium
1513 774 1574 803 Dei.
1589 775 1652 804 Ideo
1675 784 1701 812 et

964 803 1006 832 illi
1032 815 1078 834 coi·
1097 806 1183 836 orales
1209 807 1355 839 Christiani
1379 820 1574 850 persequuntur
1597 822 1701 845 nosti-os

963 843 1075 883 spiritua
1088 856 1116 875 es
1125 869 1132 883 ‚
1157 846 1245 886 specie
1270 848 1384 878 colorata
1393 872 1401 886 ‚
1426 851 1553 882 varietate
1578 853 1699 885 fundata.

966 884 1108 924 Propterea
1123 896 1182 925 quae
1193 887 1318 927 superius
1337 890 1468 919 Dominus
1478 901 1701 924 commemorave-

963 929 1014 960 rat,
1028 923 1063 954 ad
1076 924 1151 954 illam
1165 926 1314 956 Jerusalem
1326 930 1493 968 corporalem
1506 931 1576 961 dicta
1589 943 1644 962 esse
1657 934 1699 963 vi-

963 961 1062 992 dentur
1079 977 1085 992 :
1103 966 1286 1002 Jerusalem,
1309 968 1485 1005 Jerusalem,
1508 982 1573 1011 quoe
1594 974 1701 1003 occidis

961 1003 1127 1041 prophetas,
1141 1013 1171 1033 et
1182 1004 1298 1045 lapidas
1311 1017 1359 1036 eos
1374 1009 1427 1048 qui
1438 1009 1479 1038 ad
1492 1016 1519 1039 te
1533 1013 1696 1043 mittuntur.

963 1042 1022 1072 Non
1037 1042 1118 1080 dixit,
1134 1046 1201 1081 Quae
1222 1045 1342 1075 occidisti
1355 1054 1381 1076 et
1395 1047 1520 1087 lapidasti
1530 1054 1540 1079 ‘z
1552 1050 1610 1087 sed,
1629 1053 1699 1090 Quae

963 1083 1070 1111 occidis
1083 1089 1111 1112 et
1134 1084 1249 1124 lapidas
1262 1097 1269 1113 ε
1282 1085 1311 1114 i'd
1330 1093 1380 1122 est,
1394 1088 1461 1124 Quae
1482 1088 1697 1130 hocpropritiin,

962 1128 988 1150 et
1010 1122 1085 1161 quasi
1108 1124 1255 1153 naturalem
1277 1126 1495 1157 consuetudinem
1509 1129 1602 1166 habes,
1618 1137 1647 1160 ut
1658 1142 1699 1161 oc-

963 1161 1038 1191 cidas
1049 1169 1074 1191 et
1088 1162 1191 1203 lapides
1204 1171 1318 1194 sanctos.
1331 1166 1391 1194 Non
1404 1167 1474 1196 enim
1487 1168 1584 1198 occidit
1596 1177 1642 1199 aut
1658 1170 1699 1200 la-

963 1201 1067 1240 pidavit
1087 1210 1190 1232 sanctos
1211 1210 1271 1233 ante
1289 1204 1439 1241 Christum,
1451 1213 1477 1236 et
1490 1209 1601 1238 cessavit
1614 1209 1701 1239 facere

961 1247 1021 1280 post
1035 1241 1172 1271 Christum
1182 1253 1242 1281 quae
1256 1243 1319 1274 fecit
1328 1244 1472 1284 aliquando
1487 1248 1637 1287 prophetis,
1652 1249 1699 1278 sed

961 1280 1054 1310 eadem
1076 1281 1134 1321 ipsa
1157 1282 1220 1311 facit
1240 1283 1378 1323 apostolis,
1394 1295 1454 1324 qua}
1472 1286 1533 1317 fecit
1554 1287 1699 1326 aliquando

960 1319 1109 1361 prophetis.
1122 1321 1168 1351 Sic
1180 1328 1206 1351 et
1217 1321 1400 1353 haereticorum
1413 1325 1532 1355 Ecclesia
1545 1336 1597 1356 non
1611 1327 1698 1357 solum

961 1367 1119 1399 persequuta
1132 1368 1171 1390 est
1182 1368 1269 1400 patres
1280 1369 1393 1400 nostros,
1406 1370 1431 1392 et
1442 1366 1566 1404 persequi
1572 1365 1628 1405 jani
1640 1378 1697 1396 ces-

959 1399 1029 1428 savit
1044 1412 1050 1429 :
1067 1399 1114 1429 sed
1133 1400 1225 1430 eadem
1239 1401 1291 1430 filii
1309 1412 1401 1432 eorum
1416 1403 1517 1438 faciunt
1536 1405 1624 1441 nobis,
1638 1417 1696 1445 quae

960 1438 1081 1478 patribus
1095 1440 1192 1469 nostris
1200 1440 1317 1470 feceruut
1330 1449 1417 1480 patres
1430 1453 1533 1472 eorum.
1550 1444 1696 1476 Mittuntur
1705 1458 1775 1475 cxcvi

959 1477 1030 1506 enini
1041 1478 1074 1507 ad
1086 1478 1148 1508 illos
1157 1479 1210 1508 viri
1221 1479 1324 1515 fideles,
1335 1482 1570 1521 quotienscumque
1581 1484 1651 1513 iuter
1662 1485 1695 1514 il-

959 1516 999 1545 los
1010 1524 1036 1546 et
1046 1517 1139 1547 fideles
1160 1525 1290 1547 certamen
1303 1519 1367 1548 fidei
1386 1529 1568 1551 commovetur
1577 1544 1585 1559 ‚
1598 1533 1650 1553 non
1661 1535 1695 1554 ex

958 1555 1085 1585 ebrietate
1098 1557 1167 1592 vini,
1176 1557 1245 1586 sicut
1259 1557 1317 1587 fieri
1339 1559 1407 1588 solet
1422 1560 1581 1599 frequenter,
1594 1563 1640 1592 sed
1661 1574 1695 1593 cx

958 1595 1047 1634 aliqua
1061 1606 1139 1625 causa
1159 1596 1207 1625 reli
1228 1596 1307 1626 ionis.
1323 1598 1472 1628 Mittuntur
1484 1599 1518 1629 ad
1537 1601 1611 1637 illos,
1626 1602 1696 1632 sicut

957 1634 1129 1665 mittebantur
1142 1607 1277 1675 prophetae
1295 1643 1320 1666 et
1333 1638 1447 1676 apostoli
1460 1638 1494 1667 ad
1507 1640 1525 1669 J
1528 1639 1626 1678 udaeos,
1642 1652 1694 1671 non

956 1673 991 1702 ad
1001 1674 1114 1704 salutem
1125 1685 1235 1710 eorum3
1249 1675 1408 1706 insanabiles
1423 1677 1493 1707 enim
1506 1686 1568 1708 sunt
1581 1692 1588 1708 :
1601 1681 1648 1710 sed
1658 1682 1693 1711 ad

954 1713 1142 1752 praejudicium
1165 1715 1295 1754 ipsorum,
1309 1723 1339 1745 ut
1355 1717 1412 1746 sine
1429 1719 1597 1748 excusatione
1614 1720 1690 1758 igno-

954 1753 1046 1782 rantiae
1053 1752 1219 1794 judicentur.
1231 1754 1298 1784 Item
1309 1755 1395 1785 aliter.
1406 1757 1528 1786 Haeretici
1538 1769 1586 1798 pro
1597 1759 1690 1796 metas,

954 1798 980 1821 et
993 1792 1137 1831 apostolos,
1152 1800 1178 1822 et
1192 1801 1320 1834 martyres
1333 1795 1468 1833 occidunt,
1481 1797 1527 1835 qui
1540 1769 1618 1828 modo
1630 1806 1692 1828 suut

953 1831 1027 1871 apud
1049 1842 1097 1862 nos
1108 1843 1116 1860 ι
1127 1833 1184 1862 sine
1207 1832 1291 1863 dubio
1305 1834 1429 1864 occidunt
1440 1835 1468 1864 in
1481 1837 1571 1866 verbis
1584 1838 1650 1875 suis,
1665 1846 1690 1867 et

952 1870 1066 1905 actibus.
1081 1872 1211 1909 Quotiens
1230 1873 1302 1902 enim
1322 1873 1448 1913 leguntur
1458 1875 1484 1904 in
1499 1875 1626 1906 Eoelesiis
1639 1888 1688 1907 no-

952 1909 1014 1940 stris
1032 1911 1112 1941 verba
1133 1918 1160 1941 et
1169 1918 1227 1942 acta
1246 1912 1441 1957 prophetarum
1453 1921 1479 1943 et
1495 1916 1687 1954 apostolurum,

953 1950 1090 1990 prophetat
1101 1957 1127 1980 et
1140 1951 1254 1991 apostoli
1268 1952 1342 1981 missi
1354 1953 1528 1983 nihilominus
1540 1955 1690 1994 loquuntur

950 1988 986 2018 ad
1009 2000 1067 2026 iios,
1079 2000 1146 2029 quos
1165 2001 1256 2020 omnes
1272 1992 1366 2024 missos
1385 1991 1421 2021 ad
1439 2003 1466 2022 se
1487 1994 1604 2024 haeretici
1621 1995 1687 2024 dum

950 2027 1042 2070 legunt
1052 2036 1077 2059 et
1087 2029 1157 2059 male
1168 2029 1386 2070 interpretantur,
1398 2032 1522 2062 occidunt
1532 2041 1558 2062 et
1568 2034 1687 2074 lapidant

950 2081 1006 2100 eos.
1019 2070 1058 2099 Ut
1067 2075 1155 2099 autem
1168 2070 1304 2100 manifeste
1316 2081 1467 2109 cognoscas,
1481 2074 1615 2111 quomodo
1627 2085 1686 2113 pro—

951 2110 1036 2150 phetae
1050 2115 1075 2138 et
1089 2109 1204 2148 apostoli
1223 2109 1257 2139 ab
1282 2110 1412 2140 haereticis
1430 2112 1589 2142 occiduntur
1607 2120 1634 2142 et
1647 2113 1685 2142 la-

950 2149 1078 2188 pidantur
1101 2160 1107 2176 :
1131 2148 1248 2187 primum
1263 2149 1381 2189 intellige
1393 2172 1401 2186 ‚
1416 2151 1550 2189 quomodo
1569 2152 1685 2182 nascitur

950 2188 1072 2218 Christus
1086 2187 1113 2216 in
1126 2187 1214 2221 nohis.
1225 2195 1251 2217 et
1263 2189 1398 2227 quomodo
1412 2190 1552 2220 occiditur.
1569 2190 1683 2227 Quando

1723 590 1766 607 tur.

928 2226 930 2228 ’
950 2228 1022 2257 enim
1031 2226 1165 2256 eredimus
1177 2222 1209 2256 in
1220 2228 1367 2264 Christum,
1382 2229 1521 2258 Christum
1531 2240 1684 2268 generamus

950 2274 976 2296 et
987 2268 1132 2297 formamus
1147 2266 1175 2297 in
1182 2266 1270 2303 nobis,
1283 2267 1352 2296 sicut
1363 2267 1468 2297 dicebat
1481 2269 1615 2306 apostolus
1627 2269 1683 2297 Ga-

950 2305 1011 2336 latis
1027 2318 1033 2334 :
1051 2306 1154 2335 Filioli
1168 2308 1233 2342 mei,
1245 2316 1316 2345 quos
1327 2308 1429 2335 ilerum
1438 2309 1578 2344 parturio,
1591 2308 1683 2336 donec
1695 2309 1748 2330 Gul-
1758 2309 1780 2337 4-
1794 2315 1829 2338 ¹9-

942 2345 1092 2386 formetur
1114 2346 1245 2375 Christus
1267 2347 1299 2374 in
1320 2347 1414 2374 vobis.
1437 2347 1632 2383 Consequenter
1655 2354 1681 2376 et

950 2384 1058 2423 quando
1069 2384 1207 2424 perdimus
1220 2384 1300 2414 fidem
1310 2384 1420 2418 Christi,
1433 2383 1568 2412 Christum
1582 2385 1681 2414 oceidi-

949 2434 1009 2453 mus
1030 2424 1056 2453 in
1076 2424 1164 2459 nobis,
1177 2424 1245 2453 sicut
1262 2430 1287 2452 et
1306 2423 1441 2462 prophetae
1454 2422 1526 2461 apud
1543 2423 1681 2454 haereticos

948 2463 1115 2492 occiduntur.
1131 2461 1245 2499 Quando
1257 2462 1328 2490 enim
1341 2461 1422 2490 fidem
1437 2467 1462 2489 et
1476 2462 1613 2491 veritatem
1622 2474 1681 2492 vcr-

948 2502 1044 2531 borum
1062 2512 1155 2531 eorum
1176 2511 1257 2540 prava
1276 2501 1343 2528 inter
1362 2500 1488 2529 retatione
1511 2501 1680 2536 subvertunt,

948 2552 997 2581 pro
1006 2542 1091 2570 ihctas
1101 2547 1126 2570 et
1138 2539 1270 2579 apostolos
1281 2539 1336 2568 occi
1358 2545 1405 2568 unt
1415 2538 1441 2567 in
1458 2550 1495 2568 se.
1510 2540 1598 2579 Ipsius
1611 2542 1682 2570 enini

948 2553 1022 2610 vei-lii
1041 2580 1115 2618 quasi
1130 2578 1237 2617 sanguis
1250 2577 1346 2607 veritas
1359 2584 1408 2615 est,
1423 2589 1481 2617 qua:
1496 2579 1614 2609 vivificat
1623 2591 1683 2610 vcr-
