1890 2826
153 896 188 916 ³¹4

195 158 264 194 568

544 167 573 190 S.
600 163 949 189 JOANNISCHRYSOST.
978 163 1132 186 AuemEP.
1161 162 1431 185 CONSTANTINOP-

193 230 317 261 omnibus
326 228 507 264 historicis‚in
521 226 710 263 Pentateucho,
718 226 747 255 in
761 224 840 255 libris
850 226 968 264 Regum,
977 230 1004 253 et
1017 224 1044 254 in
1056 224 1208 264 Prophetis,
1219 230 1274 253 toto
1286 223 1351 253 caelo
1364 223 1455 252 differt
1469 222 1503 252 ab
1517 222 1566 252 hac
1581 229 1671 251 nostra
1685 222 1759 262 Syn·-

193 278 263 318 opsi,
278 287 326 306 nec
340 283 379 306 est
392 275 456 304 huic
470 273 662 313 comparanda,
675 279 705 302 ut
721 272 812 311 quivis
829 271 918 301 statim
935 270 1089 311 perspiciat.
1113 271 1144 300 In
1159 270 1238 299 libris
1257 281 1320 301 vero
1341 269 1503 305 Salomonis,
1514 269 1542 298 in
1556 268 1692 309 Sapientia
1702 292 1709 305 ‚
1730 269 1759 298 in

193 322 325 359 Siracide,
340 320 449 356 Esther,
460 319 558 355 Tobia,
571 318 681 355 Judith,
694 317 790 347 eadem
809 317 866 357 ipsa
880 323 919 346 est
933 327 941 345 ε
957 326 1128 355 augurorque
1141 315 1221 345 illum
1243 316 1378 356 Synopses
1398 315 1532 345 librorum
1550 314 1708 354 hujusmodi
1725 325 1759 344 ex

193 375 283 398 nostra
294 366 411 408 Synopsi
429 372 581 395 mutuatum
600 375 668 394 esse.
680 365 750 394 Nam
765 363 840 393 illius
854 364 1006 403 Synopseos
1019 362 1187 401 scriptorem,
1199 369 1295 392 nostrae
1306 363 1458 402 Synopseos
1475 368 1584 391 auctore
1599 368 1673 391 aetate
1682 361 1760 401 longe

194 413 345 443 inferiorem
356 422 412 441 esse
423 421 475 439 non
488 409 593 447 dubito,
606 420 655 439 nec
663 408 799 438 dubitabit
813 415 879 449 puto
889 408 1041 447 quisquam.
1052 409 1185 438 Caeterum
1194 407 1259 437 libri
1273 407 1387 438 Levitici
1401 407 1542 448 Synopsis,
1557 408 1653 447 quaein
1664 407 1759 437 Coisli-

194 460 273 490 niano
287 458 385 489 Codice
405 457 584 494 desideratur,
593 467 727 496 quamque
745 466 780 485 ex
793 455 919 486 Batavico
933 454 1109 494 Lugdunensi
1128 454 1319 493 desumsimus,
1336 465 1400 484 cum
1412 454 1531 494 Synopsi
1549 454 1599 483 illa
1611 453 1757 483 Athanasio

195 507 327 546 adscripta
338 528 347 542 ,
367 505 440 544 quod
460 504 496 534 ad
515 514 640 545 magnam
658 504 752 534 saltem
773 503 817 533 sui
834 509 938 543 partem
950 525 958 539 ‚
984 502 1132 539 consentit,
1150 502 1228 541 quod
1244 513 1302 542 qua
1317 502 1419 532 ratione
1441 501 1601 542 contigerit,
1625 511 1678 531 non
1695 500 1759 530 satis

196 553 326 595 percipio.

234 598 389 630 Putaverim
407 604 496 627 autem
513 596 735 637 Chrysostomum
753 596 806 625 hoe
826 595 919 636 operis
932 595 1082 625 Antiochiae
1103 594 1276 624 adornavisse
1297 594 1407 624 sortasse
1425 601 1568 633 antequam
1587 593 1767 624 concionandi-

196 657 304 688 operam
319 646 475 685 susciperet,
489 650 518 674 ut
537 644 588 675 hoc
605 645 670 674 satis
691 644 782 684 amplo
797 643 956 683 compendio
970 642 1006 672 ad
1018 642 1094 672 verbi
1105 641 1157 671 Dei
1169 641 1386 682 praedicationem
1406 648 1540 679 uteretur,
1551 648 1577 670 et
1597 640 1633 670 ad
1651 651 1762 670 manum

196 693 305 722 haberet
317 691 388 721 unde
400 690 558 721 concionum
567 697 724 731 argumenta
734 696 913 719 mutuaretur.

313 887 467 918 SANCTI
494 886 643 917 PATRIS
669 885 827 916 NOSTRI

380 989 765 1053 JOANNIS

457 1127 693 1147 CERYSOSTOMI

483 1215 657 1246 SYNOPSIS

200 1306 311 1334 Veteris
330 1310 359 1333 et
373 1303 452 1333 Novi
470 1303 658 1339 Testamenti,
677 1303 763 1341 quasi
783 1306 940 1333 commoni-

485 1351 553 1379 torii
568 1358 656 1378 more.

415 1453 593 1472 consmzcws
613 1452 713 1471 opums
718 1464 722 1469 .

237 1538 348 1568 Novum
360 1537 561 1567 Testamentum
579 1535 680 1564 dicitur
692 1542 744 1565 eta
758 1542 876 1576 tempore
889 1542 915 1565 et
927 1547 941 1565 a

198 1590 291 1612 natura
305 1593 397 1612 rerum
414 1593 482 1621 quas
498 1582 695 1622 complectitur,
712 1582 839 1621 quoniam
853 1583 944 1611 omnia

195 1637 322 1661 renovata
347 1636 425 1664 sunt,
451 1629 594 1669 primoque
617 1629 709 1666 homo,
733 1636 842 1669 propter
863 1640 943 1668 quem

194 1676 284 1705 omnia
299 1682 362 1705 sunt
378 1675 495 1705 condita.
511 1676 552 1705 Ne
569 1675 630 1713 quis
648 1681 737 1704 autem
755 1674 845 1705 dicat:
861 1677 943 1714 Atqui

194 1722 290 1751 caelum
299 1721 372 1751 idem
384 1729 435 1759 est,
450 1728 520 1750 terra
528 1720 631 1757 eadem,
644 1728 670 1750 et
682 1721 762 1750 homo
771 1731 890 1760 quoque,
902 1731 944 1750 res

194 1769 318 1798 omnium
330 1768 500 1808 dignissima3
515 1778 584 1798 nova
596 1767 642 1796 lex
654 1767 717 1796 data
731 1774 783 1805 est,
798 1778 867 1797 nova
878 1778 944 1808 prae-

193 1822 281 1855 cepta,
302 1825 371 1845 nova
393 1814 478 1853 gratia
496 1825 545 1854 per
564 1814 702 1843 lavacrum
718 1825 724 1843 ε
743 1824 831 1844 novus
850 1813 942 1846 homo.

193 1872 268 1892 novae
281 1861 481 1902 promissiones.
495 1862 556 1890 Non
566 1859 637 1889 enim
649 1859 719 1888 ultra
729 1860 818 1899 agitur
828 1860 862 1889 de
872 1867 944 1891 terra

193 1916 219 1938 et
232 1909 266 1937 de
280 1908 403 1945 terrenis;
419 1907 466 1937 sed
480 1906 514 1936 de
527 1907 591 1937 caelo
605 1913 631 1935 et
645 1905 679 1935 de
692 1906 852 1936 caelestibus.
866 1908 942 1938 Nova

194 1954 330 1994 mysteria.
345 1954 407 1983 Non
421 1953 492 1982 ultra
508 1953 600 1982 locum
616 1952 717 1981 habent
737 1952 785 1981 illa
801 1963 941 1993 corporea,

194 2000 263 2037 ovis,
280 1999 399 2039 sanguis,
414 1998 504 2035 nidor,
524 1999 616 2027 fumus
625 2009 634 2036 ς
647 1997 694 2026 sed
711 1998 879 2028 rationabilis
896 1999 944 2029 ille

194 2046 347 2084 virtuteque
355 2051 466 2074 ornatus
473 2044 562 2074 cultus
574 2057 580 2072 :
594 2054 664 2074 nova
671 2051 813 2083 praecepta.
826 2045 944 2085 Lignum

958 1530 975 1553 A

1080 884 1158 913 ΤΟΥ
1178 884 1379 913 ΕΝ“ΑΓΙΟΙΣ
1399 884 1555 913 ΠΑΤΡΟΣ
1575 884 1681 914 ΗΜΩΝ

1171 995 1590 1059 ΙΩΑΝΝΟΥ

1240 1132 1295 1152 ΤΟΥ
1312 1131 1515 1152 ΧΡΥΣΟΣΤΟΜΟΥ

1296 1218 1472 1248 ΣΥΝΟΨΙΣ

1065 1304 1123 1339 Τῆς
1136 1305 1258 1339 Παλαιᾶς
1270 1315 1299 1333 τε
1313 1304 1359 1334 καὶ
1375 1307 1491 1342 Καινῆς,
1506 1306 1541 1338 ὡς
1563 1306 1609 1334 ’ἐν
1621 1305 1694 1340 τάξει

1279 1353 1487 1390 ὖπομνηστικοῦ.

1291 1451 1460 1472 ΠΡΟΘΕΩΡΙΔ.

1032 1537 1118 1574 Καινὴ
1132 1537 1239 1577 λέγεται
1251 1537 1304 1567 ἀπὸ
1317 1540 1363 1567 τοῦ
1376 1537 1473 1578 χρόνου
1484 1537 1529 1567 καὶ
1541 1536 1594 1566 ἀπὸ
1605 1538 1653 1572 τῆς
1665 1536 1771 1576 φύσεως

992 1584 1044 1612 τῶν
1059 1585 1086 1612 ἐν
1101 1585 1167 1623 αὐτῇ
1190 1583 1352 1623 γενομένων,
1373 1584 1413 1613 ὅτι
1423 1583 1510 1613 πάντα
1524 1582 1691 1618 ἀνεκαινίσθη
1701 1604 1709 1618 ,
1722 1582 1768 1612 καὶ

992 1632 1097 1669 πρῶτον
1117 1630 1269 1670 ἄνθρωπος,
1285 1631 1318 1660 δι’
1334 1629 1361 1659 ὃν
1375 1629 1410 1659 τὰ
1428 1629 1524 1659 πάντα.
1546 1629 1606 1659 Ἵνα
1622 1629 1650 1660 δὲ
1669 1629 1707 1668 μή
1727 1641 1768 1663 τις

992 1675 1071 1716 λέγῃ·
1089 1678 1103 1705 ὃ
1116 1676 1224 1716 οὐρανὸς
1237 1678 1251 1705 ὁ
1265 1676 1358 1714 αὐτὸς,
1372 1678 1390 1712 ἡ
1407 1678 1457 1716 γῆ,
1483 1675 1528 1705 καὶ
1549 1675 1580 1705 τὸ
1605 1675 1767 1716 κυριώτατον

993 1722 1117 1752 ἁπάντων
1139 1723 1290 1762 ἄνθρωπος·
1320 1722 1365 1752 καὶ
1385 1722 1427 1759 (l.
1442 1721 1552 1761 καινὸς)
1574 1721 1653 1760 νόμος
1675 1721 1766 1757 ἐδόθη,

992 1769 1080 1798 καιναὶ
1098 1769 1217 1805 ἐντολαὶ,
1230 1769 1307 1805 καινὴ
1321 1772 1338 1805 ἠ
1353 1769 1430 1810 χάρις
1442 1768 1485 1798 διὰ
1498 1771 1543 1798 τοῦ
1557 1769 1684 1808 λουτροῦ,
1706 1780 1768 1798 και-

992 1815 1034 1848 νὸς
1047 1814 1197 1855 ἄνθρωπος,
1212 1815 1301 1845 καιναὶ
1315 1814 1480 1855 ἐπαγγελίαι.
1498 1814 1599 1845 Οὐκέτι
1612 1814 1664 1855 γὰρ
1678 1816 1713 1854 γῆ
1722 1813 1768 1843 καὶ

991 1861 1025 1890 τὰ
1038 1861 1090 1890 ἀπὸ
1103 1862 1150 1896 τῆς
1161 1863 1210 1900 γῆς
1220 1873 1227 1879 ·
1248 1861 1307 1891 ἀλλ’
1320 1861 1427 1901 οὐρανὸς
1437 1883 1452 1897 ,»
1467 1861 1512 1890 καὶ
1534 1860 1568 1890 τὰ
1587 1862 1614 1890 ἔν
1638 1862 1767 1900 οὐρανοῖς.

992 1906 1079 1936 Καινὰ
1090 1906 1124 1935 τὰ
1147 1907 1291 1947 μυστήρια.
1302 1906 1402 1937 Οὖκέτι
1411 1906 1461 1947 γὰρ
1471 1908 1559 1936 ἐκεῖνα
1568 1906 1603 1935 τὰ
1617 1905 1766 1945 σωματικὰ,

991 1952 1124 1993 πρόὸατον
1138 1952 1183 1983 καὶ
1199 1949 1278 1992 αἷμα,
1301 1952 1347 1982 καὶ
1360 1952 1468 1990 κνίσσα,
1488 1952 1533 1982 καὶ
1546 1951 1643 1992 κόπρος
1653 1975 1662 1988 ,
1677 1952 1735 1981 ἄλλ’
1746 1954 1764 1987 ἡ

991 1998 1085 2039 λογικὴ
1097 1998 1141 2028 καὶ
1154 1998 1273 2038 ἐνάρετος
1284 1998 1409 2038 λατρεία,
1431 1998 1465 2027 τὰ
1484 1998 1696 2038 παραγγέλματα
1707 2010 1766 2027 και-

992 2046 1024 2076 νὰ
1033 2069 1041 2083 ,
1070 2045 1146 2080 ξύλον
1167 2047 1206 2078 εἷς
1222 2044 1345 2084 οὐρανοὺς
1359 2045 1454 2084 ἀνάγον
1468 2045 1513 2074 καὶ
1528 2044 1643 2085 ὑψηλοὺς
1656 2044 1767 2084 ἐργαζό-

107 2108 184 2131 schol.
194 2102 243 2121 nos
255 2091 290 2120 ad
303 2091 399 2121 caelum
416 2090 503 2127 ducit,
522 2090 703 2129 sublimesque
725 2090 816 2120 efficit.
840 2092 944 2132 Scopus
958 2102 977 2125 B
993 2103 1079 2131 μενον.
1093 2091 1197 2125 Σκοπὸς
1211 2090 1243 2127 δὴ
1255 2091 1415 2131 ἑκατέρωθεν
1427 2092 1480 2120 τῶν
1493 2092 1632 2128 Διαθηκῶν
1645 2087 1697 2126 εἷς,
1715 2093 1768 2120 τῶν

43 2143 122 2168 σκοπὸς
157 2141 187 2168 εἷς
195 2145 284 2167 autem
293 2138 320 2166 in
334 2144 448 2176 utroque
458 2138 629 2166 Testameuto
644 2147 714 2165 unus
733 2144 783 2174 est,
801 2138 944 2168 hominum
993 2137 1137 2178 ἀνθρώπων
1150 2140 1167 2173 ἡ
1183 2137 1326 2178 διόρθωσις.
1340 2137 1394 2167 Καὶ
1407 2137 1434 2167 τί
1443 2138 1482 2166 δεῖ
1495 2137 1637 2177 θαυμάζειν
1646 2137 1708 2178 περὶ
1721 2139 1769 2173 τῆς

43 2178 88 2196 τῶν
107 2176 186 2202 Amon-

43 2206 115 2231 κῶν,6’
116 2213 187 2236 copus

196 2194 291 2224 nempe
310 2183 470 2213 emendatio.
491 2182 600 2220 Ecquid
619 2183 719 2212 mirum
737 2183 771 2213 de
788 2185 941 2224 Scriptura,

227 2297 238 2308 τ·
255 2287 284 2315 ἐν
296 2291 357 2318 τάξει
369 2289 541 2320 ὑπομνηστικοῦ,
553 2288 740 2319 commonitorii,
751 2286 789 2312 vel
800 2286 866 2312 forte
875 2287 955 2312 brevis

194 2328 366 2354 commentarii
375 2335 450 2352 mone.
459 2327 525 2351 Nam
535 2325 577 2351 hic
587 2327 680 2358 passim
691 2326 887 2360 Chrysostomus
899 2327 956 2352 bre-

194 2377 236 2393 ves
255 2366 434 2400 explicationes
452 2365 558 2399 adjecit,
576 2375 709 2399 rerumque
728 2367 754 2391 in
765 2366 849 2391 Veteri
866 2367 956 2391 Testa-

195 2412 280 2432 mento
292 2411 464 2430 enat-ratarum
477 2413 535 2429 cum
551 2405 624 2429 Novo
642 2406 836 2430 consonantiam
848 2404 954 2430 indicat.

195 2448 225 2470 In
237 2454 306 2470 more
311 2443 582 2478 autemChrysostomo
592 2449 630 2468 est
636 2444 713 2468 Vetus
724 2450 750 2469 et
759 2445 859 2470 Novum
867 2446 956 2470 Testa-

196 2491 316 2516 mentum,
327 2488 408 2514 Καινὴν
418 2487 454 2510 καὶ
463 2486 568 2510 Παλαιὰν
578 2491 731 2516 nuncupare,
741 2492 793 2509 non
804 2483 893 2509 addito
904 2491 957 2511 Azor—

196 2529 263 2554 θήχης
274 2524 384 2555 nomine,
397 2521 467 2555 quod
479 2521 519 2546 hic
537 2523 563 2546 in
579 2522 634 2554 ipso
652 2522 725 2547 initio
737 2521 954 2548 animadvertitur,

196 2562 358 2596 Idipsumque
371 2562 463 2594 passim
485 2560 601 2586 observes
612 2561 638 2586 in
657 2561 708 2594 ejus
720 2561 845 2594 operibus,
857 2563 957 2594 potissi-

993 2185 1117 2224 Γραφῆς,
1138 2183 1203 2213 ὅπου
1217 2195 1247 2223 γε
1261 2183 1307 2213 καὶ
1319 2185 1368 2219 τῆς
1381 2183 1492 2218 κτίσεως
1505 2185 1585 2220 αὐτῆς
1600 2186 1617 2220 ἡ
1631 2183 1710 2224 χρεία
1725 2183 1770 2214 διὰ

1004 2296 1123 2321 mumque
1140 2288 1166 2312 in
1183 2286 1389 2320 Expositionibus
1406 2288 1432 2312 in
1450 2286 1579 2314 Psalmos:
1599 2293 1628 2312 ut.
1640 2292 1723 2312 autem
1734 2287 1769 2312 ad

1005 2335 1093 2352 vocem
1104 2326 1173 2351 illam
1185 2329 1347 2360 ὑπσμνησταὸν
1363 2327 1473 2359 redeam,
1487 2326 1604 2352 libentius
1617 2326 1664 2351 hac
1673 2328 1769 2352 vocein

1005 2367 1081 2392 titulo
1092 2365 1230 2401 significari
1242 2372 1305 2399 puto
1312 2366 1491 2399 compendium
1501 2367 1636 2399 Scripturae
1647 2376 1724 2392 sacrae
1733 2367 1766 2393 ad

1005 2407 1153 2431 memoriam
1164 2414 1247 2431 rerum
1257 2414 1319 2439 quas
1332 2411 1386 2430 tota
1398 2405 1574 2438 complectitur
1585 2405 1765 2433 refricandam.

1006 2445 1158 2479 Argumenta
1177 2450 1260 2469 autem
1279 2445 1366 2470 Graeca
1382 2453 1411 2470 ex
1436 2444 1524 2470 eodem
1540 2445 1586 2469 Ms.
1601 2446 1709 2471 mutuati
1723 2455 1767 2471 su—

1006 2493 1062 2509 mus
1073 2492 1087 2509 a
1101 2483 1240 2509 Scholiasta
1250 2485 1369 2516 quopiam
1380 2493 1432 2509 non
1443 2483 1548 2509 indocto
1559 2484 1586 2509 in
1598 2485 1709 2519 margine
1720 2484 1768 2510 ad-

1006 2523 1069 2549 dita.
1082 2527 1090 2552 [
1100 2523 1279 2559 Coislinianum
1291 2525 1381 2548 iterum
1393 2523 1569 2558 inspeximus.]
