1904 2840
95 710 114 726 1.
134 704 190 726 Tim.
209 709 228 725 ι.

94 1017 149 1038 Luc.
164 1024 185 1046 7.

237 193 306 227 338
826 197 913 222 OPUs
938 198 1038 221 IMPER
1044 198 1178 222 recruiu

237 266 321 303 Quasi
335 264 383 302 qui
398 269 498 304 poterat
513 262 593 291 etiam
606 262 757 294 absentium
776 261 978 291 infirmitatibus
995 264 1014 286 Α
1030 261 1099 290 ritus
1122 261 1184 297 Dei,
1199 271 1280 299 quam
1300 262 1416 301 pretium
1438 261 1555 293 hominis
1569 275 1576 292 ε
1589 270 1661 294 tanto
1683 265 1770 305 majus

239 307 377 344 imperare.
399 304 466 332 Erat
484 302 555 331 euim
582 301 632 331 iste
653 300 775 331 centurio
797 301 825 330 in
850 300 978 341 mysterio

237 345 356 383 gentium
376 343 539 378 futurarum,
554 351 614 380 quae
635 351 720 380 neque
739 340 826 381 legem
839 347 887 370 aut
910 351 977 379 pru-

238 385 331 424 phetas
347 383 464 421 legerant
486 380 521 409 de
542 380 660 417 Christo,
679 390 765 419 neque
784 380 873 420 ipsum
894 379 977 409 Chri-

239 431 309 452 stum
323 421 457 451 mirabilia
475 420 616 450 facientem
633 419 768 456 viderant,
783 419 830 450 sed
844 419 978 459 justitiam

238 463 315 501 legis,
330 472 410 500 quam
425 461 453 489 in
468 459 547 489 libris
559 470 613 489 non
629 460 759 500 legerant,
770 459 799 488 in
820 459 901 488 corde
915 469 979 488 sen-

239 508 329 531 sci-unt
344 513 351 529 :
367 507 393 530 et
406 500 560 536 Christum,
572 510 654 538 quem
675 499 761 528 oculis
775 509 827 528 non
841 498 978 533 viderant,

239 547 325 570 niente
335 540 476 575 viderunt,
490 539 655 568 ostendentes
667 539 695 567 in
716 549 754 574 se,
766 539 893 577 quoniam
907 538 980 568 Scri-

239 588 323 620 pturae
346 580 382 609 ad
402 578 590 619 praejudicium
618 585 785 618 peccatorum
809 579 883 608 sactae
905 584 979 614 sunt,

239 630 290 649 non
304 618 339 648 ad
351 619 531 649 necessitatem
544 625 696 647 sanctorum
711 631 718 647 z
733 618 797 657 quia
810 617 888 647 rectis
905 624 931 646 et
948 617 978 646 fi-

240 659 346 689 delibus
365 659 511 698 Scripturae
531 658 683 687 necessariae
705 667 759 687 non
782 664 862 693 sunt,
877 656 982 686 dicente

240 699 360 739 apostolo
369 711 377 727 ε
390 699 453 727 Lex
465 708 524 727 non
537 703 580 727 est
589 701 686 737 posita
690 699 782 737 juste,
793 697 846 726 sed
855 698 981 736 injustis.

242 738 370 778 Magistra
379 738 456 767 -enim
477 737 565 767 omnis
575 737 687 776 justitiae
705 737 712 766 i
734 747 762 766 sa
776 742 871 765 natura
881 742 920 765 est
932 736 984 764 ho-

242 779 359 815 minum,
373 784 401 807 et
421 777 553 817 scriptura
568 776 712 805 '’infalsahi
725 777 748 805 is
773 776 808 804 de
828 777 886 805 Deo
908 785 983 804 crea-

241 827 308 847 turae
321 824 384 847 sunt
395 816 516 846 omnium
530 827 620 845 rerum
630 829 644 845 -:
659 815 802 855 quia-nibil
814 822 852 844 est
866 821 984 844 creatum

242 859 270 886 in
290 856 404 894 mundo,
430 867 478 896 per
498 855 572 895 quod
592 866 647 885 non
670 855 883 884 manifestissime
910 855 984 884 Deus
999 860 1018 883 Β

243 896 408 926 ostendatur.
422 896 486 925 Ideo
502 895 632 924 elementa
651 895 773 924 omnium
784 904 876 924 rerum
894 894 922 923 in
933 894 984 922 hoc

243 936 352 974 quidem
374 942 493 975 tempore
507 935 651 964 admonent
670 934 792 963 homines
815 933 849 963 de
867 933 985 973 potentia

244 975 311 1012 Dei,
326 975 353 1004 in
367 975 416 1004 illa
429 981 517 1004 autem
528 974 574 1003 die
584 973 688 1014 judicio
700 984 749 1003 suo
761 973 983 1003 condemnabun-

244 1022 296 1044 tur.
307 1014 452 1045 Sciendum
472 1021 511 1043 est
533 1020 622 1043 autem
635 1013 763 1052 quoniam
772 1014 859 1042 Lucas
880 1023 929 1052 per
941 1022 984 1041 sa-

244 1055 362 1084 cerdotes
381 1053 457 1094 ponit
474 1053 613 1083 Christum
638 1064 653 1082 a
671 1052 825 1083 centurione
848 1059 983 1092 rogatum,

246 1094 392 1124 Matthaeus
418 1100 507 1123 autem
529 1093 564 1122 ab
591 1093 650 1132 ipso
674 1092 841 1122 centurione.
866 1092 986 1122 Diversae

244 1134 352 1172 quidem
366 1133 466 1172 specics
483 1132 693 1173 expositionum,
706 1142 776 1161 unus
795 1138 883 1161 autem
899 1141 985 1171 expo·

245 1174 348 1202 sitionis
367 1180 406 1202 cst
423 1183 524 1202 sensus.
541 1172 592 1201 Ille
602 1173 673 1201 enim
687 1182 735 1211 per
744 1171 893 1201 sacerdotes
902 1181 986 1211 expo—

246 1223 321 1249 nens,
343 1212 499 1252 mysterium
522 1211 715 1241 demonstravit
732 1222 738 1238 z
754 1211 882 1250 quoniam
899 1210 987 1240 omnis

247 1252 338 1291 pctitio
359 1251 454 1291 populi
477 1262 527 1291 per
545 1251 694 1281 sacerdotes
707 1250 786 1280 debet
799 1251 942 1280 transmitti
951 1250 987 1279 ad

247 1291 393 1321 Christum.
411 1292 464 1320 Iste
479 1298 567 1320 autem
587 1301 644 1319 rem
662 1291 749 1329 ipsam
768 1290 903 1329 exposuit,
916 1300 988 1328 quo-

248 1331 320 1360 niam
332 1337 358 1359 et
378 1330 424 1368 qui
445 1325 491 1369 per
508 1329 656 1359 sacerdotes
667 1336 743 1368 rogat
755 1329 906 1363 Christum,
919 1336 988 1357 recte

249 1371 306 1409 ipse
322 1379 414 1408 rogare
431 1369 547 1399 videtur.
564 1369 610 1399 Ex
626 1379 657 1398 eo
674 1375 774 1404 autem,
797 1367 870 1406 quod
887 1374 913 1411 et
931 1368 989 1396 illic

249 1409 429 1438 sacerdotibus
443 1408 666 1438 intercedentibus
676 1407 820 1446 acquievit,
833 1413 860 1435 et
872 1406 917 1435 hic
930 1406 938 1434 i
959 1417 988 1435 so

248 1455 358 1488 rogante
369 1448 501 1488 promisit,
513 1448 682 1477 manifestum
692 1454 742 1483 est,
756 1446 883 1485 quoniam
895 1452 920 1474 et
933 1446 941 1474 i
954 1446 990 1474 lic
1004 1445 1023 1469 C

250 1498 302 1517 non
321 1495 428 1527 propter
449 1498 588 1527 personam
602 1486 770 1516 sacerdotum
783 1485 929 1530 acquievit,
943 1484 991 1514 sed

250 1534 358 1567 propter
369 1527 449 1556 fidem
460 1527 545 1567 ipsius
558 1525 721 1556 centurionis
735 1537 742 1553 ε
757 1531 787 1553 ut
796 1534 911 1554 sciamus
920 1535 990 1568 quo-

244 1578 321 1596 niam
340 1576 370 1596 in
388 1577 461 1596 omni
479 1576 558 1595 causa
574 1576 626 1595 non
645 1563 866 1594 intercedentium
883 1571 989 1600 merita,

250 1607 296 1636 sed
318 1606 456 1635 humiliter
483 1606 630 1645 petentium
654 1603 784 1644 aspicitur
806 1602 883 1632 fides.
913 1604 993 1632 Puer

252 1656 329 1675 mens
347 1648 378 1674 in
397 1647 484 1674 domo
493 1646 574 1684 jacet
586 1644 782 1684 ραι-αἰγείους,
792 1649 820 1671 et
843 1643 921 1671 male
933 1650 991 1671 tor-

252 1692 368 1724 quetur.
385 1684 460 1721 Quid
480 1683 599 1723 primum
617 1683 747 1712 miremur
770 1682 798 1711 in
819 1682 993 1711 centurione?

253 1725 452 1759 Humilitatem,
466 1730 513 1752 aut
532 1722 624 1758 fidem,
639 1729 686 1751 aut
705 1721 873 1766 sapientiam,
886 1729 932 1751 aut
949 1722 995 1751 bo-

246 1764 381 1792 nitatem?
387 1762 582 1797 Humilitatem,
592 1762 655 1800 quia
667 1771 716 1791 nec
727 1771 753 1789 in
762 1760 842 1790 domo
855 1772 903 1791 sua
913 1761 994 1791 Chri-

250 1810 326 1831 -stum
338 1802 473 1841 suscipere
485 1800 598 1840 dignum
609 1811 637 1830 se
649 1811 705 1830 esse
716 1800 888 1831 existimavit.
898 1800 994 1830 Fidem

254 1848 354 1877 autem,
369 1842 432 1880 quia
452 1839 567 1870 eredidit
579 1850 648 1868 eum
665 1849 741 1879 posse
759 1839 833 1878 quod
846 1841 931 1879 petiit.
948 1841 995 1870 Sa-

256 1881 394 1919 pientiam,
414 1880 478 1918 quia
494 1879 619 1908 divinum
635 1879 791 1908 thesaurum
809 1879 994 1909 absconditum

257 1920 284 1948 in
304 1930 369 1959 agro
392 1927 515 1955 terreno,
540 1928 594 1946 non
620 1918 742 1947 acumine
765 1918 925 1956 oculorum,
947 1918 995 1948 sed

257 1960 352 1987 inentis
373 1958 505 1998 puritate,
525 1957 602 1986 nullo
628 1956 823 1986 demonstrante
844 1959 991 2003 prospexit.

258 1998 407 2026 Bonitatem
424 2003 524 2032 autem,
539 1996 601 2034 quia
617 2007 667 2036 pro
683 1997 768 2026 salute
782 2008 851 2027 servi
865 1998 904 2027 sic
917 1998 994 2028 solli-

259 2036 309 2065 cite
327 2036 477 2072 festinabat,
489 2035 566 2074 quasi
584 2046 637 2064 non
655 2036 783 2065 damnum
804 2038 935 2076 pecuniae,
947 2038 995 2068 sed
1009 2042 1029 2066 Ι)

259 2075 354 2103 salutis
370 2085 498 2114 passurus
519 2075 547 2104 in
567 2082 652 2104 morte
671 2076 755 2105 illius.
769 2077 837 2105 Puto
855 2077 928 2116 quod
946 2078 995 2107 iste

259 2114 378 2143 centurio
394 2114 464 2142 inter
483 2124 590 2144 servum
607 2122 633 2143 et
642 2114 781 2144 dominum
798 2116 901 2145 nullam
920 2116 997 2146 diffe-

260 2153 372 2182 rentiam
387 2153 534 2182 aestimabat
548 2166 555 2182 :
568 2154 652 2183 sciens
672 2155 797 2193 quoniam
814 2156 864 2185 etsi
877 2156 996 2195 dignitas

261 2193 288 2221 in
300 2193 351 2221 hoc
363 2192 460 2222 saeculo
470 2192 576 2222 diversa
587 2200 625 2223 est
635 2193 703 2223 inter
713 2194 785 2231 illos,
795 2205 847 2224 una
856 2202 896 2225 est
909 2202 996 2225 tamen

260 2238 356 2263 natura
369 2232 436 2261 illis.
448 2231 512 2261 Ideo
525 2233 610 2272 magis
624 2233 674 2262 Dei
691 2233 833 2273 imaginem
849 2234 997 2265 honorabat

260 2272 289 2301 in
312 2271 431 2308 homine,
445 2282 526 2310 quam
542 2282 611 2311 opus
632 2273 793 2312 captivitatis
816 2275 999 2304 contemnebat

261 2311 290 2340 in
307 2321 385 2340 servo
398 2323 405 2339 :
418 2310 491 2348 quod
506 2312 578 2340 Deus
598 2322 649 2341 non
668 2312 813 2342 secundum
830 2324 907 2343 suam
920 2314 997 2353 justi-

262 2350 326 2379 tiam
346 2350 460 2379 creando
477 2349 622 2390 disposuit,
638 2351 686 2380 sed
704 2359 812 2397 propter
824 2360 930 2392 peccata
942 2353 997 2382 ho-

262 2388 366 2419 minum
385 2389 562 2429 permittendo
583 2390 709 2430 suscepit.
732 2392 761 2421 Si
774 2398 803 2420 tu
823 2392 894 2422 enim
907 2392 996 2422 domi-

261 2439 312 2458 nus
335 2429 450 2468 pretium
475 2428 574 2458 dedisti
597 2440 647 2469 pro
670 2440 757 2464 servo.
773 2432 846 2461 Deus
865 2432 999 2472 Spiritum

262 2478 340 2497 suum
351 2468 482 2508 plantavit
492 2468 519 2498 in
532 2479 574 2498 eo.
588 2471 694 2506 Quanto
707 2480 770 2510 ergo
783 2471 869 2511 major
881 2478 921 2501 est
931 2471 997 2511 Spi-

1029 307 1069 329 est
1082 300 1156 339 quod
1170 307 1285 337 ametur,
1299 312 1380 340 quam
1391 301 1463 340 quod
1478 309 1662 334 contemnatur
1673 303 1701 333 in
1714 314 1770 334 ser-

1030 350 1075 370 vo.
1091 340 1163 370 Vide
1175 338 1238 379 ersso
1247 351 1280 370 nc
1291 342 1360 370 forte
1369 341 1391 370 si
1405 347 1434 371 tu
1444 352 1494 381 pro
1514 349 1554 371 ter
1584 343 1680 372 retium
1691 350 1770 372 tuum

1030 380 1132 409 abusus
1144 380 1225 409 fueris
1245 380 1294 410 illo
1304 380 1361 410 sine
1375 381 1471 410 timore
1514 382 1550 418 ci,
1591 392 1640 411 eus
1653 381 1771 423 {propter

1030 419 1162 459 Spiritum
1175 430 1256 448 suum
1269 420 1399 449 rationem
1415 431 1431 449 a
1443 427 1470 450 te
1488 421 1578 461 exigat
1590 421 1648 451 sine
1668 422 1773 452 miseri-

1030 458 1132 488 cordia.
1148 458 1267 489 Andiant
1289 459 1370 489 etiam
1388 466 1414 489 ct
1436 459 1587 500 intelligant
1598 461 1681 491 servi.
1695 461 1773 492 Sicut

1031 499 1102 527 enim
1113 498 1212 528 habent
1218 498 1322 528 domini
1332 499 1406 538 quod
1419 499 1557 529 imitentur
1568 499 1596 529 in
1607 501 1771 537 centurione,
1787 512 1789 514 ’

1032 545 1142 583 propter
1151 538 1363 568 misericordiam
1377 551 1385 568 z
1401 539 1440 568 sic
1452 539 1551 568 habent
1567 546 1594 568 et
1614 540 1686 570 servi
1697 541 1772 581 quod

1033 578 1174 607 imitentur
1190 578 1216 606 in
1230 589 1326 618 puero,
1351 585 1461 618 propter
1481 579 1667 609 sinceritatem.
1690 581 1772 610 Putas

1033 623 1122 646 autem
1136 617 1223 655 qualis
1235 625 1292 647 erat
1305 618 1353 647 ille
1363 628 1441 658 puer,
1455 625 1485 648 ut
1499 619 1538 648 sic
1550 626 1686 648 amaretur
1697 630 1712 649 a
1725 619 1775 649 do-

1033 656 1124 686 mino?
1135 657 1288 686 Secundum
1311 657 1479 687 dilectionem
1502 658 1604 688 domini
1624 666 1775 690 mensurate
1782 671 1824 689 cni

1034 695 1116 725 fidem
1129 696 1214 725 servi.
1227 698 1283 726 Nec
1296 697 1367 726 enim
1377 697 1505 737 possibile
1519 705 1586 733 erat,
1601 705 1630 727 ut
1642 698 1700 728 sine
1711 709 1775 739 pre-

1035 735 1074 765 tio
1088 736 1220 765 bonorum
1234 747 1341 765 morum
1353 743 1452 766 tantam
1469 738 1522 767 sibi
1536 736 1706 768 dilectionem
1725 737 1776 768 do-

1036 775 1102 804 mini
1128 783 1315 815 comparasset.
1343 776 1454 806 Domini
1481 787 1544 817 ergo
1571 777 1656 808 servis
1677 777 1777 808 debent

1036 825 1165 851 amorem,
1177 822 1287 855 propter
1303 826 1471 845 communem
1483 823 1624 855 naturam;
1638 817 1711 848 servi
1727 828 1777 847 au-

1035 860 1089 884 tem
1101 854 1199 883 debent
1209 854 1326 884 dominis
1345 855 1403 884 suis
1423 856 1547 885 timorem
1559 879 1566 889 ,
1580 863 1690 897 propter
1701 857 1777 887 ordi-

1036 893 1172 923 nationem
1182 893 1314 924 divinam.
1329 895 1366 924 Et
1387 895 1414 924 in
1434 896 1519 926 servis
1532 896 1658 926 Christus
1671 903 1777 926 amatur

1035 943 1051 962 a
1064 932 1194 969 dominis,
1205 941 1231 963 et
1244 934 1272 963 in
1292 933 1410 963 dominis
1425 935 1550 964 Christus
1563 935 1672 965 timetur
1684 947 1699 965 a
1719 947 1791 966 ser--

1036 972 1088 1003 vis.
1099 973 1140 1001 Et
1152 973 1230 1003 male
1244 979 1402 1013 torquetur.
1419 974 1478 1004 Etsi
1492 984 1544 1004 non
1565 975 1629 1004 satis
1642 976 1712 1005 male
1723 983 1778 1005 tor-

1036 1012 1179 1050 quebatur,
1192 1019 1279 1042 tamen
1296 1013 1444 1042 aestimabat
1466 1013 1546 1043 illum
1569 1013 1696 1044 dominus
1708 1015 1779 1044 male

1036 1051 1234 1091 torqueri,quia
1246 1052 1284 1082 sic
1291 1052 1422 1092 diligebat
1430 1063 1504 1082 eum.
1515 1054 1778 1094 Namunusquisque

1037 1101 1118 1129 quem
1134 1090 1238 1131 diligit,
1248 1092 1298 1121 etsi
1311 1091 1416 1122 modice
1432 1092 1513 1122 fuerit
1525 1092 1659 1129 taediatus,
1669 1094 1779 1134 gravius

1038 1141 1101 1159 eum
1114 1137 1191 1176 putat
1201 1131 1310 1168 habere,
1328 1142 1409 1170 quam
1423 1131 1514 1162 habet.
1531 1132 1606 1162 Vide
1623 1140 1713 1163 autem
1734 1143 1778 1162 sa-

1038 1170 1167 1210 pientiam
1185 1171 1349 1200 centurionis
1367 1177 1393 1200 et
1413 1171 1505 1201 fidem.
1534 1171 1630 1201 Fidem
1649 1172 1778 1212 quidem,

1039 1209 1103 1249 quia
1115 1220 1169 1239 non
1183 1209 1265 1247 dixit,
1280 1211 1363 1247 Veni,
1384 1217 1411 1240 et
1431 1211 1506 1240 salva
1518 1221 1581 1240 eum
1596 1224 1603 1240 :
1618 1213 1705 1242 sciens
1716 1211 1781 1251 quia

1039 1256 1066 1278 et
1077 1249 1135 1279 illic
1146 1249 1316 1286 constitutus,
1331 1250 1360 1279 in
1380 1251 1455 1280 omni
1470 1251 1528 1280 loco
1545 1251 1631 1281 fuerat
1650 1261 1778 1292 praesens.

1039 1289 1109 1318 Nam
1125 1290 1250 1328 quamvis
1263 1290 1388 1319 Christus
1401 1289 1544 1319 videbatur
1556 1301 1613 1320 esse
1624 1290 1652 1320 in
1666 1291 1779 1327 mundo,

1040 1335 1149 1372 propter
1157 1328 1381 1367 dispensationem
1389 1329 1487 1365 carnis,
1498 1337 1586 1359 tamen
1599 1330 1718 1360 mundus
1725 1336 1782 1360 erat

1040 1377 1068 1395 in
1090 1367 1209 1402 Christo,
1228 1367 1376 1397 secundum
1397 1368 1572 1405 substantiam
1593 1369 1712 1399 deitatis.
1731 1370 1782 1400 Sa-

1040 1406 1169 1446 pientiam
1182 1412 1282 1442 autem,
1294 1406 1358 1445 quia
1381 1416 1435 1436 uon
1457 1407 1538 1442 dixit,
1551 1408 1604 1438 Vel
1625 1409 1671 1438 hic
1680 1410 1782 1438 consti-

1041 1452 1116 1474 tutus
1130 1455 1194 1474 sana
1211 1455 1274 1474 eum
1288 1457 1295 1474 :
1309 1446 1409 1475 sciebat
1421 1446 1492 1475 enim
1508 1447 1571 1486 quia
1584 1454 1678 1487 potens
1696 1448 1782 1478 estad

1041 1484 1204 1519 faciendum,
1225 1485 1330 1525 sapiens
1350 1485 1385 1515 ad
1400 1485 1616 1525 intelligendum,
1631 1487 1782 1517 misericors

1042 1524 1077 1553 ad
1089 1523 1288 1554 exaudiendum
1304 1537 1310 1553 :
1327 1525 1389 1556 ideo
1406 1525 1586 1556 infirmitatem
1596 1527 1783 1556 tantummodo

1042 1563 1182 1604 exposuit,
1198 1564 1349 1594 remedium
1361 1570 1450 1594 autem
1472 1565 1592 1595 sanitatis
1611 1566 1639 1595 in
1656 1573 1784 1606 potestate

1043 1603 1235 1632 misericordiae
1247 1605 1306 1643 ejus
1321 1604 1433 1634 dimisit.
1447 1606 1516 1634 Nam
1526 1612 1552 1634 et
1566 1604 1671 1635 medico
1687 1616 1783 1646 corpo-
1900 1624 1904 1643 g

1043 1643 1093 1673 rali
1106 1643 1286 1672 necessarium
1297 1650 1336 1673 est
1348 1644 1533 1673 tantummodo
1541 1645 1691 1684 passionem
1698 1655 1784 1685 expo-
1896 1647 1904 1673 t

1042 1693 1117 1718 nere,
1131 1681 1198 1721 quid
1219 1689 1319 1720 autem,
1333 1690 1380 1712 aut
1396 1683 1532 1722 quomodo
1549 1684 1638 1722 faciat,
1660 1685 1719 1725 ipse
1738 1695 1784 1714 co-

1043 1721 1156 1762 gnoscit.
1172 1723 1202 1751 7.
1216 1722 1375 1761 Respondit
1384 1724 1508 1753 eilesus
1524 1736 1532 1752 .·
1545 1725 1611 1764 Ego
1622 1726 1741 1754 veniam
1754 1731 1784 1754 et

1044 1764 1152 1791 curabo
1164 1771 1239 1790 eum.
1251 1763 1363 1802 Propter
1374 1762 1472 1792 multas
1483 1773 1588 1800 causas,
1599 1775 1662 1794 cum
1675 1774 1728 1794 non
1738 1774 1785 1804 pe·

1044 1809 1154 1838 teretur,
1165 1808 1195 1830 ut
1205 1801 1265 1836 iret,
1282 1802 1414 1842 promittit
1427 1813 1454 1832 se
1464 1803 1511 1832 ire.
1526 1803 1648 1833 Primum
1699 1803 1783 1840 idem,

1045 1849 1075 1870 ut
1085 1841 1212 1870 excitaret
1224 1840 1306 1870 fidem
1319 1841 1388 1881 ejus,
1397 1841 1448 1871 hoc
1461 1842 1551 1887 ipsum
1561 1853 1606 1877 ‚res
1642 1854 1659 1873 n
1679 1853 1724 1872 ere
1735 1853 1785 1871 vo-

1044 1880 1179 1920 luitquod
1191 1880 1339 1919 respondit.
1356 1881 1424 1911 Nisi.
1436 1891 1508 1911 enim
1526 1882 1573 1911 ille
1617 1883 1717 1919 'xisset,
1732 1882 1787 1911 Vc-

1046 1922 1126 1949 m'am
1147 1926 1176 1948 et
1192 1922 1303 1950 sanabo
1316 1931 1382 1950 eum
1394 1932 1402 1949 .-
1416 1931 1564 1960 numquam
1577 1922 1626 1952 iste
1638 1921 1786 1962 responde-

1045 1966 1096 1996 ret,
1112 1960 1142 1990 8.
1157 1961 1227 1989 Non
1244 1970 1308 1989 sum
1322 1961 1436 1999 dignus,
1450 1967 1482 1990 ut
1495 1964 1593 1990 intres*
1603 1963 1656 1991 sub
1680 1968 1787 1991 tectum

1047 2010 1153 2035 meum,
1167 2000 1219 2028 sed
1234 2001 1282 2028 dic
1298 2001 1401 2035 verbo,
1412 2007 1439 2029 et
1452 2002 1607 2030 sanabitur
1610 2011 1686 2040 puer
1694 2011 1785 2030 meus.

1046 2039 1104 2068 Hoc
1122 2038 1193 2067 enim
1207 2038 1319 2068 consilio
1333 2045 1358 2067 et
1381 2039 1521 2069 Chananea
1546 2039 1692 2075 clamante,
1705 2040 1788 2069 Filia
1797 2047 1883 2070 Manli.

1048 2088 1113 2107 mea
1125 2078 1203 2106 male
1212 2088 1233 2106 a
1243 2079 1387 2107 daemonio
1400 2085 1560 2117 torquetur,
1567 2079 1704 2119 respondit
1713 2079 1788 2118 quod
1798 2086 1837 2102 ²2·

1046 2127 1101 2146 non
1113 2123 1170 2146 erat
1191 2117 1320 2154 facturus,
1333 2118 1403 2146 Non
1423 2123 1466 2146 est
1486 2118 1594 2146 bonum
1615 2119 1718 2147 tollere
1739 2129 1788 2158 pa-
1799 2130 1891 2153 Ibida.

1048 2167 1114 2186 nem
1118 2156 1265 2197 filiorum,
1280 2163 1308 2185 et
1326 2157 1398 2185 dare
1412 2158 1534 2186 canibus
1549 2169 1557 2185 .·
1575 2163 1606 2186 ut
1618 2157 1667 2187 illa
1687 2168 1788 2198 provo·

1048 2202 1105 2225 cata
1115 2195 1296 2236 responderet,
1310 2196 1423 2238 Isi'tiam,
1448 2197 1573 2226 Domine
1578 2209 1590 2232 ;
1606 2208 1676 2227 nam
1695 2204 1725 2227 et
1737 2208 1788 2227 ca·
1799 2201 1891 2223 Ibid-V·

1050 2235 1116 2264 tella·
1124 2235 1161 2264 de
1175 2237 1258 2264 micis
1267 2235 1398 2274 filiorum
1412 2236 1603 2265 manducant.
1619 2237 1664 2267 Sic
1682 2243 1709 2266 et
1725 2237 1790 2266 huic

1047 2274 1198 2319 respondit,
1212 2273 1287 2313 quod
1298 2275 1415 2310 nolebat,
1425 2282 1454 2304 ut
1466 2275 1540 2314 quod
1553 2276 1660 2306 volebat
1672 2276 1788 2306 audiret.

1049 2313 1154 2343 Deinde
1165 2314 1292 2353 quoniam
1300 2314 1392 2359 petitio
1399 2315 1562 2344 centurionis
1568 2322 1625 2345 erat
1634 2327 1686 2356 pro
1699 2326 1788 2352 servu,

1051 2353 1112 2383 ideo
1126 2353 1166 2383 ire
1181 2360 1323 2393 proposuit
1335 2366 1342 2383 ε
1356 2361 1385 2384 ut
1409 2364 1458 2383 nos
1480 2354 1597 2390 doceret,
1608 2365 1662 2384 non
1681 2365 1791 2395 magnos

1046 2393 1148 2430 colere,
1167 2399 1192 2422 et
1210 2392 1331 2422 modicos
1350 2401 1533 2430 contemnere,
1547 2393 1593 2423 sed
1617 2405 1748 2434 pauperes
1766 2401 1792 2424 et

1046 2431 1149 2462 divites
1162 2432 1285 2462 similiter
1297 2432 1439 2462 honorare.
1455 2433 1485 2463 Si
1498 2433 1570 2463 enim
1581 2432 1695 2464 divitem
1705 2433 1790 2463 hono-

1051 2482 1106 2507 τες,
1119 2478 1230 2512 propter
1246 2482 1388 2511 personam
1411 2473 1418 2501 i
1421 2472 1496 2513 psius
1520 2473 1635 2503 honoras
1659 2484 1720 2503 eum
1740 2486 1746 2502 :
1768 2473 1791 2503 si

296 2560 310 2579 b
327 2559 490 2593 Infizlsahilis
503 2570 511 2585 :
523 2560 576 2586 liaec
588 2567 625 2586 est
643 2570 700 2587 vera
715 2561 807 2589 lectio:
822 2571 881 2588 nam
899 2562 941 2588 hic
952 2563 1013 2588 scri·
1037 2563 1187 2597 inffabilis,
1199 2569 1243 2590 aut
1254 2563 1408 2598 itfillibt'lis.

263 2604 321 2630 pior
330 2598 406 2625 verba
421 2599 500 2624 multa
512 2599 639 2631 essai-mat,
652 2609 705 2633 quae
717 2609 767 2626 non
776 2598 838 2627 'sunt
855 2602 880 2627 in
899 2610 952 2626 usu.
966 2601 1013 2626 Alii
