1890 2826
106 297 143 318 3),

103 266 157 301 Ast.
173 267 195 295 4.
207 266 243 289 32,

259 139 327 183 542
598 149 628 172 s.
656 149 791 172 somnis
818 148 998 172 cnmsosr.

255 210 328 249 pacis
341 210 493 248 requiescit.
505 210 610 240 Caritas
617 210 786 251 singulorum
795 211 863 241 bona
871 211 997 241 omnihus

257 257 407 286 communia
419 257 517 293 reddit,
529 265 559 287 ut
571 257 608 287 ait
619 257 689 287 liber
701 258 818 287 Actuum
834 269 840 286 :
857 259 995 287 Multitu-

256 303 334 333 dinis
355 310 452 334 autem
475 305 652 335 credentium
673 311 737 334 erat
759 314 809 334 cor
828 315 918 334 unum
929 327 937 342 ‚
968 311 997 334 et

255 352 357 379 anima
367 361 429 380 una
442 363 449 379 ε
463 361 516 379 nec
529 352 684 390 quisquam
698 360 807 387 eorum,
826 362 891 392 quoe
902 352 995 391 possiv-

254 397 352 432 debat‚
368 398 484 438 aliquid
505 407 590 426 suum
610 407 672 426 esse
689 398 805 427 dicebat
816 421 824 436 ,
844 398 896 427 sed
912 403 997 426 erant

254 443 314 472 illis
326 445 425 472 omnia
436 445 603 472 communia
615 455 622 472 :
635 449 663 473 et
675 444 862 473 dividebatur
875 444 995 483 singulis

251 495 338 527 prout
345 491 448 528 cuique
458 499 529 528 opus
539 495 613 518 erat.
622 489 719 526 Qualis
732 500 828 519 murus
841 490 877 518 ita
888 490 993 525 firmus,

253 535 288 563 ita
303 535 479 564 concinnitate
499 535 642 576 grandium
661 535 795 576 lapidum,
809 536 927 565 hostium
947 546 993 565 co-

252 581 359 610 natibus
379 581 599 621 inexpugnabilis
619 588 669 618 est,
683 588 715 611 ut
729 589 812 612 coetus
829 593 886 612 sese
898 588 993 611 mutuo

231 663 240 667 ἱ
250 626 433 667 diligentium,
444 634 470 657 et
481 627 630 657 concordiae
639 639 710 658 nexu
716 629 873 668 junctorum
880 629 894 658 Ξ)
904 628 991 658 Etiam

99 1052 199 1082 Philipp.
211 1051 234 1074 3.

101 1083 160 1105 dhet
175 1091 198 1106 2.
212 1084 235 1107 3⁴

99 1241 153 1263 (ιρι.
163 1240 186 1263 5.
201 1241 236 1264 13.

98 1330 108 1348 Ι
116 1331 169 1350 evil,
186 1336 221 1359 19.

250 673 323 713 ipsos
336 674 437 703 diaboli
451 674 568 715 impetus
581 682 693 715 coercet3
707 682 732 705 et
745 675 855 715 quidem
864 677 926 716 jure
940 686 993 705 me-

246 720 310 750 rito.
327 722 397 750 Nam
410 721 458 760 qui
469 721 597 753 concordi
609 722 699 752 animo
713 729 805 752 contra
815 722 896 751 illum
907 722 991 752 aciem

247 765 395 805 instruunt,
409 767 446 796 ita
459 775 488 797 ut
499 768 583 798 nullis
596 779 611 798 a
630 776 700 798 eoetu
716 768 913 806 deficientibus,
929 779 992 799 cum

247 814 295 843 illo
306 820 374 842 stent
383 813 502 852 adversi,
509 815 568 854 ejus
576 815 707 844 machinis
715 821 778 844 sunt
788 814 893 851 invicti,
903 815 994 855 splen-

247 859 365 898 didaque
378 860 501 889 caritatis
510 860 619 900 erigunt
640 867 749 901 tropaea.
766 862 805 889 Ac
820 860 994 900 quemadmo—

244 905 312 934 dum
329 906 396 946 lyrae
407 906 497 943 nervi,
511 906 592 935 multi
602 917 665 936 cum
675 907 739 944 sint,
752 906 774 935 si
789 907 817 936 in
830 916 915 935 unum
927 917 993 936 con—

243 956 352 978 centum
366 948 488 987 tendant,
506 950 694 981 suavissimam
713 950 874 979 cantilenam
886 949 970 979 edunt
984 963 990 979 :

246 995 284 1024 sic
298 995 346 1034 qui
360 1006 414 1025 uno
425 995 579 1026 coalescunt
593 997 695 1032 animo,
705 995 859 1036 jucundum
875 995 993 1025 caritatis

246 1042 372 1081 pulsibus
383 1053 479 1071 sonum
492 1043 627 1072 emittunt.
644 1042 709 1072 Ideo
723 1048 816 1072 auctor
825 1049 865 1072 est
878 1041 992 1081 Paulus,

247 1095 278 1117 ut
290 1088 383 1118 fideles
397 1089 517 1128 idipsum
528 1090 642 1119 sentiant
653 1096 679 1118 et
691 1088 794 1125 dicant,
809 1088 930 1127 aliosque
939 1100 993 1129 pu-

247 1141 302 1164 tent
322 1146 350 1164 se
368 1136 519 1175 superiores
537 1146 603 1173 esse,
622 1145 656 1165 ne
671 1135 775 1164 ambitu
790 1135 912 1166 solvatur
925 1136 994 1165 eari-

247 1187 297 1214 tas,
311 1182 359 1211 sed
380 1182 481 1211 honore
501 1182 562 1210 aliis
578 1181 700 1210 cedentes
710 1203 718 1218 ‚
738 1181 766 1210 in
785 1181 928 1211 concordia
942 1181 992 1211 de-

247 1234 321 1265 gant.
337 1229 511 1265 Rursumque
522 1227 559 1256 ait
569 1239 577 1255 .·
591 1228 652 1255 Per
661 1229 814 1256 caritatem
827 1229 934 1257 servite
948 1230 993 1257 in-

249 1275 349 1302 vicem.
366 1273 467 1302 Omnis
477 1274 555 1301 enim
567 1273 615 1302 lex
632 1274 664 1300 in
677 1283 735 1302 uno
746 1283 878 1301 sermone
895 1273 994 1313 imple-

249 1325 297 1348 tur
310 1331 321 1347 .·
343 1319 456 1358 Diliges
475 1321 638 1358 proximum
663 1325 742 1347 tuum
762 1320 837 1347 sicut
860 1321 990 1358 teipsum.

248 1364 303 1401 Qui
320 1364 421 1404 diligit,
439 1374 493 1393 non
515 1364 595 1393 modo
616 1374 669 1393 non
688 1364 832 1403 imperare,
852 1364 900 1394 sed
913 1365 993 1394 etiam

248 1412 375 1451 imperari
392 1411 453 1441 vult
466 1423 472 1439 :
488 1410 639 1450 gaudetque
653 1410 738 1450 magis
753 1410 899 1451 imperatus
912 1423 993 1451 quam

247 1460 393 1499 imperans.
415 1459 471 1496 Qui
488 1458 579 1498 diligit
597 1458 710 1498 gratiam
730 1459 850 1488 conferre
871 1460 990 1497 mavult,

247 1516 328 1543 quam
348 1504 486 1545 accipere;
508 1504 612 1534 mavult
635 1504 735 1544 quippe
757 1504 905 1534 debitorem
923 1506 992 1536 ami-

247 1562 308 1580 cum
319 1551 428 1588 hahere,
440 1561 522 1590 quam
533 1550 590 1590 ipse
603 1550 627 1579 ei
637 1550 742 1579 debitor
756 1561 822 1580 csse.
833 1551 890 1588 Qui
901 1551 993 1592 diligit

247 1597 333 1627 amico
347 1598 459 1637 gratiam
469 1597 590 1626 conferre
603 1597 689 1636 eupit,
703 1607 751 1627 nec
762 1603 848 1626 tamen
859 1598 919 1628 vult
931 1609 992 1628 con·

248 1644 317 1673 ferre
330 1643 420 1673 videri
431 1656 437 1672 :
449 1643 477 1672 in
484 1643 617 1672 beneficio
626 1642 776 1682 piaestando
782 1644 883 1683 primas
893 1651 990 1681 tenere,

247 1700 296 1719 nec
309 1697 396 1719 tamen
409 1689 510 1729 primas
520 1696 609 1718 tenere
620 1688 719 1718 videri.
733 1690 790 1719 Hoc
801 1690 868 1719 sorte
879 1690 990 1729 quidam

247 1746 299 1765 non
316 1736 470 1775 intelligunt
484 1747 491 1763 ε
505 1735 679 1774 quamohrem
701 1735 728 1763 id
743 1736 867 1776 exemplo
880 1738 989 1777 conspi-

245 1793 328 1812 cuum
344 1782 465 1812 reddam.
482 1781 712 1812 Clementissimus
727 1782 861 1812 Dominus
874 1793 924 1823 pro
938 1794 989 1814 no-

1028 148 1181 172 AltclnEt'.
1211 149 1463 173 CONSTANTlNOP
1469 164 1476 172 .

1054 213 1121 246 λων,
1145 211 1288 251 ἡνωμένοις
1304 212 1332 242 δὲ
1346 211 1416 242 κατὰ
1435 211 1525 252 ψυχὴν
1538 213 1569 242 τὸ
1585 215 1632 249 τῆς
1645 212 1750 253 εἰρήνης
1764 214 1829 243 ἐπα-

1053 257 1216 288 ναπαύσεται
1239 256 1358 298 Πνεῦμα.
1375 258 1410 288 Ἥ
1434 259 1525 298 ἀγάπη
1540 259 1614 289 κοινὰ
1627 263 1698 288 ποιεῖ
1716 264 1782 289 πᾶσι
1796 259 1830 288 τὰ

1054 303 1166 334 ἑκάστου
1180 304 1347 345 ὑπάρχοντα,
1359 304 1447 338 καθώς
1460 315 1540 345 φησιν
1552 307 1569 341 ἡ
1586 304 1676 344 βίὸλος
1688 307 1741 334 τῶν
1754 305 1833 345 Πρά-

1016 354 1034 378 C
1055 349 1127 384 ξεων·
1152 351 1208 380 Τοῦ
1226 351 1253 380 δὲ
1271 351 1387 387 πλήθους
1399 352 1452 380 τῶν
1470 351 1669 380 πιστευσάντων
1682 346 1716 387 ἦν
1730 353 1748 386 ἡ
1762 363 1828 391 καρ-

1054 396 1096 425 δία
1109 397 1154 426 καὶ
1167 399 1184 432 ἡ
1197 397 1271 437 ψυχὴ
1286 396 1347 436 μία·
1369 397 1414 427 καὶ
1438 397 1521 430 οὐδείς
1539 409 1566 426 τι
1583 398 1637 426 τῶν
1654 396 1828 437 ὑπαρχόντων

1053 442 1125 482 αὐτῷ
1135 441 1223 482 ἔλεγεν
1232 442 1298 472 ἴδιον
1311 438 1392 479 εἶναι,
1407 444 1465 473 ἀλλ’
1477 439 1510 479 ἦν
1522 444 1609 476 αὖτοῖς
1620 442 1726 472 ἅπαντα
1738 442 1826 472 κοινά·

1051 488 1097 517 καὶ
1118 488 1243 519 διεδίδοτο
1266 489 1370 530 ἑκάστῳ
1382 511 1390 525 ,
1414 489 1506 520 καθότι
1528 489 1560 518 ἄν
1577 501 1617 522 τις
1642 488 1735 529 χρείαν
1760 484 1825 528 εἶχε.

1053 536 1136 564 Ποῖον
1149 534 1218 564 οὕτω
1227 539 1316 576 τεῖχος
1325 535 1452 576 ἀρῥαγὲς,
1466 535 1580 575 ἁρμονία
1586 534 1667 564 λίθων
1678 536 1826 574 εὖμεγεθῶν

1050 580 1235 620 ὠχυρωμένον,
1244 581 1392 622 ἀπόρθητον
1401 582 1503 621 γίνεται
1515 585 1574 615 ταῖς
1583 583 1637 611 τῶν
1651 581 1752 621 ἐχθρῶν
1767 580 1827 621 ἐφό-

1051 627 1116 662 δοις,
1130 628 1166 660 ὥς
1178 626 1209 656 τὸ
1226 627 1351 666 σύστημα
1368 629 1422 657 τῶν
1436 627 1566 663 ἀλλήλους
1579 626 1758 666 ἀγαπώντων,
1780 626 1825 656 καὶ

1049 672 1076 700 ἐν
1087 671 1254 713 ὁμοφροσύνῃ
1268 673 1494 714 περιεσφιγμένων
1505 685 1513 708 ;
1529 671 1603 703 ”Kal
1615 672 1696 706 αὖτὰς
1706 675 1753 702 τοῦ
1767 673 1825 702 δια-

1050 717 1129 747 ὅόλου
1138 718 1289 758 προσὸολὰς
1300 719 1494 760 ἀποκρούεται·
1507 718 1554 749 καὶ
1568 718 1641 758 μάλα
1655 718 1772 752 εἰκότως.
1789 720 1825 748 Οἱ

1049 763 1100 803 γὰρ
1115 766 1173 802 μετ’
1188 764 1309 800 ἀλλήλων
1324 767 1382 795 κατ’
1394 765 1492 795 ἐκείνου
1506 763 1748 805 παρατασσόμενοι,
1758 767 1770 781 ⁰
1779 765 1825 794 καὶ

1013 811 1032 834 D
1051 809 1088 848 μὴ
1104 811 1161 848 μετ’
1184 810 1282 840 ἐκείνου
1296 812 1355 840 κατ’
1378 810 1501 846 ἀλλήλων
1521 810 1676 850 ἱστάμενοι,
1696 810 1825 847 ἀήττητοι

1049 855 1164 894 γίνονται
1183 859 1238 889 τοῖς
1263 857 1343 885 αὖτοῖἲ
1365 856 1560 896 μηχανήμασι,
1582 855 1618 885 τὰ
1639 856 1752 896 λαμπρὰ
1777 858 1825 891 τῆς

1051 901 1156 941 ἀγάπης
1168 901 1314 942 ἐγείροντες
1327 901 1450 942 τρόπαια.
1465 902 1519 932 Καὶ
1543 901 1663 942 καθάπερ
1678 903 1704 931 αἱ
1715 903 1763 938 τῆς
1774 901 1824 932 λύ-

1055 958 1101 986 ρας
1113 948 1218 987 νευραὶ,
1242 948 1340 978 πολλαὶ
1353 948 1401 987 μὲν
1415 944 1491 978 οὖσαι
1500 971 1509 985 ,
1533 949 1570 982 εἷς
1584 948 1647 987 μίαν
1661 948 1689 978 δὲ
1701 948 1824 978 νεύουσαι

1049 993 1213 1033 συμφωνίαν,
1226 994 1402 1034 τερπνότατόν
1414 1006 1441 1023 τι
1452 994 1531 1033 μέλος
1542 995 1653 1034 ἠχοῦσιν
1662 1006 1670 1013 ·
1693 994 1776 1028 οὕτως
1799 998 1824 1026 οἶ

1049 1038 1115 1078 πρὸς
1130 1038 1192 1078 μίαν
1201 1039 1411 1080 συγκεκραμένοι
1419 1039 1538 1080 γνώμην,
1553 1040 1649 1080 εὔηχον
1660 1039 1823 1080 ἀνακρούον-

1050 1096 1095 1113 ται
1103 1087 1151 1120 τῆς
1164 1085 1272 1124 ἀγάπης
1280 1085 1324 1115 τὸν
1335 1085 1457 1125 φθόγγον.
1471 1086 1524 1115 Διὰ
1536 1088 1615 1115 τοῦτο
1623 1085 1797 1125 συμόουλεύει
1810 1088 1824 1115 ὁ

1049 1131 1157 1164 Παῦλος
1169 1131 1200 1160 τὸ
1213 1131 1278 1160 αὐτὸ
1298 1136 1417 1172 φρονεῖν,
1441 1131 1488 1161 καὶ
1504 1131 1590 1173 λέγειν
1602 1154 1610 1169 ,
1629 1132 1674 1161 καὶ
1696 1131 1826 1168 ἀλλήλους

1050 1179 1172 1216 ἡγεῖσθαι
1180 1177 1358 1218 ὑπερέχοντας
1367 1179 1468 1207 ἑαυτῶν
1477 1200 1485 1213 ,
1506 1177 1576 1207 ὥστε
1591 1177 1628 1216 μὴ
1641 1180 1675 1217 τῇ
1688 1177 1826 1217 φιλοτιμίᾳ

1050 1220 1203 1251 διαλύεσθαι
1213 1221 1262 1258 τὴν
1275 1221 1396 1261 ἀγάπην,
1411 1221 1479 1251 ἀλλὰ
1493 1221 1542 1258 τὴν
1554 1221 1635 1260 τιμὴν
1657 1221 1824 1262 “dirrumpa-

1049 1269 1200 1307 χωροῦντας
1213 1267 1351 1304 ἀλλήλοις,
1372 1269 1399 1297 ἐν
1413 1267 1522 1308 ὁμονοίᾳ
1545 1267 1656 1308 διάγειν.
1677 1268 1730 1298 Καὶ
1745 1268 1824 1298 πάλιν

1049 1312 1115 1352 φησί
1126 1325 1132 1331 ·
1156 1315 1198 1342 Δι’
1225 1313 1330 1352 ἀγάπης
1353 1313 1489 1344 δουλεύετε
1510 1315 1642 1350 ἀλλήλοις.
1656 1314 1692 1344 Ὁ
1708 1314 1760 1354 γὰρ
1773 1319 1826 1347 πᾶς

1049 1359 1128 1397 νόμος
1144 1361 1171 1388 ἐν
1185 1359 1308 1400 ἑνὶΐλόγῳ
1321 1361 1487 1399 πληροῦται,
1503 1361 1531 1389 ἐν
1544 1362 1592 1400 τῷ,
1608 1360 1766 1400 Ἀγαπήσεις
1779 1359 1824 1389 τὸν

1049 1404 1162 1440 πλησίον
1175 1417 1222 1434 σου
1237 1407 1273 1438 ὡς
1290 1405 1410 1434 σεαυτόν.
1439 1405 1474 1436 ‘O
1492 1408 1603 1445 ἀγαπῶν
1616 1408 1664 1435 οὐκ
1676 1406 1823 1436 ἐπιτάττειν

1052 1451 1175 1490 βούλεται
1186 1451 1265 1490 μόνον
1276 1473 1284 1488 ,
1311 1451 1380 1480 ἀλλὰ
1390 1451 1435 1481 καὶ
1447 1452 1633 1481 ἐπιτάττεσθαι
1645 1464 1651 1470 ·
1676 1453 1722 1482 καὶ
1734 1452 1824 1492 χαίρει

1049 1498 1150 1535 μᾶλλον
1163 1496 1383 1536 ἐπιταττόμενος,
1404 1496 1473 1537 ἤπερ
1485 1497 1642 1527 ἐπιτάττων.
1656 1497 1690 1527 Ὁ
1712 1498 1823 1537 ἀγαπῶν

1048 1541 1203 1581 χαρίζεσθαι
1219 1541 1341 1580 βούλεται
1364 1542 1464 1580 μᾶλλον
1476 1563 1485 1578 ,
1514 1541 1531 1577 ἢ
1551 1541 1630 1582 χάριν
1656 1541 1803 1580 λαμὸάνειν
1816 1554 1822 1560 ·

1049 1587 1118 1616 θέλει
1141 1587 1193 1626 γὰρ
1216 1586 1353 1627 ὀφειλέτην
1373 1587 1444 1626 ἔχειν
1465 1587 1511 1617 τὸν
1533 1587 1608 1627 φίλον
1619 1608 1629 1624 ,
1652 1586 1722 1627 ἤπερ
1746 1585 1823 1620 αὐτὸς

1048 1632 1160 1672 ὀφείλειν
1177 1632 1279 1672 ἐκείνῳ.
1293 1632 1328 1662 Ὁ
1339 1633 1450 1672 ἀγαπῶν
1463 1632 1508 1662 καὶ
1524 1633 1648 1673 βούλεται
1666 1631 1823 1672 χαρίζεσθαι

1047 1680 1086 1718 τῷ
1098 1678 1266 1718 ἀγαπωμένῳ
1276 1701 1286 1715 ,
1312 1677 1358 1707 καὶ
1371 1679 1400 1708 οὗ
1416 1678 1539 1718 βούλεται
1552 1679 1637 1708 δοκεῖν
1651 1678 1819 1719 χαρίζεσθαι,

1047 1724 1093 1753 καὶ
1105 1724 1196 1765 ἄρχειν
1211 1724 1289 1758 αὖτὸς
1312 1724 1461 1764 εὐεργεσίας
1474 1748 1482 1761 ,
1511 1724 1556 1754 καὶ
1573 1724 1611 1764 μὴ
1627 1725 1712 1755 δοκεῖν
1728 1723 1820 1764 ἄρχειν

1047 1771 1205 1811 εὐεργεσίας.
1219 1770 1301 1811 Τάχα
1327 1770 1396 1804 τινὲς
1409 1773 1532 1810 ἀγνοοῦσι
1548 1770 1704 1811 τὸνλεχθέν·
1727 1771 1820 1800 οὐκοῦν

245 1829 287 1858 bis
300 1828 401 1858 Filium
422 1838 501 1857 suum
521 1827 633 1856 daturus
647 1834 714 1862 erat;
730 1834 761 1856 ut
773 1835 862 1857 autem
878 1839 932 1858 non
944 1831 988 1861 vi-
999 1833 1036 1852 ²⁹⁰
1047 1817 1080 1846 δι’
1094 1816 1284 1856 ὖπθδείῖματος
1305 1816 1369 1846 αὐτὸ
1381 1816 1486 1852 ποιήσω
1499 1816 1588 1857 σαφές·
1602 1817 1734 1856 Ἐμελλεν
1748 1818 1762 1846 ὁ
1774 1828 1820 1856 <1³²-

245 1874 355 1904 deretur
369 1874 398 1903 id
412 1874 518 1912 largiri,
532 1872 578 1902 sed
590 1872 711 1902 debitum
725 1873 848 1909 reddere,
862 1877 988 1916 praeoepit

248 1921 400 1949 Abrahamo
413 1927 444 1949 ut
455 1919 543 1948 filium
556 1929 636 1948 suum
653 1918 739 1956 daret,
752 1926 781 1949 ut
793 1930 855 1949 cum
868 1921 987 1961 idipsum

246 1966 303 2005 ipse
321 1967 428 2001 faceret,
443 1975 497 1994 non
511 1964 624 2004 gratiam
637 1971 763 2004 praestare
776 1965 924 2004 videretur,
940 1968 987 1997 sed

244 2011 366 2040 debitum
381 2010 503 2047 reddere,
517 2016 626 2050 propter
639 2010 863 2048 supereminentes
876 2013 988 2043 divitias

245 2058 371 2086 bonitatis
392 2068 458 2087 suae.
482 2056 544 2087 Scio
570 2056 663 2086 multis
689 2056 715 2086 id
726 2079 735 2094 ,
757 2058 828 2095 quod
851 2058 983 2095 diximus,

246 2114 347 2132 novum
372 2103 541 2141 insolensque
559 2102 658 2131 videri.
681 2102 714 2131 In
735 2113 813 2133 causa
830 2111 921 2134 autem
946 2113 986 2136 est

244 2149 318 2187 qnod
340 2149 413 2178 dere
427 2149 532 2187 loquar,
548 2158 607 2186 quae
621 2158 692 2176 nunc
711 2148 739 2176 in
759 2149 831 2178 caelis
851 2158 982 2181 versatur.

245 2194 480 2232 Quemadmodum
506 2194 577 2223 enim
601 2193 624 2222 si
644 2192 678 2222 de
700 2193 789 2233 planta
813 2194 937 2234 loquerer
956 2197 984 2226 in

243 2241 321 2270 India
333 2247 465 2277 nascente,
480 2250 562 2278 quam
575 2249 652 2268 nemo
665 2239 829 2279 experientia
841 2251 985 2280 cognosce-

243 2293 293 2324 ret,
313 2296 366 2315 non
380 2296 485 2326 possem
499 2285 576 2314 illam
589 2295 710 2314 sermone
721 2285 868 2325 explicare,
883 2288 986 2318 etiamsi

243 2340 366 2362 sexcenta
377 2332 412 2361 de
424 2332 472 2361 illa
486 2341 621 2360 narrarem
638 2343 645 2359 ε
661 2331 699 2360 sic
712 2332 792 2361 etiam
805 2342 877 2361 nunc
888 2333 985 2363 frustra

1007 1862 1027 1883 Α
1046 1863 1201 1903 λάνθρωπος
1215 1862 1353 1898 Δεσπότης
1361 1862 1406 1891 τὸν
1415 1862 1479 1892 Υἱὸν
1491 1864 1571 1892 αὐτοῦ
1585 1863 1739 1903 χαρίζεσθαι
1752 1863 1819 1902 ὑπὲρ

1046 1911 1132 1948 ἡμῶν·
1147 1909 1207 1938 ἀλλ’
1231 1908 1275 1938 ἵνα
1290 1908 1327 1947 μὴ
1349 1907 1410 1948 δόξῃ
1433 1908 1603 1948 χαρίζεσθαι,
1632 1910 1691 1939 ἀλλ’
1711 1908 1818 1949 ὀφειλὴν

1045 1955 1198 1984 ἀποδιδόναι
1208 1977 1216 1991 ,
1239 1954 1384 1994 προσέταξε
1398 1956 1436 1994 τῷ
1448 1954 1572 1994 Ἀὅραὰμ
1591 1955 1680 1984 δοῦναι
1701 1954 1746 1984 τὸν
1763 1954 1819 1984 υἱὸν

1044 2002 1133 2036 αὐτοῦ,
1147 2000 1190 2030 ἵνα
1202 2003 1279 2029 τοῦτο
1289 2000 1335 2029 καὶ
1346 2000 1423 2033 αὐτὸς
1435 2002 1527 2037 ποιῶν,
1539 2000 1576 2040 μὴ
1587 2002 1624 2034 ὡς
1632 2001 1709 2041 χάριν
1723 2000 1817 2036 διδοὺς,

1043 2047 1101 2075 ἀλλ’
1115 2048 1151 2079 ὡς
1163 2046 1241 2086 χρέος
1254 2045 1393 2079 ἀποδιδοὺς
1403 2047 1495 2086 εὑρεθῇ
1510 2045 1553 2075 διὰ
1562 2047 1606 2076 τὸν
1620 2046 1819 2087 ὑπερὸάλλοντα

1042 2093 1155 2121 πλοῦτον
1168 2094 1216 2127 τῆς
1230 2093 1310 2121 αὐτοῦ
1325 2091 1495 2131 ἀγαθότητος.
1510 2087 1580 2121 Οἶδα
1591 2092 1633 2121 ὅτι
1646 2092 1715 2126 ξένον
1727 2092 1817 2133 φαίνε-

1042 2149 1086 2166 ται
1099 2141 1153 2170 τοῖς
1163 2138 1270 2170 πολλοῖς
1282 2136 1312 2166 τὸ
1323 2137 1427 2176 λεχθέν.
1442 2136 1483 2166 Τὸ
1493 2137 1520 2166 δὲ
1534 2136 1743 2178 αἴτιον,ἅτιπερὶ
1750 2138 1818 2178 πρά-

1041 2194 1140 2221 γματος
1154 2182 1308 2222 διαλέγομαι
1330 2182 1375 2212 τὸν
1388 2183 1495 2222 οὐρανὸν
1517 2185 1648 2217 οἰκοῦντος
1670 2187 1724 2213 νῦν.
1748 2184 1817 2213 Ὥσ-

1041 2240 1091 2267 περ
1105 2228 1158 2269 γὰρ
1173 2231 1197 2258 εἰ
1214 2228 1303 2268 ἔλεγον
1324 2229 1386 2268 περί
1405 2240 1475 2262 τινος
1488 2232 1569 2269 φυτοῦ
1585 2231 1611 2258 ἐν
1631 2229 1713 2270 Ἰνδίᾳ
1726 2241 1816 2259 τικτο-

1042 2274 1121 2313 μένου
1131 2298 1140 2313 ,
1158 2275 1203 2304 καὶ
1215 2272 1246 2304 οὗ
1258 2275 1350 2314 μηδεὶς
1359 2272 1451 2315 πεῖραν
1467 2275 1570 2313 ἔλαθεν,
1583 2276 1631 2305 οὐκ
1643 2275 1675 2304 ἂν
1686 2275 1794 2316 ἴσχυσεν
1802 2278 1816 2304 ὁ

1040 2325 1116 2364 λόγος
1123 2327 1304 2365 παραστῆσαι,
1315 2324 1363 2354 κᾶν
1372 2325 1453 2365 μυρία
1466 2325 1527 2365 περὶ
1539 2327 1617 2355 αὐτοῦ
1629 2326 1732 2364 ἔλεγον·
1746 2324 1815 2355 οὕτω

243 2379 350 2418 loquar,
369 2388 431 2407 eum
444 2377 554 2417 quidam
568 2387 598 2406 ea
612 2387 672 2415 quae
682 2377 740 2416 jam
752 2376 814 2406 dico
828 2388 881 2407 non
900 2379 983 2410 intel-
1001 2387 1019 2410 Β
1040 2375 1085 2405 καὶ
1096 2379 1140 2405 νῦν
1152 2375 1201 2406 ὅσα
1208 2376 1240 2406 ἂν
1250 2375 1329 2412 εἴπω,
1337 2376 1423 2414 μάτην
1439 2377 1499 2416 ἐρῶ·
1515 2378 1544 2405 οὐ
1561 2376 1613 2415 γὰρ
1625 2376 1815 2409 συνιοῦσίτινες

276 2471 289 2489 ¹³
306 2467 379 2494 Colb.
391 2472 432 2497 τὰς
440 2472 483 2502 γὰρ
493 2471 532 2493 τοῦ
542 2470 644 2494 διαίῖόλου
654 2470 733 2502 upon&-

275 2516 284 2527 ο
302 2509 371 2540 Haec,
387 2511 466 2540 καὶμὴ
478 2510 530 2540 μετ’
547 2510 627 2533 ἐκείνου
640 2508 690 2533 κατ’
705 2509 809 2536 ἀλλήλων
822 2511 943 2540 ἱστάμενοι,
957 2508 1001 2533 de-

242 2554 298 2573 sunt
314 2548 339 2572 in
347 2548 391 2572 Ms.
406 2546 478 2571 (ἴυΙΙ)Δ

1086 2472 1097 2490 ¹¹
1117 2473 1158 2496 bic
1176 2471 1249 2498 Colb.
1262 2471 1342 2498 Savil.
1362 2481 1424 2498 vero
1439 2477 1638 2508 παραχωροῦντας.
1648 2472 1720 2498 Infra
1734 2473 1813 2506 legen-

1050 2509 1111 2534 dum
1124 2517 1186 2542 pulo
1200 2514 1237 2537 οὐκ
1250 2515 1378 2538 ἐπιτάττειν
1389 2515 1414 2538 οὐ
1426 2515 1542 2546 βούλεται.
