<?xml version="1.0" encoding="UTF-8"?>
<!DOCTYPE html PUBLIC "-//W3C//DTD XHTML 1.0 Transitional//EN"
    "http://www.w3.org/TR/xhtml1/DTD/xhtml1-transitional.dtd">
<html xmlns="http://www.w3.org/1999/xhtml" xml:lang="en" lang="en">
 <head>
  <title>
</title>
<meta http-equiv="Content-Type" content="text/html;charset=utf-8" />
  <meta name='ocr-system' content='tesseract 3.04.00' />
  <meta name='ocr-capabilities' content='ocr_page ocr_carea ocr_par ocr_line ocrx_word'/>
</head>
<body>
  <div class='ocr_page' id='page_1' title='image "./operaomniaquaeex06johnuoft_0733.png"; bbox 0 0 1904 2840; ppageno 0'>
   <div class='ocr_carea' id='block_1_1' title="bbox 761 191 1091 216">
    <p class='ocr_par' dir='ltr' id='par_1_1' title="bbox 761 191 1091 216">
     <span class='ocr_line' id='line_1_1' title="bbox 761 191 1091 216; baseline -0.003 0"><span class='ocrx_word' id='word_1_1' title='bbox 761 193 792 216; x_wconf 87' lang='grc' dir='ltr'>ΙΝ</span> <span class='ocrx_word' id='word_1_2' title='bbox 818 191 939 216; x_wconf 72' lang='lat' dir='ltr'>Josssrfl</span> <span class='ocrx_word' id='word_1_3' title='bbox 966 192 1091 216; x_wconf 77' lang='lat' dir='ltr'>SERMO.</span> 
     </span>
    </p>
   </div>
   <div class='ocr_carea' id='block_1_2' title="bbox 1630 182 1697 228">
    <p class='ocr_par' dir='ltr' id='par_1_2' title="bbox 1630 182 1697 228">
     <span class='ocr_line' id='line_1_2' title="bbox 1630 182 1697 228; baseline 0 -13"><span class='ocrx_word' id='word_1_4' title='bbox 1630 182 1697 228; x_wconf 80' lang='lat'>713</span> 
     </span>
    </p>
   </div>
   <div class='ocr_carea' id='block_1_3' title="bbox 131 252 1700 435">
    <p class='ocr_par' dir='ltr' id='par_1_3' title="bbox 131 252 1700 386">
     <span class='ocr_line' id='line_1_3' title="bbox 134 252 1700 296; baseline -0.003 -10"><span class='ocrx_word' id='word_1_5' title='bbox 134 262 197 296; x_wconf 86' lang='lat' dir='ltr'>ptor</span> <span class='ocrx_word' id='word_1_6' title='bbox 207 265 260 286; x_wconf 87' lang='lat' dir='ltr'>uon</span> <span class='ocrx_word' id='word_1_7' title='bbox 274 256 310 285; x_wconf 76' lang='lat' dir='ltr'>ita</span> <span class='ocrx_word' id='word_1_8' title='bbox 319 255 449 295; x_wconf 71' lang='lat' dir='ltr'>strigosus</span> <span class='ocrx_word' id='word_1_9' title='bbox 461 260 512 284; x_wconf 71' lang='lat' dir='ltr'>est.</span> <span class='ocrx_word' id='word_1_10' title='bbox 527 253 570 283; x_wconf 82' lang='lat' dir='ltr'>Ad</span> <span class='ocrx_word' id='word_1_11' title='bbox 586 253 642 283; x_wconf 82' lang='lat' dir='ltr'>haec</span> <span class='ocrx_word' id='word_1_12' title='bbox 654 253 721 283; x_wconf 85' lang='lat' dir='ltr'>solet</span> <span class='ocrx_word' id='word_1_13' title='bbox 732 253 893 283; x_wconf 84' lang='lat' dir='ltr'>Severianus</span> <span class='ocrx_word' id='word_1_14' title='bbox 904 260 1060 293; x_wconf 87' lang='lat' dir='ltr'>argumenta</span> <span class='ocrx_word' id='word_1_15' title='bbox 1073 263 1122 282; x_wconf 84' lang='lat' dir='ltr'>sua</span> <span class='ocrx_word' id='word_1_16' title='bbox 1138 252 1223 282; x_wconf 82' lang='lat' dir='ltr'>fusius</span> <span class='ocrx_word' id='word_1_17' title='bbox 1241 252 1376 292; x_wconf 78' lang='lat' dir='ltr'>persequi,</span> <span class='ocrx_word' id='word_1_18' title='bbox 1392 259 1421 282; x_wconf 88' lang='lat' dir='ltr'>ut</span> <span class='ocrx_word' id='word_1_19' title='bbox 1432 263 1467 283; x_wconf 79' lang='lat' dir='ltr'>ex</span> <span class='ocrx_word' id='word_1_20' title='bbox 1480 253 1536 282; x_wconf 89' lang='lat' dir='ltr'>illis</span> <span class='ocrx_word' id='word_1_21' title='bbox 1548 263 1608 293; x_wconf 86' lang='lat' dir='ltr'>quae</span> <span class='ocrx_word' id='word_1_22' title='bbox 1619 264 1700 293; x_wconf 85' lang='lat' dir='ltr'>supra</span> 
     </span>
     <span class='ocr_line' id='line_1_4' title="bbox 134 298 1700 341; baseline -0.001 -11"><span class='ocrx_word' id='word_1_23' title='bbox 134 301 259 331; x_wconf 76' lang='lat' dir='ltr'>dedimus</span> <span class='ocrx_word' id='word_1_24' title='bbox 271 300 408 332; x_wconf 64' lang='lat' dir='ltr'>Severini</span> <span class='ocrx_word' id='word_1_25' title='bbox 421 300 550 341; x_wconf 86' lang='lat' dir='ltr'>operibus</span> <span class='ocrx_word' id='word_1_26' title='bbox 557 299 759 340; x_wconf 71' lang='lat' dir='ltr'>deprehendere</span> <span class='ocrx_word' id='word_1_27' title='bbox 771 306 821 330; x_wconf 62' lang='lat' dir='ltr'>est.</span> <span class='ocrx_word' id='word_1_28' title='bbox 837 300 1005 340; x_wconf 88' lang='lat' dir='ltr'>Insuperque</span> <span class='ocrx_word' id='word_1_29' title='bbox 1018 299 1076 328; x_wconf 90' lang='lat' dir='ltr'>sine</span> <span class='ocrx_word' id='word_1_30' title='bbox 1088 299 1144 328; x_wconf 85' lang='lat' dir='ltr'>ulla</span> <span class='ocrx_word' id='word_1_31' title='bbox 1157 299 1201 329; x_wconf 85' lang='lat' dir='ltr'>vel</span> <span class='ocrx_word' id='word_1_32' title='bbox 1213 298 1351 339; x_wconf 88' lang='lat' dir='ltr'>scriptoris</span> <span class='ocrx_word' id='word_1_33' title='bbox 1367 299 1409 330; x_wconf 88' lang='lat' dir='ltr'>vel</span> <span class='ocrx_word' id='word_1_34' title='bbox 1419 300 1598 340; x_wconf 84' lang='lat' dir='ltr'>Manuscripti</span> <span class='ocrx_word' id='word_1_35' title='bbox 1609 301 1700 340; x_wconf 81' lang='lat' dir='ltr'>cujus-</span> 
     </span>
     <span class='ocr_line' id='line_1_5' title="bbox 131 345 1369 386; baseline 0.001 -10"><span class='ocrx_word' id='word_1_36' title='bbox 131 347 204 386; x_wconf 88' lang='lat' dir='ltr'>piam</span> <span class='ocrx_word' id='word_1_37' title='bbox 214 347 370 378; x_wconf 75' lang='lat' dir='ltr'>amttoritate</span> <span class='ocrx_word' id='word_1_38' title='bbox 378 347 504 377; x_wconf 84' lang='lat' dir='ltr'>nonlicet</span> <span class='ocrx_word' id='word_1_39' title='bbox 512 347 570 376; x_wconf 79' lang='lat' dir='ltr'>haec</span> <span class='ocrx_word' id='word_1_40' title='bbox 583 346 728 377; x_wconf 81' lang='lat' dir='ltr'>Severiano</span> <span class='ocrx_word' id='word_1_41' title='bbox 739 345 901 383; x_wconf 79' lang='lat' dir='ltr'>adscribere,</span> <span class='ocrx_word' id='word_1_42' title='bbox 914 346 1056 385; x_wconf 85' lang='lat' dir='ltr'>multoque</span> <span class='ocrx_word' id='word_1_43' title='bbox 1067 346 1156 376; x_wconf 86' lang='lat' dir='ltr'>minus</span> <span class='ocrx_word' id='word_1_44' title='bbox 1167 346 1369 386; x_wconf 85' lang='lat' dir='ltr'>Chrysostomo.</span> 
     </span>
    </p>

    <p class='ocr_par' dir='ltr' id='par_1_4' title="bbox 172 393 1072 435">
     <span class='ocr_line' id='line_1_6' title="bbox 172 393 1072 435; baseline -0.003 -10"><span class='ocrx_word' id='word_1_45' title='bbox 172 394 322 434; x_wconf 82' lang='lat' dir='ltr'>Utriusque</span> <span class='ocrx_word' id='word_1_46' title='bbox 331 394 458 425; x_wconf 88' lang='lat' dir='ltr'>orationis</span> <span class='ocrx_word' id='word_1_47' title='bbox 471 394 652 435; x_wconf 77' lang='lat' dir='ltr'>interpretatio</span> <span class='ocrx_word' id='word_1_48' title='bbox 667 393 760 424; x_wconf 82' lang='lat' dir='ltr'>Latina</span> <span class='ocrx_word' id='word_1_49' title='bbox 769 400 808 423; x_wconf 90' lang='lat' dir='ltr'>est</span> <span class='ocrx_word' id='word_1_50' title='bbox 817 393 960 423; x_wconf 82' lang='lat' dir='ltr'>Frontonis</span> <span class='ocrx_word' id='word_1_51' title='bbox 968 393 1072 423; x_wconf 82' lang='lat' dir='ltr'>Ducaei.</span> 
     </span>
    </p>
   </div>
   <div class='ocr_carea' id='block_1_4' title="bbox 251 574 778 616">
    <p class='ocr_par' dir='ltr' id='par_1_5' title="bbox 251 574 778 616">
     <span class='ocr_line' id='line_1_7' title="bbox 251 574 778 616; baseline -0.004 -10"><span class='ocrx_word' id='word_1_52' title='bbox 251 576 298 610; x_wconf 81' lang='grc' dir='ltr'>Εἰς</span> <span class='ocrx_word' id='word_1_53' title='bbox 308 576 353 605; x_wconf 69' lang='grc' dir='ltr'>τὸν</span> <span class='ocrx_word' id='word_1_54' title='bbox 364 575 463 616; x_wconf 73' lang='grc' dir='ltr'>Ἰωσὴφ</span> <span class='ocrx_word' id='word_1_55' title='bbox 472 575 588 615; x_wconf 76' lang='grc' dir='ltr'>καὶπερὶ</span> <span class='ocrx_word' id='word_1_56' title='bbox 598 574 778 615; x_wconf 80' lang='grc' dir='ltr'>σωφροσύνης.</span> 
     </span>
    </p>
   </div>
   <div class='ocr_carea' id='block_1_5' title="bbox 169 666 938 708">
    <p class='ocr_par' dir='ltr' id='par_1_6' title="bbox 169 666 938 708">
     <span class='ocr_line' id='line_1_8' title="bbox 169 666 938 708; baseline -0.005 -10"><span class='ocrx_word' id='word_1_57' title='bbox 169 669 205 699; x_wconf 80' lang='grc' dir='ltr'>Οἱ</span> <span class='ocrx_word' id='word_1_58' title='bbox 219 669 249 698; x_wconf 76' lang='grc' dir='ltr'>ἐκ</span> <span class='ocrx_word' id='word_1_59' title='bbox 268 668 399 708; x_wconf 72' lang='grc' dir='ltr'>πελάγους</span> <span class='ocrx_word' id='word_1_60' title='bbox 420 667 523 707; x_wconf 81' lang='grc' dir='ltr'>μεγάλα</span> <span class='ocrx_word' id='word_1_61' title='bbox 547 667 700 700; x_wconf 80' lang='grc' dir='ltr'>σαλεύοντες</span> <span class='ocrx_word' id='word_1_62' title='bbox 720 666 896 706; x_wconf 78' lang='grc' dir='ltr'>κυὸερνῆται,</span> <span class='ocrx_word' id='word_1_63' title='bbox 918 675 938 698; x_wconf 71' lang='grc' dir='ltr'><strong>Α</strong></span> 
     </span>
    </p>
   </div>
   <div class='ocr_carea' id='block_1_6' title="bbox 126 704 898 1112">
    <p class='ocr_par' dir='ltr' id='par_1_7' title="bbox 126 704 898 1112">
     <span class='ocr_line' id='line_1_9' title="bbox 130 704 898 748; baseline -0.005 -10"><span class='ocrx_word' id='word_1_64' title='bbox 130 704 168 742; x_wconf 75' lang='grc' dir='ltr'>οἷς</span> <span class='ocrx_word' id='word_1_65' title='bbox 188 710 236 738; x_wconf 77' lang='grc' dir='ltr'>οὐκ</span> <span class='ocrx_word' id='word_1_66' title='bbox 248 708 371 748; x_wconf 84' lang='grc' dir='ltr'>ἤπειρος,</span> <span class='ocrx_word' id='word_1_67' title='bbox 391 708 440 737; x_wconf 84' lang='grc' dir='ltr'>οὔκ</span> <span class='ocrx_word' id='word_1_68' title='bbox 456 707 527 747; x_wconf 84' lang='grc' dir='ltr'>ὄρος,</span> <span class='ocrx_word' id='word_1_69' title='bbox 547 709 576 737; x_wconf 81' lang='grc' dir='ltr'>οὖ</span> <span class='ocrx_word' id='word_1_70' title='bbox 610 707 682 740; x_wconf 80' lang='grc' dir='ltr'>ουνὸς</span> <span class='ocrx_word' id='word_1_71' title='bbox 690 730 699 744; x_wconf 90' lang='grc'>,</span> <span class='ocrx_word' id='word_1_72' title='bbox 724 707 753 735; x_wconf 86' lang='grc' dir='ltr'>οὖ</span> <span class='ocrx_word' id='word_1_73' title='bbox 773 706 898 735; x_wconf 81' lang='grc' dir='ltr'>σκόπελοί</span> 
     </span>
     <span class='ocr_line' id='line_1_10' title="bbox 130 745 896 788; baseline -0.003 -11"><span class='ocrx_word' id='word_1_74' title='bbox 130 760 196 781; x_wconf 87' lang='grc' dir='ltr'>τινες</span> <span class='ocrx_word' id='word_1_75' title='bbox 209 748 256 784; x_wconf 73' lang='grc' dir='ltr'>τὴν</span> <span class='ocrx_word' id='word_1_76' title='bbox 267 748 363 788; x_wconf 73' lang='grc' dir='ltr'>χερσὸν</span> <span class='ocrx_word' id='word_1_77' title='bbox 374 746 568 786; x_wconf 84' lang='grc' dir='ltr'>σημαίνουσι,π</span> <span class='ocrx_word' id='word_1_78' title='bbox 599 758 611 780; x_wconf 88' lang='grc' dir='ltr'>ς</span> <span class='ocrx_word' id='word_1_79' title='bbox 622 758 694 780; x_wconf 80' lang='grc' dir='ltr'>τινας</span> <span class='ocrx_word' id='word_1_80' title='bbox 703 745 815 786; x_wconf 75' lang='grc' dir='ltr'>ἀστέρας</span> <span class='ocrx_word' id='word_1_81' title='bbox 828 748 896 775; x_wconf 84' lang='grc' dir='ltr'>ἄπο-</span> 
     </span>
     <span class='ocr_line' id='line_1_11' title="bbox 128 785 897 828; baseline -0.004 -11"><span class='ocrx_word' id='word_1_82' title='bbox 128 788 282 823; x_wconf 74' lang='grc' dir='ltr'>ὅλέποντες,</span> <span class='ocrx_word' id='word_1_83' title='bbox 302 786 425 828; x_wconf 79' lang='grc' dir='ltr'>καὶπρὸς</span> <span class='ocrx_word' id='word_1_84' title='bbox 438 786 551 820; x_wconf 76' lang='grc' dir='ltr'>ἐκείνους</span> <span class='ocrx_word' id='word_1_85' title='bbox 569 787 599 816; x_wconf 83' lang='grc' dir='ltr'>τὸ</span> <span class='ocrx_word' id='word_1_86' title='bbox 620 786 717 823; x_wconf 81' lang='grc' dir='ltr'>σκάφος</span> <span class='ocrx_word' id='word_1_87' title='bbox 732 785 897 826; x_wconf 76' lang='grc' dir='ltr'>ῥυθμίζοντες</span> 
     </span>
     <span class='ocr_line' id='line_1_12' title="bbox 128 825 897 875; baseline -0.004 -18"><span class='ocrx_word' id='word_1_88' title='bbox 128 827 290 868; x_wconf 75' lang='grc' dir='ltr'>ἀναυᾶγητοι</span> <span class='ocrx_word' id='word_1_89' title='bbox 303 826 484 866; x_wconf 81' lang='grc' dir='ltr'>διαμένουσιν·</span> <span class='ocrx_word' id='word_1_90' title='bbox 497 828 521 857; x_wconf 77' lang='grc' dir='ltr'>οἱ</span> <span class='ocrx_word' id='word_1_91' title='bbox 534 826 563 855; x_wconf 79' lang='grc' dir='ltr'>δέ</span> <span class='ocrx_word' id='word_1_92' title='bbox 575 837 606 866; x_wconf 83' lang='grc' dir='ltr'>γε</span> <span class='ocrx_word' id='word_1_93' title='bbox 615 828 663 862; x_wconf 72' lang='grc' dir='ltr'>τῆς</span> <span class='ocrx_word' id='word_1_94' title='bbox 671 825 835 875; x_wconf 70' lang='grc' dir='ltr'>Ἐκκλησίας</span> <span class='ocrx_word' id='word_1_95' title='bbox 849 837 897 864; x_wconf 87' lang='grc' dir='ltr'>μα-</span> 
     </span>
     <span class='ocr_line' id='line_1_13' title="bbox 127 865 896 917; baseline -0.003 -21"><span class='ocrx_word' id='word_1_96' title='bbox 127 867 205 904; x_wconf 84' lang='grc' dir='ltr'>θηταὶ</span> <span class='ocrx_word' id='word_1_97' title='bbox 219 869 243 896; x_wconf 78' lang='grc' dir='ltr'>οἱ</span> <span class='ocrx_word' id='word_1_98' title='bbox 254 868 281 896; x_wconf 83' lang='grc' dir='ltr'>ἐν</span> <span class='ocrx_word' id='word_1_99' title='bbox 295 868 332 906; x_wconf 74' lang='grc' dir='ltr'>τῷ</span> <span class='ocrx_word' id='word_1_100' title='bbox 346 866 456 904; x_wconf 78' lang='grc' dir='ltr'>πελάγει</span> <span class='ocrx_word' id='word_1_101' title='bbox 467 869 512 896; x_wconf 77' lang='grc' dir='ltr'>τοῦ</span> <span class='ocrx_word' id='word_1_102' title='bbox 526 865 584 915; x_wconf 68' lang='grc' dir='ltr'>βίου</span> <span class='ocrx_word' id='word_1_103' title='bbox 599 865 692 916; x_wconf 50' lang='grc' dir='ltr'>τούτου,</span> <span class='ocrx_word' id='word_1_104' title='bbox 705 876 876 917; x_wconf 50' lang='grc' dir='ltr'>τυγχανοντες</span> <span class='ocrx_word' id='word_1_105' title='bbox 888 886 896 899; x_wconf 93' lang='grc'>,</span> 
     </span>
     <span class='ocr_line' id='line_1_14' title="bbox 127 905 898 978; baseline -0.004 -2"><span class='ocrx_word' id='word_1_106' title='bbox 127 908 156 936; x_wconf 65' lang='lat'>⁰⁶</span> <span class='ocrx_word' id='word_1_107' title='bbox 169 907 234 975; x_wconf 57' lang='lat' dir='ltr'>&#39;&#39;ff&#39;‘</span> <span class='ocrx_word' id='word_1_108' title='bbox 246 905 359 976; x_wconf 46' lang='lat' dir='ltr'>“ff“</span> <span class='ocrx_word' id='word_1_109' title='bbox 371 905 443 955; x_wconf 60' lang='lat'>“⁹⁶²‘’</span> <span class='ocrx_word' id='word_1_110' title='bbox 456 905 746 978; x_wconf 43' lang='lat' dir='ltr'>³334?ssthss</span> <span class='ocrx_word' id='word_1_111' title='bbox 760 916 824 974; x_wconf 57' lang='lat'>“33</span> <span class='ocrx_word' id='word_1_112' title='bbox 837 916 898 978; x_wconf 64' lang='grc' dir='ltr'>ἶῗῖῑῖ</span> 
     </span>
     <span class='ocr_line' id='line_1_15' title="bbox 126 957 896 1053; baseline -0.003 -38"><span class='ocrx_word' id='word_1_113' title='bbox 126 958 242 1016; x_wconf 53' lang='grc' dir='ltr'>ζκζτίνιῖἶις</span> <span class='ocrx_word' id='word_1_114' title='bbox 252 957 538 1053; x_wconf 47' lang='grc' dir='ltr'>ἶένεσξιιζεῖθζὶηςψυῇἥς</span> <span class='ocrx_word' id='word_1_115' title='bbox 563 958 778 1020; x_wconf 58' lang='grc' dir='ltr'>ἀξιολουθοῦντξς,</span> <span class='ocrx_word' id='word_1_116' title='bbox 801 986 836 1017; x_wconf 85' lang='grc' dir='ltr'>εἷς</span> <span class='ocrx_word' id='word_1_117' title='bbox 849 967 896 1013; x_wconf 45' lang='grc' dir='ltr'>’τὸν</span> 
     </span>
     <span class='ocr_line' id='line_1_16' title="bbox 127 1023 898 1073; baseline -0.003 -18"><span class='ocrx_word' id='word_1_118' title='bbox 127 1025 204 1055; x_wconf 75' lang='grc' dir='ltr'>αὐτὸν</span> <span class='ocrx_word' id='word_1_119' title='bbox 217 1027 312 1063; x_wconf 86' lang='grc' dir='ltr'>λιμενα</span> <span class='ocrx_word' id='word_1_120' title='bbox 325 1026 373 1060; x_wconf 75' lang='grc' dir='ltr'>τῆς</span> <span class='ocrx_word' id='word_1_121' title='bbox 387 1025 479 1064; x_wconf 85' lang='grc' dir='ltr'>βασιλε</span> <span class='ocrx_word' id='word_1_122' title='bbox 491 1037 522 1058; x_wconf 91' lang='grc' dir='ltr'>ας</span> <span class='ocrx_word' id='word_1_123' title='bbox 535 1024 681 1054; x_wconf 78' lang='grc' dir='ltr'>ἐλαύνουσι.</span> <span class='ocrx_word' id='word_1_124' title='bbox 692 1025 744 1053; x_wconf 79' lang='grc' dir='ltr'>Διὰ</span> <span class='ocrx_word' id='word_1_125' title='bbox 758 1026 835 1053; x_wconf 83' lang='grc' dir='ltr'>τοῦτο</span> <span class='ocrx_word' id='word_1_126' title='bbox 847 1023 898 1073; x_wconf 68' lang='grc' dir='ltr'>γρῖρ</span> 
     </span>
     <span class='ocr_line' id='line_1_17' title="bbox 126 1063 898 1112; baseline -0.004 -18"><span class='ocrx_word' id='word_1_127' title='bbox 126 1076 168 1094; x_wconf 88' lang='grc' dir='ltr'>τοι</span> <span class='ocrx_word' id='word_1_128' title='bbox 189 1065 235 1095; x_wconf 74' lang='grc' dir='ltr'>καὶ</span> <span class='ocrx_word' id='word_1_129' title='bbox 247 1067 262 1095; x_wconf 80' lang='grc' dir='ltr'>ὁ</span> <span class='ocrx_word' id='word_1_130' title='bbox 275 1064 370 1105; x_wconf 84' lang='grc' dir='ltr'>Κύριος</span> <span class='ocrx_word' id='word_1_131' title='bbox 381 1065 458 1103; x_wconf 80' lang='grc' dir='ltr'>ἡμῶν</span> <span class='ocrx_word' id='word_1_132' title='bbox 472 1066 499 1094; x_wconf 81' lang='grc' dir='ltr'>ἐν</span> <span class='ocrx_word' id='word_1_133' title='bbox 509 1068 567 1098; x_wconf 86' lang='grc' dir='ltr'>ταῖς</span> <span class='ocrx_word' id='word_1_134' title='bbox 580 1066 661 1104; x_wconf 75' lang='grc' dir='ltr'>ἱεραῖς</span> <span class='ocrx_word' id='word_1_135' title='bbox 671 1063 771 1103; x_wconf 71' lang='grc' dir='ltr'>βίὸλοις</span> <span class='ocrx_word' id='word_1_136' title='bbox 784 1064 828 1093; x_wconf 78' lang='grc' dir='ltr'>τὸν</span> <span class='ocrx_word' id='word_1_137' title='bbox 844 1066 898 1112; x_wconf 48' lang='grc' dir='ltr'>βιόν</span> 
     </span>
    </p>
   </div>
   <div class='ocr_carea' id='block_1_7' title="bbox 127 1103 937 1180">
    <p class='ocr_par' dir='ltr' id='par_1_8' title="bbox 127 1103 937 1180">
     <span class='ocr_line' id='line_1_18' title="bbox 127 1103 937 1180; baseline -0.005 -45"><span class='ocrx_word' id='word_1_138' title='bbox 127 1105 215 1135; x_wconf 77' lang='grc' dir='ltr'>αὐτῶν</span> <span class='ocrx_word' id='word_1_139' title='bbox 230 1103 402 1145; x_wconf 80' lang='grc' dir='ltr'>ἀνεκήρυξεν,</span> <span class='ocrx_word' id='word_1_140' title='bbox 420 1103 512 1180; x_wconf 44' lang='lat' dir='ltr'>lux&amp;</span> <span class='ocrx_word' id='word_1_141' title='bbox 535 1103 613 1142; x_wconf 84' lang='grc' dir='ltr'>μόνον</span> <span class='ocrx_word' id='word_1_142' title='bbox 633 1103 771 1136; x_wconf 77' lang='grc' dir='ltr'>ἀκούοντες</span> <span class='ocrx_word' id='word_1_143' title='bbox 784 1104 899 1132; x_wconf 79' lang='grc' dir='ltr'>ἐπαινω-</span> <span class='ocrx_word' id='word_1_144' title='bbox 919 1114 937 1137; x_wconf 80' lang='grc' dir='ltr'><strong><em>Β</em></strong></span> 
     </span>
    </p>
   </div>
   <div class='ocr_carea' id='block_1_8' title="bbox 128 1142 901 1343">
    <p class='ocr_par' dir='ltr' id='par_1_9' title="bbox 128 1142 901 1343">
     <span class='ocr_line' id='line_1_19' title="bbox 129 1142 900 1183; baseline -0.004 -9"><span class='ocrx_word' id='word_1_145' title='bbox 129 1156 193 1183; x_wconf 86' lang='grc' dir='ltr'>μεν,</span> <span class='ocrx_word' id='word_1_146' title='bbox 207 1145 265 1174; x_wconf 82' lang='grc' dir='ltr'>ἀλλ’</span> <span class='ocrx_word' id='word_1_147' title='bbox 284 1143 328 1173; x_wconf 74' lang='grc' dir='ltr'>ἵνα</span> <span class='ocrx_word' id='word_1_148' title='bbox 345 1143 391 1173; x_wconf 79' lang='grc' dir='ltr'>καὶ</span> <span class='ocrx_word' id='word_1_149' title='bbox 413 1146 464 1173; x_wconf 82' lang='grc' dir='ltr'>ποθ</span> <span class='ocrx_word' id='word_1_150' title='bbox 483 1155 575 1177; x_wconf 83' lang='grc' dir='ltr'>σαντες</span> <span class='ocrx_word' id='word_1_151' title='bbox 593 1143 642 1179; x_wconf 79' lang='grc' dir='ltr'>τὴν</span> <span class='ocrx_word' id='word_1_152' title='bbox 660 1145 747 1173; x_wconf 80' lang='grc' dir='ltr'>αὐτῶν</span> <span class='ocrx_word' id='word_1_153' title='bbox 765 1142 900 1172; x_wconf 78' lang='grc' dir='ltr'>πολιτείαν</span> 
     </span>
     <span class='ocr_line' id='line_1_20' title="bbox 128 1178 900 1223; baseline -0.003 -9"><span class='ocrx_word' id='word_1_154' title='bbox 128 1184 299 1223; x_wconf 84' lang='grc' dir='ltr'>ζηλώσωμεν.</span> <span class='ocrx_word' id='word_1_155' title='bbox 326 1183 414 1213; x_wconf 81' lang='grc' dir='ltr'>Φύσει</span> <span class='ocrx_word' id='word_1_156' title='bbox 436 1183 487 1223; x_wconf 80' lang='grc' dir='ltr'>γὰρ</span> <span class='ocrx_word' id='word_1_157' title='bbox 514 1182 655 1223; x_wconf 79' lang='grc' dir='ltr'>φιλόκαλον</span> <span class='ocrx_word' id='word_1_158' title='bbox 668 1178 748 1212; x_wconf 67' lang='grc' dir='ltr'>οὖσαν</span> <span class='ocrx_word' id='word_1_159' title='bbox 762 1182 810 1218; x_wconf 67' lang='grc' dir='ltr'>τὴν</span> <span class='ocrx_word' id='word_1_160' title='bbox 825 1182 900 1222; x_wconf 79' lang='grc' dir='ltr'>φύσιν</span> 
     </span>
     <span class='ocr_line' id='line_1_21' title="bbox 128 1221 901 1264; baseline -0.001 -12"><span class='ocrx_word' id='word_1_161' title='bbox 128 1225 180 1252; x_wconf 78' lang='grc' dir='ltr'>τῶν</span> <span class='ocrx_word' id='word_1_162' title='bbox 195 1223 338 1264; x_wconf 76' lang='grc' dir='ltr'>ἀνθρώπων</span> <span class='ocrx_word' id='word_1_163' title='bbox 349 1221 423 1256; x_wconf 81' lang='grc' dir='ltr'>εἰδὼς</span> <span class='ocrx_word' id='word_1_164' title='bbox 437 1225 451 1252; x_wconf 87' lang='grc' dir='ltr'><strong>ὁ</strong></span> <span class='ocrx_word' id='word_1_165' title='bbox 459 1222 564 1263; x_wconf 82' lang='grc' dir='ltr'>Κύριος,</span> <span class='ocrx_word' id='word_1_166' title='bbox 573 1223 618 1252; x_wconf 81' lang='grc' dir='ltr'>καὶ</span> <span class='ocrx_word' id='word_1_167' title='bbox 629 1222 670 1252; x_wconf 77' lang='grc' dir='ltr'>ἀεὶ</span> <span class='ocrx_word' id='word_1_168' title='bbox 682 1225 733 1252; x_wconf 82' lang='grc' dir='ltr'>τῶν</span> <span class='ocrx_word' id='word_1_169' title='bbox 746 1221 901 1262; x_wconf 80' lang='grc' dir='ltr'>κρειττόνων</span> 
     </span>
     <span class='ocr_line' id='line_1_22' title="bbox 129 1262 901 1303; baseline -0.001 -11"><span class='ocrx_word' id='word_1_170' title='bbox 129 1263 172 1292; x_wconf 79' lang='grc' dir='ltr'>διὰ</span> <span class='ocrx_word' id='word_1_171' title='bbox 190 1262 340 1303; x_wconf 69' lang='grc' dir='ltr'>φιλοτιμίαν</span> <span class='ocrx_word' id='word_1_172' title='bbox 358 1262 514 1302; x_wconf 75' lang='grc' dir='ltr'>ἐφιεμένην,</span> <span class='ocrx_word' id='word_1_173' title='bbox 535 1262 625 1302; x_wconf 83' lang='grc' dir='ltr'>ὥσπερ</span> <span class='ocrx_word' id='word_1_174' title='bbox 644 1262 743 1301; x_wconf 83' lang='grc' dir='ltr'>κόσμιά</span> <span class='ocrx_word' id='word_1_175' title='bbox 755 1274 814 1291; x_wconf 87' lang='grc' dir='ltr'>τινα</span> <span class='ocrx_word' id='word_1_176' title='bbox 832 1273 901 1301; x_wconf 85' lang='grc' dir='ltr'>προ-</span> 
     </span>
     <span class='ocr_line' id='line_1_23' title="bbox 128 1302 901 1343; baseline -0.003 -11"><span class='ocrx_word' id='word_1_177' title='bbox 128 1302 228 1332; x_wconf 83' lang='grc' dir='ltr'>τέθεικε</span> <span class='ocrx_word' id='word_1_178' title='bbox 241 1302 300 1336; x_wconf 69' lang='grc' dir='ltr'>τοὺς</span> <span class='ocrx_word' id='word_1_179' title='bbox 312 1303 366 1332; x_wconf 78' lang='grc' dir='ltr'>τῶν</span> <span class='ocrx_word' id='word_1_180' title='bbox 379 1302 500 1343; x_wconf 83' lang='grc' dir='ltr'>πατέρων</span> <span class='ocrx_word' id='word_1_181' title='bbox 512 1302 619 1338; x_wconf 78' lang='grc' dir='ltr'>ἄθλους,</span> <span class='ocrx_word' id='word_1_182' title='bbox 641 1302 685 1331; x_wconf 75' lang='grc' dir='ltr'>ἵνα</span> <span class='ocrx_word' id='word_1_183' title='bbox 702 1302 810 1334; x_wconf 77' lang='grc' dir='ltr'>ἕκαστος</span> <span class='ocrx_word' id='word_1_184' title='bbox 823 1303 901 1340; x_wconf 79' lang='grc' dir='ltr'>ἡμῶν</span> 
     </span>
    </p>
   </div>
   <div class='ocr_carea' id='block_1_9' title="bbox 128 1341 909 1390">
    <p class='ocr_par' dir='ltr' id='par_1_10' title="bbox 128 1341 909 1390">
     <span class='ocr_line' id='line_1_24' title="bbox 128 1341 909 1390; baseline -0.001 -19"><span class='ocrx_word' id='word_1_185' title='bbox 128 1343 194 1382; x_wconf 84' lang='grc' dir='ltr'>πρὸς</span> <span class='ocrx_word' id='word_1_186' title='bbox 206 1342 239 1378; x_wconf 74' lang='grc' dir='ltr'>ἣν</span> <span class='ocrx_word' id='word_1_187' title='bbox 254 1341 284 1371; x_wconf 72' lang='grc' dir='ltr'>ἂν</span> <span class='ocrx_word' id='word_1_188' title='bbox 298 1341 426 1381; x_wconf 82' lang='grc' dir='ltr'>βούληται</span> <span class='ocrx_word' id='word_1_189' title='bbox 444 1343 553 1377; x_wconf 79' lang='grc' dir='ltr'>ἄθλησιν</span> <span class='ocrx_word' id='word_1_190' title='bbox 573 1342 666 1371; x_wconf 80' lang='grc' dir='ltr'>ἑαυτὸν</span> <span class='ocrx_word' id='word_1_191' title='bbox 690 1341 909 1390; x_wconf 43' lang='grc' dir='ltr'>μεῖαῤῥυθμίζῃ..</span> 
     </span>
    </p>
   </div>
   <div class='ocr_carea' id='block_1_10' title="bbox 129 1378 901 1738">
    <p class='ocr_par' dir='ltr' id='par_1_11' title="bbox 129 1378 901 1738">
     <span class='ocr_line' id='line_1_25' title="bbox 129 1378 899 1421; baseline -0.001 -10"><span class='ocrx_word' id='word_1_192' title='bbox 129 1381 282 1421; x_wconf 77' lang='grc' dir='ltr'>Ὑπομονῆς</span> <span class='ocrx_word' id='word_1_193' title='bbox 302 1378 345 1411; x_wconf 67' lang='grc' dir='ltr'>οὖν</span> <span class='ocrx_word' id='word_1_194' title='bbox 366 1381 522 1414; x_wconf 81' lang='grc' dir='ltr'>διδάσκαλος</span> <span class='ocrx_word' id='word_1_195' title='bbox 544 1381 562 1410; x_wconf 80' lang='grc' dir='ltr'><strong><em>ἅ</em></strong></span> <span class='ocrx_word' id='word_1_196' title='bbox 579 1393 649 1415; x_wconf 79' lang='grc' dir='ltr'>ιστος</span> <span class='ocrx_word' id='word_1_197' title='bbox 666 1384 680 1411; x_wconf 82' lang='grc' dir='ltr'>ὁ</span> <span class='ocrx_word' id='word_1_198' title='bbox 700 1393 745 1411; x_wconf 88' lang='grc' dir='ltr'>του</span> <span class='ocrx_word' id='word_1_199' title='bbox 769 1381 899 1421; x_wconf 79' lang='grc' dir='ltr'>μακαρίου</span> 
     </span>
     <span class='ocr_line' id='line_1_26' title="bbox 130 1419 900 1462; baseline -0.001 -12"><span class='ocrx_word' id='word_1_200' title='bbox 130 1420 193 1451; x_wconf 80' lang='grc' dir='ltr'>Ἰὼ6</span> <span class='ocrx_word' id='word_1_201' title='bbox 211 1421 283 1462; x_wconf 86' lang='grc' dir='ltr'>βίος,</span> <span class='ocrx_word' id='word_1_202' title='bbox 294 1420 485 1456; x_wconf 80' lang='grc' dir='ltr'>ἂνεξικακίαςό</span> <span class='ocrx_word' id='word_1_203' title='bbox 501 1423 548 1450; x_wconf 82' lang='grc' dir='ltr'>τοῦ</span> <span class='ocrx_word' id='word_1_204' title='bbox 590 1421 695 1454; x_wconf 81' lang='grc' dir='ltr'>ωὓσέως</span> <span class='ocrx_word' id='word_1_205' title='bbox 704 1444 712 1457; x_wconf 91' lang='grc'>,</span> <span class='ocrx_word' id='word_1_206' title='bbox 726 1419 874 1461; x_wconf 82' lang='grc' dir='ltr'>πραότητος</span> <span class='ocrx_word' id='word_1_207' title='bbox 885 1423 900 1450; x_wconf 83' lang='grc' dir='ltr'>ὁ</span> 
     </span>
     <span class='ocr_line' id='line_1_27' title="bbox 129 1460 898 1500; baseline -0.001 -10"><span class='ocrx_word' id='word_1_208' title='bbox 129 1464 176 1491; x_wconf 73' lang='grc' dir='ltr'>τοῦ</span> <span class='ocrx_word' id='word_1_209' title='bbox 189 1461 273 1490; x_wconf 71' lang='grc' dir='ltr'>Δαυὶδ</span> <span class='ocrx_word' id='word_1_210' title='bbox 282 1483 291 1497; x_wconf 92' lang='grc'>,</span> <span class='ocrx_word' id='word_1_211' title='bbox 311 1460 434 1496; x_wconf 86' lang='grc' dir='ltr'>νηστείας</span> <span class='ocrx_word' id='word_1_212' title='bbox 453 1460 498 1490; x_wconf 75' lang='grc' dir='ltr'>καὶ</span> <span class='ocrx_word' id='word_1_213' title='bbox 519 1462 670 1500; x_wconf 79' lang='grc' dir='ltr'>προσευχῆς</span> <span class='ocrx_word' id='word_1_214' title='bbox 683 1463 698 1490; x_wconf 84' lang='grc' dir='ltr'>ὁ</span> <span class='ocrx_word' id='word_1_215' title='bbox 711 1464 758 1490; x_wconf 78' lang='grc' dir='ltr'>τοῦ</span> <span class='ocrx_word' id='word_1_216' title='bbox 778 1460 880 1496; x_wconf 79' lang='grc' dir='ltr'>Δανιὴλ</span> <span class='ocrx_word' id='word_1_217' title='bbox 891 1483 898 1496; x_wconf 98' lang='grc'>,</span> 
     </span>
     <span class='ocr_line' id='line_1_28' title="bbox 131 1500 899 1541; baseline -0.001 -11"><span class='ocrx_word' id='word_1_218' title='bbox 131 1500 300 1541; x_wconf 76' lang='grc' dir='ltr'>σωφροσύνης</span> <span class='ocrx_word' id='word_1_219' title='bbox 312 1503 326 1531; x_wconf 83' lang='grc' dir='ltr'><strong>ὁ</strong></span> <span class='ocrx_word' id='word_1_220' title='bbox 342 1502 388 1530; x_wconf 83' lang='grc' dir='ltr'>τοῦ</span> <span class='ocrx_word' id='word_1_221' title='bbox 404 1500 503 1540; x_wconf 79' lang='grc' dir='ltr'>Ἰωσὴφ</span> <span class='ocrx_word' id='word_1_222' title='bbox 516 1500 562 1529; x_wconf 80' lang='grc' dir='ltr'>καὶ</span> <span class='ocrx_word' id='word_1_223' title='bbox 578 1502 626 1535; x_wconf 79' lang='grc' dir='ltr'>τῆς</span> <span class='ocrx_word' id='word_1_224' title='bbox 635 1500 767 1539; x_wconf 84' lang='grc' dir='ltr'>μακαρίας</span> <span class='ocrx_word' id='word_1_225' title='bbox 779 1500 899 1530; x_wconf 77' lang='grc' dir='ltr'>Σουσάν-</span> 
     </span>
     <span class='ocr_line' id='line_1_29' title="bbox 130 1539 900 1580; baseline -0.001 -10"><span class='ocrx_word' id='word_1_226' title='bbox 130 1551 185 1576; x_wconf 87' lang='grc' dir='ltr'>νης.</span> <span class='ocrx_word' id='word_1_227' title='bbox 196 1539 311 1580; x_wconf 76' lang='grc' dir='ltr'>Πρέπων</span> <span class='ocrx_word' id='word_1_228' title='bbox 323 1539 350 1570; x_wconf 83' lang='grc' dir='ltr'>δὲ</span> <span class='ocrx_word' id='word_1_229' title='bbox 364 1539 410 1569; x_wconf 79' lang='grc' dir='ltr'>καὶ</span> <span class='ocrx_word' id='word_1_230' title='bbox 424 1539 566 1579; x_wconf 78' lang='grc' dir='ltr'>ἐπέραστος</span> <span class='ocrx_word' id='word_1_231' title='bbox 583 1544 636 1573; x_wconf 88' lang='grc' dir='ltr'>τοῖς</span> <span class='ocrx_word' id='word_1_232' title='bbox 647 1540 734 1573; x_wconf 81' lang='grc' dir='ltr'>νέοιςὸ</span> <span class='ocrx_word' id='word_1_233' title='bbox 744 1542 789 1569; x_wconf 75' lang='grc' dir='ltr'>τοῦ</span> <span class='ocrx_word' id='word_1_234' title='bbox 801 1539 900 1580; x_wconf 81' lang='grc' dir='ltr'>Ἰωσὴφ</span> 
     </span>
     <span class='ocr_line' id='line_1_30' title="bbox 132 1578 899 1619; baseline 0 -11"><span class='ocrx_word' id='word_1_235' title='bbox 132 1579 197 1619; x_wconf 85' lang='grc' dir='ltr'>βίος,</span> <span class='ocrx_word' id='word_1_236' title='bbox 207 1580 252 1609; x_wconf 82' lang='grc' dir='ltr'>καὶ</span> <span class='ocrx_word' id='word_1_237' title='bbox 259 1584 317 1613; x_wconf 87' lang='grc' dir='ltr'>ταῖς</span> <span class='ocrx_word' id='word_1_238' title='bbox 330 1579 408 1616; x_wconf 79' lang='grc' dir='ltr'>νέαις,</span> <span class='ocrx_word' id='word_1_239' title='bbox 419 1579 536 1618; x_wconf 81' lang='grc' dir='ltr'>μάλιστα</span> <span class='ocrx_word' id='word_1_240' title='bbox 542 1583 600 1612; x_wconf 82' lang='grc' dir='ltr'>ταῖς</span> <span class='ocrx_word' id='word_1_241' title='bbox 614 1581 640 1608; x_wconf 81' lang='grc' dir='ltr'>ἐν</span> <span class='ocrx_word' id='word_1_242' title='bbox 682 1579 734 1619; x_wconf 75' lang='grc' dir='ltr'>’μῳ</span> <span class='ocrx_word' id='word_1_243' title='bbox 747 1578 872 1618; x_wconf 87' lang='grc' dir='ltr'>βιούσαις,</span> <span class='ocrx_word' id='word_1_244' title='bbox 882 1583 899 1615; x_wconf 86' lang='grc' dir='ltr'>ἠ</span> 
     </span>
     <span class='ocr_line' id='line_1_31' title="bbox 131 1591 900 1658; baseline 0 -10"><span class='ocrx_word' id='word_1_245' title='bbox 131 1622 179 1655; x_wconf 76' lang='grc' dir='ltr'>τῆς</span> <span class='ocrx_word' id='word_1_246' title='bbox 200 1618 330 1658; x_wconf 83' lang='grc' dir='ltr'>μακαρίας</span> <span class='ocrx_word' id='word_1_247' title='bbox 344 1618 494 1654; x_wconf 78' lang='grc' dir='ltr'>Σουσάννης</span> <span class='ocrx_word' id='word_1_248' title='bbox 511 1618 631 1658; x_wconf 76' lang='grc' dir='ltr'>ἐνάρετος</span> <span class='ocrx_word' id='word_1_249' title='bbox 648 1591 759 1654; x_wconf 52' lang='grc' dir='ltr'>οἶξλησις</span> <span class='ocrx_word' id='word_1_250' title='bbox 769 1628 775 1634; x_wconf 91' lang='grc'><em>·</em></span> <span class='ocrx_word' id='word_1_251' title='bbox 792 1619 900 1648; x_wconf 79' lang='grc' dir='ltr'>ἰσοστά-</span> 
     </span>
     <span class='ocr_line' id='line_1_32' title="bbox 132 1657 901 1708; baseline -0.001 -20"><span class='ocrx_word' id='word_1_252' title='bbox 132 1670 187 1691; x_wconf 84' lang='grc' dir='ltr'>σιος</span> <span class='ocrx_word' id='word_1_253' title='bbox 204 1658 256 1697; x_wconf 83' lang='grc' dir='ltr'>γὰρ</span> <span class='ocrx_word' id='word_1_254' title='bbox 278 1658 434 1697; x_wconf 77' lang='grc' dir='ltr'>ἀμφοτέροις</span> <span class='ocrx_word' id='word_1_255' title='bbox 447 1660 462 1687; x_wconf 79' lang='grc' dir='ltr'><strong>ὁ</strong></span> <span class='ocrx_word' id='word_1_256' title='bbox 480 1657 560 1708; x_wconf 74' lang='grc' dir='ltr'>ἀγών.</span> <span class='ocrx_word' id='word_1_257' title='bbox 573 1657 609 1688; x_wconf 88' lang='grc' dir='ltr'><strong>Ὁ</strong></span> <span class='ocrx_word' id='word_1_258' title='bbox 624 1658 671 1697; x_wconf 81' lang='grc' dir='ltr'>μὲν</span> <span class='ocrx_word' id='word_1_259' title='bbox 690 1658 742 1697; x_wconf 81' lang='grc' dir='ltr'>γὰρ</span> <span class='ocrx_word' id='word_1_260' title='bbox 763 1658 901 1694; x_wconf 73' lang='grc' dir='ltr'>δεσποίνης</span> 
     </span>
     <span class='ocr_line' id='line_1_33' title="bbox 132 1697 901 1738; baseline 0.003 -12"><span class='ocrx_word' id='word_1_261' title='bbox 132 1697 211 1737; x_wconf 75' lang='grc' dir='ltr'>φόὸον</span> <span class='ocrx_word' id='word_1_262' title='bbox 224 1697 267 1726; x_wconf 75' lang='grc' dir='ltr'>διὰ</span> <span class='ocrx_word' id='word_1_263' title='bbox 276 1709 333 1737; x_wconf 85' lang='grc' dir='ltr'>σωφ</span> <span class='ocrx_word' id='word_1_264' title='bbox 388 1697 445 1734; x_wconf 87' lang='grc' dir='ltr'>’νην</span> <span class='ocrx_word' id='word_1_265' title='bbox 456 1698 587 1732; x_wconf 83' lang='grc' dir='ltr'>ἐπατησεν</span> <span class='ocrx_word' id='word_1_266' title='bbox 594 1709 601 1716; x_wconf 86' lang='lat'><strong>·</strong></span> <span class='ocrx_word' id='word_1_267' title='bbox 612 1700 629 1733; x_wconf 84' lang='grc' dir='ltr'>ἡ</span> <span class='ocrx_word' id='word_1_268' title='bbox 642 1697 669 1726; x_wconf 82' lang='grc' dir='ltr'>δὲ</span> <span class='ocrx_word' id='word_1_269' title='bbox 677 1697 811 1738; x_wconf 76' lang='grc' dir='ltr'>ἀρχόντων</span> <span class='ocrx_word' id='word_1_270' title='bbox 826 1698 901 1728; x_wconf 82' lang='grc' dir='ltr'>ἀπει-</span> 
     </span>
    </p>
   </div>
   <div class='ocr_carea' id='block_1_11' title="bbox 131 1736 938 1777">
    <p class='ocr_par' dir='ltr' id='par_1_12' title="bbox 131 1736 938 1777">
     <span class='ocr_line' id='line_1_34' title="bbox 131 1736 938 1777; baseline 0.001 -11"><span class='ocrx_word' id='word_1_271' title='bbox 131 1737 180 1770; x_wconf 82' lang='grc' dir='ltr'>λὰς</span> <span class='ocrx_word' id='word_1_272' title='bbox 207 1739 326 1777; x_wconf 87' lang='grc' dir='ltr'>θανατηφ</span> <span class='ocrx_word' id='word_1_273' title='bbox 342 1748 402 1776; x_wconf 90' lang='grc' dir='ltr'>ρους</span> <span class='ocrx_word' id='word_1_274' title='bbox 430 1736 473 1766; x_wconf 80' lang='grc' dir='ltr'>διὰ</span> <span class='ocrx_word' id='word_1_275' title='bbox 503 1737 672 1776; x_wconf 75' lang='grc' dir='ltr'>σωφροσύνην</span> <span class='ocrx_word' id='word_1_276' title='bbox 699 1737 899 1777; x_wconf 86' lang='grc' dir='ltr'>παρελογίσατο.</span> <span class='ocrx_word' id='word_1_277' title='bbox 920 1743 938 1766; x_wconf 93' lang='lat' dir='ltr'>C</span> 
     </span>
    </p>
   </div>
   <div class='ocr_carea' id='block_1_12' title="bbox 130 1775 902 2015">
    <p class='ocr_par' dir='ltr' id='par_1_13' title="bbox 130 1775 902 2015">
     <span class='ocr_line' id='line_1_35' title="bbox 133 1775 901 1816; baseline 0 -10"><span class='ocrx_word' id='word_1_278' title='bbox 133 1776 212 1806; x_wconf 76' lang='grc' dir='ltr'>Ἀλλὰ</span> <span class='ocrx_word' id='word_1_279' title='bbox 223 1775 304 1816; x_wconf 87' lang='grc' dir='ltr'>πρότε</span> <span class='ocrx_word' id='word_1_280' title='bbox 335 1788 349 1805; x_wconf 94' lang='grc' dir='ltr'>ν</span> <span class='ocrx_word' id='word_1_281' title='bbox 363 1779 427 1815; x_wconf 87' lang='grc' dir='ltr'>ἡμῖν</span> <span class='ocrx_word' id='word_1_282' title='bbox 436 1778 450 1806; x_wconf 83' lang='grc' dir='ltr'>ὁ</span> <span class='ocrx_word' id='word_1_283' title='bbox 462 1778 507 1806; x_wconf 76' lang='grc' dir='ltr'>τοῦ</span> <span class='ocrx_word' id='word_1_284' title='bbox 518 1776 648 1816; x_wconf 83' lang='grc' dir='ltr'>μακαρίου</span> <span class='ocrx_word' id='word_1_285' title='bbox 661 1776 761 1816; x_wconf 65' lang='grc' dir='ltr'>Ἰωσὴφ</span> <span class='ocrx_word' id='word_1_286' title='bbox 776 1776 830 1815; x_wconf 80' lang='grc' dir='ltr'>βίος</span> <span class='ocrx_word' id='word_1_287' title='bbox 845 1778 901 1807; x_wconf 88' lang='grc' dir='ltr'>δια-</span> 
     </span>
     <span class='ocr_line' id='line_1_36' title="bbox 130 1788 901 1856; baseline 0.003 -11"><span class='ocrx_word' id='word_1_288' title='bbox 130 1816 283 1856; x_wconf 80' lang='grc' dir='ltr'>γεγράφθω·</span> <span class='ocrx_word' id='word_1_289' title='bbox 297 1788 388 1852; x_wconf 55' lang='lat' dir='ltr'>gius),</span> <span class='ocrx_word' id='word_1_290' title='bbox 403 1816 448 1845; x_wconf 77' lang='grc' dir='ltr'>καὶ</span> <span class='ocrx_word' id='word_1_291' title='bbox 462 1815 632 1856; x_wconf 80' lang='grc' dir='ltr'>ἀρχαιότερος</span> <span class='ocrx_word' id='word_1_292' title='bbox 647 1818 660 1846; x_wconf 83' lang='grc' dir='ltr'><strong>ὁ</strong></span> <span class='ocrx_word' id='word_1_293' title='bbox 674 1816 763 1856; x_wconf 80' lang='grc' dir='ltr'>πατήρ</span> <span class='ocrx_word' id='word_1_294' title='bbox 772 1827 778 1834; x_wconf 95' lang='grc'>·</span> <span class='ocrx_word' id='word_1_295' title='bbox 798 1812 844 1847; x_wconf 77' lang='grc' dir='ltr'>εἶθ’</span> <span class='ocrx_word' id='word_1_296' title='bbox 860 1817 901 1847; x_wconf 76' lang='grc' dir='ltr'>οὗ·</span> 
     </span>
     <span class='ocr_line' id='line_1_37' title="bbox 132 1854 901 1895; baseline 0.003 -10"><span class='ocrx_word' id='word_1_297' title='bbox 132 1867 183 1889; x_wconf 88' lang='grc' dir='ltr'>τως</span> <span class='ocrx_word' id='word_1_298' title='bbox 195 1858 210 1885; x_wconf 83' lang='grc' dir='ltr'><strong>ὁ</strong></span> <span class='ocrx_word' id='word_1_299' title='bbox 222 1857 270 1891; x_wconf 75' lang='grc' dir='ltr'>τῆς</span> <span class='ocrx_word' id='word_1_300' title='bbox 292 1855 422 1895; x_wconf 83' lang='grc' dir='ltr'>μακαρίας</span> <span class='ocrx_word' id='word_1_301' title='bbox 435 1854 596 1890; x_wconf 81' lang='grc' dir='ltr'>Σουσάννης.</span> <span class='ocrx_word' id='word_1_302' title='bbox 615 1855 649 1886; x_wconf 88' lang='grc' dir='ltr'>Ὁ</span> <span class='ocrx_word' id='word_1_303' title='bbox 668 1855 796 1895; x_wconf 80' lang='grc' dir='ltr'>μακάριος</span> <span class='ocrx_word' id='word_1_304' title='bbox 816 1856 901 1887; x_wconf 83' lang='grc' dir='ltr'>τοίνυν</span> 
     </span>
     <span class='ocr_line' id='line_1_38' title="bbox 133 1894 901 1937; baseline 0 -13"><span class='ocrx_word' id='word_1_305' title='bbox 133 1894 231 1935; x_wconf 79' lang='grc' dir='ltr'>Ἰωσὴφ</span> <span class='ocrx_word' id='word_1_306' title='bbox 245 1894 273 1929; x_wconf 82' lang='grc' dir='ltr'>ἐξ</span> <span class='ocrx_word' id='word_1_307' title='bbox 285 1895 395 1932; x_wconf 82' lang='grc' dir='ltr'>εὐγενῶν</span> <span class='ocrx_word' id='word_1_308' title='bbox 406 1894 503 1934; x_wconf 77' lang='grc' dir='ltr'>γονέων</span> <span class='ocrx_word' id='word_1_309' title='bbox 516 1894 682 1934; x_wconf 79' lang='grc' dir='ltr'>ὁρμώμενος,</span> <span class='ocrx_word' id='word_1_310' title='bbox 696 1895 751 1928; x_wconf 82' lang='grc' dir='ltr'>νέος</span> <span class='ocrx_word' id='word_1_311' title='bbox 765 1895 804 1925; x_wconf 84' lang='grc' dir='ltr'>ἔτι</span> <span class='ocrx_word' id='word_1_312' title='bbox 814 1897 901 1937; x_wconf 82' lang='grc' dir='ltr'>ὑπάρ-</span> 
     </span>
     <span class='ocr_line' id='line_1_39' title="bbox 132 1934 902 1986; baseline 0.001 -22"><span class='ocrx_word' id='word_1_313' title='bbox 132 1947 188 1975; x_wconf 76' lang='grc' dir='ltr'>χων</span> <span class='ocrx_word' id='word_1_314' title='bbox 197 1955 205 1970; x_wconf 89' lang='grc'>,</span> <span class='ocrx_word' id='word_1_315' title='bbox 223 1935 283 1975; x_wconf 79' lang='grc' dir='ltr'>ἄρτι</span> <span class='ocrx_word' id='word_1_316' title='bbox 296 1937 348 1964; x_wconf 79' lang='grc' dir='ltr'>τῶν</span> <span class='ocrx_word' id='word_1_317' title='bbox 362 1934 455 1964; x_wconf 84' lang='grc' dir='ltr'>ἰούλων</span> <span class='ocrx_word' id='word_1_318' title='bbox 476 1936 529 1964; x_wconf 83' lang='grc' dir='ltr'>τῶν</span> <span class='ocrx_word' id='word_1_319' title='bbox 549 1936 648 1975; x_wconf 77' lang='grc' dir='ltr'>τριχῶν</span> <span class='ocrx_word' id='word_1_320' title='bbox 662 1936 689 1964; x_wconf 77' lang='grc' dir='ltr'>ἓν</span> <span class='ocrx_word' id='word_1_321' title='bbox 702 1939 760 1968; x_wconf 84' lang='grc' dir='ltr'>ταῖς</span> <span class='ocrx_word' id='word_1_322' title='bbox 778 1941 902 1986; x_wconf 34' lang='lat' dir='ltr'>:impetet-ic</span> 
     </span>
     <span class='ocr_line' id='line_1_40' title="bbox 133 1973 902 2015; baseline 0 -11"><span class='ocrx_word' id='word_1_323' title='bbox 133 1973 331 2004; x_wconf 83' lang='grc' dir='ltr'>ἀναθαλλόντων</span> <span class='ocrx_word' id='word_1_324' title='bbox 342 1997 350 2011; x_wconf 91' lang='grc'>,</span> <span class='ocrx_word' id='word_1_325' title='bbox 373 1974 447 2015; x_wconf 80' lang='grc' dir='ltr'>ῥόδου</span> <span class='ocrx_word' id='word_1_326' title='bbox 462 1974 537 2010; x_wconf 87' lang='grc' dir='ltr'>δίκην</span> <span class='ocrx_word' id='word_1_327' title='bbox 556 1976 668 2014; x_wconf 79' lang='grc' dir='ltr'>ἀνθηροῦ</span> <span class='ocrx_word' id='word_1_328' title='bbox 683 1974 738 2011; x_wconf 58' lang='grc' dir='ltr'>αἰνὰ&gt;</span> <span class='ocrx_word' id='word_1_329' title='bbox 752 1986 832 2013; x_wconf 80' lang='grc' dir='ltr'>μεσον</span> <span class='ocrx_word' id='word_1_330' title='bbox 854 1988 902 2011; x_wconf 80' lang='grc' dir='ltr'>της</span> 
     </span>
    </p>
   </div>
   <div class='ocr_carea' id='block_1_13' title="bbox 134 2013 917 2054">
    <p class='ocr_par' dir='ltr' id='par_1_14' title="bbox 134 2013 917 2054">
     <span class='ocr_line' id='line_1_41' title="bbox 134 2013 917 2054; baseline 0.003 -11"><span class='ocrx_word' id='word_1_331' title='bbox 134 2013 227 2050; x_wconf 79' lang='grc' dir='ltr'>ξανθῆς</span> <span class='ocrx_word' id='word_1_332' title='bbox 237 2014 367 2053; x_wconf 86' lang='grc' dir='ltr'>γενειάδος</span> <span class='ocrx_word' id='word_1_333' title='bbox 378 2013 408 2043; x_wconf 82' lang='grc' dir='ltr'>τὸ</span> <span class='ocrx_word' id='word_1_334' title='bbox 421 2015 468 2050; x_wconf 79' lang='grc' dir='ltr'>τῆς</span> <span class='ocrx_word' id='word_1_335' title='bbox 487 2015 589 2054; x_wconf 77' lang='grc' dir='ltr'>μορφῆς</span> <span class='ocrx_word' id='word_1_336' title='bbox 607 2014 682 2048; x_wconf 82' lang='grc' dir='ltr'>ἄνθος</span> <span class='ocrx_word' id='word_1_337' title='bbox 699 2015 839 2051; x_wconf 85' lang='grc' dir='ltr'>πυκάζων,</span> <span class='ocrx_word' id='word_1_338' title='bbox 861 2015 901 2045; x_wconf 82' lang='grc' dir='ltr'>ἴου</span> <span class='ocrx_word' id='word_1_339' title='bbox 915 2018 917 2020; x_wconf 81' lang='grc'><strong>’</strong></span> 
     </span>
    </p>
   </div>
   <div class='ocr_carea' id='block_1_14' title="bbox 133 2053 902 2252">
    <p class='ocr_par' dir='ltr' id='par_1_15' title="bbox 133 2053 902 2252">
     <span class='ocr_line' id='line_1_42' title="bbox 133 2053 901 2095; baseline 0.003 -12"><span class='ocrx_word' id='word_1_340' title='bbox 133 2054 236 2094; x_wconf 77' lang='grc' dir='ltr'>ἐαρινοῦ</span> <span class='ocrx_word' id='word_1_341' title='bbox 250 2065 302 2093; x_wconf 87' lang='grc' dir='ltr'>πορ</span> <span class='ocrx_word' id='word_1_342' title='bbox 322 2053 452 2093; x_wconf 86' lang='grc' dir='ltr'>υρίζοντος</span> <span class='ocrx_word' id='word_1_343' title='bbox 465 2054 492 2082; x_wconf 79' lang='grc' dir='ltr'>ἐν</span> <span class='ocrx_word' id='word_1_344' title='bbox 506 2058 563 2086; x_wconf 86' lang='grc' dir='ltr'>ταῖς</span> <span class='ocrx_word' id='word_1_345' title='bbox 581 2053 670 2094; x_wconf 85' lang='grc' dir='ltr'>κόραις</span> <span class='ocrx_word' id='word_1_346' title='bbox 689 2055 741 2083; x_wconf 83' lang='grc' dir='ltr'>τῶν</span> <span class='ocrx_word' id='word_1_347' title='bbox 760 2056 901 2095; x_wconf 71' lang='grc' dir='ltr'>ὀφθαλυῶν</span> 
     </span>
     <span class='ocr_line' id='line_1_43' title="bbox 135 2065 901 2134; baseline 0.003 -12"><span class='ocrx_word' id='word_1_348' title='bbox 135 2093 279 2127; x_wconf 81' lang='grc' dir='ltr'>ἀποσώζων</span> <span class='ocrx_word' id='word_1_349' title='bbox 292 2065 340 2129; x_wconf 42' lang='grc' dir='ltr'>’ἓν</span> <span class='ocrx_word' id='word_1_350' title='bbox 354 2093 372 2123; x_wconf 74' lang='grc' dir='ltr'><strong><em>ἄ</em></strong></span> <span class='ocrx_word' id='word_1_351' title='bbox 391 2105 428 2130; x_wconf 84' lang='grc' dir='ltr'>ιν,</span> <span class='ocrx_word' id='word_1_352' title='bbox 440 2092 548 2126; x_wconf 76' lang='grc' dir='ltr'>λευκοὺς</span> <span class='ocrx_word' id='word_1_353' title='bbox 567 2093 634 2133; x_wconf 79' lang='grc' dir='ltr'>ἔχων</span> <span class='ocrx_word' id='word_1_354' title='bbox 648 2094 753 2127; x_wconf 80' lang='grc' dir='ltr'>ὀδόντας</span> <span class='ocrx_word' id='word_1_355' title='bbox 766 2096 801 2127; x_wconf 86' lang='grc' dir='ltr'>ὡς</span> <span class='ocrx_word' id='word_1_356' title='bbox 814 2083 884 2134; x_wconf 76' lang='grc' dir='ltr'>γοίλα</span> <span class='ocrx_word' id='word_1_357' title='bbox 893 2119 901 2131; x_wconf 91' lang='grc'>,</span> 
     </span>
     <span class='ocr_line' id='line_1_44' title="bbox 134 2132 902 2173; baseline 0.003 -11"><span class='ocrx_word' id='word_1_358' title='bbox 134 2132 249 2173; x_wconf 82' lang='grc' dir='ltr'>πυρίζων</span> <span class='ocrx_word' id='word_1_359' title='bbox 270 2137 324 2166; x_wconf 87' lang='grc' dir='ltr'>τοῖς</span> <span class='ocrx_word' id='word_1_360' title='bbox 337 2145 368 2173; x_wconf 86' lang='grc' dir='ltr'>χε</span> <span class='ocrx_word' id='word_1_361' title='bbox 380 2135 466 2168; x_wconf 90' lang='grc' dir='ltr'>λεσιν,</span> <span class='ocrx_word' id='word_1_362' title='bbox 484 2132 581 2173; x_wconf 82' lang='grc' dir='ltr'>ὀφρύας</span> <span class='ocrx_word' id='word_1_363' title='bbox 597 2133 665 2172; x_wconf 72' lang='grc' dir='ltr'>ἔχων</span> <span class='ocrx_word' id='word_1_364' title='bbox 679 2134 837 2173; x_wconf 84' lang='grc' dir='ltr'>ἡπλωμένας</span> <span class='ocrx_word' id='word_1_365' title='bbox 851 2135 902 2164; x_wconf 77' lang='grc' dir='ltr'>ὑπὸ</span> 
     </span>
     <span class='ocr_line' id='line_1_45' title="bbox 135 2171 902 2213; baseline 0.003 -12"><span class='ocrx_word' id='word_1_366' title='bbox 135 2171 280 2212; x_wconf 83' lang='grc' dir='ltr'>κρινοχρόῳ</span> <span class='ocrx_word' id='word_1_367' title='bbox 304 2172 420 2212; x_wconf 84' lang='grc' dir='ltr'>μετώπῳ</span> <span class='ocrx_word' id='word_1_368' title='bbox 440 2171 567 2209; x_wconf 81' lang='grc' dir='ltr'>δασύτητι</span> <span class='ocrx_word' id='word_1_369' title='bbox 580 2174 632 2202; x_wconf 82' lang='grc' dir='ltr'>τῶν</span> <span class='ocrx_word' id='word_1_370' title='bbox 656 2175 754 2213; x_wconf 72' lang='grc' dir='ltr'>τριγῶν</span> <span class='ocrx_word' id='word_1_371' title='bbox 773 2174 902 2209; x_wconf 80' lang='grc' dir='ltr'>ἀλλήλαις</span> 
     </span>
     <span class='ocr_line' id='line_1_46' title="bbox 134 2206 902 2252; baseline 0.003 -12"><span class='ocrx_word' id='word_1_372' title='bbox 134 2211 349 2250; x_wconf 75' lang='grc' dir='ltr'>συνεζευγμένας.</span> <span class='ocrx_word' id='word_1_373' title='bbox 370 2212 423 2241; x_wconf 80' lang='grc' dir='ltr'>Καὶ</span> <span class='ocrx_word' id='word_1_374' title='bbox 440 2211 467 2240; x_wconf 85' lang='grc' dir='ltr'>τί</span> <span class='ocrx_word' id='word_1_375' title='bbox 479 2213 564 2252; x_wconf 72' lang='grc' dir='ltr'>πειρῶ</span> <span class='ocrx_word' id='word_1_376' title='bbox 587 2224 614 2241; x_wconf 89' lang='grc' dir='ltr'>αι</span> <span class='ocrx_word' id='word_1_377' title='bbox 631 2213 676 2242; x_wconf 79' lang='grc' dir='ltr'>τὸν</span> <span class='ocrx_word' id='word_1_378' title='bbox 689 2206 745 2242; x_wconf 66' lang='grc' dir='ltr'>νῖον</span> <span class='ocrx_word' id='word_1_379' title='bbox 758 2215 796 2252; x_wconf 79' lang='grc' dir='ltr'>τῷ</span> <span class='ocrx_word' id='word_1_380' title='bbox 810 2213 902 2242; x_wconf 84' lang='grc' dir='ltr'>κάλλει</span> 
     </span>
    </p>
   </div>
   <div class='ocr_carea' id='block_1_15' title="bbox 135 2249 902 2299">
    <p class='ocr_par' dir='ltr' id='par_1_16' title="bbox 135 2249 902 2299">
     <span class='ocr_line' id='line_1_47' title="bbox 135 2249 902 2299; baseline 0.004 -20"><span class='ocrx_word' id='word_1_381' title='bbox 135 2250 302 2299; x_wconf 80' lang='grc' dir='ltr'>διαγράφειν,</span> <span class='ocrx_word' id='word_1_382' title='bbox 313 2249 341 2279; x_wconf 83' lang='grc' dir='ltr'>ὃν</span> <span class='ocrx_word' id='word_1_383' title='bbox 352 2252 369 2285; x_wconf 81' lang='grc' dir='ltr'>ἡ</span> <span class='ocrx_word' id='word_1_384' title='bbox 382 2250 476 2290; x_wconf 79' lang='grc' dir='ltr'>Γραφὴ</span> <span class='ocrx_word' id='word_1_385' title='bbox 487 2252 621 2291; x_wconf 75' lang='grc' dir='ltr'>ὕπεραγαν</span> <span class='ocrx_word' id='word_1_386' title='bbox 635 2252 760 2291; x_wconf 79' lang='grc' dir='ltr'>ἐπῄνεσεν</span> <span class='ocrx_word' id='word_1_387' title='bbox 772 2254 902 2292; x_wconf 88' lang='grc' dir='ltr'>εἷρηκυῖα,</span> 
     </span>
    </p>
   </div>
   <div class='ocr_carea' id='block_1_16' title="bbox 136 2288 941 2331">
    <p class='ocr_par' dir='ltr' id='par_1_17' title="bbox 136 2288 941 2331">
     <span class='ocr_line' id='line_1_48' title="bbox 136 2288 941 2331; baseline 0.004 -13"><span class='ocrx_word' id='word_1_388' title='bbox 136 2291 223 2323; x_wconf 85' lang='grc' dir='ltr'>Καλος</span> <span class='ocrx_word' id='word_1_389' title='bbox 236 2291 274 2329; x_wconf 82' lang='grc' dir='ltr'>τῷ</span> <span class='ocrx_word' id='word_1_390' title='bbox 288 2289 364 2326; x_wconf 81' lang='grc' dir='ltr'>εἴδει,</span> <span class='ocrx_word' id='word_1_391' title='bbox 381 2289 427 2318; x_wconf 78' lang='grc' dir='ltr'>καὶ</span> <span class='ocrx_word' id='word_1_392' title='bbox 445 2291 539 2329; x_wconf 79' lang='grc' dir='ltr'>ὡραῖος</span> <span class='ocrx_word' id='word_1_393' title='bbox 554 2292 587 2325; x_wconf 78' lang='grc' dir='ltr'>τῆ</span> <span class='ocrx_word' id='word_1_394' title='bbox 607 2291 667 2330; x_wconf 79' lang='grc' dir='ltr'>ὄψει</span> <span class='ocrx_word' id='word_1_395' title='bbox 689 2291 788 2331; x_wconf 78' lang='grc' dir='ltr'>σφόδρα</span> <span class='ocrx_word' id='word_1_396' title='bbox 793 2303 802 2330; x_wconf 82' lang='lat'>;</span> <span class='ocrx_word' id='word_1_397' title='bbox 818 2288 903 2325; x_wconf 65' lang='grc' dir='ltr'>Οὗτος</span> <span class='ocrx_word' id='word_1_398' title='bbox 922 2304 941 2327; x_wconf 75' lang='lat'>1)</span> 
     </span>
    </p>
   </div>
   <div class='ocr_carea' id='block_1_17' title="bbox 135 2322 908 2646">
    <p class='ocr_par' dir='ltr' id='par_1_18' title="bbox 135 2322 908 2646">
     <span class='ocr_line' id='line_1_49' title="bbox 135 2322 904 2400; baseline 0.003 -42"><span class='ocrx_word' id='word_1_399' title='bbox 135 2329 314 2398; x_wconf 49' lang='lat' dir='ltr'>{3294th</span> <span class='ocrx_word' id='word_1_400' title='bbox 328 2329 370 2397; x_wconf 63' lang='grc' dir='ltr'>δὲὰ</span> <span class='ocrx_word' id='word_1_401' title='bbox 385 2329 530 2397; x_wconf 41' lang='lat' dir='ltr'>&amp;pant-vim!</span> <span class='ocrx_word' id='word_1_402' title='bbox 549 2322 804 2399; x_wconf 55' lang='grc' dir='ltr'>ἀδξελφῶνθέἐιςπμὲν</span> <span class='ocrx_word' id='word_1_403' title='bbox 817 2332 904 2400; x_wconf 57' lang='grc' dir='ltr'>αιῦξῖῐς</span> 
     </span>
     <span class='ocr_line' id='line_1_50' title="bbox 136 2379 904 2450; baseline 0.005 -14"><span class='ocrx_word' id='word_1_404' title='bbox 136 2379 565 2448; x_wconf 48' lang='grc' dir='ltr'>πρὸξεὶασῗῖἕίῐινῗυκαὶαέγετοόςεῖς</span> <span class='ocrx_word' id='word_1_405' title='bbox 579 2381 904 2450; x_wconf 42' lang='grc' dir='ltr'>Αἷξίιπτοΐτὸρτῗάὶιρδοῗριού</span> 
     </span>
     <span class='ocr_line' id='line_1_51' title="bbox 137 2446 906 2489; baseline 0.005 -13"><span class='ocrx_word' id='word_1_406' title='bbox 137 2449 172 2481; x_wconf 81' lang='grc' dir='ltr'>ὥς</span> <span class='ocrx_word' id='word_1_407' title='bbox 187 2447 323 2487; x_wconf 78' lang='grc' dir='ltr'>μειράκιον</span> <span class='ocrx_word' id='word_1_408' title='bbox 335 2447 450 2481; x_wconf 82' lang='grc' dir='ltr'>εὐτελές·</span> <span class='ocrx_word' id='word_1_409' title='bbox 461 2447 534 2476; x_wconf 82' lang='grc' dir='ltr'>οὔπω</span> <span class='ocrx_word' id='word_1_410' title='bbox 546 2446 596 2487; x_wconf 83' lang='grc' dir='ltr'>γὰρ</span> <span class='ocrx_word' id='word_1_411' title='bbox 607 2447 695 2488; x_wconf 79' lang='grc' dir='ltr'>ἑώρων</span> <span class='ocrx_word' id='word_1_412' title='bbox 706 2450 784 2478; x_wconf 75' lang='grc' dir='ltr'>αὐτοῦ</span> <span class='ocrx_word' id='word_1_413' title='bbox 793 2450 819 2478; x_wconf 76' lang='grc' dir='ltr'>οἱ</span> <span class='ocrx_word' id='word_1_414' title='bbox 830 2450 906 2489; x_wconf 76' lang='grc' dir='ltr'>πριά-</span> 
     </span>
     <span class='ocr_line' id='line_1_52' title="bbox 140 2487 907 2526; baseline 0.004 -11"><span class='ocrx_word' id='word_1_415' title='bbox 140 2498 213 2524; x_wconf 84' lang='grc' dir='ltr'>μενοι</span> <span class='ocrx_word' id='word_1_416' title='bbox 226 2487 270 2516; x_wconf 82' lang='grc' dir='ltr'>τὸν</span> <span class='ocrx_word' id='word_1_417' title='bbox 290 2487 402 2517; x_wconf 75' lang='grc' dir='ltr'>πλοῦτον</span> <span class='ocrx_word' id='word_1_418' title='bbox 421 2488 473 2516; x_wconf 82' lang='grc' dir='ltr'>τῶν</span> <span class='ocrx_word' id='word_1_419' title='bbox 495 2488 611 2526; x_wconf 83' lang='grc' dir='ltr'>ἀρετῶν,</span> <span class='ocrx_word' id='word_1_420' title='bbox 634 2487 679 2516; x_wconf 77' lang='grc' dir='ltr'>καὶ</span> <span class='ocrx_word' id='word_1_421' title='bbox 698 2488 807 2526; x_wconf 85' lang='grc' dir='ltr'>ἠγνόουν</span> <span class='ocrx_word' id='word_1_422' title='bbox 830 2490 907 2520; x_wconf 81' lang='grc' dir='ltr'>αὐτὸν</span> 
     </span>
     <span class='ocr_line' id='line_1_53' title="bbox 140 2526 906 2567; baseline 0.004 -12"><span class='ocrx_word' id='word_1_423' title='bbox 140 2526 245 2565; x_wconf 73' lang='grc' dir='ltr'>μέλλειν</span> <span class='ocrx_word' id='word_1_424' title='bbox 259 2526 302 2556; x_wconf 77' lang='grc' dir='ltr'>διὰ</span> <span class='ocrx_word' id='word_1_425' title='bbox 320 2526 488 2567; x_wconf 74' lang='grc' dir='ltr'>σωφροσύνης</span> <span class='ocrx_word' id='word_1_426' title='bbox 506 2526 668 2565; x_wconf 80' lang='grc' dir='ltr'>κοσμιότητα</span> <span class='ocrx_word' id='word_1_427' title='bbox 688 2527 749 2564; x_wconf 78' lang='grc' dir='ltr'>ὅλης</span> <span class='ocrx_word' id='word_1_428' title='bbox 773 2529 906 2567; x_wconf 83' lang='grc' dir='ltr'>Αἰγύπτου</span> 
     </span>
     <span class='ocr_line' id='line_1_54' title="bbox 141 2565 906 2618; baseline 0.005 -24"><span class='ocrx_word' id='word_1_429' title='bbox 141 2565 290 2601; x_wconf 71' lang='grc' dir='ltr'>δεσπόζειν,</span> <span class='ocrx_word' id='word_1_430' title='bbox 319 2566 364 2595; x_wconf 80' lang='grc' dir='ltr'>καὶ</span> <span class='ocrx_word' id='word_1_431' title='bbox 390 2565 453 2601; x_wconf 76' lang='grc' dir='ltr'>ὅλην</span> <span class='ocrx_word' id='word_1_432' title='bbox 477 2565 558 2601; x_wconf 81' lang='grc' dir='ltr'>αὐτὴν</span> <span class='ocrx_word' id='word_1_433' title='bbox 582 2566 727 2605; x_wconf 80' lang='grc' dir='ltr'>ὀλλυμένην</span> <span class='ocrx_word' id='word_1_434' title='bbox 754 2567 824 2618; x_wconf 57' lang='grc' dir='ltr'>λιμῷ</span> <span class='ocrx_word' id='word_1_435' title='bbox 849 2569 906 2599; x_wconf 79' lang='grc' dir='ltr'>δια-</span> 
     </span>
     <span class='ocr_line' id='line_1_55' title="bbox 143 2601 908 2646; baseline 0.005 -13"><span class='ocrx_word' id='word_1_436' title='bbox 143 2604 243 2639; x_wconf 80' lang='grc' dir='ltr'>σώζειν.</span> <span class='ocrx_word' id='word_1_437' title='bbox 259 2605 365 2643; x_wconf 77' lang='grc' dir='ltr'>’Λγεται</span> <span class='ocrx_word' id='word_1_438' title='bbox 377 2601 422 2635; x_wconf 68' lang='grc' dir='ltr'>οὗν</span> <span class='ocrx_word' id='word_1_439' title='bbox 441 2607 476 2639; x_wconf 77' lang='grc' dir='ltr'>εἰς</span> <span class='ocrx_word' id='word_1_440' title='bbox 491 2605 639 2644; x_wconf 77' lang='grc' dir='ltr'>Αἴγυπτον,</span> <span class='ocrx_word' id='word_1_441' title='bbox 665 2606 707 2635; x_wconf 73' lang='grc' dir='ltr'>καὶ</span> <span class='ocrx_word' id='word_1_442' title='bbox 731 2618 908 2646; x_wconf 80' lang='grc' dir='ltr'>πιπρασκεται</span> 
     </span>
    </p>
   </div>
   <div class='ocr_carea' id='block_1_18' title="bbox 1069 581 1595 621">
    <p class='ocr_par' dir='ltr' id='par_1_19' title="bbox 1069 581 1595 621">
     <span class='ocr_line' id='line_1_56' title="bbox 1069 581 1595 621; baseline 0.008 -12"><span class='ocrx_word' id='word_1_443' title='bbox 1069 581 1115 609; x_wconf 83' lang='lat' dir='ltr'>De</span> <span class='ocrx_word' id='word_1_444' title='bbox 1126 582 1235 621; x_wconf 75' lang='lat' dir='ltr'>loseph</span> <span class='ocrx_word' id='word_1_445' title='bbox 1248 588 1277 611; x_wconf 87' lang='lat' dir='ltr'>et</span> <span class='ocrx_word' id='word_1_446' title='bbox 1290 582 1326 611; x_wconf 85' lang='lat' dir='ltr'>de</span> <span class='ocrx_word' id='word_1_447' title='bbox 1338 585 1472 613; x_wconf 72' lang='lat' dir='ltr'>castitate</span> <span class='ocrx_word' id='word_1_448' title='bbox 1485 585 1595 614; x_wconf 79' lang='lat' dir='ltr'><em>Oratio.</em></span> 
     </span>
    </p>
   </div>
   <div class='ocr_carea' id='block_1_19' title="bbox 953 664 1700 2333">
    <p class='ocr_par' dir='ltr' id='par_1_20' title="bbox 953 664 1700 2333">
     <span class='ocr_line' id='line_1_57' title="bbox 994 664 1698 707; baseline 0.01 -15"><span class='ocrx_word' id='word_1_449' title='bbox 994 664 1049 701; x_wconf 88' lang='lat' dir='ltr'>Qui</span> <span class='ocrx_word' id='word_1_450' title='bbox 1083 665 1151 694; x_wconf 85' lang='lat' dir='ltr'>mari</span> <span class='ocrx_word' id='word_1_451' title='bbox 1176 665 1203 693; x_wconf 93' lang='lat' dir='ltr'>in</span> <span class='ocrx_word' id='word_1_452' title='bbox 1232 676 1329 705; x_wconf 83' lang='lat' dir='ltr'>magno</span> <span class='ocrx_word' id='word_1_453' title='bbox 1348 667 1479 697; x_wconf 78' lang='lat' dir='ltr'>fluctuant</span> <span class='ocrx_word' id='word_1_454' title='bbox 1501 669 1698 707; x_wconf 77' lang='lat' dir='ltr'>gubernatores,</span> 
     </span>
     <span class='ocr_line' id='line_1_58' title="bbox 954 703 1699 745; baseline 0.009 -14"><span class='ocrx_word' id='word_1_455' title='bbox 954 703 1054 741; x_wconf 80' lang='lat' dir='ltr'>quibus</span> <span class='ocrx_word' id='word_1_456' title='bbox 1067 713 1120 733; x_wconf 90' lang='lat' dir='ltr'>non</span> <span class='ocrx_word' id='word_1_457' title='bbox 1139 705 1287 741; x_wconf 87' lang='lat' dir='ltr'>continens,</span> <span class='ocrx_word' id='word_1_458' title='bbox 1303 716 1355 735; x_wconf 89' lang='lat' dir='ltr'>non</span> <span class='ocrx_word' id='word_1_459' title='bbox 1375 717 1463 744; x_wconf 81' lang='lat' dir='ltr'>mons,</span> <span class='ocrx_word' id='word_1_460' title='bbox 1479 718 1531 736; x_wconf 91' lang='lat' dir='ltr'>non</span> <span class='ocrx_word' id='word_1_461' title='bbox 1545 708 1633 745; x_wconf 86' lang='lat' dir='ltr'>collis,</span> <span class='ocrx_word' id='word_1_462' title='bbox 1647 719 1699 738; x_wconf 90' lang='lat' dir='ltr'>non</span> 
     </span>
     <span class='ocr_line' id='line_1_59' title="bbox 955 742 1700 784; baseline 0.009 -13"><span class='ocrx_word' id='word_1_463' title='bbox 955 742 1005 772; x_wconf 90' lang='lat' dir='ltr'>ulli</span> <span class='ocrx_word' id='word_1_464' title='bbox 1027 745 1131 784; x_wconf 80' lang='lat' dir='ltr'>scopuli</span> <span class='ocrx_word' id='word_1_465' title='bbox 1145 752 1243 774; x_wconf 87' lang='lat' dir='ltr'>terram</span> <span class='ocrx_word' id='word_1_466' title='bbox 1264 745 1394 782; x_wconf 82' lang='lat' dir='ltr'>indicant,</span> <span class='ocrx_word' id='word_1_467' title='bbox 1409 748 1545 777; x_wconf 86' lang='lat' dir='ltr'>conversis</span> <span class='ocrx_word' id='word_1_468' title='bbox 1558 747 1593 777; x_wconf 86' lang='lat' dir='ltr'>ad</span> <span class='ocrx_word' id='word_1_469' title='bbox 1611 749 1700 779; x_wconf 71' lang='lat' dir='ltr'>stelias</span> 
     </span>
     <span class='ocr_line' id='line_1_60' title="bbox 953 783 1699 831; baseline 0.009 -20"><span class='ocrx_word' id='word_1_470' title='bbox 953 783 1082 821; x_wconf 81' lang='lat' dir='ltr'>quasdam</span> <span class='ocrx_word' id='word_1_471' title='bbox 1096 784 1192 820; x_wconf 82' lang='lat' dir='ltr'>oculis,</span> <span class='ocrx_word' id='word_1_472' title='bbox 1207 784 1241 814; x_wconf 87' lang='lat' dir='ltr'>ad</span> <span class='ocrx_word' id='word_1_473' title='bbox 1255 796 1299 814; x_wconf 87' lang='lat' dir='ltr'>eas</span> <span class='ocrx_word' id='word_1_474' title='bbox 1312 786 1436 831; x_wconf 71' lang='lat' dir='ltr'>cymbam</span> <span class='ocrx_word' id='word_1_475' title='bbox 1445 787 1590 827; x_wconf 83' lang='lat' dir='ltr'>dirigentes</span> <span class='ocrx_word' id='word_1_476' title='bbox 1604 799 1618 816; x_wconf 87' lang='lat' dir='ltr'>a</span> <span class='ocrx_word' id='word_1_477' title='bbox 1632 799 1699 818; x_wconf 87' lang='lat' dir='ltr'>nau-</span> 
     </span>
     <span class='ocr_line' id='line_1_61' title="bbox 953 823 1698 868; baseline 0.008 -17"><span class='ocrx_word' id='word_1_478' title='bbox 953 823 1039 863; x_wconf 82' lang='lat' dir='ltr'>fragio</span> <span class='ocrx_word' id='word_1_479' title='bbox 1050 834 1106 853; x_wconf 86' lang='lat' dir='ltr'>sese</span> <span class='ocrx_word' id='word_1_480' title='bbox 1117 824 1273 859; x_wconf 82' lang='lat' dir='ltr'>vindicant;</span> <span class='ocrx_word' id='word_1_481' title='bbox 1289 837 1336 865; x_wconf 77' lang='lat' dir='ltr'>qui</span> <span class='ocrx_word' id='word_1_482' title='bbox 1351 837 1415 856; x_wconf 87' lang='lat' dir='ltr'>vero</span> <span class='ocrx_word' id='word_1_483' title='bbox 1432 827 1459 856; x_wconf 90' lang='lat' dir='ltr'>in</span> <span class='ocrx_word' id='word_1_484' title='bbox 1477 827 1560 868; x_wconf 86' lang='lat' dir='ltr'>hujus</span> <span class='ocrx_word' id='word_1_485' title='bbox 1573 828 1636 857; x_wconf 85' lang='lat' dir='ltr'>vitae</span> <span class='ocrx_word' id='word_1_486' title='bbox 1649 840 1698 868; x_wconf 84' lang='lat' dir='ltr'>pe-</span> 
     </span>
     <span class='ocr_line' id='line_1_62' title="bbox 954 862 1699 908; baseline 0.009 -17"><span class='ocrx_word' id='word_1_487' title='bbox 954 862 1014 908; x_wconf 72' lang='lat' dir='ltr'>lago</span> <span class='ocrx_word' id='word_1_488' title='bbox 1030 871 1170 903; x_wconf 78' lang='lat' dir='ltr'>versantur</span> <span class='ocrx_word' id='word_1_489' title='bbox 1191 865 1317 894; x_wconf 62' lang='lat' dir='ltr'>Ecclesiae</span> <span class='ocrx_word' id='word_1_490' title='bbox 1330 866 1472 906; x_wconf 88' lang='lat' dir='ltr'>discipuli,</span> <span class='ocrx_word' id='word_1_491' title='bbox 1489 877 1540 896; x_wconf 93' lang='lat' dir='ltr'>non</span> <span class='ocrx_word' id='word_1_492' title='bbox 1562 867 1596 896; x_wconf 84' lang='lat' dir='ltr'>ad</span> <span class='ocrx_word' id='word_1_493' title='bbox 1609 869 1699 907; x_wconf 75' lang='lat' dir='ltr'>stellas</span> 
     </span>
     <span class='ocr_line' id='line_1_63' title="bbox 953 902 1699 946; baseline 0.011 -16"><span class='ocrx_word' id='word_1_494' title='bbox 953 902 1057 941; x_wconf 79' lang='lat' dir='ltr'>aliquas</span> <span class='ocrx_word' id='word_1_495' title='bbox 1068 904 1160 933; x_wconf 87' lang='lat' dir='ltr'>oculos</span> <span class='ocrx_word' id='word_1_496' title='bbox 1180 911 1371 943; x_wconf 78' lang='lat' dir='ltr'>convertentes,</span> <span class='ocrx_word' id='word_1_497' title='bbox 1387 906 1434 935; x_wconf 83' lang='lat' dir='ltr'>sed</span> <span class='ocrx_word' id='word_1_498' title='bbox 1447 906 1482 935; x_wconf 81' lang='lat' dir='ltr'>ad</span> <span class='ocrx_word' id='word_1_499' title='bbox 1502 914 1590 946; x_wconf 83' lang='lat' dir='ltr'>patres</span> <span class='ocrx_word' id='word_1_500' title='bbox 1604 909 1699 938; x_wconf 87' lang='lat' dir='ltr'>mentis</span> 
     </span>
     <span class='ocr_line' id='line_1_64' title="bbox 953 942 1699 986; baseline 0.008 -15"><span class='ocrx_word' id='word_1_501' title='bbox 953 942 1045 972; x_wconf 82' lang='lat' dir='ltr'>oculos</span> <span class='ocrx_word' id='word_1_502' title='bbox 1057 943 1231 980; x_wconf 88' lang='lat' dir='ltr'>intendentes,</span> <span class='ocrx_word' id='word_1_503' title='bbox 1246 955 1392 984; x_wconf 85' lang='lat' dir='ltr'>eorumque</span> <span class='ocrx_word' id='word_1_504' title='bbox 1405 947 1525 986; x_wconf 82' lang='lat' dir='ltr'>vestigiis</span> <span class='ocrx_word' id='word_1_505' title='bbox 1536 947 1630 976; x_wconf 85' lang='lat' dir='ltr'>animae</span> <span class='ocrx_word' id='word_1_506' title='bbox 1644 955 1699 977; x_wconf 87' lang='lat' dir='ltr'>stu-</span> 
     </span>
     <span class='ocr_line' id='line_1_65' title="bbox 953 981 1696 1026; baseline 0.009 -16"><span class='ocrx_word' id='word_1_507' title='bbox 953 981 1000 1010; x_wconf 84' lang='lat' dir='ltr'>dio</span> <span class='ocrx_word' id='word_1_508' title='bbox 1012 982 1172 1019; x_wconf 78' lang='lat' dir='ltr'>insistentes,</span> <span class='ocrx_word' id='word_1_509' title='bbox 1183 983 1210 1012; x_wconf 92' lang='lat' dir='ltr'>in</span> <span class='ocrx_word' id='word_1_510' title='bbox 1222 983 1340 1023; x_wconf 87' lang='lat' dir='ltr'>ejusdem</span> <span class='ocrx_word' id='word_1_511' title='bbox 1355 986 1430 1025; x_wconf 86' lang='lat' dir='ltr'>regni</span> <span class='ocrx_word' id='word_1_512' title='bbox 1445 993 1552 1026; x_wconf 88' lang='lat' dir='ltr'>portum</span> <span class='ocrx_word' id='word_1_513' title='bbox 1563 987 1696 1018; x_wconf 86' lang='lat' dir='ltr'>feruntur.</span> 
     </span>
     <span class='ocr_line' id='line_1_66' title="bbox 954 1022 1698 1061; baseline 0.009 -11"><span class='ocrx_word' id='word_1_514' title='bbox 954 1022 1096 1061; x_wconf 75' lang='lat' dir='ltr'>Propterea</span> <span class='ocrx_word' id='word_1_515' title='bbox 1110 1033 1224 1061; x_wconf 90' lang='lat' dir='ltr'>namque</span> <span class='ocrx_word' id='word_1_516' title='bbox 1234 1025 1366 1054; x_wconf 88' lang='lat' dir='ltr'>Dominus</span> <span class='ocrx_word' id='word_1_517' title='bbox 1377 1025 1457 1055; x_wconf 83' lang='lat' dir='ltr'>etiam</span> <span class='ocrx_word' id='word_1_518' title='bbox 1471 1033 1560 1056; x_wconf 87' lang='lat' dir='ltr'>noster</span> <span class='ocrx_word' id='word_1_519' title='bbox 1574 1027 1601 1055; x_wconf 87' lang='lat' dir='ltr'>in</span> <span class='ocrx_word' id='word_1_520' title='bbox 1616 1028 1698 1057; x_wconf 81' lang='lat' dir='ltr'>sacris</span> 
     </span>
     <span class='ocr_line' id='line_1_67' title="bbox 954 1061 1698 1105; baseline 0.011 -16"><span class='ocrx_word' id='word_1_521' title='bbox 954 1061 1039 1090; x_wconf 87' lang='lat' dir='ltr'>literis</span> <span class='ocrx_word' id='word_1_522' title='bbox 1057 1062 1141 1091; x_wconf 86' lang='lat' dir='ltr'>vitam</span> <span class='ocrx_word' id='word_1_523' title='bbox 1163 1062 1273 1092; x_wconf 88' lang='lat' dir='ltr'>illorum</span> <span class='ocrx_word' id='word_1_524' title='bbox 1285 1065 1478 1105; x_wconf 76' lang='lat' dir='ltr'>promulgavit,</span> <span class='ocrx_word' id='word_1_525' title='bbox 1498 1073 1527 1095; x_wconf 88' lang='lat' dir='ltr'>ut</span> <span class='ocrx_word' id='word_1_526' title='bbox 1547 1076 1599 1095; x_wconf 91' lang='lat' dir='ltr'>non</span> <span class='ocrx_word' id='word_1_527' title='bbox 1618 1067 1698 1097; x_wconf 90' lang='lat' dir='ltr'>modo</span> 
     </span>
     <span class='ocr_line' id='line_1_68' title="bbox 954 1100 1699 1139; baseline 0.009 -10"><span class='ocrx_word' id='word_1_528' title='bbox 954 1100 1092 1131; x_wconf 84' lang='lat' dir='ltr'>audientes</span> <span class='ocrx_word' id='word_1_529' title='bbox 1101 1102 1253 1139; x_wconf 80' lang='lat' dir='ltr'>laudemus,</span> <span class='ocrx_word' id='word_1_530' title='bbox 1265 1103 1312 1132; x_wconf 80' lang='lat' dir='ltr'>scd</span> <span class='ocrx_word' id='word_1_531' title='bbox 1324 1105 1404 1134; x_wconf 86' lang='lat' dir='ltr'>etiam</span> <span class='ocrx_word' id='word_1_532' title='bbox 1417 1116 1511 1135; x_wconf 86' lang='lat' dir='ltr'>eornm</span> <span class='ocrx_word' id='word_1_533' title='bbox 1522 1108 1699 1136; x_wconf 85' lang='lat' dir='ltr'>conversatio-</span> 
     </span>
     <span class='ocr_line' id='line_1_69' title="bbox 955 1141 1700 1186; baseline 0.009 -17"><span class='ocrx_word' id='word_1_534' title='bbox 955 1150 1015 1169; x_wconf 90' lang='lat' dir='ltr'>nem</span> <span class='ocrx_word' id='word_1_535' title='bbox 1034 1141 1187 1171; x_wconf 83' lang='lat' dir='ltr'>adamantes</span> <span class='ocrx_word' id='word_1_536' title='bbox 1201 1143 1347 1174; x_wconf 86' lang='lat' dir='ltr'>imitemur.</span> <span class='ocrx_word' id='word_1_537' title='bbox 1362 1146 1432 1174; x_wconf 91' lang='lat' dir='ltr'>Cum</span> <span class='ocrx_word' id='word_1_538' title='bbox 1453 1145 1525 1175; x_wconf 89' lang='lat' dir='ltr'>enim</span> <span class='ocrx_word' id='word_1_539' title='bbox 1545 1156 1592 1175; x_wconf 79' lang='lat' dir='ltr'>sua</span> <span class='ocrx_word' id='word_1_540' title='bbox 1606 1154 1700 1186; x_wconf 88' lang='lat' dir='ltr'>sponte</span> 
     </span>
     <span class='ocr_line' id='line_1_70' title="bbox 955 1181 1699 1216; baseline 0.009 -8"><span class='ocrx_word' id='word_1_541' title='bbox 955 1187 1077 1210; x_wconf 88' lang='lat' dir='ltr'>naturam</span> <span class='ocrx_word' id='word_1_542' title='bbox 1085 1181 1224 1211; x_wconf 84' lang='lat' dir='ltr'>hominum</span> <span class='ocrx_word' id='word_1_543' title='bbox 1238 1183 1385 1213; x_wconf 84' lang='lat' dir='ltr'>studiosam</span> <span class='ocrx_word' id='word_1_544' title='bbox 1398 1184 1543 1215; x_wconf 81' lang='lat' dir='ltr'>honestatis</span> <span class='ocrx_word' id='word_1_545' title='bbox 1553 1196 1610 1215; x_wconf 83' lang='lat' dir='ltr'>esse</span> <span class='ocrx_word' id='word_1_546' title='bbox 1621 1187 1699 1216; x_wconf 83' lang='lat' dir='ltr'>sciret</span> 
     </span>
     <span class='ocr_line' id='line_1_71' title="bbox 955 1220 1698 1265; baseline 0.009 -17"><span class='ocrx_word' id='word_1_547' title='bbox 955 1220 1098 1258; x_wconf 89' lang='lat' dir='ltr'>Dominus,</span> <span class='ocrx_word' id='word_1_548' title='bbox 1113 1232 1269 1261; x_wconf 80' lang='lat' dir='ltr'>semperque</span> <span class='ocrx_word' id='word_1_549' title='bbox 1283 1231 1391 1263; x_wconf 87' lang='lat' dir='ltr'>propter</span> <span class='ocrx_word' id='word_1_550' title='bbox 1405 1223 1515 1254; x_wconf 85' lang='lat' dir='ltr'>honoris</span> <span class='ocrx_word' id='word_1_551' title='bbox 1525 1225 1698 1265; x_wconf 78' lang='lat' dir='ltr'>cupiditatem</span> 
     </span>
     <span class='ocr_line' id='line_1_72' title="bbox 955 1260 1699 1303; baseline 0.011 -15"><span class='ocrx_word' id='word_1_552' title='bbox 955 1260 1055 1299; x_wconf 79' lang='lat' dir='ltr'>optima</span> <span class='ocrx_word' id='word_1_553' title='bbox 1082 1271 1195 1300; x_wconf 83' lang='lat' dir='ltr'>quaeque</span> <span class='ocrx_word' id='word_1_554' title='bbox 1221 1270 1356 1302; x_wconf 84' lang='lat' dir='ltr'>appetere,</span> <span class='ocrx_word' id='word_1_555' title='bbox 1382 1270 1516 1303; x_wconf 84' lang='lat' dir='ltr'>tamquam</span> <span class='ocrx_word' id='word_1_556' title='bbox 1546 1274 1699 1296; x_wconf 78' lang='lat' dir='ltr'>ornamenta</span> 
     </span>
     <span class='ocr_line' id='line_1_73' title="bbox 955 1299 1697 1342; baseline 0.011 -15"><span class='ocrx_word' id='word_1_557' title='bbox 955 1299 1078 1337; x_wconf 81' lang='lat' dir='ltr'>quaedam</span> <span class='ocrx_word' id='word_1_558' title='bbox 1100 1301 1240 1341; x_wconf 81' lang='lat' dir='ltr'>proposuit</span> <span class='ocrx_word' id='word_1_559' title='bbox 1279 1309 1366 1332; x_wconf 81' lang='lat' dir='ltr'>atrum</span> <span class='ocrx_word' id='word_1_560' title='bbox 1387 1305 1543 1342; x_wconf 79' lang='lat' dir='ltr'>certamina,</span> <span class='ocrx_word' id='word_1_561' title='bbox 1564 1312 1594 1334; x_wconf 88' lang='lat' dir='ltr'>ut</span> <span class='ocrx_word' id='word_1_562' title='bbox 1615 1317 1697 1335; x_wconf 88' lang='lat' dir='ltr'>unus-</span> 
     </span>
     <span class='ocr_line' id='line_1_74' title="bbox 955 1312 1699 1380; baseline 0.011 -13"><span class='ocrx_word' id='word_1_563' title='bbox 955 1339 1069 1378; x_wconf 84' lang='lat' dir='ltr'>quisque</span> <span class='ocrx_word' id='word_1_564' title='bbox 1091 1347 1211 1370; x_wconf 89' lang='lat' dir='ltr'>nostrum</span> <span class='ocrx_word' id='word_1_565' title='bbox 1231 1312 1277 1370; x_wconf 59' lang='lat' dir='ltr'>ati)</span> <span class='ocrx_word' id='word_1_566' title='bbox 1287 1353 1367 1380; x_wconf 84' lang='lat' dir='ltr'>quam</span> <span class='ocrx_word' id='word_1_567' title='bbox 1387 1344 1505 1373; x_wconf 86' lang='lat' dir='ltr'>voluerit</span> <span class='ocrx_word' id='word_1_568' title='bbox 1528 1346 1699 1375; x_wconf 76' lang='lat' dir='ltr'>certationem</span> 
     </span>
     <span class='ocr_line' id='line_1_75' title="bbox 954 1379 1700 1423; baseline 0.011 -16"><span class='ocrx_word' id='word_1_569' title='bbox 954 1379 1070 1419; x_wconf 80' lang='lat' dir='ltr'>seipsum</span> <span class='ocrx_word' id='word_1_570' title='bbox 1084 1380 1240 1410; x_wconf 83' lang='lat' dir='ltr'>conformet.</span> <span class='ocrx_word' id='word_1_571' title='bbox 1262 1382 1355 1421; x_wconf 85' lang='lat' dir='ltr'>Itaque</span> <span class='ocrx_word' id='word_1_572' title='bbox 1375 1383 1508 1422; x_wconf 80' lang='lat' dir='ltr'>patientiae</span> <span class='ocrx_word' id='word_1_573' title='bbox 1522 1385 1647 1423; x_wconf 74' lang='lat' dir='ltr'>magister</span> <span class='ocrx_word' id='word_1_574' title='bbox 1661 1393 1700 1415; x_wconf 85' lang='lat' dir='ltr'>est</span> 
     </span>
     <span class='ocr_line' id='line_1_76' title="bbox 955 1418 1697 1461; baseline 0.011 -14"><span class='ocrx_word' id='word_1_575' title='bbox 955 1418 1073 1457; x_wconf 87' lang='lat' dir='ltr'>optimus</span> <span class='ocrx_word' id='word_1_576' title='bbox 1086 1419 1156 1449; x_wconf 86' lang='lat' dir='ltr'>beati</span> <span class='ocrx_word' id='word_1_577' title='bbox 1169 1420 1232 1450; x_wconf 85' lang='lat' dir='ltr'>Johi</span> <span class='ocrx_word' id='word_1_578' title='bbox 1247 1421 1317 1459; x_wconf 78' lang='lat' dir='ltr'>vita;</span> <span class='ocrx_word' id='word_1_579' title='bbox 1332 1423 1486 1459; x_wconf 66' lang='lat' dir='ltr'>tolerantiae,</span> <span class='ocrx_word' id='word_1_580' title='bbox 1506 1425 1606 1461; x_wconf 84' lang='lat' dir='ltr'>Mosis;</span> <span class='ocrx_word' id='word_1_581' title='bbox 1622 1436 1697 1455; x_wconf 82' lang='lat' dir='ltr'>man-</span> 
     </span>
     <span class='ocr_line' id='line_1_77' title="bbox 955 1458 1697 1503; baseline 0.011 -17"><span class='ocrx_word' id='word_1_582' title='bbox 955 1458 1116 1496; x_wconf 86' lang='lat' dir='ltr'>suetudinis,</span> <span class='ocrx_word' id='word_1_583' title='bbox 1124 1460 1253 1498; x_wconf 81' lang='lat' dir='ltr'>Davidis;</span> <span class='ocrx_word' id='word_1_584' title='bbox 1273 1461 1363 1501; x_wconf 85' lang='lat' dir='ltr'>&#39;ejunii</span> <span class='ocrx_word' id='word_1_585' title='bbox 1374 1469 1400 1492; x_wconf 92' lang='lat' dir='ltr'>et</span> <span class='ocrx_word' id='word_1_586' title='bbox 1413 1463 1552 1499; x_wconf 83' lang='lat' dir='ltr'>orationis,</span> <span class='ocrx_word' id='word_1_587' title='bbox 1561 1465 1697 1503; x_wconf 78' lang='lat' dir='ltr'>Danielis;</span> 
     </span>
     <span class='ocr_line' id='line_1_78' title="bbox 956 1497 1697 1539; baseline 0.011 -13"><span class='ocrx_word' id='word_1_588' title='bbox 956 1497 1104 1536; x_wconf 62' lang='lat' dir='ltr'>pudicitiae,</span> <span class='ocrx_word' id='word_1_589' title='bbox 1120 1499 1220 1539; x_wconf 74' lang='lat' dir='ltr'>Joseph</span> <span class='ocrx_word' id='word_1_590' title='bbox 1230 1510 1261 1529; x_wconf 79' lang='lat' dir='ltr'>ac</span> <span class='ocrx_word' id='word_1_591' title='bbox 1291 1508 1354 1530; x_wconf 81' lang='lat' dir='ltr'>eatae</span> <span class='ocrx_word' id='word_1_592' title='bbox 1367 1502 1496 1532; x_wconf 77' lang='lat' dir='ltr'>Susannae</span> <span class='ocrx_word' id='word_1_593' title='bbox 1512 1504 1577 1532; x_wconf 85' lang='lat' dir='ltr'>vita.</span> <span class='ocrx_word' id='word_1_594' title='bbox 1592 1506 1697 1534; x_wconf 87' lang='lat' dir='ltr'>Conve-</span> 
     </span>
     <span class='ocr_line' id='line_1_79' title="bbox 956 1537 1697 1584; baseline 0.011 -19"><span class='ocrx_word' id='word_1_595' title='bbox 956 1537 1033 1566; x_wconf 86' lang='lat' dir='ltr'>niens</span> <span class='ocrx_word' id='word_1_596' title='bbox 1046 1545 1133 1567; x_wconf 86' lang='lat' dir='ltr'>autem</span> <span class='ocrx_word' id='word_1_597' title='bbox 1148 1546 1174 1568; x_wconf 86' lang='lat' dir='ltr'>et</span> <span class='ocrx_word' id='word_1_598' title='bbox 1186 1539 1332 1579; x_wconf 85' lang='lat' dir='ltr'>expetenda</span> <span class='ocrx_word' id='word_1_599' title='bbox 1345 1542 1492 1580; x_wconf 83' lang='lat' dir='ltr'>juvenibus</span> <span class='ocrx_word' id='word_1_600' title='bbox 1507 1543 1563 1572; x_wconf 80' lang='lat' dir='ltr'>vita</span> <span class='ocrx_word' id='word_1_601' title='bbox 1585 1545 1697 1584; x_wconf 81' lang='lat' dir='ltr'>Joseph,</span> 
     </span>
     <span class='ocr_line' id='line_1_80' title="bbox 956 1577 1698 1620; baseline 0.011 -16"><span class='ocrx_word' id='word_1_602' title='bbox 956 1582 983 1604; x_wconf 87' lang='lat' dir='ltr'>et</span> <span class='ocrx_word' id='word_1_603' title='bbox 989 1577 1154 1616; x_wconf 86' lang='lat' dir='ltr'>juvenculis,</span> <span class='ocrx_word' id='word_1_604' title='bbox 1163 1580 1297 1618; x_wconf 62' lang='lat' dir='ltr'>praecipue</span> <span class='ocrx_word' id='word_1_605' title='bbox 1307 1591 1366 1618; x_wconf 77' lang='lat' dir='ltr'>quae</span> <span class='ocrx_word' id='word_1_606' title='bbox 1377 1581 1403 1609; x_wconf 92' lang='lat' dir='ltr'>in</span> <span class='ocrx_word' id='word_1_607' title='bbox 1414 1582 1583 1611; x_wconf 83' lang='lat' dir='ltr'>matrimonio</span> <span class='ocrx_word' id='word_1_608' title='bbox 1591 1583 1698 1620; x_wconf 88' lang='lat' dir='ltr'>vivunt,</span> 
     </span>
     <span class='ocr_line' id='line_1_81' title="bbox 957 1614 1696 1658; baseline 0.012 -15"><span class='ocrx_word' id='word_1_609' title='bbox 957 1614 1039 1644; x_wconf 84' lang='lat' dir='ltr'>beatae</span> <span class='ocrx_word' id='word_1_610' title='bbox 1052 1617 1178 1646; x_wconf 80' lang='lat' dir='ltr'>Susannoe</span> <span class='ocrx_word' id='word_1_611' title='bbox 1191 1625 1345 1657; x_wconf 83' lang='lat' dir='ltr'>susceptum</span> <span class='ocrx_word' id='word_1_612' title='bbox 1364 1630 1413 1658; x_wconf 88' lang='lat' dir='ltr'>pro</span> <span class='ocrx_word' id='word_1_613' title='bbox 1430 1620 1530 1650; x_wconf 84' lang='lat' dir='ltr'>virtute</span> <span class='ocrx_word' id='word_1_614' title='bbox 1542 1628 1673 1652; x_wconf 83' lang='lat' dir='ltr'>certamen</span> <span class='ocrx_word' id='word_1_615' title='bbox 1692 1637 1696 1652; x_wconf 93' lang='lat'>:</span> 
     </span>
     <span class='ocr_line' id='line_1_82' title="bbox 957 1655 1700 1696; baseline 0.013 -13"><span class='ocrx_word' id='word_1_616' title='bbox 957 1665 1007 1693; x_wconf 85' lang='lat' dir='ltr'>par</span> <span class='ocrx_word' id='word_1_617' title='bbox 1019 1655 1090 1684; x_wconf 87' lang='lat' dir='ltr'>enim</span> <span class='ocrx_word' id='word_1_618' title='bbox 1111 1657 1233 1696; x_wconf 83' lang='lat' dir='ltr'>utrisque</span> <span class='ocrx_word' id='word_1_619' title='bbox 1254 1659 1407 1688; x_wconf 82' lang='lat' dir='ltr'>certaminis</span> <span class='ocrx_word' id='word_1_620' title='bbox 1421 1659 1480 1688; x_wconf 83' lang='lat' dir='ltr'>laus</span> <span class='ocrx_word' id='word_1_621' title='bbox 1499 1668 1548 1690; x_wconf 84' lang='lat' dir='ltr'>est.</span> <span class='ocrx_word' id='word_1_622' title='bbox 1565 1663 1634 1691; x_wconf 79' lang='lat' dir='ltr'>Nam</span> <span class='ocrx_word' id='word_1_623' title='bbox 1656 1663 1700 1693; x_wconf 86' lang='lat' dir='ltr'>hic</span> 
     </span>
     <span class='ocr_line' id='line_1_83' title="bbox 957 1693 1696 1737; baseline 0.012 -15"><span class='ocrx_word' id='word_1_624' title='bbox 957 1693 1066 1732; x_wconf 88' lang='lat' dir='ltr'>quidem</span> <span class='ocrx_word' id='word_1_625' title='bbox 1073 1694 1188 1725; x_wconf 85' lang='lat' dir='ltr'>dominae</span> <span class='ocrx_word' id='word_1_626' title='bbox 1198 1697 1319 1726; x_wconf 86' lang='lat' dir='ltr'>timorem</span> <span class='ocrx_word' id='word_1_627' title='bbox 1330 1698 1466 1737; x_wconf 73' lang='lat' dir='ltr'>pudicitia.¹</span> <span class='ocrx_word' id='word_1_628' title='bbox 1476 1710 1554 1729; x_wconf 79' lang='lat' dir='ltr'>causa</span> <span class='ocrx_word' id='word_1_629' title='bbox 1565 1701 1676 1731; x_wconf 76' lang='lat' dir='ltr'>calcavit</span> <span class='ocrx_word' id='word_1_630' title='bbox 1690 1716 1696 1732; x_wconf 76' lang='lat' dir='ltr'>t</span> 
     </span>
     <span class='ocr_line' id='line_1_84' title="bbox 957 1733 1699 1780; baseline 0.012 -18"><span class='ocrx_word' id='word_1_631' title='bbox 957 1733 1004 1762; x_wconf 79' lang='lat' dir='ltr'>illa</span> <span class='ocrx_word' id='word_1_632' title='bbox 1022 1744 1087 1764; x_wconf 83' lang='lat' dir='ltr'>vero</span> <span class='ocrx_word' id='word_1_633' title='bbox 1103 1735 1218 1765; x_wconf 79' lang='lat' dir='ltr'>letiferas</span> <span class='ocrx_word' id='word_1_634' title='bbox 1237 1736 1440 1776; x_wconf 87' lang='lat' dir='ltr'>magistratuum</span> <span class='ocrx_word' id='word_1_635' title='bbox 1463 1739 1549 1769; x_wconf 77' lang='lat' dir='ltr'>minas</span> <span class='ocrx_word' id='word_1_636' title='bbox 1563 1741 1699 1780; x_wconf 85' lang='lat' dir='ltr'>pudicitiae</span> 
     </span>
     <span class='ocr_line' id='line_1_85' title="bbox 958 1775 1699 1823; baseline 0.012 -21"><span class='ocrx_word' id='word_1_637' title='bbox 958 1784 1037 1803; x_wconf 86' lang='lat' dir='ltr'>eausa</span> <span class='ocrx_word' id='word_1_638' title='bbox 1050 1775 1198 1805; x_wconf 85' lang='lat' dir='ltr'>contemsit.</span> <span class='ocrx_word' id='word_1_639' title='bbox 1212 1777 1403 1807; x_wconf 86' lang='lat' dir='ltr'>Verumtamen</span> <span class='ocrx_word' id='word_1_640' title='bbox 1414 1778 1493 1823; x_wconf 88' lang='lat' dir='ltr'>prius</span> <span class='ocrx_word' id='word_1_641' title='bbox 1505 1779 1575 1809; x_wconf 82' lang='lat' dir='ltr'>beati</span> <span class='ocrx_word' id='word_1_642' title='bbox 1587 1782 1699 1821; x_wconf 85' lang='lat' dir='ltr'>Josephi</span> 
     </span>
     <span class='ocr_line' id='line_1_86' title="bbox 957 1813 1700 1856; baseline 0.011 -14"><span class='ocrx_word' id='word_1_643' title='bbox 957 1813 1040 1845; x_wconf 85' lang='lat' dir='ltr'>vitam</span> <span class='ocrx_word' id='word_1_644' title='bbox 1053 1813 1235 1845; x_wconf 83' lang='lat' dir='ltr'>describamus</span> <span class='ocrx_word' id='word_1_645' title='bbox 1243 1828 1251 1851; x_wconf 92' lang='lat'>;</span> <span class='ocrx_word' id='word_1_646' title='bbox 1266 1817 1483 1856; x_wconf 76' lang='lat' dir='ltr'>quandoquidem</span> <span class='ocrx_word' id='word_1_647' title='bbox 1497 1819 1542 1848; x_wconf 92' lang='lat' dir='ltr'>hic</span> <span class='ocrx_word' id='word_1_648' title='bbox 1555 1820 1634 1850; x_wconf 78' lang='lat' dir='ltr'>etiam</span> <span class='ocrx_word' id='word_1_649' title='bbox 1649 1832 1700 1850; x_wconf 82' lang='lat' dir='ltr'>au-</span> 
     </span>
     <span class='ocr_line' id='line_1_87' title="bbox 957 1852 1699 1895; baseline 0.009 -12"><span class='ocrx_word' id='word_1_650' title='bbox 957 1852 1058 1892; x_wconf 87' lang='lat' dir='ltr'>tiquior</span> <span class='ocrx_word' id='word_1_651' title='bbox 1069 1861 1110 1883; x_wconf 86' lang='lat' dir='ltr'>est</span> <span class='ocrx_word' id='word_1_652' title='bbox 1119 1861 1208 1895; x_wconf 80' lang='lat' dir='ltr'>pater3</span> <span class='ocrx_word' id='word_1_653' title='bbox 1223 1866 1254 1886; x_wconf 82' lang='lat' dir='ltr'>ac</span> <span class='ocrx_word' id='word_1_654' title='bbox 1272 1856 1369 1886; x_wconf 89' lang='lat' dir='ltr'>deinde</span> <span class='ocrx_word' id='word_1_655' title='bbox 1382 1857 1464 1887; x_wconf 78' lang='lat' dir='ltr'>beatae</span> <span class='ocrx_word' id='word_1_656' title='bbox 1477 1859 1604 1889; x_wconf 74' lang='lat' dir='ltr'>Susannae</span> <span class='ocrx_word' id='word_1_657' title='bbox 1617 1860 1699 1890; x_wconf 82' lang='lat' dir='ltr'>vitam</span> 
     </span>
     <span class='ocr_line' id='line_1_88' title="bbox 957 1893 1700 1943; baseline 0.011 -21"><span class='ocrx_word' id='word_1_658' title='bbox 957 1893 1163 1933; x_wconf 81' lang='lat' dir='ltr'>explicabimus.</span> <span class='ocrx_word' id='word_1_659' title='bbox 1180 1895 1276 1925; x_wconf 84' lang='lat' dir='ltr'>Beatus</span> <span class='ocrx_word' id='word_1_660' title='bbox 1295 1895 1379 1943; x_wconf 63' lang='lat' dir='ltr'>igitur</span> <span class='ocrx_word' id='word_1_661' title='bbox 1395 1898 1457 1926; x_wconf 85' lang='lat' dir='ltr'>Jose</span> <span class='ocrx_word' id='word_1_662' title='bbox 1478 1898 1495 1926; x_wconf 84' lang='grc' dir='ltr'>Ιι</span> <span class='ocrx_word' id='word_1_663' title='bbox 1510 1909 1544 1928; x_wconf 81' lang='lat' dir='ltr'>ex</span> <span class='ocrx_word' id='word_1_664' title='bbox 1562 1900 1700 1930; x_wconf 80' lang='lat' dir='ltr'>nobilibus</span> 
     </span>
     <span class='ocr_line' id='line_1_89' title="bbox 957 1934 1699 1976; baseline 0.011 -14"><span class='ocrx_word' id='word_1_665' title='bbox 957 1940 1032 1963; x_wconf 82' lang='lat' dir='ltr'>ortus</span> <span class='ocrx_word' id='word_1_666' title='bbox 1052 1934 1218 1974; x_wconf 82' lang='lat' dir='ltr'>parentibus,</span> <span class='ocrx_word' id='word_1_667' title='bbox 1231 1945 1292 1965; x_wconf 82' lang='lat' dir='ltr'>eum</span> <span class='ocrx_word' id='word_1_668' title='bbox 1305 1936 1414 1976; x_wconf 67' lang='lat' dir='ltr'>juvenis</span> <span class='ocrx_word' id='word_1_669' title='bbox 1433 1947 1447 1966; x_wconf 83' lang='lat' dir='ltr'>a</span> <span class='ocrx_word' id='word_1_670' title='bbox 1469 1937 1522 1967; x_wconf 89' lang='lat' dir='ltr'>huc</span> <span class='ocrx_word' id='word_1_671' title='bbox 1541 1946 1618 1974; x_wconf 87' lang='lat' dir='ltr'>esset,</span> <span class='ocrx_word' id='word_1_672' title='bbox 1641 1947 1699 1970; x_wconf 91' lang='lat' dir='ltr'>tum</span> 
     </span>
     <span class='ocr_line' id='line_1_90' title="bbox 958 1973 1697 2018; baseline 0.011 -16"><span class='ocrx_word' id='word_1_673' title='bbox 958 1973 1076 2013; x_wconf 89' lang='lat' dir='ltr'>primum</span> <span class='ocrx_word' id='word_1_674' title='bbox 1098 1974 1216 2014; x_wconf 88' lang='lat' dir='ltr'>pilorum</span> <span class='ocrx_word' id='word_1_675' title='bbox 1235 1975 1362 2016; x_wconf 85' lang='lat' dir='ltr'>lanugine</span> <span class='ocrx_word' id='word_1_676' title='bbox 1382 1976 1408 2005; x_wconf 90' lang='lat' dir='ltr'>in</span> <span class='ocrx_word' id='word_1_677' title='bbox 1423 1977 1498 2014; x_wconf 75' lang='lat' dir='ltr'>genis</span> <span class='ocrx_word' id='word_1_678' title='bbox 1510 1979 1569 2018; x_wconf 88' lang='lat' dir='ltr'>ejus</span> <span class='ocrx_word' id='word_1_679' title='bbox 1591 1979 1697 2010; x_wconf 81' lang='lat' dir='ltr'>efflore-</span> 
     </span>
     <span class='ocr_line' id='line_1_91' title="bbox 957 2013 1700 2051; baseline 0.009 -9"><span class='ocrx_word' id='word_1_680' title='bbox 957 2020 1045 2042; x_wconf 85' lang='lat' dir='ltr'>scente</span> <span class='ocrx_word' id='word_1_681' title='bbox 1056 2013 1159 2044; x_wconf 79' lang='lat' dir='ltr'>ssoridae</span> <span class='ocrx_word' id='word_1_682' title='bbox 1172 2025 1237 2044; x_wconf 82' lang='lat' dir='ltr'>rosae</span> <span class='ocrx_word' id='word_1_683' title='bbox 1251 2014 1278 2044; x_wconf 89' lang='lat' dir='ltr'>in</span> <span class='ocrx_word' id='word_1_684' title='bbox 1291 2025 1403 2051; x_wconf 87' lang='lat' dir='ltr'>morem,</span> <span class='ocrx_word' id='word_1_685' title='bbox 1418 2016 1494 2047; x_wconf 87' lang='lat' dir='ltr'>flavae</span> <span class='ocrx_word' id='word_1_686' title='bbox 1504 2018 1595 2047; x_wconf 82' lang='lat' dir='ltr'>barbae</span> <span class='ocrx_word' id='word_1_687' title='bbox 1608 2021 1635 2048; x_wconf 91' lang='lat' dir='ltr'>in</span> <span class='ocrx_word' id='word_1_688' title='bbox 1649 2031 1700 2050; x_wconf 90' lang='lat' dir='ltr'>me-</span> 
     </span>
     <span class='ocr_line' id='line_1_92' title="bbox 957 2051 1699 2096; baseline 0.011 -15"><span class='ocrx_word' id='word_1_689' title='bbox 957 2051 1004 2081; x_wconf 84' lang='lat' dir='ltr'>dio</span> <span class='ocrx_word' id='word_1_690' title='bbox 1023 2053 1234 2092; x_wconf 83' lang='lat' dir='ltr'>pulchritudinis</span> <span class='ocrx_word' id='word_1_691' title='bbox 1253 2054 1368 2084; x_wconf 87' lang='lat' dir='ltr'>densum</span> <span class='ocrx_word' id='word_1_692' title='bbox 1390 2056 1483 2086; x_wconf 88' lang='lat' dir='ltr'>florem</span> <span class='ocrx_word' id='word_1_693' title='bbox 1508 2058 1658 2096; x_wconf 82' lang='lat' dir='ltr'>effundens,</span> <span class='ocrx_word' id='word_1_694' title='bbox 1673 2060 1699 2089; x_wconf 85' lang='lat' dir='ltr'>in</span> 
     </span>
     <span class='ocr_line' id='line_1_93' title="bbox 957 2093 1700 2135; baseline 0.009 -14"><span class='ocrx_word' id='word_1_695' title='bbox 957 2093 1097 2122; x_wconf 88' lang='lat' dir='ltr'>oculorum</span> <span class='ocrx_word' id='word_1_696' title='bbox 1126 2093 1240 2134; x_wconf 82' lang='lat' dir='ltr'>pupillis</span> <span class='ocrx_word' id='word_1_697' title='bbox 1265 2097 1484 2135; x_wconf 84' lang='lat' dir='ltr'>purpurascentis</span> <span class='ocrx_word' id='word_1_698' title='bbox 1507 2097 1586 2127; x_wconf 81' lang='lat' dir='ltr'>violae</span> <span class='ocrx_word' id='word_1_699' title='bbox 1612 2109 1700 2128; x_wconf 82' lang='lat' dir='ltr'>vernae</span> 
     </span>
     <span class='ocr_line' id='line_1_94' title="bbox 957 2132 1700 2178; baseline 0.009 -18"><span class='ocrx_word' id='word_1_700' title='bbox 957 2132 1072 2171; x_wconf 89' lang='lat' dir='ltr'>speciem</span> <span class='ocrx_word' id='word_1_701' title='bbox 1084 2143 1141 2178; x_wconf 84' lang='lat' dir='ltr'>prae</span> <span class='ocrx_word' id='word_1_702' title='bbox 1154 2143 1182 2163; x_wconf 85' lang='lat' dir='ltr'>se</span> <span class='ocrx_word' id='word_1_703' title='bbox 1191 2133 1287 2170; x_wconf 78' lang='lat' dir='ltr'>ferens,</span> <span class='ocrx_word' id='word_1_704' title='bbox 1297 2134 1420 2165; x_wconf 77' lang='lat' dir='ltr'>candidis</span> <span class='ocrx_word' id='word_1_705' title='bbox 1433 2135 1516 2165; x_wconf 84' lang='lat' dir='ltr'>instar</span> <span class='ocrx_word' id='word_1_706' title='bbox 1526 2137 1602 2167; x_wconf 83' lang='lat' dir='ltr'>lactis</span> <span class='ocrx_word' id='word_1_707' title='bbox 1613 2138 1700 2167; x_wconf 88' lang='lat' dir='ltr'>denti·</span> 
     </span>
     <span class='ocr_line' id='line_1_95' title="bbox 957 2171 1700 2217; baseline 0.009 -17"><span class='ocrx_word' id='word_1_708' title='bbox 957 2172 1020 2208; x_wconf 92' lang='lat' dir='ltr'>bus,</span> <span class='ocrx_word' id='word_1_709' title='bbox 1035 2171 1116 2202; x_wconf 79' lang='lat' dir='ltr'>labiis</span> <span class='ocrx_word' id='word_1_710' title='bbox 1129 2172 1205 2212; x_wconf 79' lang='lat' dir='ltr'>igneo</span> <span class='ocrx_word' id='word_1_711' title='bbox 1221 2174 1310 2204; x_wconf 87' lang='lat' dir='ltr'>colore</span> <span class='ocrx_word' id='word_1_712' title='bbox 1322 2175 1493 2211; x_wconf 77' lang='lat' dir='ltr'>rubentibus,</span> <span class='ocrx_word' id='word_1_713' title='bbox 1507 2183 1564 2205; x_wconf 88' lang='lat' dir='ltr'>tum</span> <span class='ocrx_word' id='word_1_714' title='bbox 1576 2178 1700 2217; x_wconf 82' lang='lat' dir='ltr'>expansis</span> 
     </span>
     <span class='ocr_line' id='line_1_96' title="bbox 959 2210 1699 2254; baseline 0.009 -15"><span class='ocrx_word' id='word_1_715' title='bbox 959 2210 1040 2240; x_wconf 84' lang='lat' dir='ltr'>lactea</span> <span class='ocrx_word' id='word_1_716' title='bbox 1054 2211 1105 2241; x_wconf 88' lang='lat' dir='ltr'>suh</span> <span class='ocrx_word' id='word_1_717' title='bbox 1117 2212 1204 2242; x_wconf 76' lang='lat' dir='ltr'>fronte</span> <span class='ocrx_word' id='word_1_718' title='bbox 1215 2214 1368 2253; x_wconf 83' lang='lat' dir='ltr'>superciliis</span> <span class='ocrx_word' id='word_1_719' title='bbox 1381 2215 1498 2254; x_wconf 89' lang='lat' dir='ltr'>pilorum</span> <span class='ocrx_word' id='word_1_720' title='bbox 1512 2216 1581 2245; x_wconf 83' lang='lat' dir='ltr'>inter</span> <span class='ocrx_word' id='word_1_721' title='bbox 1594 2228 1621 2246; x_wconf 92' lang='lat' dir='ltr'>se</span> <span class='ocrx_word' id='word_1_722' title='bbox 1634 2217 1699 2245; x_wconf 86' lang='lat' dir='ltr'>den-</span> 
     </span>
     <span class='ocr_line' id='line_1_97' title="bbox 958 2250 1699 2295; baseline 0.005 -16"><span class='ocrx_word' id='word_1_723' title='bbox 958 2250 1034 2281; x_wconf 84' lang='lat' dir='ltr'>sitate</span> <span class='ocrx_word' id='word_1_724' title='bbox 1048 2252 1185 2282; x_wconf 81' lang='lat' dir='ltr'>connexis.</span> <span class='ocrx_word' id='word_1_725' title='bbox 1196 2252 1250 2283; x_wconf 84' lang='lat' dir='ltr'>sed</span> <span class='ocrx_word' id='word_1_726' title='bbox 1257 2254 1325 2292; x_wconf 85' lang='lat' dir='ltr'>quid</span> <span class='ocrx_word' id='word_1_727' title='bbox 1337 2264 1387 2292; x_wconf 84' lang='lat' dir='ltr'>ego</span> <span class='ocrx_word' id='word_1_728' title='bbox 1397 2254 1506 2294; x_wconf 80' lang='lat' dir='ltr'>juvenis</span> <span class='ocrx_word' id='word_1_729' title='bbox 1519 2255 1699 2295; x_wconf 80' lang='lat' dir='ltr'>pulchritudi-</span> 
     </span>
     <span class='ocr_line' id='line_1_98' title="bbox 958 2291 1699 2333; baseline 0.007 -15"><span class='ocrx_word' id='word_1_730' title='bbox 958 2299 1019 2319; x_wconf 88' lang='lat' dir='ltr'>nem</span> <span class='ocrx_word' id='word_1_731' title='bbox 1033 2301 1114 2320; x_wconf 86' lang='lat' dir='ltr'>conor</span> <span class='ocrx_word' id='word_1_732' title='bbox 1133 2291 1295 2329; x_wconf 85' lang='lat' dir='ltr'>describere,</span> <span class='ocrx_word' id='word_1_733' title='bbox 1311 2304 1391 2332; x_wconf 87' lang='lat' dir='ltr'>quem</span> <span class='ocrx_word' id='word_1_734' title='bbox 1408 2305 1489 2333; x_wconf 86' lang='lat' dir='ltr'>supra</span> <span class='ocrx_word' id='word_1_735' title='bbox 1502 2295 1612 2324; x_wconf 84' lang='lat' dir='ltr'>modum</span> <span class='ocrx_word' id='word_1_736' title='bbox 1625 2295 1699 2324; x_wconf 88' lang='lat' dir='ltr'>Scri-</span> 
     </span>
    </p>
   </div>
   <div class='ocr_carea' id='block_1_20' title="bbox 959 2325 1850 2374">
    <p class='ocr_par' dir='ltr' id='par_1_21' title="bbox 959 2325 1850 2374">
     <span class='ocr_line' id='line_1_99' title="bbox 959 2325 1850 2374; baseline 0.004 -16"><span class='ocrx_word' id='word_1_737' title='bbox 959 2335 1038 2369; x_wconf 82' lang='lat' dir='ltr'>ptura</span> <span class='ocrx_word' id='word_1_738' title='bbox 1049 2330 1180 2369; x_wconf 83' lang='lat' dir='ltr'>laudavit,</span> <span class='ocrx_word' id='word_1_739' title='bbox 1187 2343 1248 2362; x_wconf 90' lang='lat' dir='ltr'>cum</span> <span class='ocrx_word' id='word_1_740' title='bbox 1255 2332 1336 2369; x_wconf 86' lang='lat' dir='ltr'>dixit,</span> <span class='ocrx_word' id='word_1_741' title='bbox 1349 2333 1607 2374; x_wconf 77' lang='lat' dir='ltr'>Pulchersacie‚et</span> <span class='ocrx_word' id='word_1_742' title='bbox 1617 2334 1700 2362; x_wconf 85' lang='lat' dir='ltr'>deco·</span> <span class='ocrx_word' id='word_1_743' title='bbox 1714 2326 1769 2347; x_wconf 60' lang='lat'><em>⁶⁹¹¹·</em></span> <span class='ocrx_word' id='word_1_744' title='bbox 1781 2325 1818 2355; x_wconf 74' lang='lat'>39⁴</span> <span class='ocrx_word' id='word_1_745' title='bbox 1827 2326 1850 2347; x_wconf 70' lang='lat'>⁶*</span> 
     </span>
    </p>
   </div>
   <div class='ocr_carea' id='block_1_21' title="bbox 959 2372 1706 2643">
    <p class='ocr_par' dir='ltr' id='par_1_22' title="bbox 959 2372 1706 2643">
     <span class='ocr_line' id='line_1_100' title="bbox 959 2372 1700 2410; baseline 0.004 -12"><span class='ocrx_word' id='word_1_746' title='bbox 959 2378 1009 2398; x_wconf 80' lang='lat' dir='ltr'>rus</span> <span class='ocrx_word' id='word_1_747' title='bbox 1020 2377 1136 2410; x_wconf 79' lang='lat' dir='ltr'>aspectu</span> <span class='ocrx_word' id='word_1_748' title='bbox 1143 2373 1236 2401; x_wconf 76' lang='lat' dir='ltr'>valde</span> <span class='ocrx_word' id='word_1_749' title='bbox 1244 2375 1257 2399; x_wconf 77' lang='lat' dir='ltr'>i‘</span> <span class='ocrx_word' id='word_1_750' title='bbox 1272 2372 1321 2402; x_wconf 90' lang='lat' dir='ltr'>Hic</span> <span class='ocrx_word' id='word_1_751' title='bbox 1330 2373 1365 2401; x_wconf 92' lang='lat' dir='ltr'>ob</span> <span class='ocrx_word' id='word_1_752' title='bbox 1373 2373 1483 2402; x_wconf 79' lang='lat' dir='ltr'>fratrum</span> <span class='ocrx_word' id='word_1_753' title='bbox 1495 2372 1625 2402; x_wconf 85' lang='lat' dir='ltr'>invidiam</span> <span class='ocrx_word' id='word_1_754' title='bbox 1635 2383 1700 2403; x_wconf 82' lang='lat' dir='ltr'>ven-</span> 
     </span>
     <span class='ocr_line' id='line_1_101' title="bbox 959 2407 1700 2450; baseline 0.005 -13"><span class='ocrx_word' id='word_1_755' title='bbox 959 2407 1045 2447; x_wconf 84' lang='lat' dir='ltr'>ditur,</span> <span class='ocrx_word' id='word_1_756' title='bbox 1061 2416 1089 2439; x_wconf 89' lang='lat' dir='ltr'>ut</span> <span class='ocrx_word' id='word_1_757' title='bbox 1105 2410 1170 2450; x_wconf 87' lang='lat' dir='ltr'>ipsis</span> <span class='ocrx_word' id='word_1_758' title='bbox 1183 2410 1292 2450; x_wconf 81' lang='lat' dir='ltr'>quidem</span> <span class='ocrx_word' id='word_1_759' title='bbox 1306 2411 1459 2447; x_wconf 78' lang='lat' dir='ltr'>videbatur,</span> <span class='ocrx_word' id='word_1_760' title='bbox 1475 2411 1509 2440; x_wconf 79' lang='lat' dir='ltr'>ad</span> <span class='ocrx_word' id='word_1_761' title='bbox 1527 2411 1700 2449; x_wconf 64' lang='lat' dir='ltr'>servitutem</span> 
     </span>
     <span class='ocr_line' id='line_1_102' title="bbox 961 2449 1702 2489; baseline 0.005 -13"><span class='ocrx_word' id='word_1_762' title='bbox 961 2454 991 2477; x_wconf 87' lang='lat' dir='ltr'>ut</span> <span class='ocrx_word' id='word_1_763' title='bbox 998 2456 1086 2479; x_wconf 85' lang='lat' dir='ltr'>autem</span> <span class='ocrx_word' id='word_1_764' title='bbox 1094 2451 1166 2479; x_wconf 87' lang='lat' dir='ltr'>Deus</span> <span class='ocrx_word' id='word_1_765' title='bbox 1196 2450 1385 2486; x_wconf 71' lang='lat' dir='ltr'>roedcsfinarat,</span> <span class='ocrx_word' id='word_1_766' title='bbox 1399 2449 1432 2478; x_wconf 81' lang='lat' dir='ltr'>ad</span> <span class='ocrx_word' id='word_1_767' title='bbox 1442 2461 1564 2489; x_wconf 81' lang='lat' dir='ltr'>regnum,</span> <span class='ocrx_word' id='word_1_768' title='bbox 1577 2457 1602 2479; x_wconf 89' lang='lat' dir='ltr'>et</span> <span class='ocrx_word' id='word_1_769' title='bbox 1616 2451 1702 2480; x_wconf 82' lang='lat' dir='ltr'>abdu-</span> 
     </span>
     <span class='ocr_line' id='line_1_103' title="bbox 961 2487 1699 2535; baseline 0.003 -17"><span class='ocrx_word' id='word_1_770' title='bbox 961 2487 1071 2518; x_wconf 75' lang='lat' dir='ltr'>ccbatur</span> <span class='ocrx_word' id='word_1_771' title='bbox 1094 2499 1180 2529; x_wconf 84' lang='lat' dir='ltr'>pueru</span> <span class='ocrx_word' id='word_1_772' title='bbox 1194 2500 1224 2518; x_wconf 91' lang='lat' dir='ltr'>us</span> <span class='ocrx_word' id='word_1_773' title='bbox 1244 2490 1271 2518; x_wconf 93' lang='lat' dir='ltr'>in</span> <span class='ocrx_word' id='word_1_774' title='bbox 1295 2490 1454 2535; x_wconf 66' lang='lat' dir='ltr'>AEgyptu¹n‚</span> <span class='ocrx_word' id='word_1_775' title='bbox 1472 2496 1501 2518; x_wconf 85' lang='lat' dir='ltr'>nt</span> <span class='ocrx_word' id='word_1_776' title='bbox 1523 2490 1586 2518; x_wconf 87' lang='lat' dir='ltr'>vilis</span> <span class='ocrx_word' id='word_1_777' title='bbox 1600 2491 1699 2529; x_wconf 86' lang='lat' dir='ltr'>pusio:</span> 
     </span>
     <span class='ocr_line' id='line_1_104' title="bbox 963 2527 1704 2572; baseline 0.004 -16"><span class='ocrx_word' id='word_1_778' title='bbox 963 2527 1080 2558; x_wconf 86' lang='lat' dir='ltr'>nondum</span> <span class='ocrx_word' id='word_1_779' title='bbox 1099 2528 1170 2557; x_wconf 88' lang='lat' dir='ltr'>enim</span> <span class='ocrx_word' id='word_1_780' title='bbox 1183 2528 1314 2558; x_wconf 87' lang='lat' dir='ltr'>virtutum</span> <span class='ocrx_word' id='word_1_781' title='bbox 1328 2539 1387 2572; x_wconf 51' lang='lat' dir='ltr'>ejus</span> <span class='ocrx_word' id='word_1_782' title='bbox 1400 2538 1464 2566; x_wconf 89' lang='lat' dir='ltr'>opes</span> <span class='ocrx_word' id='word_1_783' title='bbox 1486 2527 1607 2558; x_wconf 76' lang='lat' dir='ltr'>viderant</span> <span class='ocrx_word' id='word_1_784' title='bbox 1620 2537 1704 2559; x_wconf 88' lang='lat' dir='ltr'>emto—</span> 
     </span>
     <span class='ocr_line' id='line_1_105' title="bbox 963 2567 1704 2607; baseline 0.004 -11"><span class='ocrx_word' id='word_1_785' title='bbox 963 2577 1015 2604; x_wconf 84' lang='lat' dir='ltr'>res,</span> <span class='ocrx_word' id='word_1_786' title='bbox 1029 2579 1143 2606; x_wconf 82' lang='lat' dir='ltr'>eumque</span> <span class='ocrx_word' id='word_1_787' title='bbox 1162 2574 1270 2607; x_wconf 82' lang='lat' dir='ltr'>propter</span> <span class='ocrx_word' id='word_1_788' title='bbox 1281 2567 1408 2596; x_wconf 75' lang='lat' dir='ltr'>castitatis</span> <span class='ocrx_word' id='word_1_789' title='bbox 1420 2567 1502 2596; x_wconf 84' lang='lat' dir='ltr'>decus</span> <span class='ocrx_word' id='word_1_790' title='bbox 1517 2567 1634 2607; x_wconf 77' lang='lat' dir='ltr'>AEgypto</span> <span class='ocrx_word' id='word_1_791' title='bbox 1648 2570 1704 2599; x_wconf 87' lang='lat' dir='ltr'>uni-</span> 
     </span>
     <span class='ocr_line' id='line_1_106' title="bbox 964 2606 1706 2643; baseline 0.003 -7"><span class='ocrx_word' id='word_1_792' title='bbox 964 2617 1045 2636; x_wconf 74' lang='lat' dir='ltr'>versa:</span> <span class='ocrx_word' id='word_1_793' title='bbox 1058 2607 1257 2636; x_wconf 82' lang='lat' dir='ltr'>dominaturum</span> <span class='ocrx_word' id='word_1_794' title='bbox 1269 2606 1430 2643; x_wconf 83' lang='lat' dir='ltr'>nesciebant,</span> <span class='ocrx_word' id='word_1_795' title='bbox 1445 2613 1470 2636; x_wconf 86' lang='lat' dir='ltr'>ct</span> <span class='ocrx_word' id='word_1_796' title='bbox 1480 2617 1537 2636; x_wconf 86' lang='lat' dir='ltr'>cam</span> <span class='ocrx_word' id='word_1_797' title='bbox 1547 2614 1626 2637; x_wconf 76' lang='lat' dir='ltr'>totam</span> <span class='ocrx_word' id='word_1_798' title='bbox 1638 2609 1706 2638; x_wconf 80' lang='lat' dir='ltr'>same</span> 
     </span>
    </p>
   </div>
  </div>
 </body>
</html>
