1890 2826
563 187 606 209 DE
633 187 739 209 MUNDI
767 186 958 208 eiu-:xrloNE
985 185 1088 208 ORAT.
1118 185 1165 207 111.

1570 172 1641 219 559

78 263 142 281 πτον
164 252 305 291 φωστῆρα,
327 250 376 285 τὴν
394 249 518 289 σελήνην,
541 248 587 278 καὶ
611 247 794 286 ἀποδυομένην
814 247 844 276 τὸ
853 246 889 266 '⁴⁵¹
900 256 1008 276 rursum
1020 246 1119 275 induit.
1134 246 1228 276 Prodit
1240 245 1377 275 Artificem
1392 256 1473 285 opus.
1485 247 1642 283 Numquam

77 297 184 332 κάλλος,
198 295 244 325 καὶ
257 294 466 336 ἀμφιεννυμένην
480 294 570 324 πσῦιιν.
583 293 706 324 Δείκνυσι
718 293 746 322 δὲ
760 293 790 322 τὸ
802 293 844 332 ἔρ-

76 353 122 381 γον
147 341 192 370 τὸν
212 341 344 382 τεχνίτην.
359 340 513 376 Ἀνεκλιπὴς
535 339 698 380 ὁτεχνίτης,
712 338 794 368 ἀΐδιον
814 337 845 367 τὸ

76 388 160 428 ἔργον.
173 389 215 418 Οὐ
223 387 275 427 γὰρ
286 387 457 417 ἀναλίσκεται
465 387 496 416 τὸ
506 389 561 427 φῶς
572 388 621 421 τῆς
632 385 745 421 σελήνης
755 408 763 420 ,
776 384 845 414 ἀλλὰ

75 432 231 472 κρύπτεται.
254 433 360 463 Γίνεται
380 432 408 462 δὲ
424 432 469 462 καὶ
488 432 566 462 εἰκὼν
580 434 657 471 ἡμῶν
677 433 730 461 τῶν
744 431 844 467 θνητῶν

76 478 232 519 ἀνθρώπιον,
260 478 402 514 Ἐννόησον
422 478 520 512 πόσους
541 479 638 511 αἰῶνας
656 467 846 518 ἔχει”ἀνατέλ-

75 527 170 556 λουσα.
194 524 248 555 Καὶ
264 525 309 555 ἐὰν
327 521 345 564 ᾗ
365 524 458 565 πρώτη
470 547 478 561 ,
492 524 603 564 λέγομεν
616 535 622 542 ·
646 524 761 563 σήμερον
784 533 845 561 γεν-

75 575 153 600 νᾶται
175 573 192 606 ἡ
220 570 328 606 σελήνη.
353 570 450 607 Διατί;
473 569 586 606 Ἐπειδὴ
612 569 690 599 εἰκών
717 569 774 599 ἐστι
794 568 847 596 τῶν

77 616 214 657 ἡμετέρων
238 616 379 659 σωμάτων.
401 617 547 654 Γεννᾶται,
575 615 664 653 αὔξει,
684 616 848 655 πληροῦται,

76 663 246 700 ἐλαττοῦται,
261 665 398 702 μειοῦται,
418 663 504 692 δύνει·
526 661 618 698 ἐπειδὴ
638 662 684 691 καὶ
697 664 774 700 ἡμεῖς
787 672 850 700 γεν-

76 708 181 748 νώμεθα
192 730 201 745 ,
216 707 360 748 αὖξάνομεν
375 732 383 745 ,
408 708 581 749 πληρούμεθα
592 730 601 745 ,
625 706 848 748 παρακμάζομεν,

76 754 205 794 λήγομεν,
224 757 365 795 γηρῶμεν,
384 754 600 794 ἀποθνήσκομεν,
623 753 740 792 δύνομεν.
769 752 849 782 Ἀλλὰ
865 758 881 780 Β

76 800 156 830 πάλιν
170 805 308 840 γεννᾶται,
328 800 420 836 ἐπειδὴ
433 800 478 830 καὶ
490 802 569 839 ἡμεῖς
587 800 719 840 μέλλομεν
742 798 849 828 ἀνίστα-

77 849 147 883 σθαι,
158 847 204 876 καὶ
217 846 290 886 μένει
303 849 375 885 ἡμᾶς
389 845 509 886 γέννησις
520 846 599 882 ἄλλη.
613 845 665 875 Διὰ
677 848 755 875 τοῦτο
763 846 778 874 ὁ
789 845 848 874 Σω-

76 892 127 932 τὴρ
155 892 312 933 βουλόμενος
333 892 415 927 δεῖξαι
427 914 436 928 ,
463 893 504 922 ὅτι
522 894 559 926 ὣς
582 892 757 932 ἐγεννήθημεν
781 886 831 920 ὧδε
840 914 848 927 ,

76 938 156 968 πάλιν
169 938 335 978 γεννώμεθα,
355 938 442 978 λέγει·
459 937 547 968 ”Οταν
558 937 620 978 ἔλθῃ
633 941 647 968 ὁ
661 938 724 971 Υἱὸς
737 940 783 967 τοῦ
801 939 847 967 ἄν-

77 983 181 1024 θρώπου
192 985 221 1014 ἰν
231 986 265 1024 τῇ
278 983 476 1024 παλιγγενεσία.
496 985 641 1024 Ἐγγυᾶται
658 986 675 1019 ἡ
689 983 786 1019 σελήνη
800 983 849 1019 τὴν

77 1029 230 1059 ἀνάστασιν.
255 1029 338 1069 Ἐμὲ,
362 1030 443 1070 φησὶ,
464 1029 576 1069 βλέπετε
589 1029 790 1069 κρυπτομένην,
805 1034 854 1063 καὶ

76 1075 157 1105 πάλιν
170 1075 346 1115 φαινομένην,
367 1075 413 1105 καὶ
426 1076 603 1115 ἀπαγορεύετε
618 1076 692 1113 ὑμῶν
706 1074 753 1108 τὰς
771 1073 849 1103 ἐλπί-

77 1123 137 1157 δας;
162 1120 197 1151 Ὁ
211 1120 284 1157 ἥλιος
298 1123 328 1150 οὔ
344 1122 377 1151 δι’
392 1124 464 1161 ἡμᾶς
477 1121 596 1161 ἐγένετο;
614 1124 632 1157 ἡ
645 1121 742 1157 σελήνη
762 1122 791 1150 οὔ
815 1121 848 1149 δι’

76 1170 163 1206 ‘hy-&3
187 1166 223 1197 τὰ
239 1166 368 1206 γενόμενα
389 1167 492 1205 πάντη
514 1167 550 1197 Τί
575 1166 626 1207 γὰρ
653 1169 701 1197 οὐκ
723 1168 850 1207 ἐγγυᾶται

77 1213 154 1249 ἡμῶν
165 1210 214 1247 τὴν
228 1211 392 1248 ἀνάστασιν;
405 1211 441 1242 Ἤ
455 1211 499 1246 νὺξ
512 1213 559 1241 οὐκ
573 1211 644 1241 ἔστιν
659 1210 736 1241 εἰκὼν
750 1213 796 1240 τοῦ
807 1214 850 1240 θα-

77 1257 173 1292 νάτου;
185 1256 332 1297 Ἕῤῥιπται
344 1256 378 1286 τὰ
389 1257 502 1297 σώματα
513 1257 565 1287 ὑπὸ
575 1259 612 1297 τῷ
626 1257 728 1294 σκότει,
749 1256 850 1297 μορφὰς
865 1260 883 1283 C

77 1304 107 1331 οὗ
126 1302 281 1342 διακρίνειςς
295 1302 432 1337 Πολλάκις
443 1305 477 1343 τῇ
497 1303 568 1343 χειρὶ
580 1304 704 1343 ψηλαφᾷς
718 1302 752 1332 τὰ
765 1302 850 1343 πρόσ-

77 1360 139 1378 ωπα
160 1350 214 1377 τῶν
231 1348 419 1388 κοιμωμένων,
444 1348 489 1378 καὶ
506 1351 554 1379 οὐκ
571 1343 642 1382 οἶδας
659 1353 733 1378 ποῖον
756 1347 849 1378 τούτου

77 1393 217 1433 πρόσωπον
227 1415 236 1430 ,
250 1398 326 1424 ποῖον
342 1393 458 1430 ἐκείνου,
477 1395 536 1424 ἀλλ’
557 1395 672 1434 ἐρωτᾷς,
691 1393 737 1424 ἵνα
746 1397 763 1430 ἡ
776 1394 848 1435 φωνὴ

78 1438 161 1479 κήρυξ
175 1439 284 1478 γίνηται
296 1442 349 1469 τῶν
363 1441 391 1469 ἐν
411 1439 500 1470 σκότει
522 1439 721 1480 κρυπτομένων.
743 1439 849 1480 Ὠσπερ

77 1480 122 1514 οὗν
135 1487 154 1521 ἡ
167 1484 213 1520 νὺξ
231 1484 360 1515 καλύπτει
383 1487 460 1525 ἡμῶν
479 1485 527 1519 τὰς
546 1485 663 1526 μορφὰς,
686 1485 735 1515 κᾶν
753 1486 851 1519 πάντες

77 1525 150 1569 ὦμεν
171 1531 215 1560 ἐπὶ
234 1530 266 1560 τὸ
285 1531 363 1573 αὐτὸ,
386 1531 433 1561 καὶ
453 1532 534 1566 οὐδεὶς
547 1531 591 1562 τὸν
611 1532 698 1571 ἕτερον
715 1531 850 1571 γνωρίζει·

78 1576 160 1610 οὕτως
168 1576 274 1616 ἔρχεται
282 1576 391 1610 θάνατος
403 1577 448 1606 καὶ
459 1576 517 1606 λύει
529 1577 575 1610 τὰς
590 1577 706 1617 μορφὰς,
721 1579 757 1610 ὡς
768 1576 851 1610 οὐδεὶς

78 1621 171 1651 οὐδένα
189 1622 314 1662 γνωρίζῃ.
327 1622 458 1662 Παρέρχῃ
472 1627 600 1661 μνημεῖα.
618 1622 683 1652 Ἐὰν
697 1622 753 1662 ἴδῃς
765 1622 852 1652 πολλὰ

79 1666 174 1706 κρανία
185 1668 213 1696 ἐν
226 1667 301 1707 τάφῳ
310 1688 319 1702 ,
334 1662 407 1701 ὀἶδας
424 1671 502 1698 τοῦτο
515 1668 598 1704 τίνος,
611 1669 680 1698 Ἀλλ’
696 1669 710 1697 ὁ
721 1667 852 1701 σκευάσας

79 1707 148 1741 οἶδεν
158 1724 165 1730 ·
190 1714 205 1742 ὀ
225 1712 307 1747 λύσας
323 1712 465 1742 ἐπίσταται
488 1714 567 1743 πόθεν
579 1715 710 1754 προῆλθον
731 1709 810 1742 αῧται
824 1715 851 1743 αἱ

81 1757 189 1797 μορφαί.
214 1759 255 1788 Οὔ
268 1757 409 1796 θαυμάζεις
421 1758 492 1787 Θεοῦ
505 1757 691 1797 δημιουργίαν,
711 1756 852 1786 Τοσούτων

82 1803 188 1841 μορφῶν
203 1802 230 1830 ἐν
242 1801 382 1835 τοσαύταις
396 1802 506 1842 μυριάσι
520 1801 630 1840 οὐδεμία
643 1801 779 1841 ὁμοιότης·
801 1801 850 1831 κᾶν
868 1806 886 1829 D

81 1849 118 1880 εἷς
132 1847 167 1876 τὰ
179 1847 283 1887 πέρατα
295 1850 343 1884 τῆς
355 1848 510 1887 οἰκουμένης
522 1848 639 1888 δράμῃς,
657 1847 749 1877 οὐδένα
763 1847 851 1887 ὅμοιον

82 1893 223 1934 εὑρίσκεις·
238 1893 307 1923 ἀλλὰ
320 1894 366 1924 καὶ
372 1896 395 1923 εἷ
402 1891 495 1934 εὕρῃς,
505 1894 578 1935 παρὰ
590 1897 647 1934 ῥῖνα
658 1893 675 1929 ἢ
686 1895 750 1934 παρ’
756 1894 852 1934 ὀφθαλ-

83 1939 146 1978 μὸν,
169 1939 213 1969 ἶνα
226 1942 295 1981 φανῇ
307 1939 338 1969 τὸ
360 1939 439 1974 ξένον.
452 1940 565 1979 Δίδυμοι
584 1939 735 1980 ἐξέρχονται
746 1941 778 1970 ἐκ
791 1945 852 1978 μιᾶς

82 1984 182 2019 κοιλίας
190 2008 198 2022 ,
210 1985 256 2015 καὶ
267 1985 391 2025 τέμνεται
403 1988 421 2022 ἡ
435 1986 567 2025 ὁμοιότης.

122 2032 191 2069 Εἶτα
203 2038 231 2071 ὃς
243 2037 280 2077 μὴ
292 2038 371 2072 οὔσας
381 2038 511 2072 τοσαύτας
525 2038 625 2078 μορφὰς
634 2038 774 2078 παρήγαγε
783 2060 792 2075 ,
806 2037 853 2068 λύ-

84 2098 132 2119 σας
142 2086 288 2114 άνανεῶσαι
296 2086 326 2114 οὐ
336 2084 514 2121 δύναται;Μὴ
527 2086 562 2118 ὥς
574 2083 741 2124 ταλαίπωρος
754 2084 853 2124 ἄνθρω-

84 2143 133 2165 πος
147 2130 238 2170 μίτρει
250 2135 304 2163 τοῖς
318 2134 372 2163 σοῖς
383 2131 518 2169 λογισμοῖς
529 2131 599 2160 Θεοῦ
612 2129 730 2169 δύναμιν.
749 2130 796 2166 Μὴ
811 2129 854 2159 νό-

86 2177 160 2214 μιζε,
177 2175 219 2204 ὅτι
232 2178 348 2204 τοσαῦτα
363 2175 471 2206 δύναται
489 2177 504 2205 ὃ
518 2176 601 2212 Θεὸς,
626 2175 676 2206 ὅσα
695 2174 727 2206 σὺ
747 2175 856 2205 δύνασαι

85 2221 250 2260 λογίσασθαι.
270 2222 305 2250 Εἰ
319 2221 348 2251 δὲ
368 2224 484 2251 τοσαῦτα
510 2221 633 2256 δύναται,
651 2221 700 2251 ὅσα
719 2220 772 2261 ἐγὼ
790 2223 855 2256 νοῶ,

88 2311 189 2348 αὖτὸνὴ
198 2311 250 2351 ἐμὴ
260 2311 371 2341 διάνοια.
381 2313 416 2341 Εἰ
427 2311 454 2342 δὲ
465 2312 737 2352 ὓπερὸαίνειδιάνοιαν
745 2313 790 2342 καὶ
798 2317 859 2352 νικᾷ

86 2358 212 2397 λογισμὸν
222 2380 230 2394 ,
248 2356 441 2397 ἀνεξιχνίαστος
455 2359 469 2387 ὁ
482 2357 612 2393 ποιήσας,
627 2358 672 2387 καὶ
683 2358 860 2393 ἀκατάληπτα

88 2403 123 2432 τὰ
135 2403 211 2443 ἔργα.
230 2403 442 2443 Ἐρωτάσθωσαν
457 2404 584 2443 αἱρετικοὶ
596 2403 650 2433 ἀπὸ
665 2405 718 2432 τῶν
731 2404 859 2443 φαινομέ-

89 2461 156 2485 νων,
169 2449 213 2478 ἵνα
225 2449 342 2488 μάθωσιν
357 2451 457 2478 ἑαυτῶν
469 2449 517 2485 τὴν
528 2449 648 2489 ἀπορίαν.
663 2449 774 2485 Ἐπειδὴ
789 2445 860 2479 εἶπεν

90 2496 104 2523 ὁ
117 2493 199 2527 Θεός·
224 2494 364 2530 Γενηθήτω
383 2494 521 2534 στερέωμα
530 2518 538 2531 ,
565 2495 611 2524 καὶ
633 2494 726 2529 ιῦθίως
749 2498 764 2525 ὁ
786 2495 861 2535 λόγος

92 2539 246 2579 εἰργάσατο,
259 2540 400 2570 κατέλιπεν
413 2542 478 2579 ἡμῖν
491 2539 612 2580 ἐνέχυρον
620 2543 699 2571 τοῦτο
707 2564 715 2580 ,
730 2541 771 2571 ὅτι
785 2541 862 2575 αὐτὸς

94 2589 226 2626 ἐποίησεν.
249 2589 372 2630 Σήμερον
389 2591 623 2630 καταλιμπάνομεν
636 2591 680 2621 τὸν
694 2592 800 2632 οὐρανὸν
811 2604 861 2631 γυ-

897 291 988 320 deficit
1003 292 1124 330 Artifex3
1140 298 1269 321 aeternum
1293 298 1333 321 est
1354 300 1433 330 opus.
1451 292 1545 329 Neque
1572 291 1642 319 lunoe

899 337 947 366 lux
969 337 1130 375 absumitur,
1145 338 1192 366 sed
1213 337 1384 367 occultatur:
1409 343 1501 375 estque
1522 343 1643 365 nostrum

898 383 1053 412 mortalium
1066 384 1207 413 hominum
1221 384 1320 422 imago.
1341 383 1434 422 Cogita
1455 393 1509 421 quo
1529 382 1642 411 saeculo-

898 439 960 457 rum
981 429 1067 468 spatio
1090 437 1148 459 orta
1170 430 1215 459 sit.
1231 430 1267 459 Et
1284 430 1306 459 si
1321 429 1408 470 prima
1434 429 1486 464 sit,
1501 428 1617 458 dicimus
1634 441 1640 457 ε

898 476 975 504 Luna
987 474 1069 504 hodie
1082 475 1211 505 nascitur.
1227 475 1338 512 Quare?
1352 476 1423 512 Quia
1438 477 1527 517 imago
1541 481 1580 503 est
1594 485 1642 503 no-

897 527 1016 551 strorum
1040 532 1195 562 corporum.
1213 522 1338 551 Nascitur
1349 545 1356 557 ‚
1373 522 1468 551 crescit
1480 544 1487 558 ,
1503 521 1642 560 impletur,

899 567 1039 606 decrescit,
1055 568 1198 606 minuitur,
1214 567 1312 598 occidit
1326 580 1333 596 .·
1348 575 1374 597 et
1395 578 1442 598 nos
1463 567 1575 607 perinde
1595 577 1643 596 na-

899 613 1016 650 scimur,
1043 614 1203 650 crescimus,
1225 613 1260 642 ad
1281 613 1479 653 plenitudinem
1504 614 1643 647 venimus,

900 660 1103 696 marcescimus,
1117 660 1299 695 declinamus,
1319 659 1546 695 consencscimus,
1564 654 1646 688 inori-

901 716 977 742 mur,
991 706 1151 735 occidimus.
1168 707 1272 736 Verum
1286 705 1334 734 ilia
1353 716 1447 734 rursus
1461 705 1580 734 nascitur
1595 717 1602 733 ε
1615 711 1647 733 et

902 762 949 780 nos
974 751 1085 791 perinde
1108 751 1284 781 resurrecturi
1309 761 1402 780 sumus
1412 773 1420 787 ,
1435 762 1536 789 nosque
1559 757 1648 780 manet

901 797 954 826 alia
979 798 1124 838 generatio.
1141 797 1205 827 Ideo
1232 798 1361 827 Servator
1383 804 1412 826 ut
1435 796 1556 825 ostendat
1581 807 1629 825 nos¹
1638 819 1645 831 ,

900 843 1128 881 quemadmodum
1140 844 1185 872 hic
1196 843 1253 872 nati
1262 853 1367 877 sumus,
1378 853 1486 872 rursum
1498 842 1647 872 nascituros

900 900 967 927 esse,
982 890 1019 919 ait
1033 902 1041 919 ι
1059 891 1132 919 Cum
1146 891 1261 919 venerit
1272 890 1370 919 Filius
1385 890 1512 918 hominis
1526 890 1557 917 in
1567 899 1646 928 rege·
1655 894 1740 915 Matm.
1758 900 1794 922 ¹9·

901 938 1060 965 neratione.
1080 935 1227 965 Pollicetur
1246 936 1310 964 luna
1333 935 1563 964 resurrectionem.
1581 926 1694 970 Mc‚²⁸²

901 981 999 1020 inquit,
1016 981 1114 1011 videtis
1136 981 1275 1018 occultari,
1291 988 1318 1010 et
1337 991 1444 1010 rursum
1462 991 1608 1020 apparere,
1622 988 1648 1009 et

900 1038 973 1068 spem
985 1038 1091 1057 omnem
1100 1027 1235 1067 abjicitis?
1247 1028 1341 1057 Nonne
1351 1027 1391 1056 sol
1400 1027 1428 1055 in
1440 1026 1522 1055 nostri
1535 1026 1648 1065 gratiam

900 1075 984 1103 sactus
997 1075 1056 1102 est?
1069 1083 1157 1103 nonne
1179 1073 1264 1102 luna?
1279 1083 1367 1102 nonne
1384 1079 1512 1102 creaturae
1532 1083 1623 1102 omnes
1633 1073 1647 1101 ἱ)

900 1119 976 1158 Quid
988 1120 1061 1149 enim
1074 1119 1151 1148 nohis
1172 1130 1225 1148 non
1239 1119 1383 1159 pollicetur
1405 1118 1625 1148 resurrectionem
1634 1119 1648 1147 Ξ)

900 1167 995 1195 Nonne
1015 1166 1109 1195 mortis
1124 1166 1211 1204 imago
1225 1175 1280 1194 nox
1293 1165 1354 1194 est?
1367 1165 1488 1204 Projecta
1502 1164 1554 1193 sub
1574 1171 1648 1193 tene-

900 1211 957 1240 bris
970 1222 1095 1252 corpora,
1112 1212 1211 1241 Formas
1233 1221 1286 1240 non
1307 1210 1461 1240 discernis?
1475 1211 1552 1250 Saepe
1567 1221 1648 1240 manu

901 1266 1046 1288 contrectas
1073 1259 1180 1288 vultum
1197 1258 1405 1294 dormientium,
1421 1267 1468 1287 nec
1487 1257 1556 1286 nosti
1577 1268 1649 1296 qua:-

901 1307 963 1333 nam
987 1304 1044 1334 haec
1067 1304 1147 1334 facies
1165 1304 1210 1338 sit,
1223 1314 1283 1342 quas
1305 1303 1353 1332 illa
1366 1315 1373 1337 ;
1389 1302 1436 1332 sed
1451 1303 1607 1342 interrogas,
1620 1310 1650 1333 ut

901 1360 958 1379 vox
973 1360 1059 1389 praeco
1073 1349 1108 1378 sit
1119 1360 1224 1385 eorum,
1238 1349 1285 1388 qui
1297 1349 1323 1378 in
1336 1348 1453 1378 tenebris
1465 1348 1646 1378 occultantur.

902 1394 1139 1433 Quemadmodum
1160 1395 1244 1434 igitur
1263 1405 1317 1424 nox
1331 1395 1431 1424 formas
1445 1395 1585 1424 abscondit
1598 1406 1646 1424 no-

901 1448 979 1477 stras,
994 1441 1098 1470 etiamsi
1112 1451 1203 1471 omnes
1225 1441 1307 1470 simul
1330 1441 1426 1477 simus,
1441 1450 1572 1479 nemoque
1584 1441 1649 1470 alte-

903 1498 964 1516 rum
986 1487 1123 1526 cognoscit
1138 1500 1144 1516 :
1159 1487 1198 1517 sic
1214 1487 1287 1517 venit
1307 1497 1373 1523 nox,
1388 1493 1414 1515 et
1434 1486 1516 1516 solvit
1537 1487 1647 1520 formas.

903 1539 933 1564 ut
957 1543 1034 1562 nemo
1047 1533 1162 1562 alterum
1184 1532 1300 1562 noverit.
1317 1534 1490 1561 Monumenta
1504 1531 1630 1571 pervadis
1640 1555 1648 1568 ,

903 1578 927 1607 si
941 1579 1039 1607 multas
1051 1578 1142 1608 videas
1155 1578 1284 1608 calvarias
1296 1578 1323 1607 in
1335 1577 1469 1617 sepulcro,
1483 1577 1586 1606 nostine
1599 1588 1650 1607 cu·-

901 1623 1010 1662 jusnam
1031 1623 1088 1652 haec
1104 1624 1161 1653 sit?
1176 1626 1210 1653 At
1230 1623 1305 1652 novit
1328 1623 1375 1651 ille
1390 1622 1436 1661 qui
1460 1622 1560 1651 struxit
1577 1635 1584 1651 :
1600 1624 1649 1662 qui

903 1668 995 1705 solvit,
1006 1669 1080 1698 novit
1093 1669 1164 1698 unde
1175 1670 1266 1698 formae
1278 1670 1334 1698 istae
1344 1675 1541 1708 processerunt.
1551 1670 1647 1698 Annon
1684 1677 1755 1699 Nemo
1765 1678 1796 1698 ³1-

904 1715 1010 1744 miraris
1023 1716 1073 1745 Dei
1086 1716 1237 1755 opificium,
1250 1715 1324 1755 quod
1343 1716 1371 1743 in
1391 1721 1430 1743 tot
1450 1714 1574 1744 millibus
1591 1715 1646 1745 sor·
1656 1709 1799 1768 :jerfjrsuxffls'fl

905 1772 1010 1790 marum
1024 1762 1100 1792 nulla
1119 1762 1224 1791 intersit
1237 1760 1411 1791 similitudo?
1432 1760 1476 1790 vel
1489 1761 1511 1790 si
1526 1761 1561 1790 ad
1582 1762 1648 1791 fines
1657 1771 1765 1792 mum-st.

904 1806 978 1835 orbis
990 1817 1127 1847 properes,
1142 1807 1273 1837 neminem
1288 1807 1366 1836 alteri
1381 1806 1497 1835 similem
1512 1807 1648 1846 reperies;

904 1852 951 1882 sed
964 1853 1068 1882 etiamsi
1081 1853 1223 1893 repereris,
1237 1852 1343 1891 aliquid
1363 1852 1414 1882 erit
1428 1852 1470 1883 vel
1487 1852 1514 1881 in
1528 1863 1591 1882 naso
1605 1854 1651 1883 vel

904 1900 931 1928 in
946 1900 1025 1929 oculo
1038 1899 1202 1930 discriminis
1215 1922 1223 1936 ,
1240 1907 1270 1929 ut
1292 1911 1334 1929 res
1357 1899 1488 1939 stupenda
1510 1907 1648 1939 appareat.

904 1946 1022 1976 Gemelli
1036 1957 1070 1976 ex
1087 1956 1140 1976 uno
1152 1952 1250 1975 exeunt
1260 1952 1346 1983 utero,
1362 1952 1388 1975 et
1401 1945 1578 1975 similitudine
1589 1945 1648 1975 dis-

906 1999 1061 2032 gregantur.

948 2040 979 2068 6.
1001 2039 1109 2078 Ergone
1130 2037 1178 2076 qui
1203 2043 1242 2067 tot
1265 2038 1375 2073 formas,
1389 2048 1451 2067 cum
1477 2047 1530 2066 non
1551 2043 1648 2072 essent,

904 2087 1044 2129 produxit.
1058 2096 1120 2115 cum
1137 2083 1249 2113 solverit
1259 2094 1388 2114 renovare
1401 2094 1454 2113 non
1473 2083 1592 2123 poterit?
1606 2084 1648 2112 Ne

907 2143 934 2165 ιιι
947 2142 1113 2164 aerumnosus
1130 2132 1212 2162 homo
1224 2131 1274 2162 Dei
1297 2129 1442 2171 potentiam
1464 2129 1518 2158 tuis
1538 2128 1649 2158 ratioci-

907 2181 957 2210 niis
977 2177 1104 2209 metiaris.
1132 2178 1174 2208 Ne
1196 2184 1275 2218 putes
1298 2177 1388 2206 Deum
1421 2182 1495 2204 tanta
1517 2174 1648 2214 (solum)

86 2267 177 2305 τολμῶ
195 2267 278 2295 εἰπεῖν
321 2267 412 2296 rou&
426 2267 518 2306 μικρὸς
530 2267 544 2296 ὁ
557 2266 641 2300 050¹<-
657 2266 787 2307 {pez-pm:
806 2266 857 2307 γὰρ
874 2267 892 2290 E
910 2237 997 2266 posse,
1012 2230 1111 2264 quanta
1121 2230 1151 2253 tu
1169 2223 1285 2263 cogitare
1296 2222 1380 2252 vales.
1396 2220 1478 2258 Quod
1488 2221 1512 2250 si
1524 2227 1594 2249 tanta
1605 2231 1650 2250 so-

289 2288 298 2302 9
333 2285 341 2295 ν
398 2296 403 2306 .

911 2273 967 2301 lum
990 2270 1084 2312 tussit,
1105 2276 1202 2309 quanta
1227 2279 1278 2308 ego
1301 2267 1405 2306 cogito,
1432 2266 1519 2296 ausim
1544 2265 1649 2301 dicere,

910 2316 1102 2358 Longeminor
1119 2322 1159 2345 est
1170 2317 1260 2346 Deum
1276 2314 1385 2343 metitur
1397 2312 1468 2342 euim
1482 2312 1561 2340 illum
1575 2311 1650 2350 cogi-

910 2363 976 2392 tatio
993 2373 1062 2392 mea.
1083 2361 1164 2399 Quod
1184 2361 1207 2390 si
1229 2366 1343 2389 mentem
1364 2364 1482 2397 superat,
1496 2364 1521 2385 et
1543 2356 1651 2385 ratioci-

912 2409 988 2438 nium
999 2407 1095 2443 vincit‚
1111 2405 1293 2436 inscrutabilis
1306 2411 1346 2433 est
1356 2402 1498 2438 Conditor,
1513 2408 1538 2430 et
1551 2401 1653 2430 incom-

913 2454 1104 2495 prehensibilia
1117 2463 1209 2492 opera.
1218 2453 1419 2489 Interrogentur
1432 2447 1550 2476 haeretici
1563 2457 1598 2475 ex
1621 2447 1654 2475 iis

912 2500 971 2540 quie
983 2499 1126 2539 conspicua
1139 2504 1212 2533 sunt,
1224 2503 1253 2525 ut
1265 2495 1368 2524 discant
1379 2504 1411 2522 ea
1425 2492 1459 2521 de
1472 2492 1572 2530 quibus
1580 2502 1654 2530 quae-

913 2546 1011 2576 stiones
1035 2551 1152 2574 movent.
1175 2543 1245 2579 Quia
1267 2539 1337 2569 dixit
1361 2539 1445 2573 Deus,
1470 2538 1541 2566 Fiat
1550 2538 1655 2578 firma.

917 2599 1056 2628 mentum,
1071 2597 1096 2619 et
1110 2588 1198 2618 statim
1211 2586 1322 2617 verbum
1343 2583 1413 2613 illud
1434 2583 1531 2621 effecit,
1548 2584 1657 2622 reliquit
