1890 2826
52 814 134 835 nlalm.
151 821 162 835 2
169 820 188 835 Ι.

52 844 89 866 2¹3.

54 1596 120 1617 I'snl.
139 1594 191 1617 118

57 1633 90 1648 12.

203 162 272 207 488

918 177 1051 200 {NcERTi

319 388 470 417 SANCTI
500 387 648 417 PATRIS
674 387 830 417 NOSTRI

386 489 767 554 JOANNJS

453 628 692 648 cnnvsoswomi

402 712 440 741 ΙΝ
456 712 601 741 DICTUM
615 712 743 743 ILLUD.

324 809 360 835 In
390 816 450 846 qua
473 811 616 845 potestate
641 806 703 834 hoec
723 806 825 844 sacis?

242 900 371 929 Humana:
391 898 485 928 salutis
505 897 669 938 principium
692 904 742 934 est,
768 897 850 926 timor
875 896 944 933 Dei,
964 901 983 923 Α

201 946 376 984 omniumque
398 946 532 974 bonorum
555 951 707 973 nostrorum
733 943 813 973 radix
838 950 877 972 est
901 943 945 972 lex

202 992 251 1021 Dei
265 1004 271 1020 τ
287 1002 373 1031 neque
385 1002 449 1021 vero
464 991 508 1020 lex
519 990 570 1020 Dei
582 991 639 1019 sine
652 991 759 1026 timore,
771 1000 857 1028 neque
866 990 947 1019 timor

201 1039 258 1068 sine
277 1039 334 1077 lege
348 1049 404 1067 esse
423 1037 518 1078 possit.
534 1038 603 1066 Nam
617 1036 661 1066 lex
675 1035 863 1065 mandatorum
894 1036 947 1065 mi-

200 1085 312 1115 nistrum
323 1085 404 1114 habet
414 1084 538 1113 timorem
549 1096 555 1111 :
569 1083 650 1112 timor
658 1089 747 1112 autem
753 1090 947 1123 praeceptorum

198 1130 319 1169 judicem
332 1131 412 1159 habet
430 1130 524 1168 legem.
543 1129 599 1165 Qui
613 1139 676 1167 ergo
688 1139 750 1158 cnm
763 1128 860 1158 timore
871 1139 946 1158 acce-

200 1176 241 1206 dit
255 1177 289 1206 ad
309 1177 406 1216 legem,
421 1183 447 1206 et
460 1175 495 1205 ad
509 1177 597 1205 Deum
611 1175 677 1215 legis
690 1175 822 1212 datorem,
842 1175 866 1204 is
878 1175 948 1204 inter

201 1215 305 1252 sanctos
319 1229 451 1257 versatur,
467 1229 492 1251 et
501 1222 582 1261 justis
595 1221 776 1259 adscribitur5
792 1229 882 1251 contra
898 1221 945 1260 qui

201 1271 323 1300 timorem
341 1270 391 1299 Dei
407 1269 533 1298 audacter
547 1268 719 1308 aggreditur,
743 1275 769 1297 et
788 1278 851 1297 cum
872 1278 947 1297 arro-

202 1316 291 1356 gantia
311 1315 346 1345 ad
365 1315 486 1345 divinam
509 1314 595 1355 legem
609 1313 721 1350 accedit,
745 1313 768 1342 is
788 1314 872 1353 gratia
892 1324 944 1343 non

199 1363 339 1403 dignatur,
351 1361 405 1390 imo
415 1368 441 1390 et
451 1372 466 1389 a
475 1361 571 1401 pietate
580 1359 737 1399 expellitur.
750 1358 815 1387 Ideo
826 1359 872 1398 qui
883 1370 946 1388 cum

200 1410 297 1438 timore
316 1415 343 1437 et
356 1406 490 1437 desiderio
504 1406 538 1436 ad
559 1405 680 1435 divinam
695 1405 780 1445 legem
795 1405 944 1442 accedunt,

201 1455 229 1484 hi
253 1460 322 1484 recte
343 1453 452 1483 omnino
473 1452 603 1483 docentur
616 1459 642 1481 et
660 1451 858 1488 illuminantur,
874 1458 900 1481 et
913 1451 947 1481 ab

201 1501 257 1541 ipsa
281 1501 393 1531 veritate
412 1499 449 1529 ad
468 1509 559 1529 veram
576 1497 732 1537 religionem
746 1497 944 1527 instituuntur:
964 1501 981 1524 Β

201 1548 324 1577 incidunt
337 1547 410 1577 enim
423 1546 451 1575 in
466 1546 557 1586 ipsum
571 1544 690 1574 veritatis
703 1544 802 1573 fontem
816 1544 945 1582 dicentes,

202 1595 376 1624 Benedictus
388 1604 428 1628 es,
441 1594 582 1628 Domine;
589 1592 660 1620 doce
674 1591 949 1630 mejustficationes

202 1647 278 1670 tuas.
291 1642 396 1671 Verum
409 1639 504 1676 sancti,
520 1638 568 1678 qui
579 1637 616 1666 ita
627 1637 677 1677 pii,
691 1637 727 1666 ita
741 1637 862 1677 religiosi
876 1645 947 1673 sunt,

201 1686 239 1715 sic
250 1686 387 1716 veritatem
399 1685 452 1715 ab
445 1695 503 1725 ipsa
516 1684 627 1713 veritate
638 1682 776 1722 ediscunt;
792 1691 819 1713 at
830 1683 948 1714 veritatis

202 1733 316 1770 inimici,
332 1733 386 1762 imo
401 1731 492 1772 potius
511 1731 574 1760 vitae
588 1740 642 1759 suae
653 1729 754 1767 hostes,
769 1731 947 1770 arrogantiam

202 1786 227 1808 et
237 1779 333 1808 fastum
341 1777 505 1818 simplicitati
518 1776 694 1816 praeferentes,
705 1776 844 1815 tyrannico
852 1776 947 1806 habitu

201 1826 321 1855 veritatis
331 1825 467 1855 doctorem
478 1823 588 1853 adeunt.
604 1822 685 1859 Quod
698 1833 761 1852 sane
769 1823 888 1853 fecerunt
898 1825 916 1854 J
918 1835 956 1853 ιι-ι

203 1872 271 1910 daei,
289 1879 319 1901 ut
338 1882 373 1901 ex
392 1869 553 1910 evangelicis
571 1869 651 1898 dictis
671 1868 751 1898 modo
762 1869 884 1899 audistis.
898 1871 947 1900 Et-

203 1919 274 1948 enim
296 1918 444 1948 Dominnm
463 1923 585 1945 nostrum
605 1916 710 1952 Jesum,
726 1917 827 1955 Regem
842 1924 947 1946 sancto-

202 1975 274 2001 rum,
286 1964 313 1993 in
328 1963 428 2003 templo
440 1968 601 1997 versantem,
613 1960 640 1989 in
655 1961 714 2001 ipso
725 1961 826 2001 templo
837 1961 946 1999 adeunt,

202 2020 254 2039 non
269 2020 330 2038 cum
343 2020 385 2046 eo,
399 2019 479 2047 quem
491 2007 612 2042 decebat,
623 2007 729 2042 timore,
741 2017 794 2036 non
809 2014 839 2037 ut
851 2008 948 2038 famuli

1085 387 1163 416 ΤΟΥ
1184 388 1232 418 EN
1254 389 1383 418 ΑΓΙΟΙΣ
1404 390 1559 420 ΠΑΤΡΟΣ
1579 390 1685 419 ΙΙΜΩΝ

1176 493 1590 558 ΙΩΑΝΝΟΥ

1242 629 1252 640 ⁴³
1264 629 1318 648 'ror
1335 629 1537 650 xprzoz'romor

1123 714 1184 742 ΕΙΣ
1205 714 1256 743 ΤΟ
1279 715 1407 744 ΡΗΤΟΝ
1428 715 1480 744 ΤΟ
1502 714 1625 744 ΑΕΓΟΝ
1639 736 1647 750 ,

1161 804 1208 834 Ἓν
1219 806 1283 846 ποίᾳ
1295 806 1399 846 ἐξουσίᾳ
1409 809 1496 836 ταῦτα
1511 811 1609 843 ποιεῖς;

1039 897 1121 938 Ἀρχὴ
1145 898 1277 938 σωτηρίας
1299 899 1443 939 ἀνθρώπων
1459 902 1473 930 ὁ
1485 896 1556 929 ι’τοῧ
1576 901 1647 930 Θεοῦ
1670 901 1750 940 φόὸος
1761 923 1769 937 ,

999 938 1115 984 ααὶῖρίζα
1125 944 1231 974 πάντων
1248 947 1302 974 τῶν
1316 946 1343 974 ἐν
1356 948 1421 985 ἡμῖν
1437 948 1540 986 ἀγαθῶν
1553 949 1567 976 ὁ
1578 949 1624 976 τοῦ
1637 948 1708 977 Θεοῦ
1727 947 1771 976 νό-

998 999 1057 1027 μος,
1065 988 1125 1018 οὔτε
1135 989 1162 1025 δὲ
1171 990 1241 1019 Θεοῦ
1248 990 1326 1030 νόμος
1332 990 1392 1020 ἄνευ
1404 990 1494 1032 φόὸου,
1502 991 1562 1021 οὔτε
1571 991 1650 1032 φόὸος
1657 992 1718 1022 ἄνευ
1725 992 1771 1021 νό-

1000 1046 1060 1073 μου.
1067 1034 1102 1064 Ὁ
1115 1035 1168 1075 γὰρ
1174 1047 1252 1074 νομος
1258 1038 1310 1065 τῶν
1317 1037 1504 1076 ἐπιταγμάτων
1517 1038 1651 1078 ὑπηρέτην
1661 1038 1716 1079 ἔχει
1726 1039 1771 1068 τὸν

1000 1080 1090 1135 φρὸον·
1105 1083 1119 1111 ὁ
1128 1080 1156 1110 δὲ
1166 1081 1245 1122 φόὸος
1258 1083 1310 1110 τῶν
1322 1083 1561 1122 προστεταγμένων
1576 1084 1702 1121 δικαστὴν
1714 1084 1772 1124 ἔχει

1000 1126 1043 1155 τὸν
1063 1127 1153 1166 νόμον.
1168 1126 1202 1156 Ο
1214 1126 1262 1166 μὲν
1273 1123 1318 1157 οὖν
1330 1127 1404 1169 φόὸῳ
1415 1131 1453 1168 τῷ
1465 1129 1537 1169 νόμῳ
1549 1130 1770 1170 προσερχόμενος,

1000 1172 1044 1202 καὶ
1053 1185 1091 1213 τῳ
1103 1173 1147 1203 τὸν
1161 1173 1239 1212 νόμον
1250 1174 1488 1215 δόντιθεῷ,ἇγίοις
1501 1176 1712 1215 ἐμπολιτεῦεται,
1725 1177 1770 1206 καὶ

999 1218 1108 1253 ὁσίοις’
1093 1219 1289 1260 αναγράφεται·
1303 1221 1351 1249 ὁ
1337 1220 1365 1250 οὲ
1385 1223 1560 1262 κατατολμων
1572 1226 1618 1253 τοῦ
1640 1223 1708 1254 θείου
1721 1224 1768 1264 φό-

999 1265 1063 1302 ὅου,
1078 1277 1122 1294 και
1133 1266 1201 1305 μετὰ
1213 1266 1365 1301 ἀλαζονείας
1375 1267 1553 1309 προσέρχεται
1562 1271 1600 1310 τῷ
1612 1270 1673 1311 θείῳ
1687 1269 1770 1311 νόμῳ,

999 1310 1058 1340 οὔτε
1072 1314 1119 1347 τῆς
1133 1312 1240 1352 χάριτος
1255 1312 1390 1348 ἅξιουται,
1410 1314 1479 1344 ἀλλὰ
1500 1315 1545 1345 καὶ
1567 1318 1615 1352 τῆς
1637 1316 1772 1350 εὗσεὸείας

998 1356 1165 1387 ἐκὸάλλεται.
1183 1357 1235 1387 Διὰ
1249 1370 1327 1387 τουτο
1342 1360 1366 1388 οἱ
1386 1359 1434 1398 μὲν
1455 1360 1529 1401 φόὸῳ
1542 1361 1587 1392 καὶ
1601 1362 1674 1402 πόθω
1688 1374 1770 1403 προσ-

1000 1403 1080 1436 ιόντες
1093 1406 1132 1444 τῷ
1145 1403 1207 1444 θείῳ
1228 1403 1317 1445 νόμῳ,
1339 1405 1406 1444 μετὰ
1424 1406 1513 1442 πάσης
1532 1406 1672 1444 εὐθύτητος
1696 1408 1769 1438 διδά-

998 1461 1105 1479 σκονται
1115 1450 1160 1479 καὶ
1173 1450 1343 1490 φωτίζονται,
1358 1451 1404 1481 καὶ
1415 1454 1478 1492 παρ’
1494 1454 1575 1488 αὐτῆς
1588 1455 1636 1490 τῆς
1647 1454 1771 1490 ἀληθείας

999 1494 1080 1529 αὐτὴν
1102 1494 1271 1526 παιδεύονται
1286 1496 1336 1532 τὴν
1352 1497 1506 1527 εὗσέὸειαν·
1527 1498 1705 1529 ὑποπίπτουσι
1718 1501 1771 1540 γὰρ

999 1540 1065 1580 αὐτῇ
1079 1542 1112 1580 τῇ
1126 1543 1200 1580 πηγῇ
1210 1544 1258 1578 τῆς
1268 1542 1391 1579 ἀληθείας
1400 1565 1408 1579 ,
1421 1543 1554 1583 λέγοντες·
1573 1541 1723 1586 Εὐλογητὸς
1737 1542 1771 1582 εἶ,

998 1585 1099 1626 Κύριε·
1124 1587 1225 1622 δίδαξόν
1239 1600 1273 1628 με
1286 1589 1320 1618 τὰ
1335 1588 1504 1630 δικαιώματα
1517 1603 1575 1620 σου.
1591 1590 1662 1634 Ἀλλ’
1676 1593 1700 1622 οἱ
1718 1592 1766 1631 μὲν

999 1631 1069 1670 ἅγιοι
1093 1632 1175 1667 οὕτως
1198 1635 1319 1668 εὗλαὸεἷς
1329 1658 1337 1672 ,
1362 1635 1430 1665 οὕτω
1456 1637 1584 1677 φιλόθεοι,
1610 1637 1679 1667 ουτω
1705 1640 1771 1678 παρ’

1000 1678 1081 1714 αὐτῆς
1103 1679 1185 1716 αὐτὴν
1210 1681 1370 1720 μανθάνουσι
1396 1682 1444 1718 τὴν
1470 1683 1611 1719 ἀλήθειαν·
1624 1686 1649 1714 οἱ
1672 1684 1699 1714 δὲ
1724 1687 1774 1721 τῆς

1001 1724 1125 1760 ἀληθείας
1139 1727 1226 1766 ἐχθροὶ
1236 1749 1244 1762 ,
1260 1728 1360 1766 μᾶλλον
1382 1729 1410 1758 δὲ
1430 1730 1479 1765 τῆς
1492 1732 1592 1760 ἑαυτῶν
1607 1732 1676 1767 ζωῆς
1688 1731 1770 1761 πολέ-

1000 1782 1071 1809 μιοι,
1087 1772 1239 1806 ἀλαζονείαν
1251 1773 1297 1803 καὶ
1311 1776 1392 1815 τῦφον
1410 1776 1458 1811 τῆς
1472 1775 1621 1812 ἁπλότητος
1635 1777 1770 1818 προτιμή-

1000 1829 1100 1852 σαντες,
1126 1821 1274 1860 τυραννικῷ
1299 1821 1420 1860 σχήματι
1441 1821 1633 1862 προσέρχονται
1657 1825 1696 1864 τῷ
1723 1825 1771 1859 τῆς
1780 1826 1791 1837 ¹

1000 1862 1134 1896 εὐσεὸείας
1143 1864 1302 1906 διδασκάλῳ.
1318 1866 1356 1896 uO
1368 1866 1399 1902 δὴ
1411 1866 1573 1903 πεποιήκασι
1584 1868 1629 1899 καὶ
1639 1870 1773 1899 Ἰουδαιων

1001 1910 1106 1946 παῖδες,
1121 1911 1156 1943 ὡς
1171 1910 1267 1951 ἀρτίως
1285 1913 1315 1941 ἐκ
1337 1914 1390 1942 τῶν
1405 1913 1580 1953 εὖαγγελικῶν
1602 1915 1717 1956 λόγων’
1701 1928 1771 1952 ακη-

1002 1955 1091 1984 κόατε.
1110 1957 1158 1996 'liii
1176 1957 1227 1997 γὰρ
1239 1957 1359 1998 Κυρίῳῦ
1355 1961 1419 1997 ,μῶν
1433 1959 1536 1996 Ἰησοῦ,
1550 1962 1588 2000 τῷ
1603 1961 1773 2000 βασιλεὶτῶν

1002 2000 1093 2039 ἁγίων,
1115 2002 1305 2043 ἔνδιατρίοοντι
1327 2005 1354 2032 ἐν
1376 2005 1415 2032 τῶ
1438 2007 1510 2045 ναῶ,
1530 2005 1723 2047 προσέρχονται
1745 2008 1772 2036 ἐν

202 2057 308 2091 herum,
323 2065 376 2084 non
396 2061 426 2084 ut
443 2054 564 2084 homines
583 2055 671 2082 Deum
681 2064 689 2090 ;
705 2053 753 2082 sed
766 2064 851 2092 neque
863 2062 892 2084 ut
903 2054 947 2084 di·
958 2073 994 2094 418
1003 2049 1075 2087 αὗτῳ
1088 2049 1126 2088 τῷ
1140 2051 1210 2088 ναῷ,
1231 2050 1261 2078 οὗ
1282 2050 1350 2089 μετὰ
1371 2033 1416 2080 τοιῦ
1436 2050 1581 2090 πρέποντος
1603 2052 1700 2093 φόὸου,
1723 2055 1774 2094 οὐχ

202 2103 301 2144 scipuli
320 2101 488 2141 magistrum.
511 2099 617 2129 Inimici
635 2099 773 2135 veritatis,
786 2106 811 2129 et
823 2101 947 2140 nequitia}
965 2101 985 2124 Λ

201 2150 387 2190 indagatores,
403 2158 479 2177 suam
493 2145 658 2175 ostendentes
672 2145 876 2184 malignitatem,
895 2147 946 2177 hu—

234 2231 432 2263 “vaeoevhpaom
440 2223 588 2249 Orationem
602 2221 678 2254 hanc,
692 2222 835 2255 genuinum,
850 2229 878 2248 ut
892 2223 962 2249 vide-

202 2274 258 2298 tur,
267 2266 360 2292 summi
371 2262 485 2291 doctoris
503 2271 581 2295 opu-²2,
594 2261 690 2294 protem
710 2270 802 2294 magno
819 2271 872 2287 non
889 2262 963 2295 plane

202 2304 365 2332 inficiandum
381 2303 494 2336 parenti,
512 2300 628 2326 habitam
649 2300 724 2325 fuisse
741 2300 881 2327 Antiochiae
903 2302 965 2328 iliud

203 2338 400 2376 ostendit,quod
409 2341 442 2367 ud
455 2340 539 2372 finem,
546 2345 622 2372 prout
633 2338 705 2370 solet,
707 2338 739 2364 de
751 2342 880 2365 communi
892 2347 964 2374 patre

202 2395 245 2411 seu
255 2385 374 2417 episeopo
382 2381 504 2415 loquitur·⁷
518 2387 606 2412 nempe
615 2378 745 2404 Flaviano.
768 2380 907 2412 Exceptam
918 2391 964 2414 po-

202 2427 251 2451 tius
263 2422 416 2450 crediderim
425 2429 455 2446 ex
467 2428 511 2445 ore
525 2417 674 2451 perorantis,
687 2427 762 2451 quam
775 2428 788 2443 a
801 2428 877 2444 manu
891 2430 963 2446 com-

207 2464 321 2496 ponentis
333 2460 489 2495 profectum
500 2457 547 2484 nisi
557 2457 612 2490 quis
623 2457 802 2490 interpolatam
820 2458 903 2485 malit.
915 2460 963 2484 Co<

203 2505 321 2568 [asli-3205
332 2543 398 2575 φάεος
407 2560 413 2571 ,
428 2540 486 2564 Θεοῦ
498 2542 571 2569 νόμος.
587 2536 662 2560 Juxta
674 2535 798 2569 Cyrilluin
816 2535 963 2562 Alexandri-

1002 2099 1038 2130 ὡς
1052 2097 1152 2128 οἰκέται
1172 2099 1304 2140 δεσπότῃ,
1327 2102 1378 2141 οὔχ
1396 2103 1432 2135 ὣς
1447 2101 1580 2142 ἄνθρωποι
1603 2105 1666 2144 Θεῷ
1677 2126 1685 2142 ,
1711 2105 1770 2134 ἀλλ’

1000 2147 1105 2182 οὐδὲὼς
1120 2149 1237 2187 μαθηταὶ
1251 2151 1411 2192 διδασκάλῳ.
1431 2151 1541 2193 Ἐχθροὶ
1562 2154 1610 2190 τῆς
1631 2154 1774 2191 ἀληθείας,

1011 2234 1070 2251 num
1081 2225 1187 2257 editum,
1198 2226 1243 2252 lib.
1257 2227 1376 2254 adversus
1384 2229 1659 2264 Anthropomorphitas
1669 2241 1717 2265 cap
1729 2234 1756 2257 Η
1763 2246 1769 2260 ;

1012 2270 1079 2298 νόμος
1097 2270 1178 2300 Κυρίου
1194 2271 1272 2300 ἁγνὸς,
1293 2271 1407 2295 τουτέστιν
1415 2288 1422 2301 ,
1442 2273 1567 2303 άγναποιός.
1587 2271 1690 2297 Rectius
1709 2272 1775 2298 Cod.

1012 2306 1074 2338 Reg.
1087 2306 1152 2330 ¹026
1167 2318 1172 2332 :
1187 2310 1253 2340 74605
1264 2312 1356 2342 Κυρίου.
1367 2309 1407 2334 Ps.
1423 2310 1463 2340 ⁴8,
1475 2311 1515 2336 (0.
1529 2310 1588 2341 Quo
1597 2312 1623 2336 in
1634 2311 1738 2343 Codice,
1747 2318 1776 2337 ut

1013 2349 1040 2369 et
1055 2344 1081 2368 in
1093 2344 1158 2377 aliis,
1172 2344 1252 2370 liber
1246 2352 1293 2371 iste
1308 2347 1384 2372 titulo
1398 2347 1448 2373 hoc
1464 2347 1598 2374 donatur:
1611 2353 1721 2380 ἑπιλνηις
1738 2354 1776 2377 δο-

1012 2391 1128 2417 γματικῶν
1139 2389 1278 2418 ζητημάτων
1286 2391 1397 2423 Κορίλλου
1408 2393 1448 2415 τοῦ
1460 2393 1588 2421 ἁγιωτάτου
1599 2394 1774 2424 ἀρχιιπισκὸπου

1013 2422 1056 2448 ‘Ue
1048 2426 1180 2459 *ξανῧρείαῆ
1194 2428 1372 2456 ἐπιζητηθέντων
1381 2431 1446 2460 παρὰ
1455 2430 1559 2463 Τιὸφίου
1573 2429 1673 2455 διακόνου
1686 2441 1723 2456 και
1735 2437 1777 2460 τῆς

1012 2464 1182 2495 ἁδελφότητοςῑ
1195 2469 1256 2488 aut:
1270 2468 1310 2490 τοῦ
1322 2469 1385 2498 ἁγίου
1397 2468 1508 2500 Κυρίλλου
1519 2468 1627 2497 lucabum
1636 2474 1681 2494 τῶν
1692 2479 1776 2504 προσι·

1013 2505 1128 2534 νεχθεισών
1139 2504 1236 2528 mosem
1247 2508 1313 2538 παρὰ
1323 2506 1423 2538 Τιθερίου
1435 2507 1536 2531 διακόνου
1554 2510 1591 2532 καὶ
1603 2513 1647 2533 τῶν
1660 2509 1768 2541 ὰδσλφῶνῖ

1013 2545 1056 2563 ant
1067 2549 1071 2563 :
1086 2543 1196 2575 Κυρίλλου
1205 2546 1260 2575 πρὸς
1271 2545 1378 2576 Τιθὲριον.
1389 2542 1494 2568 Coteler.
