1904 2840
631 243 663 266 ΙΝ
690 242 904 265 MATrHAEUM.
932 243 1049 266 HOMH„
1072 244 1143 265 Xlll.

1583 233 1652 267 805

114 296 242 334 laudandi
254 310 317 333 sunt
333 304 376 333 :si
392 310 481 333 antem
502 303 658 340 dissimiles,
681 303 761 332 nimis
778 303 850 332 vitu·
868 306 888 329 Α
906 304 1008 333 bonum
1019 311 1139 333 vestrum
1153 314 1206 334 non
1218 304 1251 333 ad
1265 305 1443 334 ministerium
1451 305 1578 336 *vanitatis
1590 318 1652 347 pro-

113 343 235 384 perandi,
249 344 313 382 quia
323 343 351 372 in
365 350 492 383 potestate
503 342 714 381 uniuscujusque
727 350 766 372 est
779 353 852 372 men-

112 393 175 412 sura
189 383 315 413 facienda:
330 383 452 424 justitiae.
472 382 522 421 46.
537 383 569 411 Si
581 383 704 420 diligitis
719 393 779 417 eos,
801 386 851 419 qui

73 449 76 453 ,
113 433 168 451 vos
183 423 240 452 dili
258 428 320 459 unt,
334 433 422 462 quam
437 423 596 452 mercedem
615 423 782 451 habebitis?
794 422 851 458 Qui

112 462 211 492 amicos
249 462 278 491 ili
300 463 338 499 't,
358 467 469 502 psopter
489 473 517 491 se
537 461 646 501 diligit,
666 472 718 497 non
760 468 851 500 ropter

112 502 212 538 Deum,
224 509 250 531 et
262 503 269 530 i
335 502 440 530 nullam
454 502 535 531 habet
553 501 701 530 mercedem
716 514 724 530 z
738 472 851 530 delectat

111 540 183 570 enim
192 552 255 571 eum
262 542 321 581 ipsa
329 541 449 572 dilectio.
458 541 513 578 Qui
522 549 610 570 autem
619 541 759 571 inimicum
769 551 849 570 suum

109 579 213 620 diligit,
225 591 277 610 non
290 588 400 621 propter
417 591 444 610 se
455 581 557 620 diligit,
568 580 616 610 sed
626 587 736 620 propter
742 581 846 610 Deum:

110 618 171 649 ideo
184 631 308 660 magnam
328 620 411 650 habet
428 620 589 657 mercedem,
610 620 674 659 quia
692 619 851 650 contradicit

109 659 227 689 motibus
236 661 301 690 suis.
317 660 374 690 Ubi
386 660 458 690 enim
471 660 547 690 labor
559 660 715 696 seminatur,
725 659 849 689 illicme·

109 698 175 728 titur
184 700 298 729 fructus.
312 699 364 729 48.
383 701 487 729 Estote
504 711 571 740 ergo
587 700 720 768 parsu-eti,
737 701 812 729 sIcut
820 706 850 729 ct

110 738 205 768 Pater
213 746 312 768 vester
341 739 465 779 erfectus
478 747 532 769 est.
546 739 602 777 Qui
635 738 707 778 iligit
717 739 846 776 amicum,

109 785 247 818 peccatum
260 779 308 818 qui
328 789 371 807 em
382 789 435 808 non
447 780 521 815 facit,
536 779 669 819 justitiam
685 785 776 808 autem
794 790 847 809 non

108 825 244 863 operatur.
265 817 415 848 Dimidium
431 818 502 848 enim
520 819 622 848 bonum
641 824 691 855 est,
710 818 847 848 hominem

108 856 245 894 discedere
255 868 270 887 a
281 858 362 893 malo,
370 864 402 887 ιι
414 868 467 887 non
479 861 556 897 sequi
566 858 667 887 bonum
679 869 688 886 :
700 859 846 898 perfectum

107 903 148 926 cst
160 904 261 934 autem,
273 904 370 927 utnon
383 897 470 927 solum
482 898 568 937 fugiat
581 897 694 934 matum,
707 897 755 927 sed
767 898 847 927 etiam
862 904 879 927 B

107 936 186 966 saciat
203 937 315 966 boniim.
340 936 405 966 Ideo
420 935 502 974 dicit,
520 937 631 967 Perfecti
655 944 754 972 estote,
773 945 803 967 ut
821 945 847 967 et

107 976 208 1005 amicos
225 976 346 1016 diligatis
366 982 477 1016 propter
494 984 631 1017 peccatum
654 976 805 1012 vitandum,
821 983 846 1006 et

108 1014 231 1045 inimicos
251 1023 360 1056 propter
374 1015 506 1056 justitiam
529 1016 680 1045 habendam
697 1028 704 1044 ι
719 1017 846 1054 quoniam

106 1054 179 1084 illud
186 1054 222 1084 de
229 1066 307 1095 poena
316 1055 425 1092 liberat,
433 1056 485 1085 hoe
494 1063 582 1085 autem
589 1056 664 1085 ducit
672 1055 700 1084 in
712 1056 824 1095 gloriam
837 1068 842 1085 :

106 1094 242 1124 necenim
258 1101 300 1124 est
321 1095 435 1135 perfecta
455 1095 505 1125 Dei
529 1095 626 1133 imago,
648 1106 708 1132 qnae
727 1105 780 1124 non
799 1106 846 1136 per

106 1143 188 1173 opera
200 1134 301 1164 similat
310 1136 406 1164 Deum.
428 1136 467 1164 Ut
478 1136 541 1164 sitis
549 1135 613 1175 filii
626 1135 724 1164 Patris
741 1137 844 1172 vestri,

107 1175 160 1211 qui
168 1183 197 1203 sc
203 1173 260 1202 lem
273 1183 356 1203 suum
363 1175 448 1214 jubet
460 1175 532 1203 oriri
539 1183 626 1213 super
638 1175 727 1203 bonos
739 1181 768 1203 et
781 1185 846 1204 ma—

107 1212 163 1249 lae,
175 1220 204 1242 et
213 1213 386 1252 platena
397 1215 492 1253 justos
503 1220 531 1243 et
540 1215 677 1253 injustos.
696 1215 780 1244 Caute
793 1225 845 1254 po—

106 1251 162 1280 suit
178 1252 281 1289 dicens,
295 1252 388 1290 Super
397 1254 493 1293 justos
503 1260 531 1282 et
547 1255 682 1293 injustos,
693 1263 745 1282 non
764 1264 845 1294 snper

106 1290 229 1331 injustos,
247 1298 278 1321 ut
296 1293 400 1331 justos,
422 1293 486 1333 quia
501 1292 591 1321 omnia
607 1293 678 1322 hona
698 1294 771 1323 Deus
792 1295 847 1323 non'

106 1337 216 1370 propter
235 1342 327 1361 omnes
345 1331 466 1362 hominos
486 1331 533 1361 dat
554 1343 636 1372 super
657 1339 774 1369 terram,
797 1333 844 1362 sed

107 1377 217 1410 propter
229 1381 328 1411 paucos
339 1378 453 1401 sanctos.
463 1373 609 1402 Contentus
618 1378 657 1401 est
665 1372 735 1401 enim
745 1372 842 1412 magis,

108 1416 137 1438 ut
155 1417 304 1450 peccatores
325 1417 416 1440 contra
437 1411 564 1441 meritum
588 1422 667 1440 suum
691 1411 769 1441 bonis
793 1412 844 1441 Dei

105 1449 239 1487 fruantur,
253 1460 334 1489 quam
354 1457 384 1480 ut
397 1450 573 1490 justi-contra
595 1452 720 1481 metitum
733 1462 813 1480 suum
827 1462 842 1480 a

106 1488 185 1518 bouis
195 1490 256 1529 ejus
269 1489 434 1520 fraudentur.
450 1490 580 1520 Similiter
593 1497 620 1520 et
628 1489 734 1529 quando
747 1491 842 1520 Domi·
859 1499 877 1522 c

106 1537 158 1557 nus
167 1539 183 1557 a
195 1529 380 1568 peccatoribus
402 1529 535 1566 irritatur,
546 1530 744 1569 castigationem
766 1541 843 1559 suam

106 1577 159 1596 non
171 1575 282 1608 propter
292 1568 413 1598 homines
421 1569 505 1598 bonos
519 1569 612 1604 mittit,
625 1569 672 1598 sed
683 1576 791 1609 propter
801 1579 843 1598 so-

108 1606 149 1636 los
160 1614 309 1646 peccatores
324 1619 332 1636 t
347 1614 434 1637 tamen
452 1607 590 1646 aequaliter
606 1614 632 1637 et
646 1609 733 1648 justos
746 1608 842 1647 tangit,

107 1645 366 1684 quemadmodumet
376 1648 609 1686 peccatores-Nam
616 1646 843 1685 quemadmodum

108 1685 135 1713 in
147 1684 226 1714 bonis
241 1695 294 1715 non
311 1692 415 1725 separat
435 1693 586 1725 peccatores
600 1697 616 1715 a
627 1686 708 1731 justis
724 1687 782 1715 :sic
796 1697 843 1716 nec

107 1724 136 1752 in
156 1724 234 1753 malis
250 1732 355 1764 separat
371 1725 457 1765 justos
474 1736 489 1754 a
507 1726 698 1765 peccatoribus.
717 1727 748 1756 In
766 1726 845 1756 bonis

107 1771 256 1804 peccatores
275 1775 291 1794 a
306 1764 381 1794 ‘ustis
399 1775 451 1794 non
471 1772 590 1805 separat,
611 1775 644 1795 ne
662 1765 775 1806 separati
795 1776 842 1794 co-

107 1810 234 1842 gnoscant
246 1814 275 1833 se
319 1805 404 1843 jectos
421 1815 487 1840 esse,
505 1811 531 1833 et
548 1804 709 1845 desperent:
725 1805 752 1834 in
766 1805 844 1834 malis

103 1845 191 1882 justos
202 1853 217 1871 a
231 1843 415 1883 peccatoribus
425 1854 478 1873 non
489 1851 605 1889 separat,
620 1855 654 1874 ne
671 1845 784 1885 separati
798 1855 843 1874 co·

106 1889 233 1920 gnoscant
246 1893 274 1912 se
285 1882 394 1918 electos,
412 1890 439 1913 et
455 1883 605 1923 glorientur
620 1896 627 1912 ε
643 1885 761 1913 maxime
781 1894 843 1913 cum

106 1931 155 1951 nec
167 1921 246 1951 malis
263 1922 332 1951 bona
349 1923 463 1962 prosint,
484 1923 531 1953 sed
550 1930 660 1953 noceant
680 1924 775 1964 magis,
797 1934 844 1953 nec

106 1961 184 1990 bonis
196 1962 266 1991 mala
277 1969 396 1998 noceant,
412 1962 459 1991 scd
472 1963 576 2002 prosint
587 1963 682 2002 magis.
696 1964 765 1992 Nam
775 1963 844 1992 male

105 2000 225 2030 viventes
243 2000 310 2030 dum
331 2001 400 2031 bona
441 2003 495 2031 erci
516 2003 586 2038 iuni,
602 2003 636 2032 ad
655 2002 844 2043 praejudicium

106 2050 186 2069 suum
198 2040 352 2080 percipiunt
365 2053 372 2070 ε
385 2048 411 2070 et
456 2042 485 2071 ni
494 2013 562 2071 dum
571 2042 641 2071 mala
653 2043 800 2082 patiuntur,
808 2041 844 2071 ad

92 2104 97 2108 .
108 2079 214 2109 lucrum
221 2080 330 2120 justitiae
340 2081 379 2110 eis
390 2081 521 2120 procedit.
531 2084 561 2111 ²1
572 2082 615 2111 ,Α
616 2084 708 2111 uendi
711 2089 738 2111 te
747 2089 843 2112 autem
860 2087 880 2110 D

110 2129 147 2148 ne
156 2120 371 2156 eleemosynam
382 2127 511 2150 vestram
516 2122 643 2162 faciatis
654 2122 846 2151 coramlzomi-

111 2159 211 2193 nibus,
235 2165 267 2187 ut
291 2160 455 2189 videamini
468 2162 508 2190 ab
531 2163 582 2191 eis.
607 2161 638 2191 ln
662 2173 692 2191 su
730 2162 846 2192 rioribts

109 2197 232 2226 Christus
251 2199 389 2228 mandavit
407 2199 522 2239 diligere
538 2200 675 2236 inimicos,
694 2172 847 2231 ffinefaoere

109 2236 159 2265 eis.
178 2235 281 2267 videns
300 2244 389 2266 autem
405 2239 469 2277 quia
479 2240 506 2268 in
519 2241 576 2279 ipso
591 2241 720 2270 beneficio
735 2241 847 2279 laqueus

906 343 1047 379 flciat‚'sed
1057 343 1092 373 ad
1105 354 1182 373 usum
1194 344 1298 373 salutis.
1312 344 1392 381 Quod
1402 352 1491 374 autem
1500 356 1556 386 prae
1567 356 1649 376 omni-

905 383 956 412 bus
965 383 1038 412 vitiis
1054 384 1206 412 carnalibus
1223 384 1400 423 periculosius
1420 395 1476 414 esse
1489 386 1517 414 in
1535 386 1650 415 homini-

905 422 957 451 bus
972 423 1115 457 intellexit,
1127 423 1177 452 huc
1188 424 1293 452 cautius
1310 424 1459 454 cavendum
1473 425 1592 462 mandat,
1605 426 1648 455 di-

904 463 1134 492 oenszAttendit'e
1144 473 1180 491 ne
1187 463 1403 500 eleemosynam
1411 470 1541 495 vestram
1551 471 1648 495 coram

904 502 1071 532 hominibus
1079 503 1226 542 faciatis:
1241 503 1367 540 quoniam
1382 504 1471 532 omnia
1491 515 1559 543 pcnc
1577 506 1648 535 mala

904 551 994 570 servos
1006 541 1109 571 diaboli
1122 549 1230 571 vexant.
1241 542 1461 581 Concupiscentia
1473 551 1561 573 autem
1573 555 1647 574 vanae

903 580 995 617 gloriae
1007 592 1058 610 non
1073 582 1160 611 solum
1174 592 1265 611 servos
1279 581 1392 616 diaboli,
1405 582 1452 611 sed
1463 583 1542 612 etiam
1557 595 1647 614 servos

902 620 965 656 Dei,
979 627 1005 649 et
1018 621 1091 650 viros
1103 620 1196 657 fideles
1211 621 1351 665 impugnat
1365 633 1372 648 ι
1386 622 1471 660 magis
1483 630 1572 652 autem
1586 635 1645 653 ser-

901 669 950 688 vos
961 660 1023 695 Dei,
1034 671 1115 698 quam
1128 671 1218 690 servos
1227 660 1340 689 diaboli.
1348 661 1405 690 Ubi
1416 662 1487 690 enim
1501 673 1542 691 res
1554 663 1646 702 agitur

902 698 1038 737 gloriosa,
1058 700 1096 729 ibi
1119 700 1224 729 facilius
1245 700 1335 728 locum
1355 700 1458 730 invenit
1478 701 1645 739 gloriationis

902 738 1020 768 amasio.
1049 741 1212 768 Attendite.
1239 739 1313 776 Quid
1339 746 1428 769 autem
1452 740 1643 771 attendamus?

902 777 991 807 locum
1007 786 1137 808 secretum
1153 779 1198 808 ubi
1216 779 1338 808 homines
1353 790 1404 808 non
1416 781 1498 808 sunt?
1511 781 1643 820 Scdquid

901 818 1020 862 prodest,
1034 819 1057 848 si
1073 819 1099 848 in
1113 820 1170 848 loco
1184 818 1293 857 quidem
1314 819 1436 848 homines
1456 830 1508 848 non
1530 821 1640 855 suerint,

901 867 928 886 ln
938 858 1022 887 'corde
1033 865 1122 888 autem
1142 858 1223 888 suerit
1240 858 1366 897 cogitatio
1382 858 1473 888 vana?
1487 860 1587 889 Melius
1603 868 1643 890 est

900 907 976 936 ergo,
992 898 1059 927 utin
1073 898 1153 927 corde
1166 908 1219 927 non
1229 898 1263 927 sit
1277 898 1404 937 cogitatio
1420 908 1499 934 vana,
1519 910 1600 938 quam
1614 908 1642 930 ut

901 936 1021 966 homines
1033 948 1084 967 non
1099 938 1152 967 sint
1163 937 1191 967 in
1201 938 1271 974 loco.
1285 938 1313 967 Si
1325 948 1389 977 ergo
1404 947 1453 967 cor
1470 946 1590 968 nostrum
1602 947 1642 969 at-

899 975 1008 1006 tendere
1020 976 1160 1014 debemus,
1179 987 1231 1006 non
1246 977 1332 1006 oculis
1344 977 1497 1007 carnalibus
1510 979 1639 1023 aspicere,

894 1015 947 1044 sed
960 1026 1038 1046 sensu
1053 1017 1165 1056 vigilare
1178 1027 1268 1046 necess
1297 1023 1335 1045 est
1349 1016 1418 1045 circa
1429 1027 1476 1046 cor
1491 1030 1497 1046 :
1512 1019 1639 1047 invisibi-

900 1054 934 1083 lis
944 1056 1015 1085 enim
1025 1063 1065 1085 est
1074 1067 1183 1096 serpens
1202 1063 1228 1086 et
1246 1056 1275 1084 lu
1295 1056 1379 1092 ricus,
1399 1066 1481 1094 quem
1497 1057 1639 1088 observare

897 1094 1038 1133 jubemur,
1050 1103 1076 1125 et
1088 1097 1200 1125 latenter
1211 1097 1238 1125 in
1251 1105 1343 1124 sensus
1353 1095 1512 1134 ingreditur,
1525 1104 1551 1126 et
1560 1097 1640 1127 sedu-

899 1133 946 1163 cit.
960 1134 1027 1164 Ideo
1041 1135 1113 1164 enim
1127 1146 1179 1164 non
1192 1142 1277 1175 potest
1286 1145 1349 1164 eum
1365 1145 1426 1164 caro
1441 1135 1550 1165 sordida
1565 1138 1637 1177 aspi-

898 1183 968 1210 cem,
979 1174 1026 1203 sed
1036 1175 1125 1204 arrima
1138 1174 1248 1204 munda.
1258 1173 1416 1204 Sicut-enim
1429 1174 1456 1204 in
1466 1175 1525 1205 loeo
1537 1178 1640 1207 mundo

899 1219 924 1241 et
937 1215 1066 1253 specioso,
1081 1214 1103 1243 si
1117 1214 1221 1244 modica
1239 1213 1331 1243 sordes
1348 1213 1439 1250 fuerit,
1452 1214 1486 1244 de
1499 1215 1578 1255 longe
1589 1227 1637 1256 ap·-

898 1260 972 1291 paret
983 1266 996 1282 A:
1009 1253 1032 1282 si
1045 1260 1134 1283 autem
1145 1255 1206 1294 ipsc
1219 1254 1294 1283 locus
1307 1253 1432 1282 sordidus
1445 1254 1537 1292 fuerit,
1551 1266 1637 1294 quan-

898 1293 998 1322 tumvis
1010 1294 1134 1323 stercoris
1141 1295 1226 1338 jaceat
1237 1293 1286 1328 ibi,
1302 1303 1354 1321 non
1365 1303 1398 1332 ap
1419 1300 1475 1322 aret
1489 1305 1495 1323 :
1508 1305 1556 1323 nec
1566 1296 1638 1324 enim

898 1338 984 1371 potest
1000 1332 1112 1371 requiri,
1126 1343 1150 1362 si
1174 1340 1214 1362 est
1232 1333 1271 1362 ibi
1282 1331 1394 1371 ¹¹²aliqui
1438 1334 1576 1369 stercoris,
1591 1335 1639 1364 ubi

897 1377 1032 1401 totumest
1044 1379 1145 1401 stercus
1161 1384 1169 1400 .·
1185 1372 1223 1402 sic
1241 1379 1267 1401 et
1285 1372 1311 1402 in
1327 1372 1407 1401 corde
1426 1373 1528 1402 mundo
1539 1374 1562 1403 si
1577 1385 1638 1403 snr-

896 1411 983 1451 reptio
1004 1411 1108 1441 inimici
1133 1411 1298 1448 successerit,
1313 1421 1378 1440 mox
1397 1422 1442 1441 cor
1461 1423 1539 1442 suum
1558 1414 1638 1443 homo

897 1458 985 1480 rectus
992 1451 1131 1487 discernit,
1146 1452 1211 1490 quia
1221 1462 1235 1479 a
1250 1451 1347 1491 spiritu
1360 1451 1447 1480 alieno
1460 1452 1583 1492 pulsatur
1597 1465 1603 1481 ι
1616 1454 1639 1481 si

897 1497 985 1519 autem
996 1501 1043 1520 cor
1053 1491 1133 1520 fucrit
1146 1490 1332 1529 iniquitatibus
1349 1490 1474 1535 plenum,
1487 1492 1640 1531 suggestio-

898 1539 958 1558 nem
976 1529 1079 1559 diaboli
1093 1530 1120 1558 in
1135 1540 1162 1559 se
1180 1529 1328 1558 facilemon
1347 1529 1484 1568 intelligit.
1497 1531 1640 1566 Quomodo

897 1569 968 1597 enim
992 1569 1128 1598 introitum
1149 1569 1207 1608 ejus
1224 1568 1374 1607 intelligat,
1389 1569 1437 1607 qui
1455 1580 1559 1608 semper
1571 1570 1598 1599 in
1608 1581 1640 1600 eo

897 1607 956 1636 est?
970 1607 1034 1636 Ideo
1046 1614 1074 1636 et
1085 1614 1146 1636 ante
1159 1607 1298 1646 praemisit,
1311 1607 1406 1636 dicens
1422 1620 1428 1636 ε
1444 1609 1486 1637 Ne
1500 1609 1622 1639 irascaris
1631 1632 1637 1644 ,

898 1657 930 1675 ne
953 1647 1136 1686 concupiscas,
1155 1657 1187 1675 ne
1208 1647 1294 1686 jures,
1317 1657 1350 1675 ne
1371 1647 1472 1676 malum
1497 1658 1547 1687 pro
1569 1649 1640 1677 malo

898 1686 1004 1722 reddas,
1019 1697 1052 1714 ne
1072 1686 1147 1715 odias
1159 1686 1314 1730 proximum
1332 1692 1408 1715 tuum
1426 1699 1433 1716 ε
1449 1687 1576 1725 quoniam
1592 1688 1639 1726 qui

898 1725 976 1755 malis
988 1725 1113 1754 omnibus
1128 1726 1185 1754 istis
1198 1725 1344 1763 subjectus,
1361 1736 1407 1754 cor
1423 1737 1504 1755 suum
1524 1737 1576 1755 non
1591 1738 1639 1767 po-

899 1772 948 1794 test
960 1765 1105 1800 attendere,
1118 1775 1165 1794 nec
1183 1764 1332 1802 intelligere
1345 1764 1447 1794 diaboli
1459 1765 1639 1796 seductionem

898 1806 926 1834 in
939 1805 1059 1844 eo,.quia
1074 1805 1100 1833 in
1120 1811 1192 1834 veste
1207 1804 1321 1833 candida
1335 1805 1438 1834 macula
1452 1805 1505 1834 cito
1517 1813 1638 1845 apparet,

899 1845 975 1884 nigra
987 1851 1076 1873 autem
1088 1844 1170 1873 vestis
1182 1850 1207 1872 et
1221 1843 1243 1872 si
1258 1850 1312 1872 tota
1330 1843 1466 1874 sordidata
1478 1845 1570 1882 fuerit,
1587 1856 1639 1875 non

898 1884 950 1913 cito
961 1890 1078 1923 apparet.
1097 1884 1132 1912 Et
1150 1883 1284 1922 quomodo
1298 1893 1348 1912 non
1364 1891 1449 1923 potest
1464 1884 1534 1920 fieri,
1551 1891 1580 1914 ut
1592 1896 1639 1914 co-

898 1934 955 1952 ram
966 1923 1121 1952 hominibus
1131 1922 1324 1962 eleemosynam
1334 1923 1472 1957 faciamus,
1485 1930 1532 1953 aut
1544 1924 1641 1953 facien*

900 1970 937 1992 tes
961 1973 1013 1992 non
1033 1962 1198 1992 sentiamus?
1211 1963 1233 1991 si
1247 1969 1375 2002 praesente
1391 1963 1482 2001 aliquo
1495 1964 1641 1994 occurrerit

896 2013 1011 2042 pauper,
1020 2001 1153 2041 quomodo
1164 2001 1242 2031 detur
1251 2001 1277 2030 ei
1289 2002 1436 2031 absconse?
1448 2003 1516 2032 Nam
1528 2003 1576 2032 etsi
1589 2014 1639 2032 non

899 2042 1006 2071 videtur
1019 2041 1092 2080 quod
1114 2040 1205 2077 datur,
1220 2047 1306 2070 tamen
1331 2041 1438 2070 videtur
1460 2042 1524 2080 quia
1546 2042 1638 2078 datur,

899 2081 1021 2111 ducendo
1044 2092 1105 2110 eum
1125 2087 1233 2109 secreto.
1256 2079 1310 2110 Sed
1334 2081 1482 2116 considera,
1503 2082 1567 2122 quia
1586 2092 1640 2111 non

898 2121 969 2150 dixit
982 2119 1177 2156 tantummodo,
1191 2120 1236 2149 Ne
1248 2130 1345 2149 coram
1359 2121 1639 2161 hominibusfacia-

902 2251 958 2269 ram
978 2238 1135 2268 hominibus
1152 2238 1253 2275 fecerit,
1267 2243 1354 2268 tamen
1367 2249 1419 2268 non
1431 2238 1538 2269 videtur
1551 2250 1640 2268 coram

1651 1743 1716 1758 Lxxn

900 2164 936 2190 tis
946 2174 954 2189 :
969 2160 1015 2189 sed
1031 2159 1144 2195 addidit,
1157 2160 1199 2188 Ill
1218 2160 1382 2189 videamini
1393 2162 1430 2189 ab
1443 2162 1496 2189 eis.
1510 2162 1564 2197 Qui
1575 2172 1640 2200 ergo
1652 2141 1741 2192 huiii'iir

901 2211 952 2230 non
964 2199 1024 2229 ideo
1038 2199 1110 2235 facit,
1125 2198 1198 2228 utab
1214 2199 1367 2228 hominibus
1382 2199 1515 2237 videatur,
1529 2200 1576 2229 etsi
1597 2212 1640 2229 co-
1651 2210 1696 2223 mm
1720 2202 1793 2252 ¹¹2¹·qu

1651 2233 1704 2254 nihu

1670 2263 1701 2283 ele

1742 2148 1792 2168 prn-

903 2279 1057 2308 hominibus
1069 2278 1170 2307 fecisse.
1184 2277 1258 2317 Ergo
1271 2278 1293 2307 si
1305 2278 1344 2310 sic
1351 2278 1436 2307 facere
1447 2278 1639 2318 eleemosynam
1652 2301 1686 2319 na,
1699 2293 1735 2313 ,ud
1750 2272 1790 2312 ’Ῑζ,”,

903 2329 955 2347 non
969 2324 1007 2347 est
1020 2317 1160 2358 possibile,
1180 2324 1209 2346 ut
1230 2317 1321 2346 nullus
1344 2317 1442 2352 videat,
1456 2324 1501 2346 aut
1522 2317 1616 2346 sentiat
1632 2329 1638 2344 z
1652 2331 1683 2344 nm
1718 2324 1791 2349 gun-'12-

904 2365 991 2387 tamen
1005 2368 1036 2387 eo
1053 2357 1190 2397 proposito
1202 2358 1298 2392 facere,
1315 2363 1343 2385 ut
1360 2367 1412 2385 non
1431 2356 1465 2384 ab
1486 2355 1641 2384 hominibus
1650 2355 1740 2404 Ινὲὶηῦῑῑυ
1757 2355 1791 2374 ³¹¹·

902 2397 1052 2433 videamur,
1074 2396 1202 2436 possibile
1225 2403 1273 2425 est.
1300 2395 1372 2424 Dicit
1391 2395 1462 2424 enim
1484 2394 1637 2423 Dominus:
1659 2389 1749 2405 ''mm“

903 2438 951 2466 Sic
963 2437 1058 2466 luceat
1078 2436 1177 2465 lumen
1200 2442 1328 2470 vestrum
1351 2444 1447 2463 coram
1463 2434 1638 2470 leomz‘m'lncs,
1653 2445 1735 2467 matth.
1752 2445 1774 2467 5,

904 2482 936 2505 ut
957 2476 1076 2506 videant
1100 2477 1231 2504 homines
1253 2483 1339 2512 opem
1360 2479 1459 2501 vestra
1479 2474 1566 2507 bona,
1587 2479 1638 2501 etc.
1654 2476 1690 2498 ¹6-

903 2516 980 2546 Sicut
1001 2525 1063 2555 crgo
1085 2524 1193 2544 accensa
1206 2514 1308 2552 lampas
1322 2510 1448 2540 abscondi
1462 2521 1514 2539 non
1534 2518 1620 2550 potest
1634 2523 1640 2539 ι

110 2275 212 2305 diaboli
224 2275 322 2307 latebat
334 2276 464 2313 inclusus,
476 2279 523 2316 qui
535 2280 667 2309 bonorum
677 2291 789 2320 operum
801 2291 847 2309 so-

110 2315 147 2344 let
162 2314 276 2361 perdere
299 2316 416 2345 fructum
432 2328 439 2345 ι
455 2327 516 2346 nam
534 2328 602 2347 vana
620 2320 708 2348 carnis
734 2326 846 2355 natura,

111 2354 337 2393 quemadmodum
355 2356 473 2394 primum
492 2355 612 2386 difficilis
632 2365 672 2387 est
688 2358 723 2388 ad
743 2358 850 2387 benefa-

110 2393 247 2431 ciendum,
261 2395 296 2424 ita
310 2395 359 2424 etsi
372 2395 540 2432 benefecerit,
551 2396 637 2425 facilis
651 2403 690 2426 est
703 2397 739 2426 ad
749 2398 851 2437 jactan-

110 2434 176 2462 tiam
188 2434 252 2464 boui
265 2435 354 2475 operis
369 2447 376 2463 ε
392 2441 532 2475 propterea
546 2441 576 2464 ret
595 2435 623 2464 in
643 2436 692 2466 hac
707 2443 784 2504 parte
801 2446 850 2466 nos

112 2473 232 2510 instruit,
244 2474 336 2504 dicens
349 2486 358 2503 z
375 2475 530 2504 Attendite
544 2476 628 2504 vobis
640 2485 676 2504 ne
689 2486 706 2504 e
719 2486 848 2513 ecmosy-

102 2522 184 2559 'nam
206 2520 337 2543 vestr-am
356 2524 453 2543 coram
475 2515 641 2544 hominibus
652 2515 781 2555 faciatis
796 2527 804 2544 .·
820 2522 850 2545 ut

922 2595 934 2614 b
952 2593 1066 2627 Aliquid
1076 2592 1199 2621 stercoris,
1211 2589 1282 2615 bene.
1297 2588 1364 2614 Editi
1384 2589 1411 2613 in
1425 2596 1505 2621 marg.
1519 2595 1544 2614 et.
1559 2590 1645 2616 Codex

889 2633 919 2657 V.
934 2633 963 2657 D„
978 2631 1079 2666 aliquid
1091 2630 1219 2654 mundum,

146 2599 157 2610 ι
175 2590 309 2615 Attendite
323 2596 407 2616 autem
422 2597 472 2617 etc.
492 2593 644 2625 Hie‘incipit
662 2592 756 2619 floruit.
774 2594 826 2619 xu
838 2594 863 2619 in

114 2628 209 2656 Codice
220 2630 274 2655 lm.
287 2629 335 2655 PP.
345 2630 568 2656 Carthusinnorum
582 2631 658 2656 Vallis
668 2632 720 2658 Dei.

276 2679 350 2698 rou.
374 2679 417 2698 vi.
1449 2667 1485 2694 5²
