1904 2840
596 229 629 252 IN
657 229 864 252 MATTHAEUM.
893 229 1015 253 110M11..
1043 231 1165 255 XXXVI.

1602 224 1671 272 893

138 288 347 327 evangelizem,
363 299 422 318 non
433 295 476 318 est
493 289 567 319 mihi
585 290 682 329 gloria
694 303 703 319 .-
719 292 874 319 necessitas
893 293 913 316 A
930 296 973 320 est
987 301 1051 320 cum
1065 293 1151 321 turba
1163 293 1267 331 mulla,
1279 300 1330 324 etc.
1345 295 1541 325 Testimonium
1556 296 1670 327 studiosi

137 332 214 356 enim
235 329 308 357 mihi
323 328 478 357 incumbit:
494 340 541 358 voe
565 331 641 358 enim
667 330 749 365 mihi,
769 331 795 358 si
814 340 874 359 non

136 369 385 407 evangelizavero.
400 368 430 398 Si
443 369 514 397 enim
525 369 619 398 volens
634 369 686 398 hoc
698 380 758 408 ago,
772 380 872 399 merce-

135 405 196 435 dem
217 407 302 436 habeo
317 408 362 436 :si
383 414 471 437 autem
493 409 605 446 invitus,
623 409 786 448 dispensatio
804 409 872 438 mihi

135 446 236 475 credita
249 453 298 475 est.
315 446 447 476 Similiter
467 455 491 477 et
510 448 666 477 diaconatus
681 448 787 477 diaconi
808 459 872 478 con-

133 485 301 515 temtibilitas
319 486 427 516 videtur
438 498 454 516 a
468 488 555 524 nobis,
572 499 634 517 vere
652 495 741 517 autem
761 498 813 517 non
833 495 872 517 est

134 525 350 555 contemtibilitas
373 527 446 566 ejuS,
465 527 512 556 sed
535 535 611 557 actus
638 527 733 567 ipsius.
760 528 872 567 Propter

133 564 206 601 quod
221 566 294 594 Deus
306 575 354 594 nec
366 566 518 605 apostolum
536 568 653 607 amplius
673 566 774 606 diligit,
790 578 870 606 quam

133 603 285 640 diaconum,
299 605 362 643 quia
376 606 513 644 apostolus
534 614 583 640 est,
601 617 650 636 nec
663 606 806 636 diaconum
819 607 871 636 mi-

131 652 194 679 nus,
208 654 288 682 quam
312 645 474 684 apostolum,
497 647 561 685 quia
580 646 710 676 diaconus
727 653 766 676 est
785 657 792 674 :
807 646 872 684 quia

131 692 181 711 nec
193 683 329 722 apostolus
346 694 395 723 pro
410 685 506 714 merito
518 697 568 718 suo
582 684 744 715 antecedenti
756 686 872 714 honora-

131 727 176 750 tus
185 729 236 758 est,
249 729 279 753 ut
292 730 359 753 aeset
369 725 515 764 apostolus,
527 725 573 755 sed
583 725 618 754 ad
632 725 872 762 hoctministerium

133 768 211 800 aptus
224 769 263 791 est
270 762 408 801 judicatus
421 764 570 794 secundum
583 772 686 794 motum
696 764 791 793 animae
804 775 870 793 suae.

13 805 27 832 γ
40 805 81 826 noe
101 806 125 827 in
135 800 156 838 †
165 801 239 839 [Nec
252 801 382 832 diaconus
397 813 448 842 pro
461 805 556 834 merito
568 815 617 834 suo
629 804 793 834 antecedenti
805 814 872 833 con-

58 843 78 856 m

11 873 45 886 em
49 867 104 894 plari

12 901 42 918 en
47 912 52 918 .

133 847 232 870 temtus
245 848 285 870 est
295 850 326 871 ut
337 849 405 871 esset
417 842 555 880 diaconus,
571 843 619 873 sed
630 843 665 872 ad
683 844 734 873 hoc
751 844 873 873 ministe-

929 330 1053 369 agricolae
1066 338 1092 360 et
1102 332 1195 361 messis
1208 333 1320 362 fecunda
1336 346 1342 362 :
1358 334 1458 364 assidui
1478 342 1566 364 autem
1579 336 1675 366 docto--

927 370 966 398 ris
980 369 1169 400 documentum
1183 373 1291 401 ecclesia
1306 374 1385 412 plena
1398 386 1405 402 e
1419 375 1590 414 negotiatoris
1604 387 1669 415 pro·

926 416 1030 448 sperata
1054 410 1180 447 felicitas,
1200 413 1326 451 apotheca
1351 413 1503 453 multiplex.
1527 415 1670 445 Neminem

927 448 1003 478 labor
1027 449 1130 479 itineris
1152 451 1311 490 impedivit,
1337 452 1401 490 quia
1425 464 1501 482 amor
1520 454 1669 493 spiritualis

925 488 1106 527 fatigationem
1127 500 1179 518 non
1203 491 1291 520 sentit.
1304 491 1448 524 ‚Neminem
1462 503 1543 522 sexus
1568 494 1670 524 mulie-

923 527 979 556 bris
993 528 1114 565 retinuit,
1127 529 1190 567 quia
1207 530 1277 559 inter
1289 531 1379 560 virum
1400 539 1426 561 et
1448 532 1588 562 mulierem
1609 545 1669 564 cor-

923 567 996 606 poris
1009 567 1118 606 quidem
1130 568 1280 598 differenda
1295 577 1344 606 est,
1357 571 1441 608 gratia
1453 579 1541 601 autem
1553 583 1604 601 una
1616 580 1666 612 est,

923 613 950 635 et
969 617 1021 636 una
1036 607 1155 636 conditio
1170 608 1198 637 in
1212 609 1347 638 omnibus.
1363 610 1424 639 Illic
1438 621 1501 650 ergo
1515 611 1668 643 differentia

923 656 1003 675 sexus
1023 647 1182 685 requiritur,
1196 648 1243 676 ubi
1265 659 1344 677 causa
1365 650 1480 678 carnalis
1499 658 1548 687 est,
1571 659 1596 681 et
1620 653 1667 682 uhi

923 696 996 722 caro,
1012 696 1065 714 non
1087 686 1199 726 spiritus
1223 695 1359 726 operatur.
1382 689 1522 719 Neminem
1546 695 1668 730 ”posses-

922 725 1029 754 sionum
1051 736 1162 755 suarum
1175 727 1330 756 sollicitudo
1353 728 1475 765 retraxit,
1496 731 1559 768 quia
1581 730 1607 759 in
1628 741 1669 761 re-

922 763 1068 794 diebantur
1090 766 1117 794 in
1142 766 1333 805 possessionem
1359 769 1434 807 regni
1456 769 1576 799 caelestis.
1624 781 1668 800 ere

923 804 995 833 enim
1009 815 1061 833 non
1075 805 1156 834 habet
1168 816 1248 845 super
1268 813 1367 836 terram
1381 807 1454 845 quod
1468 815 1548 844 amet,
1560 809 1607 848 qui
1617 809 1667 839 bo-

924 853 989 873 num
1011 844 1113 873 caeleste
1138 845 1167 873 in
1187 845 1299 874 veritate
1321 847 1477 885 gustaverit.
1498 848 1574 878 Sicut
1596 849 1667 879 enim

133 879 206 909 rium
219 887 297 919 aptus
307 888 348 911 est
357 881 494 920 judicatus
507 883 654 912 secundum
667 891 769 912 motum
778 883 872 912 animae
888 888 907 911 B
923 884 970 921 qui
991 884 1140 923 pretiosum
1164 885 1311 923 gustaverit
1337 886 1440 921 cibum,
1456 887 1627 926 postmodum
1641 889 1667 918 ei

133 930 198 948 suae.
208 920 219 958 ]
230 922 280 950 Pro
301 928 341 950 ter
357 921 431 959 quod
450 932 534 961 neque
546 923 683 962 apostolus
696 922 803 952 laudem
823 923 871 952 ha-

127 958 207 997 bebit
219 931 300 999 apud,
304 961 402 995 Deum,
416 961 479 1000 quia
492 964 628 1001 apostolus
639 962 701 999 fuit,
715 962 761 991 sed
771 962 794 991 si
803 973 872 1002 opus

130 999 295 1037 apostolatus
318 999 360 1028 sui
381 1000 450 1029 bene
467 1001 590 1040 implevit
610 1015 617 1032 z
641 1012 726 1040 neque
744 1001 872 1031 diaconus

130 1038 335 1078 exprobrandus
349 1045 398 1072 est,
415 1041 478 1078 quia
493 1041 622 1071 diaconus
634 1041 696 1076 suit,
706 1041 752 1070 sed
769 1041 791 1070 si
803 1052 871 1081 opus

130 1087 210 1107 suum
227 1078 357 1117 neglexit.
369 1079 401 1107 In
415 1080 491 1109 nullo
504 1091 567 1120 ergo
586 1081 703 1110 hominis
722 1088 760 1110 est
773 1081 868 1118 honor,

130 1116 182 1146 nisi
197 1118 225 1146 in
242 1128 296 1156 quo
317 1118 384 1147 bene
405 1118 529 1158 implevit
542 1131 611 1160 opus
633 1131 713 1149 suum
730 1133 736 1148 :
750 1128 775 1150 et
795 1120 870 1150 nulla

129 1157 272 1186 contemtio
284 1158 343 1196 ejus
359 1164 409 1194 est,
422 1159 472 1187 nisi
489 1159 515 1188 in
529 1171 583 1198 quo
597 1160 715 1198 neglexit
729 1161 870 1200 proprium

129 1205 210 1235 opus.
225 1196 306 1225 Unde
315 1197 384 1226 sicut
405 1208 451 1236 pes
465 1198 580 1228 libenter
593 1200 674 1228 servit
690 1200 778 1236 oculo,
794 1200 870 1239 quasi

130 1235 183 1263 sibi
195 1236 332 1273 servienti,
345 1237 430 1266 sciens
443 1238 506 1276 quia
517 1239 569 1268 nisi
582 1239 676 1268 oculus
687 1249 735 1268 suo
749 1239 871 1270 ministe-

130 1275 170 1302 rio
177 1275 257 1304 fuerit
271 1286 347 1312 usus,
362 1286 410 1305 nec
424 1276 480 1316 ipse
492 1288 541 1307 suo
554 1279 651 1318 poterit
661 1279 699 1307 uti
711 1291 718 1308 ε
733 1285 758 1308 et
771 1280 867 1309 oculus

130 1312 245 1343 libenter
261 1315 345 1344 servit
364 1316 444 1355 pedi,
460 1318 535 1355 quasi
558 1319 611 1347 sibi
634 1318 770 1355 servienti,
786 1319 869 1348 sciens

129 1353 194 1390 quia
207 1354 259 1383 nisi
273 1365 319 1399 pes
332 1365 381 1384 suo
396 1356 484 1385 officio
499 1357 579 1387 fuerit
597 1368 673 1392 usus,
688 1368 736 1386 nee
750 1358 807 1398 ipse
819 1369 868 1387 suo

129 1393 227 1431 poterit
241 1400 281 1422 uti
297 1407 304 1423 :
322 1394 360 1423 sic
369 1401 395 1423 et
409 1396 492 1425 sancti
507 1396 622 1426 invicem
637 1397 689 1426 sibi
701 1396 798 1426 debent
812 1408 868 1427 esse

128 1432 253 1471 subjecti,
270 1440 301 1462 ut
313 1434 402 1463 minor
414 1435 511 1475 majori
522 1446 574 1465 non
586 1436 715 1471 invideat,
728 1437 804 1475 quasi
815 1448 869 1466 ma-

125 1469 191 1509 jori,
205 1472 253 1501 sed
273 1472 386 1502 libenter
407 1474 432 1503 ei
453 1475 624 1514 obsequatur,
639 1476 716 1514 quasi
735 1477 787 1505 sibi
809 1487 864 1505 ser-

127 1510 224 1547 vienti,
239 1512 266 1541 in
284 1523 315 1542 eo
333 1513 392 1552 ipso
409 1513 483 1552 quod
496 1516 581 1554 major
601 1522 650 1550 est,
665 1522 691 1544 et
709 1516 796 1554 major
814 1526 867 1545 non

127 1557 278 1580 contemnat
291 1552 433 1589 minorem,
448 1554 510 1592 quia
530 1555 616 1593 major
630 1561 680 1590 est,
694 1554 739 1583 sed
753 1554 868 1584 libenter

127 1589 153 1617 ei
171 1589 343 1628 obsequatur,
365 1592 441 1629 quasi
457 1592 510 1621 sibi
530 1593 666 1622 servienti.
690 1594 757 1622 Haee
777 1594 867 1623 omnia

127 1629 300 1659 tractavimus
320 1637 430 1670 propter
451 1631 519 1660 duos
543 1632 644 1668 fratres,
666 1632 712 1670 qui
734 1632 868 1672 petierunt

126 1667 179 1696 sibi
203 1668 358 1707 primatum,
369 1680 431 1699 cum
456 1681 508 1700 non
528 1671 683 1700 debuissent
700 1683 707 1699 τ
729 1679 755 1701 et
775 1671 869 1713 decem(

127 1708 240 1746 apostoli
254 1708 384 1747 indignati
405 1717 467 1747 sunt
480 1718 570 1740 contra
590 1722 652 1747 eos,
667 1721 729 1740 cum
747 1721 799 1740 non
819 1711 866 1747 def

126 1746 256 1776 buissent.
273 1748 352 1778 Sicut
372 1750 469 1779 Filius
488 1751 613 1780 hominis
635 1761 693 1779 non
715 1751 799 1779 venit
813 1753 866 1779 mi-

127 1788 258 1823 nistrari,
269 1789 321 1816 sed
331 1790 505 1825 ministrare,
520 1797 548 1819 et
562 1792 633 1820 dare
642 1793 773 1819 animam
783 1800 866 1819 suam

126 1826 159 1853 in
172 1827 382 1857 redemtionem
403 1839 455 1867 pro
476 1830 587 1860 multis.
602 1830 644 1859 Ad
664 1830 715 1860 boc
739 1830 810 1858 enim
831 1830 866 1859 ad

126 1864 270 1904 imaginem
284 1868 385 1898 Christi
404 1869 467 1898 facti
480 1881 583 1906 sumus,
598 1875 628 1898 ut
641 1870 786 1899 imitatores
807 1870 864 1899 effi-

126 1903 230 1935 ciamur
247 1908 392 1937 voluntatis
411 1908 469 1947 ejus
491 1917 517 1939 et
538 1909 755 1938 conversationis.
778 1910 865 1938 Num-

126 1945 194 1982 quid
220 1946 253 1974 ad
281 1947 485 1978 similitudinem
516 1948 661 1988 majestatis
689 1950 747 1988 ejus
771 1959 865 1978 sumus

126 1985 225 2014 creati?
240 1987 308 2015 Nam
322 1987 369 2015 ille
384 1987 496 2026 quidem
515 1995 630 2017 nostram
645 1998 750 2018 carnem
764 1988 865 2018 imitari

126 2025 225 2062 potuit,
241 2034 288 2055 nos
308 2032 396 2055 autem
420 2027 496 2057 illius
508 2028 679 2057 divinitatem
696 2027 795 2056 imitari
811 2038 863 2057 non

125 2074 268 2105 possumus
282 2077 289 2094 ε
303 2065 350 2095 sed
363 2066 389 2094 in
400 2066 451 2095 hoc
459 2078 552 2096 sumus
563 2067 649 2106 imago
662 2067 732 2106 ejus,
748 2074 778 2095 ut
792 2067 865 2106 quod

125 2104 150 2133 ei
163 2104 264 2134 bonum
275 2105 394 2142 videtur,
408 2113 434 2135 et
446 2107 518 2147 apud
532 2117 581 2136 nos
590 2107 624 2136 sit
632 2107 744 2142 bonum,
754 2113 779 2136 et
790 2106 864 2145 quod

125 2144 151 2172 ei
164 2144 267 2173 malum
279 2144 397 2180 videtur,
411 2152 438 2175 et
458 2146 532 2186 apud
546 2157 593 2176 nos
611 2146 645 2175 sit
665 2146 773 2175 malum.
793 2146 864 2183 Qui-

125 2193 240 2221 cumque
257 2190 357 2218 autem,
371 2186 488 2215 Domino
508 2186 655 2215 humilitati
673 2187 804 2221 studente,
819 2186 864 2225 ja-

125 2223 228 2251 ctantiae
248 2223 347 2258 studet,
366 2234 419 2252 non
443 2232 482 2254 est
503 2225 591 2265 imago
613 2225 725 2255 Christi.
741 2225 777 2254 Et
798 2225 862 2263 qui,

124 2261 241 2290 Domino
258 2269 437 2301 paupertatem
456 2271 571 2301 amante,
586 2264 744 2294 divitiarum
761 2270 863 2293 amator

124 2306 164 2329 est
177 2301 205 2329 in
217 2301 268 2330 hoc
282 2302 390 2336 saeculo,
400 2303 508 2342 repellit
520 2314 535 2332 a
548 2314 576 2332 se
587 2303 688 2333 Christi
700 2302 863 2332 'similitudi-

123 2349 196 2369 nem.
211 2342 271 2371 Non
285 2349 324 2371 est
341 2351 421 2370 verus
433 2342 595 2382 discipulus,
608 2342 656 2381 qui
674 2352 726 2371 non
742 2342 863 2371 imitatur

125 2380 282 2419 magistrum
291 2393 297 2409 t
306 2390 353 2411 nec
360 2388 399 2410 est
406 2393 468 2412 vera
479 2382 578 2421 imago,
587 2392 646 2421 quae
653 2380 751 2411 similis
761 2392 813 2410 non
825 2388 864 2411 est

125 2426 238 2449 auctor-1.

274 2494 408 2523 Homilia
418 2495 522 2533 xxxvj.
536 2503 572 2522 ex
586 2504 650 2533 cap.
663 2505 714 2524 xx.

164 2571 213 2600 29.
223 2571 263 2598 Et
275 2572 488 2610 egredientibus
502 2572 543 2599 eis
551 2572 588 2600 ab
598 2572 727 2609 Iericho,
737 2579 862 2613 sequuta

923 922 980 952 haec
999 933 1058 952 esca
1079 924 1228 952 communis
1249 924 1352 969 ingrata
1371 925 1479 955 videtur
1495 927 1553 956 :sic
1577 928 1666 967 etqui

922 962 1005 991 semel
1019 962 1053 991 de
1066 962 1209 992 dulcedine
1223 963 1323 993 Chrlsti
1334 964 1402 993 bene
1415 967 1573 1004 gustaverit,
1587 974 1667 996 terre-

922 1011 1019 1030 norum
1029 1002 1163 1031 bonorum
1177 1003 1211 1032 de
1222 1010 1315 1032 caetero
1331 1014 1385 1032 non
1400 1005 1516 1034 multum
1528 1006 1607 1035 sentit
1621 1017 1666 1035 sa-

923 1051 1026 1080 porem.
1041 1043 1111 1078 Quis
1134 1052 1186 1072 non
1209 1042 1342 1071 desideret
1363 1043 1454 1080 illum,
1469 1051 1515 1073 aut
1530 1046 1591 1084 quis
1611 1057 1665 1075 non

922 1088 1047 1119 sequatur
1061 1092 1134 1116 eum,
1150 1083 1231 1120 quem
1252 1084 1332 1111 etiam
1354 1082 1409 1111 duo
1433 1084 1505 1120 caeci,
1524 1091 1664 1124 antequam

922 1120 1097 1160 corporaliter
1116 1121 1249 1157 viderent,
1262 1121 1439 1160 spiritualiter
1452 1132 1628 1163 aspexerunt,
1640 1132 1666 1155 et

920 1166 1061 1197 antequam
1084 1160 1222 1197 audirent,
1236 1160 1430 1190 crediderunt?
1449 1163 1586 1193 Nimirum
1608 1165 1665 1194 haec

921 1198 959 1228 est
976 1199 1024 1228 illa
1045 1210 1104 1228 rosa
1117 1200 1144 1229 in
1158 1199 1259 1239 campis
1281 1200 1400 1237 Jericho,
1412 1201 1446 1230 de
1463 1213 1515 1241 qua
1530 1203 1665 1243 Sapientia

920 1238 1041 1277 loquitur
1051 1250 1100 1278 per
1121 1239 1289 1269 Salomonem
1304 1252 1311 1268 :
1323 1240 1404 1269 Sicut
1415 1242 1518 1280 palma
1531 1244 1664 1273 exaltata
1675 1257 1747 1278 Ecca.
1760 1256 1799 1288 ²4·

921 1280 1025 1307 samin
1040 1279 1144 1315 cades,
1161 1285 1190 1307 et
1200 1281 1277 1308 sicut
1291 1279 1440 1317 plantatio
1457 1291 1529 1311 rosoe
1541 1283 1573 1310 in
1586 1284 1661 1312 Jeri-
1679 1290 1713 1313 ι8.

921 1318 984 1346 cho.
998 1318 1069 1357 Ergo
1084 1319 1140 1347 haec
1152 1325 1191 1347 est
1212 1318 1258 1347 illa
1273 1319 1467 1357 speciosissima
1480 1331 1551 1356 rosa,
1564 1323 1662 1352 sancti-

919 1363 972 1386 tate
993 1358 1103 1395 justitiae
1116 1357 1241 1394 candida,
1255 1364 1281 1386 et
1302 1359 1433 1397 passionis
1447 1361 1576 1400 sanguiue
1589 1362 1664 1391 rubi-

919 1395 1017 1425 cunda.
1034 1397 1111 1426 Sicut
1124 1397 1196 1426 enim
1217 1407 1277 1426 rosa
1297 1404 1439 1436 antequam
1452 1399 1589 1437 videatur,
1604 1412 1664 1430 sen-

919 1435 995 1472 titur,
1012 1443 1037 1465 et
1051 1444 1191 1475 antequam
1202 1436 1365 1473 inveniatur,
1378 1445 1483 1467 tenetur
1492 1439 1519 1468 in
1534 1439 1663 1471 odoribus

894 1482 901 1490 ’
919 1474 976 1503 suis
990 1487 997 1503 :
1013 1475 1051 1504 sic
1062 1483 1088 1504 et
1098 1476 1244 1505 Dominum
1263 1483 1440 1506 transeuntem
1455 1477 1490 1507 de
1503 1479 1592 1518 longe,
1606 1480 1663 1510 duo

918 1515 979 1542 caeci
998 1521 1139 1553 antequam
1158 1515 1289 1551 viderent,
1300 1514 1451 1545 divinitatis
1464 1517 1522 1556 ejus
1539 1519 1662 1558 fragran-

919 1553 983 1581 tiam
1006 1560 1155 1582 senserunt.
1171 1555 1220 1582 50.
1235 1554 1277 1582 Et
1297 1564 1362 1582 eece
1386 1556 1444 1583 duo
1469 1559 1547 1586 coeci.
1572 1559 1661 1595 Ecce,

919 1591 1044 1627 diceudo,
1066 1603 1082 1621 o
1102 1593 1290 1631 portunitatem
1314 1593 1452 1624 ostendit:
1469 1595 1520 1625 hoc
1540 1604 1589 1633 est,
1612 1608 1661 1637 op-

920 1637 1036 1670 portune
1046 1631 1081 1660 ob
1093 1631 1128 1660 ati
1151 1639 1214 1661 sunt
1228 1638 1287 1660 ante
1307 1632 1403 1662 faciem
1415 1634 1527 1671 Christi,
1543 1643 1571 1665 ut
1584 1647 1663 1676 aper-

919 1670 953 1699 tis
972 1670 1067 1705 oculis,
1081 1671 1158 1709 quasi
1180 1677 1259 1700 testes
1276 1671 1384 1701 virtutis
1404 1673 1472 1712 ejus,
1492 1675 1662 1706 ascenderent

919 1720 981 1738 cum
1005 1720 1036 1738 eo
1056 1711 1084 1739 in
1106 1711 1253 1740 Jerusalem
1276 1723 1283 1740 :
1302 1711 1365 1749 quia
1389 1713 1511 1743 futurum
1534 1722 1606 1752 erat,
1632 1722 1662 1745 ut

919 1749 1067 1779 sacerdotes
1090 1749 1184 1789 repleti
1206 1750 1321 1785 invidia,
1337 1750 1455 1781 dicerent
1475 1761 1566 1783 contra
1584 1766 1658 1791 eum,

920 1788 951 1817 In
963 1799 1016 1827 qua
1029 1796 1157 1827 potestate
1177 1789 1242 1818 facis
1263 1790 1338 1819 haec?
1353 1798 1382 1820 ut
1401 1791 1526 1822 videlicet
1541 1794 1602 1823 caeci
1622 1805 1661 1824 re-

919 1828 1082 1867 spondeant,
1104 1828 1154 1857 etsi
1175 1839 1227 1857 non
1247 1839 1312 1858 voce
1323 1852 1331 1866 ,
1346 1837 1432 1860 tamen
1446 1831 1502 1871 ipsa
1522 1844 1573 1863 re:
1591 1834 1660 1864 Ecce

918 1877 966 1896 nos
981 1867 1042 1896 caeci
1063 1868 1173 1901 suimus,
1187 1875 1212 1897 et
1231 1868 1365 1899 videmus.
1381 1870 1455 1907 Quid
1477 1882 1540 1911 ergo
1554 1872 1588 1902 de
1631 1884 1660 1903 o-

918 1913 1009 1936 testate
1031 1907 1185 1945 requiritis,
1207 1908 1254 1946 qui
1274 1908 1371 1938 videtis
1392 1911 1540 1941 virtutem?
1555 1912 1612 1942 Eru
1633 1924 1659 1942 e-

918 1946 992 1983 scite,
1009 1947 1128 1976 carnales
1145 1947 1229 1983 oculi,
1243 1948 1291 1985 qui
1307 1955 1367 1977 ante
1378 1959 1426 1979 vos
1440 1950 1578 1981 Christum
1591 1959 1658 1982 stan-

917 1991 970 2014 tem
988 1996 1040 2015 non
1065 1986 1196 2026 aspicitis,
1215 1997 1295 2025 quem
1314 1988 1394 2017 etiam
1412 1989 1583 2021 crediderunt
1603 1991 1659 2021 duo

917 2024 979 2053 caeci
1000 2025 1121 2054 sedentes
1139 2036 1215 2055 secus
1229 2026 1312 2063 viam,
1326 2038 1379 2056 non
1405 2028 1432 2057 in
1450 2029 1506 2059 via.
1521 2032 1582 2060 Duo
1596 2032 1659 2061 caeci

881 2071 900 2094 1)
916 2063 971 2093 duo
991 2065 1088 2132 ppipuli
1111 2072 1183 2101 sunt,
1199 2065 1338 2104 Juda'scus,
1352 2074 1377 2096 et
1394 2068 1511 2107 gentilis.
1525 2072 1579 2100 Aut
1601 2070 1657 2100 sic—

917 2110 946 2132 ut
967 2104 1014 2142 qui
1036 2115 1078 2132 am
1097 2104 1322 2144 interpretantur,
1337 2107 1417 2136 ambo
1437 2110 1571 2147 gentium,
1587 2121 1658 2140 unus

916 2153 950 2172 ex
973 2143 1073 2178 Cham,
1098 2144 1168 2173 alius
1188 2154 1222 2173 ex
1249 2145 1357 2185 Japhet.
1380 2146 1444 2175 Ideo
1465 2155 1553 2178 autem
1578 2149 1655 2186 caeci,

910 2183 978 2220 quia
991 2182 1110 2212 nondum
1122 2183 1160 2213 eis
1172 2192 1332 2223 apparuerat
1345 2186 1481 2225 unigenita
1494 2188 1553 2217 lux.
1569 2188 1657 2218 Secus

915 2223 995 2251 viam
1008 2234 1015 2250 :
1029 2222 1058 2251 id
1069 2229 1120 2256 est,
1125 2223 1203 2263 juxta
1214 2224 1352 2254 veritatem
1365 2228 1598 2263 conversabantur,
1610 2227 1657 2256 sed

919 2261 1058 2290 veritatem
1072 2261 1192 2291 invenire
1203 2273 1254 2292 non
1263 2270 1395 2302 poterant,
1408 2266 1471 2303 quia
1482 2266 1526 2295 via
1538 2266 1657 2295 veritatis

915 2301 1012 2330 certior
1026 2300 1116 2330 adhuc
1126 2301 1304 2331 demonstrata
1318 2313 1370 2331 non
1386 2304 1472 2333 fuerat
1488 2316 1495 2332 :
1511 2306 1552 2334 vel
1566 2315 1656 2334 secun-

915 2339 982 2369 dum
995 2340 1123 2370 rationem
1142 2341 1219 2371 verbi
1232 2341 1355 2380 degentes
1367 2364 1374 2377 ,
1387 2352 1438 2371 non
1455 2350 1541 2372 autem
1556 2344 1583 2371 in
1598 2344 1655 2383 ipsa

915 2379 1016 2409 ratione
1025 2380 1102 2409 verbi
1110 2381 1280 2409 consistentes
1294 2392 1300 2409 :
1310 2381 1372 2419 quia
1381 2381 1500 2410 notitiam
1507 2382 1583 2411 verbi
1593 2393 1655 2411 non-

914 2418 980 2447 dum
993 2426 1158 2459 acceperant.
1173 2420 1249 2449 Sicut
1262 2420 1332 2448 enim
1343 2420 1390 2457 qui
1402 2420 1427 2448 in
1441 2421 1556 2450 tenebris
1563 2422 1655 2450 ambu-

915 2457 964 2493 lat,
973 2458 996 2487 si
1005 2458 1086 2487 semel
1103 2459 1176 2489 viam
1193 2457 1347 2497 perdiderit,
1358 2458 1492 2487 interdum
1507 2466 1561 2488 tota
1579 2468 1656 2490 nocte

914 2497 1034 2526 ambulat
1040 2498 1118 2537 juxta
1125 2499 1196 2526 viam
1208 2507 1309 2533 errans,
1319 2504 1344 2525 et
1351 2507 1402 2525 non
1414 2497 1515 2527 invenit
1522 2499 1603 2533 viam,
1610 2500 1656 2529 do-

914 2545 960 2565 nec
970 2537 1140 2576 superveniat
1150 2536 1207 2564 dies
1218 2549 1223 2564 :
1237 2535 1276 2565 sic
1289 2542 1314 2564 et
1322 2536 1441 2565 homines
1451 2538 1616 2568 ambulantes
1627 2539 1654 2569 in

913 2576 1048 2604 erroribus
1060 2575 1101 2606 vel
1116 2575 1241 2614 peccatis,
1260 2581 1402 2616 postquam
1414 2576 1465 2606 Dei
1477 2578 1653 2616 cognitionem
1664 2590 1711 2609 cuv

158 2657 168 2666 a
186 2647 266 2674 Iidem
279 2648 304 2675 in
322 2657 399 2682 marg.
411 2651 592 2682 possessionum
606 2659 706 2675 suarum
717 2652 853 2677 recordatio
865 2651 977 2679 retruxit.
