1904 2840
61 483 113 503 Ju't.
133 486 150 501 1.
162 485 199 502 22.

208 236 278 270 682

208 307 280 338 illud
290 312 436 347 tangentes,
446 312 529 341 totam
543 303 626 335 simul
639 301 776 333 eeclesiam
791 300 950 341 repleamus.

208 349 278 379 Nam
291 347 314 376 si
332 357 382 376 vas
394 345 466 375 illud
485 345 550 375 Jobi
564 343 610 376 vel
623 350 732 382 tangere
753 339 952 382 aggrediamur,

209 388 254 418 vel
277 386 405 426 ›aulisper
418 395 585 422 moveamus,
598 383 689 413 statim
702 392 736 411 ex
748 387 882 421 unguento
892 380 956 410 odo-

210 428 248 457 ris
262 399 406 467 iragrantia
419 424 548 466 impletur
567 422 689 454 eeclesia.
712 420 861 451 Audiamus
874 420 958 460 igitur

211 467 351 497 historiam
361 465 395 494 de
406 466 455 495 illo
467 464 602 494 dicentem
613 475 622 492 ι
637 464 676 491 In
690 462 825 491 omnibus
835 461 880 490 his
893 470 958 501 quae

213 509 268 546 ipsi
286 507 456 535 aeciderunt
471 504 545 534 nihil
562 504 693 544 peccavit
706 501 765 531 Job
789 500 876 529 labiis
890 510 959 529 con-

215 553 261 576 tra
275 547 445 575 Dominum.
459 543 592 575 Vidistin'
611 540 795 572 testimonium
804 539 960 584 angelorum

214 586 307 615 laudes
322 584 458 614 excitans?
476 583 598 614 vidistin’
618 580 801 611 testimonium
819 579 960 609 d1abolum

218 637 279 655 cum
303 625 443 654 conatibus
453 625 511 665 ejus
522 621 705 653 confundens?
721 620 759 649 In
767 619 901 649 omnibus
915 620 960 648 his

217 677 282 706 quoe
303 667 357 704 ipsi
377 666 562 704 contigerunt
582 661 658 691 nihil
673 661 818 706 peccavit.
833 660 891 689 Hoc
909 658 959 688 Dei

218 704 400 735 testimonium
414 707 464 744 per
472 713 577 732 omnem
586 701 737 736 ecclesnam,
749 699 826 739 quasi
837 708 960 738 unguen-

219 753 276 775 tum
295 744 453 784 pretiosum,
474 742 611 772 auditores
633 740 759 770 laetificat.
783 740 808 769 O
830 749 877 769 vas
897 748 961 778 pre—

219 785 318 814 tiosum
338 784 366 812 in
388 793 443 812 uno
460 782 566 812 Arabiae
588 781 648 810 loco
671 778 850 814 reconditum,
870 789 901 807 ac
916 788 963 818 per

221 831 305 853 totum
319 823 411 853 orbem
427 822 529 852 bonum
551 819 680 861 unguenti
694 818 803 849 odorem
824 816 962 848 emittens!

221 876 237 893 o
254 875 302 892 vas
316 862 447 893 sexcentis
462 861 610 902 lapidibus,
624 866 649 888 et
662 858 749 899 plagis
762 865 788 887 et
803 858 862 887 telis
874 868 890 886 a
903 857 965 886 dia—

223 903 285 932 bolo
311 903 475 942 impetitum,
488 911 542 931 non
552 900 637 929 effuso
659 897 810 937 unguento!
830 897 966 927 Plurimus

222 943 274 972 fuit
291 942 404 972 diabolo
422 942 512 976 labor,
532 947 564 969 ut
584 950 631 969 vas
646 937 719 968 illud
736 944 891 973 contereret,
913 946 967 966 un-

224 989 406 1022 guentumque
432 981 537 1021 pietatis
563 979 686 1019 perderet
712 989 718 1006 :
743 977 850 1007 curavit
873 985 968 1016 nempe

226 1033 274 1061 per
285 1028 384 1051 tetrum
395 1022 517 1050 ulcerum
530 1019 641 1049 odorem
654 1016 784 1058 unguenti
796 1016 968 1056 fragrantiam

226 1062 379 1091 obscurare.
389 1061 459 1090 Nam
469 1067 495 1089 et
505 1058 579 1088 illius
591 1068 688 1098 corpus
697 1067 731 1086 ex
741 1055 814 1086 sanie
825 1056 969 1087 vulnerum

194 1104 197 1106 “
226 1108 324 1130 tetrum
336 1100 474 1130 emittebat
486 1099 613 1133 odorem;
628 1097 676 1127 sed
696 1095 794 1126 mansit
810 1106 858 1126 vas
871 1095 968 1125 vulne·

77 1187 142 1208 ίίιΙιΙ,
161 1192 178 1206 Ι.
195 1191 217 1207 2.

86 1857 137 1879 va.
156 1863 174 1877 1.
190 1862 209 1876 1.

99 2489 147 2510 ⁶:11
167 2485 238 2507 3.12.

227 1147 326 1177 ratum,
336 1150 383 1169 nec
397 1139 487 1168 amisit
499 1145 677 1177 unguentum,
686 1143 716 1165 ut
726 1142 752 1165 et
761 1145 809 1165 nos
819 1141 969 1176 opportune

229 1180 269 1208 illi
279 1179 400 1208 dicamus
411 1192 417 1207 ε
430 1180 614 1218 Unguentum
621 1176 756 1244 [ciffus-um
765 1185 871 1204 nomen
879 1181 968 1204 tuum.

228 1220 324 1259 Operae
335 1218 450 1258 pretium
462 1228 525 1256 ergo
536 1224 575 1245 est
583 1227 619 1245 nu
642 1226 687 1244 um
698 1214 835 1250 athletam,
848 1221 879 1243 ut
890 1221 971 1243 certa·

230 1261 279 1293 vit,
294 1257 443 1291 ostendere,
455 1257 523 1286 utin
537 1255 723 1285 admirabilem
737 1254 813 1282 illam
826 1254 971 1293 imaginem

228 1297 407 1337 respicientes,
427 1307 461 1325 ex
479 1296 536 1335 ipsa
555 1305 644 1324 rerum
664 1300 758 1323 natura
778 1293 969 1333 intelligamus,

229 1338 328 1373 Deum,
339 1343 368 1365 ut
378 1334 527 1366 ostenderet
538 1345 565 1364 se
576 1334 604 1363 iu
615 1341 685 1363 terra
698 1333 820 1362 homines
826 1333 913 1373 justos
925 1333 972 1361 lia-

229 1377 304 1413 bere,
326 1375 374 1414 qui
397 1385 450 1404 non
469 1375 526 1414 jam
539 1385 587 1414 per
607 1373 788 1403 adulationem
800 1372 870 1402 sicut
884 1372 970 1402 Adam

230 1415 433 1452 seducerentur,
455 1414 501 1443 sed
516 1425 564 1454 per
577 1413 652 1443 mille
669 1412 803 1442 cruciatus
820 1419 846 1441 et
859 1412 971 1442 verbera

231 1461 433 1490 coronarentur,
447 1454 499 1483 hoc
519 1453 699 1494 spectaculum
737 1451 881 1483 ermisisse.
897 1453 971 1491 Apo·

232 1502 308 1530 stata,
318 1494 417 1532 inquit=
425 1493 509 1522 altum
519 1493 601 1538 sapis,
608 1492 672 1531 quia
682 1493 701 1521 Α
723 1502 813 1520 amum
822 1491 972 1531 deceptum,

232 1541 258 1563 ct
278 1533 418 1563 mulierem
432 1532 570 1561 blanditiis
583 1532 718 1561 seductam
731 1541 765 1559 ex
778 1530 901 1570 paradiso
916 1532 970 1571 eje-

233 1573 293 1602 cisti
304 1586 310 1602 :
323 1583 382 1602 ecce
392 1572 540 1609 hominem,
555 1571 604 1610 qui
615 1571 671 1600 sine
681 1571 826 1610 Scripturae
840 1569 972 1599 mandatis

233 1613 315 1649 vixit,
331 1619 357 1641 et
369 1622 422 1641 non
436 1612 562 1651 scriptam
580 1617 680 1639 naturae
700 1610 785 1649 legem
799 1619 832 1638 ex
846 1609 929 1639 animi
943 1610 973 1639 vi

234 1652 359 1682 servavit.
376 1651 482 1680 Adhibe
503 1650 578 1679 mille
594 1650 788 1686 blandimenta,
808 1648 974 1678 adulationes

233 1692 319 1728 mille,
331 1698 460 1722 tormenta
471 1689 648 1725 totidem‚non
659 1689 759 1730 poteris
768 1689 897 1729 optimam
906 1689 976 1719 hane

234 1731 351 1760 animam
364 1730 513 1760 dimovere.
528 1730 598 1759 Ecce
612 1729 731 1769 primum
745 1729 883 1758 hominem
895 1728 975 1768 ejeci-

235 1772 269 1800 sti
282 1781 315 1800 ex
334 1769 467 1810 paradiso.
492 1769 565 1799 Vide
578 1779 659 1806 nunc,
680 1775 751 1798 tenta
765 1769 787 1798 si
802 1775 887 1808 potes,
903 1768 948 1798 vel
961 1778 977 1796 a

235 1810 404 1849 sterquilinio
411 1810 537 1839 athletam
546 1809 727 1849 supplantare.
736 1807 790 1838 Sed
798 1808 881 1848 paulo
887 1807 977 1843 altius,

237 1850 259 1879 si
274 1850 370 1890 placet,
385 1857 536 1890 repetamus
548 1848 700 1878 historiam.
716 1848 769 1877 V1'r
782 1848 904 1887 quidam
914 1854 978 1876 erat

238 1893 269 1918 in
283 1891 398 1928 regione
408 1888 559 1924 Αιιςίῑίιῑε,
575 1890 692 1917 nomine
710 1889 779 1917 Job.
793 1889 835 1917 Et
856 1893 918 1916 erat
930 1889 980 1916 vir

238 1930 290 1958 ille
302 1928 572 1968 irreprehensibilis,
581 1929 688 1967 justus,
701 1929 777 1967 pius,
793 1937 898 1963 verax,
914 1929 979 1956 abs-

240 1971 335 1998 tinens
355 1970 392 1998 ab
408 1970 485 1997 omni
502 1978 533 1997 re
545 1968 637 1996 mala.
653 1967 728 1996 Talis
741 1974 796 1996 erat
810 1966 898 1996 Adam
907 1974 979 1996 ante-

239 2019 320 2046 quam
332 2008 441 2037 mulieri
453 2008 657 2047 obtemperaret.
678 2007 744 2036 ldeo
763 2007 808 2036 hic
829 2006 908 2036 uxori
926 2017 980 2036 non

240 2058 342 2077 morem
355 2048 434 2086 gerit,
449 2058 481 2076 ne
495 2047 522 2075 in
535 2057 626 2091 parem
639 2047 739 2076 incidat
752 2057 856 2076 casum.
873 2046 925 2076 [lle
939 2046 980 2076 in·

240 2087 323 2116 dutus
333 2094 389 2116 erat
400 2088 612 2126 incorruptione,
624 2093 653 2115 ut
663 2094 773 2116 noverat
786 2086 809 2115 is
819 2086 867 2125 qui
879 2086 980 2115 forma-

233 2126 282 2156 'vit
293 2126 384 2163 illum,
403 2133 429 2156 et
444 2126 507 2165 quia
522 2126 600 2155 uxori
614 2136 714 2155 morem
728 2126 819 2166 gessit,
835 2125 937 2162 nudus,
956 2132 982 2155 et

241 2166 383 2195 damnatus
400 2166 462 2195 fuit.
481 2166 533 2195 Hic
549 2165 639 2195 nudus
657 2173 723 2202 erat,
739 2173 765 2195 et
788 2176 842 2195 non
868 2165 983 2195 credidit

244 2206 335 2241 uxori,
350 2213 375 2235 et
388 2205 452 2244 quia
472 2205 551 2235 uxori
573 2215 624 2234 non
638 2205 764 2242 credidit,
781 2205 910 2245 angelicis
933 2215 981 2234 eo-

243 2245 316 2274 runis
325 2245 498 2282 vestibusque
507 2244 617 2274 indutus
624 2253 672 2274 est.
679 2246 729 2274 llle
737 2246 784 2284 qui
793 2245 871 2274 uxori
882 2255 984 2274 morem

244 2285 335 2324 gessit,
351 2295 384 2314 ex
398 2284 517 2324 paradisi
530 2284 635 2314 deliciis
650 2285 762 2320 excidit,
782 2292 880 2314 terram
894 2284 984 2324 spinas

243 2324 391 2364 parientem
411 2324 512 2362 effecit,
539 2331 703 2363 mortemque
715 2324 744 2354 in
757 2323 932 2354 hereditatem
945 2335 986 2353 ac-

244 2363 328 2403 eepit;
344 2364 388 2393 hic
401 2364 464 2403 quia
478 2364 556 2394 uxori
574 2374 626 2393 non
636 2364 841 2404 obtemperavit,
852 2371 878 2393 et
889 2375 903 2393 a
917 2371 986 2393 ster-

245 2403 359 2441 quilinio
374 2411 399 2433 et
412 2414 428 2432 a
441 2404 527 2443 plagis
541 2403 669 2433 liberatus
688 2411 738 2440 est,
754 2413 918 2443 regnumque
936 2414 987 2433 eae-

245 2442 335 2472 lorum
356 2443 383 2472 in
408 2443 583 2481 hereditatem
596 2450 775 2481 consequutus
789 2450 838 2472 est.
854 2444 904 2473 Ille
914 2443 988 2484 apud

247 2483 335 2511 Deum
346 2493 402 2512 sese
411 2493 528 2522 purgans
536 2482 653 2520 dicebat,
665 2482 773 2512 Mulier
784 2493 872 2522 quam
882 2484 988 2513 dedisti

249 2523 330 2558 mihi,
341 2523 402 2551 haec
414 2523 486 2551 mihi
498 2523 589 2558 dedit,
604 2529 633 2551 et
643 2523 764 2551 comedi.
776 2523 800 2552 Ο
809 2521 987 2553 defensionem

248 2561 352 2590 veniam
382 2572 435 2591 non
460 2562 601 2591 habentem
612 2561 620 2590 l
646 2561 696 2590 llla
721 2561 792 2591 dixit
819 2573 826 2590 :
849 2563 965 2593 Comede
978 2575 985 2600 ;

247 2610 296 2638 ego
319 2600 377 2629 dixi
390 2623 396 2634 ,
419 2602 460 2630 Ne
481 2601 614 2630 comedas.
636 2603 692 2631 Cur
715 2601 855 2631 mulierem
876 2602 985 2639 audisti,

247 2644 388 2685 Deumque
408 2644 571 2684 despexisti?
594 2645 647 2675 Sed
668 2655 720 2675 nou
740 2646 801 2675 talis
823 2646 874 2676 suit
894 2647 987 2676 beatus

925 237 1055 262 spuma.

1008 300 1069 341 φίαν
1081 299 1115 328 τὰ
1128 301 1220 330 τούτου
1230 301 1424 341 κατορθώματα
1434 313 1440 320 ·
1455 305 1543 331 πᾶσαν
1556 301 1605 330 ὓπε
1611 299 1718 341 ρόοίλλει
1728 312 1775 330 στε

1009 339 1172 380 φανηφορίαν
1188 340 1222 370 τὰ
1242 340 1336 370 τούτου
1353 341 1539 380 παλαίσματα.
1556 341 1660 371 Οὐκοῦν
1675 341 1782 380 ἀγγελι-

1009 382 1058 415 κῆς
1073 380 1229 419 ἐπιδεόμεθα
1242 381 1381 420 γλώσσης,
1394 379 1439 410 ἵνα
1450 381 1554 422 ἄκροις,
1568 381 1605 414 ὣς
1616 382 1708 416 εἰπεῖν,
1729 385 1784 414 τοῖς

1011 419 1148 453 δακτύλοις
1161 419 1325 460 ἐφαψάμενοι
1337 423 1384 456 τῆς
1399 420 1551 461 μυροθήκης
1564 419 1682 456 ἐκείνης,
1695 425 1784 450 πᾶσαν

1011 462 1076 499 ὁμοῦ
1099 459 1148 495 τὴν
1171 460 1314 495 ἐκκλησίαν
1336 459 1531 499 πληρώσωμεν,
1557 459 1645 489 Μόνον
1667 459 1719 500 γὰρ
1738 459 1784 489 ἐὰν

1013 499 1225 548 ἐπιχειρήσωμεν
1241 499 1357 540 ἅψασθαι
1374 502 1420 529 τοῦ
1445 499 1551 538 ἀγγείου
1571 501 1618 528 τοῦ
1640 498 1718 536 Ἷὼὸ,
1739 499 1786 528 καὶ

1015 539 1107 579 μικρὸν
1129 541 1193 569 αὐτο
1215 538 1441 579 διασαλεύσωμεν,
1455 538 1530 573 εὐθὺς
1549 540 1597 575 τῆς
1610 538 1719 573 εὐωδίας
1739 541 1785 568 τοῦ

1015 578 1097 619 μύρου
1113 582 1130 615 ἡ
1151 579 1280 616 ἐκκλησία
1293 579 1450 619 πληροῦται.
1461 578 1627 618 Ἀκούσωμεν
1639 577 1725 608 τοίνυν
1738 580 1786 614 τῆς

1014 618 1130 658 ἱστορίας
1143 619 1205 658 περὶ
1219 620 1298 648 αὐτοῦ
1311 618 1439 658 λεγούσης
1451 630 1458 637 ·
1471 619 1518 649 Ἐν
1533 624 1601 648 πᾶσι
1618 617 1719 652 τούτοις
1731 622 1787 652 τοῖς

1015 658 1211 698 συμὸεδηκόσιν
1226 660 1298 699 αὐτῷ
1311 658 1384 688 οὐδὲν
1395 658 1514 699 ἥμαρτεν
1527 657 1591 688 Ἰὼὸ
1604 661 1658 692 τοῖς
1691 658 1787 688 είλεσιν

1015 698 1131 728 ἐναντίον
1143 698 1251 739 Κυρίου.
1269 694 1346 732 Εἶδες
1365 698 1511 739 μαρτυρίαν
1528 698 1578 734 τὴν
1589 669 1721 738 εὗφημᾰαν
1732 698 1786 726 τῶν

1016 737 1135 778 ἀγγέλων
1157 738 1350 778 διεγείρουσανξ
1373 733 1438 771 εἶδες
1464 737 1610 778 μαρτυρίαν
1629 737 1675 767 τὸν
1698 736 1787 767 &deo-

1015 779 1061 807 λον
1085 778 1152 816 μετὰ
1178 780 1230 807 τῶν
1255 778 1469 819 ἐπιχειρημάτων
1494 779 1574 807 αὐτοῦ
1595 776 1789 818 καταισχύνου-

1017 829 1066 846 σαν
1079 829 1085 852 ;
1103 817 1149 847 Ἐν
1164 822 1230 847 πᾶσι
1240 818 1341 850 τούτοις
1355 821 1408 851 τοῖς
1423 817 1620 857 συμὸεὸηκόσιν
1632 818 1703 857 αὐτῷ
1713 816 1788 846 οὐδὲν

1018 857 1145 897 ἥμαρτεν.
1161 858 1234 893 Αὕτη
1256 860 1273 893 ἡ
1293 860 1338 886 τοῦ
1362 859 1432 887 Θεοῦ
1456 858 1587 910 μαρτυρία
1609 856 1678 886 κατὰ
1700 861 1789 886 πᾶσαν

1019 897 1171 934 ἐκκλησίαν,
1183 899 1218 930 ὡς
1229 897 1309 937 μύρον
1319 896 1414 927 πολυτί
1436 908 1508 933 ητον,
1518 909 1578 930 τους
1587 896 1730 930 ἀκούοντας
1743 897 1789 925 εὖ·

1019 937 1132 988 φραίνει.
1146 936 1184 966 Ὦ
1203 937 1308 976 ἀγγείου
1325 937 1409 967 πολυτ
1421 948 1471 976 μου
1491 938 1529 970 εἷς
1550 936 1596 966 ἕνα
1619 936 1699 965 τόπον
1721 935 1790 965 κατὰ

1020 988 1069 1012 την
1083 976 1205 1017 Ἀραὸἱαν
1230 976 1414 1015 ἀποκειμένου,
1432 976 1477 1005 καὶ
1491 975 1561 1006 κατὰ
1576 980 1665 1006 πᾶσαν
1680 975 1728 1011 τὴν
1749 977 1790 1004 οἷ-

1021 1017 1151 1055 κουμένην
1166 1016 1214 1052 τὴν
1228 1016 1338 1046 εὐωδίαν
1351 1019 1397 1045 τοῦ
1418 1015 1499 1056 μύρου
1515 1014 1748 1055 διαπεμπομένου’
1768 1014 1791 1043 ὦ

1023 1056 1128 1096 ἀγγείου
1143 1056 1244 1098 μυρίοις
1257 1055 1338 1089 λίθοις
1357 1055 1403 1085 καὶ
1415 1056 1529 1095 πληγαῖς
1547 1055 1592 1084 καὶ
1616 1055 1704 1094 βέλεσι
1717 1054 1791 1094 παρὰ

1021 1099 1067 1125 τοῦ
1082 1096 1204 1126 διαὸόλου
1218 1095 1356 1135 τυφθέντος
1366 1117 1373 1130 ,
1388 1095 1433 1124 καὶ
1446 1095 1476 1125 τὸ
1490 1095 1572 1135 μύρον
1606 1094 1623 1131 ὴ
1638 1094 1788 1135 ἐκχέαντος.

1022 1135 1110 1168 Πολὺς
1124 1135 1225 1175 ἐγένετο
1239 1137 1276 1175 τῷ
1298 1135 1411 1174 διαὸόλῳ
1433 1134 1562 1174 κάματος,
1586 1146 1618 1163 να
1637 1133 1667 1163 τὸ
1687 1136 1791 1173 ἀγγεῖον

1023 1175 1161 1215 συντρίψῃ,
1177 1175 1221 1204 καὶ
1235 1175 1266 1204 τὸ
1284 1175 1366 1213 μύρον
1382 1177 1429 1210 τῆς
1443 1174 1576 1207 εὖσεὸείας
1598 1173 1711 1214 ἀφανίσῃ
1725 1185 1732 1192 ·
1746 1173 1792 1203 καὶ

1023 1214 1166 1248 ἐσπούδαζε
1180 1214 1222 1243 διὰ
1233 1215 1281 1249 τῆς
1294 1214 1421 1247 δυσωδίας
1432 1215 1484 1243 τῶν
1497 1225 1513 1242 τ
1530 1213 1655 1252 αυμάτων
1667 1213 1793 1262 ἀμαυρῶ-

1023 1266 1067 1283 σαι
1090 1258 1136 1283 τοῦ
1161 1254 1243 1294 μύρου
1265 1253 1314 1289 τὴν
1329 1253 1447 1283 εὐωδίαν.
1468 1225 1528 1283 Καξ
1539 1253 1591 1293 γὰρ
1611 1253 1656 1283 καὶ
1671 1263 1701 1281 το
1714 1254 1793 1291 σῶμα

1024 1295 1102 1323 αὐτοῦ
1118 1293 1252 1328 ἀπώζεσεν
1267 1293 1319 1323 ἀπὸ
1338 1295 1386 1329 τῆς
1399 1293 1536 1326 ἑλκώσεως
1551 1295 1604 1322 τῶν
1615 1291 1772 1333 τραυμάτων
1786 1304 1792 1310 ·
1801 1316 1807 1322 ,

989 1342 1007 1365 C
1024 1334 1082 1362 ἀλλ’
1104 1333 1190 1372 ἔμεινε
1207 1333 1253 1363 καὶ
1273 1333 1303 1363 τὸ
1323 1335 1428 1373 ἀγγεῖον
1441 1333 1691 1374 τραυματιζόμενον,
1705 1331 1794 1362 καὶτὸ

1024 1373 1105 1413 μύρον
1120 1373 1157 1411 μὴ
1177 1373 1367 1412 ἀπολλύμενον,
1381 1373 1424 1402 ἵνα
1437 1373 1482 1403 καὶ

1023 1424 1116 1451 πωμεν
1135 1413 1207 1453 αὐτῷ
1221 1425 1227 1432 ·
1242 1413 1332 1452 Μύρον
1347 1413 1488 1443 ἐκκενωθὲν

1496 1375 1513 1408 ἡ
1550 1377 1574 1406 ῖς
1586 1371 1742 1413 προσφόρως
1754 1371 1795 1400 εἴ-

1503 1384 1587 1452 ὀξξμά
1600 1423 1652 1441 σοι.
1669 1411 1735 1441 Δέον
1749 1406 1794 1440 οἶν

1024 1453 1102 1482 αὐτὸν
1115 1453 1226 1493 γυμνὸν,
1240 1455 1276 1487 ὡς
1290 1453 1425 1489 ε’πᾶλαιεν,
1444 1454 1592 1489 ἀναστῆσαι
1608 1451 1653 1482 τὸν
1667 1450 1794 1487 ἀθλητὴν,

1023 1492 1066 1522 ἴνα
1079 1495 1116 1527 εἷς
1134 1493 1237 1529 ἐκείνην
1251 1493 1299 1530 τὴν
1320 1493 1407 1522 εἰκόνα
1428 1491 1476 1528 τὴν
1497 1491 1645 1531 θαυμασίαν
1663 1492 1774 1532 ὁρῶντες
1785 1513 1793 1526 ,

1023 1533 1266 1573 πληροφορηθῶμεν
1279 1532 1321 1562 διὰ
1332 1534 1380 1568 τῆς
1392 1532 1493 1572 φύσεως
1503 1533 1556 1561 τῶν
1567 1531 1743 1571 πραγμάτων,
1754 1531 1796 1560 ὅτι

1024 1574 1038 1601 ὁ
1052 1572 1121 1606 Θεὸς
1133 1573 1213 1607 δεῖξαι
1228 1572 1383 1613 βουλόμενος
1395 1574 1434 1612 τῷ
1447 1571 1573 1612 διαὸόλῳ,
1585 1571 1626 1601 ὅτι
1637 1570 1682 1600 ἐπὶ
1692 1572 1740 1606 τῆς
1747 1572 1796 1609 γῆς

1026 1611 1178 1652 ἀνθρώπους
1190 1613 1303 1646 δικαίους
1320 1612 1377 1652 ἔχει
1388 1635 1396 1650 ,
1410 1612 1497 1642 οὐκέτι
1511 1612 1554 1641 διὰ
1570 1610 1709 1644 κολακείας
1727 1610 1797 1640 κατὰ

1027 1651 1071 1700 τὸγ
1086 1651 1170 1691 Ἀδὰμ
1190 1652 1393 1692 ἀπατωμένους,
1414 1651 1483 1681 ἀλλὰ
1497 1651 1540 1680 διὰ
1563 1651 1662 1691 μυρίων
1675 1649 1796 1690 βασάνων

1027 1704 1073 1721 και
1094 1692 1230 1732 μαστίγων
1244 1691 1484 1733 στεφανουμένους,
1508 1690 1607 1728 ταύτην
1629 1701 1690 1719 συνε
1710 1689 1798 1730 ὠρησε

1028 1731 1146 1770 γενέσθαι
1167 1732 1216 1768 τὴν
1231 1733 1245 1762 δ
1263 1731 1451 1772 αματουργίαν.
1467 1730 1631 1768 ’Ammoi-ta,
1649 1741 1703 1771 φησ
1725 1751 1733 1765 ,
1749 1741 1799 1768 με-

1028 1772 1196 1811 γαλοφρονεῖς
1207 1793 1216 1806 ,
1238 1744 1278 1802 ἔτι
1300 1771 1345 1801 τὸν
1359 1771 1442 1810 Ἀδὰμ
1456 1771 1595 1807 ἀπατήσας
1605 1791 1613 1806 ,
1629 1770 1674 1800 καὶ
1687 1769 1736 1806 τὴν
1748 1781 1799 1808 γυ-

1030 1815 1108 1840 ναῖκα
1127 1811 1289 1846 κολακεύσας
1297 1835 1305 1848 ,
1326 1811 1447 1846 ἐξέὸαλες
1472 1813 1518 1840 τοῦ
1540 1809 1701 1850 παραδείσοῦ
1711 1821 1718 1828 ·
1744 1808 1800 1838 ἰδοὺ

1031 1850 1165 1891 ἄνθρωπος
1184 1851 1246 1892 δίχα
1264 1851 1476 1892 προσταγμάτων
1496 1852 1606 1891 Γραφῆς
1623 1849 1738 1890 βιώσας,
1755 1848 1801 1878 καὶ

1031 1890 1075 1920 τὸν
1090 1891 1206 1931 ἄγραφον
1219 1893 1267 1926 τῆς
1287 1891 1388 1931 φύσεως
1408 1890 1487 1929 νόμον
1503 1889 1604 1929 διανοίᾳ
1623 1887 1801 1928 κατορθώσας.

1032 1931 1191 1982 Προσάγαγε
1213 1930 1307 1972 μυρίας
1322 1930 1449 1967 θωπείας,
1468 1929 1563 1970 μυρίας
1574 1927 1713 1961 κολακείας
1724 1949 1732 1963 ,
1749 1939 1802 1966 μυ-

1034 1970 1092 2010 ρίας
1102 1972 1243 2010 βασανους,
1255 1972 1278 2000 εἰ
1293 1970 1402 2000 δύνασαι
1412 1970 1462 2006 τὴν
1475 1969 1587 2010 ἀρίστην
1600 1968 1700 2003 ταύτην
1712 1978 1800 2006 παρα-

1034 2010 1160 2040 σαλεῧσαι
1169 2011 1210 2051 ψυ·
1217 2010 1265 2050 y'lv-
1279 2010 1357 2046 Ἰδοὺ,
1367 2010 1412 2039 τὸν
1421 2011 1526 2050 πρῶτον
1537 2009 1672 2048 ἄνθρωπον
1683 2006 1803 2041 ἓξέὸαλες

1000 2058 1018 2081 D
1034 2053 1079 2079 τοῦ
1094 2062 1133 2079 πα
1150 2051 1196 2080 αδε
1208 2061 1263 2080 σου.
1279 2049 1366 2080 Βλέπε
1378 2052 1434 2085 νῦν,
1447 2048 1626 2089 ἐπιχείρησον,
1640 2049 1664 2076 εἰ
1677 2046 1803 2081 δύνασαι,

1034 2089 1084 2119 κᾶν
1098 2090 1150 2119 ἀπο
1169 2090 1280 2130 κοπρίας
1294 2090 1339 2119 τὸν
1357 2088 1473 2124 ἀθλητὴν
1488 2087 1670 2118 ὑποσκελίσαι.
1686 2087 1766 2122 Ἀλλ’,
1781 2087 1804 2114 εἰ

1036 2130 1114 2165 δοκεῖ,
1128 2129 1226 2159 ἄνωθεν
1240 2129 1327 2180 ὀλίγον
1341 2130 1377 2162 εἷς
1395 2127 1477 2164 αὐτὴν
1490 2127 1539 2164 τὴν
1558 2127 1676 2167 ἱστορίαν
1689 2125 1804 2166 ἀναδρά;

1037 2180 1140 2209 μωμεν.
1154 2169 1302 2210 Ἄνθρωπος
1321 2181 1362 2202 τις
1383 2164 1416 2204 ἦν
1437 2170 1464 2198 ἐν
1482 2167 1560 2208 χώρα
1575 2169 1609 2207 τῇ
1631 2166 1769 2202 Αὗσίτιδι,
1782 2167 1805 2205 ᾧ

1036 2209 1119 2247 ὄνομα
1136 2209 1210 2239 Ἰώὸ.
1228 2209 1281 2239 Καὶ
1303 2204 1336 2244 ἦν
1352 2211 1366 2238 ὃ
1380 2208 1515 2248 ἄνθρωπος
1533 2209 1629 2240 ἐκεῖνος
1650 2206 1806 2246 ἄμεμπτος,

1038 2248 1150 2285 δίκαιος,
1163 2248 1288 2284 θεοσεῧὴς
1297 2271 1305 2284 ,
1322 2248 1455 2284 ἀληθινὸς,
1471 2247 1634 2288 ἀπεχόμενος
1648 2246 1700 2275 ἀπὸ
1709 2244 1807 2277 παντὸς

1037 2291 1153 2328 πονηροῦ
1175 2288 1340 2328 πράγματος.
1355 2289 1480 2321 Τοιοῦτος
1501 2283 1534 2324 ἦν
1553 2287 1599 2317 καὶ
1621 2288 1636 2316 ὁ
1650 2285 1733 2324 Ἀδὰμ
1755 2284 1807 2323 πρὸ

1038 2331 1084 2358 τοῦ
1095 2330 1235 2364 πεισθῆναι
1252 2330 1286 2367 τῇ
1300 2327 1412 2368 γυναικί.
1428 2327 1480 2357 Διὰ
1491 2329 1569 2356 τοῦτο
1585 2321 1659 2359 οὗτος
1671 2325 1701 2354 οὒ
1716 2323 1808 2353 πείθε-

1038 2380 1082 2398 ται
1095 2368 1255 2408 τῇγυναικὶ,
1270 2368 1314 2398 ἵνα
1328 2368 1365 2407 μὴ
1377 2367 1485 2407 γένηται
1498 2369 1557 2396 κατ’
1572 2367 1678 2395 ἐκεῖνον.
1692 2364 1810 2396 Ἐκεῖνος

1038 2408 1204 2447 ἐνδεδυμένος
1226 2404 1258 2444 ἦν
1279 2407 1435 2448 ἀφθαρσίαν,
1448 2409 1483 2440 ὡς
1497 2402 1564 2436 οἶδεν
1578 2407 1592 2435 ὁ
1603 2404 1707 2437 πλάσας
1721 2403 1809 2437 αὐτὸν,

1038 2448 1084 2477 καὶ
1097 2447 1141 2478 ἵνα
1153 2451 1247 2488 πεισθῇ
1261 2451 1294 2489 τῇ
1307 2447 1429 2487 γυναικὶ,
1440 2445 1538 2486 γυμνὸς
1550 2444 1662 2496 ἐγένετο,
1676 2443 1720 2473 καὶ
1731 2455 1810 2472 κατε-

1039 2487 1126 2527 κρίθη.
1141 2483 1226 2521 Οῧτος
1235 2487 1332 2527 γυμνὸς
1343 2483 1385 2524 ἧν,
1399 2486 1444 2516 καὶ
1458 2487 1506 2515 οὔκ
1519 2487 1627 2520 ἐπεισθη
1642 2486 1675 2523 τῇ
1689 2482 1810 2523 γυναικὶ,

1039 2527 1084 2557 καὶ
1097 2527 1140 2556 ἵνα
1154 2527 1191 2566 μὴ
1207 2530 1301 2567 πεισθῇ
1312 2529 1346 2566 τῇ
1361 2525 1477 2577 γυναικὶ,
1490 2525 1538 2561 τὴν
1549 2526 1603 2554 τῶν
1616 2523 1734 2563 ἀγγέλων
1748 2534 1810 2552 στε-

1040 2567 1202 2607 φανηφορίαν
1213 2567 1359 2596 ἐνεδύσατο.
1378 2567 1484 2599 Εκεῖνος
1494 2565 1537 2594 ἵνα
1549 2566 1644 2604 πεισθῇ
1653 2565 1686 2602 τῇ
1695 2563 1810 2602 γυναικὶ,

1041 2607 1084 2636 καὶ
1096 2609 1142 2642 τ’ῆς
1157 2610 1202 2636 τοῦ
1216 2606 1376 2647 παραδείσου
1390 2607 1488 2646 τρυφῆς
1502 2604 1606 2638 ἐξέπεσε
1615 2628 1623 2642 ,
1638 2603 1683 2633 καὶ
1697 2603 1745 2639 τὴν
1759 2604 1809 2639 γῆν

1041 2647 1142 2687 μητέρα
1157 2648 1276 2676 ἀκανθῶν
1291 2646 1412 2683 ἐποίησε,
1429 2644 1473 2674 καὶ
1494 2644 1602 2675 θάνατον
1626 2641 1806 2682 ἐκληρονόμη·
