1904 2840
248 194 317 244 756
555 184 557 186 ’
845 206 933 233 ,orus
960 205 1204 246 impnnrecrum

247 270 276 298 in
298 280 328 299 ea
339 279 347 296 z
358 267 406 298 sed
428 278 464 298 ex
486 267 594 298 diverso
614 267 704 298 omnia
726 267 888 306 laudabilia,
907 269 997 299 omnia

248 308 406 338 admiranda
415 330 422 344 ‚
447 318 507 347 quae
535 308 593 338 sine
620 307 724 348 Spiritu
745 315 836 338 sancto
868 308 996 348 possibile

248 359 302 377 non
314 355 370 377 erat
389 358 447 376 esse
466 347 494 376 in
514 354 610 377 natura
622 347 750 377 humana.
764 347 898 378 Omnibus
912 347 996 386 igitur

248 387 426 423 documentis,
448 387 547 426 quibus
568 387 708 417 fornicatio
733 387 854 417 mulieris
879 387 996 427 intelligi

250 434 277 457 et
287 427 366 467 argui
382 427 459 463 solet,
474 426 671 463 deficientibus,
682 427 738 456 sola
749 426 823 467 apud
834 437 894 457 eam
908 437 995 457 rema-

249 467 329 496 nebat
347 466 466 506 suspicio
488 466 578 505 gratiae
602 466 664 496 Dei.
682 467 734 500 Pro
755 473 795 496 ter
820 466 877 496 baec
905 467 996 496 omnia

248 506 391 536 aestimavit
410 516 469 535 eam
484 505 583 535 hahere
598 506 626 535 in
643 513 719 535 utero
752 517 767 535 e
777 505 882 546 Spiritu
895 513 994 536 sancto.

247 547 318 576 Nam
340 546 416 575 nulla
436 556 478 575 res
495 546 534 575 sic
552 545 698 576 castitatem
717 545 839 575 mulieris
848 546 909 576 viro
924 556 997 575 com-

248 585 367 621 mendat,
382 585 450 615 sicut
462 585 516 615 vita
530 585 587 625 ejus
597 585 779 625 disciplinata.
794 584 853 615 Ubi
870 587 943 615 enim
956 585 997 614 ti-

248 636 309 654 mor
320 625 371 655 Dei
381 632 431 661 est,
445 625 483 654 ibi
497 631 524 654 et
534 625 641 655 castitas
654 632 694 654 est
706 636 713 653 :
726 625 774 654 ubi
783 631 873 654 autem
890 636 943 655 non
958 632 998 654 est

247 665 329 694 timor
339 664 402 701 Dei,
412 665 451 694 ibi
466 675 552 703 neque
563 665 668 694 castitas
681 671 729 694 est.
742 665 811 695 Caro
826 664 896 694 enim
909 671 996 704 urget,

247 705 377 734 securitas
391 704 513 734 mulieris
535 704 646 744 adjuvat
667 714 773 734 carnem
786 703 828 733 :si
846 704 927 734 timor
946 704 996 733 Dei

247 754 301 774 non
312 744 392 774 fuerit
402 744 450 783 qui
461 746 575 780 resistat,
583 744 644 783 quis
654 754 713 774 eam
726 750 812 773 teneat
823 743 975 784 indagatam
982 744 996 773 Ξ)

247 785 273 814 0
282 783 476 813 iuaestimahilis
487 783 547 813 laus
560 782 667 814 Mariae!
681 783 770 823 Magis
780 783 904 813 credebat
916 784 997 813 casti-

248 824 296 853 tati
317 824 386 864 ejus,
397 834 478 862 quam
500 830 575 853 utero
594 824 653 863 ejus
667 836 674 852 z
688 830 714 852 et
725 823 786 863 plus
797 823 899 860 gratiae,
913 834 996 862 quam

247 870 360 893 naturae.
374 863 586 903 Conceptionem
593 863 731 892 manifeste
741 862 859 898 videbat,
873 869 899 892 et
911 862 996 892 forni-

248 903 380 932 cationem
404 903 536 943 suspicari
557 912 610 932 non
629 909 742 943 poterat.
762 902 920 932 Possibilius
938 913 995 932 esse

248 942 374 972 credebat
382 943 521 972 niulierem
529 942 587 972 sine
595 941 655 971 viro
664 952 742 982 posse
755 941 905 982 concipere,
913 952 995 980 quam

248 982 365 1012 Mariam
375 993 453 1022 posse
464 992 583 1022 peccare.
595 982 631 1011 Et
645 981 719 1020 quod
734 982 822 1021 majus
838 988 877 1010 est
890 981 992 1018 videre,

250 1029 279 1051 ut
286 1033 399 1062 sponsus
410 1021 444 1051 de
453 1032 549 1062 sponsa
559 1032 608 1051 sua
616 1021 738 1056 baberet,
745 1021 783 1050 sic
791 1021 886 1050 habuit
893 1021 995 1061 Joseph

248 1061 321 1101 apud
333 1072 371 1091 se.
388 1063 551 1100 Frequenter
562 1061 634 1090 enim
640 1060 706 1097 viri,
715 1060 795 1090 etiam
806 1060 829 1089 si
843 1060 938 1090 leviter
950 1061 994 1090 vi-

247 1100 335 1130 derint
352 1101 478 1130 mulieres
494 1111 555 1130 suas
571 1100 728 1140 aspicientes
747 1100 775 1129 in
789 1100 915 1138 alterum,
931 1111 995 1130 mox

248 1140 398 1170 excitantur
410 1141 437 1169 in
448 1140 535 1170 zelum
551 1153 557 1169 x
572 1147 598 1171 et
609 1139 683 1179 quod
706 1150 758 1169 non
772 1147 811 1169 est
822 1139 894 1169 illud
907 1140 994 1179 suspi-

249 1187 354 1216 cantur,
367 1180 430 1218 quia
442 1191 476 1209 ex
491 1190 586 1219 magno
605 1190 696 1208 amore
709 1179 827 1209 nascitur
847 1179 930 1209 zelus.
944 1180 996 1209 Hic

249 1226 339 1248 autem
350 1226 375 1248 et
385 1220 533 1248 maritalem
545 1219 632 1248 zelum
645 1226 672 1248 et
684 1219 753 1248 uteri
764 1219 905 1248 clamantis
919 1230 996 1248 accu-

250 1258 389 1295 sationem,
404 1259 460 1288 sola
473 1259 610 1298 praeteritae
617 1258 826 1287 conversationis
837 1258 995 1288 documenta

250 1298 402 1328 vincebant.
415 1299 462 1327 19.
475 1299 585 1337 Joseph
599 1305 695 1326 aulem
706 1299 755 1326 vir
763 1299 835 1336 ejus,
845 1308 910 1326 cum
924 1304 997 1326 esset

245 1338 354 1377 justus,
365 1344 393 1366 et
409 1338 500 1366 nollet
515 1348 579 1365 eam
593 1337 753 1372 traducere,
766 1337 863 1365 voluit
886 1337 997 1366 occulte

227 1410 231 1415 ἡ
250 1377 395 1406 dimittere
404 1387 479 1405 eam.
494 1377 634 1415 Cogitabat
647 1376 717 1404 enim
731 1376 841 1404 forsitan
860 1375 934 1415 apud
944 1386 971 1405 se
987 1388 994 1404 ε

250 1416 280 1446 Si
290 1423 428 1457 peccatum
435 1416 496 1456 ejus
507 1416 639 1450 celavero,
649 1415 717 1445 facio
727 1421 818 1445 contra
830 1415 914 1454 legem
926 1416 995 1444 Dei:

250 1463 277 1485 et
294 1456 318 1485 si
342 1456 520 1501 propalavero
546 1455 609 1484 [iliis
632 1455 729 1491 Israffl,
744 1454 902 1494 lapidabunt
923 1465 992 1483 eam.

250 1496 346 1525 Timeo
358 1506 441 1531 enim,
456 1506 490 1524 ne
502 1495 564 1531 hoc,
577 1494 651 1534 quod
663 1501 703 1524 est
714 1494 742 1523 in
755 1501 831 1523 utero
845 1494 913 1533 ejus,
927 1493 998 1524 divi-

250 1535 323 1565 nitus
343 1535 386 1564 sit.
400 1534 541 1573 Numquid
554 1544 607 1563 non
620 1535 686 1564 Sara
709 1533 851 1578 nonaginta
865 1543 997 1563 annorum

251 1575 384 1614 concepit,
403 1581 429 1603 et
477 1574 563 1615 perit?
577 1573 607 1604 Si
621 1573 696 1602 illam
714 1584 791 1612 quast
813 1573 917 1612 lignum
940 1574 997 1613 jam

251 1615 352 1644 siccum
365 1614 426 1643 fecit
438 1585 532 1643 iidrere
548 1626 554 1642 :
571 1613 638 1652 quid
649 1612 672 1642 si
688 1612 820 1642 Divinitas
831 1618 939 1652 partum
953 1613 998 1642 isti

250 1654 338 1684 voluit
349 1654 406 1683 sine
418 1653 478 1683 viro
492 1652 612 1682 donare?
627 1651 766 1691 Numquid
779 1651 815 1681 ad
832 1651 923 1681 virum
937 1663 999 1691 per-

253 1694 316 1723 tinet
330 1694 388 1733 ipsa
407 1693 543 1733 conceptio
567 1692 711 1722 mulieris?
728 1692 802 1721 Nam
816 1692 839 1720 si
861 1692 998 1731 conceptio

250 1733 373 1763 mulieris
396 1733 512 1773 pertinet
532 1743 636 1772 semper
658 1731 693 1760 ad
714 1731 821 1768 virum,
836 1730 893 1760 sine
913 1730 998 1760 dubio

251 1773 359 1812 quando
382 1772 441 1803 vult
454 1772 508 1807 vir,
521 1779 586 1801 tunc
597 1771 747 1811 conciperet
757 1777 784 1799 et
800 1770 906 1800 mulier:
924 1781 996 1801 nunc

251 1820 341 1842 autem
354 1823 406 1842 non
420 1812 528 1851 quando
541 1811 601 1842 vult
614 1811 668 1848 vir,
683 1817 747 1840 tunc
759 1810 875 1855 concipit
886 1811 996 1844 mulier,

251 1853 300 1882 sed
311 1852 418 1892 quaudo
431 1852 492 1882 vult
504 1852 588 1880 Deus.
603 1848 634 1878 Si
648 1860 710 1889 ergo
724 1857 861 1889 conceptio
875 1850 998 1879 mulieris

252 1902 306 1922 non
318 1893 346 1921 in
357 1892 418 1921 viro
430 1891 515 1930 posita
526 1897 575 1925 est,
590 1889 637 1918 sed
648 1889 674 1918 in
687 1891 743 1919 Deo
758 1902 764 1918 ε
779 1889 846 1928 quid
860 1899 996 1928 magnum,

252 1932 275 1961 si
283 1931 371 1962 voluit
379 1931 424 1960 isti
434 1931 551 1960 fructum
559 1930 616 1971 sine
627 1929 686 1959 viro
698 1936 822 1969 praestare
828 1929 842 1957 Ρ
850 1928 926 1966 Quid
934 1940 997 1968 ergo

250 1971 366 2000 faciam?
380 1970 520 2000 Dimittam
532 1980 591 1998 eam
604 1969 707 1998 occulte
721 1980 727 1996 ε
743 1969 806 2007 quia
817 1972 843 1997 in
857 1979 886 1998 re
897 1969 997 1998 incerta

252 2011 350 2040 melius
363 2017 418 2046 est,
435 2016 464 2038 ut
478 2008 605 2038 meretrix
626 2008 767 2037 constituta
787 2007 894 2044 evadat,
917 2019 999 2047 quam

253 2056 284 2078 ut
294 2050 420 2078 innocens
434 2048 574 2077 moriatur.
594 2047 700 2077 Justius
713 2047 785 2076 enim
802 2054 852 2083 est,
867 2047 999 2087 injustum

249 2089 322 2128 juste
343 2087 467 2123 evadere,
481 2098 562 2126 quam
584 2087 687 2126 justum
701 2086 800 2126 injuste
813 2087 900 2126 perire
915 2100 922 2115 ε
935 2087 1000 2125 quia

252 2128 302 2157 etsi
315 2138 377 2157 reus
387 2127 469 2156 semel
487 2125 609 2162 evaserit,
625 2126 721 2155 iterum
732 2133 818 2166 potest
829 2126 916 2166 perire
933 2139 939 2155 :
954 2126 1000 2155 in·-

253 2177 350 2197 nocens
374 2173 461 2195 autem
481 2166 504 2195 si
524 2165 607 2195 semel
622 2165 746 2204 perierit,
757 2166 814 2204 jam
837 2176 890 2195 non
915 2172 1001 2206 potest

252 2206 383 2237 revocari.
408 2205 527 2245 Expedit
551 2215 614 2243 ergo
637 2212 667 2233 ut
686 2204 797 2234 dimissa
823 2216 839 2234 ο
860 2205 1000 2244 probrium

253 2246 381 2287 patiatur,
389 2256 470 2284 quam
480 2244 578 2274 tradita
591 2244 671 2272 morti
681 2244 821 2273 moriatur.
834 2216 897 2274 ἕως
909 2252 998 2274 autem

253 2285 317 2315 talia
328 2286 444 2324 cogitare
457 2292 483 2314 et
496 2294 573 2324 agere
587 2283 667 2319 velle,
677 2293 729 2312 non
742 2291 781 2312 est
789 2284 906 2313 hominis
919 2284 998 2313 valde

251 2325 330 2365 just-i.
345 2326 395 2355 20.
411 2326 484 2353 Haec
495 2334 528 2352 eo
543 2325 701 2363 cogitante,
717 2325 851 2362 apparuit
865 2325 893 2351 ei
911 2334 999 2363 ange-

255 2365 302 2394 lus
322 2366 355 2393 in
372 2366 492 2400 somnis,
516 2364 625 2392 dicens.
651 2363 787 2400 Quoniam
813 2373 875 2401 ergo
894 2363 1001 2402 *auditio

255 2405 400 2435 verborum
413 2403 518 2440 Mariae,
533 2409 559 2432 et
572 2401 749 2432 consideratio
762 2401 823 2431 vitae
847 2402 915 2441 ejus,
931 2403 1001 2432 mala

256 2444 387 2484 suspicari
397 2443 432 2473 de
445 2454 474 2473 ea
494 2453 547 2472 non
567 2442 670 2471 sinebat
690 2441 791 2480 Joseph
804 2452 811 2468 z
826 2441 1003 2471 consideratio

256 2490 346 2512 autem
359 2483 539 2523 conceptionis
559 2483 618 2521 ejus
640 2490 693 2510 non
707 2480 876 2520 permittebat
894 2492 957 2510 eum
968 2481 1003 2510 ad

256 2523 367 2567 plenum
379 2523 448 2552 bona
462 2522 592 2561 aestimare
603 2520 637 2550 de
658 2531 699 2555 ea,
715 2527 742 2549 et
764 2520 803 2548 sic
825 2520 930 2549 animus
944 2521 1003 2560 ejus

257 2568 326 2591 inter
341 2569 466 2602 utrasque
479 2568 568 2602 partes
581 2560 739 2595 fluctuabat,
755 2566 780 2588 et
790 2566 880 2588 tenere
893 2570 950 2588 eam
964 2560 1003 2588 ti-

258 2603 356 2640 mebat,
372 2609 398 2631 et
420 2601 525 2632 tradere
536 2611 594 2631 eam
606 2610 660 2630 non
677 2598 793 2629 audebat
809 2610 816 2627 :
830 2605 938 2639 propter
950 2599 1002 2629 hoc

1015 271 1035 295 Α
1050 269 1197 298 necessaria
1221 269 1312 299 fuitei
1337 269 1466 300 revelatio
1487 271 1535 301 illa
1555 271 1660 302 divina.
1674 274 1704 304 Si
1725 274 1797 304 enim

1049 308 1108 348 ipsa
1120 308 1218 344 Maria,
1231 319 1291 346 quae
1310 309 1436 349 angelum
1447 310 1563 348 viderat,
1577 318 1603 341 et
1613 312 1734 342 audierat
1743 313 1797 344 sibi

1048 347 1201 386 loquentem
1212 354 1267 377 tam
1277 348 1311 378 de
1327 359 1375 378 sua
1392 350 1573 390 conceptione,
1589 362 1671 390 quam
1684 352 1719 382 de
1733 353 1797 382 Eli-

1048 387 1154 423 zabetb,
1172 387 1292 417 ascendit
1316 389 1355 418 in.
1366 396 1502 427 montana,
1525 397 1555 420 ut
1578 391 1681 421 videret
1702 392 1796 422 Elisa—

1048 426 1112 470 beth
1123 448 1131 462 ‚
1148 433 1174 455 et
1188 426 1247 466 ipso
1260 427 1462 458 confirmaretur
1478 437 1585 475 aspectu
1600 442 1607 459 :
1623 438 1724 470 quanto
1741 442 1796 461 ma-

1049 476 1090 505 gis
1102 466 1204 505 Joseph
1218 473 1278 506 post
1297 467 1380 497 verba
1399 469 1580 508 conceptionis
1607 470 1720 508 Mariae,
1735 478 1797 511 post

1049 504 1286 536 considerationem
1311 506 1373 536 vitae
1404 506 1463 546 ejus
1475 530 1483 544 ,
1506 507 1596 538 adhuc
1621 510 1796 541 nutabundus

1050 545 1224 574 necessariam
1246 545 1341 575 habuit
1365 546 1556 576 revelationem
1576 547 1717 579 divinam?
1729 550 1796 580 Pro-

1050 590 1109 623 pter
1122 590 1174 614 tres
1188 594 1251 624 ergo
1275 595 1367 614 causas
1389 586 1514 626 apparuit
1525 586 1560 616 ei.
1571 588 1693 617 Primum
1706 599 1739 618 ne
1747 589 1796 629 ju-

1049 630 1106 652 stus
1126 623 1206 654 bomo
1219 625 1345 664 ignorans
1368 625 1466 655 faceret
1480 637 1536 656 rem
1547 626 1674 666 injustam
1686 638 1721 657 ex
1731 639 1796 668 pro·

1048 663 1135 708 posito
1169 664 1256 702 'usto;
1282 663 1380 694 deinde
1423 672 1515 705 ropter
1544 665 1673 696 honorem
1701 668 1796 698 matris

1048 702 1145 742 ipsius.
1184 714 1228 732 am
1241 703 1265 733 si
1279 702 1389 733 dimissa
1412 704 1503 743 uisset,
1518 706 1568 735 etsi
1578 716 1632 736 non
1647 706 1721 746 apud
1729 707 1795 737 fide-

1048 741 1097 779 les,
1110 749 1198 772 tamen
1212 742 1286 783 apud
1300 743 1422 774 infideles
1440 744 1514 789 turpi
1534 745 1686 785 suspicione
1706 757 1795 777 carere

1048 791 1101 810 non
1114 789 1227 822 poterat.
1244 783 1348 819 Tertio,
1358 789 1388 812 ut
1401 783 1554 824 intelligens
1563 785 1666 826 Joseph
1677 792 1795 816 sanctam

1049 822 1247 862 conceptionem
1262 821 1420 862 diligentius
1434 834 1462 853 se
1473 824 1501 853 in
1515 825 1638 854 futurum
1650 825 1796 856 custodiret

1013 868 1032 892 B
1047 860 1151 896 abina,
1166 872 1246 901 quam
1259 863 1346 902 prius.
1362 862 1442 892 Prius
1462 863 1534 893 enim
1547 864 1666 896 servavit
1681 875 1710 894 se
1727 876 1796 905 pro-

1046 906 1106 940 pter
1119 900 1290 941 disciplinam
1304 901 1422 938 'ustitiae,
1453 910 1524 933 ostea
1535 910 1625 934 autem
1646 911 1673 934 et
1687 911 1794 945 propter

1047 940 1169 970 timorem
1189 948 1281 981 partus
1320 941 1408 981 ujusm
1449 942 1467 971 '.
1483 944 1574 980 Quare
1587 954 1640 973 non
1654 951 1715 974 ante
1728 955 1795 974 con-

1047 978 1194 1019 ceptionem
1202 979 1317 1020 virginis
1323 981 1396 1011 venit
1406 981 1441 1010 ad
1449 982 1551 1023 Joseph
1557 982 1615 1013 ?Ut
1625 994 1657 1012 ne
1666 984 1795 1024 cogitaret

1046 1029 1105 1058 quae
1130 1020 1267 1059 cogitavit,
1281 1030 1313 1049 ne
1334 1028 1471 1060 pateretur
1483 1032 1543 1061 quse
1565 1032 1659 1062 passus
1682 1030 1722 1053 est
1740 1024 1794 1053 Za·
1803 1038 1859 1059 Luc.
1874 1043 1893 1059 ι,

1046 1059 1162 1096 charias,
1176 1059 1224 1098 qui
1237 1059 1345 1099 culpam
1359 1060 1525 1090 infidelitatis
1539 1061 1654 1091 incurrit
1674 1062 1709 1092 de
1730 1073 1795 1093 con-

1047 1098 1167 1138 ceptione
1176 1099 1298 1144 conjugis
1308 1099 1365 1139 jam
1373 1100 1511 1139 longaevae.
1521 1101 1711 1132 Incredibilior
1722 1103 1795 1132 enim
1810 1135 1812 1138 .

1047 1145 1103 1167 erat
1124 1149 1166 1168 res
1185 1149 1318 1178 virginem
1339 1149 1416 1180 posse
1430 1140 1581 1180 concipere,
1597 1152 1679 1180 quam
1703 1152 1794 1172 anum.

1047 1177 1076 1207 Si
1087 1178 1135 1207 ille
1145 1178 1266 1208 sacerdos
1278 1179 1438 1209 constitutus
1447 1190 1504 1210 rem
1515 1180 1662 1210 faciliorem
1672 1181 1730 1210 fore
1741 1192 1794 1211 non

1047 1217 1171 1254 credidit,
1185 1225 1284 1257 quanto
1297 1229 1339 1247 ma
1360 1219 1382 1248 is
1404 1219 1452 1248 iste
1470 1219 1608 1264 popularis
1626 1231 1683 1250 rem
1695 1220 1795 1251 diffici-

1047 1256 1142 1286 liorem
1154 1257 1213 1286 fieri
1224 1268 1277 1286 non
1291 1269 1320 1287 cr
1356 1258 1467 1288 idisset?
1478 1259 1507 1289 Si
1517 1259 1575 1300 ipsa
1587 1260 1686 1296 Maria,
1700 1261 1795 1300 angelo
1822 1267 1831 1277 ·

1048 1296 1101 1324 sibi
1114 1296 1219 1325 dicente
1232 1297 1266 1326 de
1279 1299 1452 1338 conceptione
1462 1309 1522 1332 sua,
1528 1309 1596 1343 pene
1606 1309 1659 1328 non
1670 1299 1795 1330 credebat
1805 1316 1864 1333 xxv·

1049 1342 1158 1374 propter
1180 1336 1360 1375 virginitatem
1386 1348 1480 1373 suam,
1505 1337 1596 1368 diceus
1613 1351 1620 1367 :
1645 1340 1798 1378 Quomodo
1804 1354 1861 1376 Luc.
1875 1358 1895 1375 ι.

1046 1375 1097 1413 fiet
1112 1375 1177 1411 hoc,
1198 1378 1337 1414 quoniam
1350 1378 1449 1405 ‘virum
1464 1387 1523 1406 non
1547 1388 1687 1418 cognosco
1697 1382 1711 1407 P
1745 1390 1792 1408 uo-

1049 1413 1129 1444 modo
1141 1414 1242 1454 Joseph
1256 1415 1341 1444 suerat
1358 1415 1510 1444 crediturus
1523 1417 1644 1446 referenti
1666 1417 1700 1447 dc
1713 1429 1727 1447 a
1740 1415 1799 1448 tera*

1014 1467 1033 1491 c
1049 1452 1122 1491 quod
1135 1453 1193 1482 sine
1206 1454 1266 1483 viro
1278 1454 1446 1494 conciperet?
1459 1456 1570 1494 Joseph
1577 1456 1625 1495 fili
1634 1457 1747 1494 David,
1759 1469 1797 1487 ne
1844 1453 1846 1456 V

1050 1493 1150 1522 timeas
1161 1494 1290 1533 accipere
1303 1494 1432 1523 Mariam
1445 1496 1595 1535 conjugem
1604 1501 1685 1525 tuam
1696 1510 1705 1526 :
1720 1508 1795 1537 quo-

1050 1533 1129 1561 niam
1144 1533 1223 1571 quod
1237 1539 1373 1562 nascetur
1388 1544 1430 1562 ez-
1444 1545 1489 1570 ea,
1510 1535 1547 1563 de
1561 1535 1671 1575 Spiritu
1693 1544 1796 1566 sancto

1050 1578 1102 1601 est.
1119 1572 1221 1601 Filium
1233 1572 1324 1602 David
1337 1583 1400 1601 eum
1412 1573 1562 1609 nominans,
1573 1574 1660 1604 voluit
1672 1586 1735 1606 eum
1747 1576 1797 1606 ad-

1049 1610 1182 1640 ducerein
1189 1611 1344 1641 memoriam
1354 1612 1539 1651 promissionis
1548 1614 1599 1643 Dei
1611 1614 1646 1643 ad
1656 1614 1758 1653 David,
1766 1623 1798 1646 ut

1050 1650 1085 1680 de
1093 1650 1194 1680 semine
1205 1652 1265 1691 ejus
1274 1651 1398 1681 Christus
1412 1659 1575 1682 nasceretur.
1584 1653 1686 1684 Dicens
1695 1662 1796 1693 autem,

1051 1691 1097 1720 Ne
1107 1690 1421 1730 timea5‚cognitoremse
1432 1691 1521 1721 cordis
1534 1692 1593 1732 ejus
1602 1693 1740 1724 ostendere
1753 1705 1800 1725 vo-

1053 1729 1115 1763 luit.
1126 1737 1155 1759 ut
1167 1740 1214 1770 per
1224 1730 1282 1759 haec
1289 1731 1444 1760 futurorum
1453 1731 1596 1769 bonorum,
1605 1743 1664 1772 quae
1675 1733 1708 1763 de
1717 1734 1799 1764 Chri-

1051 1776 1091 1799 sto
1105 1776 1161 1799 erat
1181 1769 1314 1806 dicturus,
1327 1770 1423 1800 faceret
1436 1770 1518 1800 fidem
1533 1783 1541 1800 z
1556 1773 1619 1811 quia
1646 1773 1732 1811 Quod
1744 1784 1797 1803 na-

1050 1816 1147 1839 scetur
1162 1809 1199 1838 de
1212 1820 1259 1846 ea,
1281 1810 1318 1838 de
1340 1809 1449 1848 Spiritu
1468 1818 1571 1840 sancto
1588 1818 1639 1842 est.
1666 1812 1798 1853 Spiritum

1051 1849 1283 1888 sanctum,ipsum
1296 1848 1362 1878 dicit
1373 1849 1541 1888 unigenitum
1553 1852 1651 1888 Deum,
1659 1851 1730 1881 sicut
1742 1853 1800 1893 ipse

1052 1888 1086 1918 de
1097 1899 1125 1918 se
1145 1895 1256 1918 testatur
1275 1889 1300 1917 in
1321 1889 1461 1929 evangelio
1478 1901 1485 1917 :
1502 1891 1580 1928 Quia
1602 1891 1725 1929 Spiritus
1747 1887 1904 1936 estant-‚Gi

1052 1927 1151 1966 inquit,
1165 1930 1216 1967 qui
1227 1929 1260 1957 vi
1263 1928 1359 1968 vificat
1371 1940 1378 1956 :
1392 1939 1460 1958 caro
1471 1936 1570 1959 autem
1583 1931 1660 1959 nihil
1669 1932 1797 1969 prodest.
1883 1932 1886 1933 ⁷
1899 1942 1904 1963 t

1051 1968 1088 1997 Et
1098 1968 1215 1997 Joanues
1227 1967 1265 1996 ait
1277 1980 1283 1995 :
1301 1968 1446 1998 Dominus
1457 1969 1581 2008 Spiritus
1590 1976 1641 1999 est.
1655 1971 1716 2000 Nou
1728 1971 1800 2001 enim
1808 1985 1876 2007 Jaan.
1898 1967 1904 1996 ἕ

1052 2007 1170 2046 Spiritus
1191 2006 1336 2036 advocatus
1362 2007 1495 2047 ingressus
1515 2015 1555 2038 est
1574 2009 1603 2038 in
1628 2010 1756 2047 Mariam,
1771 2018 1801 2040 ut

1018 2056 1038 2079 ι)
1053 2046 1201 2090 suscipiens
1223 2056 1322 2091 corpus
1346 2054 1470 2076 nascatur
1489 2047 1518 2076 in
1540 2047 1684 2085 mundum,
1699 2048 1746 2078 sed
1771 2057 1801 2079 ut

1053 2085 1230 2115 sanctificaret
1252 2086 1369 2125 virginis
1389 2097 1448 2115 vas.
1463 2086 1563 2116 Dicens
1586 2094 1692 2123 autem,
1715 2089 1803 2127 Quod
1899 2084 1904 2110 ῗ

1055 2131 1191 2154 nascetur
1203 2135 1239 2153 ex
1254 2135 1301 2159 ea,
1318 2126 1355 2154 de
1373 2125 1482 2170 Spiritu
1504 2132 1606 2155 sancto
1620 2133 1674 2164 est,
1689 2127 1740 2157 hoc
1753 2127 1802 2157 di·-
1897 2116 1904 2155 i

1053 2174 1112 2194 cere
1125 2164 1195 2200 vult,
1210 2164 1273 2202 quia
1287 2164 1320 2194 de
1334 2175 1432 2194 semine
1443 2164 1498 2195 viri
1516 2165 1632 2205 alicujus
1651 2177 1704 2196 non
1717 2167 1803 2197 fuerat
1888 2156 1904 2193 *i

1053 2204 1216 2240 nasciturus,
1229 2203 1298 2233 sicut
1311 2205 1445 2234 aestimans
1470 2205 1605 2234 metuebat
1624 2206 1736 2247 Joseph,
1755 2207 1803 2236 sed
1894 2202 1904 2238 i

1053 2243 1088 2272 de
1101 2243 1205 2283 Spiritu
1226 2250 1328 2273 sancto.
1342 2243 1418 2274 Sicut
1441 2244 1514 2273 enim
1537 2244 1685 2275 secundum
1704 2257 1802 2286 praeoe-
1815 2250 1904 2292 rausi

1054 2290 1131 2322 ptum
1144 2282 1290 2323 Raphae'lis
1303 2283 1390 2323 angeli
1404 2282 1441 2312 ad
1454 2283 1580 2320 Tobiam,
1595 2285 1655 2314 viro
1676 2292 1703 2314 et
1719 2295 1803 2315 uxore
1896 2311 1899 2316 .

1054 2333 1128 2352 more
1140 2322 1218 2351 solito
1233 2323 1356 2352 venturis
1370 2322 1404 2351 ad
1421 2323 1533 2358 coitum,
1548 2324 1634 2353 oratio
1653 2324 1803 2369 praecedere
1898 2328 1904 2348 <¹

1054 2361 1145 2398 debet,
1159 2369 1189 2391 ut
1203 2361 1277 2400 quod
1297 2362 1460 2402 concipitur,
1473 2362 1500 2391 in
1515 2363 1722 2393 sanctificatione
1735 2374 1802 2393 con-

1055 2401 1189 2442 cipiatur:
1206 2401 1244 2431 sic
1266 2402 1404 2441 unigenito
1418 2403 1476 2430 Deo
1490 2401 1622 2441 virginem
1637 2402 1802 2442 ingressuro,

1057 2441 1176 2481 Spiritus
1189 2447 1295 2470 sanctus
1329 2441 1451 2477 raecessit,
1463 2447 1504 2476 uz,
1519 2440 1683 2480 praecedente
1696 2442 1803 2482 Spiritu

1055 2487 1157 2517 sancto,
1171 2481 1199 2509 in
1208 2481 1296 2513 ,sancti
1318 2480 1419 2509 catione
1430 2486 1554 2509 nascatur
1566 2480 1692 2510 Christus
1706 2492 1802 2511 secun-

1055 2519 1123 2549 dum
1144 2530 1253 2560 corpuS,
1270 2520 1416 2549 Divinitate
1440 2518 1605 2557 ingrediente
1618 2530 1669 2559 pro
1692 2521 1801 2550 semine.

1055 2561 1105 2590 21.
1119 2560 1161 2589 Et
1176 2561 1271 2598 pariet
1288 2559 1395 2598 filium,
1411 2560 1591 2603 vocabisque
1612 2570 1718 2589 nomen
1739 2562 1803 2589 e'us

1055 2600 1167 2628 Jesum.
1183 2600 1244 2628 Non
1255 2597 1337 2637 dixit,
1349 2597 1437 2628 Pariet
1448 2597 1497 2628 tibi
1509 2598 1610 2637 filium,
1623 2598 1693 2629 sicut
1704 2599 1738 2629 ad
1774 2611 1802 2629 a-

1886 2771 1904 2832 ffl!
1892 2730 1904 2756 3:-
