1890 2826
233 185 256 221 6
572 198 601 220 S.
629 198 769 221 JOANNIS
795 199 979 222 CHRYSOST.
1010 201 1163 225 AncfflEP.
1192 203 1464 226 CONSTANTINOP-

232 260 373 288 ductorum
388 259 522 300 supplicio
542 260 629 289 canteri
650 260 845 300 resipiscerent.
857 260 938 298 Quod
952 261 975 290 si

232 306 379 345 pharmaco
396 316 448 335 non
459 306 570 343 suerint,
587 314 616 335 ut
631 317 679 346 par
692 313 759 341 erat,
774 306 836 345 usi;
849 317 900 336 non
921 317 975 336 me-

232 351 298 387 dici,
322 351 369 381 sed
389 360 548 392 aegrotorurn
569 353 650 392 culpa
673 352 732 382 erit.
761 353 794 382 Id
809 360 898 382 autem
913 353 975 382 facit

232 409 336 439 semper
351 406 377 428 et
391 399 418 428 in
436 399 550 439 singulis
568 399 793 438 generationibus,
807 409 860 428 non
883 409 975 428 omnes

232 445 312 474 simul
323 445 350 474 in
361 444 452 474 eadem
463 452 570 485 peecata
582 445 670 485 lapsos
684 445 800 484 plectens
808 457 817 484 ς
832 455 894 474 nam
908 444 974 474 alias

232 498 318 521 totum
336 501 419 531 genus
433 499 554 521 nostrum
565 492 622 531 jam
640 491 707 521 olim
724 491 862 520 sublatum
886 498 972 529 esset;

231 537 278 567 sed
290 538 326 567 ab
335 537 396 567 aliis
409 538 454 567 hic
467 548 558 577 poenas
573 538 679 578 repetit,
695 537 823 568 leviorem
842 538 905 567 hine
918 537 973 566 illis

231 594 327 624 parans
344 584 370 613 in
395 584 447 613 alia
471 585 524 614 vita
543 585 711 614 cruciatum:
725 591 804 623 atque
822 584 973 623 aequalibus

229 635 350 670 ipsorum
360 630 514 660 mutationis
527 631 553 659 in
565 631 660 660 melius
670 641 793 670 magnam
807 630 972 660 occasionem

229 676 405 717 suppeditat:
421 677 483 706 illos
506 683 595 706 autem
620 676 667 715 qui
692 687 777 716 neque
802 687 836 706 ex
860 677 972 716 proprio
988 679 1006 702 B

229 730 314 758 motu,
331 733 416 762 neque
433 733 467 752 ex
487 723 535 752 tali
554 722 751 763 dispensatione
769 722 910 763 quidpiam
927 723 971 752 lu-

229 770 298 799 crari
312 770 419 807 volunt,
430 769 465 799 ad
479 770 662 799 inevitabilem
675 777 701 799 et
715 769 884 799 tremendum
894 770 971 810 judi-

228 816 263 846 cii
284 816 358 846 diem
374 823 500 846 reservat.
523 819 562 845 In
582 826 672 856 regno
690 817 768 845 Ozioe
781 822 809 845 et
823 816 968 853 Joadzan,

225 869 254 892 et
262 863 369 892 Achaz
380 870 409 893 et
419 863 567 899 Ezechiae,
578 865 629 902 qui
639 870 799 903 regnarunt
808 864 841 892 in
851 863 875 892 J
874 864 968 893 udoea.

224 911 386 949 Opportune
402 916 509 949 tempus
528 909 632 950 adjicit,
647 909 799 938 studiosum
819 909 969 939 auditorem

225 956 360 985 remittens
380 955 413 984 ad
427 954 569 984 historiam
582 965 671 984 rerum
683 962 828 995 gestarum.
842 957 883 985 Ita
895 956 969 985 enim

223 1001 365 1042 prophetia
382 1001 488 1030 facilius
507 999 672 1040 intelligetur
692 1001 842 1040 clariorque
859 1001 922 1039 erit,
943 1001 967 1031 si

223 1048 369 1084 discamus,
382 1058 436 1086 qua
457 1057 548 1076 rerum
567 1046 729 1083 conditione,
742 1053 769 1076 et
781 1057 836 1086 quo
851 1047 878 1076 in
896 1054 967 1077 statu

222 1094 399 1124 Juda·1'carum
418 1094 571 1134 plagarum,
589 1093 726 1133 propheta}
743 1093 886 1133 pharmaca
905 1104 968 1123 con-

221 1140 363 1170 cinnarint.
375 1141 406 1170 Ξ.
422 1140 518 1176 Audi,
532 1140 647 1175 caelum,
663 1145 691 1168 et
708 1141 828 1169 attribus
840 1141 965 1180 percipe,

222 1194 310 1223 terra,
326 1188 398 1226 quia
409 1186 555 1216 Dominus
578 1186 718 1226 loquutus
735 1193 787 1216 est.
804 1187 892 1217 Multa
907 1187 967 1228 ple-

220 1245 286 1263 num
300 1241 340 1264 est
351 1233 390 1263 ira
402 1233 454 1263 hoc
461 1233 615 1263 exordium.
628 1232 688 1263 Nisi
701 1233 773 1262 enim
791 1233 884 1273 ingens
899 1241 967 1264 esset
983 1232 1002 1256 C

220 1288 245 1310 et
257 1280 403 1310 ineffabilis
412 1279 575 1320 indignatio,
587 1289 767 1319 nequaquam,
776 1279 865 1309 missis
879 1280 966 1310 homi-

219 1327 309 1364 nibus,
323 1326 359 1356 ad
370 1326 499 1356 elementa
512 1336 662 1357 sermonem
675 1325 806 1356 vertisset.
816 1326 890 1356 Illud
900 1339 965 1357 vero

218 1374 281 1403 facit
294 1383 347 1403 non
362 1372 442 1403 modo
463 1373 510 1402 irae
521 1372 689 1403 declarandae
706 1384 795 1411 causa,
809 1375 857 1405 sed
876 1382 906 1405 ut
919 1385 963 1405 eos

219 1421 266 1460 qui
285 1420 406 1450 audituri
428 1425 517 1457 erant,
537 1419 637 1459 ingenti
647 1420 758 1460 {pudore
777 1421 963 1460 suffunderet,

220 1466 361 1496 ostendens
371 1477 417 1496 eos
427 1466 474 1505 qui
489 1466 591 1495 ratione
603 1465 721 1496 decorati
734 1475 831 1506 essent,
846 1469 924 1509 pejus
936 1479 965 1498 se

220 1513 331 1550 habere,
349 1523 430 1551 quam
447 1512 579 1542 elementa
597 1522 677 1542 sensu
695 1514 820 1543 carentia.
838 1514 872 1544 Id
891 1514 965 1554 quod

70 1572 91 1595 3.
105 1572 162 1602 neg.
174 1559 302 1595 h{etium
323 1558 424 1588 caeteris
447 1557 586 1598 prophetis
604 1558 633 1587 in
656 1558 732 1588 inore
751 1566 802 1589 est.
817 1560 922 1591 Idcirco
942 1562 966 1591 is

222 1604 270 1643 qui
287 1604 322 1634 ad
344 1604 536 1635 Jeroboamutn
556 1604 654 1634 missus
675 1605 771 1642 suerat,
785 1606 882 1636 omisso
905 1618 966 1647 rege

69 1662 120 1682 Jer.
130 1666 210 1689 2229.
221 1651 256 1681 ad
267 1662 348 1691 quem
370 1651 534 1687 mittebatur,
546 1651 628 1679 altare
654 1651 814 1690 alloquitur.
835 1653 872 1682 Et
891 1654 967 1683 Jere-

70 1692 108 1714 30.

221 1701 288 1729 mias
298 1706 396 1730 terram
408 1698 522 1728 vocabat
535 1696 643 1726 dicens:
659 1699 756 1736 Terra,
768 1705 856 1738 terra,
866 1707 943 1730 terra
957 1713 965 1730 ε
984 1694 1004 1717 Ῑ)

72 1746 143 1769 Mich·
154 1746 177 1769 6,
188 1754 210 1769 2-
223 1747 314 1776 scribe
328 1746 407 1775 hunc
421 1745 530 1781 virum,
540 1745 638 1773 virum
645 1747 849 1785 proscriptum.
871 1747 965 1777 Alius-

223 1803 276 1831 que
298 1802 409 1821 rursum
434 1790 541 1820 dicebat
556 1802 563 1818 z
579 1790 709 1829 Audite,
733 1792 843 1830 valles,
853 1793 968 1832 sunda-

225 1845 325 1868 menta
337 1844 428 1867 terroe.
441 1836 536 1866 Filios
548 1837 642 1876 genui.
657 1838 718 1867 Non
728 1848 868 1868 commune
879 1842 966 1870 omni-

222 1887 275 1915 bns
287 1884 443 1914 hominibus
453 1883 500 1912 hic
509 1883 585 1922 ponit
597 1883 769 1922 beneficium,
784 1886 857 1924 quod
870 1897 967 1928 nempe

223 1932 287 1961 facti
297 1937 394 1967 essent,
403 1929 451 1959 sed
459 1929 563 1968 insigne
570 1929 727 1969 quodpiam,
735 1931 809 1969 quod
818 1932 868 1962 filii
880 1934 967 1965 effecti

225 1984 322 2008 essent.
351 1977 462 2016 Semper·
485 1975 557 2004 enim
583 1975 713 2005 beneficia
745 1977 843 2007 inferre
874 1979 967 2021 incipit

226 2026 310 2054 Deus.
323 2024 362 2052 Ac
375 2020 602 2061 quemadmodum
621 2031 684 2050 cum
698 2021 834 2053 hominem
854 2034 965 2063 crearet,

77 2071 274 2111 Gen-1·²6·qui
289 2080 343 2100 non
359 2076 419 2098 ante
437 2068 534 2103 fuerat,
546 2077 609 2096 eum
629 2066 657 2096 in
677 2068 810 2108 principio
827 2069 968 2103 honoravit

225 2117 328 2154 dicens,
340 2117 499 2146 Faciamus
511 2114 658 2142 hominem
670 2114 712 2142 ad
722 2116 880 2155 imaginem
891 2126 919 2148 et
930 2123 968 2149 si.

225 2163 422 2192 militudinem
442 2165 571 2189 nostram
577 2172 589 2195 ;
600 2158 628 2188 in
642 2169 711 2190 nova
727 2168 817 2190 autem
834 2162 891 2202 lege
915 2176 968 2195 ma-

221 2210 278 2252 jori
288 2220 336 2239 nos
346 2206 451 2238 ornavit
461 2205 591 2235 beneficio
598 2217 608 2245 ς
623 2216 677 2236 non
689 2207 777 2237 solum
795 2209 867 2239 enim
887 2211 969 2240 nihil-

225 2261 291 2291 dum
303 2269 435 2302 operatos,
450 2259 497 2289 sed
512 2259 593 2289 etiam
605 2257 752 2288 innumeris
763 2256 841 2286 malis
858 2264 968 2287 onustos

225 2307 368 2337 honoravit
381 2318 429 2348 per
442 2306 579 2337 lavacrum
592 2302 796 2344 regenerationis
809 2314 816 2330 :
833 2302 868 2332 ita
880 2309 906 2332 et
923 2303 967 2332 hic

226 2354 317 2384 videre
328 2362 367 2384 est
380 2366 387 2389 ;
398 2364 460 2383 nam
479 2363 524 2382 eos
540 2352 587 2391 qui
605 2362 658 2381 non
677 2350 757 2380 modo
774 2350 802 2379 in
825 2349 967 2390 adoptione

226 2400 296 2430 nihil
313 2399 379 2429 boni
400 2406 520 2439 egerant,
541 2397 587 2428 sed
602 2398 681 2427 etiam
702 2396 770 2437 lapsi
787 2396 901 2433 fuerant,
917 2395 965 2425 ho-

259 2500 270 2511 2
287 2491 336 2516 Hic
343 2491 447 2516 omnino
465 2489 597 2523 legendum
612 2493 627 2519 ἦ
642 2493 688 2524 γὰρ
703 2492 731 2515 ἂν
742 2491 802 2515 ἅπαν
818 2490 882 2520 ἡμῶν
899 2489 983 2517 πάλαι,

228 2536 255 2555 ut
269 2530 346 2555 habet
355 2530 498 2556 Bavnricus.
510 2529 580 2554 Edit-i
591 2534 610 2555 εἰ
622 2533 666 2564 γὰρ
679 2532 737 2555 ἂν...
750 2530 826 2555 πάλιν.

260 2570 273 2588 b
290 2568 434 2602 Legendum
442 2568 507 2594 sorte
519 2572 649 2603 προστίθησι
660 2566 754 2601 [quam
763 2564 896 2592 lectionem
903 2563 981 2591 Savil.

226 2610 252 2633 in
262 2616 338 2640 marg.
354 2607 449 2639 afferi]

986 2246 1003 2268 E

1027 262 1122 298 λέσαι,
1145 264 1204 293 ἀλλ’
1226 264 1314 304 ἠρέμα
1335 265 1381 295 καὶ
1405 265 1579 306 καταμικρὸν,
1602 266 1670 296 ὥστε
1691 268 1726 306 τῇ
1744 268 1797 296 τῶν

1028 308 1200 348 ἀπαχθέντων
1210 310 1325 350 τιμωρίᾳ
1340 310 1400 344 τοὺς
1419 311 1590 350 λειπομένους
1608 311 1728 351 γενέσθαι
1742 324 1796 341 σω-

1029 354 1222 396 φρονεστέρους.
1243 357 1278 386 Εἰ
1292 356 1319 386 δὲ
1333 359 1381 387 οὐκ
1394 358 1542 398 ἐχρήσαντο
1556 359 1592 392 εἷς
1607 358 1664 388 δέον
1676 360 1715 398 τῷ
1728 370 1798 399 φαρ-

1029 400 1106 440 μάκῳ
1119 423 1127 438 ,
1149 401 1209 442 οὐχὶ
1231 405 1277 431 τοῦ
1301 405 1402 444 ἰατροῦ,
1425 404 1494 434 ἀλλὰ
1515 405 1568 434 τῶν
1591 404 1744 443 καμνόντων
1767 405 1798 434 τὸ

1028 445 1159 485 ἔγκλημα.
1174 448 1251 477 Ποιεῖ
1261 448 1288 478 δὲ
1300 449 1364 479 αὐτὸ
1373 449 1416 479 διὰ
1428 449 1540 487 παντὸς,
1555 450 1600 479 καὶ
1611 452 1670 480 καθ’
1683 450 1798 487 ἑκάστην

1028 491 1130 531 γενεὰν,
1146 495 1175 523 οὗ
1189 494 1291 528 πάντας
1307 497 1373 534 ὁμοῦ
1386 496 1446 530 τοὺς
1464 496 1499 526 τὰ
1519 495 1586 526 αὐτὰ
1600 496 1798 536 ἁμαρτάνοντας

1027 540 1093 576 ὁμοῦ
1116 539 1161 568 καὶ
1183 539 1314 575 κολάζων·
1333 541 1371 577 “ἢ
1393 542 1445 582 γὰρ
1468 542 1500 571 ἂν
1523 542 1594 572 ἅπαν
1615 544 1692 581 ἡμῶν
1714 542 1799 572 πάλαι

1026 586 1235 625 προανηρπάσθη
1262 586 1293 616 τὸ
1317 587 1390 626 γένος
1401 599 1407 606 ·
1435 587 1503 618 ἀλλὰ
1527 587 1587 622 τοὺς
1613 588 1660 627 μὲν
1685 589 1797 618 ἐνταῦθα

1027 631 1134 661 ἀπαιτεῖ
1155 632 1248 668 δίκην,
1274 635 1361 667 αὐτοῖς
1382 645 1411 663 τε
1435 634 1543 668 ἐκείνοις
1564 634 1724 675 κουφοτέραν
1747 634 1796 671 τὴν

1026 677 1080 706 ἐκεῖ
1102 679 1304 713 κατασκευάζων
1317 680 1435 715 κόλασιν,
1455 681 1567 715 καὶτοῖς
1585 681 1795 720 συνακμάζουσιν

1025 723 1112 756 αὐτοῖς
1126 724 1254 764 μεγίστην
1267 728 1314 762 τῆς
1327 725 1371 755 ἐπὶ
1385 725 1416 756 τὸ
1430 726 1532 765 βέλτιον
1546 727 1695 766 μεταόολῆς
1708 739 1796 768 προα-

1023 769 1193 809 ποτιθέμενος
1212 771 1352 801 ὑπόθεσιν·
1372 771 1432 806 τοὺς
1454 772 1482 802 δὲ
1505 772 1574 812 μήτε
1593 773 1703 809 οἴκοθεν,
1727 773 1795 813 μήτε

1023 816 1054 844 ἐκ
1067 818 1115 852 τῆς
1128 817 1250 853 τοιαύτης
1263 818 1412 858 οἰκονομίας
1421 819 1593 858 βουλομένους
1605 831 1631 848 τι
1641 819 1796 859 κερδαίνειν,

1023 863 1199 903 ἀπαραιτήτῳ
1216 863 1261 893 καὶ
1282 865 1382 905 φοὸερᾷ
1403 866 1451 901 τῆς
1473 865 1584 905 κρίσεως
1608 865 1796 904 ταμιευόμενος

1023 907 1119 948 ἡμέρᾳ.
1141 908 1188 938 Ἐν
1210 910 1332 950 βασιλείᾳ
1345 910 1434 945 Ὀζίου
1456 911 1501 940 καὶ
1517 911 1638 947 Ἰωοίθαν,
1654 911 1699 941 καὶ
1712 911 1796 952 Ἅχαζ

1022 953 1067 982 καὶ
1083 954 1213 991 Ἐζεκίου,
1234 955 1259 985 οἳ
1276 956 1449 986 ἐὸασίλευσαν
1462 959 1510 993 τῆς
1524 957 1661 991 Ἰουδαίας.
1676 956 1730 987 Καὶ
1749 957 1796 986 τὸν

1022 1000 1112 1040 καιρὸν
1127 1001 1276 1041 ἀναγκαίως
1290 1001 1302 1018 ¹³
1311 1002 1470 1042 προτίθησι,
1483 1003 1528 1033 τὸν
1541 1003 1681 1044 φιλόπονον
1697 1005 1794 1043 ἀκροα-

1021 1045 1068 1081 τὴν
1088 1047 1275 1086 παραπέμπων
1287 1050 1324 1082 εἷς
1337 1049 1387 1085 τὴν
1401 1048 1518 1088 ἱστορίαν
1531 1051 1584 1079 τῶν
1602 1049 1793 1089 γεγενημένων.

1021 1091 1101 1121 Οὕτω
1123 1091 1174 1132 γὰρ
1198 1094 1378 1135 εὖμαθεστέρα
1398 1107 1428 1124 τε
1451 1095 1527 1126 ἔσται
1546 1096 1592 1126 καὶ
1609 1095 1759 1136 σαφεστέρα
1775 1098 1792 1131 ἠ

1020 1137 1168 1177 προφητεία
1178 1160 1185 1173 ,
1199 1140 1222 1168 εἰ
1234 1138 1374 1178 μάθοιμεν,
1387 1143 1444 1174 πῶς
1454 1143 1506 1171 τῶν
1519 1141 1683 1181 πραγμάτοιν
1697 1142 1794 1171 διακει-

1021 1183 1115 1221 μένων,
1134 1184 1179 1214 καὶ
1201 1188 1258 1219 πῶς
1278 1188 1333 1216 τῶν
1350 1187 1510 1228 τραυμάτων
1530 1188 1643 1229 ἑχόντων
1657 1191 1711 1219 τῶν
1724 1189 1793 1219 Ἰου-

1020 1231 1127 1265 δαϊκῶν,
1149 1227 1220 1260 οὗτοι
1239 1232 1273 1261 τὰ
1295 1232 1423 1273 φάρμακα
1447 1233 1655 1264 κατεσκεύασαν.
1677 1234 1769 1265 Ἄκουε
1783 1257 1792 1271 ,

1019 1275 1111 1315 οὔρανὲ
1120 1297 1128 1312 ,
1141 1276 1186 1306 καὶ
1201 1278 1331 1316 ἐνωτίζου,
1350 1280 1396 1319 γῆ,
1410 1279 1451 1309 ὅτι
1465 1279 1561 1321 Κύριος
1576 1281 1699 1317 ἐλάλησε.
1717 1281 1791 1310 Πολ-

1017 1322 1064 1351 λοῦ
1079 1321 1155 1361 γέμει
1166 1327 1212 1353 τοῦ
1227 1327 1309 1363 θυμοῦ
1322 1325 1353 1355 τὸ
1366 1326 1513 1366 προοίμιον.
1528 1328 1563 1357 Εἰ
1575 1327 1628 1368 γὰρ
1641 1327 1679 1367 μὴ
1691 1327 1792 1367 σφοδρά

1017 1379 1057 1401 τις
1076 1364 1108 1405 ἧν
1126 1369 1170 1399 καὶ
1189 1370 1287 1410 ἄφατος
1305 1373 1322 1407 ἡ
1345 1372 1428 1413 ὀργὴ,
1449 1375 1498 1403 οὐκ
1516 1373 1547 1403 ἂν
1561 1373 1621 1408 τοὺς
1641 1374 1793 1414 ἀνθρώπους

1018 1414 1105 1454 ἀφεὶς,
1118 1415 1183 1455 πρὸς
1195 1416 1228 1446 τὰ
1242 1422 1360 1457 στοιχεῖα
1374 1418 1419 1449 τὸν
1431 1419 1508 1459 λόγον
1520 1423 1531 1437 ⁶
1539 1418 1660 1461 ἔστρεψε.
1675 1422 1752 1451 Ποιεῖ
1763 1420 1792 1450 δὲ

1018 1461 1096 1496 αὐτὸ,
1116 1462 1166 1501 οὐχ
1185 1461 1254 1492 ὥστε
1274 1463 1323 1499 τὴν
1344 1464 1425 1504 ὀργὴν
1446 1465 1608 1501 ἐνδείξασθαι
1629 1466 1718 1506 μόνον,
1732 1467 1791 1496 ἀλλ’

1018 1507 1087 1537 ὥστε
1111 1508 1157 1538 καὶ
1179 1509 1271 1543 αὐτοὺς
1284 1509 1344 1544 τοὺς
1361 1511 1463 1541 ἀκούειν
1486 1512 1631 1551 μέλλοντας
1646 1513 1714 1553 μετὰ
1726 1515 1792 1543 πολ-

1017 1554 1066 1590 λῆς
1083 1554 1207 1595 ἓντρέψαι
1226 1557 1274 1591 τῆς
1295 1557 1458 1596 ὑπερὸολῆς,
1474 1558 1575 1592 δεικνὺς
1593 1558 1700 1589 ὅτιτῶν
1714 1561 1790 1589 ἀναι-

1020 1600 1123 1636 σθήτων
1143 1600 1219 1641 φύσει
1234 1601 1371 1642 στοιχείων
1385 1608 1474 1644 χεῖρον
1492 1605 1516 1634 οἱ
1536 1605 1607 1646 λόγῳ
1620 1606 1791 1645 τετιμημένοι

1021 1646 1174 1676 διάκεινται.
1182 1648 1270 1676 Τοῦτο
1279 1647 1306 1677 δὲ
1315 1649 1360 1677 καὶ
1370 1649 1467 1689 ἑτέροις
1478 1650 1535 1684 ἔθος
1541 1651 1688 1692 προφήταις
1697 1657 1791 1682 ποιεῖν.

1021 1691 1073 1722 Διά
1086 1704 1127 1722 τοι
1139 1695 1216 1722 τοῦτο
1233 1694 1278 1723 καὶ
1291 1695 1305 1723 ὁ
1323 1694 1388 1734 πρὸς
1405 1695 1450 1725 τὸν
1464 1695 1603 1737 Ἱεροὸοὰμ
1617 1700 1792 1737 ἀποσταλεὶς,

1022 1738 1096 1778 ἀφεὶς
1113 1738 1157 1768 τὸν
1180 1739 1290 1779 βασιλέα
1312 1741 1377 1780 πρὸς
1391 1741 1419 1770 ὃν
1433 1742 1625 1780 ἀπεστέλλετο,
1642 1747 1680 1786 τῷ
1696 1749 1790 1776 θυσια-

1022 1784 1123 1825 στηρίῳ
1145 1785 1302 1826 διαλέγεται.
1327 1787 1382 1816 Καὶ
1404 1787 1534 1828 Ἱερεμίας
1556 1790 1604 1827 ἰ-ἡν
1628 1793 1679 1831 γῆν
1702 1794 1792 1823 ἐκάλει

1022 1829 1121 1869 λέγων·
1139 1831 1192 1868 Γῆ,
1204 1833 1248 1871 γῆ,
1264 1833 1314 1872 γῆ·
1330 1833 1431 1873 γράψον
1441 1834 1486 1863 τὸν
1500 1834 1582 1875 ἄνδρα
1595 1840 1699 1874 τοῦτον,
1709 1839 1792 1879 ἄνδρα

1022 1876 1192 1917 ἐκκήρυκτον.
1214 1877 1268 1907 Καὶ
1290 1877 1376 1918 ἕτερος
1397 1879 1477 1909 πάλιν
1499 1880 1588 1920 ἔλεγεν
1600 1894 1606 1900 ·
1631 1882 1770 1914 Ἀκούσατε
1783 1909 1791 1922 ,

1021 1922 1168 1963 φάραγγες,
1182 1923 1290 1963 θεμέλια
1309 1927 1356 1961 τῆς
1369 1927 1426 1965 γῆς.
1441 1926 1520 1959 rtet-c
1537 1928 1674 1967 ἐγέννησα.
1691 1932 1731 1961 Οὐ
1743 1932 1791 1969 τὴν

1019 1970 1111 2006 κοινὴν
1132 1970 1197 2010 πρὸς
1218 1970 1317 2004 πάντας
1338 1971 1490 2011 ἀνθρώπους
1514 1973 1617 2010 τίθησιν
1638 1977 1676 2010 εἰς
1697 1977 1791 2012 αὖτοὺς

1021 2015 1181 2055 εὐεργεσίαν,
1193 2015 1258 2057 ὅπερ
1270 2011 1302 2052 ἦν
1313 2017 1344 2047 τὸ
1356 2017 1492 2056 γενέσθαι,
1507 2019 1576 2049 ἀλλὰ
1590 2020 1638 2057 τὴν
1650 2021 1790 2063 ἐξαίρετον,

1022 2062 1087 2101 ὅπερ
1111 2057 1143 2098 ἧν
1158 2060 1209 2091 11τὸ
1230 2061 1301 2096 υἱοὺς
1321 2063 1450 2102 γενέσθαι.
1471 2065 1615 2107 Πανταχοῦ
1639 2068 1691 2109 γὰρ
1713 2069 1791 2110 ἄρχει

1021 2110 1074 2137 τῶν
1089 2109 1243 2148 εὐεργεσιῶν
1265 2111 1279 2138 ὁ
1300 2109 1379 2146 Θεὸς,
1403 2109 1449 2139 καὶ
1470 2110 1561 2152 ὥσπερ
1585 2114 1629 2143 τὸν
1654 2115 1790 2156 ἄνθρωπον

1021 2154 1155 2190 πλάττων,
1167 2154 1270 2184 οὐδέπω
1282 2154 1420 2195 γενόμενον
1432 2157 1542 2196 ἐτίμησε
1555 2161 1588 2199 τῇ
1601 2162 1686 2202 ἀρχῇ,
1699 2163 1790 2200 εἰπὼν,

1022 2200 1184 2239 Ποιήσωμεν
1198 2201 1333 2241 ἄνθρωπον
1347 2202 1407 2231 κατ’
1419 2203 1507 2233 εἰκόνα
1519 2206 1652 2246 ἡμετέραν
1666 2208 1711 2238 καὶ
1731 2212 1791 2239 καθ’

1023 2246 1149 2285 ὁμοίωσιν
1159 2258 1166 2265 ·
1181 2246 1225 2276 ἐπὶ
1245 2246 1272 2276 δὲ
1293 2249 1340 2283 τῆς
1361 2249 1461 2285 Καινῆς
1477 2250 1524 2280 καὶ
1537 2252 1660 2290 μειζόνως
1671 2266 1678 2273 ·
1692 2256 1721 2284 οὗ
1739 2255 1791 2296 γὰρ

1023 2296 1054 2332 δὴ
1070 2296 1147 2335 μόνον
1167 2296 1248 2336 μηδὲν
1261 2299 1462 2338 εἰργασμένους,
1476 2300 1545 2330 ἀλλὰ
1562 2302 1607 2331 καὶ
1625 2304 1707 2344 μυρία
1720 2306 1791 2336 κακὰ

1021 2347 1207 2386 εἰργασμένους
1225 2348 1336 2387 ἐτίμησε
1350 2349 1393 2378 διὰ
1414 2352 1461 2386 τῆς
1480 2354 1526 2381 τοῦ
1539 2353 1650 2394 λουτροῦ
1663 2357 1789 2396 παλιγγε-

1021 2397 1123 2430 νεσίας·
1136 2398 1204 2427 οὕτω
1221 2398 1266 2428 καὶ
1278 2399 1390 2429 ἐνταῦθά
1402 2401 1472 2430 ἐστιν
1486 2402 1560 2440 ἰδεῖν,
1575 2403 1616 2433 ὅτι
1628 2407 1661 2446 τῇ
1675 2407 1790 2447 υἱοθεσία

1068 2494 1078 2506 ι·
1095 2486 1143 2512 Hic
1155 2488 1202 2513 levi
1214 2491 1355 2516 mutatione
1362 2491 1436 2517 series
1444 2492 1533 2520 melius
1544 2500 1582 2520 est.
1590 2496 1627 2521 sic
1637 2500 1676 2524 τὸν
1685 2500 1750 2532 λόγον
1761 2503 1789 2526 ἂν

1033 2528 1135 2559 ἔστρεψε,
1148 2526 1195 2558 vel,
1209 2534 1237 2552 ut
1245 2530 1388 2563 anarknm,
1401 2534 1490 2566 ἔτρεψε.

1064 2564 1075 2579 ·¹
1093 2565 1140 2589 Hic
1161 2567 1265 2592 omnino
1276 2567 1409 2601 legendum
1421 2574 1448 2597 τὸ
1459 2573 1516 2602 υἱοὺς
1534 2577 1642 2605 γενέσθαι,
1665 2580 1694 2600 ut
1710 2574 1787 2601 habet

1031 2603 1174 2629 Bavaricus·
1185 2606 1214 2632 Iu
1227 2605 1308 2631 Editis
1318 2613 1344 2634 τό
1352 2607 1447 2633 deerat.
