1890 2826
143 2191 259 2205 nnnnnnnn

187 2231 199 2259 2¹
218 2223 259 2266 3²·
270 2219 403 2256 occidens,
418 2219 488 2259 ἄλφα
503 2218 608 2258 ἄρκτος,
621 2218 777 2258 septentrio,
794 2222 829 2258 μῦ
851 2221 1015 2262 μεσημὸρία,

128 2288 139 2300 ,ι
154 2254 217 2300 miii:
226 2254 259 2298 ii·
270 2266 405 2296 meridies.
419 2266 454 2295 Et
468 2275 564 2294 nomen
585 2271 611 2294 et
625 2264 709 2294 literae
725 2265 911 2304 testificantur,
924 2268 1016 2297 homi-
1036 2266 1054 2290 C
1071 2265 1199 2293 Καλέἷταῑ
1212 2263 1300 2292 τοίνυν
1311 2266 1344 2303 ἢ
1360 2263 1483 2304 Ἑὸραῗδῑ
1499 2266 1572 2304 φωνῇ
1585 2266 1649 2305 πῦρ·
1666 2265 1745 2295 Ἐπεὶ
1757 2266 1843 2295 τοίνυν

268 154 339 207 564·

269 246 328 265 ηοη
350 236 417 264 estis
437 236 469 262 in
491 243 590 271 carne,
603 235 698 264 sedin
713 235 815 274 spiritu
831 246 839 263 :
855 234 883 263 si
893 234 1009 274 quidem

267 281 389 319 Spiritus
408 281 466 309 Dei
487 280 647 308 habitatin
666 280 762 309 vobis.
774 279 807 310 Si
825 281 890 320 quis
912 286 1010 309 autem

958 171 1139 196 SEVERIAM

1063 235 1141 272 σῶμα
1155 234 1245 274 νεκρὸν
1259 234 1292 264 δι’
1304 223 1451 275 ἁμαρτίαν,
1463 234 1494 264 τὸ
1507 234 1535 264 δὲ
1551 237 1656 275 πνεῦμα
1668 235 1722 272 ζωὴ
1737 236 1780 267 διὰ
1792 238 1833 267 δι-

1062 279 1212 316 καιοσύνην.
1224 281 1258 310 Εἰ
1270 280 1298 310 δὲ
1312 280 1342 310 τὸ
1355 281 1468 320 Πνεῦμα
1480 283 1526 311 τοῦ
1544 281 1693 322 ἐγείραντος
1705 282 1750 312 τὸν
1765 284 1833 323 Χρι-

267 327 405 366 Spiritum
421 327 478 361 Dei
493 336 552 355 non
566 326 684 363 habeat,
696 326 744 355 hic
758 336 818 355 non
836 332 879 356 est
891 327 964 366 ejus.
979 326 1011 355 Si
1025 333 1044 357 Ε
1062 326 1124 355 στὸν
1137 327 1204 356 οἰκεῖ
1217 327 1243 356 ἕν
1257 327 1332 366 ὑμῖν,
1347 328 1361 356 ὁ
1372 326 1474 366 ἐγείρας
1492 327 1538 357 τὸν
1552 327 1666 368 Χριστὸν
1687 330 1717 358 ἐκ
1735 331 1834 370 νεκρῶν

267 379 366 403 autem
385 373 518 402 Christus
535 372 575 401 ἱιι.
591 373 678 401 vobis
699 377 753 410 est,
767 382 870 412 corpus
891 373 1011 412 quidem

269 426 415 449 mortuum
435 427 476 450 est
493 425 612 459 propter
629 425 791 458 peccatum,
807 420 922 458 spiritus
940 429 1011 450 vero

267 468 334 495 vita
343 472 461 506 propter
462 467 619 506 justitiam.
629 465 718 504 Quod
725 466 751 494 .ςί
758 465 882 504 Spiritus
889 466 952 505 ejus
960 467 1014 505 qui

268 514 420 542 suscitavit
434 513 580 542 Christum
600 512 715 541 habitae
731 513 763 540 ἰιι
779 512 874 548 vobis,
888 513 941 551 qui
951 521 1011 541 sus-

267 560 370 589 citavit
387 559 534 588 Christum
545 569 565 588 a
582 559 704 587 mortuis
719 557 881 597 ‘vivificabit
894 563 923 587 et
935 567 1010 587 mor-

268 605 343 634 talia
364 615 486 644 corpora
509 611 630 642 vesu-a,
650 609 769 644 propter
794 604 1011 633 inhabitantem

266 650 405 690 Spiritum
426 652 490 693 ejus
511 652 544 680 in
567 651 662 680 vobis.
679 650 765 680 Extra
787 648 893 679 Patrem
914 657 941 680 et
961 650 1009 680 Fi-

266 697 334 726 lium
347 704 374 727 et
386 697 519 738 Spiritum
538 702 660 727 sanctum
679 706 728 726 nec
742 696 830 736 prima
842 695 940 726 creatio
958 703 1009 733 est,

265 753 314 773 nec
332 742 449 772 secunda
462 742 608 783 generatio,
623 752 672 772 nec
683 748 816 783 postrema
838 742 1008 772 resurrectio.

267 790 426 819 Faciamus
438 789 596 818 hominem.

305 837 335 866 5.
359 834 412 865 Hie
426 835 484 875 jam
503 844 549 864 eos
565 828 616 874 qni
633 833 832 875 reprehendunt
851 834 1013 874 praemonni-

266 893 338 912 mus.
354 881 478 912 Hominis
499 881 645 922 appellatio
668 881 803 911 Hebraiea
815 881 908 921 lingua
922 880 1012 920 ignem

266 928 410 969 significat.
426 927 478 959 nic
491 927 612 957 animum
633 926 744 964 adhibe,
757 937 848 966 quaeso
863 939 872 956 t
887 926 937 966 qui
959 926 1014 956 sin-

267 985 326 1011 eere
339 974 427 1011 audit,
456 980 550 1014 utpote
565 972 688 1003 veritatis
708 973 812 1003 amicus
830 979 857 1002 et
875 971 1013 1009 alumnus,

267 1021 381 1050 salutem
391 1019 563 1059 consequitur
573 1031 580 1049 :
589 1019 641 1059 qui
654 1029 719 1049 vero
730 1018 831 1058 iniquis
839 1025 879 1048 est
888 1018 1013 1055 auribus,

1063 371 1219 407 ζωοποιήσει
1235 371 1280 400 καὶ
1293 371 1328 400 τὰ
1342 370 1426 407 θνητὰ
1439 370 1552 410 σώματα
1565 373 1655 411 ὑμῶν,
1671 373 1714 403 διὰ
1726 373 1756 403 τὸ
1766 375 1833 404 ἔνοι-

1062 419 1124 446 κοῧν
1139 418 1218 447 αὐτοῦ
1232 418 1345 456 Πνεῦμα
1356 417 1383 446 ἔν
1396 418 1470 455 ὑμῖν.
1484 417 1578 451 Ἐκτὸς
1590 418 1694 458 Πατρὸς
1707 419 1752 448 καὶ
1768 420 1834 449 Υἱοῦ

1062 463 1107 492 καὶ
1128 462 1284 502 Πνεύματος
1304 462 1378 502 ἁγίου
1401 464 1452 503 οὔχ
1472 465 1490 498 ἡ
1510 462 1603 503 πρώτη
1625 463 1725 500 κτίσις,
1747 466 1797 506 οὔχ
1816 468 1833 501 ἡ

1062 509 1171 549 δευτέρα
1186 510 1318 549 γέννησις,
1333 510 1383 548 οὔχ
1395 510 1412 544 ἡ
1426 508 1564 539 τελευταία
1579 509 1730 545 ἀνάστασις.
1746 511 1833 548 Ποιή-

1062 568 1151 595 σωμεν
1166 555 1314 596 ἄνθρωπον.

1103 833 1236 863 Ἐνταῦθα
1250 833 1343 862 λοιπὸν
1357 833 1600 874 προησφαλισάμην
1621 834 1682 869 τοὺς
1695 835 1836 877 μεμφομέ-

1063 890 1132 913 νους.
1147 878 1184 909 Ἦ
1197 881 1243 908 τοῦ
1258 878 1394 919 ἀνθρώπου
1409 879 1573 920 προσηγορία
1583 882 1617 920 τῇ
1628 879 1752 922 Ἑὸραΐδι
1762 883 1835 922 φωνῇ

1063 928 1133 966 ⁰⁷:59
1150 924 1333 965 ἑρμηνεύεται.
1346 925 1486 965 Πρόσεχε,
1499 927 1648 966 παρακαλῶ
1657 939 1663 946 ·
1677 929 1692 956 ὁ
1706 927 1755 967 μὲν
1768 938 1836 967 γνη-

1064 971 1127 1006 σίως
1147 971 1267 1007 ἀκούων,
1282 972 1318 1004 ὥς
1331 970 1405 1010 φίλος
1425 970 1470 1000 καὶ
1478 970 1627 1013 ’σύντροφος
1645 972 1681 1002 ὧν
1702 975 1751 1009 τ’ἥς
1769 974 1837 1010 ἄλη-

1065 1017 1143 1053 θείας,
1155 1016 1267 1051 σώζεται
1276 1028 1283 1035 ·
1295 1018 1309 1046 ὃ
1319 1016 1348 1046 δὲ
1362 1017 1462 1058 ἐχθρῶς
1474 1016 1543 1057 ἔχων
1554 1017 1600 1052 τὰς
1614 1018 1704 1055 ἀκοὰς,
1719 1020 1749 1049 οὗ
1764 1021 1837 1056 ζητεῖ

267 1077 320 1097 non
333 1067 428 1106 quaerit
442 1067 470 1096 in
485 1076 539 1106 qno
558 1065 704 1095 utilitatem
721 1064 847 1106 accipiat,
859 1064 905 1095 sed
919 1064 947 1094 in
958 1075 1013 1104 quo
1022 1084 1058 1105 48³
1064 1062 1091 1092 τί
1102 1063 1239 1103 ὢφεληθῇ,
1255 1061 1324 1092 ἀλλὰ
1334 1062 1404 1096 τίνος
1417 1062 1592 1099 ἐπιλάὸηται·
1607 1065 1636 1094 οὔ
1651 1065 1724 1100 ζητεῖ
1737 1065 1764 1095 τί
1776 1078 1837 1106 ²²9·

268 1114 436 1143 criminetur.
459 1114 548 1143 Homo
575 1112 708 1143 Hebratca
731 1111 847 1142 dialecto
872 1111 942 1152 ignis
965 1111 1012 1141 di-
1030 1112 1049 1135 Α
1065 1108 1148 1149 δᾶνῃ,
1167 1108 1236 1138 ἀλλὰ
1251 1107 1278 1137 τί
1292 1108 1441 1149 μέμψηται.
1459 1109 1495 1139 Ὁ
1509 1109 1645 1150 ἄνθρωπος
1659 1112 1694 1151 τῇ
1713 1111 1838 1152 Ἑὸραΐδι

268 1159 348 1188 citur.
368 1160 427 1189 Hoc
451 1168 548 1188 nomen
573 1167 627 1187 non
650 1158 706 1187 sine
730 1168 811 1187 causa
835 1157 954 1187 inditum
975 1165 1015 1188 est

268 1204 373 1234 Adamo
389 1216 396 1233 z
412 1204 459 1233 sed
483 1211 598 1243 quatuor
621 1210 684 1233 sunt
704 1203 834 1233 elementa
857 1203 886 1232 in
911 1203 1015 1234 mundo

268 1253 394 1286 (rursum
407 1249 442 1279 de
455 1250 536 1279 rebus
547 1260 597 1289 ago
611 1249 790 1286 naturalibus,
801 1249 887 1279 velint
899 1249 1012 1286 nolint):

268 1303 339 1326 terra
349 1319 358 1334 ,
373 1307 443 1336 aqna
452 1319 461 1334 ,
476 1306 539 1331 aer,
554 1295 635 1335 ignis.
650 1296 751 1325 Caetera
765 1294 894 1324 elementa
908 1301 938 1324 ut
951 1301 1015 1324 sunt

268 1349 392 1380 manent;
405 1341 523 1382 exempli
532 1352 623 1379 causa,
634 1341 656 1370 si
667 1348 743 1370 terrae
753 1341 859 1380 glebam
873 1341 1012 1379 sumseris,

268 1400 322 1419 non
341 1396 417 1430 potes
430 1399 464 1418 ex
484 1398 515 1417 ea
537 1398 619 1427 quam
643 1394 713 1417 tenes
733 1387 839 1427 glebam
853 1397 988 1428 apponere
1004 1400 1011 1416 ι

268 1446 332 1476 ergo
357 1435 380 1464 si
408 1434 514 1474 glebam
538 1433 677 1470 sumseris,
698 1432 727 1462 id
749 1439 839 1463 manet
862 1432 937 1472 quod
961 1440 1012 1463 est.

268 1485 376 1521 Aquam
398 1491 508 1510 rursum
536 1479 559 1508 si
585 1489 712 1509 mensura
733 1478 851 1518 quadam
873 1479 1012 1518 sumseris,

268 1534 357 1557 manet
369 1527 462 1563 eadem
476 1537 556 1566 aqua,
568 1532 742 1566 augmentum
754 1535 807 1555 non
822 1526 930 1566 accipit.
945 1528 1014 1556 Aere

268 1575 292 1605 si
305 1581 392 1604 utrem
406 1573 563 1614 repleveris,
577 1572 664 1601 alium
677 1579 765 1601 utrem
782 1582 817 1602 ex
839 1572 888 1602 illo
901 1572 1015 1612 implere

268 1631 321 1651 non
333 1627 417 1661 potes.
427 1619 502 1659 Ignis
513 1629 577 1649 vero
587 1628 641 1647 non
654 1624 743 1647 manet
753 1618 842 1657 qualis
864 1625 914 1648 est.
927 1619 1014 1648 Parva

1065 1154 1194 1195 διαλέκτῳ
1208 1157 1262 1195 πῦρ
1274 1154 1391 1195 λέγεται.
1405 1156 1493 1185 Τοῦτο
1507 1155 1538 1186 τὸ
1550 1155 1634 1196 ὄνομα
1645 1158 1693 1187 οὐκ
1705 1157 1783 1195 ἐδόθη
1799 1160 1838 1199 τῷ

1064 1200 1148 1239 Ἀδὰμ.
1170 1202 1272 1241 ἀργῶς·
1295 1200 1364 1231 ἀλλὰ
1387 1200 1504 1241 τέσσαρά
1526 1202 1584 1232 ἔστι
1609 1207 1728 1244 στοιχεῖα
1749 1205 1777 1234 ὂν
1798 1205 1838 1245 '‘l'’

1064 1246 1157 1287 κόσμῳ
1178 1247 1188 1286 (
1195 1246 1276 1276 πάλιν
1299 1247 1465 1287 φυσιολογῶ,
1487 1247 1537 1277 κᾶν
1558 1248 1596 1287 μὴ
1620 1248 1761 1287 θέλωσιν)·
1783 1252 1836 1290 γῆ,

1064 1293 1150 1333 ὕδωρ,
1163 1292 1232 1333 ἀὴρ,
1252 1295 1314 1333 πῦρ.
1330 1294 1393 1323 Τῶν
1415 1294 1502 1323 ἄλλων
1527 1294 1665 1335 στοιχείων
1679 1295 1790 1326 ἕκαστον
1803 1298 1840 1331 ὡς

1063 1339 1120 1369 ἔστι
1139 1338 1228 1378 μένει·
1247 1334 1300 1368 οἶον
1310 1362 1318 1376 ,
1332 1339 1377 1368 ἐὰν
1393 1339 1479 1379 λάθῃς
1493 1341 1579 1380 βῶλον
1600 1343 1664 1380 γῆς,
1684 1345 1837 1382 προσθεῖναι

1063 1385 1136 1424 αὐτῷ
1152 1384 1204 1413 ἀπὸ
1225 1387 1272 1413 τοῦ
1285 1384 1464 1424 κατεχομένου
1483 1386 1512 1414 οὗ
1535 1385 1598 1426 δύνῃ
1609 1399 1616 1406 ·
1638 1387 1670 1417 ἂν
1691 1383 1735 1418 οὖν
1753 1388 1839 1429 λοίόῃς

1065 1431 1151 1470 βῶλον
1164 1431 1223 1470 γῆς,
1239 1429 1254 1459 8
1267 1430 1324 1459 ἐστι
1338 1429 1420 1468 μένει.
1436 1429 1528 1472 Ὕδωρ
1541 1431 1622 1461 πάλιν
1636 1433 1683 1463 ἐὰν
1693 1433 1778 1474 λάθῃς
1787 1434 1838 1473 μέ-

1062 1488 1117 1517 τρῳ
1130 1475 1197 1512 τινὶ,
1213 1475 1285 1515 μένει
1295 1475 1327 1507 τὸ
1338 1475 1402 1505 αὐτὸ
1418 1475 1488 1517 ὕδωρ
1497 1499 1505 1513 ,
1517 1478 1671 1518 προσθήκην
1685 1480 1714 1509 οὗ
1727 1480 1837 1520 λαμὸοἷ-

1062 1534 1112 1552 νει.
1131 1522 1218 1562 Ἀέρος
1237 1521 1283 1551 ἐὰν
1297 1522 1442 1563 πληρώσῃς
1459 1523 1557 1561 ἀσκὸν,
1573 1523 1652 1555 ἄλλον
1674 1525 1756 1556 ἀσκὸν
1769 1528 1839 1564 πλη-

1065 1571 1147 1608 ρῶσαι
1169 1570 1199 1599 οὖ
1221 1569 1331 1599 δύνασαι
1345 1570 1393 1598 ἀπ’
1415 1568 1525 1599 ἐκείνου.
1543 1569 1585 1600 Τὸ
1603 1570 1631 1600 δὲ
1653 1573 1708 1612 πῦρ
1721 1573 1750 1601 οὐ
1765 1572 1839 1611 μένει

1065 1610 1118 1644 οἶόν
1140 1615 1208 1644 ἐστι.
1233 1614 1336 1655 Μικρὸς
1356 1614 1469 1656 ᾇπτεται
1489 1614 1602 1656 λύχνος,
1626 1617 1672 1647 καὶ
1694 1618 1789 1658 μυρίας
1811 1619 1839 1654 ἐξ

267 1666 422 1698 accenditur
446 1666 572 1702 lucerna,
589 1665 796 1703 innumerasque
818 1675 853 1694 ex
874 1664 923 1694 illa
945 1665 1015 1694 faces
1032 1670 1049 1695 Β
1065 1661 1145 1691 αὖτοῧ
1159 1660 1284 1695 &timete
1294 1661 1447 1700 λαμπάδας,
1461 1661 1572 1701 κάμινον
1585 1662 1659 1701 ὅλην,
1673 1664 1758 1705 φλόγα
1770 1667 1837 1695 πολ-

268 1713 402 1750 accendis,
415 1712 546 1752 integram
558 1707 704 1747 fornacem,
715 1710 854 1740 flammam
869 1710 1013 1751 ingentem,

268 1772 317 1791 nec
330 1767 419 1790 manet
439 1759 509 1800 ignis
531 1758 624 1788 eadem
646 1759 743 1795 forma,
759 1758 807 1787 sed
821 1759 1017 1798 quantamlibet

269 1807 408 1837 materiam
418 1805 591 1846 corripuerit,
599 1805 805 1845 exsuperantius
814 1812 936 1845 augetur.
946 1807 1016 1836 Cum

270 1852 407 1893 praesciret
426 1862 490 1892 ergo
510 1852 603 1887 Deus,
625 1860 661 1879 ex
684 1860 739 1879 uno
763 1861 874 1890 corpore
897 1851 1017 1881 humano

270 1898 412 1938 replendos
436 1907 493 1927 esse
519 1896 593 1925 orbis
616 1895 744 1925 terminos
757 1896 767 1935 (
781 1896 890 1926 lucerna
914 1897 1017 1938 quippe

270 1955 323 1974 una
344 1951 382 1973 tot
395 1942 515 1973 accendit
535 1942 620 1978 faces,
636 1948 744 1980 eratque
763 1942 862 1980 oriens,
878 1942 1015 1980 occidens,

269 1990 413 2030 septentrio
423 1997 449 2019 et
461 1987 617 2025 meridies),
629 1998 724 2017 nomen
739 1987 838 2018 indidit
852 1990 892 2019 rei
906 2000 1017 2020 consen-

269 2044 388 2066 taneum.
403 2035 508 2065 Idcirco
519 2034 608 2074 ipsum
623 2033 720 2063 Adami
737 2045 831 2064 nomen
845 2036 945 2077 pignus
957 2043 1016 2066 erat

269 2082 342 2111 orbis
361 2089 503 2111 terrarum.
519 2079 590 2117 Quia
606 2080 679 2109 enim
698 2080 820 2110 futurum
834 2089 891 2111 erat
906 2089 936 2111 ut
949 2093 1017 2121 qua-

269 2135 331 2157 tuor
343 2127 451 2157 climata
464 2137 498 2156 ex
511 2126 570 2166 ipso
590 2125 778 2165 implerentur,
795 2127 909 2167 imponit
921 2128 947 2158 ei
962 2139 1016 2158 no-

268 2184 330 2203 men
351 2172 439 2202 Adam
454 2184 462 2201 ι
477 2172 548 2212 ἄλφα
568 2171 695 2207 ἀνατολή,
711 2171 811 2209 oriens,
828 2174 907 2203 δέλτα
930 2174 1015 2210 δύσις,

1063 1708 1123 1745 λὴν,
1137 1707 1182 1738 καὶ
1196 1709 1225 1738 οὗ
1240 1707 1314 1747 μένει
1328 1709 1356 1737 ἐν
1367 1709 1401 1747 τῇ
1417 1706 1470 1748 ἰδία
1484 1708 1557 1749 ὄψει,
1572 1710 1631 1739 ἄλλ’
1644 1709 1708 1747 ὅσην
1718 1710 1754 1740 ’ἂν
1766 1711 1838 1751 λάὸῃ

1064 1755 1114 1791 τὴν
1126 1754 1201 1790 ὕλην,
1214 1754 1351 1788 πλεονάζει
1363 1754 1394 1784 τὸ
1404 1756 1466 1794 πῦρ.
1484 1754 1564 1784 Ἐπεὶ
1574 1751 1619 1784 οὖν
1629 1755 1741 1796 προῄδει
1752 1757 1822 1792 Θεὸς
1829 1780 1837 1794 ,

1064 1801 1104 1831 ὅτι
1129 1801 1182 1830 ἀπὸ
1206 1800 1262 1834 ἑνὸς
1289 1800 1449 1841 ἀνθρωπείου
1471 1799 1595 1840 σώματος
1618 1803 1767 1842 πληροῦται
1788 1805 1836 1839 τῆς

1064 1847 1218 1886 οἰκουμένης
1237 1846 1271 1877 τὰ
1287 1846 1391 1887 πέρατα
1405 1842 1461 1886 (εἷς
1473 1846 1570 1887 λύχνος
1586 1848 1716 1882 τοσαύτας
1730 1849 1838 1884 ἐξάπτει

1064 1893 1220 1932 λαμπάδας,
1236 1893 1283 1923 καὶ
1298 1892 1386 1928 δύσις,
1397 1892 1442 1922 καὶ
1456 1892 1587 1929 ἀνατολὴ,
1599 1893 1645 1923 καὶ
1666 1894 1776 1934 ἄρκτος,
1790 1897 1836 1926 καὶ

1066 1939 1238 1980 μεσημὸρία)
1247 1960 1255 1974 ,
1275 1938 1368 1975 ἔθηκεν
1390 1938 1474 1978 ὄνομα
1503 1938 1574 1972 ἄξιον
1601 1941 1647 1969 τοῦ
1671 1940 1836 1980 πράγματος.

1066 1985 1117 2015 Διὰ
1131 1988 1208 2015 τοῦτο
1225 1984 1271 2015 καὶ
1283 1984 1348 2014 αὗτὸ
1360 1986 1406 2014 τοῦ
1421 1984 1505 2023 Ἀδὰμ
1523 1985 1553 2014 τὸ
1571 1985 1655 2024 ὄνομα
1668 1986 1792 2027 ἅῤῥαόὼν
1805 1983 1838 2024 ἦν

1065 2033 1113 2067 τῆς
1126 2030 1292 2069 οἰκουμένης.
1305 2029 1418 2065 Ἐπειδὴ
1429 2029 1481 2070 γὰρ
1496 2030 1591 2070 ἔμελλε
1603 2030 1638 2060 τὰ
1648 2031 1765 2073 τέσσαρα
1777 2033 1839 2063 κλί-

1067 2089 1139 2116 ματα
1163 2075 1293 2111 ἐξ-αὗτοῦ
1315 2076 1482 2115 πληροῦσθαι
1491 2098 1499 2112 ,
1520 2075 1610 2112 τίθησι
1634 2077 1665 2107 τὸ
1688 2078 1772 2118 ὄνομα
1793 2082 1839 2109 τοῦ

1066 2123 1150 2161 Ἀδάμ
1159 2135 1166 2142 ·
1189 2122 1260 2162 ἄλφα
1282 2121 1397 2158 ἀνατολὴ
1409 2143 1417 2158 ,
1432 2121 1510 2151 δέλτα
1533 2121 1622 2159 δύσις,
1644 2123 1716 2164 ἄλφα
1730 2124 1824 2165 ἄρκτος
1834 2148 1842 2161 ,

1069 2172 1104 2208 μῦ
1120 2168 1283 2209 μεσημὸρία.
1298 2167 1352 2198 Καὶ
1365 2166 1395 2197 τὸ
1409 2168 1492 2207 ὄνομα
1506 2167 1551 2197 καὶ
1565 2169 1600 2198 τὰ
1609 2169 1757 2210 γράμματα
1771 2183 1843 2212 μαρ-

1069 2222 1141 2258 τυρεῖ
1154 2219 1192 2258 τῷ
1205 2217 1336 2258 ἀνθρώπῳ
1349 2217 1472 2256 μέλλοντι
1483 2218 1602 2259 πληροῦν
1615 2218 1664 2256 τὴν
1678 2220 1843 2260 οἰκουμένην.

269 2323 331 2342 nem
364 2311 531 2352 repleturum
563 2321 620 2340 esse
647 2311 740 2341 orbem
773 2319 917 2342 terrarum.
959 2316 1020 2344 Vo-
1071 2312 1125 2350 πῧρ
1145 2309 1202 2350 ἔχει
1219 2309 1268 2345 ’τὴν
1282 2309 1475 2350 προσηγορίαν,
1490 2311 1538 2340 οὔκ
1558 2305 1629 2339 ὅκνεῐ
1648 2313 1665 2347 ἡ
1686 2311 1779 2352 Γραφὴ
1799 2311 1845 2341 καὶ

269 2366 345 2388 catur
363 2369 428 2398 ergo
454 2358 586 2388 Hebra’iea
611 2357 703 2397 lingua
726 2358 806 2398 ignis.
838 2359 909 2396 Quia
936 2360 1021 2400 igitur
1074 2356 1134 2389 τοὺς
1147 2355 1273 2395 ἀγγέλους
1287 2355 1441 2396 ἀνθρώπους
1460 2357 1561 2394 καλεῖν·
1577 2355 1643 2385 Ὅτε
1662 2356 1713 2396 γὰρ
1726 2352 1805 2392 ἦλθον
1818 2359 1844 2387 αῖ

269 2404 339 2444 ignis
364 2404 570 2444 appellationem
600 2403 681 2433 habet
691 2427 698 2440 ‚
737 2414 789 2433 non
817 2404 923 2435 dubitat
950 2408 1021 2436 Scri-
1075 2402 1137 2442 περὶ
1149 2401 1257 2442 Μαρίαν
1269 2403 1306 2435 εἷς
1319 2402 1349 2431 τὸ
1363 2404 1472 2441 μνῆμα,
1490 2402 1577 2441 λέγει·
1593 2401 1661 2431 Ἰδοὺ
1675 2402 1846 2442 παρέστησαν

270 2457 350 2490 ptura
378 2450 459 2479 etiam
484 2450 593 2489 angelos
618 2450 742 2479 homines
769 2461 873 2481 vocare.
903 2453 1019 2488 Quando
1077 2455 1168 2486 αὐταῖς
1182 2453 1228 2482 δύο
1242 2453 1341 2493 ἄνδρες.
1353 2447 1443 2482 ’Ἦσαν
1461 2453 1488 2482 δὲ
1503 2452 1618 2493 ἄγγελοι.
1633 2453 1686 2483 Καὶ
1699 2453 1804 2494 ἄγγελοι
1819 2455 1845 2488 δὲ

304 2543 313 2553 ⁰
333 2534 528 2567 Viriappellatio
542 2533 665 2559 Hebratca
684 2535 784 2560 accedit.
800 2536 833 2560 ad
845 2537 908 2570 ignis
921 2546 1027 2562 nomen:
1082 2546 1140 2562 men
1158 2543 1225 2569 ῃἹκ
1241 2538 1332 2564 Adam
1340 2538 1394 2565 vult
1403 2537 1436 2564 ad
1449 2538 1512 2571 ignis
1523 2547 1614 2565 nomen
1634 2539 1761 2573 accedere,
1773 2541 1848 2574 longc-

272 2581 330 2606 ωικ
350 2573 519 2599 ινίνΗοΙπεϊοε
531 2573 623 2599 dicitur
639 2578 686 2604 vn
703 2575 769 2607 ignis
790 2575 839 2601 Sed
851 2576 871 2600 si
883 2579 963 2613 ipsum
990 2585 1035 2602 no-
1084 2586 1151 2605 errat
1159 2580 1315 2608 Severianus.
