1890 2826
93 384 183 406 IsaLss.
196 385 231 409 18.

244 175 289 209 90

243 235 294 265 hoc
308 243 346 265 est
362 248 369 265 :
386 235 520 275 Egredere
539 235 566 264 in
577 245 727 271 occursum,
743 243 773 264 tu
792 242 818 265 et
831 235 879 274 qui
897 242 986 264 tecum

242 289 391 321 versantur,
411 282 458 322 qni
480 282 566 312 relicti
577 289 640 311 sunt
652 293 686 311 ex
700 282 809 323 popuio.
826 283 867 312 Ne
880 281 986 310 mireris

242 335 331 358 autem
348 330 369 358 si
390 329 523 369 populum
538 335 619 362 *vocet
639 328 727 358 filium
745 339 825 358 suum
845 340 852 357 ι
872 338 935 357 nam
957 327 985 356 in

242 375 413 414 sequentibus
430 376 487 405 ait:
506 377 585 404 Ecce
600 381 704 414 ego‚et
721 376 804 414 pueri
823 377 891 411 mei,
912 385 985 414 quos

230 423 322 459 *dedit
337 423 409 452 mihi
426 424 513 452 Deus.
530 422 638 451 Etenim
651 429 759 462 patrum
773 421 895 452 ordinem
915 428 985 450 tene-

241 469 308 499 bant
318 469 412 505 sancti,
424 469 471 507 qui
482 469 590 498 caritate
597 475 623 497 et
633 468 815 498 sollicitudine
825 469 894 498 circa
902 479 986 508 popu-

241 515 299 544 lum
320 515 416 552 illum,
439 526 484 544 eos
502 525 593 544 omnes
612 514 659 553 qui
683 521 777 544 natura
800 522 890 555 patres
911 521 986 544 erant

241 561 412 601 superabant.
436 561 554 591 Relictos
577 572 640 591 vcro
661 560 737 596 dicit,
762 561 836 600 quod
855 561 934 590 multi
951 561 985 590 ab

241 608 364 637 hostibus
383 608 494 638 fuissent
515 607 634 637 abducti.
651 609 690 636 In
703 610 757 636 via
767 610 831 648 agri
842 607 983 649 fullonis.

241 657 347 693 Magnae
369 655 436 684 mihi
456 654 631 684 difficultatis·
643 654 672 683 id
693 665 749 684 esse
767 654 886 690 videtur,
900 655 922 683 si
937 654 984 693 qui
1000 657 1018 680 ¹}

240 699 333 728 vallati
354 706 380 728 et
397 699 497 728 obsessi
515 707 600 736 erant,
614 709 647 728 ne
667 699 798 739 respicere
815 698 925 738 quidem
938 710 984 727 ex-

239 752 280 774 tra
293 752 383 786 portas
394 745 532 783 audentes,
545 753 632 775 tamen
646 756 702 775 sese
715 745 984 775 monstrabant.Nam

239 799 315 821 extra
333 803 425 822 muros
445 792 502 822 haec
515 793 559 822 via
574 792 631 832 jam
656 802 712 821 esse
723 791 841 821 videtur.
853 793 984 828 Quaenam

239 838 324 877 igitur
347 846 386 868 est
405 839 488 878 hujus
501 839 672 868 difficultatis
691 838 810 867 solutio?
824 837 897 867 Olim
919 837 984 866 urbs

239 883 343 924 duplici
357 895 435 913 muro
447 885 618 914 muniebatur
634 897 640 913 ε
656 894 716 913 nam
733 883 788 912 duo
800 883 876 912 urhis
887 883 985 912 moenia

239 937 324 968 eraut;
343 930 425 968 idque
444 941 478 960 ex
498 931 551 960 alio
567 930 698 970 propheta
718 929 853 958 attendere
868 929 983 958 volenti—

238 977 290 1006 bus
305 977 418 1016 probare
431 977 502 1006 licet.
521 978 652 1017 Egressus
667 976 748 1016 igitur
768 976 875 1016 lapsum
890 987 983 1005 eorum

238 1024 319 1063 erigit
345 1025 465 1054 animum
476 1048 483 1061 ,
507 1031 533 1053 et
556 1024 590 1053 de
612 1024 712 1053 futuris
735 1023 869 1053 confidere
893 1023 981 1062 jubet.

238 1071 363 1108 Quiesce,
377 1071 423 1107 ait,
438 1078 462 1100 et
480 1082 513 1099 ne
526 1071 629 1105 timeas,
646 1077 672 1100 et
689 1081 764 1111 reges
778 1077 855 1100 vocat
877 1070 983 1099 titiones

237 1117 384 1157 lignorum,
398 1127 492 1146 eorum
507 1117 589 1146 simul
607 1117 802 1147 vehementiam
817 1123 843 1146 et
862 1116 984 1145 imbecil-

236 1163 338 1192 litatem
352 1163 501 1192 deelarans.
526 1164 596 1193 Nam
609 1163 670 1192 ideo
685 1162 803 1200 addidit,
818 1164 981 1202 Fumigan-

237 1211 320 1245 tium,
335 1209 364 1238 id
377 1215 428 1246 est,
441 1209 488 1248 qui
499 1220 563 1238 mox
574 1208 761 1248 exstinguendi
775 1216 859 1238 erant.
873 1208 982 1238 Exhinc

589 174 617 197 S.
646 174 786 197 JOANNIS
812 173 996 197 CHRYSOST.
1018 174 1172 199 anetum).
1201 176 1475 201 CONSTANTINOP.

1038 236 1115 266 τοῦτο’
1129 238 1199 267 ἐστιν
1211 250 1218 256 ·
1231 238 1316 272 ἔξελθε
1335 241 1371 272 εἷς
1386 239 1553 276 συνάντησιν,
1574 239 1606 270 σὺ
1628 241 1673 271 καὶ
1695 242 1719 272 οἱ
1738 243 1806 271 ‹iva-

1039 282 1209 324 στρεφόμενοι
1222 283 1290 323 μετὰ
1304 287 1364 321 σοῦ,
1379 287 1402 314 οἱ
1425 285 1641 326 καταλειφθέντες
1660 290 1706 317 τοῦ
1726 289 1804 318 λαοῦ.

1038 328 1085 365 Μὴ
1097 329 1232 370 θαυμάσῄς
1251 330 1278 359 δὲ
1303 332 1325 360 εἷ
1346 331 1400 360 υἱὸν
1424 333 1503 360 αὐτοῦ
1517 332 1593 361 καλεῖ
1607 327 1651 362 τὸν
1665 333 1745 362 λαόν·
1760 334 1806 363 καὶ

1037 374 1088 415 γὰρ
1101 375 1198 416 προϊών
1213 388 1292 417 φησιν
1302 389 1308 394 ·
1325 377 1392 406 Ἰδοὺ
1409 377 1473 416 ἐγὼ,
1486 377 1531 407 καὶ
1545 377 1580 407 τὰ
1599 378 1708 415 παιδία,
1723 379 1740 408 ἅ
1759 391 1805 419 μοι

1039 420 1132 450 ἔδωκεν
1144 423 1158 450 ὁ
1171 422 1249 456 Θεός.
1276 423 1328 452 Καὶ
1351 423 1401 463 γὰρ
1417 423 1539 463 πατέρων
1552 423 1626 458 τάξιν
1649 426 1756 466 ἔπεῖχον
1781 428 1805 455 οἵ

1039 466 1123 506 ἅγιοι,
1137 470 1169 508 τῇ
1184 467 1274 508 ἀγάπῃ
1288 469 1333 498 καὶ
1347 471 1380 509 τῇ
1395 470 1539 510 κηδεμονίᾳ
1557 472 1591 510 ἰ-’ᾕ
1613 470 1674 510 περὶ
1694 471 1739 501 τὸν
1758 473 1805 508 8⁷⁹2-

1039 524 1088 552 μον
1100 515 1195 543 ἐκεῖνον
1210 514 1311 548 πάντας
1329 515 1388 549 τοὺς
1401 518 1449 552 τῆς
1468 516 1570 556 φύσεως
1593 515 1806 557 ἀποκρύπτοντες

1036 559 1161 600 πατέρας.
1182 561 1408 602 Καταλειφθέντας
1430 563 1459 592 δέ
1477 574 1558 603 φησι,
1572 562 1616 592 διὰ
1639 563 1670 593 τὸ
1691 563 1806 598 πολλοὺς

1036 606 1211 647 ἀπενηνέχθαι
1232 607 1284 637 ὑπὸ
1310 611 1362 637 τῶν
1388 609 1531 647 πολεμίων.
1556 609 1603 639 Ἐν
1626 611 1660 649 τῇ
1684 611 1736 650 ὁδῷ
1754 613 1801 640 τοῦ

1035 653 1116 692 ἀγροῦ
1129 655 1174 682 τοῦ
1195 653 1322 694 γναφέως.
1338 655 1446 690 Πολλῆς
1461 666 1505 694 μοι
1528 654 1640 696 ἀπορίας
1663 655 1709 685 καὶ
1723 659 1801 685 τοῦτο

1036 693 1194 735 εἶναιδοκεῖ,
1207 699 1270 740 εἴγε
1284 702 1308 729 οἱ
1322 700 1553 740 συγκεκλεισμένοι
1563 722 1570 736 ,
1582 701 1626 730 καὶ
1642 701 1802 742 πολιορκού-

1036 756 1125 784 μενοι,
1147 745 1191 775 καὶ
1213 746 1279 785 μηδὲ
1302 746 1436 787 προκύψαι
1454 749 1616 786 τολμῶντες,
1639 747 1688 781 ἔξω
1708 749 1800 776 πυλῶν

1035 791 1177 831 ἐφαίνοντο.
1188 790 1239 822 Καὶ
1251 792 1302 832 γὰρ
1317 792 1367 826 ἔξω
1382 795 1478 833 τειχῶν
1490 796 1507 829 ἡ
1526 793 1583 826 ὁδὸς
1599 792 1665 830 αὕτη
1681 793 1802 833 φαίνεται
1827 819 1830 821 Α

1035 841 1080 867 νῦν
1093 833 1167 867 οὖσα.
1181 837 1229 871 Τίς
1242 834 1285 867 οἶν
1298 841 1315 874 ἡ
1330 839 1403 872 λύσις
1417 842 1464 875 τῆς
1478 839 1589 879 ἀπορίας
1603 839 1718 876 radi-qu
1735 839 1801 870 Ὅτι

1034 885 1064 915 τὸ
1088 883 1199 915 παλαιὸν
1219 885 1306 926 ἕτερον
1330 885 1522 926 περιεὸέὸλητο
1546 890 1648 926 τεῖχος·
1676 886 1722 915 καὶ
1749 887 1803 927 γὰρ

1035 932 1116 960 διπλᾶ
1131 931 1164 961 τὰ
1177 931 1253 972 τείχη
1275 934 1308 972 τῇ
1322 931 1398 961 πόλει
1418 928 1450 968 ἦν
1463 944 1469 950 ·
1495 932 1539 961 καὶ
1561 934 1638 961 τοῦτο
1661 931 1748 972 ῥᾴδιον
1773 932 1802 967 ἐξ

1035 978 1124 1019 ἑτέρου
1134 979 1266 1020 προφήτου
1277 979 1391 1008 κατιδεῖν
1403 979 1459 1007 ἐστι
1470 982 1523 1011 τοῖς
1532 978 1701 1018 βουλομένοις
1713 990 1799 1018 προσ-

1034 1025 1115 1066 έχειν.
1128 1025 1255 1060 Ἔξελθὼν
1275 1025 1360 1054 τοίνυν
1385 1024 1521 1061 ἀνίστησιν
1546 1026 1632 1054 αὐτῶν
1656 1023 1690 1054 τὰ
1704 1024 1802 1065 φρονή-

1033 1084 1104 1111 ματα
1116 1070 1348 1106 καταπεπτωκότα,
1360 1070 1405 1100 καὶ
1423 1070 1524 1100 κελεύει
1538 1073 1644 1110 θαρσεῖν
1665 1070 1732 1110 ὖπὲρ
1745 1072 1799 1100 τῶν

1032 1117 1188 1157 μελλόντων.
1201 1116 1437 1158 Ἢσύχασονγὰρ,
1465 1116 1544 1157 φησὶ,
1567 1117 1612 1146 καὶ
1642 1116 1678 1156 μὴ
1703 1117 1798 1156 4060ss-

1031 1164 1075 1194 καὶ
1103 1163 1194 1197 δαλοὺς
1219 1162 1300 1196 ξύλων
1323 1164 1397 1192 καλεῖ
1418 1162 1477 1195 τοὺς
1495 1163 1633 1202 βασιλέας,
1656 1164 1723 1201 ὁμοῦ
1748 1162 1798 1201 μὲν

1031 1211 1117 1240 αὐτῶν
1141 1210 1171 1239 τὸ
1195 1209 1312 1249 σφοδρὸν,
1331 1211 1396 1247 ὁμοῦ
1419 1208 1465 1238 καὶ
1485 1209 1515 1238 τὸ
1538 1208 1693 1248 εὐχείρωτον
1717 1209 1799 1238 ἔνδει-

235 1255 384 1292 declarans,
397 1266 450 1284 non
463 1266 497 1285 ex
506 1266 600 1285 eorum
612 1255 740 1295 potentia,
751 1255 798 1284 sed
811 1254 845 1284 ex
857 1255 906 1284 Dei
919 1266 980 1295 per-
996 1262 1016 1285 D
1030 1256 1164 1296 κνύμενος.
1190 1255 1242 1285 Καὶ
1263 1253 1314 1295 γὰρ
1339 1255 1385 1291 τὸ,
1412 1255 1626 1293 Καπνιζομένων,
1650 1255 1693 1284 διὰ
1716 1258 1797 1284 τοῦτο

235 1302 361 1332 missione
372 1302 537 1333 invasionem
549 1312 605 1331 esse
617 1302 725 1339 factam,
737 1301 774 1330 ait
790 1313 796 1329 :
814 1301 887 1331 Cum
904 1303 980 1331 enim

234 1350 281 1377 ira
288 1349 402 1389 furoris
416 1351 473 1378 mei
490 1349 592 1388 suerit,
607 1358 723 1378 rursum
740 1349 884 1377 medebor.
897 1348 926 1377 5.
940 1350 982 1378 Et

229 1394 312 1434 filius
324 1395 431 1431 Aram,
454 1395 573 1435 etfilius
596 1394 743 1432 Romeliae‚
762 1396 833 1434 quia
853 1396 982 1425 inierunt

234 1442 399 1471 consiliam*
412 1442 535 1478 malum,
550 1442 694 1480 Ephraim
708 1447 734 1470 et
739 1441 827 1482 filiu-s
841 1442 981 1472 Romelioe

233 1495 335 1517 contra
349 1494 376 1516 te
385 1489 514 1517 dicentes
525 1501 533 1517 :
543 1488 573 1517 6.
584 1487 784 1517 Ascendemus
798 1489 829 1516 in
842 1489 979 1518 Judoeam

233 1542 262 1563 et
275 1535 441 1578 affligemus
455 1545 530 1572 eam,
541 1540 569 1564 et
580 1534 745 1573 colloquuti
754 1542 918 1564 aver-temus
931 1547 979 1566 eos

234 1582 274 1610 ad
287 1592 349 1619 nos,
365 1588 393 1611 et
402 1582 588 1622 praeficiemus
599 1583 626 1610 ei
639 1591 733 1621 regem
743 1582 840 1619 sillum
860 1583 976 1612 Tabeel.

233 1629 260 1656 7.
282 1629 355 1657 Haee
369 1628 438 1656 dicit
461 1629 603 1657 Dominus
625 1627 755 1656 Sabaoth
771 1640 779 1656 ε
794 1628 862 1657 Non
882 1639 978 1658 mane-

233 1675 274 1703 bit
291 1674 447 1705 consilium
471 1676 536 1710 hoc,
560 1685 653 1715 neque
673 1675 727 1703 erit
743 1687 751 1703 .-
769 1674 799 1703 8.
827 1676 878 1704 sed
890 1683 978 1716 eaput

232 1720 330 1749 Aram
337 1720 513 1759 Damascus,
525 1727 553 1749 et
569 1727 655 1760 capnt
675 1721 816 1750 Damasci
823 1723 925 1751 Rasin.
935 1723 976 1751 Ee
989 1745 1013 1763 73

1030 1302 1214 1343 προστέδεικε,
1226 1300 1372 1336 τουτέστιν,
1384 1301 1459 1340 ἔγγὺς
1480 1301 1561 1330 ὄντων
1586 1303 1630 1329 τοῦ
1650 1300 1794 1336 σὸεσθῆναι

1029 1349 1129 1379 λοιπόν.
1153 1343 1220 1378 Εἶτα
1233 1348 1333 1386 δηλῶν,
1346 1348 1381 1380 ὣς
1399 1348 1428 1376 οὐ
1450 1348 1499 1381 τῆς
1523 1346 1629 1375 ἐκείνων
1645 1345 1796 1384 δυνάμεως,

1030 1395 1100 1425 ἀλλὰ
1117 1397 1165 1431 τῆς
1185 1395 1263 1423 αὐτοῦ
1284 1393 1474 1433 σνγχωρήσεως
1487 1395 1504 1428 ἡ
1519 1391 1610 1432 ἔφοδος
1634 1388 1678 1428 ἦν,
1702 1392 1798 1432 φησίν·

1030 1441 1117 1471 “Oi-ow
1149 1440 1201 1480 γὰρ
1228 1439 1291 1480 ὀργὴ
1315 1441 1360 1468 τοῦ
1385 1441 1468 1477 θυμοῦ
1495 1450 1544 1476 μου
1569 1438 1692 1477 γένηται,
1717 1438 1799 1467 πάλιν

1030 1487 1150 1526 ἰάσομαι.
1166 1485 1220 1516 Καὶ
1230 1487 1244 1515 ὁ
1256 1485 1310 1518 υἱὸς
1328 1487 1373 1514 τοῦ
1387 1484 1486 1524 Ἀρὰμ,
1500 1484 1546 1513 καὶ
1560 1486 1573 1513 ὁ
1591 1484 1646 1517 υἱὸς
1664 1486 1710 1513 τοῦ
1729 1483 1798 1513 Ῥω-

1030 1532 1137 1571 μελίου,
1152 1532 1193 1562 ὅτι
1211 1530 1397 1561 ἐὸωλεύσαντο
1418 1529 1515 1570 βουλὴν
1535 1529 1661 1567 πονηρὰν,
1678 1529 1798 1569 Ἐφραῒμ
1820 1541 1822 1543 ’

1029 1578 1073 1607 καὶ
1092 1580 1105 1607 ὁ
1131 1578 1185 1611 υἱὸς
1204 1580 1248 1607 τοῦ
1263 1576 1410 1615 Ῥωμελίου
1424 1576 1493 1605 κατὰ
1515 1579 1561 1605 σοῦ
1581 1575 1717 1615 λέγοντες·
1733 1577 1797 1605 ἄνα-

1029 1625 1166 1664 ὅησόμεθα
1178 1626 1215 1659 εἰς
1226 1623 1275 1661 τὴν
1290 1623 1427 1659 Ἰουδαίαν,
1448 1622 1461 1638 ‘¹
1471 1623 1515 1652 καὶ
1531 1618 1689 1661 κακώσομεν
1705 1622 1796 1659 αὐτὴν,

1027 1671 1072 1700 καὶ
1090 1671 1298 1707 συλλαλήσαντες
1315 1669 1514 1709 ἅποστρέψομεν
1528 1668 1621 1701 αὐτοὺς
1634 1668 1697 1709 πρὸς
1708 1671 1796 1707 ἡμᾶς,

1028 1717 1073 1747 καὶ
1089 1717 1275 1757 βασιλεύσομεν
1288 1717 1368 1751 αὖε-’ἥς
1377 1715 1422 1745 τὸν
1434 1715 1489 1744 υἱὸν
1505 1715 1625 1750 Ταὸεήλ.
1641 1715 1714 1744 Τάδε
1724 1715 1797 1755 λέγει

231 1767 330 1796 adhuc
340 1768 493 1807 sexaginta
507 1770 636 1807 quinque
657 1768 740 1803 anni,
756 1773 784 1796 et
798 1768 911 1808 deficiet
932 1779 976 1797 re·
993 1773 1012 1795 A
1029 1763 1125 1804 Κύριος
1145 1762 1260 1794 Σαὸαώθ
1271 1774 1278 1781 ·
1292 1762 1377 1801 ὠμὴ
1395 1761 1470 1801 μείνῃ
1488 1764 1505 1797 ἡ
1521 1761 1602 1800 βουλὴ
1630 1761 1714 1798 αὕτη,
1737 1761 1798 1791 οὐδὲ

230 1823 321 1851 gnum
330 1814 475 1853 Ephraim
489 1824 508 1842 a
517 1814 635 1853 populo.
645 1814 674 1842 9.
683 1814 724 1843 Et
736 1815 977 1854 caputEphra'z'm

229 1857 380 1896 Somoron,
392 1866 420 1888 et
430 1866 516 1899 caput
526 1859 667 1888 Somoron
675 1859 758 1898 silius
772 1861 923 1890 Romelioe.
935 1863 977 1894 Ec

229 1906 255 1932 si
265 1915 324 1933 non
338 1906 527 1941 credideritis,
540 1915 599 1933 non
609 1905 790 1946 intelligetis.
801 1907 907 1936 Rursus
915 1919 976 1947 pro-

229 1950 308 1989 pheta
327 1961 455 1990 magnum
474 1951 621 1991 prophetiae
645 1958 834 1990 argumentum
852 1953 971 1984 exhibet.

229 1996 300 2032 Quia
313 1996 384 2025 enim
405 1997 485 2026 timor
498 1997 560 2026 illos
574 1997 735 2036 exagitabat,
758 2005 783 2027 et
797 2005 856 2027 ante
882 2000 974 2030 oculos

228 2041 298 2070 mala
312 2049 397 2079 erant,
413 2042 484 2071 hona
500 2049 588 2071 autem
607 2043 634 2071 in
653 2053 711 2082 spe,
732 2045 972 2082 exspectationem—

227 2097 279 2125 que
290 2098 395 2117 omnem
407 2089 571 2128 superantia,
584 2099 632 2117 nec
643 2089 707 2118 satis
720 2089 825 2119 creduli
836 2099 909 2120 erant
920 2103 970 2122 au-

224 2132 336 2169 ditores,
359 2133 422 2164 vide
436 2134 502 2173 quid
521 2134 611 2164 faciat.
626 2135 679 2164 Dat
692 2135 798 2174 signum
822 2137 971 2168 maximum

223 2191 317 2210 eorum
337 2192 397 2221 quae
418 2189 546 2212 eventura
567 2189 653 2220 erant,
676 2183 785 2213 consilia
805 2184 923 2214 hostium
940 2187 969 2216 in

223 2226 344 2257 medium
363 2227 507 2258 adducens.
522 2229 625 2258 Eorum
639 2239 753 2268 namque
774 2230 894 2260 animum
905 2243 969 2272 ape-

221 2274 269 2311 rit,
281 2285 334 2314 quo
348 2275 414 2303 moti
429 2274 522 2303 urbem
541 2276 740 2315 oppugnabant,
753 2283 778 2306 et
795 2277 863 2316 quid
874 2286 968 2308 mutuo
987 2276 1003 2299 Β

221 2320 370 2359 colloquuti
384 2327 482 2356 essent,
504 2327 530 2349 et
549 2331 603 2359 quo
628 2328 705 2361 pacto
724 2322 801 2351 initio
824 2323 964 2363 redierint,

220 2366 389 2405 ostenditque
410 2373 457 2395 aut
471 2366 649 2406 proditionem
667 2378 722 2397 esse
741 2368 770 2398 id
785 2369 858 2408 quod
871 2371 966 2411 ageba-

221 2420 264 2442 tut·
277 2413 460 2453 (Colloquuti
472 2413 554 2448 enim,
571 2420 681 2452 mutuo,
695 2415 792 2454 inquit,
806 2427 871 2446 cum
884 2419 965 2457 ipsis,

220 2467 267 2486 eos
286 2464 449 2486 avertemus
467 2457 508 2485 ad
525 2459 621 2493 1zos);
645 2465 692 2487 aut
711 2459 795 2489 multa
814 2463 964 2501 arrogantia

250 2548 263 2566 ⁴1
280 2548 352 2578 naec,
367 2551 404 2573 καὶ
417 2553 543 2581 ιοκώσομευ
556 2550 632 2580 αὐτήν,
644 2556 695 2573 non
706 2555 763 2574 sunt
774 2551 799 2575 in
812 2557 880 2577 textu
892 2559 935 2579 τῶν
944 2554 979 2580 0'.

1028 1810 1118 1840 ἔσται·
1140 1810 1198 1839 ἀλλ’
1219 1811 1236 1845 ἡ
1258 1806 1358 1849 κεφαλὴ
1371 1807 1455 1848 Ἀρὰμ
1471 1807 1614 1846 Δαμασκὸς
1625 1830 1633 1843 ,
1648 1807 1694 1837 καὶ
1717 1810 1735 1843 ἡ
1751 1819 1796 1836 κε-

1028 1855 1098 1896 φαλὴ
1114 1857 1257 1895 Δαμασκοῦ
1267 1853 1388 1883 “Ῥασίν.
1403 1853 1456 1883 Καὶ
1467 1853 1506 1882 ἔτι
1517 1853 1644 1889 ἑξήκοντα
1657 1853 1703 1883 καὶ
1717 1853 1795 1883 πέντε

1027 1902 1088 1938 ἔτη,
1101 1901 1146 1931 καὶ
1160 1901 1274 1941 ἐκλείψει
1287 1902 1304 1936 ἦ
1319 1898 1441 1939 βασιλεία
1450 1899 1571 1940 Ἐφραῒμ
1583 1899 1636 1928 ἀπὸ
1651 1901 1726 1929 λαοῦ.
1741 1899 1796 1929 Καὶ

1025 1950 1042 1984 ἡ
1054 1947 1156 1988 κεφαλὴ
1168 1946 1286 1987 Ἐφραὶμ
1306 1945 1447 1985 Σομόρων,
1462 1945 1507 1974 καὶ
1520 1947 1537 1980 ἡ
1552 1944 1654 1985 κεφαλὴ
1665 1945 1794 1985 Σομόρων

1025 1997 1039 2024 ὁ
1051 1994 1106 2027 υἱὸς
1118 1996 1164 2023 τοῦ
1175 1992 1332 2032 Ῥωμελίου.
1352 1991 1404 2020 Καὶ
1420 1991 1464 2020 ἐὰν
1485 1991 1521 2030 μὴ
1546 1991 1722 2027 πιστεύσητε,
1736 1990 1795 2020 οὐδὲ

1024 2039 1061 2079 μὴ
1079 2041 1183 2074 συνῆτε.
1193 2038 1281 2068 Πάλιν
1308 2039 1322 2066 ὁ
1346 2036 1484 2077 προφήτης
1506 2037 1635 2076 μεγίστην
1658 2036 1795 2071 ἀπόδειξιν

1022 2084 1168 2125 παρέχεται
1178 2086 1225 2120 τῆς
1245 2082 1413 2124 προφητείας.
1426 2082 1537 2118 Ἐπειδὴ
1551 2082 1602 2122 γὰρ
1621 2085 1635 2112 ὁ
1649 2082 1728 2123 φόθος
1744 2094 1794 2111 κα·-

1021 2131 1121 2161 τέσεισε
1130 2154 1138 2168 ,
1148 2129 1193 2160 καὶ
1207 2129 1258 2170 πρὸ
1271 2130 1413 2170 ὀφθαλμῶν
1424 2124 1456 2165 ἦν
1470 2128 1504 2157 τὰ
1523 2128 1596 2158 ’δεινὰ
1603 2152 1612 2165 ,
1624 2128 1658 2158 τὰ
1682 2128 1709 2158 δὲ
1722 2140 1794 2168 χρη-

1022 2178 1072 2208 στὰ
1083 2179 1110 2207 ἐν
1122 2176 1212 2207 ἐλπίσι
1222 2199 1230 2212 ,
1244 2175 1290 2206 καὶ
1307 2175 1466 2216 προσδοκίαν
1486 2174 1678 2215 ὖπερὸαίνοντα
1691 2179 1791 2212 πᾶσαν,

1021 2224 1066 2254 καὶ
1077 2225 1101 2254 οἱ
1119 2222 1280 2263 ἀκροώμενοι
1299 2223 1328 2251 οὖ
1351 2221 1452 2262 σφόδρα
1471 2221 1577 2257 πιστοὶ,
1592 2220 1641 2261 ὅρα
1665 2220 1692 2250 τί
1710 2225 1792 2250 ποιεῖ.

1021 2270 1121 2299 Δίδωσι
1132 2273 1241 2308 σημεῖον
1262 2267 1385 2307 μέγιστον
1406 2269 1459 2296 τῶν
1474 2266 1670 2306 ἐκὸησομένων,
1682 2266 1717 2304 τὰ
1732 2268 1793 2306 βου-

1019 2313 1139 2356 λεύματα
1149 2317 1202 2345 τῶν
1214 2313 1346 2353 πολεμίων
1358 2315 1395 2347 εἷς
1409 2313 1489 2352 μέσον
1507 2314 1634 2354 ἐκφέρων.
1649 2313 1731 2353 Λέγει
1739 2312 1791 2353 γὰρ

1021 2368 1106 2396 αὐτῶν
1116 2366 1164 2402 τὴν
1176 2364 1295 2406 γνώμην,
1310 2366 1367 2404 μεθ’
1380 2361 1412 2399 ἧς
1426 2365 1637 2405 ἐπεστράτευσαν
1651 2366 1685 2404 τῇ
1697 2363 1773 2393 πόλει
1784 2385 1792 2398 ,

1021 2415 1064 2444 καὶ
1078 2414 1104 2444 τί
1117 2414 1180 2455 πρὸς
1193 2413 1323 2450 ἀλλήλους
1344 2413 1525 2453 διελέχθησαν,
1551 2413 1596 2443 καὶ
1612 2412 1638 2442 τί
1658 2412 1793 2445 συνθέντες

1021 2465 1175 2499 ἐπανῆλθον,
1186 2462 1230 2492 καὶ
1246 2461 1374 2492 δείκνυσιν
1387 2461 1405 2497 ἢ
1418 2462 1560 2502 προδοσίαν
1574 2462 1604 2492 τὸ
1624 2466 1736 2501 πρᾶγμα
1760 2460 1791 2489 ὂν

1068 2563 1078 2574 ³
1097 2555 1156 2588 neg.
1169 2559 1193 2579 et
1203 2553 1279 2580 Savil.
1293 2551 1373 2583 ᾗασήυ.
