1890 2826
90 1323 160 1343 loun.
173 1326 210 1341 20.

90 1352 128 1374 26.

94 1839 148 1859 Lar.
163 1834 188 1862 24
195 1849 199 1854 .

95 1869 134 1898 39.

241 168 310 215 498

239 247 307 269 runt
322 250 387 269 eum
407 240 447 268 ad
465 250 574 279 aquam
587 242 836 278 contradictionis,
852 248 881 271 et
893 253 982 272 vexa-

240 293 285 316 tus
296 293 339 315 est
352 287 472 323 Moyses
479 294 594 326 propter
601 297 661 322 eos;
671 297 725 316 non
736 294 846 328 propter
853 298 891 317 se.
904 288 980 325 Quid

955 181 1089 204 INCERTI

1036 244 1129 277 ὕδατος
1141 244 1288 284 ἀντιλογίας
1301 268 1307 280 ,
1323 246 1368 275 καὶ
1382 246 1503 283 ἐκακώθη
1518 248 1635 284 Μωῦσῆς
1649 248 1682 277 δι’
1697 249 1803 283 αὐτούς·

1036 293 1065 321 οὒ
1080 292 1113 320 δι’
1128 291 1228 320 ἑαυτόν.
1243 291 1279 321 Τί
1293 291 1321 320 δέ
1340 293 1397 322 ἐστι
1416 293 1463 329 τὸ,
1483 295 1526 323 Δι’
1547 291 1658 331 αὐτούς;
1677 297 1718 325 Οὐ
1733 295 1806 335 παρὰ

239 328 394 361 ειυῑεωεὼἰ
406 332 466 363 vult
482 332 563 370 illud,
576 334 701 373 Propter
713 345 760 363 eos
770 337 784 362 P
795 335 854 364 Non
871 345 905 364 ex
918 345 983 376 pro·
998 334 1018 357 Ε
1036 337 1084 373 τὴν
1099 337 1167 367 ἷδίαν
1180 337 1289 377 γνώμην
1302 338 1352 374 τὴν
1367 339 1492 369 ἀπιστίαν
1505 340 1610 378 ἔδειξεν,
1633 341 1702 371 ἀλλὰ
1722 343 1806 371 θολω-

239 380 303 420 prio
323 379 413 408 animo
428 379 642 409 incredulitatem
661 380 798 419 exhibuit,
810 380 857 410 sed
872 388 982 411 contur-

239 426 319 455 batus
329 437 363 455 ex
375 425 584 455 contradictione
597 426 703 467 populi,
713 437 767 456 non
776 428 894 468 amplius
906 439 981 458 men-

240 479 294 501 tem
305 472 402 501 habuit
419 483 527 512 puram,
539 479 632 512 utpote
651 473 846 503 conturbatam.
860 475 924 504 Haec
946 475 984 504 lo-

243 525 344 557 quutus
364 529 424 548 sum
444 519 479 547 ab
502 519 608 548 officina
627 519 776 559 iniquitatis
797 520 910 561 prolata.
926 521 984 551 Ubi

240 564 339 594 audisti
353 564 472 604 genitum
486 571 511 594 et
525 565 695 604 ingenitum?
709 566 757 595 ubi
777 566 878 596 audisti
899 577 982 597 novas

1037 383 1089 417 θεὶς
1102 383 1153 412 ὑπὸ
1174 385 1223 419 τῆς
1236 384 1386 423 ἀντιλογίας
1407 388 1453 415 τοῦ
1475 387 1556 422 λαοῦ,
1579 387 1668 416 οὖκέτι
1690 384 1749 427 εἶρε
1763 387 1807 417 τὸν

1036 430 1163 469 λογισμὸν
1177 429 1299 471 καθαρὸν,
1322 432 1358 465 ὣς
1371 432 1398 460 ἐν
1413 431 1552 471 συγχύσει.
1575 433 1669 462 Ταῦτα
1689 433 1808 470 ἐλάλησα

1037 476 1070 506 τὰ
1084 476 1135 506 ὑπὸ
1148 479 1194 506 τοῦ
1207 477 1381 517 ἐργαστηρίου
1403 479 1451 512 τῆς
1472 477 1574 511 ἀδικίας
1594 478 1805 519 προσφερόμενα.

1038 524 1095 552 Ποῦ
1110 522 1227 558 ἤκουσας
1239 522 1380 563 ἀγέννητον
1399 523 1445 553 καὶ
1458 524 1597 564 γεννητόν;
1622 528 1674 554 ποῦ
1693 525 1809 560 ἤκουσας

1037 568 1139 602 ἐκείνας
1154 570 1220 604 ι’τῆς
1233 570 1400 608 πολυμανοῦς
1414 570 1459 599 καὶ
1472 570 1704 611 πολυφαντάστους
1718 571 1808 600 διαλέ-

240 611 311 648 illas,
325 610 429 640 insanas
442 612 579 650 fastusque
590 612 683 652 plenas
695 612 844 643 dictiones?
855 614 979 644 Circum·
991 630 1026 650 42⁶
1038 626 1130 651 κτους;
1143 615 1315 655 Περιεγράφη
1331 615 1365 645 τὰ
1381 619 1426 645 τοῦ
1440 616 1612 656 Πνεύματος,
1626 617 1671 646 καὶ
1685 617 1809 653 ἀνι-εισή-

239 658 339 697 scripta
360 664 423 686 sunt
446 657 506 695 illa,
530 669 589 697 quae
613 659 731 699 Spiritus
757 667 874 698 sunt,et
899 660 982 690 indu-
1003 659 1018 680 A

239 710 281 732 cta
305 703 425 733 vicissim
445 714 475 733 ea
500 715 559 744 quae
576 711 640 734 sunt
658 705 770 736 diaboli.
783 707 812 737 Si
840 708 897 738 haec
910 718 984 747 quae-

240 749 298 784 ris,
314 750 431 779 Paulum
453 761 537 789 quare
562 751 614 780 tibi
640 751 761 782 vindicas
782 753 940 784 doctorem?
962 755 985 784 si

241 795 298 825 haec
325 796 430 826 curiose
452 797 588 837 exploras,
603 798 713 827 Petrum
735 806 761 829 te
791 799 892 831 habere
914 801 982 840 quid

240 842 388 881 gloriaris?
410 842 506 872 Fidem
527 853 610 883 nega,
635 851 661 873 et
686 845 776 884 profer
802 847 983 885 quaestionem.

240 888 295 918 Sed
304 899 319 918 a
330 889 480 929 Scriptura,
493 889 591 928 inquit,
604 899 657 919 non
674 891 781 930 recedo,
797 893 874 923 absit.
888 894 986 923 Inimi-

238 946 286 964 cus
305 942 330 965 et
344 936 390 952 ***
403 935 554 975 discipulus
574 942 599 965 et
619 936 822 968 ratiociniorum
841 941 985 980 magister?

239 981 354 1021 Explica
377 982 445 1011 mihi
469 982 517 1020 qui
541 981 679 1012 ratiocinia
708 985 828 1022 sectaris,
849 986 986 1024 quomodo

239 1027 364 1057 Christus
382 1028 473 1068 januis
493 1029 593 1060 clausis
614 1029 750 1068 ingressus
765 1030 810 1060 sit.
825 1031 901 1068 Quid
915 1042 984 1072 opus

239 1081 279 1103 cst
291 1074 343 1103 alia
365 1074 498 1104 tractare?
509 1076 578 1105 Nam
592 1087 662 1117 saepe
675 1084 702 1107 et
719 1077 871 1107 dicentibus
892 1084 918 1107 et
934 1089 986 1108 au—

240 1120 376 1150 dientibus
395 1121 554 1153 detrimento
576 1131 649 1154 sunt.
664 1125 725 1154 Non
736 1124 798 1153 dico
810 1124 872 1161 tibi,
887 1125 983 1155 invisi·
1003 1124 1020 1147 Β

239 1168 322 1197 bilem
344 1176 466 1199 naturam
489 1170 760 1210 exponeequomodo
781 1171 873 1211 genuit
898 1173 985 1208 Pater,

240 1216 301 1253 quis
322 1215 421 1245 divinae
442 1217 620 1255 generationis
643 1218 757 1255 modus;
779 1218 985 1259 dispensationis

240 1261 352 1290 modum
361 1263 483 1300 requiro.

281 1309 308 1338 5.
330 1308 381 1338 Dic
401 1309 536 1347 quomodo
562 1311 652 1350 januis
672 1312 770 1341 clausis
793 1312 928 1352 ingressus
951 1313 987 1342 sit

241 1354 377 1391 Servator,
391 1355 526 1393 quomodo
541 1355 691 1395 ingressum
704 1358 786 1387 fuerit
802 1369 911 1398 corpus.
928 1360 986 1389 Ne-

241 1406 284 1438 gat
304 1407 399 1429 natura
421 1402 541 1441 corporis
560 1403 608 1418 ***
627 1403 776 1442 evangelia.
789 1404 820 1434 Si
839 1403 921 1434 fidem
940 1416 986 1435 se-

241 1446 425 1484 quar‚veritas
439 1454 478 1476 est
491 1448 647 1478 certissima.
661 1450 805 1486 Quomodo
817 1451 987 1489 januisclau-

243 1493 279 1520 sis
293 1491 428 1531 ingressus
442 1494 503 1523 est?
516 1495 574 1524 Non
591 1502 647 1524 erat
659 1496 732 1525 enim
752 1497 909 1538 incorporea
937 1508 986 1527 na-

242 1545 311 1574 tura,
325 1549 384 1577 quae
405 1550 517 1580 corpora
537 1541 627 1570 omnia
641 1549 760 1581 penetrat
765 1555 774 1579 ;
788 1543 835 1573 sed
856 1551 913 1574 erat
926 1556 989 1574 cum

242 1583 400 1623 incorporea
411 1595 526 1626 corpus3
542 1586 624 1626 idque
637 1595 694 1617 erat
711 1590 873 1629 incorporeae
886 1597 988 1620 naturae

242 1639 383 1669 organum.
399 1632 457 1661 Hoc
470 1633 571 1672 quippe
589 1644 687 1674 corpus
700 1635 851 1665 humanum
864 1637 990 1666 Servatur

243 1675 348 1705 habuit.
363 1677 445 1707 Certe
461 1678 590 1719 discipuli
611 1679 645 1709 ad
658 1690 760 1710 novum
773 1682 936 1712 miraculum
948 1693 990 1712 re-

243 1721 395 1761 spicienteS,
408 1723 598 1755 existimarunt
618 1726 744 1766 spiritum
758 1738 824 1765 esse,
840 1729 903 1768 quia
919 1728 989 1758 illud

244 1775 366 1798 naturam
382 1771 501 1809 corporis
514 1772 668 1811 superabat.
680 1774 725 1790 ***
734 1773 922 1804 dubitantibus
935 1776 972 1805 ait
983 1786 989 1802 ι
1006 1776 1025 1800 C

244 1814 372 1854 Palpate
383 1826 439 1853 me,
452 1823 480 1845 et
490 1818 601 1855 videte,
612 1820 683 1858 quia
693 1822 811 1859 spiritus
824 1831 954 1859 carnem,
965 1829 993 1852 et

246 1871 312 1891 ossa
323 1872 382 1891 non
396 1864 496 1901 habet,
511 1866 587 1894 sicut
603 1875 648 1894 me
661 1867 772 1896 videtis
783 1868 899 1898 habere.
916 1869 991 1906 Quo—

245 1907 325 1936 modo
340 1908 477 1948 ingressus
490 1911 548 1940 est?
562 1922 628 1941 num
649 1923 748 1942 asseres
768 1913 852 1943 instar
867 1916 936 1944 aeris
949 1925 992 1944 so-

246 1953 296 1982 luti
311 1955 391 1983 sunt?
404 1965 437 1983 an
450 1956 517 1985 forte
535 1967 633 1997 corpus
650 1965 823 1989 extenuatum
840 1966 889 1993 est,
902 1960 993 1999 sicque

245 2000 394 2038 permeavit
407 2001 475 2040 ligni
487 2003 710 2034 crassitudinem?
719 2006 755 2034 At
766 2016 851 2044 neque
863 2013 893 2035 tu
904 2006 994 2036 dicere

246 2052 331 2084 potes,
347 2056 432 2084 neque
453 2058 502 2087 ego
527 2050 672 2089 explanare
690 2051 767 2080 valeo
783 2062 791 2079 ε
808 2052 878 2081 nihil
895 2052 993 2082 horum

247 2091 315 2120 mihi
340 2092 479 2131 Scriptura
498 2095 621 2132 tradidit,
641 2107 697 2126 rem
722 2108 775 2126 non
800 2099 905 2128 curiose
931 2109 993 2139 per-

247 2138 326 2176 quiro
343 2150 349 2166 :
364 2148 395 2166 ea
409 2149 468 2177 quae
481 2140 638 2179 praedicavit
650 2153 757 2181 sequor,
766 2144 868 2174 etiamsi
880 2145 990 2174 nollem.

247 2185 401 2223 Ingressum
420 2196 478 2214 esso
499 2186 600 2215 credo:
617 2189 752 2226 quomodo
767 2198 856 2220 autem
878 2202 931 2222 non
945 2203 993 2222 ex-

248 2231 336 2271 ploro.
351 2232 392 2260 Ne
405 2238 484 2271 putes
497 2233 542 2248 Η*
557 2233 654 2263 clausis
672 2235 764 2274 januis
783 2237 919 2277 ingressus
942 2246 992 2269 est.

1037 664 1089 702 χθη
1110 661 1143 690 τὰ
1161 664 1207 691 τοῦ
1221 662 1355 692 διαὸόλου.
1370 664 1405 692 Ei
1417 665 1503 692 ταῦτα
1517 665 1602 699 ζητεῖς
1613 685 1621 700 ,
1643 665 1751 693 Παῦλον
1766 664 1809 693 διὰ

1037 706 1064 736 τί
1077 707 1231 748 ἓπιγράφεις
1243 707 1415 745 διδάσκαλον;
1429 710 1464 738 Εἰ
1475 711 1559 738 ταῦτα
1569 710 1808 749 πολυπραγμονεῖς,

1039 752 1140 793 Πέτρον
1161 753 1188 782 τί
1209 754 1330 792 σεμνύνει
1347 754 1434 794 ἔχεως
1450 753 1579 794 Ἀρνησαι
1592 754 1641 791 τὴν
1653 754 1751 792 πίστιν,
1764 756 1809 785 καὶ

1038 799 1197 839 προσένεγκε
1212 800 1332 836 ζήτησιν.
1347 800 1418 830 Ἀλλ’
1436 802 1484 830 οὒκ
1505 801 1645 841 ἀναχωρῶ,
1662 801 1740 841 φησὶ,
1761 803 1810 837 τῆς

1039 847 1164 886 Γραφῆς,
1184 846 1221 885 μὴ
1238 846 1350 886 γένοιτο.
1366 846 1478 886 Ἐχθρὸς
1498 845 1563 876 ”ml
1576 847 1615 860 *¹⁶*
1631 847 1750 887 μαθητὴς
1762 847 1806 877 καὶ

1038 893 1172 931 λογισμῶν
1187 892 1346 932 εἷο-ηγητήςς
1361 892 1542 932 Ἑρμήνευσόν
1553 904 1598 932 μοι
1610 894 1732 933 λογισμῷ
1745 894 1808 923 δου-

1038 937 1134 971 λεύσας
1143 960 1150 973 ,
1165 940 1222 972 πῶς
1236 941 1249 968 ὃ
1263 938 1360 978 Σωτὴρ
1378 939 1570 977 κεκλεισμένων
1590 942 1642 969 τῶν
1657 941 1741 980 θυρῶν
1755 941 1809 969 εἷσ-

1038 985 1101 1019 ἦλθε
1111 996 1118 1019 ;
1133 983 1183 1017 Τίς
1195 984 1273 1024 χρεία
1283 985 1345 1024 περὶ
1353 984 1387 1013 τὰ
1398 985 1466 1014 ἄλλα
1478 986 1663 1025 ἀσχολεῖσθαη
1675 986 1810 1019 Πολλάκις

1039 1029 1090 1069 γὰρ
1104 1029 1200 1068 ζημίαν
1215 1030 1260 1059 καὶ
1275 1035 1329 1064 τοῖς
1342 1030 1449 1070 λέγουσι
1462 1031 1507 1061 καὶ
1519 1035 1574 1065 τοῖς
1587 1031 1710 1061 ἀκούουσι
1724 1032 1806 1072 φέρει.

1039 1076 1080 1103 Οὐ
1092 1075 1179 1115 λέγω;
1195 1075 1256 1116 περὶ
1267 1078 1314 1112 τῆς
1327 1076 1438 1116 ἀοράτου
1451 1077 1552 1117 φύσεως
1565 1077 1725 1117 ἑρμήνευσον
1733 1090 1739 1096 ·
1754 1079 1810 1111 πῶς

1039 1121 1176 1161 ἐγέννησεν
1189 1125 1203 1152 ὁ
1215 1122 1315 1163 πατὴρ,
1325 1123 1386 1156 τίςὸ
1398 1125 1446 1159 τῆς
1459 1124 1528 1157 θείας
1541 1124 1686 1163 γεννήσεως
1697 1125 1806 1164 τρόπος·

1038 1168 1068 1197 τὸ
1081 1170 1145 1204 ῧτῆς
1156 1168 1304 1207 οἰκονομίας
1319 1170 1433 1198 ἀπαιτῶ.

1080 1312 1157 1348 Εἰπὲ,
1171 1313 1228 1345 πῶς
1241 1315 1325 1352 θυρῶν
1338 1314 1529 1353 κεκλεισμένων
1541 1317 1660 1351 εἰσῆλθεν
1671 1318 1685 1345 ὁ
1697 1315 1806 1356 Σωτὴρ,

1038 1359 1094 1391 πῶς
1108 1358 1213 1392 εἰσῆλθε
1233 1358 1264 1387 τὸ
1281 1360 1368 1396 σῶμα.
1384 1358 1419 1388 ‘H
1433 1363 1479 1390 τοῦ
1494 1361 1617 1400 σώματος
1630 1361 1705 1402 φύσις
1723 1363 1809 1402 ἀρνεῖ-

1038 1414 1082 1431 ται
1093 1403 1141 1418 ***
1156 1402 1189 1431 τὰ
1213 1403 1361 1443 εὐαγγέλια.
1381 1404 1445 1434 Ἐὰν
1467 1408 1502 1445 τῇ
1516 1407 1604 1436 πίστει
1624 1408 1810 1444 ἀκολουθήσω,

1039 1448 1155 1488 ἀψευδὴς
1169 1450 1186 1484 ἡ
1201 1449 1319 1485 ἀλήθεια.
1343 1452 1405 1484 Πῶς
1426 1453 1531 1486 εἰσῆλθε
1552 1452 1745 1492 κεκλεισμένων
1758 1455 1810 1482 τῶν

1040 1497 1139 1534 θυρῶν;
1157 1496 1198 1524 Οὐ
1212 1494 1263 1535 γὰρ
1283 1491 1323 1532 ἦν
1336 1498 1353 1532 ἡ
1372 1497 1513 1536 ἀσώματος
1526 1497 1618 1538 φύσις,
1632 1501 1649 1534 ἡ
1661 1498 1766 1528 πάντων
1778 1499 1812 1528 τὰ

1041 1540 1153 1579 σώματα
1174 1540 1322 1580 τέμνουσα·
1338 1543 1396 1571 ἀλλ’
1420 1539 1453 1579 ἦν
1475 1543 1543 1582 μετὰ
1559 1546 1606 1579 τ’ῆς
1627 1545 1768 1584 ἀσωμάτου
1782 1545 1813 1574 τὸ

1041 1589 1133 1625 σῶμα·
1148 1587 1193 1616 καὶ
1211 1590 1288 1617 τοῦτο
1308 1584 1340 1624 ἦν
1361 1590 1409 1624 τῆς
1423 1589 1565 1629 ἀσωμάτου
1580 1590 1681 1630 φύσεως
1694 1590 1814 1630 ὄργανον.

1042 1634 1130 1662 Τοῦτο
1147 1632 1198 1672 γὰρ
1219 1628 1275 1673 εἶχε
1293 1634 1324 1663 τὸ
1344 1636 1422 1673 σῶμα
1446 1635 1476 1664 τὸ
1500 1635 1661 1675 ἀνθρώπινον
1676 1639 1690 1666 ὁ
1703 1637 1811 1677 Σωτήρ.

1043 1679 1149 1718 Ἀμέλει
1162 1682 1223 1719 γοῦν
1238 1682 1262 1709 οἱ
1283 1680 1331 1719 μὲν
1347 1681 1463 1719 μαθηταὶ
1476 1682 1541 1722 πρὸς
1555 1682 1585 1711 τὸ
1606 1682 1675 1718 ξένον
1690 1686 1736 1713 τοῖἵ
1750 1684 1815 1714 θαύ-

1045 1737 1127 1764 ματος
1150 1725 1361 1762 ἀποὸλέποντες,
1375 1727 1499 1767 ἐνόμισαν
1525 1728 1590 1767 [ὅτι]
1608 1730 1713 1769 πνεῦμά
1731 1731 1815 1765 ἐστιν;

1045 1770 1136 1807 ἐπειδὴ
1152 1771 1199 1808 τὴν
1215 1775 1261 1801 τοῦ
1275 1771 1397 1811 σώματος
1410 1773 1488 1814 φύσιν
1502 1774 1575 1804 ἐνίκα
1589 1775 1618 1804 τὸ
1631 1775 1813 1815 προκείμενον.

1046 1817 1080 1847 ‘O
1094 1818 1142 1834 ***
1155 1830 1207 1856 μει,
1221 1818 1292 1858 λέγει
1305 1819 1370 1858 πρὸς
1384 1820 1613 1859 ἀμφιὸάλλοντας·
1625 1822 1816 1862 Ψηλαφήσατέ

1046 1875 1079 1902 με
1090 1885 1097 1898 ,
1111 1864 1156 1893 καὶ
1180 1863 1307 1903 βλέπετε,
1322 1864 1362 1893 ὅτι
1380 1868 1485 1904 πνεῦμα
1503 1866 1589 1906 σάρκα
1611 1867 1656 1896 καὶ
1676 1867 1756 1897 ὀστέα
1769 1870 1817 1898 οὐκ

1046 1909 1118 1949 ἔχει,
1143 1909 1229 1943 καθὼς
1251 1910 1299 1949 ἐμὲ
1325 1914 1445 1951 θεωρεῖτε
1467 1912 1572 1952 ἔχοντα.
1593 1914 1657 1947 Πῶς
1680 1915 1816 1950 εἷσῆλθεν;

1046 1951 1098 1995 ἀρα
1112 1957 1139 1984 αἱ
1153 1956 1256 1989 σανίδες
1271 1956 1345 1992 δίκην
1360 1957 1435 1997 ἀέρος
1456 1958 1626 1996 διελύθησαν;
1642 1961 1700 1989 ἀλλ’
1722 1960 1774 2000 ἄρα
1787 1961 1818 1990 τὸ

1047 2003 1125 2040 σῶμα
1139 2001 1302 2038 ἐλεπτύνθη,
1316 2003 1360 2032 καὶ
1383 2003 1465 2037 οὕτως
1486 2005 1574 2040 διῆλθε
1596 2005 1645 2041 τὴν
1669 2009 1715 2035 τοῦ
1742 2005 1817 2040 ξύλου

1046 2046 1203 2086 παχύτητα;
1229 2048 1299 2076 Ἀλλ’
1326 2048 1385 2077 οὔτε
1409 2048 1441 2077 σὺ
1464 2049 1527 2089 δύνῃ
1554 2052 1652 2087 εἰπεῖν,
1679 2051 1738 2081 οὔτε
1765 2052 1818 2092 ἐγὼ

1047 2095 1207 2133 ἑρμηνεῦσαι
1230 2095 1331 2134 ἰσχύω·
1346 2094 1419 2124 οὐδέν
1441 2107 1486 2134 μοι
1510 2095 1609 2126 τούτων
1634 2098 1787 2137 παρέδωκεν
1801 2102 1818 2135 ἡ

1048 2139 1155 2179 Γραφή·
1177 2141 1205 2169 οὐ
1227 2141 1458 2180 πολυπραγμονῶ·
1480 2137 1518 2175 οἷς
1532 2142 1657 2182 ἐκήρυξεν
1670 2144 1818 2180 ἀκολουθῶ,

1047 2185 1096 2214 κᾶν
1117 2185 1154 2223 μὴ
1173 2186 1248 2215 θέλω.
1270 2185 1336 2216 ’Ότι
1355 2188 1460 2222 εἰσῆλθε
1479 2188 1612 2224 πιστεύω,
1626 2188 1656 2217 τὸ
1678 2189 1706 2218 δὲ
1720 2192 1777 2224 πῶς
1790 2193 1819 2220 οὔ

1048 2233 1270 2272 πολυπραγμονῶ.
1285 2232 1332 2268 Μὴ
1344 2233 1454 2273 νομίσῃς
1469 2234 1516 2250 ***
1530 2236 1582 2264 τῶν
1595 2237 1679 2275 θυρῶν
1692 2237 1820 2272 εἰσῆλθεν.

248 2279 309 2308 Non
318 2277 539 2315 dixit,Rarefecta
551 2286 597 2308 aut
608 2280 694 2309 soluta
704 2282 788 2321 janua
798 2284 933 2323 ingressus
945 2293 994 2322 est,
1011 2288 1030 2310 D
1049 2283 1108 2312 Οὔκ
1129 2277 1218 2318 εἶπεν,
1241 2283 1416 2323 ἅραῑωθέίσης
1439 2284 1456 2320 ἢ
1482 2285 1647 2321 διαλυθείσης
1667 2288 1715 2321 τῆς
1741 2287 1820 2326 θύρας

248 2323 296 2353 sed
312 2324 420 2354 Januis
443 2325 558 2354 clausis,
573 2326 655 2363 Quod
675 2327 775 2357 factum
796 2336 835 2359 est
857 2332 976 2362 narravit
983 2344 993 2372 5

283 2429 294 2441 a
312 2421 354 2447 Sic
364 2422 410 2447 Ms.
423 2431 563 2455 perperam.
577 2423 723 2458 Legendum
735 2425 813 2459 forte,
823 2432 863 2456 τὰς
873 2431 1008 2461 minum-14

250 2466 288 2488 καὶ
299 2465 495 2496 πολυφαντάστους
506 2465 641 2494 διαλέκτους.
655 2464 760 2492 Coteler.

285 2503 298 2520 Ι»
306 2500 354 2526 Hic
371 2507 396 2526 et
403 2501 484 2527 tribus
493 2502 520 2526 in
531 2501 593 2527 locis
607 2503 822 2538 sequentibus‚qui
829 2507 954 2532 asteriscis
966 2517 1011 2533 no-

252 2547 346 2572 tantur,
367 2541 513 2566 testificatur
528 2542 666 2568 Cotelerius
683 2543 819 2570 desiderari
845 2548 953 2580 quinque
978 2548 1010 2574 li-

252 2588 310 2605 neas
322 2579 355 2605 ad
364 2580 481 2614 singulos.

1051 2334 1181 2370 εἷσῆλθεν,
1195 2333 1278 2370 ἀλλὰ,
1295 2334 1507 2374 Κεκλεισμένων.
1523 2335 1564 2365 Τὸ
1577 2335 1681 2375 γεγονὸς
1694 2336 1803 2376 ἐκήρυξε
1813 2349 1819 2354 ·

1094 2437 1104 2449 ⁰
1122 2436 1165 2459 Τῆς
1175 2434 1306 2463 οἰκονομίας.
1318 2428 1364 2456 Per
1372 2431 1541 2456 oeconomiam
1557 2440 1600 2457 seu
1607 2431 1820 2465 dispensationem

1061 2468 1185 2503 intelligas
1198 2469 1395 2496 incarnationem
1406 2471 1514 2504 Christi,
1525 2481 1568 2497 seu
1582 2474 1666 2506 potius
1683 2480 1763 2500 totam
1781 2484 1821 2500 se-

1060 2510 1124 2533 riem
1140 2508 1276 2543 natalium,
1290 2520 1404 2544 operum,
1417 2518 1443 2537 et
1453 2514 1544 2538 mortis
1555 2513 1663 2546 Christi,
1673 2523 1728 2548 quae
1740 2514 1766 2540 iu
1782 2524 1821 2540 re-

1061 2547 1233 2581 demptionem
1247 2549 1349 2576 humani
1359 2552 1454 2584 generis
1465 2551 1567 2579 cedunt.
