1890 2826
233 171 307 215 414

235 245 308 281 Quia
320 254 385 274 vero
398 243 538 283 improbus
550 249 607 273 erat
618 244 696 280 Basa,
711 244 829 272 minatur
841 243 894 283 ipsi
908 244 981 272 Deus

236 291 307 320 mala
329 290 457 330 ingentia.
481 289 534 319 1¹10
559 296 666 319 mortuo
685 290 807 330 regnavit
834 290 885 319 Ela
907 289 981 318 filius

235 338 306 377 ejus,
324 347 404 376 quem
422 346 484 365 cum
501 335 641 365 occidisset
660 336 770 366 Zambri
789 346 859 365 unus
879 335 980 375 princi-

237 394 314 424 pum,
329 382 451 422 regnavit
468 382 536 422 ipse,
557 389 582 411 et
599 381 698 413 delevit
710 383 823 413 domum
841 384 924 412 Basae.
943 383 982 412 Ut

237 437 326 459 autem
340 428 449 459 zambri
463 437 570 467 quoque
584 435 706 458 mortuus
718 436 768 466 est,
783 439 846 459 cum
863 429 982 468 seipsum

238 475 407 510 incendisset,
427 481 521 514 regnat
535 475 640 504 Ambri.
657 475 728 504 Cum
741 482 830 504 autem
844 475 889 504 hic
902 474 982 503 etiam

237 529 360 552 mortuus
384 527 463 557 esset,
484 528 576 561 regnat
597 521 706 551 Achaab
731 522 815 563 filius
830 522 898 561 ejus.
926 522 983 550 Re-

237 576 300 609 gnat
313 568 443 607 Josaphat
455 567 530 597 filius
544 569 612 597 Asae.
627 569 748 598 Minatur
761 567 978 608 Elias-propheta

237 615 364 644 Achaabo
372 614 529 651 siccitatem,
539 624 599 653 quae
610 625 658 654 per
667 621 720 644 tres
731 625 814 644 annos
823 621 848 643 et
858 624 907 643 sex
915 623 988 642 men—

238 673 279 691 ses
287 661 407 691 duravit.
423 661 502 690 Tunc
512 671 561 701 per
573 670 668 690 corvos
681 661 764 690 alitur
780 661 922 701 propheta.
935 659 986 688 Hic
1000 660 1018 683 C

239 715 301 737 sunt
313 718 344 737 ea
357 718 417 746 quae
436 706 568 747 pertinent
585 706 620 736 ad
636 706 748 737 viduam
763 706 986 747 Sarephfflanam,

239 765 298 793 quae
305 754 341 783 ad
352 753 490 794 lecythum
501 753 594 791 olei‚et
601 764 660 792 quae
668 752 703 783 ad
710 753 836 794 hydriam
846 751 987 789 farinae‚ad

240 808 352 830 mortem
363 800 451 840 pueri,
464 807 490 829 et
502 799 536 829 ad
553 800 751 829 suscitationem
761 811 796 829 ex
812 807 908 829 morte.
922 800 987 830 Mit-

240 847 307 875 titur
322 845 357 875 ad
368 845 477 875 Achaab
493 846 579 882 Elias,
593 852 618 875 et
633 845 748 875 hostiam
765 846 853 882 offert,
871 845 988 875 demittit

240 892 329 932 ignem
335 892 369 922 de
375 892 451 928 caelo,
462 900 488 922 et
495 892 628 921 consumit
635 892 710 921 illam
716 914 722 921 .
732 893 810 921 Tune
817 899 938 932 arreptos
945 904 986 922 sa-

239 938 359 968 cerdotes
372 939 461 969 Baalis
472 939 620 978 jugulavit.
638 938 763 968 Achaaho
782 938 904 978 pluviam
918 950 988 979 prae-·

240 985 355 1014 nuntiat.
364 985 399 1014 Et
413 995 555 1014 conscenso
569 984 694 1014 Carmelo
707 992 830 1024 precatus
843 991 883 1013 est
898 985 984 1023 Elias,

240 1039 266 1061 ct
285 1032 446 1061 sacrificium
465 1031 557 1060 offert:
578 1041 638 1060 ecce
656 1030 761 1070 pluvia.
776 1031 898 1060 Minatur
918 1031 986 1060 Eliae

241 1086 353 1108 mortem
362 1078 469 1109 Jezahel
485 1088 554 1107 uxor
567 1078 695 1107 Achaabi.
708 1078 759 1107 Ille
770 1085 859 1107 autem
870 1078 945 1107 venit
958 1078 986 1107 in

241 1125 387 1161 desertum,
397 1136 411 1154 e
420 1135 483 1154 cum
496 1124 670 1154 dormivisset
682 1124 865 1163 excitatusque
875 1131 944 1154 esset
952 1125 987 1154 ab

241 1171 336 1210 angelo
348 1171 411 1207 Dei,
420 1171 522 1200 invenit
532 1170 738 1200 subcineritium
750 1181 845 1210 panem
853 1182 887 1200 ex
898 1171 986 1212 olyra,

241 1228 323 1255 quem
343 1227 405 1245 cum
426 1215 584 1245 comedisset
612 1217 754 1245 roboratus
773 1223 813 1245 est
833 1228 839 1245 :
855 1227 917 1246 cum
939 1217 987 1246 illo

242 1263 303 1292 cibo
323 1261 500 1302 quadraginta
522 1261 618 1290 diebus
634 1263 708 1292 venit
726 1263 754 1291 in
772 1262 890 1292 Choreb.
909 1263 988 1292 Tunc

242 1309 280 1338 ait
296 1321 304 1338 ε
319 1309 443 1344 Domine,
457 1318 517 1337 aras
530 1314 590 1336 tuas
610 1308 790 1338 suffoderunt.
809 1309 890 1349 Jugis
904 1309 987 1339 boum

242 1356 362 1386 dimissis
380 1356 508 1385 Elissaeus
528 1356 650 1394 sequitur
667 1355 767 1385 Eliam.
782 1357 852 1386 Hinc
875 1356 987 1386 historia

241 1400 326 1429 vineae
349 1399 482 1430 Nabuthae
504 1412 510 1428 :
529 1406 555 1429 et
577 1401 656 1428 minae
680 1407 772 1429 contra
790 1401 940 1430 Jezabelem
962 1409 988 1430 et

242 1446 400 1476 Achaabum
411 1458 417 1474 :
433 1445 604 1485 compunctio
615 1445 744 1475 Achaabi.
758 1446 940 1486 Irruptionem
951 1448 989 1476 se-

242 1492 280 1521 cit
296 1493 324 1521 in
339 1492 466 1522 Israelem
485 1493 570 1532 Syrus
585 1491 658 1521 Ader
676 1503 739 1521 cum
759 1492 867 1532 triginta
881 1493 988 1523 duobus

242 1539 351 1578 regibus
367 1550 373 1566 :
391 1538 500 1567 Achaab
518 1549 583 1567 vero
595 1538 695 1568 devicit
712 1549 767 1568 e05.
784 1540 857 1569 Cum
872 1540 989 1570 secundo

244 1584 316 1613 Ader
329 1584 432 1612 bellum
451 1583 596 1620 intulisset,
611 1594 695 1613 caesus
711 1584 912 1624 admodumque
926 1597 989 1625 pro—

243 1631 352 1669 fligatus
365 1637 413 1659 est.
427 1631 466 1660 Ut
476 1637 565 1659 autem
576 1641 604 1660 se
617 1630 687 1660 vidit
698 1631 726 1660 in
740 1632 861 1671 periculo
875 1633 988 1671 versari,

243 1676 391 1705 miserabili
409 1676 521 1705 indutus
534 1683 606 1706 veste
621 1676 778 1706 Achaabum
789 1678 865 1714 adiit,
882 1689 990 1708 servum

566 179 597 203 S.
624 179 767 204 JOANMS
791 179 976 205 cuanos'r.
1005 179 1162 204 ARcmEP.
1192 181 1465 206 CONSTANTINOP-

1032 243 1096 282 κεὶμ
1109 243 1189 273 ἔλαὸε
1203 244 1264 278 τοὺς
1285 244 1440 285 θησαυρούς.
1459 244 1538 274 Μετὰ
1560 247 1652 274 τοῦτον
1671 246 1810 284 βασιλεύει

1033 289 1122 329 Ἀβιᾶς
1135 292 1149 319 6
1162 291 1217 325 υἱὸς
1227 292 1306 320 αὐτοῦ
1314 314 1322 328 ,
1336 291 1380 320 καὶ
1395 290 1462 330 μετὰ
1476 293 1566 320 τοῦτον
1580 292 1594 319 6
1607 290 1661 324 υἱὸς
1674 294 1720 320 τοῦ
1730 290 1808 320 Ἀὅιᾶ

1033 339 1047 366 6
1061 336 1141 366 Ἀσᾶ.
1153 336 1166 353 ⁶
1174 336 1253 366 Μετὰ
1265 337 1293 366 δὲ
1306 337 1350 366 τὸν
1363 337 1503 377 Ἱεροὸοὰμ
1519 336 1651 376 βασιλεύει
1662 339 1677 366 6
1690 336 1744 370 υἱὸς
1756 338 1809 365 αὖ·

1032 385 1078 411 τοῦ
1094 382 1173 413 Ἀδάὸ
1181 395 1187 401 ·
1212 382 1240 412 ὃν
1255 384 1354 413 ἀνελὼν
1368 385 1444 413 Βασᾶ
1455 383 1625 420 ἐδασίλευσε,
1651 383 1697 412 καὶ
1710 383 1805 413 ἐπολέ-

1034 440 1079 467 μει
1097 428 1141 458 τὸν
1155 426 1226 458 aaa.
1250 429 1284 459 ‘O
1299 429 1327 459 δὲ
1341 431 1375 469 τῇ
1397 428 1537 469 συμμαχίᾳ
1562 431 1608 458 τοῦ
1629 429 1716 468 Σύρου
1730 428 1812 468 Ἄδερ·

1033 474 1201 514 χρησάμενος
1210 498 1218 511 ,
1232 475 1450 516 ἐπικρατέστερος
1462 475 1576 515 γέγονεν.
1590 474 1640 508 Ὡς
1654 474 1682 504 δὲ
1695 475 1811 514 πονηρὸς

1034 517 1067 557 ἦν
1081 523 1095 550 6
1108 522 1199 558 Βασᾶ,
1214 523 1317 551 ἀπειλεῖ
1329 524 1400 561 αὐτῷ
1413 525 1427 551 6
1439 522 1507 555 Θεὸς
1520 521 1591 551 κακὰ
1604 520 1718 560 μεγάλα.
1731 522 1810 550 Ἀπο-

1035 567 1156 600 θανόντος
1168 566 1195 596 δὲ
1209 568 1288 596 αὐτοῦ
1303 567 1471 598 ἑὸασίλευσεν
1485 569 1552 597 Ἐλᾶ
1571 569 1586 596 6
1602 567 1657 600 υἱὸς
1670 568 1765 602 αὐτοῦ,
1779 565 1808 596 ὃν

1036 613 1135 642 ἀνελὼν
1152 613 1260 653 Ζαμὸρὶ
1273 610 1310 646 εἷς
1323 615 1375 642 τῶν
1393 613 1543 654 ἀρχόντων,
1567 613 1721 643 ἐὸασίλευσε
1731 636 1738 649 ,
1764 612 1809 642 καὶ

1036 659 1182 699 ὠλόθρευσε
1195 660 1240 689 τὸν
1254 655 1324 689 οἷκον
1346 661 1431 689 Buce.
1455 659 1503 693 Ὡς
1516 659 1544 689 δὲ
1557 659 1603 689 καὶ
1622 659 1730 699 Ζαμὸρὶ
1743 658 1810 688 ἀπέ-

1037 708 1111 736 θανεν
1135 706 1227 736 ἑαυτὸν
1252 706 1390 746 ἐμπρήσας
1399 728 1407 743 ,
1434 706 1566 745 βασιλεύει
1585 706 1691 746 Άμὸρί.
1713 705 1760 738 Ὡς
1783 705 1813 734 δὲ

1037 753 1150 782 ἀπέθανε
1163 753 1208 782 καὶ
1227 749 1319 788 οἶτος,
1343 751 1478 792 βασιλεύει
1505 751 1606 791 Ἀχαὰὸ
1623 753 1637 780 6
1655 751 1709 785 υἱὸς
1723 752 1810 780 αὐτοῦ.

1037 799 1177 830 Βασιλεύει
1198 801 1213 828 6
1238 798 1292 832 υἱὸς
1310 799 1373 829 Ἀσᾶ
1392 797 1533 838 Ἰωσαφάττ
1549 798 1662 828 Ἀπειλεῖ
1683 797 1778 831 Ἠλίας
1797 800 1819 827 6

1036 846 1174 886 προφήτης
1197 848 1235 885 τῷ
1256 845 1356 886 Ἀχαὰὸ
1370 847 1419 881 τῆν
1436 844 1579 884 γενομένην
1601 843 1747 884 ἀνομόρίαν
1769 844 1817 874 ἐπὶ·

1036 892 1097 932 τρία
1122 892 1168 927 ἔτη
1183 892 1228 922 καὶ
1254 893 1339 929 μῆνας
1363 891 1399 925 ἕξ.
1428 890 1497 920 Τότε
1513 890 1681 931 διατρέφεται
1696 889 1740 919 διὰ
1761 892 1817 920 τῶν

1037 938 1158 977 κοράκων
1184 940 1198 967 6
1222 937 1368 978 προφήτης.
1390 937 1522 967 Ἐνταῦθα
1545 936 1579 966 τὰ
1600 935 1669 965 κατὰ
1694 935 1743 972 τὴν
1765 935 1820 975 χή·

1039 994 1086 1022 ραν
1107 982 1156 1019 τὴν
1179 984 1207 1012 ἐν
1220 983 1378 1023 Σαρέφθοις,
1407 983 1442 1012 τὰ
1462 982 1532 1012 κατὰ
1544 982 1589 1012 τὸν
1604 982 1749 1021 καμψᾶκην
1762 985 1814 1010 τοῦ-

1037 1028 1139 1064 ἐλαίου,
1152 1029 1197 1058 καὶ
1209 1029 1258 1065 τὴν
1269 1029 1360 1069 ὑδρίαν
1378 1032 1424 1058 τοῦ
1439 1028 1564 1068 ἀλεύρου,
1582 1028 1628 1058 καὶ
1641 1028 1686 1058 τὸν
1699 1028 1813 1058 θάνατον

1037 1078 1083 1104 τοῦ
1097 1075 1202 1104 παιδίου
1212 1097 1220 1111 ,
1247 1075 1293 1104 καὶ
1305 1074 1354 1111 τὴν
1368 1077 1398 1104 ἐκ
1411 1078 1458 1105 τοῦ
1476 1074 1588 1104 Θανάτου
1605 1074 1717 1114 ἔγερσιν.
1732 1073 1809 1104 Ἀπο-

1038 1120 1176 1150 στὲλλεται
1192 1120 1258 1161 πρὸς
1268 1120 1312 1150 τὸν
1324 1120 1425 1161 Ἀχαὰὸ
1436 1123 1450 1150 6
1467 1120 1578 1156 Ἠλίας,
1598 1120 1644 1150 καὶ
1667 1124 1738 1149 ποιεῖ
1762 1119 1810 1155 τὴν

1005 1178 1022 1200 ι)
1039 1166 1145 1204 θυσίαν,
1160 1167 1205 1196 καὶ
1225 1166 1366 1207 καταφέρει
1379 1166 1410 1196 τὸ
1423 1169 1476 1207 πῦρ
1491 1167 1517 1202 ἐξ
1529 1168 1657 1207 ούρανοῦ,
1681 1166 1727 1196 καὶ
1746 1167 1810 1194 ἀνα-

1038 1213 1125 1242 λίσκει
1139 1213 1231 1249 αὐτήν.
1247 1213 1317 1242 Τότε
1329 1212 1419 1242 λαὸὼν
1431 1212 1491 1247 τοὺς
1507 1214 1585 1253 ἱερεῖς
1598 1216 1644 1243 τοῦ
1659 1213 1735 1243 Βαὰλ
1746 1212 1811 1243 ἀπέ-

1039 1259 1130 1299 σφαξε.
1145 1260 1215 1289 Τότε
1228 1259 1424 1299 εὐαγγελίζεται
1437 1261 1476 1300 τῷ
1489 1259 1590 1300 Ἀχαὰὸ
1603 1259 1647 1289 τὸν
1661 1259 1744 1289 ὑετόν.
1760 1259 1813 1289 Καὶ

1039 1305 1153 1335 ἀνελθὼν
1173 1307 1209 1339 εἰς
1224 1306 1269 1334 τὸν
1283 1305 1428 1345 Κάρμηλον
1441 1305 1539 1340 ηὔξατο
1552 1305 1645 1339 Ἠλίας
1657 1328 1665 1343 ,
1686 1305 1731 1335 καὶ
1743 1309 1814 1335 ποιεῖ

1038 1350 1087 1386 τὴν
1106 1351 1197 1379 θυσίαν
1208 1363 1214 1369 ·
1242 1350 1296 1380 ἰδοὺ
1310 1350 1392 1384 ὖετός.
1415 1350 1529 1380 Ἀπειλεῖ
1545 1353 1584 1391 τῷ
1599 1352 1679 1391 Ἠλίᾳ
1702 1352 1812 1381 θάνατον

1038 1397 1155 1431 Ὶεζάὸελ
1168 1399 1185 1432 ἡ
1197 1396 1262 1436 γυνὴ
1276 1399 1322 1426 τοῦ
1335 1397 1436 1437 Ἀχαὰὸ
1444 1419 1452 1433 ,
1465 1399 1479 1426 6
1492 1397 1520 1426 δὲ
1533 1397 1639 1437 ἔρχεται
1650 1399 1687 1431 εἰς
1695 1397 1743 1433 τὴν
1754 1397 1814 1437 ἔρη-

1040 1454 1089 1482 μον
1098 1465 1106 1478 ,
1135 1443 1179 1472 καὶ
1208 1443 1345 1481 κοιμηθεὶς
1354 1465 1363 1477 ,
1393 1443 1438 1472 καὶ
1465 1444 1603 1483 διεγερθεὶς
1627 1443 1679 1473 ὑπὸ
1701 1443 1814 1482 ἀγγέλου

1039 1490 1126 1524 Θεοῦ,
1148 1484 1220 1529 εὗρεν
1239 1489 1382 1529 ἐγκρυφίαν
1404 1489 1544 1528 ὀλυρίτην,
1559 1489 1604 1518 καὶ
1621 1489 1712 1529 φαγὼν
1727 1489 1814 1526 αὐτὸν,

1039 1535 1185 1575 ἐνίσχυσεν.
1211 1536 1258 1564 Ἐν
1281 1535 1367 1574 ἐκείνῃ
1380 1538 1414 1574 τῇ
1427 1535 1526 1575 βρώσει
1538 1535 1736 1575 τεσσαράκοντα
1745 1535 1814 1575 ἡμέ-

1041 1593 1087 1621 ρας
1101 1577 1179 1616 ἧλθεν
1201 1582 1238 1614 εἰς
1258 1581 1369 1621 Χωρήὸ.
1398 1581 1468 1611 Τότε
1482 1581 1568 1621 λέγει·
1594 1581 1693 1621 Κύριε,
1719 1582 1815 1612 τὰνθυ-

1041 1626 1182 1666 σιαστήριά
1196 1638 1243 1656 σου
1253 1627 1432 1667 κατέσκαψαν.
1443 1626 1487 1656 Τὰ
1501 1627 1579 1667 ζεύγη
1593 1629 1646 1657 τῶν
1660 1629 1728 1667 βοῶν
1742 1628 1820 1668 ἀφεὶς·

1041 1675 1055 1702 6
1070 1673 1223 1706 Ἐλισσαῖος
1241 1674 1377 1702 ἀκολουθεῖ
1397 1675 1435 1713 τῷ
1447 1673 1538 1714 Ἠλίᾳ.
1555 1675 1693 1704 Ἐντεῦθεν
1711 1674 1741 1704 τὸ
1759 1675 1815 1710 διή-

244 1733 272 1751 se
282 1733 391 1758 vocans,
402 1729 428 1751 et
439 1722 553 1752 salutem
565 1723 690 1762 consequi
701 1732 852 1764 peroptans.
863 1725 913 1755 Ille
926 1736 990 1755 vero
1005 1732 1024 1755 F.
1041 1731 1116 1758 ἴημα
1132 1719 1163 1748 τὸ
1182 1719 1251 1749 κατὰ
1262 1719 1307 1748 τὸν
1327 1721 1474 1758 ἀμπελῶνα
1495 1723 1540 1750 τοῦ
1563 1720 1712 1750 Ναὸθυθαί·
1735 1721 1780 1750 καὶ
1796 1723 1814 1756 ἦ

243 1779 306 1797 eum
327 1768 354 1796 in
372 1779 454 1797 curru
471 1779 520 1797 suo
537 1768 712 1798 conscendere
732 1771 830 1810 jussit,
848 1778 874 1801 et
890 1771 990 1802 honore
1041 1764 1138 1800 ἀπειλὴ
1157 1765 1226 1794 κατὰ
1242 1765 1360 1799 ’Ῐῑζάὸελ
1381 1765 1425 1795 καὶ
1450 1765 1566 1805 Ἀχαὰὸ,
1590 1765 1635 1795 καὶ
1649 1769 1666 1802 ἦ
1678 1766 1816 1800 κατᾶνυξῑς

243 1814 369 1843 affectum
382 1815 411 1843 in
429 1821 526 1843 terram
545 1825 621 1844 suam
634 1816 748 1845 remisit.
765 1818 848 1847 Venit
860 1819 989 1858 propheta
1040 1813 1087 1840 τοῦ
1102 1810 1212 1851 ἈΧαάὸ-
1234 1811 1353 1847 Ἐπῆλθῑ
1368 1814 1407 1852 τῷ
1419 1812 1529 1852 Ἰσραὴλ
1539 1814 1554 1841 ὁ
1564 1811 1648 1852 Σύρος
1658 1812 1734 1853 Ἄδερ
1749 1813 1816 1852 μετὰ

242 1871 333 1899 regem
353 1871 435 1900 super
452 1860 495 1889 his
516 1860 674 1901 objurganS‚
693 1872 837 1902 necemque
851 1864 987 1894 minitans.
1040 1857 1229 1897 τρῖακονταδύο
1259 1857 1406 1897 βασιλέωψ
1431 1859 1446 1887 ὁ
1471 1857 1498 1886 δὲ
1523 1858 1686 1898 ἐχειρώσατο
1713 1859 1816 1892 αὐτούς·

242 1906 383 1935 consultat
407 1906 526 1942 Achaab,
548 1917 582 1936 an
604 1907 700 1937 debeat
718 1909 796 1949 Syris
821 1910 925 1940 benum
944 1911 988 1940 jn-
1041 1903 1094 1932 Καὶ
1107 1902 1227 1943 δεύτερον
1241 1903 1449 1941 ἐπιστρατεύσας
1460 1905 1601 1943 περιέπεσε
1619 1906 1711 1944 πληγῇ
1734 1905 1817 1944 μεγά-

242 1953 310 1981 serre
327 1964 333 1980 ε
349 1960 422 1981 etex
437 1953 548 1982 consilio
565 1954 696 1993 Josaphat
712 1956 782 1995 regis
795 1956 884 1994 Judae,
897 1968 988 1987 accer-
1039 1951 1083 1989 λῃ·
1108 1949 1155 1983 Ὡς
1173 1949 1200 1978 δὲ
1220 1949 1290 1989 ἑώρα
1304 1949 1396 1978 ἑαυτὸν
1423 1951 1450 1979 ἐν
1468 1949 1580 1990 κινδύνῳ
1593 1971 1601 1985 ’
1625 1952 1721 1990 σχῆμα
1744 1963 1819 1991 “29²-

242 1998 311 2027 sitm·
336 1998 462 2027 Michaeas
485 1999 626 2038 propheta,
648 2001 695 2038 qui
717 2001 894 2042 interrogatus
915 1995 1147 2041 cala-354⁰&i22v00
1158 1996 1287 2030 ἷλεῑῑνὸν,
1307 1996 1415 2035 ἔρχεταῑ
1434 1995 1499 2036 πρὸς
1516 1996 1561 2025 τὸν
1586 1997 1701 2036 ‘Ay-affl,
1725 1998 1817 2026 δοῦλον

244 2044 348 2073 mitates
371 2044 504 2083 praedicit,
526 2045 549 2074 si
572 2045 676 2075 bellum
698 2047 836 2078 inferatur.
861 2051 989 2080 Irascitur
1003 2048 1023 2071 Α
1040 2042 1133 2071 ἑαυτὸν
1155 2042 1314 2077 ἀποχαλῶνν
1327 2041 1372 2070 καὶ
1387 2043 1531 2080 ἀγαπητῶς
1543 2042 1612 2081 ἔχων
1629 2043 1762 2083 σωτηρίας
1775 2055 1818 2073 τυ·

243 2090 352 2119 Achaab
371 2102 378 2118 ε
393 2090 537 2119 Michaeam
554 2092 671 2130 perculit
685 2093 810 2125 Sedecias
820 2097 989 2137 pseudopro-
1039 2092 1105 2127 χεῖν.
1124 2087 1159 2117 Ὁ
1170 2087 1197 2116 δὲ
1219 2086 1362 2116 ἀνεδίδασέ
1375 2099 1404 2116 τε
1419 2087 1497 2117 αὐτὸν
1514 2088 1558 2117 ἐπὶ
1571 2089 1601 2118 τὸ
1615 2088 1688 2129 ἅρμα
1697 2110 1706 2124 ,
1725 2089 1770 2119 καὶ
1782 2101 1818 2118 τι.

242 2136 333 2176 pheta.
347 2136 429 2166 Juhet
439 2136 547 2165 Achaab
555 2137 656 2166 servari
672 2139 810 2169 Michaeam
820 2142 988 2183 pseudopro-
1042 2136 1093 2173 μῆς
1107 2132 1221 2167 ἀξιώσας
1231 2155 1238 2169 ‚
1263 2132 1409 2173 ἕξέπῑμψέν
1431 2135 1467 2167 Εἷς
1481 2133 1530 2170 τὴν
1544 2133 1643 2164 Οἶκίίαν
1659 2136 1720 2174 γῆν·
1748 2134 1817 2175 ''EP-

243 2182 363 2222 phetam,
378 2181 463 2211 donec
480 2182 546 2211 belli
563 2182 624 2211 finis
643 2191 720 2213 esset.
735 2186 800 2215 Exit
811 2187 846 2216 ad
858 2199 988 2228 pugnam,

244 2235 270 2258 et
286 2228 433 2269 Josaphato
455 2228 525 2257 dixit
547 2241 553 2257 ι
570 2230 708 2259 Mutemus
725 2231 849 2262 habitum
863 2241 889 2263 et
909 2236 991 2264 vesti-

245 2282 350 2312 menta;
363 2274 493 2314 accipiam
513 2285 562 2314 ego
580 2281 636 2311 tua,
654 2282 680 2304 et
697 2287 754 2305 mea
773 2278 821 2307 tibi
837 2280 924 2310 trado.
942 2282 991 2311 His

244 2322 367 2361 peractis,
376 2332 439 2351 cum
449 2321 617 2362 praecepisset
627 2333 676 2352 rex
685 2323 773 2363 Syriae
781 2325 913 2356 militibus
923 2329 990 2365 suis,

246 2374 276 2396 ut
295 2367 386 2396 missis
407 2367 533 2396 omnibus
554 2377 639 2396 unum
652 2379 740 2407 regem
753 2371 860 2400 Israelis
873 2372 901 2401 in
920 2373 992 2404 bello

245 2413 426 2450 adorirentur,
448 2413 490 2442 illi
511 2412 631 2443 videntes
649 2415 779 2455 Josaphat
796 2428 887 2457 regem
907 2420 991 2457 Juda,

279 2498 294 2517 d
311 2497 415 2522 Coislin.
434 2497 504 2528 Ᾰδάὸ,
518 2499 544 2523 ὶιι
555 2499 625 2524 Lxx
636 2500 803 2532 interpretum
814 2502 932 2529 Editione
947 2504 1010 2538 legi-

249 2543 289 2560 tur
302 2541 397 2563 Ναεάτι.
419 2539 478 2562 Haec
491 2539 582 2571 quippe
601 2540 704 2564 nomina
715 2540 822 2566 multum
841 2543 974 2569 variabant
985 2545 1011 2570 in

248 2576 431 2608 exemplaribus
443 2578 546 2602 Graecis.
561 2578 653 2603 Verum
665 2587 757 2605 nomen
774 2587 812 2606 est
825 2581 915 2608 Nadab
924 2593 1012 2610 secun-

1041 2191 1119 2220 χεται
1132 2181 1146 2208 6
1167 2179 1305 2219 προφήτης
1314 2181 1434 2219 ἐγκαλῶν
1449 2179 1516 2220 ὑπὲρ
1530 2179 1629 2210 τούτων
1643 2182 1818 2220 τῷγβασιλεῑ,

1043 2226 1088 2256 καὶ
1107 2226 1217 2255 θάνατον
1231 2226 1356 2254 ἀπειλῶν.
1372 2225 1531 2255 Βουλεύεται
1552 2228 1566 2255 6
1589 2226 1703 2266 Ἀχαὰὸ,
1720 2228 1743 2255 εἷ
1766 2225 1820 2255 δέοι

1045 2274 1248 2311 ἐπιστρατεῦσαι
1262 2275 1316 2304 τοῖς
1335 2271 1443 2311 Σύροις·
1457 2271 1503 2301 καὶ
1518 2271 1762 2311 συμβουλεύσαντος
1772 2274 1818 2301 τοῦ

1045 2317 1178 2357 Ἰωσαφὰτ
1194 2318 1322 2356 βασιλέως
1333 2316 1433 2352 Ἰούδα,
1457 2317 1645 2357 μετάπεμπτος
1658 2317 1759 2357 γίνεται
1770 2319 1819 2348 Μι-

1045 2368 1124 2409 χαίας
1136 2370 1150 2397 6
1164 2367 1315 2408 προφήτης,
1329 2368 1374 2397 καὶ
1389 2368 1529 2408 ἐρωτηθεὶς
1542 2367 1665 2408 προλέγει
1674 2369 1819 2409 συμφορὰς,

1047 2423 1071 2450 εἰ
1099 2419 1283 2459 πολεμήσειεν.
1314 2418 1466 2459 Ὀργίζεται
1484 2421 1499 2449 6
1521 2419 1638 2460 Ἀχαάὸ·
1663 2420 1756 2450 τύπτει
1774 2420 1818 2450 τὸν

1059 2505 1120 2529 dum
1133 2504 1284 2529 Hebratcam
1294 2505 1427 2529 veritatem
1446 2509 1506 2536 2⁸32
1514 2529 1519 2534 ,
1542 2505 1584 2530 Sic
1594 2510 1619 2529 et
1631 2505 1694 2530 infra
1707 2502 1765 2541 Ᾱὸερ
1777 2514 1819 2531 rex

1060 2548 1140 2580 Syriae
1149 2555 1186 2574 est
1195 2550 1324 2576 Bcnadad.
1336 2550 1508 2584 Lugdunensis
1519 2551 1605 2577 Codex
1616 2557 1677 2584 μετὰ
1689 2556 1767 2579 τοῦτον
1775 2557 1821 2586 βα-

1063 2590 1142 2615 σιλεύει
1154 2587 1212 2615 Α’ὃιὰ
1223 2592 1235 2616 ὁ
1247 2594 1291 2619 υἱὸς
1304 2593 1372 2616 αὐτοῦ
1385 2592 1470 2616 Made.
