1890 2826
213 178 286 224 454
553 188 582 211 s.
609 187 750 211 JOANNJS
776 184 960 209 cuanos‘r.
990 183 1146 207 ARCfflEP.
1174 183 1452 207 consummor.

217 253 291 281 Deus
306 250 367 280 ideo
389 260 418 279 se
432 251 449 280 J
452 248 535 278 udaeis
550 249 713 279 collaturum
725 247 809 284 dicit,
823 257 878 276 non
891 245 966 285 quod
1012 244 1126 285 ροὸάὸελ
1136 244 1322 286 γέγονεν,ὅπερ
1336 245 1383 276 καὶ
1395 245 1460 276 αὐτὸ
1473 247 1706 287 ἀναισχυντοῦντες
1721 248 1790 278 Ἰου-

217 297 259 326 illi
287 297 362 337 digni
398 296 470 333 sint,
496 296 543 326 sed
567 306 600 325 ne
628 306 724 326 nomen
746 294 805 334 ejus
829 294 958 334 profane-
1011 292 1079 321 δαῖοι
1097 290 1171 321 οὔπω
1184 292 1340 331 γεγενῆσθαί
1354 304 1436 332 φασι·
1447 291 1538 332 γέγονε
1549 292 1589 330 δὲ,
1604 295 1640 327 ὡς
1653 292 1728 333 ἔφην,
1745 290 1790 324 ἐπὶ

216 351 271 374 tur.
283 344 403 373 Ducitur
424 343 554 383 propheta
578 342 606 371 in
631 352 772 382 campum,
790 347 817 370 et
839 339 957 380 prophe·
1012 337 1173 377 Ζοροὸάῧελ.
1188 337 1356 379 Προφητεύει
1369 338 1439 368 κατὰ
1459 338 1615 378 Ἰδουμαίων
1629 361 1637 375 ,
1665 339 1711 369 καὶ
1735 343 1790 373 τοῖς

216 396 253 418 tat
266 400 347 429 super
359 400 417 418 ossa
439 388 526 418 arida.
542 388 688 428 Prophetat
700 387 764 418 item
778 386 812 416 de
836 385 958 415 zoroba-
1011 382 1190 423 Ἰσραηλίταις
1214 383 1336 424 χρηστὰ,
1362 383 1431 424 ἅπερ
1453 385 1534 424 φησὶν
1555 387 1570 414 ὁ
1583 385 1652 419 Θεὸς
1668 385 1789 421 ποιήσειν

214 436 285 472 bele,
301 435 374 474 quod
387 435 495 464 futurus
507 435 542 464 sit
556 445 626 463 unus
640 433 796 464 Judaeorum
807 432 932 472 princeps
949 443 955 459 :
1010 429 1159 466 Ἰουδαίοις,
1186 431 1235 461 οὐκ
1256 430 1348 466 ἐπειδὴ
1368 429 1437 464 ἄξιοί
1457 432 1539 466 εἰσιν,
1563 433 1622 461 ἀλλ’
1643 430 1687 460 ἵνα
1707 431 1744 471 μὴ
1758 431 1790 460 τὸ

215 489 302 521 potest
334 488 423 510 autem
446 480 480 510 de
503 480 620 510 Domino
646 486 737 509 nostro
760 480 825 510 Jesu
850 477 958 508 Christo
1009 475 1093 514 ὄνομα
1107 477 1186 505 αὐτοῦ
1202 476 1354 516 βεὸηλωθῇ.
1378 475 1486 516 Ἀγεται
1513 478 1527 506 ὁ
1549 475 1687 517 προφήτης
1709 478 1746 510 εἰς
1758 476 1790 506 τὸ

216 528 313 568 accipi.
342 528 514 559 Vaticinatur
540 527 620 557 etiam
645 526 680 556 de
705 526 768 565 Gog
791 532 817 555 et
842 526 955 564 Mag0g‚
966 537 1002 555 ³8³
1010 521 1099 551 πεδίον
1109 543 1116 556 ι
1130 521 1176 552 καὶ
1185 522 1346 563 Ἰῑῐκκρητεύει
1359 521 1404 551 ἐπὶ
1417 521 1452 551 τὰ
1465 524 1531 552 ὃπᾶ
1541 522 1575 552 τὰ
1584 522 1661 562 ξηρά·
1675 523 1790 563 Προφῆ-

215 576 262 614 qui
276 575 385 606 Judaeos
406 574 526 604 invasuri
546 581 621 604 erant
635 580 696 614 post
715 571 886 602 reditum¹ex
906 571 958 600 Ba·
974 565 992 587 Α
1011 567 1080 597 τεύει
1094 567 1122 597 δὲ
1136 567 1181 597 καὶ
1195 568 1257 608 περὶ
1266 571 1312 598 τοῦ
1321 567 1492 608 Ζοροὸάὸελ,
1507 568 1549 598 ὅτι
1559 564 1598 602 εἷς
1611 568 1700 609 ἄρχων
1713 568 1789 598 ἔσται

213 622 324 662 bylone,
343 622 443 660 quique
459 621 524 652 victi
545 621 663 650 suerunt.
682 618 801 656 Quidam
822 625 908 647 autem
930 616 960 645 id
1010 613 1161 643 Ἰουδαίων·
1184 613 1293 644 δύναται
1307 614 1335 643 δὲ
1355 614 1449 658 εἰςτὸν
1473 613 1571 654 Κύριον
1585 616 1662 654 ἡμῶν
1685 615 1789 650 Ἰησοῦν

215 668 358 709 allegorice
376 667 512 708 accipiunt
533 667 568 697 de
581 667 710 698 Ecclesiis
717 689 726 703 ‚
740 673 766 695 et
780 665 814 694 de
835 664 957 700 diabolo,
1009 659 1124 699 Χριστὸν
1135 659 1327 698 λαμὸοίνεσθαι.
1341 660 1509 699 Προφητεύει
1523 660 1642 701 καὶπερὶ
1666 660 1730 700 Γὼγ
1743 660 1789 690 καὶ

215 715 302 754 deque
317 714 571 755 persequutionibus
584 724 642 753 quae
658 713 732 743 vario
745 719 864 752 tempore
877 711 958 740 illatae
1011 705 1114 744 Μαγὼγ
1129 705 1289 735 ἐπελθόντων
1304 709 1359 739 τοῖς
1373 704 1509 740 Ἰουδαίοις
1519 705 1588 745 μετὰ
1599 706 1648 743 τὴν
1663 706 1789 736 ἰπᾶνοδον

215 768 278 791 sunt
299 762 334 791 ab
355 761 447 801 impiis
468 759 688 801 Imperatoribus.
700 758 872 790 Vaticinatur
894 757 958 787 item
1009 750 1058 787 τὴν
1072 752 1103 780 ἐκ
1116 751 1288 786 Βαὸυλῶνος,
1316 751 1362 780 καὶ
1381 750 1559 788 ἡττηθέντων·
1575 752 1653 786 Τινὲς
1665 751 1694 781 δὲ
1707 752 1790 788 ἀλλη-

216 807 310 847 templi
335 802 569 843 constructionem,
593 813 620 836 et
645 805 842 835 restitutionem
864 803 959 844 legalis
1010 799 1124 837 Y⁰ptxt335
1138 797 1319 837 λαμὸἄνοοσῑν
1331 799 1367 830 εἷς
1381 797 1428 830 τὰς
1443 798 1622 834 Ἐκκλησίας,
1637 798 1682 828 καὶ
1696 799 1733 831 εἷς
1744 797 1790 827 τὸν

216 853 306 883 cultus
319 866 325 882 :
339 864 399 892 quae
408 853 489 883 etiam
496 858 648 893 exspectant
657 853 675 882 J
677 851 746 880 udaei
756 862 763 886 ;
776 850 822 879 sed
830 861 859 879 ea
869 860 960 880 evene-
1010 843 1141 879 δῑάὸολον,
1150 844 1196 873 καὶ
1207 843 1267 876 τοὺς
1278 843 1347 872 κατὰ
1358 843 1449 882 καιρὸν
1462 843 1593 883 διωγμοὺς
1604 843 1790 884 ἐπενεχθέντας

217 907 280 929 runt
304 906 423 939 tempore
436 898 529 929 Esdrae
543 906 569 929 et
590 896 774 928 zorobabelis.
790 895 959 926 Constructio
1010 888 1062 918 ὕπὸ
1069 889 1173 919 ἆσῑὸῶν
1188 888 1328 929 βασιλέων·
1338 888 1506 929 Προφητῑῦεῑ
1519 889 1547 918 δὲ
1558 891 1604 918 τοῦ
1615 891 1678 919 νοοῦ
1689 888 1738 925 τὴν
1751 890 1789 918 οἷ-

215 953 305 975 autem
317 945 423 985 templi.
437 956 520 984 quam
531 943 664 984 praedicit,
676 949 701 972 et
713 953 783 981 aqua
794 942 959 982 quae'paula-
1010 934 1135 974 κοδῦμῆν,
1147 935 1192 964 καὶ
1201 935 1250 971 τὴν
1258 934 1476 965 ἅποκατάοτασῑν
1483 937 1532 971 τῆς
1539 938 1650 974 νομικῆς
1656 935 1788 972 λατρείας·

215 992 264 1021 tim
275 991 462 1031 egrediebatur
472 998 498 1020 et
510 990 669 1030 augebatur,
685 995 771 1029 potest
782 984 869 1028 accipi
879 987 914 1017 de
927 987 960 1017 iis
1009 980 1077 1021 ἅπερ
1091 981 1137 1010 καὶ
1156 981 1224 1011 αὖτὰ
1234 982 1402 1021 ἠ’ροσδοϊάῦο·ι
1418 981 1466 1020 μὲν
1487 981 1527 1011 ἔτι
1550 981 1673 1011 Ἰουδαῖοι
1682 993 1689 1000 ·
1711 980 1790 1017 ὶξέὸη

216 1039 262 1077 qui
276 1038 312 1067 ad
324 1038 463 1068 Christum
476 1036 599 1067 conversi
620 1042 698 1071 sunt,
711 1034 757 1074 qui
772 1034 872 1064 mortui
886 1041 960 1064 erant
1010 1026 1038 1056 δὲ
1052 1027 1096 1056 ἐπὶ
1108 1027 1213 1068 Ἔσδροῑ
1225 1028 1271 1058 καὶ
1285 1027 1450 1067 Ζοροὸἆὸελ·
1464 1027 1523 1063 Τὴν
1537 1027 1565 1057 δὲ
1579 1027 1721 1067 οἰκοδομὴν
1741 1029 1790 1063 τῆς

216 1091 356 1124 antequam
379 1083 533 1119 crederent,
555 1082 675 1112 viventes
698 1088 787 1111 autem
814 1081 876 1111 sacti
898 1087 961 1110 sunt
978 1077 994 1099 Β
1010 1072 1129 1109 πόλδως,
1152 1073 1184 1109 ἣν
1203 1073 1347 1114 προλὲγέῑ,
1371 1073 1416 1102 καὶ
1431 1073 1462 1103 τὸ
1480 1073 1550 1114 ὕδωρ
1570 1073 1602 1103 τὸ
1614 1074 1684 1103 κατὰ
1695 1073 1789 1113 μικρὸν

216 1137 356 1170 postquam
368 1129 549 1160 crediderunt,
1011 1118 1217 1158 ἐκπορευόμενον
1230 1118 1276 1148 καὶ
1287 1118 1472 1158 αὐξανόμενον,
1486 1118 1595 1149 δύναται
1606 1119 1651 1149 ἐπὶ
1660 1119 1720 1152 τοὺς
1733 1120 1790 1149 ἐπι-

1011 1164 1170 1205 στρέφοντας
1184 1165 1229 1195 ἐπὶ
1252 1165 1297 1194 τὸν
1319 1164 1435 1205 Χριστὸν
1460 1165 1660 1203 λαμὲάνεσθαι,
1683 1164 1790 1204 νεκροὺς

1011 1211 1087 1245 ὄντας
1100 1211 1162 1252 πρὶν
1187 1211 1206 1247 ἢ
1224 1214 1383 1248 πιστεῦσαι,
1405 1210 1474 1250 μετὰ
1486 1210 1514 1241 δὲ
1527 1211 1558 1241 τὸ
1570 1214 1712 1242 πιστεῦσαι
1725 1212 1790 1245 ζωο-

1013 1257 1194 1296 ποιουμένους.

217 1365 346 1385 εΥινοΡειε
379 1364 481 1384 nonum
516 1363 584 1389 QUAE
605 1364 623 1382 Α
646 1363 773 1382 namen:
810 1362 960 1381 nornen
1060 1362 1182 1382 truowz
1193 1363 1248 1382 ’mu
1260 1363 1297 1390 τῼ
1309 1363 1441 1390 uronis-ru
1452 1363 1554 1383 samua
1566 1363 1738 1383 memma.

493 1410 581 1429 meu
602 1409 687 1429 seur.

256 1492 404 1532 Eliguntur
413 1490 508 1520 Daniel
521 1497 546 1520 et
556 1490 633 1527 socii,
645 1497 671 1520 et
681 1490 827 1519 traduntur
836 1489 959 1519 archien·
1050 1487 1223 1530 Ἐκλέγονται
1240 1489 1265 1517 οἱ
1278 1488 1340 1528 περὶ
1353 1488 1397 1518 τὸν
1410 1489 1528 1524 Δανιὴλ,
1543 1487 1589 1518 καὶ
1600 1488 1789 1528 παραδίδονται

214 1538 314 1574 nucho,
325 1545 405 1576 atque
417 1536 599 1576 leguminibus
610 1543 757 1565 vescuntur
769 1548 776 1563 ε
788 1541 815 1564 et
825 1534 958 1565 adstantes
1008 1535 1046 1573 τῷ
1058 1533 1253 1574 ἀρχιευνούχῳ,
1268 1534 1314 1563 καὶ
1328 1538 1462 1565 σιτοῦνται
1474 1534 1625 1575 σπέρματα·
1639 1534 1685 1564 καὶ
1699 1546 1787 1574 παρα-

213 1578 271 1618 rcgi
283 1578 404 1607 omnium
414 1576 605 1617 sapientissimi
616 1575 776 1616 deprehensi
786 1581 859 1604 sunt.
873 1574 958 1605 Videt
972 1588 991 1611 c
1009 1578 1117 1612 στάντες
1127 1581 1166 1620 τῷ
1177 1581 1295 1619 βασιλεῖ,
1309 1580 1416 1610 πάντων
1433 1580 1623 1620 ἀνεδείχθησαν
1636 1579 1790 1620 σοφώτεροι.

214 1623 350 1653 somnium
359 1622 619 1658 Nabuchodonosor,
632 1629 658 1651 et
668 1632 769 1661 magOS‚
780 1621 828 1660 qui
842 1631 894 1650 non
906 1632 956 1661 po-
1008 1627 1078 1665 Ὁρᾷ
1090 1625 1121 1654 τὸ
1143 1625 1264 1655 ἐνύπνιον
1286 1625 1534 1666 Ναὸουχοδονόσορ,
1551 1625 1595 1655 καὶ
1608 1625 1669 1659 τοὺς
1687 1626 1788 1665 μάγους

214 1676 300 1698 terant
323 1669 456 1698 somnium
481 1668 600 1698 indicare
622 1674 648 1697 et
674 1666 860 1707 interpretari,
880 1667 959 1708 jubet
1008 1671 1199 1711 ἀπορήσαντας
1207 1671 1389 1711 γνωρίσαιμ’,
1401 1672 1601 1702 ἑπιλῦσαιαῦτὸ
1610 1671 1791 1712 „hancqu-

214 1714 312 1744 occidi.
333 1715 515 1744 Periclitantes
538 1724 646 1753 quoque
665 1712 805 1743 Danielem
824 1720 851 1742 ct
871 1713 958 1743 socios
1008 1720 1096 1757 γῆναι.
1109 1716 1334 1752 Κινδυνεύσαντας
1348 1717 1375 1747 δὲ
1383 1718 1429 1748 χαὶ
1437 1717 1497 1752 τοὺς
1510 1718 1571 1757 περὶ
1581 1717 1683 1754 Δανιὴλ
1692 1717 1790 1748 ἔσωσεν

214 1761 332 1790 servavit
345 1762 429 1797 Deus,
445 1772 507 1791 cum
528 1760 635 1790 Danieli
659 1759 756 1789 somnii
778 1759 899 1789 notitiam
911 1771 959 1800 per
1008 1766 1022 1793 ὁ
1037 1763 1120 1799 Θεὸς,
1132 1763 1307 1804 ἀποκαλύψας
1320 1765 1393 1804 αὐτῷ
1405 1766 1444 1805 τῷ
1456 1763 1559 1800 Δανιὴλ
1566 1764 1615 1800 τὴν
1626 1764 1726 1800 εἴδησιν
1743 1767 1790 1793 τοῦ

214 1808 402 1838 revelationem
417 1807 502 1837 dedit.
517 1806 691 1839 htroductus
709 1806 808 1836 Daniel
823 1807 958 1836 somnium
1004 1809 1134 1839 ἐνυπνίου.
1159 1809 1195 1840 Ὁ
1212 1810 1315 1846 Δανιὴλ
1328 1810 1459 1850 εἰσαχθεὶς
1476 1810 1549 1850 λέγει,
1566 1810 1596 1840 τὸ
1610 1810 1730 1840 ἐνύπνιον
1746 1813 1786 1851 τῷ

213 1855 270 1894 regi
283 1854 354 1884 dixit
366 1856 478 1895 ejusque
493 1853 748 1894 interpretationem.
763 1853 845 1893 Lapis
868 1860 956 1883 autem
1004 1857 1108 1896 βασιλεῖ
1120 1856 1166 1886 καὶ
1174 1855 1224 1892 τὴν
1237 1856 1374 1897 σύγκρισιν
1387 1855 1517 1886 αὐτοῦ.Ὁ
1525 1856 1554 1886 δὲ
1563 1855 1633 1890 λίθος
1654 1859 1669 1886 ὁ
1682 1856 1792 1895 τμηθεὶς

213 1900 270 1929 sine
290 1901 415 1930 manibus
428 1900 534 1930 excisus
557 1899 681 1929 Christus
694 1905 733 1928 est
741 1910 750 1936 5
763 1899 820 1928 sine
833 1899 957 1929 manibus
1005 1903 1066 1933 ἄνευ
1079 1904 1177 1943 χειρῶν
1201 1905 1215 1932 ὁ
1234 1902 1349 1943 Χριστός
1363 1904 1435 1933 ἐστι·
1455 1903 1486 1933 τὸ
1499 1902 1527 1932 δὲ
1542 1903 1604 1932 ἄνευ
1618 1905 1731 1943 χειρῶν,
1753 1902 1787 1932 τὸ

212 1957 288 1984 vero,
303 1946 366 1985 quia
379 1947 436 1975 sine
454 1945 599 1975 concubitu
621 1955 655 1974 ex
677 1944 782 1984 virgine
805 1952 882 1974 natus
905 1952 955 1975 est.
1004 1949 1089 1989 χωρὶς
1114 1948 1252 1982 συνουσίας
1273 1950 1305 1979 ἐκ
1328 1951 1376 1985 τῆς
1397 1948 1528 1989 παρθένου
1548 1948 1627 1978 αὐτὸν
1650 1950 1787 1988 τεχθῆναι.

213 1993 335 2022 Erectam
343 2003 358 2022 a
366 2003 395 2021 se
404 1999 518 2021 statuam
527 1990 859 2031 Nabuchodonosorjubet
866 2002 957 2022 omnes
1013 1995 1121 2031 Στήσας
1134 1994 1183 2030 τὴν
1196 1994 1285 2024 εἰκόνα
1306 1993 1541 2034 Ναὸουχοδονόσορ
1553 2017 1561 2031 ,
1589 1993 1692 2024 κελεύει
1705 2005 1791 2033 προσ-

213 2038 324 2067 adorare
334 2061 342 2075 ,
358 2045 383 2067 et
400 2045 453 2067 tres
473 2047 572 2078 pueros
591 2036 638 2076 qui
660 2036 771 2066 adorare
789 2037 915 2067 nolebant
929 2038 956 2067 in
1005 2045 1094 2071 κυνεῖν
1106 2040 1224 2076 πάντας,
1237 2040 1282 2070 καὶ
1296 2039 1356 2074 τοὺς
1374 2045 1442 2080 τρεῖς
1455 2041 1551 2073 παῖδας
1565 2042 1603 2073 εἰς
1617 2039 1666 2075 τὴν
1678 2039 1791 2078 κάμινον

212 2084 344 2113 fornacem
359 2083 454 2123 injicit.
471 2084 509 2113 Ut
520 2090 610 2112 autem
623 2082 665 2111 illi
679 2083 725 2121 qui
740 2083 809 2112 circa
823 2083 955 2114 fornacem
1006 2086 1133 2126 ἐμὸάλλει
1147 2084 1185 2125 μὴ
1199 2086 1445 2126 προσκυνήσαντας.
1462 2085 1509 2119 Ὡς
1522 2085 1549 2115 δὲ
1563 2086 1660 2125 οἱπερὶ
1673 2085 1723 2122 τὴν
1739 2085 1789 2115 κᾶ-

213 2136 288 2158 erant
299 2129 428 2159 interfecti
441 2136 513 2164 sunt,
526 2135 550 2157 et
561 2128 640 2168 pueri
654 2129 741 2157 Deum
755 2128 865 2158 canticis
885 2130 954 2159 cele·
971 2142 990 2164 n
1005 2144 1079 2172 μινον
1100 2131 1281 2172 ἀνῃρέθησαν,
1301 2132 1346 2162 καὶ
1370 2131 1467 2170 ὕμνουν
1481 2132 1506 2160 οἱ
1519 2132 1612 2164 παῖδες
1633 2131 1678 2161 τὸν
1702 2131 1790 2170 Θεὸν,

214 2177 331 2213 brarent‚
343 2176 389 2205 ubi
402 2175 474 2216 ipsos
486 2175 609 2205 evocavit
621 2185 669 2204 rex
679 2182 704 2204 et
717 2174 864 2204 incolumes
875 2175 955 2214 vidit,
1006 2178 1125 2212 καλέσας
1137 2177 1247 2212 αὐτοὺς,
1258 2177 1304 2207 καὶ
1320 2177 1381 2207 ἰδὼν
1391 2177 1488 2213 σώους,
1501 2178 1546 2207 τόν
1558 2189 1587 2207 τε
1601 2177 1671 2208 Θεὸν
1681 2177 1789 2211 ἐξεπλά-

212 2222 247 2252 de
260 2223 311 2252 Dei
329 2222 446 2263 potentia
471 2228 580 2261 stupore
593 2221 734 2261 perculsus
744 2243 752 2257 ,
766 2221 839 2260 ipsos
852 2221 956 2261 princi·
1005 2237 1041 2264 γη
1051 2247 1059 2261 ,
1080 2223 1125 2254 χαὶ
1138 2223 1231 2258 αὐτοὺς
1245 2226 1316 2264 ἀρχῇ
1330 2225 1364 2263 τῇ
1376 2225 1429 2253 τῶν
1444 2223 1578 2253 Ἰουδαίων
1594 2223 1706 2262 ἐτίμησε
1715 2246 1723 2260 ,
1744 2223 1791 2253 καὶ

211 2275 277 2308 patu
287 2270 304 2299 J
307 2268 446 2298 udaeorum
458 2267 612 2304 honoravit,
625 2266 815 2305 decretumque
828 2267 914 2302 dedit,
928 2275 958 2297 ut
1009 2270 1094 2310 δόγμα
1106 2270 1184 2306 ἔθηκε
1194 2292 1202 2306 ,
1219 2269 1262 2299 τὸν
1274 2270 1484 2309 βλασφημοῦντα
1506 2271 1544 2303 εἰς
1563 2268 1608 2299 τὸν
1622 2269 1692 2299 Θεὸν
1706 2269 1790 2299 ἀπόλ-

212 2314 334 2353 quisquis
353 2314 381 2343 in
396 2315 484 2344 Deum
506 2313 715 2353 blasphemaret,
728 2319 813 2341 morte
827 2313 956 2352 plectere·
1006 2316 1182 2356 λυσθαι.“ορᾷ
1192 2315 1311 2345 ἐνύπνιον
1324 2314 1572 2355 Ναὸουχοδονόσορ·
1584 2314 1630 2344 καὶ
1640 2316 1694 2343 τῶν
1702 2316 1791 2354 σοφῶν

211 2367 268 2391 tur.
290 2360 375 2391 Videt
397 2360 532 2390 somnium
558 2358 807 2389 Nabuchodonosor
823 2371 830 2388 ι
845 2366 871 2388 et
895 2370 957 2389 cum
1007 2362 1163 2395 Βαὸυλῶνος
1175 2361 1255 2391 πάλιν
1268 2361 1496 2401 διαπορησάντων,
1505 2360 1609 2391 ἐπιλύει
1619 2359 1684 2390 αὐτὸ
1704 2362 1718 2390 ὁ
1728 2362 1788 2390 Δα-

212 2407 343 2447 sapientes
355 2405 503 2447 Babylonis
517 2415 626 2434 rursum
639 2405 780 2442 haererent,
796 2405 887 2444 ipsum
901 2406 957 2434 sol·
1005 2407 1076 2444 νιὴλ,
1091 2407 1264 2446 συμὸουλεύει
1273 2418 1302 2436 τε
1309 2409 1348 2447 τῷ
1359 2407 1477 2446 βασιλεῖ,
1489 2406 1537 2440 τὰς
1548 2406 1659 2445 ἀνομίας
1670 2407 1750 2435 αὐτοῦ
1760 2407 1788 2436 ἐν

210 2453 251 2483 vit
263 2453 372 2487 Daniel,
384 2453 495 2493 regique
506 2458 599 2481 auctor
622 2458 672 2488 est,
684 2458 714 2480 ut
725 2451 881 2490 iniquitates
893 2462 955 2481 suas
1006 2454 1196 2493 ἐλεημοσύναις
1202 2453 1397 2493 λυτρώσασθαι.
1403 2452 1457 2482 Καὶ
1464 2453 1494 2482 οὗ
1502 2453 1596 2491 μετόὖ
1605 2451 1787 2492 πολὺνχρόνον

211 2499 386 2539 eleemosynis
396 2498 520 2528 redimat.
533 2499 589 2527 Nec
597 2496 647 2526 diu
657 2503 747 2537 postea
758 2497 856 2526 somnii
866 2497 954 2527 exitus
1007 2499 1083 2535 ἐξέὸη
1096 2499 1127 2528 τὸ
1139 2499 1269 2529 ἐνύπνιον·
1281 2499 1326 2529 καὶ
1345 2499 1422 2539 ᾔνεσε
1436 2498 1480 2528 τὸν
1493 2498 1562 2528 Θεὸν
1583 2500 1597 2527 ὁ
1615 2498 1786 2538 Ναὸουχοδο-

211 2544 319 2583 evenit;
340 2544 513 2584 laudavitque
526 2543 777 2573 Nabuchodonosor
789 2544 888 2572 Deum.
903 2544 953 2574 Sa·
1005 2546 1091 2585 νόσορ.
1108 2547 1170 2574 Τῶν
1187 2547 1287 2574 σκευῶν
1299 2547 1350 2575 τῶν
1365 2545 1504 2584 ἱερατικῶν
1517 2543 1701 2584 ἐξενεχθέντων
1717 2543 1786 2574 κατὰ

212 2591 265 2620 cris
279 2592 371 2631 templi
385 2591 457 2622 vasis
464 2592 542 2631 jussu
554 2589 697 2620 Baltasaris
711 2589 780 2629 regis
791 2589 843 2619 filii
857 2590 951 2619 Nabu-
970 2598 988 2621 E
1007 2591 1150 2630 πρόσταξιν
1164 2594 1209 2620 τοῦ
1226 2587 1357 2630 βασιλέως
1370 2590 1513 2630 Βαλτάσαρ
1523 2590 1581 2620 υἱοῦ
1590 2589 1785 2629 Ναὸουχοδονό-

1886 1835 1890 1863 i

1885 1865 1890 1927 i

1874 2607 1890 2676 ³ss
