1890 2826
67 1803 206 1826 Dan.2.3o.

230 196 299 232 256

226 271 325 310 inquit,
342 270 422 300 alius
440 272 584 311 ingressus
601 278 645 302 est
665 273 698 300 in
718 276 873 311 conspectu
892 282 964 301 meo.

225 316 310 354 Quasi
323 316 464 353 immemor
478 317 529 346 ita-
539 316 671 356 loquitur.
687 317 794 349 Etenim
814 316 892 351 multi
906 317 968 346 anni

224 363 417 402 praeterierant,
436 370 462 392 et
476 363 529 392 cito
546 363 703 394 memoriam
722 362 856 400 amiserat,
874 369 969 403 utpote

223 415 264 438 tot
276 408 349 438 curis
368 409 502 446 obsessus,
523 416 548 438 et
566 419 628 438 cum
641 409 721 439 tantis
742 408 847 438 deliciis
858 409 964 439 vivens.

223 456 309 484 Porro
321 454 516 492 dicere'alium‚
536 455 644 495 signum
657 462 697 485 est
713 466 775 486 eum
793 454 873 486 valde
891 455 967 484 illius

222 500 339 530 oblitum
348 511 413 530 esse.
424 501 589 533 Secundum
595 511 714 539 nomen,
721 501 821 540 inquit,
830 501 878 530 dei
897 502 964 530 mei.

223 548 266 576 An
279 547 332 576 hoc
344 546 434 576 dicere
448 547 509 577 vult
523 559 529 576 ε
547 547 586 577 sic
599 558 661 576 eum
674 547 828 585 honoravit,
843 554 873 576 nt
885 558 901 577 a
915 547 967 577 deo

223 603 319 622 nomen
333 593 386 622 hoc
397 593 440 622 illi
454 593 616 623 indiderim?
630 595 692 623 Mos
701 593 771 623 enirn
784 600 840 623 erat
852 593 920 630 illis,
933 593 968 622 de

222 639 340 678 deorum
347 639 455 677 nomine
473 649 570 680 pueros
586 650 650 669 suos
669 639 806 676 nominare
820 651 827 668 :
843 638 967 678 quando-
983 642 1002 667 C

222 685 332 726 quidem
343 693 412 716 etex
420 686 576 715 hominibus
584 685 650 715 deos
660 685 802 716 faciebant.
815 686 861 715 Sic
871 685 965 723 Belus,

222 733 261 763 sic
279 739 306 762 et
323 731 427 762 Belaeus
446 731 558 770 quidam
580 731 654 772 apud
671 742 719 761 nos
740 731 893 771 appellatus
913 739 964 762 est.

222 779 331 810 Scilicet
350 785 491 818 postquam
510 777 643 807 daemones
663 777 791 808 viderunt
813 788 842 807 ea
863 778 966 809 ratione

222 825 344 855 homines
356 824 483 854 honorari
496 835 526 854 ac
538 824 604 854 deos
616 824 717 862 vocari,
731 831 758 854 et
774 824 827 864 ipsi
841 824 871 854 id
882 835 966 855 aemu-

221 872 270 901 lati
283 878 356 900 sunt.
366 868 450 910 Cujus
463 871 549 910 gratia
561 871 611 908 ait,
626 871 749 908 Daniel,
763 872 846 911 cujus
861 882 965 901 nomen

222 918 384 947 Baltasar?
398 916 470 953 Quia
489 916 540 946 Dei
557 916 686 946 virtutem
706 916 835 946 habebat.
846 917 879 947 Id
892 917 964 947 enim

222 963 296 1004 apud
314 963 377 992 illos
402 963 521 992 maximo
544 962 640 992 honori
664 970 732 993 erat.
758 963 795 993 Et
818 964 975 994 sustinebat*

222 1009 318 1040 Daniel
332 1020 360 1039 se
372 1009 407 1038 ab
420 1009 477 1038 illis
494 1019 526 1038 eo
540 1008 647 1038 nomine
667 1008 793 1048 insigniri
809 1021 819 1039 =
833 1020 966 1049 nusquam

221 1063 311 1086 autem
328 1056 384 1092 hic,
406 1055 473 1085 dum
497 1055 540 1084 sui
559 1055 720 1084 mentionem
740 1055 821 1093 facit,
844 1056 966 1086 Baltasa—

222 1113 278 1132 rem
295 1102 414 1142 scipsum
433 1101 563 1138 nominat,
582 1100 630 1130 sed
646 1099 734 1140 quid?
756 1102 821 1141 Ego
844 1102 964 1131 Daniel.

221 1150 328 1186 Quanto
342 1148 445 1177 honore
457 1147 583 1187 dignatus
604 1154 643 1176 est
662 1147 732 1187 regis
753 1146 839 1184 filius,
855 1154 928 1177 tanto
941 1155 967 1178 et
984 1165 1004 1188 D

220 1194 270 1224 iste
286 1207 292 1223 τ
309 1193 390 1223 etiam
404 1200 463 1224 aute
484 1193 708 1233 experimentum,
729 1204 763 1222 ex
783 1193 843 1233 ipso
856 1201 966 1234 aspectu

219 1241 294 1272 visus
307 1247 347 1270 est
357 1239 538 1270 admirabilis.
553 1240 609 1269 Nee
623 1250 696 1276 vero,
719 1239 818 1278 inquit,
842 1251 877 1270 ex
889 1240 966 1271 illius

219 1287 319 1318 virtute
332 1285 483 1326 proferebat
499 1296 530 1315 ea
542 1296 602 1324 quae
616 1285 792 1324 loquebatur:
814 1284 864 1314 sed
874 1286 965 1325 Spiri-

219 1339 283 1363 tum
296 1334 353 1362 Dei
369 1337 504 1372 sanetum
523 1331 651 1360 habebat
669 1332 701 1359 in
722 1332 885 1371 semetipso.
903 1333 963 1361 Non

218 1379 299 1409 illum
318 1378 462 1419 Spiritum,
480 1388 561 1416 quem
581 1387 628 1407 nos
642 1387 771 1407 vocamus
783 1377 963 1415 Paracletum,

219 1426 267 1455 sed
278 1426 354 1457 velut
373 1426 396 1455 si
419 1425 480 1464 quis
494 1423 594 1454 dixerit
612 1423 825 1463 inspirationem,
840 1430 896 1454 erat
909 1435 963 1454 nu-

219 1473 291 1502 mine
300 1472 418 1501 afflatus.
438 1473 468 1501 6.
491 1470 644 1513 Baltasar,
663 1469 763 1508 inquit,
778 1471 912 1510 princeps
922 1472 963 1500 in-

219 1525 413 1548 cantatorum.
429 1518 536 1548 Primus
549 1517 670 1557 ipsorum
686 1523 753 1552 erat,
776 1516 873 1555 inquit.
891 1517 964 1548 Vide

219 1572 284 1604 quot
294 1564 394 1596 indicia
407 1564 542 1593 declarent
555 1574 617 1592 eum
634 1562 736 1592 caeteris
754 1562 964 1603 praestantiorem

218 1623 285 1642 esse.
296 1613 438 1642 Baltasar
443 1614 575 1651 princeps
582 1612 811 1651 incantatorum,
821 1621 908 1650 quem
920 1621 964 1640 co-

218 1660 318 1699 gnovi,
331 1659 412 1699 quod
429 1658 554 1698 Spiritus
579 1657 638 1686 Dei
654 1662 774 1686 sanctus
797 1658 829 1685 in
850 1664 887 1687 te.
908 1657 1008 1694 Quina

219 1706 324 1743 melior,
347 1705 500 1744 c-aeterisque
512 1704 600 1745 potior
608 1713 646 1741 es,
662 1714 748 1744 quem
761 1714 813 1743 ego
828 1706 962 1744 cognovi.
979 1694 1000 1716 A

218 1755 287 1782 Nam
300 1762 333 1781 nc
348 1751 446 1781 iterum
455 1751 587 1791 redigeret
597 1760 659 1779 eum
672 1749 708 1779 ad
720 1750 903 1780 necessitatem
914 1750 962 1780 di-

219 1798 296 1829 cendi
310 1811 316 1827 :
333 1799 374 1828 Et
388 1808 440 1837 ego
458 1804 557 1828 autem
571 1807 631 1826 non
643 1798 675 1824 in
694 1797 839 1835 sapientia
852 1807 918 1836 quoe
925 1797 963 1836 fit

220 1847 252 1875 in
263 1854 308 1874 me
323 1856 331 1873 .·
341 1843 384 1873 his
393 1843 484 1875 verbis
498 1842 615 1872 maxime
624 1852 686 1871 eum
700 1848 842 1878 attractum
852 1841 887 1871 iri
900 1853 961 1882 spe-

578 208 608 233 S.
635 208 716 232 JOAN
723 208 773 232 NlS
798 208 982 232 CHRYSOST.

251 1925 266 1945 Β
283 1921 331 1954 ἔως
342 1923 369 1951 οὗ
385 1926 469 1959 ἕτερος,
480 1926 540 1959 φησὶ,
552 1925 651 1952 εἰσῆλθεν
663 1925 754 1948 ἐνώπιόν
765 1932 818 1955 μου.
831 1918 862 1951 1¹15
872 1924 980 1949 ἐπιλαθό-

217 1975 284 1996 μενος
295 1966 353 1990 οὕτω
366 1967 426 1997 φησί.
438 1961 549 1995 Legebat
560 1960 627 1994 apud
638 1959 841 1986 Theodotionem
854 1965 938 1995 ἔτερος,
953 1967 980 1987 ut

218 2009 244 2028 et
253 2003 338 2037 legisse
348 2001 538 2028 Theodoretum
550 2006 659 2026 constat.
673 2001 724 2025 Eos
732 2001 800 2025 enim
811 2000 874 2025 nihil
883 2009 978 2033 moror,

218 2043 262 2075 qui
279 2041 341 2067 dum
356 2047 481 2067 conantur
493 2039 636 2070 emendare,
649 2038 799 2072 depravant.
816 2040 851 2064 Ae
867 2045 937 2066 certe
950 2049 980 2069 ea

218 2081 294 2106 lectio
303 2082 406 2114 propius
417 2079 516 2106 accedit
527 2078 561 2105 ad
573 2080 703 2105 veritatem
716 2078 889 2111 Chaldaicam,
902 2089 978 2114 quam

219 2121 266 2146 alia
279 2123 378 2155 ἑταῖρος.
391 2121 479 2145 Mirari
492 2119 577 2153 itaque
589 2119 651 2144 satis
662 2127 713 2143 non
727 2127 830 2151 possum
847 2119 917 2152 quod
938 2119 979 2144 hic

219 2161 338 2185 observat
350 2161 379 2186 B.
400 2160 579 2192 Hieronymus,
600 2163 690 2191 praeter
708 2157 778 2182 Lxx
797 2157 960 2184 translatores
970 2178 977 2189 ‚

218 2209 260 2233 qui
278 2199 331 2224 haec
351 2193 436 2224 omu'ia
454 2198 640 2230 praeterierant,
659 2203 710 2221 tres
728 2195 836 2230 reliquos
855 2197 980 2232 collegam

219 2239 399 2271 interpretatos
409 2245 469 2261 esse.
480 2235 550 2268 Quid
562 2235 637 2269 igitur
645 2235 659 2260 i'
669 2245 702 2260 an
710 2234 841 2260 codicibus
853 2236 980 2270 corruptis

219 2277 336 2303 utebatur
348 2276 507 2301 doctissimus
518 2274 655 2307 Scripturas
669 2273 811 2307 interpres?
823 2274 855 2299 1d
867 2284 927 2301 vero
937 2275 978 2300 af—

218 2318 318 2342 firmare
329 2315 420 2341 durum
432 2314 516 2346 fuerit,
528 2323 586 2338 curn
598 2313 649 2338 dici
661 2319 737 2346 queat
755 2312 812 2338 ideo
824 2313 953 2339 Danielem
964 2324 979 2339 a

218 2353 470 2382 Nabuchodonosoro
477 2352 629 2385 appellatum
637 2351 769 2385 collegam,
779 2353 837 2384 quia
844 2354 907 2377 alter
917 2353 977 2385 ipsc,

218 2405 248 2421 ac
257 2393 380 2421 secundus
387 2402 402 2418 a
411 2401 468 2427 rege
477 2397 549 2417 esset.
559 2390 684 2420 (Clemens
690 2390 872 2417 Alexandrinus
881 2393 907 2417 in
915 2393 981 2417 Cen.

219 2443 278 2461 tone
289 2431 408 2463 secundo,
425 2435 437 2458 b
447 2434 470 2458 δὲ
482 2433 579 2466 ἑταῖρος,
591 2434 667 2466 ἔτερος
676 2429 741 2463 ἐγὼ)
751 2430 830 2463 Atque
840 2431 874 2455 ita
887 2433 978 2463 exponi

217 2481 301 2509 potest
317 2482 366 2499 vox
382 2475 480 2513 1⁹⁸1?le
498 2476 524 2496 et
535 2471 562 2496 S.
573 2471 743 2503 Hieronymus
755 2478 769 2493 a
779 2478 882 2495 censura
892 2471 977 2496 Drusii

217 2517 349 2544 vindicari.
363 2517 523 2548 Quamquam
533 2518 617 2538 autem
629 2510 662 2537 de
673 2520 735 2537 voce
745 2514 833 2547 ἑταῖρος
844 2510 885 2536 hic
897 2511 976 2536 dissc—

216 2563 345 2582 rercextra
354 2565 407 2581 rem
414 2553 466 2580 esse
473 2552 597 2584 videatur,
608 2551 717 2577 monebo
725 2557 818 2583 tamen,
829 2550 894 2576 illius
904 2550 974 2583 igno-

217 2597 313 2622 ratione
322 2596 416 2620 sactum
428 2602 489 2626 esse,
503 2598 531 2618 ut
539 2591 716 2618 disertissimus
737 2591 776 2616 vir
786 2590 908 2615 Antonius
919 2591 974 2615 Mu-

217 2643 284 2662 retus
296 2637 320 2661 in
328 2634 460 2660 variarum
472 2633 608 2659 lectionum
616 2630 659 2657 lib.
671 2633 693 2663 l,
706 2639 760 2663 cap.
777 2632 799 2662 l,
808 2629 910 2655 tertium
920 2631 974 2655 Iso-

1010 209 1164 234 Ancnlm‘.
1193 211 1459 237 CONSTANTINOP.

1022 275 1082 301 Θεοῦ
1094 285 1155 312 μου,
1168 273 1196 307 ὃς
1208 277 1313 313 πνεῦμα
1321 276 1393 304 Θεοῦ
1408 275 1464 315 ἔχει
1478 276 1506 304 ἐν
1519 276 1605 316 ἑαυτῷ
1616 288 1622 294 ·
1637 276 1682 306 καὶ
1694 275 1724 305 τὸ
1737 275 1795 306 M·

1021 336 1095 354 πνιον
1109 325 1220 356 ἐνώπιον
1235 321 1315 356 αὐτοῦ’
1331 323 1414 357 εἶπον.
1431 327 1523 361 belEme
1542 323 1572 357 οὗ
1586 328 1672 369 ἔτερος
1683 351 1690 365 ,
1707 328 1793 369 φησὶῗ,

1020 379 1139 414 εἰσῆλθεν
1162 379 1273 408 ἐνώπιόν
1293 391 1351 419 μου.
1370 380 1416 414 Ὡς
1430 380 1616 420 ἐπιλαθόμενος
1636 380 1705 411 οὕτω
1720 380 1794 421 φησί.

1021 430 1074 459 Καὶ
1087 430 1140 471 γὰρ
1163 431 1250 461 πολλὰ
1273 431 1319 468 ἔτη
1342 432 1519 472 παρεληλύθει
1530 454 1539 469 ,
1562 432 1607 462 καὶ
1622 433 1723 473 ταχέως
1744 433 1794 469 τὴν

1019 482 1126 521 μνήμην
1150 483 1299 521 ἀπέὸαλεν,
1321 484 1367 514 ἅτε
1388 486 1415 514 ἐν
1429 485 1572 518 τοσαύταις
1592 485 1725 525 φροντίσιν
1740 485 1795 529 ᾢν,

1018 533 1063 563 καὶ
1083 534 1198 575 τοσαύτῃ
1217 537 1302 570 συζῶν
1323 539 1426 577 ιττροιρῇ
1450 537 1460 577 (
1474 537 1496 566 l.
1517 539 1634 577 τρυφῇ).
1651 537 1693 567 Τὸ
1711 539 1794 567 εἰπεῖν

1018 586 1116 626 ἕτερον,
1129 587 1239 626 σημεῖόν
1254 584 1311 617 ἔστι
1321 592 1367 618 τοῦ
1382 589 1484 630 σφόδρα
1496 590 1575 619 αὐτὸν
1589 591 1702 629 ἀγνοεῖν.
1716 589 1795 619 Κατὰ

1019 637 1048 666 τὸ
1074 637 1157 676 ὄνομα
1171 660 1179 675 ,
1195 638 1274 678 φησὶ,
1293 641 1339 668 τοῦ
1361 641 1419 669 θεοῦ
1446 651 1505 678 μου.
1522 639 1561 669 Ἧ
1580 642 1658 668 τοῦτο
1672 638 1796 678 βούλεται

1018 692 1111 727 εἰπεῖν,
1127 690 1168 720 ὅτι
1186 691 1270 724 οὕτως
1283 690 1399 730 ἐτίμησα
1408 693 1444 725 ὡς
1457 691 1505 721 καὶ
1519 691 1572 722 ἀπὸ
1583 693 1630 721 τοῦ
1645 694 1704 721 θεοῦ
1717 693 1795 720 τοῦτο

1017 738 1118 773 “cirtem
1139 743 1194 773 Καὶ
1210 743 1341 784 γὰρέθος
1361 730 1451 778 adroic
1472 746 1516 774 ἐπ’
1536 745 1646 784 ὀνόματι
1660 746 1714 774 τῶν
1728 746 1795 773 θεῶν

1017 796 1077 829 τοὺς
1087 797 1184 830 παῖδας
1191 798 1338 836 ὀνομάζειν
1348 797 1440 833 ἐπειδὴ
1449 798 1494 827 καὶ
1503 797 1530 832 ἐξ
1538 797 1683 838 ἀνθρώπων
1691 793 1795 827 ἐποίουν

1017 849 1101 883 θεούς.
1124 849 1218 883 Οὕτως
1229 852 1243 879 ὃ
1257 850 1349 884 ὅὸελος
1359 873 1366 887 ,
1382 851 1451 880 οὕτω
1472 850 1517 880 καὶ
1531 852 1545 880 ὁ
1560 850 1676 886 Βήλαιος
1693 850 1794 887 ἐκλήθη

1017 914 1057 935 τις
1077 903 1140 942 παρ’
1155 904 1229 940 ἡμῖν.
1244 901 1355 938 Ἐπειδὴ
1374 902 1424 943 γὰρ
1440 898 1507 932 εἶδον
1522 905 1546 932 οἱ
1567 903 1688 942 δαίμονες
1709 902 1793 943 ταύτῃ

1018 953 1182 993 τιμωμένους
1195 954 1255 988 τοὺς
1269 954 1421 995 ἀνθρώπους
1431 977 1438 990 ,
1452 955 1497 984 καὶ
1512 955 1586 988 θεοὺς
1599 955 1775 994 καλουμένους
1786 977 1795 991 ,

1018 1006 1063 1036 καὶ
1077 1006 1151 1036 αὐτοὶ
1166 1009 1243 1036 τοῦτο
1262 1007 1407 1043 ἐζήλωσαν.
1422 1007 1501 1042 Τίνος
1523 1007 1610 1037 ἕνεκέν
1631 1019 1696 1048 φησι
1706 1029 1714 1043 ,
1735 1009 1795 1038 Δα-

1018 1058 1089 1095 νιὴλ,
1101 1054 1130 1087 οῧ
1145 1058 1176 1087 τὸ
1187 1059 1270 1098 ὄνομα
1280 1059 1436 1100 Βαλτάσαρ;
1446 1059 1591 1099 Ὅτιθεοῦ
1601 1058 1712 1099 δύναμιν
1724 1055 1792 1100 εἶχε.

1018 1112 1107 1140 Τοῦτο
1120 1110 1171 1150 γὰρ
1185 1113 1248 1151 παρ’
1263 1111 1371 1145 ἐκείνοις
1384 1112 1496 1152 μεγίστη
1510 1113 1587 1152 τιμή.
1604 1113 1658 1142 Καὶ
1671 1113 1794 1153 ἠνείχετο

1018 1163 1119 1199 Δανιὴλ
1133 1164 1166 1192 δι’

1017 1218 1100 1245 ταῢθα
1111 1237 1118 1251 ,
1134 1217 1212 1245 αὗτοῦ
1234 1216 1406 1255 μνημονεύων
1418 1240 1426 1252 ,
1449 1217 1592 1258 Βαλτάσαρ
1608 1217 1686 1248 αὑτὸν
1699 1219 1794 1258 καλεῖ.-

1016 1268 1085 1298 ἀλλὰ
1098 1268 1124 1298 τί
1131 1280 1138 1304 ;
1157 1268 1230 1308 Ἐγὼ
1253 1269 1364 1305 Δανιήλ.
1377 1269 1467 1306 Ὅσης
1489 1261 1588 1306 {indm
1611 1272 1692 1310 τιμῆς
1710 1272 1724 1300 ὁ
1746 1273 1794 1300 τοῦ

1017 1320 1145 1360 βασιλέως
1159 1321 1213 1354 υἱὸς
1223 1343 1231 1357 ‚
1243 1321 1374 1358 τοσαύτης
1385 1321 1430 1351 καὶ
1447 1318 1535 1358 οὗτος,
1552 1322 1598 1352 καὶ
1616 1323 1668 1363 πρὸ
1678 1324 1727 1358 τῆς
1739 1323 1795 1353 πεί·

1017 1383 1064 1411 ρας
1078 1371 1162 1406 ἔδοξεν
1175 1368 1243 1402 εἶναι
1256 1373 1406 1412 θαυμαστὸς
1422 1375 1469 1403 ἀπ’
1491 1376 1572 1411 αὐτῆς
1585 1377 1633 1411 τ’ἤς
1645 1374 1738 1414 ὄψεως.
1751 1376 1793 1405 Οὔ

1182 1163 1296 1198 ἐκείνους
1309 1166 1387 1194 τοῦτο
1399 1166 1538 1195 καλεῖσθαι
1551 1177 1557 1184 ·
1572 1165 1690 1204 οὐδαμοῦ
1710 1165 1738 1195 δὲ
1751 1167 1794 1195 ἐν-

1015 1424 1067 1463 μὴν
1081 1426 1114 1464 τῇ
1130 1424 1228 1454 ἐκείνου
1243 1425 1368 1465 δυνάμει,
1385 1426 1468 1467 φησὶ,
1484 1427 1583 1467 ἔλεγεν,
1597 1427 1667 1457 ἀλλὰ
1681 1428 1795 1467 Πνεῦμα

1014 1478 1085 1507 Θεοῦ
1095 1477 1168 1517 ἅγιον
1182 1472 1254 1517 εἶχεν
1266 1479 1293 1507 ἐν
1307 1480 1402 1519 ἑαυτῷ.
1417 1480 1548 1518 οΠνείἳμοι
1557 1479 1617 1519 οὔχὶ
1628 1482 1719 1517 τοῦτο,
1731 1479 1795 1509 ὃλέ·

1015 1541 1097 1569 γομεν
1109 1532 1186 1568 ἡμεῖς
1195 1530 1240 1560 τὸν
1249 1531 1438 1570 Παράκλητον,
1447 1532 1506 1570 ἀλλ’
1516 1534 1552 1565 ὡς
1563 1531 1594 1561 ἂν
1605 1531 1676 1561 εἴποι
1687 1544 1727 1566 τις
1738 1532 1795 1562 ἐπί-

1015 1578 1258 1619 πνοιαν,ἔνθουςῆν.
1267 1583 1421 1624 Βαλτάσαρ,
1429 1584 1537 1624 φησὶν,ὁ
1547 1584 1638 1624 ἄρχων
1647 1586 1699 1614 τῶν
1705 1586 1794 1615 ἐπαοι-

1016 1636 1076 1664 δῶν.
1096 1636 1207 1675 Πρῶτος
1227 1636 1313 1664 αὖτῶν
1331 1631 1375 1671 ἦν,
1393 1636 1466 1676 φησί.
1482 1635 1556 1676 Ὅρα
1575 1636 1646 1666 πόσα
1661 1637 1794 1677 τεκμήρια

1016 1690 1063 1718 τοῦ
1091 1686 1212 1727 βελτίονα
1240 1686 1318 1717 αὓτὸν
1340 1682 1416 1717 εἶναι.
1440 1688 1584 1728 Βαλτάσαρ
1604 1690 1620 1718 ὁ
1640 1689 1728 1729 ἄρχων
1742 1691 1796 1719 τῶν

1014 1741 1155 1777 ἔπαοιδῶν,
1179 1739 1206 1769 ὃν
1229 1739 1320 1779 ἔγνων,
1335 1739 1375 1770 ὅτι
1391 1731 1502 1779 Πνεῦμα
1524 1742 1596 1771 Θεοῦ
1610 1741 1684 1781 ἅγιον
1698 1740 1792 1771 ἐν’σοί-.

1015 1791 1051 1821 Ὁ
1066 1791 1187 1831 βελτίων,
1200 1794 1214 1822 ὁ
1227 1793 1334 1822 πάντων
1349 1792 1484 1833 κρείττων,
1498 1793 1527 1823 ὃν
1541 1794 1594 1834 ἐγὼ
1607 1794 1721 1834 ἔγνωκα.
1736 1795 1794 1841 ‘'le

1015 1843 1066 1884 γὰρ
1091 1844 1128 1884 μὴ
1153 1844 1233 1875 πάλιν
1255 1847 1292 1881 εἰς
1314 1845 1431 1885 ἀνάγκην
1452 1846 1608 1886 καταστήσῃ
1629 1849 1675 1876 τοῦ
1691 1848 1792 1877 εἰπεῖν·

1030 1929 1126 1954 cratem
1137 1933 1230 1958 magno
1241 1933 1326 1949 errore
1336 1923 1497 1957 procuderet.
1506 1924 1615 1950 Afferam
1622 1925 1698 1949 etiam
1709 1924 1792 1950 locum

1029 1963 1152 1996 Origeuis,
1162 1962 1272 1988 Humilia
1286 1965 1325 1995 48,
1340 1964 1365 1988 in
1378 1964 1502 1989 Numeros
1512 1976 1517 1990 ;
1530 1964 1683 1998 Relegamus
1691 1973 1722 1988 ea
1733 1973 1793 1998 quoe

1029 2003 1056 2026 in
1068 2003 1181 2028 Daniele
1192 2004 1288 2037 scripta
1301 2009 1362 2028 sunt
1373 2003 1405 2027 de
1413 2003 1467 2037 ipso
1479 2003 1594 2027 Daniele
1607 2009 1633 2028 et
1642 2003 1722 2028 tribus
1728 2005 1792 2028 ami-

1028 2043 1065 2066 cis
1076 2042 1140 2077 ejus.
1153 2042 1293 2074 Scripserat
1302 2043 1421 2075 Origenes
1433 2045 1539 2079 ἑταίροις,
1555 2041 1583 2067 id
1594 2048 1636 2068 est
1648 2043 1740 2070 Sociis.

1060 2089 1071 2101 ο
1088 2087 1165 2117 Τρορῇ
1183 2080 1306 2114 scriptum
1329 2090 1376 2114 pro
1393 2088 1476 2117 τρυφῇ.
1495 2081 1574 2106 Facili
1592 2090 1676 2106 errore
1693 2091 1723 2107 ac
1742 2081 1792 2107 sre-

1028 2120 1123 2153 quenti,
1137 2126 1165 2145 ut
1180 2121 1206 2145 iu
1215 2119 1326 2145 Constit.
1339 2121 1427 2152 Apost.
1442 2119 1487 2145 lib.
1499 2122 1525 2153 7,
1538 2129 1594 2153 cap.
1612 2121 1652 2146 34.

1060 2158 1072 2175 ⁴
1088 2161 1162 2187 Εἶπεν.
1178 2161 1208 2184 F.
1222 2164 1298 2187 εἰπεῖν.
1311 2161 1411 2188 oba-0153
1427 2161 1512 2189 ὄὸελος,
1532 2162 1590 2185 οὕτω
1607 2163 1644 2186 καὶ
1664 2162 1676 2186 ὁ
1699 2163 1792 2190 Βήλαιος

1028 2202 1111 2236 ἐκλήθη
1125 2211 1159 2227 τις
1171 2201 1228 2234 παρ’
1245 2202 1307 2231 ἡμῖν.
1320 2199 1412 2231 Magno
1421 2206 1546 2230 cuperem,
1557 2198 1590 2223 ad
1601 2197 1675 2231 hujus
1688 2197 1737 2224 loci
1750 2207 1790 2224 re-

1028 2238 1186 2263 stitutionem
1204 2237 1267 2262 mihi
1277 2237 1334 2263 dari
1351 2234 1483 2270 antiquum
1496 2237 1617 2262 codicem
1634 2246 1664 2262 ex
1683 2246 1733 2271 quo
1745 2239 1791 2263 iste

1028 2283 1113 2303 noster
1120 2270 1261 2310 descriptus
1271 2276 1327 2301 fuit.
1339 2275 1415 2301 Aliter
1424 2275 1491 2301 enim
1504 2276 1546 2302 vix
1555 2285 1585 2301 ac
1593 2284 1624 2301 ne
1636 2277 1677 2302 xix
1689 2276 1791 2309 quidem

1028 2316 1127 2343 videtur
1141 2325 1193 2342 esse
1208 2315 1337 2342 sanabilis.
1355 2315 1527 2349 Conjiciebam
1539 2319 1552 2342 ὸ
1564 2319 1632 2345 Βῆλος
1642 2322 1668 2341 et
1680 2319 1692 2342 ὁ
1704 2319 1788 2346 Πελίας.

1028 2356 1105 2388 Quod
1122 2362 1281 2389 postremum
1299 2356 1450 2390 vocabulum
1467 2355 1557 2388 legitur
1575 2355 1642 2388 apud
1656 2355 1790 2381 Tertullia-

1029 2405 1100 2427 num,
1110 2402 1136 2421 et
1148 2397 1174 2421 in
1190 2395 1414 2430 Pseudosibyllinis
1426 2394 1589 2422 carminibus.
1785 2396 1787 2401 ’

1061 2440 1070 2451 ·
1088 2439 1183 2469 Πνεῦμα
1201 2433 1250 2468 οὖχὶ
1270 2439 1340 2461 τοῦτο
1353 2438 1364 2461 ἃ
1377 2438 1472 2468 λὲγομεν
1489 2438 1553 2467 ἡμεῖς
1569 2437 1608 2460 τὸν
1627 2437 1788 2468 Παράκλητον.

1026 2474 1201 2500 Theodoretus
1210 2466 1264 2505 liic,
1275 2480 1300 2499 et
1312 2475 1430 2507 Origenes
1439 2473 1485 2498 lib.
1495 2475 1504 2498 4
1519 2473 1550 2498 de
1559 2471 1690 2504 Principiis
1699 2482 1755 2505 cap.
1763 2475 1788 2506 8,

1025 2513 1057 2538 de
1063 2513 1159 2546 Spiritu
1167 2518 1257 2538 sancto
1265 2512 1400 2545 explicant.
1411 2514 1451 2538 Ita
1460 2513 1486 2538 in
1494 2511 1700 2544 interpretatione
1709 2512 1786 2544 illius,

1023 2552 1086 2577 Gen.
1102 2554 1125 2583 l,
1137 2554 1161 2583 2,
1176 2553 1284 2586 Spiritus
1294 2552 1398 2577 Domini
1398 2551 1534 2585 sec-ebatur
1540 2560 1615 2584 super
1625 2560 1716 2585 aquas,
1728 2551 1786 2577 disp

1023 2597 1128 2624 crepant
1141 2591 1220 2617 sancti
1233 2592 1327 2617 Patres.
