1890 2826
198 182 269 228 453
531 193 560 215 s.
588 191 730 215 somnis
757 191 942 215 cuanos'r.
973 191 1128 215 AucfflEP.
1157 192 1432 216 consummor.

198 254 307 284 tentiam
319 260 345 284 et
364 253 489 291 divitias,
505 263 572 292 quas
591 252 686 283 habuit
707 259 848 293 antequam
862 263 940 293 cape·
993 253 1162 293 χμαλωσίαν.
1185 253 1267 293 Λέγει
1287 253 1315 283 δὲ
1339 253 1384 283 καὶ
1406 253 1454 290 τὴν
1478 252 1588 292 δύναμιν
1612 255 1693 291 αὐτῆς
1717 254 1762 284 καὶ

197 308 281 331 retur.
992 298 1037 346 τὸν
1051 299 1174 337 πλοῦτον,
1189 300 1217 329 ὃν
1232 294 1287 340 εἶχε
1299 299 1360 339 πρὶν
1375 299 1632 340 αἰχμαλωτευθῆναι.

334 393 485 422 Hactenus
499 392 649 431 exemplar
668 392 804 422 hahebat.
1148 390 1240 425 οἝως
1251 386 1303 421 ὦδε
1321 386 1377 432 εἶχε
1394 391 1425 421 τὸ
1439 391 1608 432 ἀντίγραφον.

232 493 242 504 2
260 483 309 514 Ε’ως
325 486 366 510 ὦδε
380 489 428 508 etc.
447 483 508 507 Haec
523 483 563 507 est
580 480 676 507 librarii
691 481 792 508 Codicis
809 481 955 508 Coisliniani
1004 482 1059 515 plar
1071 490 1142 507 suum
1154 481 1197 507 illo
1209 481 1329 508 desinere.

199 529 259 549 nota
274 532 322 556 qua
335 521 490 555 significatur
501 529 564 554 opus
575 520 750 554 imperfectum
762 529 822 552 esse,
835 527 861 546 et
870 530 955 546 exem—

467 882 531 918 AD
556 880 798 918 HOMILIAM
825 881 874 917 IN
899 880 1132 917 NATALEM
1157 881 1345 916 CHRISTI
1370 881 1501 916 DIEM.

236 1013 310 1042 Inter
322 1011 414 1051 spuria
429 1008 567 1039 Athanasii
580 1018 663 1048 opera
684 1006 832 1038 Homiliam
844 1006 968 1036 dedimus
985 1017 1012 1046 p.
1032 1007 1110 1042 410,
1125 1007 1204 1046 cujus
1217 1006 1327 1036 initium
1339 1013 1398 1043 est,
1413 1006 1558 1047 μυστήριον
1573 1006 1644 1042 ξένον
1663 1008 1756 1048 βλέπω

196 1071 259 1089 cum
274 1058 352 1088 titulo
366 1059 402 1091 εἷς
415 1056 463 1093 τὴν
475 1055 596 1095 γέννησιν
609 1058 655 1084 τοῦ
669 1055 800 1106 Χριστοῦ.
810 1053 922 1083 Initium
935 1063 1016 1094 porro
1036 1052 1106 1082 illud
1119 1053 1239 1093 idipsum
1251 1060 1290 1083 est
1309 1053 1383 1092 quod
1396 1053 1489 1094 hujus,
1503 1064 1563 1092 quae
1576 1053 1761 1094 Chrysostomi

196 1105 303 1135 nomine
312 1103 513 1138 circumfertur,
528 1101 663 1130 homiliae:
679 1110 728 1130 nec
740 1099 849 1129 iniuum
861 1099 953 1136 modo,
967 1099 1013 1129 sed
1027 1099 1107 1129 etiam
1120 1100 1174 1128 alia
1187 1109 1240 1129 non
1251 1110 1336 1139 pauca
1348 1099 1413 1129 hinc
1426 1106 1452 1129 et
1467 1099 1530 1130 inde
1540 1111 1575 1130 ex
1585 1100 1636 1130 hac
1649 1100 1761 1131 homilia

196 1151 328 1190 decerpsit
349 1149 383 1184 is,
397 1149 445 1187 qui
464 1148 540 1178 illam
553 1147 692 1177 Athanasii
705 1146 813 1176 nomine
827 1145 1031 1176 consarcinavit.
1049 1147 1112 1176 Haec
1131 1152 1220 1175 autem
1238 1145 1272 1175 de
1292 1156 1346 1185 qua
1360 1156 1432 1175 nunc
1455 1146 1560 1190 agimus
1571 1146 1684 1176 homilia
1703 1157 1762 1177 aevo

196 1196 343 1226 certissime
356 1193 541 1234 Chiysostomi
552 1193 647 1223 emissa
659 1192 730 1222 suit:
746 1203 808 1221 nam
820 1192 941 1232 Cyrillus
954 1192 1024 1222 libro
1035 1192 1069 1222 ad
1081 1192 1207 1232 Reginas,
1221 1192 1269 1231 qui
1283 1193 1353 1221 inter
1365 1192 1508 1232 Ephesinae
1519 1192 1623 1232 Synodi
1636 1195 1702 1222 Acta
1714 1203 1761 1223 cu-

196 1254 242 1273 sus
262 1244 341 1273 etiam
357 1241 499 1281 reperitur,
517 1251 551 1270 ex
565 1240 615 1269 hac
628 1239 742 1269 homilia
761 1239 884 1278 quaedam
898 1239 1085 1279 Chrysostomi
1097 1239 1204 1268 nomine
1217 1239 1319 1279 profert
1333 1239 1494 1275 testimonia,
1509 1249 1625 1278 quorum
1639 1239 1761 1280 primum

196 1290 240 1319 his
253 1289 342 1319 verbis
353 1289 480 1317 effertur:
497 1286 620 1316 Ἰωάννου
635 1285 779 1315 ἐπισκόπου
794 1286 1097 1320 Κωνσταντινουπόλεως
1110 1285 1171 1326 περὶ
1185 1287 1234 1320 τῆς
1251 1285 1321 1319 θείας
1334 1286 1487 1325 γεννήσεως.
1508 1285 1584 1322 Φησὶ
1597 1284 1625 1315 δὲ
1638 1285 1699 1326 περὶ
1713 1287 1761 1321 τῆς

195 1337 272 1376 ἁγίας
282 1336 420 1377 παρθένου.
436 1335 505 1364 Ἀντι
520 1335 547 1364 δὲ
560 1334 635 1370 ἡλίου
649 1333 715 1374 φησι
727 1333 772 1362 τὸν
786 1333 861 1369 ἥλιον
879 1335 927 1369 τῆς
948 1333 1115 1369 δικαιοσυνης
1135 1332 1338 1373 ἀπεριγράπτως
1351 1333 1507 1374 χωρήσασα
1523 1332 1576 1362 Καὶ
1590 1332 1627 1371 μὴ
1642 1332 1760 1372 ζητήσῃς

195 1385 265 1416 πῶς·
279 1382 342 1411 ὅπου
356 1380 406 1420 γὰρ
422 1379 544 1419 βούλεται
555 1379 632 1415 Θεὸς,
645 1384 750 1409 νικᾶται
763 1378 866 1420 φύσεως
879 1379 959 1413 τάξις.
976 1379 1130 1415 Ἠὅουλήθη
1144 1379 1205 1419 γὰρ,
1217 1378 1349 1416 ἠδυνήθη,
1362 1376 1502 1416 κατῆλθεν,
1513 1379 1611 1408 ἔσωσε·
1627 1378 1762 1418 σύνδρομα

194 1429 281 1459 πάντα
300 1429 371 1468 Θεῶ.
393 1426 515 1466 Σήμερον
534 1429 547 1456 ὃ
566 1426 602 1455 ὢν
622 1426 757 1463 τίκτεται,
772 1427 818 1456 καὶ
831 1429 846 1456 ὁ
857 1426 894 1456 ὢν
912 1426 1012 1466 γίνεται
1032 1427 1098 1467 ὅπερ
1116 1428 1163 1456 οὐκ
1177 1422 1225 1463 ην·
1240 1426 1277 1455 ὢν
1289 1425 1340 1467 γὰρ
1355 1426 1424 1461 Θεὸς
1434 1426 1536 1467 γίνεται
1547 1427 1699 1465 ἄνθρωπος,
1713 1427 1761 1456 οὐκ

194 1474 289 1508 ἐκστὰς
298 1477 344 1504 τοῦ
349 1456 424 1502 εἶναι
438 1473 514 1506 Θεός.
526 1473 598 1502 Οὔτε
614 1473 666 1513 γὰρ
684 1475 743 1503 κατ’
758 1472 883 1503 ἔκστασιν
895 1474 1017 1510 θεότητος
1028 1474 1134 1514 γέγονεν
1145 1474 1280 1514 ἄνθρωπος
1289 1497 1298 1511 ,
1312 1473 1372 1503 οὔτε
1387 1474 1456 1503 κατὰ
1466 1471 1605 1514 προκοπὴν
1618 1472 1645 1506 ἐξ
1657 1472 1758 1512 ἀνθρώ-

193 1534 244 1551 που
258 1521 348 1562 γέγονε
362 1519 430 1553 esde
438 1531 445 1538 ·
458 1519 526 1548 ἀλλὰ
535 1520 619 1559 Λόγος
630 1520 667 1550 ὢν
681 1520 723 1550 διὰ
736 1520 767 1550 τὸ
780 1521 890 1557 ἀπαθὲς,
904 1521 967 1562 σὰρξ
977 1521 1095 1561 ἐγένετο,
1109 1521 1295 1560 ἄμεταὸλήτου
1309 1520 1437 1561 μενούσης
1446 1523 1495 1556 ἰ-’ἧς
1508 1520 1619 1560 φύσεως·
1631 1520 1760 1549 Joanru's

193 1570 319 1608 episcopi
340 1568 659 1607 Constantinopolitani
680 1569 717 1597 de
738 1569 842 1598 divina
864 1570 1060 1609 generatione.
1079 1569 1221 1608 Loquitur
1233 1574 1330 1597 autem
1352 1568 1390 1596 de
1411 1564 1514 1596 sancta
1536 1567 1665 1606 Virgine.
1681 1566 1760 1594 Loco

192 1618 274 1655 solis,
295 1620 402 1659 inquit,
419 1618 543 1657 justitioe
561 1615 652 1644 solem
672 1616 920 1654 incircumscripte
940 1614 1094 1654 complexa
1107 1615 1184 1655 suit.
1200 1614 1250 1643 Ac
1265 1625 1301 1644 ne
1314 1623 1429 1652 quoeras
1442 1612 1605 1653 quomod⁰;
1620 1612 1671 1641 ubi
1683 1612 1760 1641 enim

191 1665 260 1695 vult
273 1666 365 1702 Deus,
378 1666 419 1694 ibi
434 1670 547 1693 natnroe
561 1663 632 1691 ordo
644 1663 784 1692 vincitur.
800 1663 900 1692 Voluit
912 1664 1001 1698 enim,
1016 1663 1122 1701 poluit,
1137 1662 1297 1697 descendit,
1311 1661 1440 1691 salvavit
1448 1674 1459 1697 ;
1473 1660 1574 1690 omnia
1586 1660 1644 1689 Dei
1657 1665 1760 1688 nutum

190 1718 360 1750 sequuntur.
377 1711 472 1740 Hodie
481 1711 532 1749 qui
545 1715 588 1738 est
598 1709 736 1748 gignitur,
745 1714 773 1736 et
784 1710 836 1747 qui
851 1714 904 1743 cst,
916 1708 953 1747 fit
961 1708 994 1736 id
1001 1708 1080 1746 quod
1089 1718 1148 1737 non
1161 1714 1225 1737 erat
1233 1721 1245 1744 ;
1258 1718 1327 1737 nam
1339 1718 1402 1736 cum
1416 1707 1497 1736 Deus
1509 1712 1593 1742 esset,
1593 1706 1635 1747 fit
1647 1705 1736 1734 homo
1744 1718 1757 1740 ;

150 1767 185 1786 ³92
193 1758 229 1785 ab
240 1768 276 1786 ea
289 1763 397 1792 tamen,
408 1766 498 1796 quam
508 1756 646 1790 hahebat,
656 1755 766 1783 deitate
780 1765 840 1783 non
854 1755 971 1784 excidit.
983 1755 1087 1794 Neque
1094 1756 1172 1783 enim
1180 1765 1247 1784 cum
1256 1755 1374 1784 deitatis
1380 1754 1604 1794 jacturafactus
1612 1757 1654 1781 est
1662 1751 1760 1785 homo,

194 1813 286 1842 neque
304 1812 355 1842 per
372 1802 536 1843 profectum
549 1811 585 1829 ez·
598 1801 716 1829 homine
728 1801 834 1841 factus
853 1808 894 1830 est
908 1803 988 1830 Deus
999 1813 1008 1829 .-
1022 1801 1074 1830 sed
1086 1801 1168 1830 Deus
1181 1802 1326 1830 exsistens
1344 1806 1464 1840 propter
1475 1798 1738 1839 impassibilitatem
1748 1819 1756 1834 ,

193 1850 373 1889 carosactus
385 1854 438 1882 est,
447 1849 603 1876 immutata
616 1853 753 1875 manente
761 1854 879 1877 natura.
890 1848 940 1877 His
947 1858 1027 1887 porro
1038 1847 1178 1888 subjungit
1187 1847 1239 1876 alia
1250 1847 1386 1886 qumdam,
1395 1857 1454 1886 quae
1465 1857 1541 1876 num.
1554 1848 1574 1875 2
1585 1845 1714 1885 leguntur
1724 1856 1731 1873 :
1743 1845 1759 1873 ὁ

199 1894 242 1923 ἐπὶ
256 1893 346 1933 θρόνου
361 1895 461 1933 ὑψηλοῦ
472 1892 518 1922 καὶ
529 1891 678 1932 ἐπηρμένου
693 1892 851 1931 καθήμενος,
861 1894 888 1922 ἓν
895 1893 980 1934 φάτνῃ
987 1893 1114 1923 τίκτεται·
1124 1895 1138 1923 ὁ
1146 1893 1256 1934 ἀναφὴς,
1268 1893 1312 1923 καὶ
1321 1894 1434 1929 ἁπλοῦς,
1449 1892 1494 1922 καὶ
1502 1892 1644 1932 ἀσώματος
1652 1912 1659 1925 ,
1666 1890 1758 1932 χερσὶν

192 1939 368 1979 ἀνθρωπίναις
389 1937 548 1967 εἱλίσσεται·
560 1940 574 1966 ὁ
588 1938 621 1966 τὰ
641 1939 689 1973 τ’ἤς
703 1938 834 1978 ἁμαρτίας
847 1940 966 1968 διασπῶν
981 1938 1065 1978 δεσμὰ
1079 1938 1241 1978 σπαργάνοις
1252 1938 1432 1978 ἔμπλέκεταιε
1446 1940 1498 1978 qui
1508 1939 1540 1966 in
1552 1937 1627 1967 solio
1640 1937 1758 1965 sublimi

189 1985 386 2024 pra-celsoque
398 1983 540 2019 considet,
554 1985 578 2011 is
591 1984 623 2011 in
639 1986 777 2023 praesepio
789 1986 909 2023 ponitur
918 1997 926 2013 .-
947 1985 1157 2024 impalpabilis,
1178 1984 1313 2023 simplex,
1329 1986 1525 2025 incorporeus,
1539 1983 1677 2012 humanis
1691 1992 1756 2011 ma-

192 2031 278 2059 nibus
292 2034 503 2058 contrectatur:
519 2030 571 2067 qui
581 2035 765 2067 peccatorum
779 2030 904 2059 vincula
917 2031 1081 2070 disrumpit,
1088 2032 1199 2072 fasciis
1212 2031 1433 2069 constringitur.

231 2075 280 2105 His
292 2074 438 2115 conspectis
448 2073 608 2103 testimoniis
621 2080 700 2112 atque
714 2076 789 2112 locis,
805 2076 867 2114 quis
880 2086 932 2105 non
947 2076 1037 2105 credat
1052 2087 1107 2105 rem
1118 2087 1175 2105 esse
1185 2076 1342 2112 confectam,
1357 2076 1550 2115 homiliamque
1563 2075 1755 2115 chrysostomo

190 2121 373 2150 incunctanter
391 2120 474 2149 fuisse
493 2118 673 2158 adjudicatam
683 2120 697 2148 Ρ
719 2122 822 2151 Verum
836 2132 913 2151 secus
925 2132 966 2151 res
987 2122 1074 2151 cessit.
1091 2123 1162 2151 Nam
1175 2122 1295 2152 Savilius
1309 2132 1367 2151 eam
1381 2122 1451 2152 inter
1463 2121 1685 2162 ἀμφιὸαλλόμενα
1697 2121 1755 2151 sive

190 2168 281 2196 dubia
294 2166 402 2195 locavit.
418 2167 518 2194 Fronto
532 2166 648 2194 Ducaeus
661 2165 730 2194 inter
740 2166 845 2206 spurias
865 2167 961 2197 edidit.
976 2167 1166 2196 Tillemontius
1187 2177 1252 2196 vero
1265 2174 1343 2206 putat
1356 2167 1493 2198 laudatam
1505 2179 1520 2197 a
1535 2167 1640 2208 Cyrillo
1658 2167 1754 2208 Chry-

189 2212 298 2242 sostomi
306 2212 412 2241 nomine
420 2211 570 2245 homiliam,
578 2211 762 2251 Chrysostomi
774 2222 829 2241 esse
837 2220 958 2252 oportere
968 2225 976 2251 ;
985 2213 1032 2242 sed
1041 2213 1188 2242 arbitratur
1195 2213 1275 2249 hanc,
1288 2224 1370 2251 quam
1380 2224 1450 2243 nunc
1459 2214 1600 2250 habemus,
1612 2213 1754 2244 homiliam

187 2270 244 2289 esse
256 2266 404 2294 centonem,
419 2258 466 2287 ubi
480 2258 503 2287 is
516 2258 564 2296 qui
577 2257 653 2287 illam
673 2258 756 2287 variis
771 2269 806 2288 ex
818 2259 885 2288 locis
902 2259 1107 2296 consarcinavit,
1123 2266 1153 2288 ut
1166 2259 1273 2288 facilius
1292 2260 1385 2288 fucum
1398 2260 1506 2297 faceret,
1521 2259 1576 2289 duo
1594 2259 1643 2288 illa
1664 2259 1722 2288 loca
1737 2270 1753 2288 a

185 2305 292 2346 Cyrillo
303 2305 384 2334 allata
396 2304 547 2334 inseruerit.
568 2304 702 2343 Quodque
715 2305 857 2335 observatu
871 2305 986 2346 dignum
999 2313 1056 2343 est,
1071 2306 1108 2335 ait
1124 2306 1246 2346 Cyrillus
1261 2306 1288 2335 in
1300 2306 1359 2336 loco
1367 2307 1491 2347 superius
1501 2307 1596 2343 allato,
1611 2305 1657 2335 τὸν
1675 2305 1751 2341 ἥλιον

187 2354 234 2387 τῆς
256 2350 421 2386 δικαιοσύνης
436 2350 646 2390 ἀπαραλλάκτως
664 2350 820 2391 χωρήσασα,
836 2351 890 2380 dici
908 2351 942 2381 de
962 2359 1051 2381 sancta
1065 2352 1190 2391 Virgine,
1205 2351 1250 2381 hic
1269 2359 1358 2381 autem
1377 2352 1412 2382 de
1431 2352 1588 2383 Bethlehem
1602 2351 1750 2385 dicuntum

187 2397 261 2436 quod
273 2407 336 2427 sane
348 2403 485 2427 centonem
496 2407 553 2427 esse
563 2396 683 2433 suadeat,
697 2396 778 2426 modo
792 2397 947 2435 Athanasio,
964 2397 1044 2428 modo
1056 2398 1248 2438 Clirysostomo
1261 2398 1407 2428 tributum.

229 2442 414 2483 Interpretatio
428 2442 523 2472 Latina
535 2449 575 2472 est
587 2442 730 2472 Frontonis
749 2443 852 2472 Ducaei.
