1904 2840
680 178 713 201 IN
743 178 767 200 Μ
770 178 787 201 Α
792 177 938 200 'rTHAEtJM

945 191 953 200 .
981 177 1100 201 HOMIL.
1129 179 1153 201 Ι.

1634 170 1704 217 745

162 252 230 311 {zue
241 249 329 272 autem
347 242 462 277 Nason,
483 241 510 270 iii
530 242 607 280 cujus
627 247 746 280 tempore
759 240 810 269 filii
821 239 904 269 Israel
919 241 940 265 Δ
957 249 1016 278 quae
1024 249 1059 268 ex
1069 246 1184 279 quatuor
1193 241 1611 287 elementorum·generationibus
1623 244 1707 273 consi-

297 288 324 310 to
342 281 476 318 exierunt,
498 280 545 319 qui
564 287 590 309 et
612 280 736 320 princeps
757 281 842 309 factus
865 286 904 309 est

162 331 243 361 super
255 321 356 350 tribum
370 323 387 351 J
391 321 460 358 udae,
473 319 581 350 refectio
601 326 627 349 et
645 319 751 358 requies
765 326 804 348 est
816 319 903 348 nomi-

161 367 250 397 natus,
266 362 400 405 ⁸quoniam
424 360 451 389 in
476 367 595 399 tempore
619 359 695 388 illius
719 358 753 388 de
775 358 904 388 servitute

147 399 352 468 ‚Egyptiorum
373 399 552 429 violentorum
570 406 596 428 et
608 398 642 428 de
656 398 797 428 laboriosis
814 397 903 438 operi-

183 450 214 468 us
248 439 316 469 uteis
336 439 442 469 liberati
463 439 660 478 requieverunt,
685 445 712 467 et
734 438 903 467 resectionem

162 478 318 517 consequuti
337 486 400 508 sunt
413 479 440 508 in
456 478 560 507 deserto
575 485 600 507 et
613 477 734 519 corporis
745 484 771 507 et
783 477 878 506 animai
892 489 900 506 z

162 518 282 557 corporis
291 518 412 557 quidem,
423 518 486 557 quia
500 518 535 547 ad
546 518 694 547 libertatem
704 523 833 547 venerunt
844 527 903 546 cor-

161 557 302 597 poralem;
319 558 413 587 animae
440 565 546 594 autem,
573 557 637 596 quia
663 563 723 597 post
751 556 903 586 immundas

161 596 281 626 culturas
294 597 486 637 AEgyptiorum
500 596 535 626 ad
554 596 675 632 notitiam
695 595 819 636 perducti
841 603 904 625 sunt

161 635 215 665 Dei
228 637 355 666 viventis.
371 636 425 666 Sed
447 644 473 666 et
495 636 676 671 columbinus,
697 642 724 665 et
736 646 778 665 ser
798 635 904 665 entinus

162 675 353 715 interpretatur
365 677 482 713 Naason,
497 676 606 705 forsitan
632 675 695 714 quia
718 646 835 715 prudens
848 682 905 704 erat

162 714 190 743 in
204 715 286 751 bono,
301 716 372 745 sicut
384 726 492 760 serpens
503 726 512 753 ;
524 715 640 755 simplex
663 722 752 744 autem
772 714 799 743 in
820 714 903 751 malo,

162 753 232 784 sicut
253 755 388 784 columba.
402 756 454 784 Hic
474 762 561 784 autem
583 756 699 790 Naason,
721 761 752 783 ut
771 754 902 791 diximus,

161 794 247 823 exivit
259 794 294 823 de
303 801 372 823 terra
385 794 508 834 AEgypti,
531 794 579 833 qui
601 792 652 823 fuit
673 793 797 838 princeps
816 793 904 823 tribus

161 833 178 863 J
182 833 240 862 udae
254 845 261 861 :
276 833 345 863 sicut
358 844 401 863 res
423 835 480 879 ipsa
499 833 624 863 ostendit.
639 834 694 862 Nec
707 843 779 862 enim
801 840 903 873 poterat
920 839 938 862 B

135 891 138 893 -
161 872 211 902 iste
224 872 282 902 fieri
294 873 430 918 princeps,
441 883 466 917 ⁵¹.
479 880 553 913 pater
565 874 624 913 ejus
637 873 760 909 vixisset,
774 873 827 902 nisi
836 874 904 902 forte

16 1278 25 1294 ι
31 1271 150 1295 .Pai·al.6.

113 1475 148 1493 XV

161 911 261 949 aliquis
272 912 344 942 dieat
355 922 393 941 sic
405 912 556 942 Aminadab
569 923 657 942 semen
669 913 798 947 extitisse,
810 919 839 942 ut
850 923 903 941 non

160 958 249 990 posset
262 961 353 990 gerere
363 951 545 997 principatum
561 966 568 982 z
585 952 658 991 quod
673 962 725 980 non
739 952 840 982 aestimo
855 963 901 982 ve-

159 1001 232 1020 rum.
241 990 322 1028 Quod
332 1002 395 1029 ergo
406 991 506 1021 dicitur
515 992 542 1020 ln
553 991 661 1026 Exodo,
673 991 798 1030 quoniam
811 992 902 1030 quinta

159 1031 327 1069 generatione
356 1030 408 1059 tilii
435 1031 518 1065 Israiil
545 1031 580 1060 de
610 1031 728 1071 AEgypto
761 1031 900 1066 exierunt,

159 1069 308 1099 secundum
339 1070 520 1109 generationes
550 1070 685 1100 invenitur
709 1070 797 1099 tribus
822 1071 900 1100 Levi.

157 1108 243 1138 Jacob
271 1116 360 1139 autem
381 1110 472 1148 genuit
493 1111 580 1147 Levi,
606 1109 673 1139 Levi
693 1116 782 1138 autem
810 1110 903 1148 genuit

159 1145 254 1184 '’Gad,
278 1148 340 1178 Gad
364 1155 453 1177 autem
475 1149 567 1187 genuit
581 1152 701 1187 Ami-am,
716 1151 796 1177 Amra
814 1156 903 1179 autem

160 1189 252 1225 genuit
264 1189 356 1217 Mosen
368 1195 394 1217 et
406 1189 505 1218 Aaron.
519 1190 642 1226 Quatuor
655 1189 743 1226 itaque
757 1191 902 1228 generatio-

159 1226 240 1256 nibus
250 1227 382 1258 defunctis
395 1227 422 1256 in
438 1227 567 1268 AEgypw,
585 1238 669 1266 usque
682 1230 803 1264 Amram,
818 1228 904 1258 exivit

158 1267 293 1302 generatio
306 1267 408 1305 quinta,
423 1266 452 1295 id
470 1274 509 1296 est
526 1269 616 1297 Moses
633 1274 658 1296 et
680 1269 780 1296 Aaron.
801 1268 901 1297 Secun-

158 1303 224 1334 dum
248 1306 428 1345 generationes
455 1313 544 1336 autem
577 1306 664 1335 tribus
690 1305 762 1336 Juda
789 1306 903 1346 septima

158 1346 294 1383 generatio
316 1345 351 1375 de
370 1345 489 1386 AEgypto
511 1345 620 1376 videtur
640 1345 736 1382 exisse,
756 1356 804 1375 sex
822 1356 902 1385 gene-

156 1383 304 1415 rationibus
326 1384 457 1414 defunctis
477 1385 505 1414 in
526 1385 645 1425 AEgypto
663 1385 713 1414 :id
727 1392 782 1421 est,
799 1386 902 1422 Jacob,

156 1423 228 1452 Juda
243 1447 252 1461 ‚
272 1425 390 1461 Pharos.
413 1425 507 1454 Esrom
523 1446 531 1461 ,
553 1428 632 1454 Aram
646 1447 654 1460 ‚
677 1431 703 1454 et
724 1425 873 1455 Amiuadab
893 1437 900 1454 ε
917 1435 935 1458 c

156 1463 286 1502 septimus
317 1471 405 1494 autem
429 1474 550 1503 egressus
569 1470 608 1493 est
628 1463 748 1494 Naason.
771 1466 840 1494 Puto
853 1476 902 1495 au-

155 1508 208 1531 tem
235 1502 306 1541 hoc,
321 1503 395 1542 quod
420 1504 506 1533 tribus
525 1503 597 1533 Juda
624 1503 709 1542 magis
734 1504 901 1543 multiplica-

117 1557 127 1568 ·
154 1540 235 1572 batur
248 1553 303 1582 prae
315 1543 442 1572 omnibus
455 1543 591 1571 tribubus.
606 1542 707 1571 Tribus
725 1550 813 1571 autem
834 1544 902 1573 Levi

11 2453 61 2478 Col.
76 2455 99 2478 3.
109 2454 132 2478 5.

155 1590 209 1610 non
227 1581 266 1610 sic
286 1581 525 1621 multiplicabatur,
539 1581 602 1620 quia
623 1582 723 1610 Levitae
742 1582 811 1611 circa
832 1589 902 1611 tem-

155 1619 196 1659 pli
219 1620 396 1659 obsequium,
414 1621 461 1650 ubi
488 1621 566 1660 pauci
586 1620 763 1655 suffecerunt,
782 1631 902 1650 necessa-

155 1658 191 1687 rii
202 1666 305 1688 tantum
317 1667 401 1696 erant,
411 1660 481 1689 sicut
494 1666 520 1688 et
532 1658 717 1689 Numerorum
738 1659 808 1689 liber
822 1667 901 1690 testa-

155 1703 211 1726 tur.
225 1699 326 1728 Tamen
339 1699 361 1728 si
369 1699 478 1728 rationis
486 1705 536 1735 est,
551 1698 624 1737 quod
638 1699 743 1735 Enoch,
752 1700 799 1737 qui
815 1706 901 1729 traus-

156 1736 226 1767 latus
241 1744 298 1775 est,
321 1737 349 1767 in
375 1738 487 1778 septima
507 1738 674 1777 generatione
697 1738 733 1767 sit
758 1745 853 1768 natus:
876 1740 898 1769 si

155 1777 266 1806 rationis
286 1783 325 1806 aet
348 1778 421 1816 quod
445 1778 504 1808 Noe·
524 1778 552 1806 in
567 1777 736 1816 generatione
749 1777 852 1807 decima
865 1778 899 1808 ab

158 1815 257 1853 Adam,
297 1817 325 1845 ui
340 1817 497 1856 mysterium
521 1817 573 1846 fuit
595 1816 719 1846 Christi:
745 1817 768 1846 si
789 1818 898 1847 rationis

157 1862 206 1892 est,
221 1867 258 1894 qu
307 1856 410 1886 scilicet
431 1856 459 1886 in
472 1856 574 1886 decima
590 1856 756 1896 generatione
768 1863 846 1886 natus
859 1864 899 1887 est

157 1893 296 1924 Abrabam
309 1906 324 1924 a
346 1897 404 1925 Noe
419 1907 426 1924 z
442 1896 466 1925 si
477 1895 588 1925 rationis
601 1903 650 1932 est,
666 1895 739 1935 quod
752 1895 786 1925 de
808 1896 897 1926 Abra-

156 1933 219 1964 bam
236 1945 319 1973 usque
332 1934 368 1964 ad
393 1936 488 1975 legem,
505 1935 534 1964 id
561 1942 600 1965 est
626 1946 710 1974 usque
723 1935 759 1964 ad
779 1936 895 1973 Mosem,

155 1981 256 2013 septem
270 1974 450 2013 generationes
463 1975 595 2004 habentur
610 1987 617 2004 ε
635 1975 692 2004 sine
705 1974 790 2004 dubio
809 1982 834 2004 et
845 1975 909 2005 hoc'

155 2013 266 2043 rationis
287 2021 336 2050 est,
351 2015 479 2053 quoniam
501 2013 649 2043 secundum
666 2014 776 2052 quidem
795 2015 896 2044 tribum
913 2018 931 2041 D

155 2053 222 2082 Levi
234 2054 262 2082 in
276 2053 368 2091 quinta
382 2054 549 2093 generatione
563 2053 661 2094 egressi
679 2061 741 2083 sunt
755 2053 789 2083 de
812 2054 898 2094 AEgy-

154 2098 213 2131 pto,
227 2092 375 2122 secundum
390 2100 480 2123 autem
492 2093 594 2122 tribum
605 2092 676 2123 Juda
691 2093 719 2122 in
728 2093 850 2133 septima.
865 2095 896 2124 In

155 2130 228 2160 trihu
242 2142 304 2170 ergo
314 2131 392 2169 Levi,
403 2133 467 2171 quia
481 2132 614 2172 generatio
632 2133 724 2171 quinta
736 2133 832 2168 exivit,
846 2132 895 2162 de-

155 2170 254 2199 functis
266 2171 294 2199 in
308 2170 427 2214 AEgypto
439 2178 564 2210 quatuor,
577 2172 628 2201 hoc
641 2179 707 2212 puto
726 2171 894 2211 mysterium,

155 2209 281 2247 qnoniam
293 2219 380 2238 omnis
393 2210 472 2239 homo
479 2221 516 2240 ex
523 2217 639 2250 quatuor
645 2211 782 2240 elementis
792 2218 897 2240 creatur

155 2247 302 2277 secundum
316 2258 424 2287 corpus,
444 2249 471 2278 id
493 2257 544 2287 est,
557 2260 592 2279 ex
615 2257 695 2286 terra,
716 2261 750 2279 ex
769 2261 839 2286 acre,
862 2261 897 2280 ex

156 2287 229 2326 igne,
245 2297 279 2316 ex
300 2297 370 2326 aqua
385 2299 391 2315 ε
459 2294 468 2316 t
487 2288 544 2317 haec
561 2295 649 2318 autem
671 2300 720 2328 per
733 2289 896 2328 baptismum

155 2333 326 2366 regeneratus
349 2326 379 2355 fit
403 2298 478 2356 ffis
502 2327 563 2356 Dei.
578 2327 611 2356 In
630 2338 684 2366 quo
697 2339 759 2373 ergo
781 2335 895 2367 quatuor

155 2366 348 2395 elementorum
370 2366 550 2404 generationes
569 2367 722 2396 moriuntur
735 2377 761 2396 in
782 2367 894 2406 mundo,

156 2404 204 2434 ille
228 2415 293 2434 vei-0
313 2415 361 2449 per
380 2405 544 2445 baptismum
569 2405 595 2434 in
615 2406 707 2444 quinta
730 2407 896 2444 generatione

157 2444 268 2483 spiritus
282 2451 339 2473 exit
351 2444 386 2474 de
399 2444 500 2474 mundo
515 2457 522 2473 ι
538 2445 588 2474 hoc
601 2451 650 2481 est,
665 2445 712 2484 qui
726 2446 897 2483 mortificavit

157 2482 276 2512 membra
298 2493 347 2512 sua
373 2495 454 2524 super
477 2491 586 2522 terrain,
605 2483 675 2514 sicut
694 2484 732 2515 ait
745 2485 893 2526 apostolus,

189 2575 203 2595 h
221 2574 251 2599 In
263 2574 338 2600 Biblie
351 2576 443 2601 caath,

956 285 1040 316 stunt,
1055 286 1085 308 iit
1096 290 1149 308 non
1165 281 1222 319 jam
1234 280 1260 310 in
1274 292 1352 311 carne
1370 289 1414 318 sit,
1426 282 1474 312 sed
1486 282 1514 312 in
1537 283 1644 322 spiritu,
1658 283 1706 313 ille

956 318 1041 347 exivit
1052 318 1086 347 ad
1087 320 1246 387 dpei-fectum
1258 320 1292 350 de
1310 321 1421 350 mundo.
1437 323 1473 351 Et
1492 332 1569 355 nemo
1581 322 1704 359 egredie-

956 364 1001 387 tur
1012 368 1074 387 vere
1107 369 1122 387 e
1135 359 1248 396 mundo,
1262 361 1314 390 nisi
1324 360 1383 399 qui,
1397 361 1562 391 mortificatis
1576 361 1632 393 illis
1640 373 1704 401 qua-

956 403 1018 426 tuor
1033 398 1264 436 generationibus,
1287 401 1397 440 coeperit
1417 411 1473 430 esse
1494 401 1521 430 in
1547 401 1639 440 quinta
1654 409 1704 431 :ut

956 437 1034 466 etiam
1045 437 1080 466 ad
1088 448 1150 466 eum
1164 438 1236 467 dicat
1246 440 1394 478 apostolus,
1413 441 1455 469 Τιι
1463 447 1562 470 autem
1574 443 1605 469 in
1614 451 1703 471 carne
1715 447 1781 470 Rom.
1794 448 1819 472 8.
1830 457 1854 481 9.

957 487 1017 505 non
1030 486 1070 512 es,
1081 478 1131 507 sed
1145 479 1177 506 in
1184 479 1295 516 spiritu.
1308 479 1344 508 Et
1358 479 1402 508 hic
1409 490 1473 519 ergo
1487 480 1515 508 in
1529 480 1603 509 tribu
1617 481 1634 510 J
1638 480 1700 510 uda.

956 516 1017 545 Alia
1031 516 1142 555 quidem
1161 516 1271 547 videtur
1287 528 1344 547 esse
1361 519 1461 558 speeies
1475 519 1597 556 rationis,
1614 526 1702 549 tamen

956 566 1023 595 pene
1037 555 1130 585 eadem
1149 557 1222 585 vratio
1236 564 1286 586 est.
1305 558 1403 587 Sextus
1418 559 1488 587 enim
1505 569 1633 588 numerus
1643 570 1703 599 my-

956 595 1068 624 sterium
1081 595 1162 625 habet
1174 596 1263 635 operis
1282 603 1308 626 et
1331 597 1443 633 laboris,
1458 605 1567 637 propter
1591 598 1665 636 quod
1677 607 1703 629 et

955 635 1030 664 Deus
1050 635 1140 664 omnia
1153 635 1273 666 visibilia
1287 636 1315 665 in
1328 646 1376 665 sex
1392 636 1489 666 diebus
1510 644 1636 676 operatus
1650 645 1700 676 est,

956 680 982 703 et
1005 682 1136 713 requievit
1150 675 1179 704 in
1200 685 1228 704 se
1248 675 1312 704 tima
1329 688 1336 704 z
1353 676 1483 715 septimus
1506 683 1594 705 autem
1608 686 1701 711 nume-

956 723 1004 742 rus
1021 713 1179 753 mysterium
1199 714 1226 743 in
1249 715 1384 753 ulgentiae,
1400 723 1426 745 et
1449 716 1508 753 otii,
1524 722 1551 745 et
1572 716 1675 754 requiei
1692 727 1698 744 ε

956 752 1066 782 sicutin
1094 754 1186 783 multis
1209 753 1331 784 diximus
1353 754 1429 784 locis.
1446 755 1501 792 Qui
1518 765 1582 794 ergo
1605 756 1702 785 transit

956 793 1045 822 omnia
1060 792 1191 830 visibilia,
1206 800 1232 823 et
1255 794 1384 833 relinquit
1441 801 1465 824 st
1483 805 1511 824 se
1523 804 1700 834 quaecumque

956 831 1025 861 intra
1049 843 1097 862 sex
1121 832 1179 863 dies
1209 840 1295 862 ereata
1317 841 1389 870 sunt,
1423 845 1454 863 oe
1475 841 1526 870 est,
1543 834 1699 863 universum

956 871 1089 901 mundum
1113 872 1186 901 hunc
1209 873 1413 913 corruptibilem
1427 895 1435 910 ‚
1456 880 1482 902 et
1508 873 1603 913 implet
1624 874 1698 912 quod

956 911 1065 946 mandat
1074 912 1189 941 Joannes
1196 912 1224 940 in
1237 912 1360 951 Epistola
1374 923 1423 941 sua
1432 912 1568 949 canonica,
1579 912 1670 942 dicens
1689 925 1695 941 i

956 951 1060 979 Filioli
1072 953 1140 987 mei,
1161 951 1253 979 nolite
1273 952 1396 991 diligere
1418 953 1558 981 mundum
1569 975 1577 989 ‚
1602 963 1698 991 neque
1709 963 1729 979 ι.
1743 958 1811 981 Jaan.
1823 965 1845 981 2.

955 999 991 1018 ea
1005 1001 1069 1029 quae
1084 992 1116 1019 in
1136 991 1245 1019 mundo
1257 998 1325 1020 sunt
1335 1003 1345 1019 .-
1360 991 1407 1020 ille
1419 991 1447 1020 in
1461 992 1574 1030 septima
1587 991 1632 1020 die
1645 999 1694 1026 est,
1709 988 1744 1011 ¹5·

954 1029 1006 1058 hoc
1020 1036 1070 1066 est,
1082 1030 1110 1058 in
1133 1030 1251 1067 Christo,
1266 1037 1292 1059 et
1313 1030 1405 1069 requie
1417 1037 1473 1065 est;
1489 1031 1612 1060 Christus
1624 1031 1696 1061 enim

954 1075 993 1098 est
1006 1069 1111 1108 requies
1124 1076 1225 1104 nostra,
1239 1069 1309 1098 sicut
1322 1069 1388 1099 dicit
1406 1070 1440 1099 de
1464 1070 1568 1100 Judoeis
1586 1070 1695 1100 minime

954 1108 1092 1138 intraturis
1106 1109 1134 1138 in
1147 1119 1205 1137 eam
1219 1109 1348 1148 propheta
1361 1109 1449 1139 David
1463 1122 1470 1138 ι
1486 1110 1510 1139 J
1510 1113 1594 1139 uravi'
1607 1111 1695 1139 inira
1706 1112 1771 1136 Psal.
1790 1115 1831 1145 94·

956 1158 1031 1183 meti,
1045 1150 1072 1177 si'
1083 1149 1245 1177 introibunt
1254 1148 1288 1176 ‘in
1298 1149 1426 1188 requiem
1444 1159 1550 1178 meam.
1565 1149 1617 1178 Ille
1630 1150 1695 1179 otia·
1707 1152 1744 1169 ¹¹·

954 1195 999 1217 tur
1013 1187 1047 1216 ab
1062 1187 1188 1217 universo
1200 1197 1280 1227 opere
1293 1187 1400 1223 mundi,
1415 1188 1462 1226 qui
1483 1195 1509 1218 et
1522 1188 1668 1218 sabbatizat
1680 1200 1696 1218 a

948 1227 1035 1262 Jnalis
1045 1227 1186 1256 sabbatum
1197 1233 1328 1261 sanctum,
1336 1227 1384 1256 ille
1391 1235 1416 1257 et
1426 1234 1543 1257 meretur
1553 1227 1696 1272 indulgen-

954 1266 1019 1296 tiam
1036 1276 1044 1293 ε
1063 1266 1086 1295 si
1100 1266 1211 1304 aliquod
1223 1266 1304 1306 gessit
1322 1267 1480 1302 humanum,
1494 1267 1541 1296 ille
1557 1267 1641 1297 exivit
1661 1268 1697 1297 de

954 1305 1066 1335 mundo.
1081 1305 1135 1343 Qui
1159 1313 1249 1335 autem
1274 1306 1302 1335 in
1324 1306 1426 1335 mundo
1441 1313 1491 1342 est,
1507 1317 1653 1345 numquam
1667 1307 1695 1336 in

954 1345 1067 1385 septima
1079 1344 1170 1383 requie
1182 1352 1233 1381 est,
1254 1356 1302 1375 nec
1314 1346 1413 1375 otiatur
1424 1357 1438 1375 a
1458 1346 1538 1375 malis
1557 1357 1694 1385 umquam,

954 1395 1002 1414 nec
1024 1384 1179 1414 sabbatizat.
1195 1385 1231 1414 Et
1244 1385 1291 1423 qui
1310 1385 1338 1413 in
1352 1385 1464 1425 septima
1483 1386 1575 1424 requie
1586 1393 1636 1422 est,
1648 1387 1695 1416 ille

954 1434 1007 1453 non
1019 1431 1058 1453 est
1077 1424 1112 1453 de
1125 1424 1227 1453 mundo
1241 1435 1248 1452 :
1262 1423 1310 1463 qui
1323 1432 1412 1454 autem
1426 1426 1454 1454 in
1476 1425 1577 1454 mundo
1589 1432 1639 1461 est,
1652 1426 1694 1455 in·

954 1463 1093 1503 dulgentia
1113 1463 1212 1502 dignus
1229 1474 1282 1493 non
1295 1470 1344 1492 est.
1368 1463 1441 1494 Vide
1454 1475 1535 1502 quam
1550 1465 1695 1504 prudenter

953 1502 1101 1532 secundum
1114 1502 1239 1538 rationes,
1254 1513 1321 1541 quas
1327 1502 1459 1539 diximus,
1475 1503 1575 1533 Levitae
1584 1503 1694 1541 quidem

953 1542 982 1570 in
995 1541 1088 1580 quinta
1112 1541 1279 1580 generatione
1301 1548 1400 1570 exeunt
1422 1542 1457 1571 de
1480 1543 1599 1582 AEgypto
1616 1555 1623 1571 ε
1650 1554 1693 1572 re-

954 1581 1025 1620 gales
1038 1586 1126 1609 autem
1140 1581 1168 1608 in
1191 1581 1315 1619 septima,
1330 1581 1458 1618 quoniam
1483 1582 1585 1620 regales
1605 1582 1693 1613 modi.-

953 1630 1016 1648 cum
1029 1626 1076 1648 aut
1088 1619 1204 1648 multum
1216 1619 1374 1658 plerumque
1387 1619 1557 1659 delinquunt,
1573 1620 1630 1659 ipsa
1643 1632 1693 1666 po-

952 1665 1044 1688 testate
1056 1665 1176 1698 cogente,
1186 1665 1212 1687 et
1229 1658 1342 1688 difficile
1356 1665 1396 1688 est
1404 1669 1449 1688 eos
1461 1670 1517 1688 esse
1527 1660 1583 1689 sine
1595 1659 1693 1690 delicto

953 1699 1081 1737 perfectos
1094 1708 1101 1725 :
1117 1704 1256 1743 propterea
1268 1698 1290 1727 si
1310 1697 1444 1727 moderate
1466 1698 1639 1737 deliquerint,
1652 1699 1693 1729 i'ii-

951 1737 1089 1777 dulgentia
1098 1736 1175 1776 digni
1188 1737 1352 1767 efficiuntur.
1368 1737 1468 1767 Levitae
1480 1745 1580 1774 autem,
1595 1745 1621 1767 et
1640 1739 1693 1769 viri

950 1776 1069 1815 religiosi
1091 1775 1281 1814 sacerdotales,
1303 1777 1412 1817 perfecti
1431 1784 1457 1806 et
1476 1777 1646 1816 spirituales,
1665 1786 1693 1808 et

950 1816 1007 1846 sine
1021 1815 1125 1845 macula
1138 1826 1194 1845 esse
1204 1815 1314 1846 debent.
1329 1816 1394 1845 Ideo
1403 1816 1532 1855 quaeritur
1547 1817 1652 1852 inillis,
1663 1825 1693 1847 ut

950 1862 1065 1895 quatuor
1071 1855 1286 1895 generationibus
1295 1856 1351 1885 illis
1365 1855 1474 1884 omnino
1488 1856 1654 1886 mortificatis
1664 1857 1692 1886 in

948 1905 1069 1940 corpore,
1084 1894 1111 1924 in
1125 1895 1217 1933 quinta
1231 1895 1396 1935 generatione
1414 1895 1508 1923 mnndi
1530 1896 1689 1926 consistant:

948 1934 1028 1970 nihil,
1044 1934 1066 1963 si
1080 1934 1209 1973 possibile
1221 1941 1271 1970 est,
1286 1934 1374 1964 carnis
1391 1934 1518 1963 habentes
1532 1935 1560 1963 in
1582 1945 1620 1972 se,
1636 1936 1688 1965 nisi

948 1973 1021 2013 quod
1042 1974 1125 2003 vitam
1135 1980 1273 2010 sustentet,
1284 1974 1354 2004 sicut
1364 1973 1431 2003 dicit
1451 1974 1587 2013 apostolus
1603 1987 1610 2003 :
1623 1977 1689 2004 Ha·
1700 1978 1839 2003 i.T1'm.6.8.

950 2015 1048 2042 bentes
1058 2019 1156 2042 autem
1169 2013 1323 2051 alimenta,
1335 2020 1363 2042 et
1375 2014 1479 2051 quibus
1494 2020 1634 2053 tegamur,
1645 2016 1691 2044 his

949 2054 1077 2082 contenti
1086 2054 1183 2081 simus.
1193 2053 1324 2082 Naasum
1337 2059 1435 2082 autem
1448 2055 1548 2092 genuit
1556 2053 1688 2083 Salmon.

948 2092 1057 2122 Salmon
1071 2091 1367 2131 auteminterpretatur,
1380 2092 1470 2131 accipe
1483 2102 1541 2121 vas.
1554 2093 1607 2122 Iste
1628 2093 1690 2122 Sal-

949 2142 1012 2161 mon
1037 2131 1137 2170 accepit
1159 2141 1271 2160 uxorem
1285 2131 1392 2161 nomine
1406 2131 1495 2160 Raab.
1510 2132 1573 2160 Haec
1601 2139 1690 2161 autem

949 2171 1026 2200 Raab
1038 2170 1095 2215 ipsa
1108 2169 1207 2199 dicitur
1220 2169 1300 2200 fuisse
1314 2170 1440 2200 meretrix
1450 2169 1484 2200 de
1497 2170 1616 2205 Jericho,
1630 2181 1689 2208 quae

949 2216 1067 2249 suscepit
1080 2209 1275 2250 exploratores,
1290 2217 1316 2240 et
1333 2210 1432 2248 legatos
1446 2209 1565 2239 filiorum
1576 2210 1661 2239 lsrael
1678 2222 1686 2239 ε

949 2256 976 2278 et
985 2260 1047 2279 eum
1060 2255 1241 2287 quaererentur
1258 2259 1273 2277 a
1287 2259 1348 2288 rege
1362 2249 1482 2285 Jericho,
1494 2255 1523 2277 ut
1534 2249 1689 2277 occideren-

949 2295 1004 2325 tur,
1019 2288 1158 2318 abscondit
1177 2299 1222 2318 eos
1237 2289 1263 2317 in
1278 2288 1410 2328 superiori
1422 2294 1497 2326 parte
1509 2286 1606 2315 domus
1621 2298 1687 2323 suat,

949 2335 974 2358 et
987 2328 1103 2358 servavit
1116 2328 1279 2364 incolumes;
1294 2327 1405 2356 audiens
1416 2333 1504 2354 autem
1525 2326 1592 2353 facta
1615 2325 1688 2354 filio-

948 2377 1010 2397 rum
1031 2367 1126 2404 Israe‘l,
1149 2366 1246 2396 dilexit
1268 2366 1351 2396 Israiil
1378 2364 1495 2403 amplius
1519 2374 1601 2401 quam
1626 2374 1690 2403 pro-

969 2406 1037 2436 riam
1061 2413 1177 2446 gentem.
1192 2406 1228 2435 Et
1241 2405 1386 2444 dupliciter
1399 2403 1468 2431 mihi
1479 2413 1521 2430 res
1539 2403 1588 2430 ista
1600 2403 1688 2432 credi-

948 2418 1012 2484 Eitis
1031 2456 1088 2475 esse
1111 2445 1229 2475 videtur.
1255 2444 1388 2479 Primum,
1405 2451 1468 2470 cum
1488 2447 1555 2470 esset
1580 2441 1689 2471 Salmon

948 2485 1048 2516 nobilis
1070 2485 1139 2515 inter
1154 2483 1225 2513 filios
1246 2482 1340 2518 Israel,
1353 2487 1379 2510 et
1394 2480 1458 2519 quia
1477 2478 1510 2509 de
1524 2479 1597 2509 tribu
1618 2480 1691 2511 Juda
