1890 2826
178 171 182 175 ’
214 166 280 200 138

65 2148 205 2177 Joanafidfi.

207 237 368 268 inaccessam
385 237 505 267 malitiae.
519 237 577 268 Hoc
594 237 678 277 igitur
697 244 736 267 est
752 236 927 267 beatitudinis
943 249 950 267 ι

206 283 272 312 huic
285 283 441 323 proximum
459 282 530 312 illud
544 290 594 320 est,
611 283 695 312 malas
713 283 884 323 cogitationes
894 284 952 323 jam

206 329 339 369 ingressas
356 329 476 359 celeriter
487 330 626 370 repellere,
639 340 726 368 neque
737 329 835 365 sinere,
845 336 874 359 ut
893 329 952 359 illic

206 375 311 405 diutius
324 375 510 413 immorentur,
526 387 558 406 ne
571 376 599 406 in
612 376 691 405 nobis
703 375 817 416 pessime
828 385 952 415 grassen-

206 429 262 452 tur.
284 422 367 460 Quod
386 423 409 452 si
423 434 454 452 eo
474 434 558 462 usque
580 422 710 454 soeordiae
730 422 949 462 processerimus,

547 176 578 199 S.
605 175 750 199 JOANMS
772 175 957 200 CHRYSOST.
982 176 1433 202 ARCHIEP.‘CONS'1·AN'1*1NOP.

1003 239 1049 269 καὶ
1067 238 1105 278 μὴ
1120 241 1292 280 συγχωρῆσαι
1308 239 1473 281 ἐνδιατρίψαι
1485 239 1576 278 πλέον,
1592 239 1661 270 ὥστε
1674 240 1711 279 μὴ
1723 251 1774 275 πο-

1003 285 1084 325 νηρὰν
1111 286 1138 315 ἐν
1161 289 1225 325 ἡμῖν
1250 285 1411 326 ἐργάσασθαι
1433 286 1482 322 τὴν
1508 286 1603 325 νομήν.
1623 287 1658 316 Εἴ
1680 286 1706 316 δὲ
1729 286 1775 316 καὶ

1003 330 1085 371 μέχρι
1100 332 1193 361 τούτου
1209 332 1418 372 ῥᾳθυμήσαιμεν,
1431 331 1488 361 ἔστι
1510 331 1554 362 διὰ
1572 332 1621 369 τὴν
1642 335 1687 362 τοῦ
1703 334 1773 362 Θεοῦ

1003 377 1198 416 φιλανθρωπίαν
1212 378 1257 407 καὶ
1277 377 1376 414 ταύτης
1389 380 1437 413 τῆς
1452 377 1579 418 ῥᾳθυμίας
1602 378 1775 418 παραμυθία,

1002 421 1047 451 καὶ
1062 423 1150 452 πολλὰ
1168 423 1242 463 παρὰ
1254 426 1301 459 τῆς
1315 423 1476 463 ἀγαθότητος
1489 423 1589 459 ἐκείνης
1603 425 1651 460 τῆς
1674 422 1776 464 ἀφᾶτου

206 475 246 499 est
259 480 307 509 per
318 470 370 499 Dei
379 469 527 499 bonitatem
538 468 565 499 et
576 470 658 510 hujus
672 468 800 498 socordiae
813 468 949 506 solatium,
967 475 987 498 D
1002 468 1047 497 καὶ
1061 469 1180 509 μεγάλης
1196 475 1249 504 τοῖς
1267 469 1394 504 τοιούτοις
1416 469 1551 510 τραύμασι
1565 469 1775 500 κατεσκεύασται

206 515 345 554 multaque
358 515 394 545 ab
411 515 456 545 illa
469 527 571 545 summa
579 522 608 544 et
617 514 749 549 ineffabili
762 514 880 544 bonitate
891 514 952 544 tali-

205 561 257 591 bus
271 562 431 593 vulneribus
442 569 534 602 parata
546 569 608 591 sunt
618 561 748 598 remedia.
762 561 817 592 Sed
830 571 878 601 age
892 571 951 590 ser-

205 618 311 638 monem
325 608 397 638 hune
411 609 523 638 missum
541 608 679 646 faciamus,
693 618 726 637 ne
739 607 813 647 quod
830 608 859 637 in
875 607 952 638 initio

206 655 377 691 verebamur,
385 665 458 684 nuuc
465 654 568 685 accidat
575 655 662 691 nobis,
672 665 814 694 rerumque
822 654 902 684 turba
910 665 953 685 ve-

206 707 287 730 stram
299 701 395 730 obruat
406 701 573 731 memoriam.
582 703 753 741 Quapropter
762 711 901 730 necessum
913 707 952 730 est

206 753 237 775 ut
252 757 310 785 quae
329 747 400 776 dieta
414 754 487 784 sunt,
501 747 654 777 summatim
667 747 761 787 paucis
774 753 925 786 repetamus
941 758 949 776 ι

206 792 244 821 sic
258 799 284 821 et
295 800 392 822 matres
405 794 489 822 facere
500 793 586 823 solent
597 804 660 823 cum
671 804 762 833 poma,
771 799 816 822 aut
827 792 951 829 bellaria,

206 845 252 867 aut
272 838 346 868 aliud
371 839 459 869 simile
482 839 623 879 quidpiam
641 839 669 869 in
687 839 822 879 puerilem
849 838 953 868 immit-

205 891 266 914 tunt
273 885 361 914 sinum
370 897 377 913 .·
388 895 420 914 ne
428 896 477 926 per
489 896 634 926 puerorum
649 885 837 925 negligentiam
846 884 952 914 excidat

206 929 311 968 aliquid
323 941 417 959 eorum
429 941 488 969 quae
497 931 560 960 data
575 939 648 968 sunt,
657 938 818 961 contractam
829 930 950 969 undique

206 976 367 1013 tuniculam,
382 976 491 1016 cingulo
511 977 671 1017 subjiciunt,
685 987 738 1016 quo
755 977 809 1006 sint
831 978 860 1006 in
879 984 949 1007 tuto.

205 1021 282 1051 Idem
294 1032 343 1051 nos
363 1022 503 1059 faciamus,
520 1022 666 1052 orationem
683 1022 711 1051 in
724 1023 836 1062 longum
857 1033 950 1062 porre-

205 1075 274 1097 ctam
288 1068 485 1105 contrahamus,
494 1069 683 1107 memoriaeque
693 1068 821 1098 custodias
834 1068 953 1108 depona-

205 1125 276 1144 mus.
303 1115 424 1144 Audistis
450 1115 586 1153 quomodo
608 1115 678 1144 nihil
703 1114 835 1154 agendum
860 1115 895 1144 sit
917 1114 952 1144 ad

205 1161 423 1197 ostentationem;
439 1169 623 1200 quantumque
640 1161 676 1191 sit
696 1161 798 1190 malum
818 1160 951 1198 socordia,

206 1214 236 1236 ut
249 1207 330 1236 etiam
340 1207 368 1236 in
378 1208 493 1247 perfecta
508 1207 563 1238 vita
573 1213 721 1237 versantem
729 1206 807 1235 facile
818 1206 954 1246 supplan-

206 1253 280 1282 tarit.
294 1253 436 1282 Didicistis
449 1260 547 1292 quanta
560 1253 640 1282 nobis
652 1263 720 1292 opus
735 1252 770 1282 sit
783 1263 860 1289 cura,
874 1252 953 1292 potis-

206 1299 308 1329 simum
332 1300 384 1328 sub
395 1299 457 1329 vitae
474 1299 564 1336 finem,
583 1305 666 1338 utque
689 1308 737 1327 nec
755 1297 955 1338 desperandum

206 1346 241 1375 sit
253 1346 278 1374 ci
297 1346 344 1384 qui
365 1356 428 1375 cum
447 1345 583 1375 incidisset
597 1345 624 1374 in
640 1352 746 1385 peccata
768 1351 886 1374 mutatus
904 1351 955 1381 est,

206 1402 293 1434 neque
308 1399 429 1432 oporteat
448 1402 511 1421 eum
524 1392 572 1431 qui
586 1391 615 1420 in
631 1390 753 1421 socordia
767 1390 846 1428 vivit,
860 1391 895 1421 de
909 1402 956 1421 re·-

207 1444 248 1467 ete
267 1437 343 1467 factis
362 1437 504 1469 confidere.
525 1438 706 1467 Disseruimus
727 1437 806 1467 vohis
827 1436 861 1466 de
875 1437 955 1467 diffe-

208 1484 292 1514 rentia
314 1492 495 1524 peccatorum,
512 1494 545 1513 ne
566 1483 651 1513 simus
667 1483 839 1515 vehementer
861 1483 956 1515 intenti

209 1530 244 1560 ad
265 1531 378 1561 eximias
396 1542 542 1571 corporum
554 1531 675 1560 formas.
690 1537 874 1570 quantumque
891 1531 956 1560 hinc

210 1576 312 1606 oriatur
333 1576 409 1614 mali,
425 1577 675 1607 demonstravimus.
693 1578 761 1614 Quae
783 1576 817 1606 de
829 1576 956 1616 superbia

210 1622 288 1661 vobis
300 1623 422 1652 diximus
434 1623 604 1660 meministis,
619 1633 731 1662 quaeque
748 1622 782 1652 de
801 1623 893 1663 pravis
911 1633 956 1652 co-

211 1668 395 1708 gitationibus.
416 1671 479 1699 Haec
501 1677 636 1700 servantes
659 1669 799 1699 redeamus
823 1669 954 1708 domum3

211 1715 278 1754 quin
292 1716 382 1756 potius
403 1716 459 1745 haec
480 1723 616 1747 servantes
633 1715 800 1756 excipiamus
814 1715 957 1755 perfectio-r

211 1773 267 1791 rem
288 1762 382 1792 eximii
404 1762 522 1792 doctoris
533 1762 755 1792 exhortationem.
771 1762 842 1791 Nam
864 1768 955 1791 nostra

214 1808 335 1847 quidem,
359 1809 566 1848 qualiacumque
593 1815 665 1845 sunt,
687 1808 786 1837 hahent
804 1808 956 1848 juventutis

212 1854 312 1884 indicia
327 1867 334 1883 :
349 1855 431 1894 hujus
451 1862 540 1884 autem
558 1854 765 1893 qualiacumque
782 1855 892 1891 fuerint,
912 1865 958 1883 ca-

212 1910 246 1929 na
258 1900 374 1938 quadam
387 1900 531 1940 prudentia
543 1906 606 1929 sunt
618 1906 720 1929 ornata.
740 1901 779 1928 Ac
793 1906 880 1928 nostra
895 1899 957 1937 qui-

213 1946 274 1975 dem
288 1946 387 1981 similia
400 1953 463 1975 sunt
472 1946 593 1986 torrenti,
603 1946 650 1985 qui
664 1956 726 1975 cum
736 1945 848 1985 strepitu
858 1945 954 1983 fertur,

213 1992 289 2021 illius
310 1999 399 2020 autem
411 1992 496 2021 oratio
519 1992 617 2021 similis
630 1998 669 2021 est
681 1991 748 2020 fonti
766 2001 862 2029 magna
883 1997 957 2020 tran-

215 2039 349 2078 quillitate
363 2039 462 2075 fluvios
476 2039 638 2075 effundenti,
651 2038 698 2077 qui
711 2038 764 2067 olei
777 2038 861 2078 magis
875 2049 955 2077 quam

215 2096 347 2124 aquarum
367 2096 476 2115 cursum
496 2084 626 2114 imitetur.
639 2083 815 2124 Excipiamus
828 2084 912 2123 igitur
926 2095 957 2113 ea

216 2131 325 2167 fluenta,
335 2139 365 2161 ut
384 2131 450 2160 fiant
468 2130 497 2160 in
510 2130 588 2160 nobis
607 2130 667 2159 fons
691 2140 767 2169 aquae
786 2129 905 2159 salientis
929 2130 957 2159 in

216 2177 300 2209 vitam
318 2184 442 2207 aeternam
466 2188 472 2205 :
487 2187 569 2215 quam
593 2175 808 2206 nohisomnibus
822 2177 958 2216 contingat

216 2223 333 2263 assequi,
347 2223 431 2262 gratia
444 2230 468 2252 et
481 2222 643 2262 benignitate
660 2221 771 2251 Domini
789 2221 873 2251 nostri
893 2222 959 2252 Jesu

217 2270 331 2308 Christi,
344 2280 406 2299 cum
419 2279 471 2309 quo
485 2269 572 2307 Patri,
585 2268 669 2300 simul
684 2279 747 2298 cum
758 2275 850 2297 sancto
868 2274 894 2297 et
908 2267 957 2298 ho-

251 2375 262 2391 *¹
279 2376 350 2401 Unus
362 2379 409 2410 χρὴ
420 2380 490 2402 ποιεῖν
501 2378 632 2409 ἀνθρώπων.

252 2423 263 2435 ¹¹
280 2414 347 2440 Alius
357 2419 414 2450 πρὸς
423 2419 453 2441 τὰ
463 2418 560 2449 λαμπρὰ
570 2419 615 2440 τῶν
626 2417 737 2446 σωμάτων
749 2415 791 2439 κά).
794 2415 830 2442 in.

252 2455 266 2474 h
285 2463 314 2480 Αν
329 2457 352 2487 ᾔ,
372 2457 424 2480 πο).
420 2459 443 2487 -ῷ
455 2460 571 2481 κοσμεῖται
586 2458 722 2487 φρονήματι.
739 2451 781 2476 Sic
798 2450 850 2476 duo
869 2449 974 2476 Codices

219 2495 277 2520 Mss.
291 2499 316 2519 et
327 2495 362 2518 sic
375 2492 435 2524 legit
445 2492 572 2516 Erasmus.
584 2490 655 2515 Unus
666 2493 718 2517 πλε’
700 2502 736 2516 -ιω
745 2502 769 2516 κ·
762 2495 892 2523 Ἣκόσμηται
905 2488 975 2515 Εεὶἰιὶ

219 2536 303 2560 πλείονι
315 2538 461 2565 κεκόσμηται.
472 2533 547 2563 ῃολιῷ
564 2528 695 2563 legendum
705 2538 710 2552 :
721 2537 780 2553 nam
792 2527 832 2553 hic
844 2534 975 2561 comparat.

218 2573 372 2605 juventutem
385 2579 455 2596 suam
474 2569 670 2603 Chrysostomus
689 2577 746 2594 cum
766 2577 831 2595 cana
849 2574 975 2594 senectute

948 1434 998 1489 1Ᾰο
1006 1458 1067 1497 περὶ
1082 1458 1229 1498 διαφορᾶς(
1216 1458 1416 1498 αμαρτημάτων
1426 1460 1498 1497 ὓμῖν,
1510 1457 1572 1498 περὶ
1583 1468 1629 1486 του
1643 1455 1680 1495 μὴ
1694 1467 1778 1495 κεχη-

1001 513 1036 543 τὰ
1050 515 1188 555 φάρμακα.
1207 516 1287 546 Ἀλλὰ
1304 516 1366 557 φέρε
1379 516 1471 546 λοιπὸν
1485 515 1530 545 τὸν
1541 516 1619 555 λόγον
1633 515 1776 545 καταπαύ-

1003 572 1101 600 σωμεν,
1116 561 1159 591 ἵνα
1182 562 1219 601 μὴ
1238 564 1331 599 τοῦτο,
1346 562 1411 602 ὅπερ
1425 561 1564 602 ἐδείσαμεν
1585 563 1610 591 ἐν
1627 562 1696 602 ἀρχῇ
1706 583 1714 597 ,
1728 561 1776 601 γέ-

1002 618 1079 643 νηται
1106 610 1160 643 νῦν,
1174 608 1220 637 καὶ
1244 608 1274 638 τὸ
1298 609 1396 644 πλῆθος
1420 608 1574 648 λυμήνηται
1592 607 1643 644 τὴν
1668 608 1777 647 μνήμην

1002 654 1086 692 ὑμῶν.
1101 655 1143 683 Δι’
1158 654 1228 684 ὃκαὶ
1247 654 1290 684 διὰ
1302 655 1422 695 βραχέων
1442 654 1727 695 ἀνακεφαλαιιῖισασθαι
1740 654 1776 684 τὰ

1002 698 1128 738 εἰρημένα
1150 700 1293 740 ἀναγκαῖόν
1318 702 1401 730 ἐστιν.
1429 700 1511 731 Οὕτω
1533 700 1586 740 γὰρ
1608 701 1636 729 αἱ
1664 700 1776 741 μητέρες

1002 750 1120 777 ποιοῦσιν
1132 759 1138 766 ·
1153 749 1258 779 ἐπειδὰν
1273 749 1393 789 ὀπώρας,
1404 748 1422 785 ἢ
1437 747 1639 789 τραγήματα,ἤ
1653 760 1680 778 τι
1690 751 1776 778 τοιοῦ-

1002 809 1046 827 τον
1062 799 1098 831 εἷς
1112 798 1161 828 τὸν
1172 800 1295 830 παιδικὸν
1317 799 1455 839 ἐμὸάλωσι
1467 799 1575 834 κόλπον,
1588 798 1658 828 ὥστε
1681 798 1718 837 μὴ
1741 801 1775 838 τῇ

1003 849 1117 890 ῥᾳθυμίᾳ
1128 851 1181 879 τῶν
1203 850 1316 880 παιδίων
1339 852 1461 881 ἐκπεσεῖν
1477 862 1504 879 τι
1516 851 1569 879 τῶν
1583 850 1709 879 δοθέντων
1724 850 1775 879 αὔ·-

1002 904 1076 938 τοῖς,
1097 901 1298 941 περιστείλασαι
1318 901 1446 931 πάντοθεν
1467 900 1512 930 τὸν
1537 900 1697 941 χιτωνίσκον
1708 901 1777 929 ὕπο»

966 963 986 986 E
1002 950 1128 980 ὅάλλουσι
1142 953 1175 991 effi
1195 955 1243 988 τῆς
1265 951 1349 988 ζώνης
1368 951 1509 992 ἀσφαλείᾳ.
1523 952 1611 981 Τοῦτο
1630 950 1676 980 καὶ
1697 952 1777 989 ἡμεῖς

1002 1002 1168 1041 ποιήσωμεν,
1189 1004 1225 1036 εἷς
1245 1006 1328 1042 μῆκος
1347 1003 1486 1032 ἕνταθέντα
1499 1002 1544 1032 τὸν
1557 1001 1635 1042 λόγον
1645 1000 1778 1041 περιστεί·

1002 1052 1100 1090 λωμεν,
1113 1052 1158 1081 καὶΙ
1172 1054 1205 1092 τῇ
1218 1055 1266 1088 τῆς
1278 1052 1385 1092 μνήμης
1398 1051 1649 1092 παρακαταθώμεθα
1660 1052 1777 1091 φυλακῇ.

1003 1101 1152 1132 Ἠκούσατε
1160 1104 1217 1136 πῶς
1228 1103 1301 1133 οὐδὲν
1314 1106 1385 1143 ἡμᾶς
1393 1103 1458 1143 πρὸς
1471 1102 1593 1137 ἐπίδειξιν
1607 1101 1680 1142 ἁχρὴ
1691 1105 1776 1131 ποιεῖν

1004 1153 1050 1183 καὶ
1067 1154 1148 1184 πόσον
1172 1154 1287 1195 ῥᾳθυμία
1305 1155 1402 1192 κακὸν,
1415 1157 1472 1188 πῶς
1492 1154 1537 1184 καὶ
1558 1154 1604 1183 τὸν
1622 1155 1648 1184 ἐν
1672 1153 1779 1194 ἄκριὸεῖ

1005 1205 1091 1238 ζῶντα
1109 1204 1162 1245 βίῳ
1174 1205 1269 1244 ῥᾳδίως
1282 1205 1464 1237 ὑπεσκέλισεν.
1476 1204 1597 1244 Ἔγνωτι
1613 1203 1699 1240 πόσης
1711 1204 1777 1243 ἧμῑν

1006 1255 1045 1283 δεῖ
1065 1256 1112 1290 τῆς
1133 1256 1263 1290 σπουδῆς,
1281 1255 1325 1284 καὶ
1341 1255 1458 1295 μάλιστα
1477 1255 1544 1296 πρὸς
1566 1254 1634 1286 αὖτόι
1653 1257 1699 1284 τοῦ
1718 1253 1778 1294 βίου

1006 1304 1039 1334 τὰ
1053 1304 1131 1342 τέλη,
1142 1304 1187 1335 καὶ
1202 1308 1258 1340 πῶς
1269 1305 1328 1336 οὔτε
1348 1305 1539 1346 ἀπογινώσκειν
1554 1305 1599 1335 ἐπὶ
1618 1308 1672 1338 τοῖς
1685 1316 1777 1344 παρα-

1006 1354 1134 1394 πτώμασι
1155 1356 1199 1386 τὸν
1214 1356 1456 1396 μεταὸαλλόμενον,
1471 1356 1532 1386 οὔτε
1545 1357 1650 1396 θαῤῥεῖν
1665 1355 1710 1384 ἐπὶ
1723 1358 1780 1387 τοῖς

1007 1406 1197 1446 κατορθώμασι
1221 1407 1266 1436 τὸν
1291 1407 1482 1448 ρᾳθυμησαντα
1502 1406 1566 1447 χρή.
1593 1405 1780 1445 Διελεχθημεν

1006 1506 1106 1538 νέναι*
1116 1508 1181 1548 πρὸς
1192 1508 1226 1538 τὰ
1238 1508 1349 1548 λαμπρὰ
1367 1519 1420 1537 των
1441 1507 1581 1546 σωμάτων,
1596 1506 1641 1536 καὶ
1654 1505 1736 1535 πόσον
1747 1506 1780 1534 ἐκ

1005 1558 1097 1588 τούτου
1123 1559 1215 1596 κακὸν,
1240 1558 1385 1598 ἐδείξαμεν.
1405 1559 1430 1588 Τ
1432 1558 1449 1587 ὰ
1471 1557 1534 1597 περὶ
1555 1555 1679 1589 ἀπονοίας
1703 1557 1777 1595 εἰρη-

1006 1608 1072 1648 μένα
1084 1611 1146 1648 ὑμῖν
1161 1608 1310 1648 μέμνησθε,
1320 1609 1356 1639 τὰ
1362 1609 1423 1650 περὶ
1436 1611 1489 1638 τῶν
1498 1608 1619 1647 πονηρῶν
1631 1606 1778 1646 λογισμῶν.

1006 1661 1100 1689 Ταῦτα
1111 1659 1287 1700 φυλάσσοντες
1301 1659 1517 1701 ἀναχωρήσωμεν
1527 1658 1625 1688 οἶκαδε·
1637 1658 1737 1696 μᾶλλον
1750 1655 1778 1685 δὲ

1006 1713 1092 1740 ταῦτα
1106 1711 1282 1751 φυλάσσοντες
1293 1711 1426 1751 δεξώμεθα
1440 1710 1487 1740 καὶ
1497 1709 1545 1746 τὴν
1559 1706 1722 1748 τελειοτέραν
1731 1709 1778 1736 τοῦ

1006 1761 1088 1790 καλοῦ
1102 1760 1267 1791 διδασκαλου
1271 1761 1435 1801 παραίνεσιν.
1450 1751 1495 1790 Τὰ
1515 1759 1562 1799 μὲν
1576 1759 1627 1800 γὰρ
1646 1758 1779 1798 ἡμέτερα,

1007 1807 1050 1840 οἶα
1069 1811 1100 1840 ἂν
1119 1811 1178 1848 εἴη,
1194 1811 1250 1851 ἔχει
1269 1811 1303 1841 τὰ
1324 1813 1372 1847 τῆς
1395 1811 1516 1846 νεότητος
1535 1810 1680 1849 δείγματον
1695 1808 1729 1838 τὰ
1750 1808 1780 1838 δὲ

1184 1861 1221 1878 ὴ*

1007 1861 1116 1898 τούτου,
1130 1865 1172 1891 οἱα
1208 1874 1239 1891 αν
1253 1875 1270 1901 ῃ
1279 1884 1287 1898 ,
1297 1863 1382 1901 πολιῷ
1394 1862 1560 1900 κεκόσμηται
1570 1862 1608 1900 τῷ
1620 1859 1781 1900 φρονήματι.

1009 1913 1062 1944 Καὶ
1076 1912 1111 1942 τὰ
1126 1913 1173 1952 μὲν
1189 1913 1309 1953 ἡμέτεροι·
1318 1914 1457 1952 προσέοικε
1471 1910 1549 1952 ῥύακι
1571 1910 1687 1951 ῥοιζηδὸν
1701 1921 1779 1950 φερο-

973 1975 990 1997 Β
1008 1963 1092 2003 μένῳ·
1106 1963 1136 1992 τὸ
1147 1964 1175 1992 δὲ
1188 1963 1281 1992 τούτου
1291 1961 1429 2002 προσέοικε
1436 1964 1510 2002 πηγῇ
1523 1961 1659 2000 ποταμοὺς
1671 1960 1780 2000 ἀφιείσῃ

1009 2016 1066 2054 μεθ’
1081 2013 1194 2053 ἡσυχίας
1208 2014 1324 2049 πολλῆς,
1340 2012 1428 2042 ἐλαίου
1453 2013 1552 2051 μᾶλλον
1574 2011 1591 2047 ἢ
1614 2011 1717 2041 ὑδάτων
1732 2023 1779 2050 μι-·

1008 2064 1126 2104 μουμὲνῃ
1144 2065 1188 2094 τὸν
1210 2064 1314 2104 δρόμον.
1329 2062 1472 2102 Δεξώμεθα
1489 2058 1533 2092 ουν
1551 2062 1585 2092 τὰ
1599 2062 1721 2101 νάματα,
1734 2061 1779 2090 ἵνα

1008 2115 1117 2156 γένηται
1141 2118 1168 2145 ἐν
1190 2118 1255 2154 ἡμῖν
1272 2114 1346 2154 πηγὴ
1368 2115 1461 2148 ὕδατος
1482 2114 1626 2153 ἁλλομένου
1650 2115 1687 2147 εἷς
1709 2112 1778 2148 ζωὴν

1010 2165 1129 2195 αἰώνιον·
1143 2168 1174 2201 ἧς
1192 2165 1292 2205 γένοιτο
1313 2164 1414 2198 πάντας
1433 2168 1503 2204 ἡμᾶς
1522 2166 1666 2205 ἐπιτυχεῖν,
1688 2164 1779 2205 χάριτι

1010 2216 1055 2246 καὶ
1069 2214 1252 2256 φιλανθρωπίᾳ
1271 2218 1316 2244 τοῦ
1338 2214 1437 2255 Κυρίου
1451 2216 1528 2254 ἡμων
1543 2215 1632 2251 Ἰησου
1646 2216 1779 2255 Χριστοῦ,

1010 2268 1088 2306 ‘gaso’
1107 2261 1136 2296 οὗ
1163 2267 1202 2306 τῷ
1224 2265 1315 2305 nimpi
1335 2264 1415 2303 τιμὴ,
1430 2264 1475 2294 καὶ
1497 2264 1573 2302 δόξα,
1600 2265 1646 2295 καὶ
1669 2265 1781 2306 κράτος,

1021 2371 1134 2396 Flaviani
1145 2371 1264 2404 episcopi.

1055 2419 1065 2430 c
1083 2410 1217 2435 Conclusio
1235 2411 1271 2435 sic
1290 2409 1396 2435 habetur
1416 2411 1443 2435 in
1462 2418 1512 2435 uno
1528 2409 1623 2436 Codice
1629 2429 1636 2442 ‚
1649 2415 1724 2444 atque
1742 2411 1780 2436 ita

1023 2449 1116 2484 legerat
1126 2451 1253 2476 Erasmus.
1262 2450 1423 2483 Quamquam
1442 2449 1479 2474 hae
1491 2449 1675 2483 conclusiones,
1689 2456 1718 2475 ut.
1725 2451 1777 2483 jam

1023 2488 1082 2513 alibi
1091 2489 1208 2521 diximus,
1215 2487 1249 2514 ad
1260 2488 1419 2514 librariorum
1428 2488 1527 2514 libitum
1538 2495 1566 2515 ut
1574 2489 1709 2523 plurimum
1720 2498 1780 2514 con-

1024 2534 1130 2554 cinnatoe
1142 2534 1207 2554 sunt.
