1890 2826
48 1533 144 1557 Helu-A.
150 1539 159 1556 1
167 1540 175 1556 ι
181 1549 187 1556 .

47 1628 117 1688 Hle.
129 1635 151 1658 7.
167 1635 175 1650 1
182 1644 188 1650 .

216 112 283 146 310

212 194 290 213 causa
306 192 359 212 non
370 181 509 211 difficilem
519 181 611 217 modo,
622 180 670 210 sed
685 180 766 210 otiam
778 191 852 218 eum,
863 180 955 212 brevis

211 241 273 260 cum
296 229 346 267 sit,
371 229 482 268 longum
508 227 605 257 reddit.
635 228 806 268 Quapropter
828 237 881 259 non
904 238 954 257 ex-

210 279 312 319 plicatu
330 277 472 307 difficilem
494 276 574 306 modo
593 275 664 306 dixit
673 298 682 313 ,
702 274 750 305 sed
771 275 851 306 etiam
873 285 953 315 gran-

209 324 286 361 dem,
295 331 322 354 et
345 322 521 363 longitudinis
540 328 565 351 et
576 320 756 353 ,difficultatis
775 332 882 352 causam
901 321 954 351 ad-

204 371 317 411 jiciens,
341 370 450 400 aurium
470 368 692 398 imbecillitatem.
719 368 955 406 Quemadmodum

207 418 279 447 enim
292 417 398 457 aegrotis
410 426 463 446 non
481 414 639 455 apponenda
652 422 692 445 est
711 425 801 446 mensa
814 415 894 446 facile
906 427 955 456 pa-

208 464 311 501 rabilis,
326 463 373 494 sed
391 463 475 493 variis
493 462 588 492 referta
608 461 693 499 cibis,
707 469 738 492 ut
755 462 780 493 si
798 473 868 503 aeger
879 462 954 493 hunc

207 517 331 550 respuat,
345 510 458 540 alterum
473 508 602 548 accipiat,
616 515 642 538 et
649 508 672 539 si
681 508 734 539 hoc
747 519 800 539 non
813 508 952 545 admittat,

205 556 281 586 aliud
297 562 399 591 sumat,
413 555 436 584 si
453 555 526 585 hunc.
540 554 672 595 repellat,
694 555 810 585 alterum
831 554 949 594 deligat,

206 609 238 631 ut
246 603 372 632 varietate
384 601 572 631 difficultatem
585 601 736 639 vincamus,
751 611 782 631 ac
793 600 950 631 diversitate

207 648 363 687 lautitiaque
385 657 482 678 mensae
500 646 583 677 animi
596 646 704 677 fastidio
721 646 876 677 medeamur
889 659 897 677 ι
910 647 948 676 ita

204 704 274 734 saepe
297 694 324 723 in
345 693 470 723 concione
490 692 653 730 faciendum,
667 692 776 732 quando
796 693 947 723 imbecilles

203 751 307 777 sumus.
319 741 398 780 longa
408 739 566 780 apponenda
584 746 623 770 est
639 739 736 777 oratio,
751 740 835 771 variis
848 739 947 770 simili-

202 786 341 816 tudinibus
359 793 386 816 et
401 785 532 825 exemplis
546 785 676 815 instructa
686 808 694 823 ‚
715 792 846 826 apparatu
867 786 948 815 etiam

201 844 231 862 ac
241 832 371 872 periodis,
383 831 498 870 aliisque
509 830 646 861 similibus
656 853 664 869 ,
677 838 708 861 ut
720 842 755 861 ex
766 831 893 861 omnibus
906 831 946 861 fa-

200 879 260 908 cilis
278 878 355 908 nohis
370 878 405 907 sit
421 877 562 909 utiliorum
574 876 705 907 delectus.
721 878 826 908 Verum
843 877 948 907 etiamsi

199 926 308 966 grandis
327 935 415 955 sermo
435 931 503 955 esset
525 925 717 965 explicatuque
738 923 860 954 difficilis
869 947 878 962 ,
893 934 947 954 non

198 980 286 1002 tamen
313 972 431 1013 privavit
460 982 505 1001 eos
529 971 652 1001 doctrina
673 970 708 1000 de
728 970 942 1000 Melchisedeco:

198 1031 259 1050 cum
271 1022 341 1050 enim
360 1020 437 1056 dicit,
450 1019 580 1049 Grandis
592 1025 621 1048 et
631 1018 780 1058 explicatu
801 1017 944 1060 difficilis,

197 1077 289 1096 eorum
299 1066 419 1096 studium
430 1065 539 1101 excitat,
548 1075 581 1094 ne
589 1063 624 1094 ad
632 1063 798 1093 audiendum
807 1065 944 1104 segniores

197 1113 250 1142 sint
263 1125 270 1142 ι
284 1124 347 1142 011111
360 1120 449 1142 autern
461 1122 580 1141 mensam
591 1111 717 1151 apponit,
731 1121 825 1140 eorum
836 1110 943 1141 deside·

197 1159 239 1187 rio
251 1159 427 1199 gratificatur.

236 1209 266 1236 2.
281 1208 338 1236 Hoc
353 1213 379 1235 et
393 1215 440 1235 nos
453 1205 591 1234 faciamus.
615 1203 729 1233 Etiamsi
744 1203 780 1232 ad
793 1203 904 1243 pelagus
917 1210 943 1234 et

196 1252 361 1293 profundum
370 1251 562 1281 sententiarum
574 1250 724 1290 pertingere
734 1259 787 1279 non
796 1250 941 1290 possimus,

196 1309 245 1327 nos
270 1297 433 1327 confidenter
455 1296 523 1326 mari
543 1295 741 1326 committamus
753 1318 761 1333 ‚
773 1306 827 1325 non
845 1296 943 1326 nostris

196 1344 257 1373 freti
269 1343 386 1380 viribus,
402 1342 449 1372 sed
464 1342 550 1382 gratia
566 1342 644 1371 nobis
665 1351 781 1381 superne
793 1340 876 1371 data:
889 1352 943 1371 11011

197 1389 296 1419 fiducia
310 1395 410 1424 nostra,
423 1387 471 1418 sed
483 1388 518 1417 ob
533 1387 677 1417 utilitatem
687 1393 804 1418 vestram
817 1386 884 1416 mari
894 1397 943 1416 nos

196 1435 468 1471 committamus,hac
480 1435 509 1464 in
526 1445 555 1464 re
568 1434 684 1464 Paulum
699 1433 844 1463 imitantes.
860 1433 944 1470 Quod

196 1483 267 1513 enim
276 1492 329 1512 11011
340 1482 488 1522 privaverit
497 1492 542 1511 eos
555 1491 676 1512 sermone
687 1480 722 1511 de
733 1479 942 1518 Melchisedeoo,

196 1529 261 1558 audi
274 1528 423 1566 sequentia.
435 1529 508 1559 Cum
519 1538 583 1567 ergo
592 1526 720 1564 dixisset,
731 1527 779 1556 De
789 1536 848 1566 quo
858 1528 944 1556 nobis

196 1575 318 1616 grandis
330 1580 374 1604 est
386 1584 490 1609 sermo,
502 1579 530 1602 et
544 1573 694 1612 explicatu
710 1572 844 1613 difficilis
852 1595 860 1610 ,
877 1572 943 1602 sub-

195 1621 288 1661 junxit
302 1633 309 1649 :
330 1619 389 1649 Hic
406 1620 484 1649 enim
503 1618 719 1654 Melchisedec,
736 1627 788 1647 rex
804 1619 942 1657 justitiae,

198 1669 326 1707 itemque
336 1676 388 1695 rex
395 1666 492 1695 Salem
500 1688 508 1703 ,
518 1667 553 1694 id
560 1671 602 1694 est
611 1675 662 1694 rex
671 1666 766 1704 pacis,
777 1665 841 1694 sine
849 1671 943 1704 patre,

198 1715 262 1743 sine
271 1718 373 1750 matre,
383 1714 447 1741 sine
458 1712 642 1752 genealogia,
650 1721 744 1750 neque
757 1712 873 1741 initium
885 1711 944 1741 die-

199 1770 263 1790 rum
271 1782 280 1797 ‚
304 1769 398 1799 neque
407 1759 504 1799 finem
526 1759 596 1787 vitoe
617 1758 728 1786 habens
738 1780 746 1794 ,
764 1757 944 1787 assimilatus

200 1811 298 1836 autem
318 1806 397 1835 Filio
405 1827 415 1841 ,
434 1811 530 1834 manet
552 1804 686 1833 sacerdos
707 1804 741 1832 in
759 1810 941 1843 perpetuum.

199 1854 295 1882 Nonne
310 1862 388 1881 aures
408 1858 511 1881 vestras
529 1850 616 1885 feriit,
626 1849 694 1878 dum
713 1848 748 1878 de
768 1849 878 1879 homine
901 1850 942 1880 Ιο-

199 1908 283 1938 quens
293 1897 374 1934 dixit,
385 1897 454 1926 Sine
464 1903 558 1936 patre,
573 1898 636 1925 sine
649 1901 754 1932 matre,
765 1895 828 1924 sine
837 1906 944 1935 genea-

199 1945 295 1986 logia?
306 1943 414 1983 Ecquid
426 1942 499 1979 dico,
509 1942 544 1972 de
557 1942 686 1972 homine?
698 1943 768 1971 Nam
784 1942 807 1971 si
821 1942 855 1972 de
871 1942 943 1972 Filio

197 1991 333 2022 diceretur
341 2013 349 2028 ‚
369 1998 458 2019 annon
478 1999 602 2029 magnam
621 1995 741 2018 moveret
757 1988 942 2027 questionem?

197 2040 268 2069 Nam
278 2038 302 2068 si
310 2037 368 2067 sine
381 2043 466 2076 patre,
480 2035 616 2074 quomodo
623 2035 727 2065 Filius?
736 2035 766 2065 Si
779 2035 836 2065 sine
849 2043 942 2073 matre,

197 2084 332 2124 quomodo
345 2082 529 2122 Unigenitus?
545 2081 635 2111 Filius
647 2080 719 2110 enim
732 2088 834 2120 patrem
845 2082 942 2112 habeat

197 2138 311 2172 oportet,
324 2130 390 2159 alias
402 2139 469 2158 vero
481 2128 555 2157 filius
568 2138 621 2157 non
633 2127 726 2156 fuerit.
739 2127 792 2157 Sed
802 2128 858 2158 sine
867 2136 942 2168 patre

196 2186 223 2208 et
236 2178 294 2208 sine
302 2183 387 2207 matre
400 2182 440 2206 est
450 2175 538 2205 Filius
545 2176 613 2213 Dei;
627 2174 684 2203 sine
696 2181 784 2214 patre,
793 2175 941 2205 secundum

196 2225 338 2260 infernam,
347 2223 404 2253 sine
414 2229 508 2257 matre,
514 2220 663 2250 secundum
675 2231 818 2260 supernam
831 2230 940 2260 genera-

195 2272 304 2301 tionem.
318 2271 389 2300 Nam
399 2279 485 2308 neque
498 2267 526 2297 in
537 2275 607 2297 terra
621 2274 723 2307 patrem
736 2267 842 2304 habuit,
855 2278 940 2307 neque

194 2319 222 2348 in
237 2317 309 2348 caelis
320 2323 442 2346 matrem.
453 2314 521 2344 Sine
531 2314 714 2354 genealogia.
723 2313 841 2343 Audiant
851 2313 882 2351 ii,
892 2314 940 2353 qui

194 2364 369 2395 substantiam
385 2362 443 2402 ejus
460 2361 564 2391 curiose
581 2360 733 2400 explorant.
750 2360 832 2399 Atqui
848 2360 919 2389 illud
930 2383 938 2397 ‚

194 2412 261 2441 Sine
275 2409 463 2450 genealogia,
475 2413 570 2447 putant
581 2406 691 2446 quidam
701 2405 736 2435 de
747 2415 863 2446 superna
880 2405 939 2446 ejus

227 2509 237 2520 θ
255 2499 346 2534 [Scrib.
359 2503 398 2526 κᾶν
410 2503 443 2525 ἐκ.
457 2503 492 2531 μὴ
508 2498 650 2533 manaim-ott]

228 2550 238 2560 ³
255 2539 345 2575 [Scrib.
360 2539 401 2563 hic
412 2544 444 2571 τῷ
456 2541 507 2570 μὲν,
518 2543 543 2561 et
554 2536 619 2561 infra
629 2542 660 2569 τῷ
673 2535 718 2567 δεῖ]

555 113 585 143 S.
611 118 748 143 JOANNIS
772 118 955 143 CHRYSOST.
983 100 1139 143 ARCHiEP.
1165 119 1431 145 CONSTANTINOP-

1010 180 1069 211 οὐδὲ
1092 181 1299 222 δυσερμήνευτον
1322 182 1418 223 ἔφησεν
1439 178 1506 213 εἶναι
1527 183 1615 223 μόνον,
1642 184 1711 214 ἀλλὰ
1734 184 1780 215 καὶ

1010 226 1101 264 πολὺν,
1115 227 1161 258 καὶ
1173 230 1219 257 τοῦ
1235 228 1336 268 μήκους
1346 229 1392 258 καὶ
1403 231 1450 265 τῆς
1461 229 1599 264 δυσκολίας
1613 230 1716 264 ἀναθεὶς
1731 230 1780 267 τὴν

1011 272 1096 303 αἰτίαν
1110 276 1144 314 τῇ
1166 274 1310 315 νωθρότητι
1332 277 1380 312 τῆς
1405 276 1495 311 ἀκοῆς.
1520 276 1648 317 Καθάπερ
1662 276 1714 318 γὰρ
1735 277 1780 307 ἐπὶ

1007 321 1060 349 τῶν
1075 319 1278 360 ἀῤῥωστοόντων
1293 322 1341 350 οὐκ
1352 323 1494 361 ἀναγκαῖον
1505 321 1632 362 σύντομον
1646 323 1692 352 καὶ
1704 325 1781 364 ἐσχε-

1008 365 1151 405 διασμένην
1175 369 1333 407 παραθεῖναι
1358 367 1501 406 τράπεζαν,
1530 368 1599 398 ἀλλὰ
1624 369 1663 398 δεῖ
1689 381 1777 410 παρα-

1008 411 1135 442 σκευάσαι
1157 411 1191 441 τὰ
1205 413 1278 443 σιτία
1292 413 1421 454 διάφορα,
1435 413 1479 443 ἵνα
1492 413 1523 444 ἂν
1538 416 1616 443 τοῦτο
1635 417 1649 444 ὁ
1670 414 1778 454 κάμνων

1008 457 1046 496 μὴ
1067 459 1199 498 βουληθῇ,
1214 459 1244 489 τὸ
1258 458 1346 498 ἕτερον
1358 460 1446 500 λάὸῃ,
1469 461 1484 475 *
1493 462 1600 490 κάκεῖνο
1623 460 1779 500 προσίεται,

1006 504 1036 534 τὸ
1050 504 1116 534 ἄλλο
1140 504 1259 542 δέξηται,
1273 506 1323 536 κᾶν
1345 509 1423 536 τοῦτο
1446 506 1649 547 διακρούσηται,
1668 506 1778 548 θατέρου

1005 550 1182 587 ἐπιλάὸηται,
1197 551 1243 581 καὶ
1257 554 1288 592 τῇ
1302 552 1423 593 ποικιλίᾳ
1434 552 1483 589 τὴν
1505 552 1645 582 δυσκολίαν
1660 552 1778 589 νικήσω-

1006 607 1063 634 μεν,
1076 596 1122 625 καὶ
1135 599 1173 636 τῷ
1184 597 1342 638 πολυτρόπῳ
1357 600 1404 635 τῆς
1415 598 1546 639 τραπέζης
1564 598 1595 628 τὸ
1618 599 1777 639 δυσάρεστον

1004 642 1208 682 θεραπεύσωμεν
1221 645 1269 679 τῆς
1292 643 1413 684 γνώμης·
1425 643 1494 674 οὕτω
1511 644 1640 679 πολλάκις
1663 644 1709 675 καὶ
1731 645 1777 676 ἐπὶ

1003 688 1154 728 ἀκροάσεως
1167 690 1206 719 δεῖ
1220 694 1315 726 ποιεῖν,
1329 690 1392 720 ὅταν
1411 691 1526 724 ἀσθενεῖς
1539 685 1622 730 ὦμεν,
1635 691 1680 721 καὶ
1693 690 1776 721 πολὺν

1001 735 1204 774 παρασκευάσαι
1218 735 1270 776 χρὴ
1291 735 1381 776 λόγον,
1404 736 1450 766 καὶ
1474 736 1596 771 ποικίλας
1622 737 1777 778 παραὸολὰς

1001 782 1046 811 καὶ
1059 782 1264 822 παραδείγματα
1276 782 1384 824 ἔχοντα,
1396 783 1563 817 κατασκευὰς
1572 783 1617 813 καὶ
1629 783 1776 824 περιόδους,

1001 826 1047 857 καὶ
1069 827 1147 869 ἔτερα
1170 828 1257 859 πολλὰ
1270 832 1395 866 τοιαῦτα,
1405 828 1450 859 ἵνα
1462 831 1493 859 ἐκ
1506 830 1612 860 πάντων
1628 830 1705 871 ῥᾳδία
1728 830 1775 870 γί-

1000 885 1078 910 νηται
1090 877 1155 913 ἡμῖν
1169 876 1222 904 τῶν
1244 875 1431 916 συμφερόντων
1447 878 1464 911 ἡ
1486 872 1594 916 αἵρεσιςῖ
1623 876 1700 913 Πλὴν
1713 877 1773 907 ἀλλ’

1000 920 1024 948 εἰ
1037 919 1082 949 καὶ
1095 920 1176 954 πολὺς
1189 922 1204 950 ὁ
1216 920 1292 960 λόγος
1306 921 1352 950 καὶ
1366 921 1587 962 δυσερμήνευτος,
1603 924 1651 952 οὐκ
1663 923 1776 953 ἀπεστέ·

1001 977 1080 1005 ρησεν
1092 989 1098 997 ,
1107 965 1201 1000 αὐτοὺς
1221 969 1268 1003 τῆς
1287 967 1458 1002 διδασκαλίας
1468 971 1514 998 τοῦ
1528 969 1706 1010 Μελχισεδέκ·
1722 970 1773 1000 Ἰτὸ

1000 1013 1048 1051 μὲν
1062 1014 1155 1050 εἰπεῖν,
1170 1013 1259 1047 Πολὺς
1273 1014 1318 1044 καὶ
1330 1014 1551 1055 δυσερμήνευτος,
1563 1016 1715 1053 ἀναστήσας
1726 1019 1772 1047 αὖ·

997 1060 1049 1088 τῶν
1064 1058 1113 1095 τὴν
1127 1059 1254 1095 σπουδὴν,
1268 1058 1311 1089 ἵνα
1326 1059 1364 1099 μὴ
1384 1060 1558 1102 ῥαθυμότεροι
1573 1061 1698 1101 γίνωνται
1711 1063 1774 1104 περὶ

961 1111 980 1135 C
996 1104 1044 1140 τὴν
1065 1104 1191 1145 ἀκρόασιν
1199 1117 1206 1124 ·
1217 1105 1248 1136 τὸ
1267 1105 1295 1135 δὲ
1308 1110 1458 1147 παρασχεῖν
1471 1106 1520 1144 τὴν
1533 1107 1677 1148 τράπεζαν,
1689 1120 1772 1150 χαρι-

996 1150 1108 1190 σάμενος
1119 1152 1206 1181 αὐτῶν
1217 1151 1266 1188 τὴν
1280 1152 1432 1192 ἐπιθυμίαν.

1036 1204 1124 1233 Τοῦτο
1138 1203 1170 1240 δὴ
1191 1204 1237 1234 καὶ
1252 1207 1330 1244 ἡμεῖς
1344 1205 1508 1244 ποιήσωμεν.
1531 1206 1566 1236 Εἴ
1589 1206 1636 1237 καὶ
1656 1206 1723 1247 πρὸς
1741 1208 1773 1239 τὸ

995 1249 1111 1289 πέλαγος
1134 1250 1180 1279 καὶ
1203 1250 1282 1290 βάθος
1293 1254 1347 1281 τῶν
1359 1251 1501 1291 νοημάτων
1516 1253 1706 1293 ἀδυνατοῦμεν,
1719 1266 1771 1284 κα-

996 1295 1207 1335 τατολμήσωμεν
1224 1298 1272 1332 τῆς
1285 1297 1418 1334 Θαλάττης
1427 1319 1436 1333 ,
1449 1300 1478 1328 οὖ
1493 1298 1563 1329 κατὰ
1576 1299 1625 1336 τὴν
1637 1299 1772 1341 ἡμετέραν

997 1340 1116 1380 δύναμιν,
1131 1342 1200 1372 ἀλλὰ
1213 1342 1283 1372 κατὰ
1297 1342 1345 1379 τὴν
1360 1343 1459 1373 ἄνωθεν
1474 1344 1614 1384 διδομένην
1637 1347 1702 1385 ἡμῖν
1716 1346 1771 1387 χά-

998 1399 1037 1427 ριν
1048 1399 1055 1406 ·
1074 1389 1104 1418 οὗ
1124 1388 1167 1417 διὰ
1188 1388 1238 1425 τὴν
1251 1389 1385 1429 ἡμετέραν
1397 1390 1558 1430 παῤῥησίαν,
1581 1391 1651 1421 ἀλλὰ
1665 1392 1709 1422 διὰ
1721 1393 1771 1429 τὴν

996 1435 1070 1472 ὑμῶν
1081 1434 1211 1475 ὠφέλειαν
1226 1435 1474 1475 κατατολμήσωμεν
1495 1437 1544 1472 τῆς
1563 1437 1708 1475 θαλάττης,
1725 1439 1771 1469 καὶ

996 1481 1024 1509 ἐν
1037 1481 1123 1521 τούτῳ
1136 1482 1243 1511 Παῦλον
1259 1481 1426 1521 μιμούμενοι.
1441 1482 1508 1513 Ὅτι
1526 1483 1579 1524 γὰρ
1592 1484 1642 1514 οὐκ
1655 1485 1771 1515 ἀπεστέ-

998 1538 1077 1566 ρησεν
1091 1526 1185 1561 αὐτοὺς
1198 1530 1244 1557 τοῦ
1265 1528 1344 1567 λόγου
1367 1531 1414 1558 τοῦ
1434 1529 1496 1569 περὶ
1515 1529 1560 1560 τὸν
1581 1531 1749 1570 Μελχισεδὲκ
1761 1554 1770 1568 ,

997 1572 1109 1603 ἄκουσον
1135 1575 1188 1603 τῶν
1211 1573 1283 1610 ἑξῆς.
1299 1573 1393 1604 Εἰπὼν
1413 1577 1486 1615 γοῦν,
1509 1575 1578 1615 Περὶ
1598 1573 1628 1606 οὗ
1652 1577 1734 1612 πολὺς
1755 1580 1771 1608 ὁ

996 1618 1073 1658 λόγος
1094 1618 1140 1649 καὶ
1161 1620 1385 1660 δυσερμήνευτος,
1404 1621 1555 1661 ἐπήγαγεν·
1576 1617 1663 1657 Οὗτος
1683 1623 1735 1664 γὰρ
1755 1626 1771 1654 ὁ

963 1668 982 1691 D
998 1664 1165 1705 Μελχισεδὲκ
1187 1664 1332 1705 ι’βασιλεὺς
1347 1667 1531 1704 δικαιοσύνης,
1555 1667 1647 1698 ἔπειτα
1673 1669 1700 1699 δὲ
1724 1670 1771 1700 καὶ

998 1711 1120 1752 βασιλεὺς
1133 1711 1242 1751 Σαλὴμ,
1256 1712 1271 1742 8
1285 1714 1366 1749 ἐστιν,
1384 1713 1507 1753 βασιλεὺς
1518 1714 1634 1754 εἰρήνης,
1647 1715 1769 1757 ἀπάτωρ,

996 1758 1108 1798 ἀμήτωρ
1117 1780 1125 1794 ,
1137 1758 1345 1798 ἀγενεαλόγητος
1355 1781 1364 1795 ,
1380 1760 1448 1799 μήτε
1462 1761 1549 1801 ἆρχὴν
1564 1763 1672 1802 ἡμερῶν
1687 1762 1767 1802 ἔχων,

997 1804 1065 1843 μήτε
1077 1803 1151 1838 τέλος
1163 1806 1241 1842 ζωῆς,
1252 1805 1458 1845 ἀφωμοιωμένος
1470 1806 1497 1836 δὲ
1509 1809 1548 1847 τῷ
1559 1808 1617 1848 Υἶῷ
1630 1811 1677 1838 τοῦ
1687 1810 1769 1845 Θεοῦ,

997 1848 1070 1887 μένει
1081 1848 1165 1889 ἱερεὺς
1179 1851 1216 1883 εἰς
1237 1850 1267 1880 τὸ
1285 1851 1412 1887 διηνεκές.
1426 1846 1484 1892 ’Ἆρ’
1497 1853 1526 1882 οὖ
1539 1852 1680 1887 κατίξανεν
1695 1856 1768 1893 ὑμῶν

995 1895 1042 1928 τὰς
1056 1895 1151 1932 ἀκοὰς,
1165 1895 1227 1936 περὶ
1242 1896 1380 1936 ἀνθρώπου
1394 1897 1577 1937 διαλεγόμενος
1598 1899 1644 1928 καὶ
1665 1899 1750 1939 λέγων
1759 1923 1768 1936 ,

995 1941 1117 1982 Ἀπάτωρ
1127 1963 1135 1977 ,
1146 1941 1258 1982 ἀμήτωρ
1266 1964 1274 1979 ,
1288 1942 1508 1982 ἀγενεαλόγητος;
1520 1944 1574 1974 Καὶ
1586 1944 1613 1974 τί
1623 1945 1693 1984 λέγω
1706 1946 1769 1987 περὶ

996 1987 1149 2028 ἀνθρώπως
1164 1989 1198 2017 Ei
1212 1988 1263 2028 γὰρ
1278 1988 1339 2028 περὶ
1352 1992 1398 2018 τοῦ
1413 1990 1479 2019 riou
1493 1989 1598 2030 λέγοιτο
1612 1994 1704 2029 τοῦτο,
1719 1993 1768 2022 οὐκ

996 2034 1028 2063 ἂν
1039 2033 1140 2070 πολλὴν
1154 2034 1199 2063 καὶ
1210 2034 1292 2068 οὕτως
1303 2034 1430 2075 παράσχῃ
1445 2035 1553 2071 ζήτησιν
1563 2049 1571 2074 ;
1585 2038 1620 2067 Εἰ
1632 2037 1684 2078 γὰρ
1695 2039 1769 2068 α’πά-

995 2092 1050 2121 τωρ
1060 2102 1068 2116 ,
1082 2082 1139 2114 πῶς
1153 2080 1230 2117 Υἱός,
1247 2082 1280 2111 Εἰ
1294 2081 1321 2110 δὲ
1336 2081 1448 2122 ἀμήτωρ
1457 2104 1465 2119 ,
1480 2085 1538 2116 πῶς
1551 2085 1721 2124 Μονογενής;
1733 2085 1768 2116 Ὁ

961 2135 979 2158 Ε
995 2126 1046 2167 γὰρ
1057 2127 1110 2160 υἱὸς
1124 2126 1224 2167 ὀφείλει
1237 2127 1340 2167 πατέρα
1353 2127 1434 2168 ἔχειν,
1457 2128 1515 2158 ἐπεὶ
1528 2130 1576 2159 οὐκ
1592 2129 1623 2160 ἂν
1643 2131 1685 2167 εἴη
1704 2132 1768 2166 υἱός.

995 2173 1075 2204 Ἀλλὰ
1089 2173 1134 2203 καὶ
1148 2173 1260 2214 ἀπάτωρ
1273 2174 1344 2203 ἐστὶν
1358 2176 1372 2204 ὁ
1387 2175 1450 2208 Υἱὸς
1464 2178 1510 2204 τοῦ
1525 2177 1596 2206 Θεοῦ
1605 2197 1614 2212 ,
1633 2177 1678 2208 καὶ
1697 2179 1767 2218 ἀμή-

993 2232 1048 2260 τωρ
1057 2231 1064 2238 ·
1080 2219 1191 2259 ἀπάτωρ
1212 2219 1261 2256 τὴν
1274 2219 1349 2250 κάτω
1363 2220 1494 2260 γέννησιν,
1508 2221 1621 2263 ἀμήτωρ
1639 2222 1689 2259 τὴν
1703 2224 1767 2254 ἄνω.

993 2265 1064 2296 Οὔτε
1079 2265 1131 2306 γὰρ
1150 2265 1194 2295 ἐπὶ
1207 2268 1256 2305 γῆς
1278 2266 1355 2306 ἔσχεν
1369 2266 1489 2307 πατέρα,
1512 2267 1572 2298 οὔτε
1594 2270 1622 2298 ἐν
1648 2271 1767 2309 οὐρανοῖς

994 2312 1106 2353 μητέρα.
1122 2312 1345 2352 Ἀγενεαλόγητος.
1367 2312 1546 2344 Ἀκουέτωσαν
1560 2315 1585 2344 ot
1603 2316 1653 2351 τὴν
1674 2316 1765 2346 οὐσίαν

993 2360 1073 2388 αὐτοῦ
1093 2359 1384 2398 πολυπραγμονοῦντες.
1406 2359 1502 2389 Καίτοι
1525 2359 1593 2394 τινὲς
1615 2361 1764 2400 νομίζουσιν

993 2404 1033 2434 ὅτι
1044 2405 1075 2435 τὸ
1088 2404 1304 2445 Ἀγενεαλόγητος
1316 2407 1395 2434 τοῦτο
1403 2427 1412 2442 ,
1423 2405 1544 2446 περὶτῆς
1553 2405 1607 2436 ἄνω
1618 2406 1765 2445 γεννήσεως

1033 2497 1047 2515 ¹·
1064 2497 1123 2521 Haec
1140 2496 1229 2522 vitium
1247 2505 1277 2522 ac
1289 2498 1462 2530 repetitionem
1479 2497 1615 2532 quamdam
1626 2507 1678 2532 prae
1688 2507 1715 2525 se
1727 2499 1764 2525 fe-

1001 2541 1068 2561 runt.
