1890 2826
215 144 285 189 574

214 225 260 254 per
273 212 422 247 diluvium,
431 218 457 240 et
464 211 540 252 jubet
550 221 639 239 arcam
650 217 815 246 construere,
824 217 955 241 trecento-

216 271 276 289 rum
285 259 440 288 cubitorum
453 256 634 297 longitudine,
649 256 844 297 quinquaginta
854 257 960 287 cubito-

214 317 275 335 rum
284 305 437 342 latitudine,
444 311 470 334 et
481 304 590 343 triginta
600 303 754 334 cubitorum
763 303 914 334 altitudine.
919 305 959 334 Ut

553 150 583 173 S.
610 149 752 173 JOANNIS
776 149 1127 173 CHRYSOST.ARGH1EP.
1155 149 1431 173 CONSTANTINOP.

1010 213 1056 240 τοῦ
1078 210 1155 240 Κᾶϊν.
1173 210 1304 251 Προλέγει
1320 213 1335 240 ὁ
1353 210 1426 244 Θεὸς
1441 211 1479 250 τῷ
1493 210 1556 240 Νῶε
1568 209 1617 246 τὴν
1635 209 1785 249 μέλλουσαν

1009 259 1062 286 τῶν
1077 257 1222 297 ἀνθρώπων
1236 257 1370 287 ἀπώλειαν
1391 256 1435 285 διὰ
1454 259 1500 285 τοῦ
1518 257 1725 296 κατακλυσμοῦ,
1739 256 1785 286 καὶ

1009 307 1132 344 παραινεῖ
1151 305 1261 339 ποιῆσαι
1281 303 1330 339 τὴν
1352 299 1475 339 κιὸωτὸν,
1494 303 1651 343 τριακοσίων
1674 302 1785 342 πήχεων

214 359 304 382 autem
323 352 458 391 ingressus
478 357 516 379 est
534 349 561 378 in
575 360 676 387 arcam,
691 349 800 379 advenit
819 349 956 381 diluvium
973 350 992 374 Ι)
1008 350 1039 380 τὸ
1054 352 1138 389 μῆκος
1148 372 1156 387 ,
1169 349 1334 386 πεντήκοντα
1345 349 1455 389 πήχεων
1469 349 1499 378 τὸ
1510 348 1625 385 πλάτος,
1641 349 1785 389 τριάκοντα

214 398 389 439 quadraginta
403 397 498 426 diebus
519 403 546 426 et
557 395 733 436 quadraginta
749 397 882 426 noctibus.
897 397 957 427 Ob-

214 445 296 474 tinuit
310 455 379 483 aqua
398 450 505 474 centum
527 442 724 482 quinquaginta
737 443 843 473 diebus.
861 445 954 484 Appa-

214 498 327 520 ruerunt
343 497 431 519 autem
449 489 587 518 cacumina
600 488 733 519 montium
746 490 835 530 primo
847 489 893 519 die
906 489 957 519 de-

214 538 278 567 cimi
289 537 395 567 mensis.
408 537 444 566 Et
455 542 516 576 post
529 535 706 575 quadraginta
720 535 777 566 dies
790 537 879 566 emisit
892 547 955 566 cor-

214 595 288 621 vum,
302 584 348 623 qui
367 593 420 612 non
439 593 563 612 reversus
584 589 644 612 est:
659 589 685 612 et
703 589 763 623 post
784 590 882 623 septem
897 583 956 613 dies

214 631 301 661 emisit
318 630 482 666 columbam,
497 640 557 669 quae
574 640 679 659 reversa
697 635 736 659 est
755 640 863 659 ramum
877 630 956 661 olivae

215 684 328 717 gestans.
347 676 464 706 Jubetur
482 686 496 704 a
515 677 573 705 Deo
595 676 653 705 Noe
673 674 764 714 egredi
781 686 815 705 ex
828 687 890 705 arca
905 689 912 705 z
929 683 957 707 et

213 734 335 763 egressus
344 724 401 752 Deo
413 722 584 758 sacrificavit,
591 729 617 751 et
627 721 783 751 benedictus
796 729 835 752 est
849 733 911 752 cum
922 722 955 752 fi-

213 770 258 799 liis
279 769 346 799 suis.
370 768 533 808 Accepitque
551 768 756 809 promissionem
778 779 794 798 a
816 770 885 804 Deo,
901 779 955 798 non

1007 396 1116 437 πήχεων
1138 396 1169 426 τὸ
1186 396 1260 436 ὕψος.
1277 395 1325 429 Ὡς
1345 396 1372 425 δὲ
1395 396 1515 431 εἷο-ἢλθεν
1536 397 1572 428 εἰς
1592 395 1641 431 τὴν
1662 394 1785 430 κιὸωτὸν,

1006 443 1114 483 ἐφέρετο
1139 444 1154 472 ὁ
1182 441 1369 481 κατακλυσμὸς
1393 441 1592 481 τεσσαράκοντα
1616 441 1718 481 ἡμέρας
1739 441 1785 470 καὶ

1005 488 1203 528 τεσσαράκοντα
1215 487 1319 522 νύκτας.
1335 487 1467 518 Ἐνεδίδου
1481 487 1509 517 δὲ
1520 486 1550 516 τὸ
1564 487 1633 527 ὕδωρ
1645 487 1713 525 μετὰ
1726 488 1786 516 ἑκα-

1005 535 1050 564 τὸν
1063 534 1229 570 πεντήκοντα
1241 533 1353 574 ἡμέρας.
1368 534 1508 574 Ὤφθησαν
1523 533 1550 562 δὲ
1565 535 1592 562 αἱ
1606 532 1718 573 κορυφαὶ
1732 534 1785 561 τῶν

1005 580 1086 621 ὀρέων
1100 579 1194 620 πρώτῃ
1209 579 1222 596 ‘¹
1231 582 1277 609 τοῦ
1300 579 1411 609 δεκάτου
1433 579 1524 618 μηνός.
1539 579 1594 609 Καὶ
1607 579 1675 618 μετὰ
1688 590 1785 608 τεσσα-

1007 627 1120 667 ράκοντα
1133 626 1235 666 ἡμέρας
1249 625 1392 655 ἀπέστειλε
1405 626 1450 656 τὸν
1463 626 1565 666 κόρακα
1575 647 1583 662 ,
1598 626 1643 656 καὶ
1655 626 1706 666 οὐχ
1719 625 1787 655 ὑπέ-

1006 675 1102 714 στρεψε
1115 685 1121 691 ·
1136 672 1182 702 καὶ
1206 671 1274 710 μετὰ
1287 671 1356 701 ἑπτὰ
1369 671 1471 712 ἡμέρας
1485 671 1627 701 ἀπέστειλε
1639 671 1688 708 τὴν
1707 683 1787 711 περι-

1006 720 1102 760 στερὰν
1111 741 1119 756 ,
1147 718 1193 748 καὶ
1222 717 1370 758 ὑπέστρεψε
1394 718 1489 748 θάλλον
1515 717 1606 751 ἐλαίας
1628 716 1784 757 κομίζουσα.

1005 765 1151 795 Κελεύεται
1173 764 1225 794 ὑπὸ
1250 767 1296 793 τοῦ
1321 765 1392 794 Θεοῦ
1416 767 1430 794 ὁ
1455 765 1517 794 Νῶε
1543 763 1656 798 ἐξελθεῖν
1678 765 1710 793 ἐκ
1735 765 1786 798 τῆς

214 816 284 845 ultra
310 816 428 845 futuram
453 814 609 856 hujusmodi
639 814 784 855 perniciem
814 814 956 845 hominum
970 822 989 845 Ε
1006 812 1120 841 κιὸωτοῦ
1132 823 1138 830 ·
1161 811 1205 840 καὶ
1225 810 1334 845 ἐξελθὼν
1347 810 1422 840 ἔθυσε
1442 812 1480 850 τῷ
1499 806 1572 850 Θεῷ,
1593 810 1639 839 καὶ
1653 809 1785 849 εὖλογήθη

213 873 261 902 per
280 861 428 892 diluvium.
444 863 537 891 Postea
549 871 612 890 vero
631 861 710 891 Semo
731 859 843 899 quidem
863 867 890 890 et
910 862 957 891 Ja-

212 908 293 948 pheto
316 907 462 943 benedicit,
489 906 627 936 maledicit
652 913 741 935 autem
767 905 956 944 Chanaanum,

212 954 275 993 quia
298 961 374 994 pater
388 955 445 993 ejus
464 953 550 983 Cham
562 952 726 982 revelaverat
744 951 893 981 nuditatem
909 963 957 992 pa-

963 977 1001 996 sm

1007 857 1075 897 μετὰ
1091 859 1144 887 τῶν
1155 859 1218 887 υἱῶν
1239 857 1328 886 αὐτοῦ.
1349 856 1402 886 Καὶ
1423 856 1518 886 ἔλαὸεν
1539 856 1698 896 ἐπαγγελίαν
1711 855 1786 896 παρὰ

1007 907 1053 932 τοῦ
1070 905 1151 940 Θεοῦ,
1166 902 1235 933 ὥστε
1256 902 1352 941 μηκέτι
1373 902 1494 942 γενέσθαι
1507 901 1632 938 τοιαύτην
1649 901 1784 931 ἀπώλειαν

1010 949 1154 990 ἀνθρώπων
1166 949 1209 979 διὰ
1219 952 1264 978 τοῦ
1278 950 1478 987 κατακλυσμοῦ.
1492 948 1545 978 Καὶ
1558 948 1626 987 μετὰ
1643 951 1728 977 ταῦτα
1745 948 1786 977 εὗ-

212 1000 272 1029 tris.
297 999 454 1030 Maledictio
477 1006 566 1028 autem
591 998 640 1027 illa
661 1005 787 1028 eventum
812 997 909 1027 hahuit
929 998 958 1027 in
973 1005 992 1028 Α
1010 997 1082 1035 λογεῖ
1095 995 1143 1034 μὲν
1157 994 1202 1024 τὸν
1217 994 1282 1032 Σὴμ
1295 994 1397 1024 καὶτὸν
1411 994 1517 1035 Ἰάφεθ,
1535 999 1684 1035 καταρᾶται
1697 993 1725 1023 δὲ
1740 993 1785 1023 τὸν

214 1045 389 1084 Gabaoniti53
402 1046 456 1074 imo
477 1045 568 1085 potius
593 1044 682 1084 specie
708 1043 818 1083 quidem
844 1043 958 1073 maledi-

214 1092 267 1121 ctio
285 1099 340 1121 erat
351 1115 358 1128 ‚
373 1091 421 1120 sed
433 1101 526 1120 revera
547 1090 699 1131 prophetia.
715 1090 785 1120 Hinc
807 1097 958 1129 sequuntur

214 1138 261 1176 qui
274 1148 308 1166 ex
317 1139 376 1167 Noe'
387 1137 439 1166 orti
451 1143 513 1167 sunt
527 1147 611 1175 usque
625 1136 659 1165 ad
668 1136 777 1174 Phalec,
787 1136 835 1176 qui
845 1137 896 1166 hoc
909 1146 958 1165 no-

215 1194 275 1213 men
292 1184 401 1213 sortitus
421 1190 470 1218 est,
486 1183 550 1222 quia
571 1183 629 1222 ejus
654 1189 776 1222 tempore
794 1183 883 1212 divisa
907 1182 959 1212 fuit

215 1237 294 1260 terra.
308 1231 387 1260 Tunc
399 1230 471 1259 enim
484 1229 583 1259 turrim
602 1228 780 1266 aedificarunt,
796 1229 868 1258 unde
883 1229 959 1259 locus

215 1276 337 1316 Babylon
351 1283 390 1305 est
402 1275 563 1316 appellatus,
578 1274 651 1314 quod
665 1274 874 1315 Confusionem
882 1275 961 1314 signi·

216 1322 287 1357 ficar,
301 1322 364 1361 quia
378 1322 435 1351 illic
457 1322 573 1352 confusae
587 1328 650 1351 sunt
670 1320 770 1360 linguae
785 1331 889 1349 eorum.
906 1322 960 1350 Pa-

216 1376 257 1398 ter
269 1376 358 1398 autem
378 1368 485 1398 Phaleei
506 1368 596 1398 Heber
612 1367 713 1397 dicitur
727 1377 780 1396 non
799 1367 962 1397 consensisse

218 1426 280 1445 cum
300 1416 403 1445 caeteris
421 1414 491 1444 circa
511 1413 715 1443 aedificationem
731 1413 831 1448 turris;
848 1412 962 1452 ideoque

218 1462 271 1502 ipsi
283 1462 419 1501 loquelam
439 1472 492 1491 non
509 1467 639 1490 mutatam
660 1460 753 1496 fuisse,
768 1459 817 1489 sed
835 1459 963 1490 mansisse

218 1509 298 1538 illum
312 1519 374 1538 cum
388 1507 489 1547 integra
499 1518 547 1536 sua
559 1506 685 1542 dialecto,
698 1515 758 1544 quae
772 1505 806 1534 ab
820 1505 868 1535 illo
880 1505 963 1535 deno-

1009 1041 1128 1078 Χαναὰν,
1148 1040 1239 1077 ἐπειδὴ
1254 1043 1268 1070 ὁ
1282 1040 1372 1080 πατὴρ
1390 1041 1469 1070 αὐτοῦ
1491 1040 1558 1079 Χὰμ
1573 1040 1659 1075 ἐξεῖπε
1676 1039 1724 1076 τὴν
1735 1040 1787 1080 γύ-

1011 1099 1109 1126 μνωσιν
1121 1089 1167 1116 τοῦ
1180 1086 1289 1127 πατρός.
1301 1089 1312 1102 ’
1321 1085 1458 1116 Ἐκὸαίνει
1473 1086 1500 1115 δὲ
1518 1088 1536 1122 ἡ
1554 1085 1659 1126 κατάρα
1676 1085 1721 1116 ἐπὶ
1734 1087 1787 1115 τῶν

1010 1133 1180 1164 Γαὸαονιτῶν
1195 1145 1201 1152 ·
1218 1133 1318 1173 μᾶλλον
1339 1132 1367 1162 δὲ
1388 1132 1537 1172 πρόσχημα
1552 1132 1600 1171 μὲν
1613 1131 1730 1172 κατάρας
1745 1127 1788 1169 ἦν,

1009 1181 1039 1210 τὸ
1061 1181 1088 1210 δὲ
1111 1180 1206 1216 ἀληθὲς
1226 1178 1382 1219 προφητεία.
1404 1180 1440 1208 Οἱ
1461 1179 1514 1208 ἀπὸ
1536 1181 1582 1208 τοῦ
1597 1180 1658 1209 Νῶε
1679 1178 1728 1212 ἕως
1741 1182 1787 1208 τοῦ

1010 1226 1104 1257 Φαλὲκ
1113 1247 1121 1261 ,
1134 1225 1162 1259 ὃς
1173 1225 1226 1256 ἀπὸ
1240 1229 1285 1254 τοῦ
1298 1227 1456 1265 μερισθῆναι
1470 1226 1511 1254 ἐπ’
1525 1226 1604 1254 αὐτοῦ
1615 1224 1663 1260 τὴν
1675 1227 1725 1264 γῆν
1738 1224 1787 1260 τὴν

1010 1271 1190 1312 προσηγορίαν
1211 1271 1290 1300 ἔλαὸε
1319 1270 1428 1306 ταύτην.
1453 1270 1523 1300 Τότε
1546 1270 1599 1311 γὰρ
1620 1270 1666 1300 τὸν
1687 1270 1787 1311 πύργον

1010 1317 1195 1358 ᾠκοδόμησαν,
1216 1317 1273 1347 ὅθεν
1291 1316 1337 1346 καὶ
1360 1318 1374 1345 ὃ
1400 1316 1478 1350 τόπος
1501 1317 1629 1346 Βαὸυλὼν
1651 1327 1789 1357 προσηγο-

1012 1365 1090 1405 ρεύθη
1101 1386 1109 1400 ,
1131 1364 1146 1393 δ’
1164 1365 1222 1394 ἔστι
1243 1363 1395 1404 Σύγχυσις,
1419 1362 1510 1399 ἐπειδὴ
1530 1364 1586 1392 ἐκεῖ
1608 1363 1788 1404 συνεχύθησαν

1012 1413 1097 1441 αὐτῶν
1113 1413 1140 1440 αἱ
1158 1412 1289 1449 γλῶσσαι.
1305 1409 1359 1440 Τὸν
1375 1409 1403 1439 δὲ
1417 1409 1521 1449 πατέρα
1540 1412 1586 1439 τοῦ
1610 1409 1706 1439 Φαλὲκ
1719 1409 1733 1426 ¹²
1743 1409 1788 1439 τὸν

1010 1456 1096 1497 εἘὅερ
1117 1456 1193 1496 λόγος
1207 1456 1263 1497 ἔχει
1286 1455 1323 1496 μὴ
1339 1458 1484 1495 ὁμονοῆσαι
1498 1461 1552 1489 τοῖς
1566 1456 1669 1489 λοιποῖς
1687 1457 1723 1489 εἷς
1738 1455 1787 1492 τὴν

1011 1506 1057 1532 τοῦ
1069 1502 1169 1543 πύργου
1184 1502 1335 1541 οἰκοδομὴν,
1347 1502 1392 1532 καὶ
1406 1501 1449 1532 διὰ
1460 1504 1538 1532 τοῦτο
1550 1503 1622 1542 αὐτῷ
1633 1501 1682 1538 τὴν
1692 1501 1788 1531 λαλιὰν

219 1555 392 1584 minationem
413 1554 506 1584 sortita
525 1553 570 1582 sit.
581 1554 651 1583 Nam
668 1563 730 1582 cum
753 1552 800 1582 ille
812 1552 901 1582 Heber
914 1563 964 1582 vo·
978 1554 997 1577 B
1014 1549 1051 1588 μὴ
1071 1550 1249 1589 ἀμειφθῆναῑ,
1265 1548 1334 1579 ἀλλὰ
1350 1553 1436 1587 μεῖναι
1460 1549 1538 1578 αὐτὸν
1555 1548 1678 1588 ἀκέραιον
1692 1548 1788 1588 ἔχοντα

221 1601 400 1637 metui-‚haec
413 1601 544 1631 Hebra'i'ca
558 1598 692 1639 appellata
705 1605 761 1628 est:
771 1598 846 1637 quod
858 1598 965 1638 signum

219 1654 260 1676 est
273 1647 422 1676 maximum
433 1646 593 1676 Hebra‘icam
607 1654 664 1674 esse
677 1644 798 1673 omnium
812 1644 968 1684 linguarum

221 1695 445 1732 antiquissimam.
469 1695 620 1731 Antequam
647 1691 719 1720 enim
741 1691 967 1721 confunderentur

221 1741 331 1780 linguae,
345 1741 396 1770 hac
415 1750 505 1770 omnes
519 1739 672 1768 utebantur.
681 1739 732 1768 Est
744 1745 833 1767 autem
852 1738 898 1768 hic
908 1739 966 1768 He-

221 1788 270 1817 ber
287 1788 356 1817 inter
374 1787 488 1827 majores
512 1785 636 1815 Abrahae.
655 1784 774 1814 Assumit
786 1784 967 1825 Thura-pater

223 1835 349 1870 Abrahae,
364 1833 436 1862 filios
455 1843 518 1862 suos
537 1832 673 1861 Abraham
684 1838 709 1860 et
722 1831 832 1862 Nachor
843 1837 868 1860 et
881 1842 965 1871 nepo-

223 1890 276 1911 tem
290 1891 370 1910 suum
388 1882 449 1915 Lot,
464 1886 490 1908 et
500 1878 574 1908 venit
586 1878 613 1906 in
623 1877 757 1915 Charran,
773 1877 801 1907 in
815 1877 904 1907 animo
917 1878 951 1907 ba
960 1897 966 1900 -

222 1928 289 1957 bens
310 1926 372 1955 inde
386 1924 519 1965 proficisci
538 1923 567 1952 in
579 1930 678 1952 terram
692 1922 912 1952 Chananaeorum.
927 1924 966 1953 11-

225 1974 306 2013 loque
324 1979 430 2002 mortuo
442 1971 469 2000 in
493 1970 626 2007 Gharran,
642 1968 754 2009 jubetur
767 1980 783 1998 a
796 1971 854 1999 Deo
873 1970 965 2000 Abra-

259 2051 270 2066 ‘¹
288 2053 319 2076 In
331 2049 484 2075 Coisliniano
496 2046 561 2072 male
572 2050 612 2073 τοῦ
623 2049 727 2081 δευτέρου
738 2053 816 2080 μηνός.

259 2100 270 2111 ²¹
286 2090 389 2117 ἐκὸαἱνει
401 2092 424 2114 δὲ
436 2093 450 2118 ἡ
462 2092 553 2122 κατάρα
564 2090 600 2122 &qi
609 2094 654 2113 τῶν
665 2090 813 2113 Γαὸαονιτῶν.
821 2088 985 2112 Commenta-

227 2132 266 2156 rio
276 2132 304 2155 in
315 2130 407 2154 Isaiam
419 2126 452 2152 ad
464 2135 520 2159 cap.
534 2127 559 2157 2,
571 2134 642 2151 versu
655 2126 678 2156 l,
691 2125 744 2150 haec
756 2127 809 2158 ipsa
820 2127 855 2151 sic
867 2126 985 2159 exprimit

227 2169 437 2204 Chrysostomus:
454 2169 478 2193 οὗ
496 2171 542 2199 μὴν
558 2167 607 2191 οὐδὲ
626 2169 667 2195 τὴν
685 2170 742 2200 ἀρὰν
761 2168 918 2196 διαπεσοῦσαν,
932 2170 984 2193 ἀλλ’

229 2214 265 2237 ἐπὶ
282 2215 327 2236 τῶν
340 2211 480 2235 sagatos-(reihe
498 2208 609 2231 λαθοῦσαν
626 2209 652 2231 τὸ
668 2207 732 2234 τέλος
747 2211 791 2231 τῶν
808 2209 832 2231 ἐκ
843 2210 883 2231 τοῦ
895 2211 985 2233 Χαναὰν

229 2254 359 2289 γεγονότων.
370 2250 413 2272 Καὶ
422 2250 466 2281 γὰρ
478 2249 500 2271 ἐν
511 2248 573 2274 τάξει
583 2248 639 2278 ἀρᾶς
649 2247 775 2278 προφητεία
786 2248 811 2270 τὸ
822 2247 939 2278 λεγόμενον
949 2249 983 2277 ἦν,

228 2290 322 2322 Neque
334 2288 410 2311 etiam
421 2285 620 2310 maledictionem
636 2282 770 2313 excidisse,
781 2283 827 2307 sed
841 2284 867 2307 in
881 2284 985 2308 Gabao-

229 2329 290 2352 nilis
299 2336 330 2352 ex
339 2325 483 2351 Chanaano
492 2325 552 2348 ortis
554 2322 640 2356 finem
652 2323 786 2355 accepisse.
795 2322 868 2348 Nam
881 2323 908 2348 id
918 2324 987 2357 quod

229 2366 359 2391 dicebatur
366 2363 500 2399 prophetia
510 2368 565 2387 erat
572 2383 579 2394 ,
592 2361 779 2386 maledictionis
776 2362 865 2395 Jorma
874 2362 984 2395 prolata.

230 2407 292 2437 Quae
304 2405 426 2438 ipsissima
438 2403 479 2428 hic
491 2409 589 2435 quoque
601 2400 724 2425 habentur
738 2409 744 2423 :
755 2399 822 2424 unde
833 2399 936 2433 probari
949 2403 987 2426 vi-

230 2445 319 2470 deatur
331 2444 381 2469 hoc
393 2451 456 2475 opus
465 2440 640 2475 Chrysostomi
651 2447 711 2464 esse.
725 2440 780 2464 Hoc
792 2440 873 2471 ipsum
885 2449 945 2466 vero
957 2441 989 2466 de

229 2484 378 2510 Gabaonitis
394 2483 430 2507 ait
444 2482 520 2506 etiam
536 2479 600 2505 infra
618 2480 644 2503 in
662 2479 771 2512 Synopsi
781 2477 839 2503 libri
853 2479 926 2512 Jesu,
937 2481 988 2504 sive

228 2525 312 2549 Josue.
323 2524 354 2547 In
366 2521 488 2546 Vossiano
497 2519 586 2553 legitur
602 2522 639 2545 ἐπὶ
650 2520 701 2547 τοὺς
710 2521 853 2547 Γαὸαονίτας.

261 2564 275 2582 b
292 2564 328 2587 De
339 2561 439 2587 Hebero
447 2560 497 2585 hoe
506 2560 582 2585 etiam
594 2566 668 2591 supra
677 2556 741 2582 dixit
751 2558 778 2583 in
786 2561 929 2592 Προθεωρὶᾳ.

1012 1594 1062 1630 τὴν
1083 1594 1230 1631 διάλεκτον,
1254 1594 1300 1624 καὶ
1315 1596 1361 1624 ἀπ’
1381 1596 1460 1624 αὐτοῦ
1471 1594 1520 1631 τὴν
1535 1594 1686 1634 ἐπωνυμίαν
1707 1594 1789 1630 αὐτὴν

1012 1641 1136 1670 λαὸεἶν.“
1158 1640 1244 1681 εΈὸερ
1269 1640 1321 1681 γὰρ
1345 1640 1444 1670 ἐκείνου
1470 1639 1632 1680 καλουμένου
1645 1662 1653 1676 ,
1681 1640 1792 1680 Ἐὕραῒς

1015 1687 1082 1723 αὕτη
1097 1686 1241 1723 κέκληται,
1256 1687 1270 1717 ὃ
1283 1687 1328 1717 καὶ
1346 1687 1455 1726 σημεῖόν
1470 1689 1527 1717 ἐστι
1542 1687 1665 1727 μέγιστον
1676 1691 1723 1717 τοῦ
1738 1699 1792 1717 πα-

1016 1735 1068 1763 σῶν
1093 1735 1145 1763 τῶν
1168 1735 1267 1763 λαλιῶν
1289 1733 1471 1774 πρεσὸυτέροιν
1493 1729 1560 1763 εἶναι
1580 1733 1630 1770 τὴν
1651 1733 1791 1774 Ἓὸραΐδα·

1015 1779 1084 1819 Πρὶν
1107 1778 1158 1819 γὰρ
1182 1782 1347 1819 συγχυθῆναι
1364 1779 1412 1813 τὰς
1429 1779 1570 1819 γλώσσας,
1592 1779 1677 1820 ταύτῃ
1695 1779 1794 1813 πάντες

1016 1826 1168 1866 ἐκέχρηντο.
1180 1825 1260 1855 Ἔστι
1273 1826 1300 1855 δὲ
1312 1829 1326 1856 ὁ
1337 1826 1423 1867 ’Έὸερ
1439 1822 1513 1859 οὗτος
1525 1826 1652 1867 πρόγονος
1665 1826 1793 1867 Ἀὸραάμ.

1016 1874 1237 1911 Γενεαλογοῧνται
1262 1871 1290 1901 δὲ
1313 1872 1365 1901 ἀπὸ
1384 1875 1436 1912 τοῦῚ
1453 1871 1510 1908 Σὴθ
1532 1872 1581 1905 ἕως
1601 1875 1647 1901 τοῦ
1662 1872 1792 1912 Ἀδραάμ.

1016 1918 1157 1958 Λαμὸάνει
1170 1920 1183 1947 ὁ
1197 1917 1285 1958 πατὴρ
1305 1921 1351 1947 τοῦ
1365 1917 1487 1958 Ἀδραὰμ
1505 1921 1519 1948 ὁ
1538 1919 1619 1958 Gap&
1640 1917 1700 1951 τοὺς
1721 1918 1793 1953 υἱοὺς

1016 1971 1106 2006 αὗτοῦ,
1124 1968 1169 1998 τόν
1191 1981 1222 1999 τε
1239 1968 1375 2010 Ἀδραόιμ,
1397 1968 1465 1998 ΙΙκαὶ
1486 1968 1531 1998 τὸν
1547 1968 1658 2009 Ναχὼρ,
1681 1969 1726 1998 καὶ
1749 1969 1792 1998 τὸν

1065 2055 1076 2067 e
1093 2048 1149 2072 Hoc
1158 2048 1240 2080 ipsum
1251 2047 1284 2073 de
1295 2047 1404 2079 Hebero,
1410 2048 1456 2072 etsi
1467 2047 1574 2079 brevius,
1582 2046 1646 2072 dicit
1656 2046 1751 2074 Homil,
1761 2048 1794 2073 30

1032 2088 1059 2111 in
1068 2087 1250 2118 Genes.,Tom.
1260 2088 1305 2118 IV,
1315 2096 1341 2119 p.
1352 2088 1409 2112 300.

1067 2127 1080 2146 d
1098 2128 1129 2151 In
1139 2126 1284 2159 Hebraeo,in
1290 2127 1406 2160 Vulgata,
1415 2132 1441 2152 et
1448 2128 1474 2151 in
1481 2125 1600 2152 Editione
1607 2135 1652 2154 τῶν
1659 2126 1694 2153 ο’.
1702 2126 1796 2152 dicitur

1033 2165 1117 2191 Thare
1135 2174 1220 2191 secum
1231 2167 1374 2191 assumsisse
1385 2166 1479 2191 Abram
1497 2167 1637 2198 etLotum,
1649 2175 1702 2191 non
1711 2172 1795 2192 autem

1033 2206 1185 2230 Nachoretu.
1200 2204 1251 2231 Sed
1267 2205 1320 2230 haec
1338 2205 1413 2231 lectio
1422 2207 1448 2230 in
1469 2205 1604 2238 exemplari
1619 2204 1796 2240 Chrysostomi

1033 2244 1102 2269 haud
1118 2243 1194 2269 dubie
1211 2243 1361 2274 habebatur,
1373 2251 1401 2269 ut
1417 2244 1502 2270 videas
1512 2244 1607 2270 Homil.
1618 2245 1645 2270 3¹
1661 2246 1688 2269 in
1704 2244 1794 2271 Genes.

1034 2292 1060 2316 p.
1067 2284 1202 2315 304,Tom.
1209 2284 1254 2315 IV,
1262 2288 1299 2310 καὶ
1304 2287 1371 2310 ἔλαθε
1381 2287 1463 2319 Θάῤῥα
1473 2289 1511 2311 τὸν
1517 2281 1608 2319 Ᾰὸραμ,
1619 2288 1656 2310 καὶ
1667 2288 1706 2310 τὸν
1711 2290 1795 2319 Ναχώρ

1035 2329 1095 2354 etc.⁷
1102 2321 1171 2356 quod
1183 2324 1263 2355 ipsum
1273 2321 1311 2348 his
1316 2323 1381 2348 infra
1389 2325 1520 2356 repetitur.
1528 2325 1595 2348 Hinc
1600 2331 1676 2356 porro
1683 2322 1797 2356 Chryso-

1035 2368 1118 2388 stomo
1128 2363 1203 2387 asseri
1216 2361 1314 2387 videtur
1326 2362 1378 2388 haec
1384 2363 1514 2396 Synopsis.
1525 2362 1616 2388 Multas
1627 2368 1711 2387 autem
1722 2361 1797 2393 fuisse

1037 2403 1063 2426 in
1076 2401 1259 2437 exemplaribus
1273 2409 1318 2429 τῶν
1335 2403 1370 2429 0'.
1383 2403 1518 2428 varietates
1529 2401 1699 2436 Hieronymus
1717 2407 1743 2427 et
1754 2401 1796 2426 alii

1037 2441 1129 2473 passim
1141 2440 1278 2468 affirmant.
1291 2440 1378 2466 Codex
1389 2449 1488 2474 quoque
1503 2440 1677 2475 Lugdunensis
1694 2440 1798 2466 Nacho-

1038 2489 1090 2504 rem
1102 2481 1177 2505 etiam
1189 2480 1275 2505 habet.
1292 2481 1334 2507 Sic
1346 2486 1430 2506 autem
1441 2481 1523 2514 pergit
1533 2479 1628 2505 ibidem
1642 2493 1647 2506 :
1657 2485 1695 2507 καὶ
1708 2485 1747 2507 τὸν
1759 2484 1797 2513 ι”γ-

1037 2531 1099 2552 γονον
1111 2523 1180 2546 αὐτοῦ
1192 2526 1250 2547 Λώτ.
1264 2519 1350 2546 Codex
1362 2520 1464 2546 Coislin.
1477 2524 1514 2547 καὶ
1526 2525 1564 2548 τὸν
1576 2524 1663 2554 ἔγγονον
1679 2525 1716 2548 τὸν
1734 2526 1795 2547 Λώτ.
