1904 2840
97 934 141 956 Act
163 932 233 963 7.53.

107 1921 211 1943 malach.
224 1921 246 1949 4.

106 1952 129 1975 6.
139 1957 160 1973 ct
168 1952 220 1974 Luc.
228 1957 236 1973 Ι
242 1968 247 1973 .

112 1991 147 2013 ¹7·

112 2393 168 2415 Luc.
179 2392 202 2415 3.
212 2391 235 2422 4.

240 221 310 267 854

239 297 307 326 Nam
329 303 380 324 non
401 293 489 322 solum
507 298 645 332 peecatum
667 289 763 320 mundi
780 288 903 325 abstulit,
927 287 975 317 sed
991 291 1011 314 Δ

239 335 317 364 etiam
331 334 412 364 vitam
422 340 547 362 aeternam
562 330 665 360 mundo
678 329 798 360 donavit.
816 329 867 358 Ille
887 334 976 357 autem

241 375 321 404 istum
334 383 414 412 snpra
430 382 510 411 quam
522 370 665 401 videbatur
677 369 774 405 erexit,
790 375 819 398 ut
831 367 877 407 qui
896 368 976 396 homo

241 421 312 449 erat,
335 412 445 451 angelus
469 411 611 440 diceretur.
635 411 714 439 Ecce
737 411 820 438 mitto
841 407 978 447 angelum

242 464 336 482 meum
349 458 418 480 ante
430 451 535 490 faciem
555 457 644 480 tuam.
667 449 740 479 Audi
760 458 843 482 nunc,
858 454 884 476 et
897 446 979 476 intel-

241 493 295 532 lige
305 487 470 531 dignitatem.
486 492 566 526 Puto,
578 490 602 519 si
614 500 667 519 non
688 495 727 518 est
746 487 865 517 audaciae
878 486 977 521 dicere,

242 531 314 571 quod
327 531 469 571 gloriosior
489 537 528 559 est
547 530 671 565 Joannes,
691 528 754 568 quia
771 527 852 556 homo
870 526 931 562 fuit,
954 532 980 555 et

243 578 352 612 propter
377 569 485 599 virtutis
512 569 637 598 meritum
660 568 835 612 angelusest
856 573 979 602 vocatus,

243 622 323 650 quam
334 610 356 639 si
371 610 478 639 nomine
488 608 598 649 angelus
608 615 634 637 et
643 614 738 637 natura
747 607 850 636 fmsset.
863 606 982 645 Angelus

242 651 323 686 enim,
344 650 396 679 hoc
409 650 499 689 ipsum
518 648 592 688 quod
610 647 722 687 angelus
735 653 786 683 est,
807 656 859 674 non
877 652 981 690 tantum

243 697 283 719 est
295 689 404 719 virtutis
421 688 574 729 praemium,
591 694 719 726 quantum
739 692 842 715 naturae
856 695 982 725 proprie-

243 736 292 759 tas.
307 730 360 758 Iste
373 735 461 759 autem
474 727 608 757 mirabilis
621 734 670 763 est,
694 725 742 765 qui
758 725 875 754 humana
889 731 983 754 natura

243 768 390 808 angelicum
399 767 563 797 sanctitatem
576 774 754 806 transgressus
766 772 816 799 est,
831 771 857 793 et
868 763 984 793 obtinuit

243 808 317 847 quod
330 818 382 837 non
397 807 492 836 habuit
515 813 609 836 natura
633 817 681 851 per
699 805 811 844 gratiam
831 803 892 833 Dei.
917 804 984 833 Eece

244 858 335 877 omnes
354 847 488 887 prophetae
511 853 571 875 ante
593 846 688 875 faciem
709 844 812 874 Christi
835 842 985 872 transmissi

821 225 904 249 OPUS
932 225 1168 250 'MPERFRCTUM
1495 236 1502 241 ·

1029 287 1092 318 dem
1113 288 1192 318 unxit
1212 287 1358 318 Helisaeum
1378 287 1408 318 in
1422 287 1596 357 (prophetam,
1610 296 1664 316 non
1684 291 1810 322 tamen-3,
1821 298 1904 333 amq

1030 327 1209 368 prophetandi
1230 327 1344 368 gratiam
1362 327 1405 357 illi
1443 327 1545 357 onavit.
1567 326 1622 356 Iste
1642 333 1732 357 autem
1746 326 1774 356 in

1031 374 1108 397 utero
1123 367 1216 398 matris
1232 368 1373 404 exsistens,
1391 367 1479 397 divini
1491 366 1616 397 introitus
1635 365 1774 396 scientiam

1032 407 1114 436 matri
1133 406 1256 444 donavit,
1275 413 1302 436 et
1319 417 1349 436 os
1369 407 1445 436 illius
1462 406 1491 436 in
1506 406 1590 437 verbo
1602 405 1775 436 confessionis

1033 446 1149 486 aperuit,
1163 453 1193 476 ut
1202 447 1280 487 cujus
1290 456 1342 476 non
1354 446 1464 476 videbat
1473 455 1624 486 personam,
1633 455 1776 484 eognosce-

1034 493 1074 516 ret
1082 486 1250 525 dignitatem,
1259 485 1351 515 dicens
1364 497 1371 514 ε
1389 486 1473 516 Unde
1483 486 1539 515 hoc
1550 486 1630 522 mihi,
1643 491 1674 514 ut
1683 491 1776 516 mater

1036 527 1158 555 Domini
1167 529 1224 556 mei
1231 528 1347 555 veniret
1355 526 1395 555 ad
1404 536 1449 555 me
1456 528 1470 553 P
1485 526 1554 555 Nam
1563 525 1689 564 quoniam
1699 525 1778 555 Chri-

1034 572 1090 595 stus
1104 566 1131 594 in
1146 572 1222 596 utero
1242 566 1401 597 constitutus
1415 566 1545 596 Joannem
1568 565 1596 594 in
1620 571 1696 594 utero
1710 574 1777 595 eon-

1035 605 1159 634 stitutum
1174 605 1300 635 ordinare
1315 615 1369 634 non
1384 611 1486 645 poterat
1502 615 1713 645 praecursorem:
1727 604 1776 634 etsi
1786 617 1863 635 cxviu

1035 651 1149 690 poterat,
1160 652 1247 675 tamen
1255 655 1307 675 non
1319 645 1358 675 sie
1403 651 1482 680 terat,
1495 651 1524 674 ut
1533 654 1625 674 omnes
1633 643 1758 674 audirent
1767 656 1774 673 ε

1036 684 1097 713 ideo
1119 685 1180 714 fecit
1202 686 1318 714 Mariam
1340 695 1368 714 sa
1381 691 1456 714 utam
1471 684 1622 720 Elizabeffi,
1641 690 1672 713 ut
1691 693 1778 713 sermo

1035 723 1182 764 prooedens
1187 735 1222 754 ex
1231 732 1306 754 utero
1316 724 1418 761 matris,
1433 724 1479 753 ubi
1487 723 1625 753 habitabat
1633 723 1777 759 Dominus,

1036 770 1063 792 et
1074 774 1121 803 per
1134 774 1212 793 aures
1236 764 1377 794 Elizabeth
1394 764 1540 804 ingressus,
1560 762 1731 792 descenderet
1744 762 1780 792 ad

1037 803 1179 839 Joannem‚
1191 810 1217 832 et
1224 803 1282 833 illic
1292 814 1354 833 eum
1366 810 1476 843 ungeret
1486 803 1514 832 in
1527 803 1696 844 prophetam.
1708 803 1779 832 Nam

1036 842 1107 872 sicut
1119 850 1203 872 mater
1216 844 1273 883 ipsa
1286 850 1407 877 testatur,
1426 843 1515 872 statim
1531 850 1561 872 ut
1573 853 1629 872 vox
1640 842 1780 872 salutatio-

244 895 323 922 sunt,
337 893 363 915 et
384 886 473 925 angeli
495 893 557 915 sunt
579 885 685 915 vocati:
702 883 772 913 sieut
788 883 920 923 seriptum
933 889 982 918 est,
999 888 1020 913 B
1039 882 1080 911 nis
1089 882 1212 912 convenit
1224 882 1259 912 ad
1276 893 1353 912 aures
1364 883 1515 918 Elizabeth‚
1534 883 1624 912 statim
1642 882 1780 912 exsultans

250 927 308 966 Qui
320 927 471 966 accepistis
489 926 580 965 legem
595 927 626 953 in
641 924 790 964 praeceptis
805 922 984 962 angelorum,

245 974 274 995 et
286 977 345 995 non
358 966 534 994 custodistis.
553 965 589 994 Et
601 963 736 1003 quomodo
755 962 789 992 de
805 962 863 991 solo
883 962 986 992 Joanue

246 1006 322 1045 quasi
331 1005 423 1045 gratiae
436 1004 581 1044 singularis
595 1010 634 1032 est
645 1003 788 1039 indicium,
804 1003 883 1031 Ecce
903 1003 986 1030 mitto

246 1046 381 1085 angelum
396 1055 490 1073 meum
503 1050 571 1072 ante
579 1044 689 1082 faciem
703 1045 803 1072 tuam?
818 1043 918 1071 Omnes
927 1041 987 1080 qui-

246 1085 307 1114 dem
319 1084 454 1124 prophetae
462 1090 522 1112 ante
530 1078 624 1112 faciem
635 1082 736 1112 Christi
747 1081 894 1111 transmissi
904 1087 983 1110 sunt:

247 1124 320 1153 solus
334 1131 421 1153 autem
439 1124 553 1153 Joanues
571 1122 608 1151 sic
629 1122 727 1151 missus
747 1128 787 1151 est
810 1127 870 1149 ante
890 1121 984 1150 faciem

247 1163 358 1199 Christi,
370 1169 400 1191 ιιι
413 1173 478 1202 pene
492 1173 554 1191 cum
568 1162 627 1201 ipso
639 1162 748 1191 Christo
763 1160 875 1194 veniret.
888 1161 985 1196 Quan—

249 1210 307 1231 tum
322 1213 375 1241 prae
397 1203 499 1230 caeteris
517 1201 657 1240 prophetis
679 1202 794 1231 Joannes
814 1199 841 1228 in
869 1206 986 1239 tempore

246 1242 323 1281 juxta
336 1242 484 1275 Christum,
504 1247 606 1269 tantum
619 1240 724 1279 justitia
743 1250 796 1279 prae
817 1239 874 1268 illis
890 1239 986 1278 proxi-

249 1281 319 1309 mior
336 1286 391 1308 erat
404 1279 521 1308 Christo.
542 1279 636 1308 Muliae
669 1279 758 1308 uidem
772 1279 855 1308 stellae
867 1285 928 1307 ante
942 1279 984 1306 lu-

249 1330 307 1348 cem
321 1318 484 1358 praecedunt,
499 1290 728 1347 nuntiantesqueis
740 1318 895 1351 adventum,
911 1317 986 1346 nulla

250 1365 337 1388 tamen
349 1368 440 1386 earum
455 1357 572 1386 Luciferi
583 1367 677 1385 nomen
691 1357 790 1385 babere
809 1356 917 1392 meruit,
935 1357 988 1385 uisi

251 1408 304 1431 una
318 1407 376 1436 quae
387 1407 449 1426 cum
463 1397 520 1441 ipsa
538 1396 598 1425 luce
611 1396 747 1435 procedit:
763 1396 801 1424 sic
812 1405 904 1424 omnes
917 1406 987 1435 pro-

251 1437 338 1476 phetae
351 1443 411 1465 ante
427 1436 521 1465 faelem
534 1435 635 1464 Christi
654 1434 815 1475 praecedunt,
835 1435 987 1463 nuntiantes

251 1476 399 1506 adventum
416 1476 486 1515 ejus,
506 1475 579 1504 solus
596 1481 684 1503 autern
697 1475 813 1504 Joannes
834 1475 987 1503 Praecursor
1001 1477 1020 1500 G

251 1522 291 1544 est
314 1515 474 1555 appellatus,
497 1514 560 1553 quia
585 1524 637 1542 non
657 1514 745 1543 solum
763 1513 909 1543 adventum
928 1514 987 1543 e'us

252 1556 400 1590 annuntiat,
417 1553 464 1583 sed
477 1554 565 1593 ipsum
586 1553 664 1582 illum
683 1552 768 1592 digito
790 1563 839 1582 suo
859 1524 986 1589 ostendit,

252 1595 330 1623 Ecce
342 1603 433 1633 agnus
446 1594 513 1622 Dei.
525 1594 626 1623 Omnes
638 1593 777 1632 prophetae
790 1598 935 1622 venturum
947 1599 987 1621 te-

253 1634 313 1662 stati
327 1640 399 1669 sunt,
413 1633 460 1662 ille
475 1633 548 1662 solus
558 1633 614 1672 jam
628 1633 731 1661 venisse
745 1631 911 1661 monstravit.
931 1633 988 1661 De-

254 1673 316 1702 inde
329 1673 376 1701 alii
388 1673 522 1712 prophetae
541 1672 616 1701 missi
629 1678 702 1708 sunt,
725 1678 755 1700 ut
773 1671 917 1701 adventum
931 1672 990 1711 ejus

253 1712 440 1741 annuntiarent
458 1724 464 1740 :
487 1712 537 1741 iste
559 1718 648 1740 autem
674 1718 705 1740 ut
731 1717 892 1750 praepararet
917 1712 990 1741 viam

254 1752 262 1781 i
275 1752 349 1781 ›sius.
367 1751 450 1780 Aliud
458 1758 544 1780 autem
552 1758 590 1780 est
601 1750 745 1780 adventum
755 1750 812 1790 ejus
823 1751 990 1787 annuntiare,

254 1763 329 1820 alliud
342 1798 381 1820 est
390 1791 460 1820 viam
473 1801 630 1830 praeparare.
641 1790 833 1818 Nuntiantibus
846 1789 992 1819 adventum

255 1832 323 1871 ejus,
338 1830 534 1869 praedicationis
548 1839 633 1859 sermo
645 1829 801 1858 commissus
813 1836 871 1858 est:
887 1840 991 1869 praepa-

257 1870 324 1899 ranti
340 1876 427 1899 autem
448 1869 515 1905 vias,
535 1869 658 1898 bumanae
674 1869 843 1897 correctionis
864 1880 932 1909 opus
947 1871 991 1898 in-

255 1909 378 1949 junctum
392 1916 444 1938 est:
458 1909 527 1938 sicut
544 1908 655 1946 angelus
672 1907 705 1937 de
725 1918 771 1936 eo:
784 1909 826 1937 Ει
837 1910 994 1950 mullosfi-

259 1950 363 1978 liorum
384 1948 479 1977 lsrael
496 1953 641 1977 convertet
663 1948 703 1976 ad
719 1948 877 1976 Dominum
897 1958 992 1978 suum.

257 1988 307 2017 Ille
317 1997 380 2027 ergo
399 1988 514 2016 correxit
525 2009 532 2022 ,
546 1994 576 2016 ut
589 1986 637 2015 iste
650 1987 807 2026 susciperet:
822 1987 868 2016 ille
881 1988 994 2017 munda-

257 2028 308 2062 vit,
324 2034 354 2055 ιιι
366 2027 414 2055 iste
428 2027 602 2055 sanctificaret
617 2038 624 2054 ε
641 2025 688 2054 ille
702 2027 871 2066 praeparavit,
894 2034 924 2056 ut
946 2028 995 2057 iste

1038 932 1106 961 puer
1105 922 1301 990 dprophetavit,
1312 932 1365 951 non
1375 932 1450 959 voce,
1461 921 1509 951 sed
1523 925 1608 951 moue
1619 921 1778 958 Considera,

1038 971 1091 990 non
1126 961 1186 998 ixit,
1203 962 1276 991 Inter
1289 968 1364 991 natos
1377 961 1412 991 de
1430 961 1591 991 mulieribus
1605 973 1612 989 ε
1627 961 1685 998 sed,
1699 963 1783 990 Inter

1039 1007 1124 1030 natos
1136 1001 1299 1030 mulierum.
1313 1001 1397 1030 Aliud
1409 1007 1459 1037 est,
1471 1011 1529 1030 esse
1539 1007 1632 1030 natum
1645 1000 1779 1037 mulieris,

1037 1046 1063 1069 et
1076 1040 1152 1069 aliud
1165 1047 1215 1077 est,
1230 1051 1287 1070 esse
1298 1048 1391 1070 natum
1403 1040 1439 1070 de
1452 1040 1575 1069 muliere.
1589 1040 1645 1077 Qui
1658 1040 1781 1074 mulieris

1038 1086 1116 1109 natus
1129 1087 1177 1115 est,
1192 1080 1219 1109 in
1233 1080 1347 1110 muliere
1358 1080 1468 1119 quidem
1482 1086 1561 1109 natus
1571 1086 1621 1116 est,
1635 1086 1661 1108 et
1671 1079 1781 1109 initium

1037 1119 1071 1148 de
1086 1119 1198 1149 muliere
1210 1120 1299 1155 habet,
1311 1127 1338 1150 et
1350 1127 1410 1149 ante
1423 1119 1565 1149 mulierem
1579 1129 1632 1148 non
1645 1119 1706 1149 fuit.
1723 1119 1780 1156 Qui
1798 1141 1802 1143 -

1037 1165 1125 1188 autem
1147 1159 1182 1188 de
1203 1160 1317 1190 muliere
1338 1167 1416 1190 natus
1439 1166 1489 1195 est,
1511 1169 1597 1198 neque
1617 1158 1646 1188 in
1667 1158 1790 1194 muliere⁴

1037 1205 1116 1227 natus
1129 1206 1177 1228 est.
1195 1199 1265 1229 Ecce
1277 1200 1348 1229 enim
1362 1199 1486 1229 Christus
1495 1198 1530 1228 de
1543 1198 1656 1227 muliere
1668 1197 1780 1237 quidem

1037 1245 1115 1267 natus
1126 1245 1165 1268 est
1176 1250 1184 1276 ς
1195 1246 1326 1277 quantum
1336 1246 1426 1269 autem
1436 1238 1471 1268 ad
1485 1248 1645 1273 sermonem,
1658 1237 1782 1267 mulieris

1038 1284 1116 1307 natus
1126 1278 1170 1308 hic
1182 1290 1189 1307 :
1204 1285 1231 1307 et
1242 1279 1269 1308 in
1281 1279 1392 1308 muliere
1400 1285 1488 1314 natus,
1503 1277 1552 1317 qui
1565 1284 1626 1307 ante
1639 1277 1781 1307 mulierem

1038 1323 1103 1345 erat.
1122 1318 1194 1356 Ergo
1207 1318 1255 1356 qui
1267 1319 1388 1348 mulieris
1399 1325 1476 1347 natus
1488 1324 1539 1354 est,
1558 1317 1593 1347 de
1606 1316 1720 1346 muliere
1730 1326 1780 1346 na-

1038 1355 1141 1385 scitur:
1158 1363 1309 1386 nontamen
1323 1358 1421 1393 omnis,
1442 1357 1491 1395 qui
1508 1356 1542 1386 de
1560 1357 1673 1386 muliere
1691 1355 1779 1386 nasci-

1038 1400 1094 1431 tur,
1108 1395 1229 1424 mulieris
1239 1403 1316 1426 natus
1327 1403 1377 1425 est.
1389 1396 1454 1425 Ideo
1467 1406 1530 1435 ergo
1543 1407 1596 1425 non
1607 1396 1691 1432 dixit,
1706 1397 1780 1426 Inter

1038 1441 1114 1463 natos
1124 1434 1159 1463 de
1173 1435 1344 1472 mulieribus,
1359 1446 1392 1464 ne
1405 1442 1432 1465 et
1449 1445 1477 1464 se
1492 1446 1555 1464 cum
1575 1432 1630 1464 illis
1643 1435 1777 1464 misoeret.

1038 1473 1177 1513 Scriptura
1201 1474 1310 1512 quidem
1332 1485 1385 1504 non
1410 1474 1478 1504 dicit
1499 1475 1630 1504 Joannem
1649 1474 1779 1514 majorem

1038 1523 1095 1542 esse
1107 1514 1208 1543 caeteris
1222 1514 1330 1551 sanctis,
1347 1514 1395 1544 sed
1408 1521 1516 1543 caeteros
1534 1521 1638 1544 sanctos
1658 1524 1710 1543 non
1724 1524 1780 1543 esse
1789 1520 1873 1540 meri·

1039 1552 1152 1598 majores
1162 1554 1274 1583 Joanne.
1285 1553 1440 1593 Coaequavit
1449 1564 1511 1583 eum
1522 1554 1633 1598 caeteris,
1647 1563 1700 1583 non
1711 1564 1780 1594 [ιι-ω·
1789 1551 1830 1602 {3¹³

1040 1598 1141 1636 posuit.
1157 1592 1211 1622 Sed
1224 1603 1287 1622 cum
1299 1600 1373 1623 tanta
1390 1594 1425 1623 sit
1439 1594 1553 1633 justitiae
1567 1592 1692 1627 altitudo,
1708 1593 1780 1622 utin
1808 1588 1826 1602 ⁸⁶

1041 1631 1088 1660 illa
1103 1642 1180 1660 nemo
1197 1633 1281 1672 possit
1290 1643 1347 1662 esse
1361 1633 1504 1673 perfectus,
1523 1633 1574 1662 nisi
1594 1633 1668 1662 solus
1682 1634 1756 1662 Deus
1772 1644 1779 1661 ε

1042 1678 1106 1710 puto
1117 1671 1190 1710 quod
1204 1682 1295 1701 omnes
1306 1673 1402 1710 sancti,
1413 1679 1544 1711 quantum
1558 1672 1592 1702 ad
1606 1672 1783 1702 subtilitatem

1042 1709 1128 1739 divini
1148 1711 1259 1751 judicii,
1281 1713 1396 1742 invicem
1417 1712 1469 1741 sibi
1489 1719 1535 1741 aut
1553 1712 1692 1742 inferiores
1705 1718 1780 1748 sunt,

1042 1757 1088 1779 aut
1103 1751 1215 1790 priores.
1243 1753 1286 1781 Ex
1309 1762 1363 1791 quo
1384 1751 1571 1789 intelligimus,
1591 1752 1720 1791 quonian
1732 1751 1781 1790 qui

1044 1791 1172 1830 majorem
1187 1797 1245 1820 ‘non
1259 1802 1287 1821 se
1301 1792 1389 1827 habet,
1405 1792 1532 1821 omnihus
1551 1792 1636 1831 major
1651 1798 1701 1821 est.
1726 1792 1784 1821 Hoc

1044 1829 1161 1869 denique
1172 1841 1284 1868 sequens
1298 1842 1384 1861 sermo
1395 1831 1570 1868 demonstrat,
1592 1831 1684 1860 dicens
1699 1843 1707 1859 ε
1726 1831 1785 1869 Qui

1045 1876 1143 1898 autem
1154 1872 1248 1900 ιηίιιοι·
1260 1878 1304 1900 est
1320 1873 1353 1899 in
1372 1881 1462 1911 regno
1477 1871 1622 1907 coelomm,
1634 1872 1730 1910 major
1741 1875 1785 1899 est

1045 1919 1089 1937 eo.
1106 1910 1175 1946 Quis
1185 1917 1274 1940 autem
1286 1918 1326 1940 est
1338 1911 1428 1940 minor
1443 1918 1469 1940 et
1486 1911 1592 1950 major?
1605 1910 1731 1941 Christus
1742 1909 1786 1939 vi-

1045 1947 1153 1986 delicet,
1168 1950 1256 1979 minor
1269 1950 1297 1980 in
1313 1961 1434 1990 corpore,
1450 1950 1536 1990 major
1549 1950 1575 1979 in
1592 1950 1698 1990 spiritu.
1713 1949 1787 1979 Vide

1046 1997 1110 2026 ergo
1130 1990 1194 2028 quia
1212 1990 1337 2020 omnibus
1359 1990 1456 2020 sanctis
1474 1997 1513 2019 est
1527 1991 1624 2030 major,
1646 1989 1692 2019 cui
1713 1989 1788 2018 solus

1045 2027 1169 2058 Christus
1186 2036 1225 2059 est
1239 2030 1324 2069 prior,
1337 2029 1385 2069 qui
1398 2040 1462 2058 cum
1482 2031 1559 2059 Patre
1569 2036 1596 2058 et
1608 2029 1713 2069 Spiritu
1723 2038 1785 2057 sau-

259 2066 429 2095 inhabitaret.
454 2066 543 2094 Altera
564 2076 642 2094 causa
660 2073 767 2104 propter
792 2077 873 2105 qnam
899 2068 996 2096 melior
1011 2072 1030 2095 D
1047 2073 1089 2095 cto
1101 2067 1169 2098 vivit
1182 2076 1209 2098 et
1230 2076 1322 2109 regnat
1342 2069 1370 2098 in
1392 2069 1488 2098 saecula
1503 2069 1674 2098 saeculorum.
1689 2070 1788 2097 Amen.

259 2112 297 2134 est
310 2105 460 2144 prophetis:
472 2106 503 2133 11
515 2127 519 2132 .
537 2105 633 2134 Amen
648 2105 712 2134 dico
725 2106 818 2141 vobis,
833 2117 893 2135 non
903 2117 995 2136 surre-

259 2147 304 2174 xit
324 2145 400 2173 inter
409 2151 492 2173 natos
505 2145 656 2173 mulierum
678 2146 772 2184 major·
791 2147 912 2175 ‚Ioanne
936 2148 997 2176 Ba-

258 2186 358 2224 ptista.
375 2185 415 2212 De
432 2194 485 2222 quo
499 2183 628 2223 propheta
649 2184 792 2222 aliquando
806 2186 996 2225 prophetatum

260 2223 319 2253 est?
333 2224 433 2253 Omnes
444 2223 580 2263 propheta}
590 2223 815 2262 prophetaverunt
828 2224 863 2254 de
875 2225 994 2262 Christo,

260 2262 294 2292 de
309 2262 364 2292 illis
384 2269 472 2291 autem
488 2273 540 2291 non
558 2262 747 2302 prophetatum
766 2270 813 2292 est.
835 2265 895 2303 Ipse
907 2272 997 2294 autem

260 2312 313 2331 non
325 2302 412 2331 solum
426 2302 596 2342 prophetavit
615 2301 649 2331 de
664 2302 781 2338 Christo,
797 2303 843 2332 sed
859 2304 938 2333 etiam
950 2305 997 2334 alii

260 2342 397 2382 prophetae
409 2343 636 2381 prophetaverunt
646 2341 679 2370 de
689 2341 757 2380 ipso.
770 2342 839 2379 Quis
852 2343 997 2381 aliquando

261 2381 349 2410 dictus
374 2387 413 2410 est
445 2382 509 2410 Vox
534 2381 691 2410 clamantis
717 2382 749 2409 in
774 2382 884 2410 deserto
895 2386 908 2410 Ρ
929 2385 997 2413 Nam

261 2431 352 2450 omnes
365 2420 507 2460 portitores
525 2420 601 2450 verbi
621 2421 748 2450 fuerunt:
764 2420 812 2450 iste
831 2429 919 2451 autem
940 2423 997 2463 ipsa

260 2470 326 2496 vox,
342 2470 401 2499 quae
422 2460 557 2490 desertum
579 2460 663 2489 facere
685 2467 785 2505 poterat
806 2461 883 2498 quasi
904 2473 998 2501 agrum

261 2499 374 2528 cultum.
389 2501 495 2536 Quanto
509 2510 563 2529 vox
576 2499 727 2539 proximior
735 2500 830 2534 verbo,
844 2510 898 2530 non
912 2508 999 2531 tamen

260 2539 373 2568 verbum
390 2546 479 2568 :tanto
493 2540 608 2569 Joaunes
621 2539 799 2579 propinquior
813 2540 930 2577 Christo,
946 2552 998 2571 non

260 2584 346 2607 tamen
373 2578 507 2608 Christus.
535 2578 604 2616 Quis
626 2579 816 2618 prophetarum
843 2590 905 2609 cum
932 2589 999 2611 esset

259 2617 401 2657 propheta,
417 2618 572 2658 prophetam
593 2618 678 2648 facere
695 2618 804 2659 potuit?
821 2619 912 2649 Helias
931 2621 997 2659 qui-

1203 2175 1335 2205 Homilia
1348 2176 1459 2215 xxviij.
1475 2185 1512 2204 ex
1526 2185 1590 2214 cap.
1606 2176 1651 2214 xj.

1089 2267 1138 2296 25.
1155 2270 1194 2295 In
1203 2266 1257 2295 illo
1269 2273 1396 2306 tempore
1407 2267 1583 2306 respondens
1596 2267 1684 2296 Jesus
1696 2266 1790 2295 dixit.-

1051 2307 1199 2348 Confiteor
1216 2307 1279 2340 tibi,
1301 2307 1441 2341 Domine,
1455 2309 1546 2336 Pater
1562 2306 1629 2336 coeli
1646 2312 1676 2334 et
1695 2311 1789 2343 teme,

1050 2348 1120 2386 quia
1133 2347 1314 2376 abscondisti
1328 2347 1390 2376 hoec
1403 2356 1423 2375 a
1435 2346 1612 2386 sapientibus
1623 2351 1651 2374 el
1663 2345 1791 2385 pruden-

1050 2388 1136 2424 tibus,
1150 2393 1178 2416 et
1191 2386 1328 2415 revelasti
1339 2396 1376 2415 ea
1386 2386 1530 2425 parvulis,
1544 2392 1571 2414 et
1584 2385 1698 2423 reliqua.
1715 2385 1792 2413 Post-

1048 2436 1128 2464 quam
1149 2425 1339 2466 improperavit
1358 2425 1523 2461 civitatibus,
1539 2424 1624 2464 magis
1645 2430 1735 2453 autem
1751 2423 1791 2452 ci-

1047 2466 1140 2502 vibus,
1158 2465 1232 2504 quod
1245 2465 1340 2494 totiens
1362 2464 1483 2494 seminati
1497 2464 1600 2493 suntin
1614 2463 1749 2499 doctrina,
1764 2470 1790 2492 et

1049 2514 1197 2543 numquam
1210 2505 1427 2544 germinaverunt
1437 2504 1464 2532 in
1478 2503 1542 2539 fide,
1566 2503 1614 2542 qui
1635 2503 1750 2533 virtutes
1763 2509 1790 2531 et

1049 2544 1178 2573 miracula
1187 2545 1289 2574 Christi
1301 2555 1354 2574 uon
1367 2542 1443 2583 quasi
1460 2542 1651 2572 aedifioemeuta
1662 2542 1791 2582 spiritua-

1049 2583 1095 2619 lia,
1110 2583 1157 2612 sed
1169 2585 1246 2622 quasi
1260 2583 1448 2613 delectamenta
1462 2582 1577 2612 carnalia
1590 2587 1766 2622 susceperunt
1779 2593 1787 2610 ε

1047 2623 1208 2662 respondens
1222 2625 1268 2659 ait,
1280 2623 1358 2661 quasi
1370 2622 1405 2652 ad
1418 2632 1523 2651 sensum
1537 2621 1734 2661 discipulorum
1747 2630 1791 2650 se-

1785 496 1842 517 Lue.
1856 478 1904 535 μη·

1897 564 1904 629 ἒ

1898 648 1904 716 ἰ

1892 726 1904 1123 i
