1890 2826
51 256 107 277 Luc.
121 261 141 276 Ι.
151 255 190 283 34.

51 346 110 367 lm.
121 354 141 368 v.
151 344 189 367 35.
201 337 273 366 Tum
285 336 372 376 inquit
382 336 445 365 ille:
460 335 512 365 Vis
526 335 577 365 hoc
589 335 656 365 scire
665 336 679 365 ἶ)
693 336 815 375 Spiritus
827 343 946 366 sanctus
963 353 981 376 Β
999 351 1080 377 ,τοῦτο
1093 347 1178 383 δόξαν,

111 1186 197 1207 citatur

56 1219 92 1239 liic
108 1218 169 1238 locus
185 1225 197 1238 a

52 1250 77 1269 S.
114 1247 197 1278 Cyrillo

55 1279 164 1301 Alexand.

54 1311 77 1331 iu
108 1311 146 1331 lib.
169 1309 195 1333 ad

54 1341 156 1371 Regum.

58 1825 117 1849 lsai.
126 1834 148 1856 7.
160 1827 192 1855 ¹4·

203 171 272 217 462

202 243 273 283 quod
287 254 322 274 ex
334 243 462 274 Gabriele
475 243 606 272 sciscitata
623 243 770 273 didicerat:
795 244 946 282 Quomodo

202 291 274 319 mihi
285 292 344 332 fiet
365 290 461 325 istud,
487 291 558 329 quia
578 292 678 319 virum
699 300 757 318 non
780 293 946 330 cognosco?

200 384 381 422 superveniet
389 384 422 410 in
431 388 475 418 te,
488 388 517 410 et
527 383 625 411 virtus
635 382 779 411 Altissimi
790 383 945 411 obumbra-

201 430 243 458 bit
253 431 315 458 tibi.
329 429 365 458 Et
374 426 510 467 quomodo
521 438 584 457 cum
596 428 653 468 ipsa
665 434 721 458 erat
734 451 742 464 ,
757 434 783 457 et
795 428 879 468 paulo
886 436 948 468 post

199 485 234 504 ex
250 475 307 515 ipsa
318 477 330 503 Ρ
342 473 578 511 Quemadmodum
595 474 703 511 artifex,
717 475 825 504 inventa
837 477 947 506 materia

200 521 355 557 utilissima,
365 531 412 551 vas
421 520 635 561 pulcherrimum
646 521 808 551 stibi-icatur:
819 522 856 551 ita
867 523 946 552 Chri-

199 574 273 603 stus,
295 567 403 596 invento
423 566 538 606 virginis
558 574 648 596 sancto
661 577 774 607 corpore
791 574 817 598 et
837 568 924 598 anima
936 591 943 605 ‚

199 612 330 652 templum
350 612 404 642 sibi
423 612 573 642 construxit
590 612 750 651 animatum,
763 620 789 643 et
808 613 944 644 hominem

198 669 252 696 qua
263 658 365 687 ratione
377 658 477 696 voluit,
489 659 642 689 efformavit
654 670 689 689 ex
701 660 818 700 virgine,
831 671 946 700 eumque

198 704 309 733 indutus
320 704 402 734 hodie
419 705 559 745 prooessit,
574 716 661 744 neque
675 713 778 736 naturae
789 706 947 737 deformita-

198 758 251 781 tem
264 751 384 781 erubuit.
403 753 497 791 Neque
515 751 586 785 enim
605 753 767 792 probrosum
781 753 823 782 illi
837 753 899 790 fuit,
916 761 946 784 ut

200 809 281 828 sunm
296 809 365 839 opus
376 798 573 838 ipsergestaren
587 799 677 839 ipsum
687 810 794 839 quoque.
807 800 946 840 opificium

199 846 316 875 maxima
341 845 430 885 gloria
450 844 641 874 cumulabatur
650 867 658 882 ,
681 845 755 884 quod
776 845 882 886 opificis
904 846 947 875 sui

200 893 276 922 fieret
287 891 486 921 indumentum.
498 891 568 920 Nam
579 890 808 930 quemadmodum
820 892 847 920 in
861 893 948 932 prima

200 938 358 969 formatione
371 937 430 967 fieri
442 947 495 966 non
506 944 620 977 poterat,
636 944 667 967 ut
677 937 758 967 homo
773 938 948 968 constituere-

201 993 261 1022 tur,
279 992 420 1024 antequam
436 984 524 1013 lutum
542 983 570 1012 in
587 984 647 1024 ejus
665 994 760 1013 manus
778 984 899 1013 veniret:
912 984 947 1014 ita

202 1031 262 1061 fieri
279 1030 372 1070 nequit
384 1037 413 1059 ut
424 1040 472 1059 vas
485 1029 662 1070 corruptibile
678 1036 882 1066 transmutetur,
894 1030 948 1060 nisi

203 1078 251 1107 fiat
263 1077 378 1117 Opificis
388 1076 586 1106 indumentum.

243 1125 271 1153 2.
282 1123 336 1154 Sed
345 1122 411 1162 quid
420 1122 521 1159 dicam,
530 1129 576 1151 aut
584 1122 650 1161 quid
660 1122 775 1162 loquar?
783 1123 949 1153 Miraculum

205 1170 277 1199 enim
291 1170 318 1198 in
335 1168 538 1198 admirationem
555 1179 597 1197 me
610 1168 876 1208 traducit.Antiquus
890 1169 949 1199 die-

207 1226 267 1245 rum
278 1216 361 1245 factus
369 1221 407 1243 est
415 1214 512 1250 infans,
518 1214 596 1253 etqui
607 1214 633 1243 in
643 1214 711 1244 solio
722 1214 833 1244 sublimi
841 1216 951 1255 praecel-

206 1272 288 1300 soqut·
296 1259 424 1296 considet,
432 1259 458 1288 in
466 1260 596 1300 praescpio
605 1260 728 1299 ponitur3
736 1266 760 1289 et
768 1260 816 1298 qui
825 1259 952 1300 impalpa-

206 1307 270 1337 bilis
281 1314 307 1336 et
314 1306 384 1346 simp
391 1316 436 1342 ex,
443 1311 469 1334 et
479 1305 681 1345 incompositus,
690 1312 769 1344 atque
778 1306 951 1346 incorporeus

205 1353 382 1390 est,humanis
390 1351 515 1382 manibus
521 1358 701 1381 contrectatur
709 1363 716 1381 :
724 1352 771 1390 qui
781 1359 951 1391 peccatorum

205 1400 314 1429 vincula
340 1399 498 1439 disrumpit,
510 1397 609 1435 fasciis,
625 1398 688 1437 quia
709 1399 779 1434 vult,
798 1399 949 1439 stringitur.
968 1413 984 1435 u

205 1446 309 1476 Statuit
319 1446 390 1475 enim
406 1444 581 1485 ignominiam
591 1451 695 1473 vertere
703 1444 729 1473 in
740 1444 880 1481 honorem,
890 1444 954 1474 infa-

204 1492 286 1521 miam
300 1491 414 1521 induere
426 1491 523 1531 gloria,
537 1497 563 1519 et
576 1490 746 1519 contumeliae
760 1491 826 1520 fines
839 1490 951 1519 modum

203 1538 314 1568 virtutis
327 1537 476 1567 ostendere.
491 1536 595 1566 Idcirco
609 1547 699 1565 meum
709 1547 809 1576 corpus
822 1536 907 1573 subit,
924 1543 953 1565 ut

204 1584 262 1624 ejus
276 1583 364 1614 Verbi
376 1593 425 1623 ego
436 1593 522 1623 capax
542 1582 621 1619 fiam;
633 1588 659 1611 et
671 1592 758 1611 meam
771 1592 879 1611 carnem
893 1592 953 1610 sus-

204 1629 317 1669 cipiens,
340 1629 474 1669 Spiritum
497 1628 566 1657 mihi
587 1638 668 1657 suum
688 1628 817 1667 largiens,
841 1634 872 1656 ut
894 1628 952 1657 lar-

204 1675 279 1714 giens
291 1682 317 1704 et
329 1675 462 1716 accipiens
472 1675 534 1705 vitae
549 1674 616 1704 mihi
629 1674 785 1704 thesaurum
805 1681 951 1714 comparet.

205 1723 318 1751 Carnem
334 1733 420 1751 meam
439 1721 562 1762 suscipit,
582 1727 611 1750 ut
626 1732 669 1750 me
682 1721 829 1750 sanctificet
843 1732 849 1748 ε
864 1721 954 1761 Spiri-

206 1774 262 1797 tum
278 1768 346 1797 mihi
359 1779 439 1798 suum
453 1768 579 1807 largitur,
588 1774 618 1797 ut
631 1768 737 1797 salvum
749 1778 792 1796 me
802 1767 892 1797 faciat.
901 1767 954 1798 Sed

205 1815 273 1854 quid
284 1815 382 1852 dicam,
396 1821 443 1844 aut
456 1814 525 1853 quid
539 1814 656 1853 loquar?
670 1815 748 1843 Ecce
759 1816 844 1854 virgo
857 1817 954 1844 conci-

535 182 564 205 S.
593 182 735 206 JOANNIS
761 181 945 206 CHRYSOST.
975 183 1131 206 Annium».
1160 183 1433 208 CONSTANTINOP-

999 246 1048 280 τῆς
1068 245 1178 285 φύσεως.
1192 245 1263 276 Οὐδὲ
1281 246 1334 286 γὰρ
1351 245 1426 287 ὔὸριν
1444 246 1534 287 ἔφερεν
1554 248 1640 287 αὐτῷ,
1659 246 1771 287 φορέσαι

998 296 1029 325 τὸ
1049 297 1112 326 ἴδιον
1135 297 1226 337 ἔργον·
1245 297 1290 326 καὶ
1312 297 1342 326 τὸ
1357 297 1469 336 πλάσμα
1490 298 1518 327 δὲ
1536 298 1661 338 μεγίστην
1687 301 1768 340 ἐκαρ-

1195 348 1293 387 ἔνδυμα
1306 348 1484 388 τοῦτεχνίτου
1505 348 1651 389 γινόμενον.
1663 350 1771 391 Ὥσπερ

999 399 1050 439 γὰρ
1071 400 1161 439 ὓπαρὰ
1182 399 1231 436 τὴν
1253 400 1363 441 πρώτην
1383 400 1481 430 πλάσιν
1503 400 1629 431 ἀδύνατον
1643 397 1676 438 ἧν
1690 414 1768 431 συνε-

999 451 1092 481 στάναι
1114 451 1159 480 τὸν
1187 452 1332 493 ἄνθρωπον,
1356 453 1417 493 πρὶν
1444 452 1462 488 ἢ
1481 452 1526 482 τὸν
1547 452 1632 490 πηλὸν
1659 455 1696 488 εἰς
1721 453 1772 487 τὰς

998 508 1089 544 χεῖρας
1102 505 1182 533 αὐτοῦ
1199 506 1296 545 ἐλθεῖν·
1311 505 1380 534 οὕτω
1391 505 1436 535 καὶ
1447 506 1478 535 τὸ
1491 505 1588 546 φθαρὲν
1602 509 1694 540 σκεῦος
1704 506 1768 536 ἀδύ-

998 568 1076 586 νατον
1107 560 1335 596 μεταποιηθῆναι,
1362 559 1386 587 εἴ
1410 557 1447 598 μὴ
1468 558 1574 598 γέγονεν
1601 559 1700 599 ἔνδυμα
1723 561 1771 588 τοῦ

996 603 1164 639 ποιήσαντος.

1042 1125 1124 1155 Ἀλλὰ
1137 1125 1163 1155 τί
1180 1127 1263 1159 εἴπω,
1277 1124 1294 1161 ἢ
1316 1125 1343 1155 τί
1362 1124 1487 1162 λαλήσω;
1503 1125 1665 1161 Ἐπί-πλήττει
1675 1125 1727 1165 γάρ
1739 1136 1773 1165 με

1001 1172 1031 1202 τὸ
1046 1175 1142 1211 θαῦμα.
1157 1172 1192 1201 Ὁ
1204 1172 1315 1205 παλαιὸς
1326 1173 1434 1211 ἡμερῶν
1454 1171 1557 1201 παιδίον
1570 1177 1686 1211 γέγονεν,
1699 1175 1714 1201 ὸ
1729 1173 1773 1202 ἐπὶ

1002 1219 1092 1259 θρόνου
1107 1220 1208 1259 ὑψηλοῦ
1227 1219 1272 1248 καὶ
1294 1217 1442 1257 ἐπηρμένου
1466 1217 1614 1258 καθήμενος
1635 1221 1661 1247 ἐν
1686 1220 1773 1259 φάτνῃ

1001 1264 1119 1300 τίθεται,
1133 1267 1147 1294 ὁ
1161 1264 1278 1304 ἀναφὴς,
1292 1264 1338 1293 καὶ
1360 1265 1474 1300 ἁπλοῦς,
1487 1265 1532 1294 καὶ
1556 1263 1694 1299 ἀσύνθετος
1704 1287 1712 1302 ,
1728 1265 1775 1295 καὶ

1002 1310 1142 1350 ἀσώματος
1165 1310 1258 1351 χερσὶν
1286 1310 1460 1350 ἀνθρωπίναις
1482 1310 1630 1348 ἑλίσσεται,
1644 1313 1658 1340 ὁ
1679 1310 1713 1340 τὰ
1726 1313 1774 1347 τῆς

1001 1356 1132 1396 ἁμαρτίας
1146 1355 1286 1386 ι’διασπῶν
1305 1355 1390 1395 δεσμὰ
1414 1356 1576 1396 σπαργάνοις
1598 1356 1774 1395 ἐμπλέκεται,

1001 1402 1092 1438 ἐπειδὴ
1105 1405 1183 1432 τοῦτο
1197 1402 1275 1431 θέλει.
1290 1402 1372 1431 Θέλει
1385 1401 1436 1442 γὰρ
1460 1402 1508 1438 τὴν
1533 1402 1642 1441 ἀτιμίαν
1664 1405 1774 1438 ποιῆσαι

980 1447 1152 1486 μτι.μ·ὶ]ν,ϊὴν
1177 1447 1281 1482 ἀδοξίαν
1306 1448 1413 1477 ἓνῶσαι
1435 1447 1520 1484 δόξαν,
1534 1448 1577 1478 τὸν
1602 1450 1650 1484 τῆς
1675 1447 1774 1489 ὕὸρεως

1000 1493 1070 1534 ὅρον,
1086 1495 1182 1534 ἀρετῆς
1200 1494 1281 1528 δεῖξαι
1295 1493 1399 1533 τρόπον.
1413 1493 1654 1534 Ὅθεν-ὑπέρχεται
1668 1494 1698 1524 τὸ
1712 1495 1776 1533 ἐμὸν

1001 1542 1095 1579 σῶμα,
1109 1540 1152 1569 ἵνα
1166 1539 1218 1579 ἐγὼ
1231 1540 1348 1580 χωρήσω
1356 1539 1401 1569 τὸν
1416 1541 1496 1569 αὐτοῦ
1511 1539 1597 1579 Λόγον
1607 1552 1613 1559 ·
1625 1541 1671 1570 καὶ
1683 1541 1774 1570 λαὸὼν

1001 1585 1050 1622 τὴν
1065 1586 1130 1624 ἐμὴν
1143 1585 1245 1625 σάρκα,
1257 1584 1349 1614 δίδωσί
1367 1597 1412 1624 μοι
1434 1584 1464 1614 τὸ
1484 1586 1577 1614 ἑαυτοῦ
1593 1587 1718 1624 Πνεῦμα,
1732 1586 1777 1616 ἵνα

1002 1631 1086 1665 διδοὺς
1100 1631 1145 1661 καὶ
1156 1631 1299 1670 λαμὸάνων
1311 1630 1442 1671 θησαυρόν
1459 1643 1504 1670 μοι
1519 1632 1587 1667 ζωῆς
1606 1632 1775 1672 ἐμπορεύση-

1002 1689 1055 1707 ται.
1069 1677 1208 1716 Λαμὸάνει
1234 1689 1284 1716 μου
1307 1676 1355 1713 τὴν
1370 1677 1456 1717 σάρκα
1466 1700 1474 1713 ,
1485 1676 1530 1706 ἵνα
1544 1689 1576 1716 με
1600 1677 1700 1718 ἁγιάσῃ
1712 1690 1718 1696 ·
1733 1677 1777 1708 δί-

1003 1723 1069 1753 δωσί
1084 1735 1129 1763 μοι
1142 1724 1173 1753 τὸ
1186 1724 1298 1762 Πνεῦμα
1323 1724 1419 1758 αὐτοῦ,
1441 1722 1485 1752 ἵνα
1500 1735 1533 1762 με
1555 1723 1682 1761 διασώσῃ.
1698 1723 1778 1754 Ἀλλὰ

1003 1770 1029 1799 τί
1042 1770 1124 1806 εἴπω,
1140 1770 1186 1800 καὶ
1199 1770 1226 1799 τί
1236 1769 1363 1806 λαλήσω;
1378 1769 1448 1800 Ἰδοὺ
1470 1772 1487 1806 ἡ
1499 1769 1626 1810 παρθένος
1638 1772 1664 1800 ἐν
1681 1773 1778 1812 γαστρὶ

1004 1815 1064 1849 ἕξει.
1077 1815 1176 1845 Οὐκέτι
1189 1815 1296 1855 λέγεται
1309 1817 1345 1848 ὡς
1355 1815 1542 1854 γενησόμενον,
1555 1815 1624 1845 ἀλλὰ
1645 1817 1778 1856 θαυμάζε-

203 1864 274 1902 piet.
287 1862 416 1902 Non-jam
431 1861 544 1898 dicitur,
559 1868 590 1890 ut
602 1861 735 1896 futurum,
747 1860 795 1890 scd
806 1860 957 1901 suspicitur
970 1872 990 1895 l)
1004 1873 1049 1891 ται
1068 1863 1104 1895 ὡς
1125 1861 1322 1901 πεπραγμένον.
1343 1861 1425 1901 Παρὰ
1449 1862 1585 1895 Ἰουδαίοις
1611 1861 1776 1902 ἐπέπρακτο,

206 1914 236 1937 ut
250 1908 308 1948 jam
329 1908 441 1936 factum.
461 1909 550 1946 Atque
569 1906 644 1946 apud
663 1907 681 1936 J
684 1906 774 1935 udaeos
788 1906 900 1945 quidem
913 1906 956 1935 fa-

205 1962 279 1984 ctum
298 1962 348 1991 est,
364 1954 440 1995 apud
460 1964 529 1993 quos
554 1953 694 1983 dicebatur
710 1964 743 1983 :a
768 1953 846 1983 nobis
865 1960 955 1983 autem

205 2001 340 2039 creditur,
365 2000 440 2041 apud
468 2011 536 2040 quos
559 2010 592 2029 ne
615 2000 806 2029 nominabatur
829 1999 951 2039 quidem.

205 2050 284 2078 Ecce
304 2048 390 2088 virgo
413 2049 565 2087 concipiet.
585 2047 675 2077 Litera
689 2047 801 2086 quidem
812 2057 955 2087 synagogae

205 2102 255 2133 est,
270 2095 402 2135 possessio
416 2106 479 2125 vero
493 2094 633 2125 Ecclesiae.
649 2094 700 2124 llla
712 2094 825 2124 tabellas
838 2090 964 2132 invenit,¹

206 2143 264 2173 baec
284 2142 456 2182 margaritam
478 2142 596 2172 inveniet
611 2153 618 2169 ε
632 2141 679 2171 illa
694 2141 783 2171 lanam
794 2141 886 2178 tinxit,
898 2141 955 2170 haec

207 2196 280 2219 veste
288 2199 423 2229 purpurea
440 2195 479 2218 est
498 2187 751 2226 induta.Siquidem
761 2187 778 2217 J
780 2187 855 2216 udaea
865 2186 955 2226 ipsum

207 2236 322 2277 peperit,
337 2243 364 2267 at
383 2236 456 2265 orbis
475 2242 608 2265 terrarum
623 2234 712 2274 ipsum
733 2234 849 2273 excepit.
864 2234 955 2273 Syna-

208 2294 276 2323 goga
289 2284 379 2323 ipsum
389 2282 459 2312 aluit
475 2289 501 2311 et
513 2280 638 2312 educavit
649 2293 656 2310 ι
669 2280 790 2310 Ecclesia
805 2279 894 2319 ipsum
913 2287 956 2309 te-

207 2328 278 2365 nuit,
290 2340 374 2368 eoque
397 2328 482 2369 potita
505 2334 553 2357 est.
572 2325 655 2367 Apud
673 2326 748 2355 illam
761 2325 864 2366 palmes
877 2325 952 2362 vitis,

207 2382 233 2404 et
248 2374 321 2416 apud
339 2385 382 2404 me
401 2384 522 2403 racemus
534 2372 665 2402 veritatis.
678 2371 731 2401 Illa
745 2372 880 2401 racemum
892 2371 953 2401 vin-

205 2420 347 2458 demiavit,
361 2427 387 2449 et
407 2426 497 2460 gentes
519 2418 660 2458 mysticam
681 2417 816 2457 potionem
839 2417 950 2446 bibunt.

207 2465 260 2495 Illa
289 2476 402 2506 granum
429 2464 556 2494 frumenti
582 2463 611 2492 in
637 2463 732 2494 Judaea
756 2462 989 2501 seminavit5et1'3

238 2560 247 2570 ‘
264 2556 324 2588 Reg.
338 2559 402 2590 παρὰ
410 2560 450 2585 τὴν
463 2559 537 2590 ἀρχὴν
552 2556 659 2580 ἀδύνατον
673 2558 777 2583 συστῆναι
795 2556 834 2579 τὸν
846 2557 963 2587 &Optuma

205 2598 257 2629 πρὶν
268 2598 282 2623 ἡ
295 2598 333 2620 τὸν
349 2598 404 2620 Θεὸν
416 2598 454 2620 τὸν
465 2597 537 2623 πηλὸν
549 2597 577 2623 εἰς
587 2597 628 2622 τὰς
640 2599 718 2628 χεῖρας
730 2597 770 2622 τὰς
785 2595 865 2618 ἑαυτοῦ
879 2595 961 2618 λαθεῖν.

1004 1910 1068 1948 παρ’
1081 1904 1120 1941 οἷς
1132 1907 1178 1937 καὶ
1199 1907 1304 1947 ἐλέγετο
1313 1919 1319 1926 ·
1335 1909 1377 1947 ὑφ’
1394 1909 1471 1946 ἡμῶν
1486 1908 1514 1937 δὲ
1522 1908 1676 1938 πιστεύεται
1685 1931 1694 1944 ,
1713 1912 1778 1949 παρ’

1005 1951 1042 1988 οἷς
1056 1954 1115 1984 οὐδὲ
1129 1953 1289 1993 ὠνομάζετο.
1305 1952 1374 1983 Ἰδοὺ
1391 1955 1408 1989 ἡ
1420 1954 1548 1993 παρθένος
1567 1955 1594 1983 ἐν
1607 1955 1703 1994 γαστρὶ
1716 1954 1778 1989 ἔξει.

1005 2000 1046 2031 Τὸ
1067 2000 1114 2039 μὲν
1127 2000 1241 2040 γράμμα
1261 2002 1309 2035 τῆς
1330 2001 1500 2039 συναγωγῆς,
1520 2000 1551 2029 τὸ
1571 1999 1599 2029 δὲ
1621 2002 1713 2040 κτῆμα
1730 2003 1779 2037 τῆς

1007 2046 1181 2083 Ἐκκλησίας.
1196 2045 1306 2081 Ἐκείνη
1334 2045 1364 2074 τὸ
1385 2044 1511 2086 δίπτυχον
1538 2041 1621 2086 εὗρεν,
1646 2047 1713 2082 αὕτη
1733 2047 1779 2076 τὸν

1007 2092 1174 2133 μαργαρίτην
1189 2093 1314 2132 ἐφεῦρεν·
1330 2090 1418 2126 ἐκείνη
1440 2091 1471 2121 τὸ
1494 2091 1562 2132 ἔριον
1584 2091 1693 2132 ἔδαψεν,
1710 2092 1779 2129 αὕτη

1006 2139 1054 2175 τὴν
1066 2138 1210 2178 ἁλουργίδα
1224 2136 1374 2167 ἐνεδύσατο.
1391 2136 1426 2167 Ἢ
1437 2138 1554 2167 Ἰουδαία
1564 2138 1615 2179 γὰρ
1635 2139 1711 2169 αὐτὸν
1723 2139 1779 2169 ἔτε-

1005 2197 1047 2219 κε,
1060 2184 1106 2214 καὶ
1125 2186 1142 2220 ἡ
1157 2183 1297 2222 οἰκουμένη
1326 2183 1404 2213 αὐτὸν
1419 2183 1570 2218 ὑπεδέξατο.
1589 2184 1623 2214 Ἢ
1638 2185 1779 2225 συναγωγὴ

1006 2231 1084 2261 αὐτὸν
1099 2230 1191 2271 ἔθρεψε
1200 2252 1208 2266 ,
1221 2230 1267 2259 καὶ
1279 2229 1467 2266 ἐτιθηνήσατο,
1479 2231 1524 2260 καὶ
1535 2233 1552 2267 ἡ
1565 2231 1715 2267 Ἐκκλησία
1727 2243 1780 2261 κα-

1005 2277 1086 2317 τέσχε
1099 2277 1144 2307 καὶ
1169 2276 1354 2317 ἐκαρπώσατο.
1367 2277 1438 2316 Παρ’
1454 2277 1540 2317 ἐκείνῃ
1561 2277 1592 2307 τὸ
1613 2278 1707 2316 unp-a
1730 2280 1779 2314 τῆς

1006 2323 1126 2362 ἀμπέλου
1135 2343 1143 2358 ,
1170 2322 1215 2351 καὶ
1240 2323 1304 2362 παρ’
1331 2322 1390 2361 ἐμοὶ
1414 2324 1428 2352 ὁ
1457 2322 1551 2363 βότρυς
1577 2325 1625 2359 τῆς
1645 2323 1778 2359 ἀληθείας.

1006 2369 1114 2404 Ἐκείνη
1128 2368 1173 2398 τὸν
1189 2368 1282 2408 βότρυν
1297 2367 1426 2408 ἐτρύγησε
1434 2391 1443 2405 ,
1454 2368 1500 2398 καὶ
1513 2368 1547 2397 τὰ
1564 2369 1625 2404 ἔθνη
1638 2368 1669 2398 τὸ
1679 2381 1778 2407 μυστι·

1006 2415 1051 2445 κον
1065 2415 1136 2444 πίνει
1149 2414 1234 2453 πόμα.
1249 2414 1357 2450 Ἐκείνη
1382 2414 1427 2444 τὸν
1441 2414 1536 2444 κόκκον
1549 2418 1596 2444 τοῦ
1611 2415 1684 2444 σίτου
1702 2416 1729 2444 ἐν
1743 2418 1777 2455 τῇ

1007 2462 1122 2502 Ἰουδαίᾳ
1147 2462 1270 2501 ἔσπειρε,
1283 2460 1375 2491 καὶτὰ
1391 2461 1453 2496 ἔθνη
1471 2462 1505 2501 τῇ
1528 2460 1643 2501 δρεπάνῃ
1666 2463 1714 2497 τῆς
1733 2462 1778 2492 πί-

1015 2555 1073 2579 οὕτω
1085 2555 1122 2578 καὶ
1135 2555 1161 2578 τὸ
1174 2554 1296 2587 διαφθαρὲν
1307 2554 1415 2577 ἀδύνατον
1427 2554 1453 2581 ἦν
1464 2556 1652 2584 μεταποιηθῆναι.

1046 2592 1059 2611 ‘¹
1077 2592 1271 2625 Κθξςῶιαῤῥήξας.
1286 2590 1356 2615 Infra
1368 2589 1435 2615 idem
1448 2596 1488 2621 τῆς
1498 2593 1579 2626 ὖὸρεως
1592 2594 1667 2624 λόγον,
