1890 2826
521 182 556 206 m
582 181 701 214 lLLUD,
730 180 805 204 vim
830 177 1005 210 Domuum,
1033 178 1150 202 nomn„
1179 179 1227 203 tv.

90 247 163 287 χορῷ
175 246 229 277 τῶν
245 244 342 285 ἅγίωη
353 245 401 274 οὐκ.
421 239 489 274 εἶδεν
506 244 600 279 αὖτοὺς
622 243 856 285 μαρτυρήσανταςς

91 293 141 332 οὐχ
151 290 266 327 εἱστήκει
282 290 401 331 καθάπερ
415 291 472 331 ὅρος
486 290 524 330 μὴ
538 294 549 307 “
559 290 738 331 σαλευομένη;
756 290 807 329 οὐχ
818 290 857 318 εἱ-

88 337 184 373 στήκει
195 338 253 366 καθ’
268 336 377 366 ἕκαστον
397 338 484 366 αὐτῶν
503 340 672 378 μαρτυροῦσα
681 357 690 371 ,
708 335 754 365 καὶ
769 334 857 374 μήτηρ

89 382 240 423 μαρτύρων,
254 382 299 413 καὶ
313 382 422 416 ἑπτάκις
436 383 618 423 ἐμαρτύρησε;
639 380 857 420 Βασανιζομένων

85 427 139 469 γὰρ
151 428 273 464 ἐκείνων,
287 427 354 464 αὐτὴ
368 427 381 445 ¹²
392 428 442 464 τὴν
455 430 561 469 πληγὴν
583 428 698 469 ἐδέχετο.
720 427 791 458 Οὐδὲ
806 426 858 466 γὰρ

87 476 196 508 ἀπαθῶς
215 474 285 504 οὕτω
299 474 333 503 τὰ
353 475 478 515 γινόμενα
496 475 617 516 ἐδέχετο·
638 474 728 515 μήτηρ
741 473 792 514 γὰρ
809 469 857 510 ἦν,

86 520 132 550 καὶ
145 523 193 556 τῆς
207 520 308 560 φύσεως
319 522 337 556 ἡ
357 520 431 560 ῧὸρις
443 520 493 557 τὴν
513 520 612 551 οἰκείαν
626 521 736 559 δύναμιν
754 519 858 549 ἐπεδεί-

86 577 178 595 κνυτο·
198 567 256 596 ἀλλ’
275 567 324 596 οὔκ
344 567 457 596 ἐνικᾶτο.
476 566 609 597 Θάλασσα
623 566 674 607 γὰρ
695 561 728 602 ἦν
748 565 793 595 καὶ
808 564 857 594 κύ-

86 623 160 650 ματα
168 623 174 630 ·
190 612 248 641 ἀλλ’
262 611 352 652 ὥσπερ
364 614 382 648 ἠ
396 611 517 642 Θάλασσα
529 612 675 652 μαινομένη
685 610 856 645 καταλύεται,

86 656 155 686 οὕτω
168 657 213 686 καὶ
225 660 242 693 ἡ
257 657 333 698 φύσις
342 657 496 698 ἐγειρομένη
509 660 547 698 τῷ
558 658 631 699 φόὸῳ
649 660 694 688 τοῦ
709 658 779 687 Θεοῦ
793 658 856 696 ἐχα-

84 702 197 733 λινοῦτο.
208 704 271 737 Πῶς
281 703 373 738 αὐτοὺς
385 703 493 744 ἤλειψε;
508 706 564 738 πῶς
575 703 669 738 αὐτοὺς
679 704 785 744 ἔθρεψε;
798 705 856 736 πῶς

86 748 154 779 ἔπτὰ
165 749 241 783 ναοὺς
252 751 290 790 τῷ
304 751 367 790 Θεῷ
378 750 554 790 παρέστησεν,
564 749 717 790 ἀνδριάντας
731 751 854 790 χρυσοῦς,

87 795 187 833 μᾶλλον
201 795 229 826 δὲ
243 795 288 825 καὶ
299 798 398 836 χρυσοῦ
410 795 595 835 τιμιωτέρους,

124 1023 189 1053 Ὀτι
200 1023 251 1064 γὰρ
264 1025 293 1054 οὐ
306 1026 421 1054 τοιοῦτον
432 1025 539 1065 χρυσὸς,
550 1021 602 1055 οἷον
616 1026 690 1066 ψυχὴ
705 1026 854 1066 μαρτύρων,

84 1069 207 1110 πρόσεχε.
219 1070 348 1106 Εἱστήκει
366 1073 380 1100 6
393 1070 531 1110 τύραννος,
551 1071 598 1101 καὶ
619 1072 670 1101 ὑπὸ
684 1077 746 1110 μιᾶς
764 1083 855 1110 γυναι-

85 1115 130 1148 κὸς
138 1115 289 1154 ἡττώμενος
300 1115 438 1156 ἀνεχώρει.
450 1107 568 1150 Ἐκεῖνος
584 1116 674 1151 ὅπλοις
693 1117 856 1156 ἐπολιόρκει,

83 1159 131 1189 καὶ
153 1159 220 1196 αὕτη
245 1161 379 1201 προθυμία
407 1161 573 1201 περιεγένετο
584 1174 591 1180 ·
617 1165 713 1196 ἐκεῖνος
745 1161 855 1201 κάμινον

85 1206 185 1246 ἀνῆψε,
201 1205 246 1235 καὶ
257 1206 324 1243 αὕτη
343 1206 391 1243 τὴν
405 1207 500 1247 ἀρετὴν
514 1211 561 1237 τοῦ
581 1208 730 1247 πνεύματος
739 1221 745 1228 ·
759 1210 856 1242 ἐκεῖνος

85 1251 263 1291 στρατόπεδον
277 1251 372 1290 ἐκίνει,
386 1252 432 1281 καὶ
445 1252 512 1288 αὕτη
534 1254 599 1294 πρὸς
613 1254 738 1293 ἀγγέλους
749 1257 854 1294 μεθωρ-

86 1295 175 1335 μίζετο
184 1308 191 1315 ·
206 1296 276 1337 ἑώρα
290 1296 363 1326 κάτω
376 1297 421 1327 τὸν
434 1297 571 1338 τύραννον,
581 1299 628 1328 καὶ
642 1299 736 1328 ἐνενόει
747 1299 791 1329 τὸν
801 1299 855 1328 ἄνω

87 1342 274 1381 βασιλεύοντα·
288 1343 359 1384 ἑώρα
378 1343 426 1377 τὰς
444 1343 518 1373 κάτω
533 1344 673 1384 βασάνους,
689 1346 734 1375 καὶ
748 1345 855 1386 ἠρίθμει

84 1388 118 1418 τὰ
131 1388 185 1417 ἄνω
199 1389 326 1429 βραδεῖα·
348 1389 419 1430 ἑώρα
440 1390 489 1427 τὴν
511 1394 646 1431 παροῦσαν
670 1391 794 1426 κόλασιν,
808 1391 854 1421 καὶ

85 1434 180 1465 ἐνενόει
192 1435 240 1472 τὴν
255 1435 402 1474 μέλλουσαν
423 1436 576 1467 ἀθανασίαν.
593 1438 641 1467 Διὸ
655 1438 700 1467 καὶ
719 1440 733 1467 6
746 1439 854 1472 Παῦλος

84 1480 158 1520 ἔλεγε
166 1492 174 1499 ·
186 1481 234 1518 Μὴ
249 1481 416 1512 σκοπούντων
427 1484 504 1522 ἡμῶν
517 1482 551 1512 τὰ
564 1484 724 1523 βλεπόμενα,
737 1484 806 1514 ἀλλὰ
819 1484 852 1513 τὰ

85 1525 123 1565 μὴ
143 1527 302 1566 βλεπόμενα.
319 1527 368 1564 Μή
386 1540 412 1558 τι
429 1528 541 1567 κώλυμα
554 1531 568 1558 6
581 1529 665 1568 γάμος
684 1529 802 1569 ἐγένετο;
817 1531 841 1559 Τ
844 1529 853 1560 ί

86 1571 114 1601 δὲ
134 1574 148 1601 6
168 1572 285 1612 Πέτρος,
299 1575 316 1609 ἡ
331 1573 428 1614 κρηπὶς
448 1575 495 1610 τῆς
519 1573 697 1610 Ἐκκλησίας,
713 1577 728 1604 6
745 1576 853 1614 μανικὸς

85 1617 198 1657 ἐραστὴς
211 1621 256 1648 τοῦ
269 1620 402 1659 Χριστοῦ,
416 1619 463 1650 καὶ
477 1620 632 1654 ἀπαίδευτος
645 1623 683 1661 τῷ
705 1622 790 1662 λόγῳ,
807 1621 853 1651 καὶ

87 1663 204 1703 ῥητόρων
226 1664 439 1704 περιγινόμενος,
456 1667 476 1694 6
497 1665 619 1703 ἀμαθὴς,
640 1666 686 1695 καὶ
705 1667 853 1707 φιλοσόφων

85 1707 237 1748 ἀποφράξας
258 1709 394 1749 στόματα,
404 1711 418 1738 ὁ
431 1709 479 1746 τὴν
494 1713 504 1726 ⁶
515 1710 674 1747 Ἑλληνικὴν
696 1712 788 1752 σοφίαν
802 1725 853 1743 κα-

85 1753 169 1794 θάπερ
184 1754 302 1794 ἀράχνην
317 1754 441 1788 διαλύσας
447 1763 461 1790 ,’
470 1757 484 1784 6
494 1755 543 1791 τὴν
559 1756 714 1795 οἰκουμένην
726 1759 853 1798 περιδρα-

86 1798 158 1837 μὼν,
171 1801 185 1828 6
199 1800 361 1840 σαγηνεύσας
373 1800 421 1836 τὴν
436 1801 569 1831 θάλασσαν
579 1824 587 1839 ,
601 1801 646 1831 καὶ
667 1801 790 1836 ἆλιεύσας
803 1803 852 1840 τὴν

85 1845 252 1884 οἰκουμένην,
266 1847 313 1876 οὐκ
327 1841 382 1887 εἶχε
397 1847 441 1876 καὶ
454 1842 529 1881 οὗτος
546 1851 674 1887 γυναῖκα,
685 1848 754 1885 Nat,
773 1844 852 1890 εἶχεν.

84 1890 150 1921 Ὅτι
161 1891 188 1921 δὲ
198 1892 285 1932 ἔσχεν,
296 1893 407 1923 ἄκουσον
417 1896 461 1923 τοῦ
472 1894 666 1933 εὐαγγελιστοῦ.
677 1895 713 1925 Τί
724 1895 752 1924 δέ
762 1907 850 1935 φησιν,

84 1937 213 1973 Εἰσῆλθεν
228 1939 242 1967 ὁ
256 1939 358 1974 Ἰησοῦς
379 1938 443 1979 πρὸς
463 1939 512 1975 τὴν
533 1940 660 1980 πενθερὰν
680 1941 783 1981 Πέτρου
798 1955 851 1971 πυ-

85 1981 239 2022 ρέσσουσαν.
255 1983 342 2013 Ὅπου
350 1984 479 2025 πενθερὰ,
493 1984 506 2001 '¹
515 1987 569 2015 ἐκεῖ
584 1986 629 2015 καὶ
642 1986 723 2026 γυνὴ,
737 1988 792 2017 ἐκεῖ
806 1988 851 2017 καὶ

84 2027 175 2067 γάμος.
189 2029 226 2059 Τί
245 2030 273 2059 δὲ
295 2031 308 2059 6
329 2030 479 2066 Φίλιπποςς
502 2032 531 2060 οὔ
554 2031 684 2072 τέσσαρας
707 2033 850 2074 θυγατέρας

85 2069 170 2114 εἶχινς
182 2075 269 2105 Ὅπου
283 2075 310 2105 δὲ
330 2076 454 2116 τέσσαρες
466 2077 615 2118 θυγατέρες,
635 2080 688 2108 ἐκεῖ
705 2079 750 2108 καὶ
767 2080 849 2119 γυνὴ,

70 2119 130 2148 -καὶ
149 2120 241 2159 γάμος.
255 2121 292 2151 Τί
313 2117 357 2151 οὗν
372 2125 386 2151 ὁ
399 2122 525 2162 Χριστόςς
547 2124 611 2153 Ἀπὸ
633 2124 761 2165 παρθένου
784 2125 849 2165 μέν·

87 2165 145 2193 ἀλλ’
160 2166 196 2198 εἷς
209 2165 293 2205 γάμον
312 2167 487 2207 παρεγένετο,
512 2168 556 2198 καὶ
577 2170 659 2209 δῶρον
684 2170 849 2210 εἰσήνεγκεν·

87 2210 146 2239 Οὔκ
167 2209 256 2250 ἔχουσι
274 2211 341 2252 γὰρ,
363 2213 455 2253 φησὶν,
474 2209 541 2244 οἶνον
552 2227 558 2233 ·
580 2215 625 2245 καὶ
647 2216 678 2246 τὸ
697 2216 765 2257 ὕδωρ
781 2213 848 2248 οἶνον

87 2254 203 2291 ἐποίησε,
217 2258 251 2296 τῇ
267 2258 393 2298 παρθενίᾳ
405 2259 450 2289 τὸν
461 2259 546 2299 γάμον
559 2263 653 2300 τιμῶν,
668 2264 701 2301 τῇ
722 2263 807 2303 δωρεᾷ
819 2263 850 2293 τὸ

86 2303 197 2338 πρᾶγμα
220 2300 372 2339 θαυμάζων·
393 2301 435 2332 ἵνα
464 2303 501 2343 μὴ
527 2304 657 2346 βδελύσσῃ
680 2306 724 2335 τὸν
745 2307 830 2346 γάμον
839 2330 847 2344 ,

1591 168 1656 214 143

913 241 1056 271 coronari?
1070 252 1158 272 annon
1172 242 1266 272 vidisti
1278 248 1374 278 totum,
1383 249 1410 272 et
1422 242 1474 272 filii
1487 249 1618 273 amantem
1631 249 1658 272 et

912 284 990 314 Dei?
1011 286 1144 324 numquid
1160 287 1205 316 hic
1226 287 1314 316 obfuit
1338 286 1558 316 matrimonium?
1582 286 1656 324 Quid
1666 295 1723 317 Laus
1751 295 1814 317 Μη-

912 338 1002 360 autem
1023 333 1236 362 Maccahaeorum
1249 339 1335 362 mater
1348 332 1362 362 Ρ
1384 342 1472 362 nonne
1494 344 1565 362 uxor
1579 334 1632 363 suit
1644 335 1658 363 Ρ
1668 327 1811 380 ωζῖξζζξῗωω

912 387 998 407 nonne
1008 385 1108 418 septem
1122 379 1193 408 filios
1199 379 1305 409 addidit
1312 386 1465 409 sanctorum
1474 379 1556 408 choro
1564 380 1578 408 ἐ’
1588 389 1658 409 non-

914 434 947 453 ne
955 424 1028 453 vidit
1037 425 1099 454 illos
1110 425 1405 465 martyriocoronatos?
1418 435 1506 454 nonne
1514 426 1659 465 spectatrix

912 470 1052 505 adstabat,
1070 478 1206 512 tamquam
1235 482 1311 501 mons
1335 471 1448 511 quidam
1460 471 1621 501 *immobilis
1643 473 1657 501 Ξ)

912 527 1000 546 nonne
1013 517 1136 546 adstabat
1150 518 1177 547 in
1198 529 1360 557 unoquoque
1372 518 1484 548 illorum
1494 518 1658 559 martyrium

912 562 1026 602 patiens,
1038 569 1065 592 et
1085 570 1169 593 mater
1182 570 1341 603 martyrum,
1355 564 1453 604 septies
1475 564 1534 604 ipsa
1553 571 1657 605 marty-

913 609 986 639 rium
996 608 1060 638 tulit
1073 609 1087 638 ?
1103 610 1174 639 Dum
1186 611 1257 640 enim
1265 610 1308 640 illi
1321 610 1526 649 torquebantur,
1537 610 1584 639 illa
1598 610 1658 650 pla-

911 666 972 695 gam
987 655 1144 696 accipiebat.
1159 657 1252 695 Neque
1265 658 1336 686 enim
1350 657 1407 686 sine
1420 656 1577 686 dolorehaec
1584 656 1659 686 exci-

910 702 1003 741 piebat
1018 715 1024 731 :
1041 709 1125 731 mater
1139 710 1206 740 erat,
1220 709 1246 732 et
1258 710 1360 732 naturae
1372 702 1447 732 illata
1464 702 1507 732 vis
1518 698 1657 743 propriam

910 747 1036 778 virtutem
1048 747 1220 786 declarabat3
1234 755 1261 777 at
1275 747 1324 778 illa
1333 758 1389 778 non
1402 748 1571 779 vincebatur.
1580 750 1657 778 Mare

909 794 1019 833 quidem
1028 801 1086 824 erat
1101 801 1127 824 et
1144 795 1242 824 fluctus
1253 806 1260 823 ι
1278 802 1403 825 caeterum
1415 796 1485 825 sieut
1498 806 1581 831 mare,
1594 805 1656 824 cum

909 839 1019 877 insanit,
1033 841 1157 873 sedatum
1169 840 1205 869 im
1212 847 1239 870 et
1254 848 1347 870 natura
1361 847 1504 875 commota,
1514 847 1587 869 metu
1603 840 1655 869 Dei

907 887 1101 922 refrenabatur.
1117 887 1260 924 Quomodo
1278 898 1323 916 eos
1348 887 1450 916 unxit?
1464 886 1598 925 quomodo
1612 896 1657 915 eos

909 933 1004 963 aluit?
1024 934 1160 973 quomodo
1179 941 1280 973 septem
1309 934 1409 973 templa
1435 934 1492 962 Deo
1516 933 1654 968 exhibuit,

909 985 1009 1009 statuas
1022 991 1126 1016 aureas,
1141 980 1197 1008 imo
1218 979 1308 1019 potius
1324 989 1390 1008 auro
1402 979 1570 1018 pretiosiores
1582 978 1596 1007 Ρ

948 1027 979 1055 ὅ.
996 1027 1034 1055 Ut
1054 1025 1126 1054 enim
1143 1025 1211 1054 scias
1230 1035 1283 1054 non
1296 1025 1349 1054 tale
1367 1035 1422 1054 esse
1444 1035 1552 1061 aurum,
1567 1024 1657 1063 qualis

910 1078 949 1100 est
973 1071 1061 1100 anima
1084 1077 1245 1110 martyrum,
1260 1070 1377 1099 attende.
1393 1071 1487 1100 Stabat
1511 1077 1654 1110 tyrannus,

911 1124 991 1155 atque
1004 1117 1038 1146 ab
1060 1127 1113 1146 una
1128 1116 1243 1145 muliere
1255 1123 1397 1156 superatus
1417 1115 1580 1146 discedebat.
1605 1116 1656 1146 Ille

910 1163 992 1192 armis
1009 1163 1190 1203 oppugnabat,
1204 1162 1262 1191 baec
1285 1162 1368 1192 animi
1381 1162 1410 1191 vi
1426 1162 1587 1202 superabat3
1608 1162 1657 1192 ille

909 1210 1043 1238 fornacem
1057 1208 1223 1243 incendebat,
1243 1207 1299 1237 lime
1318 1208 1445 1238 virtutem
1459 1208 1571 1248 spiritus
1584 1220 1592 1242 ;
1608 1209 1656 1238 ille

909 1255 1057 1289 exercitum
1070 1254 1207 1291 movebat,
1232 1254 1290 1283 haec
1312 1253 1348 1282 ad
1367 1254 1476 1293 angelos
1502 1254 1656 1293 applicabat

908 1301 1028 1330 animum
1040 1312 1046 1329 z
1062 1299 1173 1329 videbat
1186 1299 1287 1328 inferne
1302 1306 1458 1339 tyrannum,
1472 1306 1499 1328 et
1512 1299 1539 1328 in
1564 1300 1654 1329 animo

911 1345 1034 1374 versabat
1041 1344 1120 1373 illum
1128 1344 1154 1373 in
1163 1344 1286 1384 supernis
1291 1350 1457 1383 regnantem
1466 1343 1576 1374 videbat
1585 1344 1654 1373 infra

908 1401 937 1419 se
950 1397 1090 1426 tormenta,
1098 1397 1125 1420 at
1134 1390 1291 1420 numerabat
1298 1400 1414 1430 superna
1426 1390 1532 1428 hravia3
1543 1390 1654 1420 videbat

908 1443 1064 1476 praesentem
1071 1436 1231 1471 cruciatum,
1238 1442 1265 1465 et
1273 1436 1407 1475 cogitabat
1416 1436 1535 1465 futuram
1542 1436 1653 1466 immor-

909 1482 1048 1514 talitatem.
1075 1483 1248 1522 Quapropter
1260 1488 1286 1511 et
1309 1482 1409 1511 Paulus
1432 1481 1559 1520 dicebat,
1582 1483 1652 1512 Non
1663 1500 1686 1516 2,
1699 1494 1784 1524 00„ss

907 1529 1172 1569 contemplantibus
1193 1531 1277 1558 nobis
1291 1539 1356 1568 quoe
1376 1529 1525 1565 videntur,
1540 1530 1593 1559 sed
1617 1540 1653 1559 ea
1666 1526 1701 1550 ¹3·

906 1586 971 1615 quoe
985 1586 1045 1604 non
1056 1576 1207 1605 videntur.
1221 1577 1294 1605 Num
1304 1574 1371 1614 quid
1379 1575 1654 1606 obstaculi-adferebat

905 1619 1303 1657 matrimonium?Quidautem
1310 1621 1415 1655 Petrus,
1427 1619 1500 1649 basis
1511 1620 1649 1658 Ecclesiae,

905 1663 953 1693 ille
965 1664 1107 1694 vehemens
1130 1672 1232 1694 amator
1244 1664 1356 1702 Christi,
1374 1664 1421 1694 ille
1437 1675 1558 1695 sermone
1573 1666 1651 1696 indo-

906 1716 974 1745 ctus,
984 1717 1009 1739 et
1023 1710 1161 1739 rhetorum
1173 1710 1269 1747 victor,
1286 1710 1333 1739 ille
1347 1710 1498 1750 imperitus,
1507 1712 1554 1750 qui
1563 1718 1651 1742 tamen

907 1753 1077 1793 philosophis
1101 1754 1238 1783 obturavit
1253 1764 1300 1791 os,
1323 1754 1371 1783 ille
1390 1755 1438 1792 qui
1469 1755 1651 1787 Graecanicam

907 1799 1064 1838 sapientiam
1084 1799 1161 1838 qnasi
1186 1809 1344 1829 aranearum
1358 1800 1437 1829 telam
1451 1800 1587 1839 dissolvit,
1602 1802 1651 1841 qui

906 1851 1038 1874 terrarum
1051 1845 1142 1874 orbem
1157 1845 1318 1885 peragravit,
1332 1845 1379 1885 qui
1394 1856 1518 1886 sagenam
1528 1848 1601 1877 misit
1620 1849 1649 1878 in

907 1901 979 1920 mare
1001 1897 1027 1920 et
1043 1891 1161 1931 piscatus
1185 1898 1225 1921 est
1243 1891 1335 1920 orbem
1349 1914 1356 1928 ‚
1372 1902 1460 1922 annon
1487 1893 1583 1924 habuit
1604 1895 1649 1924 hic

907 1947 1012 1975 qnoque
1026 1937 1161 1966 uxorem?
1178 1938 1259 1973 Sanc,
1274 1936 1379 1966 habuit.
1396 1937 1478 1975 Quod
1490 1946 1579 1968 autem
1597 1940 1647 1969 ha-

906 1978 1005 2019 buerit,
1018 1982 1082 2012 audi
1095 1982 1284 2022 evangelistam
1312 1989 1457 2013 testantem.
1471 1984 1545 2021 Quid
1558 1992 1648 2015 aulem

905 2029 962 2059 ait?
973 2031 1123 2070 Ingressus
1133 2030 1202 2058 εει]
1202 2039 1265 2058 esus
1272 2029 1313 2057 ad
1318 2039 1431 2058 socr-um
1440 2031 1524 2059 Petri
1524 2033 1647 2071 sebrici-
1658 2049 1732 2071 Marc.
1747 2056 1768 2072 ι,

907 2082 1025 2105 tantem.
1038 2075 1095 2106 Ubi
1108 2085 1210 2111 socrus,
1226 2074 1265 2104 ibi
1278 2082 1303 2104 et
1315 2086 1394 2114 uxor;
1407 2076 1455 2105 uhi
1467 2088 1548 2114 uxor,
1567 2079 1606 2108 ibi
1621 2086 1647 2108 et
1656 2079 1696 2102 30-

905 2121 1070 2162 conjugium.
1082 2120 1156 2158 Quid
1164 2127 1252 2150 autem
1259 2121 1423 2161 Philippus?
1431 2132 1518 2152 nonne
1533 2132 1646 2163 quatuor
1658 2136 1706 2158 Acts
1719 2142 1757 2159 αι.
1771 2144 1795 2167 9.

905 2168 1020 2198 habebat
1027 2166 1094 2196 filias
1102 2167 1115 2196 ἱ)
1125 2166 1180 2196 Ubi
1188 2177 1251 2196 vero
1261 2173 1375 2205 quatuor
1384 2167 1459 2204 filiae,
1465 2168 1524 2198 illic
1531 2176 1557 2198 et
1565 2180 1644 2206 uxor,

905 2222 930 2244 et
943 2213 1154 2244 matrimonium.
1168 2213 1243 2250 Quid
1263 2213 1346 2252 igitur
1359 2213 1505 2244 Christus?
1526 2216 1569 2244 Ex
1587 2218 1646 2246 vir-

904 2260 965 2301 gine
977 2259 1087 2303 quidem
1102 2265 1179 2288 natus
1192 2266 1231 2288 est
1244 2271 1250 2287 t
1265 2269 1359 2288 verum
1371 2259 1405 2288 ad
1414 2261 1520 2300 nuptias
1527 2262 1644 2297 accessit,

903 2307 934 2336 ac
946 2305 1047 2335 donum
1060 2305 1150 2334 attulit
1164 2315 1171 2332 .-
1185 2305 1255 2334 Non
1269 2305 1389 2341 habent,
1405 2305 1503 2343 inquit,
1517 2307 1619 2335 vinum
1631 2319 1642 2336 .·
1654 2328 1724 2349 Joan.
1738 2335 1762 2352 ὃ

86 2343 175 2373 ’ἀλλὰ
194 2347 273 2384 μισῇς
293 2345 341 2382 τὴν
360 2347 492 2386 πορνείαν.
514 2350 562 2389 Τῷ
584 2351 642 2390 ἐμῷ
664 2350 775 2391 κινδύνῳ
796 2352 848 2392 ἐγὼ
866 2361 884 2384 Β
903 2359 928 2382 et
942 2362 1038 2391 aquam
1051 2350 1132 2380 vertit
1145 2350 1171 2379 in
1183 2350 1454 2390 vinum‚virginitale
1468 2352 1575 2391 nuptias
1594 2353 1643 2385 ho-
1654 2357 1678 2380 3.

80 2434 83 2438 ·
117 2429 129 2441 ·
144 2420 191 2447 Alii
201 2425 358 2456 σαλιυόμενον.

118 2461 133 2481 Β
149 2461 197 2486 Alii
205 2467 247 2492 τὴν
258 2466 345 2495 πληγὴν
354 2466 441 2499 (papa.
599 2481 602 2483 ·

885 2428 945 2463 legit
957 2430 1076 2454 Erasmus

919 2469 930 2484 ⁴¹
948 2468 1048 2501 Aliquot
1060 2468 1118 2492 Mss.
1134 2470 1178 2492 ἐκεῖ
1189 2470 1226 2493 καὶ
1238 2472 1299 2499 γυνή.
1313 2469 1368 2493 ὅπου
1377 2471 1442 2499 γυνὴ,
1454 2470 1509 2498 ἐκεῖ,
1521 2473 1595 2501 atquc
1607 2469 1645 2495 ita

117 2507 128 2519 ¹
145 2499 191 2525 Alii
202 2498 325 2531 ἑλληνικὴν
337 2505 454 2536 θρησκιὶαν
468 2506 519 2529 καθ.
527 2503 588 2534 Quae
597 2503 672 2529 lectio
685 2503 836 2537 prasci-enda
886 2506 1026 2540 legendum.
1042 2507 1071 2530 ln
1084 2504 1170 2531 Movet.
1185 2504 1220 2539 [ct
1232 2504 1320 2537 Savil.]
1333 2509 1387 2532 ὅπου
1398 2511 1450 2538 γυνή
1462 2505 1540 2531 deest.

87 2543 152 2563 oen-te
164 2538 288 2564 videretur
300 2539 349 2564 hoc
361 2539 426 2564 loco.
440 2541 532 2565 Verum
544 2542 674 2574 Morellm,
685 2543 799 2574 Sunius,
812 2551 837 2570 et

87 2577 192 2602 maxima
205 2586 261 2611 pars
273 2579 496 2612 Manuscriptorum
512 2585 587 2615 mpla»
599 2580 701 2614 liabent,
715 2589 789 2617 atquc
801 2584 836 2609 iun

919 2553 928 2565 ε
946 2546 1008 2570 Tres
1017 2545 1074 2570 Mas.
1089 2547 1150 2570 ἀλλὰ
1158 2549 1260 2577 μισήσῃς.
