1904 2840
756 223 791 246 m
816 223 1019 247 manuisum.
1597 215 1667 264 735

113 301 127 316 n
150 285 335 328 Chrysostomi
346 286 390 318 vel
405 285 433 315 in
443 284 572 321 dictione,
584 284 629 315 vel
642 283 670 313 in
681 285 827 324 sententiis,
841 285 886 314 vel
899 285 926 314 in
939 284 1121 325 dogmatibus,
1133 285 1238 325 'habent
1254 298 1260 315 :
1279 285 1326 316 sed
1336 296 1441 327 sparsas
1453 286 1565 318 haereses
1575 290 1667 319 Mani-

112 347 127 362 »
147 335 293 371 cliaeorum,
303 331 539 368 Montanistarum‚
550 330 723 366 Arianorum,
739 341 771 360 ac
779 331 980 365 Donatistarum
993 331 1128 361 continent
1140 344 1146 360 :
1160 338 1241 371 atque
1255 333 1335 373 plane
1348 333 1375 362 in
1394 334 1519 364 omnibus
1532 346 1561 365 se
1571 336 1668 376 prodat

111 393 126 408 υ
147 390 240 413 auctor
251 382 332 421 longe
342 380 450 421 longius
462 379 497 409 ab
509 379 632 410 Ecclesia
645 378 783 409 Catholica
797 379 913 408 alienum
930 391 937 407 τ
953 378 1001 417 qui
1021 378 1164 408 Catholicae
1181 379 1308 409 Ecclesioe
1330 387 1385 410 toto
1398 381 1464 411 orbe
1480 381 1586 412 diffusae
1598 394 1669 424 saepe

110 441 125 456 ι
146 428 278 462 detrabat,
290 433 316 456 et
325 426 375 457 vix
385 425 413 454 in
424 424 516 466 paucis
528 423 667 455 veritatem
676 423 788 464 reperiri
799 423 957 453 contendat?
970 436 985 452 n
1007 426 1141 454 Hactenus
1152 426 1294 456 Batonius.

174 472 364 504 Tillemontius
375 481 455 512 porro
466 470 501 500 de
513 471 602 511 Opere
612 470 766 510 imperfecto
776 469 833 500 haec
843 469 935 507 habet,
945 480 1005 509 quae
1018 480 1066 500 nos
1081 470 1176 500 Latine
1184 472 1375 503 convertimus.
1382 474 1460 503 «Non
1471 473 1519 504 diu
1530 473 1666 505 disseren-

108 534 123 549 »ι
145 521 212 551 dum
227 527 294 561 puto
304 519 339 549 de
349 519 438 559 Opere
448 517 497 547 illo
510 517 675 557 imperfecto.
687 517 801 546 Putatur
811 523 881 546 certe
894 516 984 556 potius
999 517 1094 547 Latine
1106 517 1235 557 scriptum
1254 518 1347 554 fuisse,
1359 530 1440 558 quam
1450 531 1484 551 ex
1502 521 1597 551 Graeeo
1609 523 1665 552 La-

107 579 122 594 n
144 567 200 596 tine
211 565 378 596 translatum.
386 566 422 595 At
431 570 534 593 certum
546 562 655 592 omnino
667 568 718 599 est,
732 561 913 601 quamtumvis
925 562 1202 603 contra'disceptetur,
1216 563 1299 593 fuisse
1311 565 1452 603 Arianum,
1467 567 1598 598 Arianicae
1611 568 1667 598 hae-

107 625 122 640 n
143 613 196 642 roei
218 610 442 642 addictissimum.
457 610 592 639 Diuturna
610 619 641 638 ac
653 609 720 638 forte
741 618 794 638 non
813 608 850 638 ita
864 608 927 638 utili
949 608 1142 648 perquisitione
1152 605 1154 607 ¹
1163 619 1232 649 opus
1246 617 1314 640 esset
1336 611 1371 641 ad
1393 613 1589 652 explorandum
1611 627 1667 655 quo

86 690 91 694 ι
108 671 122 685 n
145 665 265 699 tempore
277 657 324 687 ille
340 656 450 687 vixerit.
466 656 578 686 Certum
589 654 682 694 utique
697 661 737 684 est
750 653 890 694 scripsisse
902 660 963 694 post
975 653 1158 683 Theodosium
1172 654 1317 694 Magnum,
1332 656 1379 695 qui
1393 657 1574 690 Arianismum
1586 671 1666 691 ever-

107 718 122 733 »
143 712 222 742 terat,
233 711 264 734 ut
274 704 320 734 hic
333 703 449 744 scriptor
456 702 644 742 ¹conqueritur.
657 701 740 739 Quod
750 707 839 731 autem
851 700 898 730 ille
910 700 945 730 de
954 700 1066 731 decimis
1074 701 1213 731 fructuum
1224 702 1305 733 habet
1326 703 1361 733 ad
1374 711 1506 744 postrema
1519 706 1667 738 Arianismi

108 765 122 779 n
144 758 273 792 tempora,
286 749 322 780 ad
334 750 478 790 septimum
491 748 596 779 circiter
609 748 749 784 saecutun,
762 745 944 786 ablegandum
959 746 1048 786 ipsum
1061 757 1118 776 esse
1134 747 1239 784 suadet,
1252 748 1471 788 quandoquidem
1483 749 1540 781 haec
1558 751 1666 783 haeresis

105 810 119 824 n
141 797 177 827 ad
188 807 272 836 usque
293 797 373 826 finem
394 794 464 826 sexti
479 795 570 825 saecuti
586 795 614 825 in
645 794 772 835 Hispania
792 792 912 824 subst‘tit
931 794 1124 834 regnavitque:
1141 794 1186 824 hic
1204 806 1270 825 vero
1283 796 1398 836 scriptor
1410 807 1480 837 saepe
1492 799 1666 837 conqueritur

104 856 119 871 u
141 843 288 874 Ecclesiam
297 853 374 873 suam
385 840 504 882 opprimi
516 847 595 880 atque
604 841 711 871 vexari.
726 841 763 870 Et
773 850 836 870 sane
849 851 884 870 ex
894 839 1030 880 cogitandi
1044 840 1136 877 modo,
1147 851 1181 870 ex
1190 841 1354 881 imaginandi
1368 841 1407 879 vi,
1417 848 1443 872 et
1457 842 1564 873 insolita
1577 843 1662 874 disse-

105 903 119 917 »
141 889 218 920 rendi
229 889 341 926 ratione,
355 888 491 928 Hispanus
509 897 565 916 esse
577 887 655 916 facile
667 885 829 916 crederetur.
845 887 890 917 Ex
902 886 963 916 aliis
977 893 1063 916 tamen
1075 886 1142 916 locis
1155 886 1292 926 antiquior
1303 887 1385 917 fuisse
1398 887 1532 918 credatur.
1545 889 1664 919 Videtur

104 948 118 963 n
140 946 221 976 porro
242 934 382 975 episeopus
394 934 493 968 fuisse3
512 932 559 963 sed
576 943 611 962 ex
633 932 753 963 Ecclesia
773 944 821 962 sua
840 933 946 973 pulsus,
965 932 1220 972 commentariosque
1233 933 1311 962 etiam
1327 933 1355 963 in
1375 935 1499 964 Marcum
1517 941 1543 964 et
1560 935 1662 966 Lucam

102 994 117 1009 r»
138 981 230 1011 secisse
242 979 461 1021 deprehenditur.
477 991 492 1006 υ

141 1039 156 1055 α
169 1028 301 1057 Putavere
318 1025 427 1065 quidam
440 1025 555 1055 haereses
577 1025 639 1056 illas
653 1035 756 1062 omnes,
771 1035 831 1064 quae
854 1025 954 1065 passim
975 1025 1003 1054 in
1021 1024 1073 1054 hoc
1092 1035 1172 1065 opere
1185 1032 1341 1063 occurrunt,
1357 1025 1391 1055 ab
1404 1025 1536 1056 haereticis
1549 1026 1662 1057 insertas

101 1087 116 1101 n
136 1074 230 1110 fuisse,
243 1072 395 1112 demtisque
407 1072 463 1102 illis
475 1071 675 1105 additamentis,
689 1072 833 1113 perfectam
845 1071 934 1101 adhuc
947 1078 973 1101 et
986 1071 1093 1112 planam
1107 1081 1214 1101 manere
1229 1071 1398 1110 sententiam,
1412 1073 1661 1113 manuscriptosquc

101 1133 115 1148 n
136 1121 225 1150 adhuc
240 1120 333 1150 haberi
347 1118 471 1155 Codices,
487 1118 534 1148 ubi
555 1119 604 1148 illa
625 1118 805 1148 additamenta
825 1119 853 1148 in
868 1118 988 1157 margine
1000 1125 1026 1148 et
1039 1118 1123 1148 altera
1145 1128 1225 1147 manu
1238 1118 1372 1159 descripta
1393 1126 1466 1149 sunt.
1485 1120 1515 1150 Si
1530 1120 1618 1150 resita
1631 1131 1659 1150 se

100 1179 115 1194 ι»
136 1165 334 1203 habeat‚miror
344 1164 452 1194 nullam
465 1164 500 1194 ad
512 1165 625 1194 istorum
635 1165 767 1195 Codicum
781 1164 863 1194 fidem
874 1165 972 1194 factam
983 1165 1065 1194 fuisse
1077 1163 1233 1195 editionem.
1243 1166 1277 1195 ln
1288 1165 1472 1196 ecclesiasticae
1486 1166 1523 1196 rei
1538 1177 1658 1196 commo—

99 1225 114 1240 n
135 1213 203 1242 dum
222 1218 316 1242 auctor
331 1211 487 1251 hujusmodi
498 1210 533 1241 ad
550 1211 702 1242 Catholicas
719 1218 809 1252 partes
822 1211 971 1249 accederet;
986 1218 1090 1249 auctor,
1105 1211 1227 1252 inquam,
1241 1213 1289 1252 qui
1308 1213 1336 1243 in
1354 1213 1444 1253 aliqua
1463 1213 1659 1244 existimatione

100 1271 113 1286 n
135 1258 262 1294 habetur,
273 1265 300 1288 et
309 1259 377 1288 sorte
387 1259 498 1298 majore,
513 1268 594 1297 quam
605 1265 748 1288 mereatur.
763 1258 823 1288 Nisi
843 1258 916 1288 enim
930 1257 1087 1298 hujusmodi
1103 1258 1185 1288 editio
1197 1270 1213 1288 a
1227 1260 1294 1290 viris
1308 1258 1363 1289 fide
1381 1259 1472 1300 dignis
1487 1260 1582 1290 emissa
1594 1271 1658 1300 pro-

99 1318 113 1333 »
135 1306 207 1343 deat,
220 1308 270 1336 vix
283 1305 427 1335 lectoribus
444 1304 588 1334 suadeatur
605 1315 682 1345 posse
693 1304 880 1345 hujuscemodi
901 1305 1060 1345 scriptorem
1073 1305 1109 1334 ad
1129 1306 1281 1336 Catholicas
1297 1313 1386 1347 partes
1407 1306 1511 1336 reduci.
1534 1306 1657 1337 Facilius

98 1365 112 1379 n
135 1359 205 1382 certe
215 1352 339 1382 credatur
351 1361 436 1392 pauca
449 1351 497 1380 illa
519 1350 588 1387 loca,
603 1351 649 1380 ubi
667 1350 775 1380 videtur
788 1350 970 1380 Arianismum
988 1351 1125 1391 impetere,
1138 1350 1174 1380 de
1189 1351 1322 1381 industria
1333 1352 1375 1382 vel
1390 1352 1488 1382 inserta
1498 1351 1543 1382 vel
1556 1359 1656 1381 mutata

97 1410 111 1425 n
133 1398 215 1428 fuisse
231 1409 239 1427 ε
252 1408 311 1437 quae
321 1398 402 1427 etiam
415 1397 478 1427 'rudi
491 1397 652 1436 incautoque
664 1396 744 1427 modo
755 1397 847 1427 addita
861 1404 935 1427 sunt.
947 1398 1079 1427 Narratur
1095 1396 1249 1428 Editionem
1260 1409 1317 1428 esse
1329 1398 1482 1438 Antuerpiae
1494 1409 1563 1428 anno
1577 1400 1654 1429 1545

97 1457 111 1472 a
133 1444 267 1481 emissam,
277 1454 337 1484 quae
353 1443 443 1474 denuo
464 1443 577 1474 Lutetiae
597 1454 661 1473 cusa
684 1444 776 1480 fuerit,
791 1455 826 1474 ex
848 1455 901 1484 qua
920 1444 1113 1474 Franciscanus
1137 1444 1271 1485 quispiam
1295 1445 1354 1475 loca
1368 1445 1520 1475 Arianismo
1539 1445 1654 1475 faventia

96 1503 110 1518 n
132 1491 284 1527 sustulerit;
298 1490 346 1520 sed
364 1490 458 1520 dicunt
470 1490 559 1530 ipsum
572 1490 657 1520 multa
668 1491 747 1520 etiam
763 1490 902 1521 Catholica
919 1490 1072 1520 abstulisse.
1090 1492 1196 1522 Verum
1212 1491 1269 1520 haec
1290 1490 1383 1521 Editio
1401 1490 1514 1520 eruditis
1526 1501 1579 1520 non
1591 1491 1653 1530 pla—

96 1549 110 1564 »
132 1537 219 1567 cuerit
230 1543 345 1578 oportet,
359 1536 467 1576 quando
480 1547 571 1566 omnes
583 1547 643 1575 quae
662 1544 722 1576 post
741 1547 771 1566 ea
785 1537 887 1567 emissae
900 1544 962 1566 sunt
980 1537 1129 1574 Editiones,
1145 1548 1207 1567 cum
1224 1537 1361 1567 erroribus
1373 1537 1460 1566 solitis
1482 1536 1650 1576 prodierunt.

95 1595 110 1610 a
131 1583 338 1623 Explorandum
356 1589 424 1612 esset
436 1592 502 1612 num
514 1581 621 1611 diversa
634 1582 715 1611 simul
736 1592 816 1622 opera
826 1584 920 1622 juncta
933 1582 1032 1612 fuerint
1041 1605 1048 1619 ‚
1071 1590 1101 1612 ut
1115 1593 1150 1612 ex
1163 1583 1230 1612 locis
1249 1582 1353 1621 aliquot
1366 1581 1531 1611 subindicari
1544 1582 1654 1611 fortasse

96 1641 110 1655 n
133 1628 265 1659 videatur.
282 1641 297 1655 n
548 1635 552 1637 '

131 1676 212 1705 Putat
230 1681 319 1704 autem
339 1676 372 1704 P.
394 1675 538 1705 vastelius·
554 1674 606 1704 hoc
625 1684 694 1714 opus
727 1685 783 1704 esse
806 1675 917 1705 Joannis
938 1674 1057 1714 episcopi
1074 1673 1290 1713 Jerosolymitani
1311 1674 1339 1703 in
1364 1673 1416 1702 fine
1446 1672 1536 1712 quarti
1561 1672 1652 1702 saeculi

91 1722 232 1763 scriptum3
246 1721 293 1751 sed
313 1728 410 1761 praeter
422 1721 489 1750 alias
501 1721 570 1750 bene
588 1720 687 1750 multas
700 1720 871 1750 difficultates
892 1731 952 1760 quae
970 1727 1061 1750 contra
1083 1720 1152 1749 hanc
1170 1719 1323 1760 opinionem
1342 1730 1398 1749 sese
1417 1719 1507 1748 statim
1521 1718 1649 1754 offerunt,

90 1769 135 1798 vel
146 1769 197 1798 hoc
210 1777 264 1797 uno
275 1774 431 1807 argumento
450 1767 619 1806 repudiatur,
633 1766 707 1805 quod
724 1765 796 1796 credi
810 1774 934 1805 nequeat,
955 1767 1112 1806 episcopum
1124 1765 1377 1805 Jcrosolymitanum
1393 1764 1587 1806 Jcrosolymarn
1601 1773 1650 1803 po-

91 1814 175 1845 suisse
186 1814 221 1844 ad
233 1813 394 1844 occidentem
407 1813 537 1843 Galilaeae.

823 1912 851 1950 §-
876 1912 913 1940 v.

96 2015 161 2043 Hoc
176 2014 252 2052 Opus
263 2014 322 2042 nori
333 2017 425 2051 potest
440 2012 642 2049 chrysostomi
654 2021 714 2040 esse
728 2023 738 2038 .·
755 2011 837 2049 cujus
848 2011 885 2038 sie
895 2011 1051 2045 scriptor-ix,
1065 2015 1093 2038 et
1104 2018 1161 2048 quo
1173 2014 1297 2048 tempore
1311 2009 1457 2048 scriptum.
1469 2008 1650 2049 disquiritur.

134 2111 321 2152 Imperfectum
328 2109 399 2139 illud
409 2110 487 2149 Opus
499 2119 547 2138 nec
556 2119 624 2145 esse,
636 2118 684 2138 nec
695 2118 750 2138 esse
763 2117 840 2147 posse
853 2106 1050 2146 chrysostomi,
1065 2112 1166 2135 certum
1179 2112 1236 2145 est;
1250 2106 1339 2136 omnia
1351 2106 1395 2136 hic
1407 2106 1508 2140 νοθείας
1517 2107 1592 2147 signa
1601 2107 1650 2136 ad-

94 2163 166 2193 sunt,
177 2155 442 2196 stylus„perplexus,
456 2154 533 2184 rudis
549 2161 628 2193 atque
648 2154 788 2194 strigosus,
810 2153 910 2182 mirum
929 2159 1060 2191 quantum
1073 2162 1089 2181 a
1102 2152 1286 2192 Chrysostomi
1300 2152 1370 2192 stylo
1391 2153 1508 2190 disserat,
1527 2154 1653 2183 dictionis

95 2202 190 2238 forma,
208 2201 289 2241 tropi,
303 2199 427 2230 ordiendi
439 2207 465 2230 et
483 2199 626 2230 claudendi
647 2200 718 2230 ratio
735 2212 742 2229 :
759 2199 797 2229 ita
810 2206 840 2228 ut
858 2209 891 2228 nc
907 2198 1063 2238 cogitaverit
1076 2197 1186 2237 quidem
1203 2199 1254 2228 hoc
1268 2205 1359 2228 sancto
1378 2198 1482 2229 doctori
1501 2199 1652 2228 adscribere

93 2246 215 2285 quisquis
225 2247 284 2286 ejus
295 2246 394 2286 scripta
406 2246 450 2276 vel
464 2245 632 2276 mediocriter
643 2244 869 2283 frequentaverit;
883 2252 913 2274 ut
927 2251 1027 2274 taceam
1040 2244 1162 2274 haeresim
1175 2244 1302 2274 Arianam
1315 2245 1415 2285 passim
1428 2245 1456 2274 in
1469 2245 1512 2274 his
1525 2245 1652 2274 Homiliis

92 2298 271 2328 occurentem,
285 2291 405 2330 aliosque
417 2301 530 2329 errores,
544 2291 578 2320 de
591 2291 690 2330 quibus
705 2291 831 2320 omnibus
847 2301 911 2320 mox
924 2289 1039 2320 dicetur.
1053 2290 1096 2320 Ad
1108 2289 1165 2320 haec
1183 2297 1273 2320 autem
1290 2290 1336 2320 hic
1348 2290 1464 2330 scriptor
1477 2289 1551 2319 haud
1568 2288 1651 2318 dubie

94 2338 187 2368 Latino
199 2337 324 2377 scripsit,
337 2343 366 2367 ut
380 2344 451 2377 patet
466 2344 525 2367 tum
541 2347 576 2367 ex
587 2337 650 2377 styli
667 2337 769 2368 ratione
783 2337 850 2377 ipsa,
864 2344 921 2367 tum
933 2347 971 2367 ex
981 2337 1127 2377 Scripturae
1140 2347 1220 2366 sacrae
1234 2336 1311 2373 locis,
1325 2347 1440 2376 quorum
1454 2346 1516 2376 pars
1534 2334 1650 2364 maxima

93 2394 127 2413 ex
142 2383 239 2414 Bibliis
256 2383 360 2414 Latinis
382 2390 492 2423 excepta
511 2382 576 2420 fuit3
588 2382 635 2413 sed
648 2382 721 2422 quod
735 2383 839 2412 nullam
857 2382 1000 2413 dubitandi
1019 2393 1109 2412 ansam
1141 2382 1261 2422 reliquit,
1279 2382 1324 2411 hic
1350 2381 1474 2420 quisquis
1491 2380 1526 2408 sit
1545 2385 1648 2415 auctor,

92 2429 181 2459 Graeci
193 2428 290 2459 Biblici
303 2435 417 2465 textum,
427 2435 458 2457 ut
469 2439 484 2457 a
496 2438 546 2457 suo
557 2427 704 2466 diversum,
723 2427 872 2466 aliquando
888 2428 1007 2459 adhibet.

131 2476 198 2505 Jure
215 2481 350 2514 quaeratur
368 2484 402 2504 an
421 2467 550 2514 ille⁸'ipsc
568 2473 692 2513 scriptor,
713 2481 743 2504 ut
765 2474 859 2505 haeresi
879 2485 933 2505 suae
962 2475 1144 2505 auctoritatem
1164 2473 1329 2510 conciliaret,
1351 2480 1446 2500 nomen
1466 2469 1649 2509 chrysostomi

90 2520 165 2561 operi
179 2530 228 2550 suo
240 2521 425 2561 praeposuerit,
435 2531 470 2550 an
481 2531 545 2563 ycro
555 2531 718 2561 anonymum
729 2531 797 2562 opus
808 2521 933 2560 ediderit,
943 2522 986 2551 cui
1001 2528 1091 2562 postea
1108 2530 1203 2550 nornen
1214 2516 1400 2558 Chrysostomi
1411 2526 1426 2545 a
1439 2515 1566 2555 quopiam
1578 2526 1647 2555 prae·
1662 2539 1668 2554 x
1676 2540 1686 2555 ,

92 2567 202 2596 missum
213 2567 303 2596 suerit.
314 2568 423 2597 Certum
437 2566 545 2606 quidem
558 2573 597 2596 cst
607 2566 664 2606 jam
677 2577 692 2597 a
705 2567 799 2608 priscis
814 2567 979 2608 temporibus
989 2565 1172 2607 Chrysostomi
1185 2563 1291 2593 nomine
1305 2561 1460 2600 insignitum
1474 2571 1542 2600 opus
1555 2561 1647 2597 fuisse,

94 2619 122 2642 ut
135 2612 256 2652 arguitur
270 2623 304 2643 cx
315 2613 372 2643 loco
383 2613 487 2644 Nicolai
502 2614 514 2643 1
527 2614 604 2653 Papae
613 2613 640 2643 iu
651 2613 782 2654 responsis
796 2614 830 2644 ad
842 2615 962 2645 consulta
973 2614 1164 2651 Bulgarorum,
1175 2612 1254 2640 Tom.
1270 2610 1289 2639 8
1300 2607 1405 2638 Concil.
1420 2607 1527 2637 Lahhaei
1539 2618 1564 2646 p.
1580 2607 1649 2642 518,
