1904 2840
108 461 159 483 Jub.
173 459 195 491 4.
209 467 231 490 7.

111 1054 163 1076 lob.
176 1060 199 1083 7.
214 1058 250 1083 ¹9·

115 1293 175 1320 101»,
186 1300 222 1330 ro.
232 1296 254 1316 2?

114 1452 167 1473 Joh.
181 1457 204 1474 2.
214 1450 238 1473 3.

120 2122 172 2145 Aah.
185 2128 206 2144 ².
220 2121 244 2145 3.

264 190 335 235 704

260 271 318 291 ram
339 266 429 290 autem
452 258 627 296 aberrabant,
645 258 812 288 innocentem
834 257 1000 289 damnantes.

259 300 412 341 Ignorantia
426 309 507 339 porro
518 299 669 338 ignorantes
679 304 798 335 excusat,
808 298 872 337 qnia
881 298 1003 338 ignoran-

259 348 301 370 ter
322 338 557 380 philosophantur,
577 348 663 376 neque
686 344 778 375 eontra
803 337 853 367 Dei
870 337 1002 377 justitiam

259 379 395 409 calculum
425 379 523 407 ferunt.
545 377 608 408 Jobi
624 377 758 416 justitiam
775 377 928 417 reprobant,
951 377 1002 406 Dei

256 419 389 458 justitiam
402 417 596 457 depraedicant.
611 417 681 446 Hinc
692 417 745 447 Job
758 416 794 445 ab
805 416 898 446 amicis
909 427 1002 456 repre-

258 458 397 494 henditur,
415 457 462 496 qui
482 457 577 487 dicunt
596 457 622 486 ei
641 467 647 485 :
667 456 864 495 Quandonam
881 466 1002 486 veraces

259 499 399 528 radicitus
418 498 564 536 perierunt
575 499 588 524 Ρ
607 495 780 534 quandonam
804 495 898 526 vidisti
914 496 1002 535 justos

257 537 379 568 funditus
399 535 560 577 pereuntes?
573 535 631 566 Nisi
651 546 797 575 peccasses,
817 535 954 574 inquiunt,
977 542 1003 565 et

258 577 339 617 digna
349 576 484 616 supplicio
496 575 611 611 fecisses,
626 585 680 604 non
690 581 717 604 te
725 575 823 616 injuste
836 575 947 605 laesisset
955 575 1002 614 qui

255 616 344 656 justus
367 623 416 646 est.
430 615 519 645 Multa
537 622 600 645 sunt
619 621 726 654 peccata
749 621 806 644 tua.
819 614 850 644 Si
865 625 929 644 vero
948 625 1002 644 non

258 656 384 696 peccasti,
399 654 471 684 unde
481 655 544 693 hoc,
558 656 612 683 nisi
628 654 679 683 filii
693 654 734 683 tui
747 654 936 694 peccaverint?
947 655 1003 685 Sae-

278 706 293 725 e
305 695 416 726 viduam
430 695 533 732 laesisti,
548 693 669 734 pupillos
689 693 855 733 oppressisti.
869 694 899 724 Si
913 701 1002 724 autem

279 746 315 764 aec
335 736 404 764 sacta
424 734 488 771 sint,
500 735 572 775 juste
586 735 661 763 Deus
674 733 744 763 hanc
757 733 785 762 in
805 739 831 762 tc
844 734 1002 763 sententiam

257 775 331 804 tulit.
348 775 401 805 Job
420 773 473 804 sibi
494 773 616 803 conscius
638 779 694 802 erat
716 783 744 802 se
760 772 830 802 nihil
845 773 1002 812 hujusmodi

257 825 388 853 umquam
394 814 497 850 secisse,
505 813 605 843 sciebat
612 814 699 842 Deum
709 822 760 841 non
769 812 805 852 inj
811 819 866 842 uste
870 811 1001 853 judicare.

258 854 330 891 Quia
343 853 426 893 igitur
439 853 508 883 vidit
516 853 569 884 Job
581 862 609 882 se
623 852 658 881 ab
670 851 827 881 hominibus
842 851 977 889 damnari,
987 863 1002 881 a

258 904 307 923 sua
320 903 384 924 vero
397 892 556 923 conscientia
564 903 592 922 se
602 892 713 921 minime
722 891 1004 931 damnari,Deumque

258 933 338 962 etiam
346 943 374 962 se
385 943 438 962 non
451 932 657 971 damnare‚quia
667 941 718 959 non
732 937 835 970 poterat
848 930 877 960 id
891 942 1004 970 persua-

258 972 322 1002 dere
335 972 502 1008 homiuibus,
518 981 667 1001 sermonem
679 970 805 999 transfert
815 970 850 999 ad
863 970 1004 1007 Judicem,

259 1013 408 1051 animaeque
416 1011 526 1041 oculum
536 1011 570 1040 ad
577 1020 691 1051 superna
701 1009 806 1047 dirigit,
814 1020 866 1039 non
877 1010 1006 1050 blasphe-

261 1062 346 1088 mans,
375 1051 421 1081 sed
449 1050 605 1091 deprecans,
630 1050 721 1088 aitque
743 1048 785 1078 illi
807 1061 814 1078 :
842 1050 902 1088 Qui
929 1053 1007 1080 nosti

262 1098 386 1120 mentem
398 1092 557 1127 hominum,
574 1101 626 1121 cur
639 1099 683 1119 me
694 1090 817 1126 posuisti
828 1096 862 1118 nt
873 1090 1006 1130 loquerer

261 1131 416 1160 adversum
427 1133 473 1160 te?
487 1131 530 1159 Tu
541 1140 583 1159 me
591 1129 675 1159 fecisti
689 1135 779 1158 contra
786 1129 919 1169 justitiam
933 1136 1006 1160 tuam

262 1170 352 1208 loqui3
375 1170 444 1199 nosti
465 1180 512 1198 cor
533 1180 633 1198 meum.
658 1167 710 1198 Hie
733 1179 862 1208 magnum
881 1169 948 1208 quid
962 1169 1004 1199 lo-

262 1210 364 1248 quitur,
377 1219 431 1238 non
452 1219 486 1238 ex
508 1208 621 1244 malitia,
635 1207 682 1237 sed
700 1218 735 1236 ex
753 1208 914 1246 innocentia,
927 1216 953 1239 et
975 1216 1006 1239 ut
1023 1214 1042 1238 C

261 1248 355 1288 paucis
368 1249 451 1278 multa
472 1248 633 1287 complectar
644 1247 748 1284 (multa
762 1247 833 1276 enim
845 1249 953 1277 materia
966 1256 1006 1278 est

263 1288 391 1317 sermonis
404 1287 438 1317 de
448 1287 552 1327 justitia
563 1286 586 1326 ),
602 1286 639 1315 ait
655 1296 662 1313 =
678 1286 747 1322 Quis
759 1285 836 1315 dabit
849 1287 916 1316 mihi
926 1287 1006 1327 judi-

263 1338 321 1357 cem
337 1327 405 1356 inter
425 1337 467 1356 me
477 1332 503 1356 et
514 1333 550 1360 te,
564 1333 594 1355 ut
607 1331 747 1364 cognoscat
757 1332 855 1364 quanta
869 1333 931 1355 sunt
944 1337 1006 1366 pec·

264 1373 321 1396 cata
335 1377 404 1402 mea,
418 1366 482 1405 quia
501 1365 539 1394 sic
553 1376 596 1394 me
613 1364 752 1404 judicasti.
769 1364 940 1394 Horrendum
959 1365 1006 1394 di-

264 1412 348 1442 ctum,
355 1405 401 1435 sed
410 1417 443 1435 ex
454 1404 612 1434 innocentia.
625 1404 702 1433 Prius
711 1403 783 1432 enim
793 1403 899 1433 dixerat
908 1406 982 1434 Deus
997 1417 1004 1434 ε

264 1447 373 1476 Nullus
398 1452 440 1474 est
461 1446 536 1474 sicut
558 1444 611 1472 ille
632 1445 696 1472 sine
720 1443 858 1472 malitia.-
872 1443 897 1472 ei
918 1451 1007 1474 autem

264 1486 312 1524 qui
332 1485 388 1514 sine
408 1484 511 1513 malitia
532 1488 583 1519 est,
598 1493 676 1512 nemo
696 1483 810 1512 verbum
828 1483 855 1511 in
875 1483 1007 1513 malitiam

264 1524 409 1564 reputabit.
436 1525 547 1562 Semper
568 1522 639 1552 enim
665 1531 714 1551 nos
740 1522 872 1554 homines.
900 1523 1005 1561 fratres,

265 1571 364 1602 quanto
386 1563 470 1602 magis
491 1564 575 1598 Deus,
590 1572 643 1590 nou
666 1561 700 1590 de
723 1561 814 1597 rebus,
830 1561 877 1590 sed
895 1562 928 1591 de
942 1573 992 1602 ope

267 1603 383 1632 rantium
396 1602 533 1642 proposito
541 1601 706 1640 judicamus.
721 1599 825 1640 Inj'uria
838 1601 922 1630 afficit
934 1602 1009 1631 filius

285 1642 387 1671 atrem?
400 1643 454 1671 Res
475 1640 642 1671 intoleranda
666 1646 705 1669 est
726 1646 753 1668 et
773 1640 895 1679 patienti,
912 1647 937 1670 et
957 1651 1007 1670 au-

266 1654 351 1711 giemi
367 1694 373 1710 :
391 1682 501 1721 ipseque
518 1679 652 1720 parricida
674 1685 797 1716 vocatur,
812 1686 838 1709 et
855 1680 1007 1718 matricida,

266 1721 392 1750 scelestus
406 1728 432 1750 et
444 1720 564 1759 iniquus,
579 1719 652 1758 quod
668 1719 736 1758 patri
749 1720 909 1748 contrariam
922 1720 949 1748 in
959 1730 1008 1749 vo-

266 1771 323 1790 cem
334 1760 462 1800 eruperit,
474 1758 547 1799 quod
556 1769 637 1788 ausus
646 1759 682 1787 sit
692 1757 809 1788 radicem
819 1769 896 1787 suam
907 1759 1010 1799 vitupe-

266 1811 336 1829 rare.
347 1801 405 1830 Hoc
415 1806 502 1828 autem
516 1799 617 1839 patitur
626 1805 652 1827 et
667 1797 821 1833 damnatur,
836 1798 883 1836 qui
894 1798 951 1837 jam
963 1809 1012 1844 per

267 1846 370 1868 aetatem
379 1849 470 1878 sapere
481 1845 577 1879 potest.
586 1837 677 1867 Infans
685 1847 749 1866 vero
758 1837 814 1866 sine
826 1838 940 1874 malitia,
950 1838 1012 1868 licet

267 1886 370 1918 patrem
380 1879 423 1908 vel
439 1885 550 1907 matrem
561 1876 731 1917 percusserit,
745 1876 789 1906 vel
803 1876 830 1905 in
846 1887 892 1906 eos
913 1884 1011 1907 eontu-

268 1918 376 1947 moliam
401 1917 520 1953 dixerit,
541 1916 612 1946 omni
626 1915 718 1944 laetitia
733 1915 938 1946 desiderabilior
959 1924 1008 1946 est.

268 1958 345 1997 Saepe
362 1963 458 1986 matres
476 1956 547 1994 filios
567 1961 712 2000 provocant
734 1955 770 1983 ad
791 1955 934 1995 injuriam,
957 1967 1010 1986 non

269 1995 304 2025 de
318 1997 432 2036 injuria,
446 1995 494 2025 sed
509 1995 544 2024 de
566 1995 714 2023 innocentia
736 2001 761 2023 et
783 1994 953 2034 simplicitate
966 2006 1011 2025 eo-

269 2046 331 2064 rum
351 2035 496 2065 delectatae.
518 2034 563 2064 Sic
581 2041 607 2063 et
625 2035 698 2063 Deus
714 2034 799 2063 sciens
818 2045 879 2063 eum
902 2044 954 2064 non
976 2045 1011 2065 ex

269 2075 383 2110 malitia,
405 2075 452 2104 sed
475 2084 510 2103 ex
536 2073 683 2103 innocentia
698 2073 773 2111 loqui
794 2073 841 2113 (id
854 2074 927 2103 enim
940 2074 1011 2103 testi-

270 2114 366 2143 ficatur
386 2113 420 2142 de
439 2114 487 2142 illo
501 2112 603 2147 dicens,
626 2112 738 2141 Adhuc
759 2114 850 2142 ἤιεν-ει
865 2115 1009 2142 innocen-

272 2153 354 2192 tice),
369 2163 399 2182 ea
413 2153 476 2192 'quae
492 2163 507 2181 a
529 2152 599 2182 Jobo
620 2151 758 2187 dicuntur,
774 2153 882 2192 accipit,
906 2153 941 2182 ad
961 2153 1009 2193 ju-

269 2192 373 2222 dicium
397 2193 432 2221 ab
456 2192 504 2221 illo
528 2198 646 2221 vocatus⁴
680 2191 852 2221 Horrendum
877 2193 990 2222 verbum
1000 2214 1008 2229 ‚

270 2232 418 2262 Dominum
438 2242 453 2260 a
467 2240 545 2260 servo
565 2231 593 2259 in
603 2229 740 2270 judicium
753 2231 859 2267 vocari,
874 2233 961 2261 Deum
976 2232 1011 2261 ab

270 2272 379 2301 homine
390 2294 397 2306 ‚
409 2270 543 2310 Opific‘em
563 2270 597 2298 ab
610 2269 735 2309 opificio,
750 2269 865 2307 figulum
889 2282 905 2299 a
926 2271 984 2300 luto
1000 2283 1007 2300 t

270 2318 401 2346 attamen,
417 2317 447 2339 ut
466 2309 544 2345 dixi,
561 2308 715 2338 innocentiae
737 2308 840 2338 dictum
862 2310 932 2339 illud
951 2317 1008 2346 est,

271 2361 324 2380 non
349 2350 468 2379 malitiae.
497 2350 644 2384 Caeterum,
667 2348 772 2382 fratres,
797 2348 946 2378 innocentia
963 2350 1010 2378 illa

272 2400 324 2419 non
344 2390 401 2419 sine
423 2388 599 2427 intelligentia
619 2394 692 2424 erat,
711 2386 759 2416 sed
782 2398 844 2416 cum
869 2389 942 2417 omni
965 2399 1008 2418 sa-

270 2429 381 2469 pientia.
395 2428 480 2459 Visne
499 2427 570 2456 illud
593 2426 743 2456 accuratius
759 2426 847 2456 scire?
869 2427 945 2456 Nihil
961 2439 1010 2467 pe—

270 2469 313 2498 tiit
324 2469 377 2499 Job
390 2468 464 2507 quod
477 2478 528 2497 non
542 2467 640 2496 feeerit.
656 2466 761 2496 Sciebat
773 2476 801 2496 se
812 2466 863 2495 Dei
876 2467 1009 2496 famulum

305 2559 316 2572 '⁸¹
335 2558 430 2591 [Savil.
445 2563 471 2585 τ’)
484 2557 580 2583 uncinis
598 2556 709 2583 inclusit.
727 2557 818 2598 Parum
837 2562 953 2581 necui-ate
972 2557 1033 2581 scri—

275 2604 333 2630 ptor
346 2600 391 2623 iste
400 2597 539 2623 Bililiorum
550 2597 624 2622 affert
636 2596 713 2622 locos.
722 2596 851 2622 Sententia
861 2595 913 2621 haec
924 2601 956 2625 τίς
970 2598 1032 2623 δώσει

932 232 935 243 Ι
977 197 1108 221 spuma.

1058 256 1246 296 διημάρτανον,
1258 256 1460 298 κατακρίναντος
1475 257 1520 288 τὸν
1534 259 1628 298 ἀθῷον.
1644 258 1679 288 Ἣ
1694 258 1722 288 δὲ
1735 258 1828 299 ἄγνοια

1058 298 1229 336 ἀπολογεῖται
1250 295 1317 336 ὑπὲρ
1337 299 1391 326 τῶν
1484 297 1578 335 xiv-cmv,
1598 298 1644 328 καὶ
1664 298 1825 335 ἀπόδεκτοι,

1058 336 1099 365 ὅτι
1114 338 1139 365 ἐν
1155 336 1246 374 ἀγνοία
1259 337 1445 377 φιλοσοφοῦσι,
1471 337 1516 367 καὶ
1535 339 1565 367 οὗ
1585 338 1827 378 καταψηφίζονται,

1060 375 1200 415 βλέποντες
1213 370 1262 412 τὴν
1278 377 1348 406 Θεοῦ
1368 376 1545 412 δικαιοσύνην.
1559 376 1618 414 Τὴν
1632 377 1680 417 μὲν
1699 380 1744 407 τοῦ
1765 377 1827 407 Ἰὼὸ

1059 414 1225 450 δικαιοσύνην
1238 427 1277 445 πα
1295 427 1330 455 αγ
1347 416 1475 456 ἄφονται,
1494 416 1543 452 τὴν
1561 416 1588 446 δὲ
1606 419 1652 446 τοῦ
1671 418 1741 447 Θεοῦ
1763 419 1827 447 ἀνυ-

1058 457 1175 494 μνοῧσιν.
1190 427 1345 484 1⁴:1³4&th
1346 456 1456 495 ἄρχεται
1469 455 1542 496 παρὰ
1554 458 1608 485 τῶν
1624 455 1708 496 φίλων
1718 457 1827 497 ἐλέγχε-

1057 497 1133 524 σθαι·
1157 494 1203 523 καί
1222 506 1287 535 φασι
1305 495 1371 535 πρὸς
1389 495 1468 525 αὐτὸν
1475 496 1596 527 «ἐκεῖνον
1619 495 1691 525 Πότε
1709 496 1827 532 ἀληθινοὶ

1057 534 1192 602 πρόρριζοι
1213 534 1365 571 ἀπώλοντο;
1383 534 1448 564 πότε
1469 528 1534 568 εἶδες
1551 534 1666 569 δικαίως
1681 536 1828 576 δλοῤῥίζους

1058 574 1110 603 ἀπο
1145 573 1269 612 υμένους;
1284 575 1319 603 Εἰ
1329 573 1366 613 μὴ
1376 573 1494 614 ἥμαρτες
1502 595 1510 610 ,
1524 574 1604 615 φησὶ,
1616 575 1661 605 καὶ
1672 574 1732 609 ἄξια
1741 576 1823 614 ἆμαρ-

1058 612 1116 646 τίας
1130 613 1269 650 ἐποίησας,
1291 616 1339 643 οὐκ
1359 613 1390 643 ἂν
1408 613 1505 648 ἀδίκως
1520 613 1631 650 ἠδίκησέ
1651 626 1682 644 σε
1694 617 1708 644 ὀ
1720 615 1827 648 δίκαιος.

1056 652 1161 682 Πολλαί
1173 652 1220 681 σού
1232 655 1297 682 εἰσιν
1309 653 1447 693 ἁμαρτίαι.
1457 654 1491 683 Εἰ
1504 653 1532 682 δὲ
1543 652 1574 683 σὺ
1585 655 1636 694 οὐχ
1647 653 1827 694 ἥμαρτες,πό-

1060 694 1103 721 θεν
1116 694 1233 728 τοῦτο,εἷ
1246 692 1283 732 μὴ
1295 694 1319 722 οἱ
1333 692 1384 722 υἱοί
1398 704 1443 722 σου
1458 692 1586 733 ἥμαρτον;
1595 693 1730 727 Πολλάκις
1741 692 1768 722 δὲ
1777 693 1829 733 χή-

1059 743 1106 799 ραγ
1115 731 1258 800 ἐῆδέιησαέ,
1267 731 1397 783 ὀρφανοὺς]
1408 732 1525 773 ἔθλιψας.
1542 733 1576 782 {i
1587 733 1614 762 δὲ
1632 736 1716 802 ’ἑαῦιτα
1793 744 1827 782 ιε,

1057 782 1122 840 ³12⁶
1137 771 1636 879 ωῑῑιεᾎῑῖζεῑᾙηςὲσέεετο
1647 774 1828 862 anza?

1058 849 1211 918 ἷέἶήεῗὲζνδῖ
1225 850 1737 931 ῗὶῗιεῖῳετῗῗζιρῖἢτοῗῗίέἱῗραῗξξῖἶᾜζ
1747 851 1830 921 33
1881 879 1884 881 ’

1059 928 1194 969 κέκριται,
1205 931 1223 964 ἦ
1235 929 1263 959 δὲ
1274 929 1421 966 συνείδησις
1433 930 1511 959 αὖτὸν
1528 932 1558 960 οὐ
1572 930 1725 970 κατακρίνει
1735 953 1743 967 ,
1757 930 1803 960 καὶ
1816 934 1831 961 ὁ

1060 968 1129 1001 Θεὸς
1142 969 1220 998 αὖτοῦ
1239 970 1268 998 οὗ
1282 969 1488 1008 καταγινώσκει,
1502 970 1592 1006 ἐπειδὴ
1605 972 1653 999 οὐκ
1665 965 1721 1010 εἶχε
1731 970 1830 1000 πείθειν

1060 1007 1214 1047 ἀνθρώπους
1223 1030 1232 1043 ‚
1245 1009 1387 1048 μεταφέρει
1402 1009 1446 1038 τὸν
1464 1008 1541 1059 λόγον
1555 1009 1599 1038 ἐπὶ
1612 1009 1656 1038 τὸν
1669 1009 1771 1049 κριτὴν,
1785 1010 1831 1039 καὶ

1062 1047 1168 1088 στρέφει
1179 1047 1209 1077 τὸ
1221 1047 1296 1087 ὄμμα
1304 1050 1353 1084 τῆς
1362 1049 1398 1088 ψύ
1419 1050 1450 1083 ἧς
1463 1060 1529 1088 προς
1541 1048 1575 1078 τὰ
1586 1048 1655 1083 ἄνω,
1669 1050 1698 1078 οὗ
1713 1050 1831 1089 βλασφη-

1063 1089 1130 1126 μῶν,
1137 1086 1206 1116 ἀλλὰ
1219 1088 1358 1124 δυσωπῶν,
1369 1099 1404 1116 κα
1422 1099 1488 1128 φησι
1499 1087 1666 1128 πρὸς.αὒτόν·
1674 1088 1709 1118 Ὁ
1720 1089 1831 1118 ἐπιστά-

1062 1138 1139 1165 μενος
1149 1127 1193 1156 τὸν
1206 1130 1264 1156 νοῦν
1278 1129 1331 1156 τῶν
1342 1127 1496 1167 ἀνθρώπιον,
1509 1127 1553 1157 ἵνα
1571 1127 1597 1157 τί
1616 1139 1648 1166 με
1663 1127 1722 1157 ἔθου
1733 1139 1830 1157 κατεν-

1062 1166 1245 1241 302„
1257 1166 1832 1246 zsm‘fflrfflfflw

1237 1218 1244 1225 ·
1600 1229 1606 1235 .
1824 1220 1833 1237 ι

1061 1245 1203 1285 φθέγγεται
1216 1245 1295 1282 Ἴὼὸ,
1310 1218 1424 1275 οὗκμάπὸ
1434 1218 1544 1283 κακίαςρ,
1563 1247 1622 1276 ἀλλ’
1640 1247 1687 1275 ἀπ’
1702 1245 1813 1280 ὢιακίας
1824 1259 1832 1265 ·

1061 1284 1107 1314 καὶ
1120 1307 1127 1322 ,
1147 1284 1191 1314 ἵνα
1203 1284 1237 1314 τὰ
1250 1285 1337 1314 πολλὰ
1356 1286 1394 1318 εἷς
1405 1285 1483 1325 ὀλίγα
1496 1285 1617 1325 συντέμω
1634 1285 1737 1326 (πολλὴ
1750 1285 1785 1326 γὰ
1813 1289 1831 1321 ἡ

1060 1323 1110 1360 ὕλη
1132 1326 1180 1359 τῆς
1196 1323 1395 1363 δικαιολογίας),
1414 1324 1502 1364 λέγει·
1524 1325 1564 1358 τίς
1578 1325 1657 1355 δώσει
1669 1325 1762 1364 κριτὴν
1814 1324 1831 1354 ὰ

1062 1362 1142 1402 μέσον
1166 1364 1231 1401 ἐμοῦ
1246 1364 1291 1393 καὶ
1313 1365 1373 1399 σοῦ,
1394 1363 1437 1393 ἵνα
1460 1365 1535 1405 *γνῷ
1556 1364 1587 1393 τὸ
1610 1364 1691 1393 πόσαι
1716 1364 1782 1394 εἰσὶν
1803 1365 1831 1393 αἱ

1061 1402 1189 1442 ἁμαρτίαι
1200 1414 1250 1441 μου
1260 1425 1268 1439 ,
1280 1402 1321 1432 ὅτι
1329 1402 1398 1431 οὕτω
1406 1414 1439 1441 με
1447 1403 1565 1442 ἔκρινας;
1577 1403 1697 1443 Φοὸερὸν
1706 1403 1736 1433 τὸ
1747 1405 1830 1443 ῥῆμα,

1061 1442 1120 1471 ἀλλ’
1143 1443 1190 1471 ἀπ’
1206 1442 1326 1476 ἀκακίας.
1338 1442 1486 1482 Προλαὸὼν
1499 1442 1552 1483 γὰρ
1571 1438 1643 1472 εἶπεν
1657 1445 1671 1471 ὁ
1685 1443 1752 1475 Θεὸς
1761 1465 1768 1478 ,
1790 1443 1832 1472 ὅτι

1061 1483 1120 1511 Οὖκ
1133 1481 1190 1511 ἔστι
1204 1483 1263 1511 κατ’
1279 1481 1356 1511 αὐτὸν
1368 1481 1466 1515 ἄκακος
1475 1494 1482 1500 ·
1496 1484 1535 1522 τῷ
1556 1482 1583 1512 δὲ
1597 1482 1690 1522 ἀκᾶκῳ
1703 1482 1786 1515 οὐδεὶς
1800 1482 1831 1511 τὸ

1063 1522 1137 1561 ῥῆμα
1159 1522 1197 1554 εἰς
1219 1521 1347 1561 πονηρίαν
1373 1520 1514 1560 λογίζεται.
1539 1521 1592 1551 Ἀεὶ
1615 1522 1682 1561 γὰρ,
1705 1522 1831 1561 ἀδελφοὶ,

1061 1559 1157 1593 πάντες
1168 1563 1246 1599 ἡμεῖς
1259 1562 1283 1590 οἱ
1294 1561 1435 1600 ἄνθρωποι,
1447 1561 1512 1599 μήτι
1525 1573 1556 1600 γε
1570 1561 1647 1596 Θεὸς,
1657 1563 1686 1590 οὔ
1698 1565 1752 1595 τοῖς
1763 1561 1831 1601 πρά-

1081 1611 1146 1638 μασι
1167 1600 1315 1638 δικάζομεν,
1328 1600 1397 1629 ἀλλὰ
1414 1602 1447 1635 τῆ
1462 1600 1584 1640 προθέσει
1603 1603 1656 1630 τῶν
1675 1600 1831 1630 ποιούντων.

1074 1638 1182 1679 Υὸρίζει
1202 1639 1256 1672 υἱὸς
1264 1639 1367 1679 πατέρα
1378 1652 1384 1658 ·
1400 1632 1446 1668 καί
1459 1639 1489 1677 τὸ
1503 1645 1615 1680 πρᾶγμα
1628 1639 1771 1680 ἀφόρητον,
1785 1640 1832 1669 καὶ

1063 1680 1101 1718 τῷ
1120 1678 1251 1719 πάσχοντι
1261 1699 1269 1713 ,
1292 1679 1337 1708 καὶ
1358 1682 1397 1709 τῶ
1416 1679 1537 1709 ἀκούοντι
1547 1691 1554 1698 ·
1577 1679 1622 1709 καὶ
1644 1692 1700 1709 πατ
1750 1679 1806 1713 οίας
1818 1682 1832 1709 ὁ

1063 1721 1179 1752 τοιοῦτος
1192 1720 1330 1755 καλεῖται,
1344 1710 1389 1748 καί
1403 1718 1581 1759 μητραλοίας,
1600 1719 1651 1749 και
1664 1721 1695 1748 ἀν
1712 1730 1766 1753 σιος
1786 1719 1832 1749 καὶ

1063 1769 1103 1786 πα
1120 1757 1226 1797 ἄνομος,
1242 1758 1283 1788 ὅτι
1302 1758 1390 1798 φωνὴν
1407 1758 1527 1788 ἐναντίαν
1550 1758 1642 1799 ἔῤῥηξε
1666 1758 1765 1799 πατρὶ,
1791 1758 1832 1788 ὅτι

1065 1798 1077 1826 ἐ
1127 1809 1196 1835 μησε
1207 1798 1380 1838 δυσφημῆσαι
1388 1797 1436 1834 τὴν
1449 1800 1542 1828 ἑαυτοῦ
1556 1798 1733 1838 ῥίζαν.Ταῦτα
1747 1797 1775 1827 δὲ
1784 1798 1832 1828 πά·

1065 1837 1177 1905 οχειδκαὶ
1187 1837 1395 1906 οὲἷτακρίνεταιᾶὁ
1405 1837 1510 1888 ἑπὶιτιῗιν
1521 1838 1627 1907 τῖὲείων
1638 1837 1675 1906 8ὲέ
1687 1839 1832 1912 >myngit-gt·

1067 1887 1117 1905 παι
1135 1888 1172 1905 ιον
1236 1888 1334 1906 ακακον
1354 1889 1371 1907 κ
1390 1889 1404 1906 ν
1430 1890 1461 1906 τυ
1568 1889 1581 1906 ν
1603 1889 1642 1907 πα
1689 1889 1707 1906 α
1818 1889 1833 1906 ν

1066 1915 1185 1955 μητέρα,
1197 1916 1214 1951 ἢ
1229 1916 1274 1945 καὶ
1285 1898 1380 1956 ὑδρία-ῃ
1391 1939 1399 1953 ,
1410 1889 1832 1957 πάσηπζῃεῦφροσῦνηςρπξθεινότε-

1066 1966 1119 1994 ρον.
1135 1955 1269 1988 Πολλάκις
1283 1955 1394 1994 μητέρες
1407 1956 1550 1996 ἐρεθίζουσι
1562 1958 1596 1985 τὰ
1609 1956 1689 1986 τέκνα
1708 1958 1744 1989 εἷς
1757 1955 1832 1996 ὖὸριν

1065 1994 1204 2034 φέρουσαι,
1216 1997 1246 2024 οὗ
1263 1997 1296 2034 τῇ
1309 1994 1383 2034 ὅὸρει
1392 2017 1400 2031 ,
1415 1995 1484 2024 ἀλλὰ
1495 1997 1528 2034 τῇ
1544 1996 1642 2025 ἀκακία
1654 1995 1701 2025 καὶ
1713 1997 1752 2035 τῷ
1766 1997 1832 2024 ἄκε-

1066 2033 1132 2073 ραίῳ
1156 2033 1201 2063 καὶ
1261 2035 1316 2064 ελεῖ
1336 2037 1382 2064 τοῦ
1406 2035 1485 2070 ἤθους
1504 2026 1727 2074 ἐπαγαλλὸμεναι.
1753 2034 1833 2063 Οὕτω

1065 2073 1111 2102 καὶ
1120 2076 1134 2102 ὁ
1142 2073 1211 2106 Θεὸς
1223 2073 1298 2107 εἶοὼς
1306 2096 1314 2110 ,
1330 2073 1370 2103 ὅτι
1381 2075 1429 2103 οὐκ
1442 2075 1472 2103 ἐκ
1483 2074 1592 2109 κακίας,
1608 2075 1666 2103 ἀλλ’
1682 2073 1708 2107 ἐξ
1720 2073 1832 2106 ἀκακίας

1065 2112 1205 2151 φθέγγεται
1219 2116 1358 2153 (μαρτυρεῖ
1370 2113 1421 2153 γὰρ
1433 2115 1504 2152 αὐτῷ
1517 2112 1611 2164 λέγων,
1624 2112 1688 2142 Ἔτι
1699 2113 1726 2143 δὲ
1740 2112 1832 2152 ἔχεται

1066 2151 1202 2191 ἆκακίας),
1216 2151 1321 2192 δέχεται
1336 2152 1370 2181 τὰ
1381 2151 1455 2192 παρὰ
1467 2155 1513 2182 τοῦ
1527 2152 1605 2187 Ἰωὸ,
1619 2154 1656 2186 εἷς
1672 2152 1758 2192 κρίσιν
1781 2164 1832 2181 κα-

1065 2191 1190 2230 λούμενος
1203 2194 1267 2231 παρ’
1280 2193 1368 2221 αὐτοῦ.
1382 2192 1502 2232 Φοὸερὸν
1514 2192 1545 2221 τὸ
1560 2194 1632 2231 ῥῆμα
1640 2215 1648 2228 ,
1661 2191 1766 2229 οἰκέτην
1780 2193 1834 2221 Δε-

1066 2230 1420 2300 ἶῖῗηζὸῖἶλᾶῗσῗῖτῖῗίῖὲῖ
1425 2231 1835 2300 ἶζῖἵωῗὸῖνὶῖῗὲᾷυὲἶῖνλτῖἶ

1067 2292 1222 2349 ἅλλ”δμως,
1238 2311 1274 2343 ὡς
1287 2310 1367 2350 ἔφθην
1389 2290 1480 2345 εἰπὼν,
1503 2293 1615 2344 {nux-{aq
1638 2310 1669 2340 τὸ
1688 2312 1764 2378 ρῆμα
1774 2331 1782 2344 ,
1804 2311 1833 2339 οὗ

1066 2350 1200 2389 πονηρίας.
1222 2349 1299 2385 Πλὴν
1320 2349 1391 2388 ὅμως
1401 2372 1409 2387 ,
1431 2350 1552 2389 ἀδελφοὶ,
1573 2352 1591 2385 ἡ
1617 2351 1686 2378 ἀκακ
1698 2362 1714 2378 α
1736 2351 1784 2378 οὐκ
1801 2345 1835 2384 ἦν

1066 2389 1140 2422 ἐκτὸς
1164 2388 1306 2424 συνέσεως,
1333 2390 1391 2418 ἀλλ’
1413 2389 1484 2422 ἐντὸς
1506 2389 1594 2424 πάσης
1615 2387 1715 2428 σοφίας.
1739 2388 1835 2422 Θέλεις

1065 2428 1117 2467 γὰρ
1139 2428 1170 2457 τὸ
1188 2428 1372 2468 ἀκριὸέσι-ερον
1396 2431 1505 2468 μαθεῖν;
1530 2427 1615 2458 Οὐδὲν
1633 2428 1730 2466 ᾔτησεν
1744 2430 1758 2457 ὁ
1772 2427 1835 2457 'hbe'

1066 2464 1102 2496 ὧν
1115 2467 1153 2506 μὴ
1166 2468 1298 2504 ἐποίησεν.
1311 2468 1390 2510 ’ῌδει
1404 2467 1496 2497 ἑαυτὸν
1507 2466 1612 2502 οἰκέτην
1625 2470 1671 2496 τοῦ
1683 2468 1764 2502 Θεοῦ,
1778 2467 1836 2507 ᾔδει

1082 2562 1160 2593 κριτὴν
1171 2562 1214 2585 ἀνά
1229 2563 1298 2591 μέσον
1309 2562 1365 2591 ἐμοῦ
1375 2560 1411 2585 καὶ
1424 2561 1462 2584 σοῦ
1473 2557 1499 2582 in
1511 2555 1571 2582 Jobi
1582 2556 1648 2582 libro
1659 2565 1711 2583 non
1724 2556 1836 2590 legium]
