1904 2840
66 1353 73 1367 1
104 1347 168 1367 Imm.
185 1352 202 1368 1.

71 2300 152 2329 Fpsws,
168 2306 186 2321 1.

75 2333 111 2354 ij.
129 2330 161 2360 ’4.

216 195 286 242 078

215 268 293 297 otiam
310 265 426 295 enuitios
442 276 448 292 ε
465 263 510 293 sed
526 262 608 292 fide‘m
628 262 735 292 familiae
750 260 888 292 ostendere
903 270 955 291 vo-

216 308 276 336 luit.
294 308 372 336 Nunc
383 314 490 343 quoquc
499 303 623 333 Christus
634 302 660 331 in
670 302 775 332 bellum
793 301 889 331 eduxit
902 310 955 330 non

215 357 316 382 omncs,
331 344 378 375 sed
395 354 501 380 vernas,
513 343 561 382 qui
579 341 759 383 praedicabant
776 351 838 371 eum
857 341 903 380 qui
917 338 956 370 est

215 398 248 415 cx
262 397 293 415 co
305 385 351 424 qui
366 391 414 419 est,
432 383 567 413 viventem
581 393 615 411 ox
629 382 746 417 vivente,
761 381 852 411 lumen
865 380 900 410 de
912 380 956 409 lu·

215 426 295 455 minc.
310 424 385 462 Quid
399 423 438 452 ais
447 446 454 460 ‚
471 423 561 452 lumen
575 422 609 451 de
622 421 744 451 lumine?
758 431 818 460 quae
827 420 956 450 differen-

214 466 249 495 tia
258 465 341 495 vitam
353 465 421 493 inter
434 470 460 492 et
474 462 576 492 vitam?
591 461 664 500 quod
682 460 847 491 discrimen?
861 459 958 497 Quod-

214 515 266 544 que
279 506 378 534 mirum
401 509 453 538 cst,
474 503 551 531 Pater
573 502 664 531 lumen
686 500 774 530 dictus
798 507 848 537 est,
868 498 957 530 Filius

119 558 171 571 mm.
198 555 278 574 .vero
305 554 367 573 cum
388 541 489 572 addito.
514 541 558 571 Ait
576 542 703 577 Joannes,
719 542 799 570 Deus
819 540 872 569 lux
887 546 931 569 est
944 551 952 567 .-

932 195 1063 222 s'PumA.

1010 260 1154 300 ρωνήτους·
1179 260 1247 290 ἀλλὰ
1271 261 1301 290 τὸ
1318 260 1424 300 γνήσιον
1443 259 1523 294 ἔδειξε
1545 260 1594 294 τῆς
1615 259 1706 292 οἰκίας.
1724 254 1779 288 Καὶ

1007 303 1052 329 νῦν
1072 300 1186 340 Χριστὸς
1206 300 1378 341 ἐστράτευσεν
1401 300 1451 340 οὐχ
1470 300 1561 333 ἁπλῶς
1579 299 1696 335 πάντας,
1710 298 1779 328 ἃλλὰ

1007 340 1067 373 τοὺς
1089 342 1245 380 οἰκογενεῖς,
1264 339 1324 374 τοὺς
1344 340 1521 379 κηρύττοντας
1542 339 1586 369 τὸν
1601 339 1664 369 ὄντα
1684 338 1729 368 τὸν
1751 337 1780 372 ἐξ

1008 381 1088 414 ὄντος,
1104 380 1148 409 τὸν
1164 381 1249 414 ζῶντα
1259 380 1304 410 τὸν
1317 380 1347 409 ἐκ
1362 381 1457 414 ζῶντος
1466 402 1474 413 ,
1488 379 1520 408 τὸ
1551 381 1587 412 ῶς
1598 379 1629 408 τὸ
1639 380 1670 408 ἐκ
1685 377 1779 418 φωτός.

1008 419 1044 449 Τί
1056 419 1141 459 λέγεις
1156 421 1210 460 φῶς
1223 419 1268 450 καὶ
1286 421 1354 460 φῶς
1367 419 1431 449 ποία
1445 419 1538 459 διαφορ
1577 418 1631 454 ζωὴ
1645 418 1691 448 καὶ
1710 417 1779 453 ζωή;

1008 464 1082 489 ποῖον
1094 459 1124 489 τὸ
1146 459 1280 500 διάφορον;
1295 459 1349 489 Καὶ
1361 458 1392 488 τὸ
1406 459 1567 498 θαυμαστὸν,
1582 461 1596 488 ὁ
1610 457 1706 498 Πατὴρ
1725 460 1780 496 φῶς

1009 499 1116 539 ἐλέχθη,
1131 501 1144 528 ὁ
1167 500 1194 529 δὲ
1210 499 1274 533 Υἱὸς
1293 498 1360 538 μετὰ
1374 498 1535 538 προσθήκης.
1550 498 1629 538 Λέγει
1646 497 1780 533 Ἰωάννης,

1009 539 1042 568 Ὁ
1056 539 1125 573 Θεὸς
1138 541 1192 580 φῶς
1212 541 1268 569 ἐστι
1277 550 1283 557 ·
1298 538 1359 580 περὶ
1373 539 1401 568 δὲ
1414 541 1459 568 τοῦ
1475 539 1540 567 Υἱοῦ
1550 560 1558 574 ,
1573 533 1627 568 ’Ἦν
1641 537 1672 567 τὸ
1682 539 1736 577 φῶς
1749 537 1782 567 τὸ

215 585 249 614 de
263 584 335 614 Filio
358 589 462 617 autem,
484 583 559 611 Erat
573 584 623 611 lux
642 590 726 610 vera.
741 581 819 609 Pater
837 579 1001 609 absoluterm
1009 579 1140 615 ἀληθινόν.
1166 579 1200 609 Ὁ
1231 578 1328 618 Πατὴρ
1353 577 1555 617 ἀπολελυμένοις
1586 578 1685 614 ἐκλήθη
1715 578 1780 616 φῶς.

215 663 384 694 divinitatem
398 671 450 691 non
460 660 538 690 facilc
551 665 682 706 pugnant,
691 658 740 689 etsi
753 669 784 688 ca
797 669 856 698 quae
867 660 957 688 contra

215 704 352 733 Christum
371 701 528 735 moliuntur,
551 710 577 729 in
592 699 678 730 Patris
691 698 808 728 maxime
820 705 957 728 contume-

216 744 280 772 liam
303 748 424 781 vergant,
437 747 525 770 tamen
548 740 686 780 Scriptura
697 738 771 778 quod
791 738 819 767 in
840 739 958 768 confesso

215 790 254 812 cst
264 781 382 823 simplici
392 780 510 810 oratione
517 779 658 815 construit,
668 778 742 818 quod
751 784 840 807 autem
851 784 957 807 contro-

216 822 340 857 vertitur,
349 820 460 850 veritate
472 819 628 849 communit.
642 820 745 848 Lumen
755 824 793 847 est
801 819 889 854 Pater,
900 818 958 847 sine

216 862 274 891 ullo
286 861 467 890 additamento
483 870 489 886 :
504 869 566 888 nam
579 858 603 888 si
619 865 804 898 cognoscatur,
817 857 916 886 sufficit
928 864 959 886 ut

215 901 385 941 praedicetur.
403 901 507 929 Lumen
533 906 573 928 est
586 898 684 928 Filius.
699 898 741 927 Nc
754 897 814 936 quis
827 896 900 926 dicat
911 896 958 925 lu-

181 939 186 944 ’
215 951 276 970 nien
296 940 366 969 illud
381 938 552 978 intelligibile
573 948 640 971 esse,
655 937 707 967 hoc
725 943 814 973 autem
827 935 958 965 adulteri-

216 991 281 1010 num
298 991 305 1008 ε
320 982 385 1010 Lux
405 989 488 1008 vera.
509 979 630 1007 Rursum
643 986 676 1005 nc
696 976 758 1015 quis
771 975 854 1011 dicat,
868 986 959 1014 quem-

216 1019 364 1049 admodum
378 1018 419 1047 sol
438 1019 489 1047 lux
509 1024 559 1053 est,
574 1024 600 1046 et
620 1016 684 1045 luna
703 1026 810 1055 quoque
829 1015 890 1052 lux,
911 1014 959 1044 sed

215 1060 268 1089 alia
281 1069 386 1098 magna,
400 1058 454 1086 alia
472 1056 569 1095 exigua
583 1067 590 1084 τ
605 1055 641 1084 ita
655 1062 681 1085 et
695 1056 773 1084 Pater
796 1054 898 1091 lumen,
912 1053 960 1084 sed

215 1109 359 1139 magnum5
375 1098 411 1126 ita
422 1104 448 1126 et
461 1096 550 1126 Filius
563 1095 666 1130 lumen,
679 1094 727 1124 sed
737 1105 870 1135 parvum;
884 1104 918 1124 ne
933 1093 961 1123 id

25 1145 30 1151 ‘
64 1149 111 1171 lxm⁴
123 1156 146 1178 ς),
158 1155 202 1170 με,
214 1139 331 1171 dicatur,
343 1143 512 1178 praeoccupat
527 1135 611 1164 Isaias
627 1146 634 1163 =
655 1135 743 1164 Terra
766 1134 918 1171 Zabulon,
933 1141 962 1163 et

216 1186 293 1208 terra
309 1176 511 1216 Nephthalim,
526 1177 580 1204 via
592 1176 682 1204 maris
696 1181 777 1203 trans
786 1174 963 1212 Iordanem,

219 1218 347 1248 Galiloea
365 1218 503 1256 gentium,
518 1214 654 1255 populus,
671 1216 723 1254 qui
743 1214 862 1243 sedebat
873 1215 905 1243 in
917 1220 961 1243 te-

216 1259 323 1292 nebris,
337 1257 417 1285 vidit
436 1256 531 1285 lucem
542 1264 693 1294 magnam.
709 1254 739 1283 Si
755 1255 828 1283 Deus
841 1253 891 1282 lux
906 1260 958 1290 est,

215 1305 241 1327 ct
255 1298 304 1333 lux
318 1306 424 1335 magna,
435 1297 509 1325 Deus
523 1304 637 1335 magnus
650 1300 699 1323 est.
717 1293 748 1323 Si
762 1295 835 1322 Deus
849 1293 899 1322 lux
908 1300 958 1330 est,

216 1345 246 1366 ut
258 1337 389 1377 scriptum
401 1342 442 1365 est
450 1346 466 1364 a
479 1336 582 1365 Joanne
593 1345 600 1362 ε
613 1334 694 1363 Deus
706 1333 758 1362 lux
775 1339 818 1362 est
824 1346 836 1368 ,-
848 1332 871 1362 si
886 1334 960 1362 Deus

216 1377 266 1406 lux
277 1383 316 1406 est
329 1386 436 1415 magna,
447 1376 520 1404 Deus
533 1384 645 1413 magnus
665 1379 715 1402 est.
727 1374 844 1412 Magnus
858 1372 960 1412 quippe

216 1424 255 1446 cst
268 1416 381 1456 genitor,
393 1424 507 1454 magnus
520 1420 546 1443 et
559 1415 682 1453 genitus:
696 1421 791 1452 magnai
801 1411 892 1448 radix,
906 1423 960 1441 ma-

217 1467 284 1495 gnus
294 1457 414 1485 fructus:
429 1464 524 1493 magna
544 1453 605 1489 lux,
618 1462 731 1492 magnus
743 1450 880 1492 splendor.
898 1452 959 1481 Non

217 1495 279 1526 novi
294 1506 409 1536 parvum
420 1501 445 1524 et
455 1503 593 1533 magnum,
605 1492 654 1522 sed
666 1501 793 1531 magnum
801 1491 864 1520 novi
874 1501 959 1520 unum

217 1538 316 1572 Deum,
329 1535 499 1564 Trinitatem.
511 1534 628 1572 Magnus
637 1533 711 1561 Deus
725 1543 731 1559 :
747 1531 828 1560 Deus
837 1541 960 1570 magnus

218 1583 355 1612 oeternus,
371 1575 409 1604 ait
421 1573 520 1608 Isaias;
536 1572 638 1602 Paulus
648 1581 712 1601 vero
727 1581 733 1598 ε
747 1572 960 1610 Exspectantes

219 1618 334 1645 beatam
359 1625 437 1654 spem
450 1618 478 1643 et
491 1613 652 1650 adventurn
663 1611 762 1651 gloriae
775 1612 876 1650 magni
889 1612 958 1646 Dei,

218 1663 245 1685 et
255 1655 418 1684 Salvatoris
428 1653 520 1682 nostri
531 1652 602 1682 Jesu
614 1651 734 1680 Christi.
747 1652 864 1689 Magnus
874 1651 958 1687 Deus,

219 1705 331 1733 magnus
345 1694 488 1729 Dominus,
507 1698 538 1721 ut
559 1691 596 1720 ait
615 1690 705 1720 David
722 1700 728 1716 ι
744 1691 872 1729 Magnus
895 1691 961 1719 Do-

219 1736 315 1764 minus
340 1740 446 1770 noster‚
461 1738 491 1761 et
517 1740 626 1771 magna
650 1731 747 1759 virtus
761 1730 835 1769 ejus.
855 1731 961 1759 Verum

219 1775 345 1813 quoniam
370 1771 501 1802 fortitudo
521 1777 547 1800 et
565 1770 653 1800 virtus
668 1769 740 1810 idem
753 1776 793 1798 est
816 1769 961 1806 (Christus

218 1814 290 1843 enim
301 1814 351 1843 Dei
365 1813 481 1848 virtus),
497 1810 625 1849 Magnus
644 1810 789 1838 Dominus
801 1815 917 1844 noster;
931 1820 962 1839 ac

202 1850 241 1883 'si
264 1853 373 1887 diceret,
388 1854 506 1890 Magnus
525 1851 613 1886 Pater,
628 1856 653 1878 et
672 1859 767 1888 magna
780 1848 870 1878 virtus
890 1849 960 1888 ejus.

102 621 122 633 '¹'
163 628 166 634 '
200 629 203 632 '
217 625 306 654 lumen
318 629 441 653 vocatur.
457 621 528 659 Qui-‘1
545 621 616 650 enim
629 620 747 650 haeretici
769 626 859 648 contra
870 618 957 648 Patris
973 618 992 640 Α
1010 619 1120 655 Ἐπειδὴ
1138 619 1189 659 γὰρ
1206 618 1322 654 κατὰτῆς
1333 621 1380 647 τοῦ
1391 617 1626 658 Πατρὸςθεόι-ητος
1640 619 1669 647 οὐ
1679 616 1781 657 ταχέως

1009 659 1197 699 στρατεύονται
1223 658 1352 699 αἱρετικαὶ
1369 657 1484 697 τόλμαι,
1507 659 1530 686 εἰ
1546 657 1592 687 καὶ
1610 656 1644 686 τὰ
1663 656 1780 695 μάλιστα

1003 698 1078 728 ’κατὰ
1092 700 1208 739 Χριστοῦ
1230 698 1389 737 τολμώμενα
1407 699 1444 731 εἷς
1462 697 1572 737 Πατέρα
1593 697 1717 736 ἀναφέρει
1730 695 1780 732 τὴν

1008 738 1094 778 ῧὸριν,
1108 740 1166 768 ἀλλ’
1182 739 1253 777 ὅμως
1265 739 1296 768 τὸ
1307 736 1512 777 ὡμολογημένον
1523 737 1601 776 ἁπλῷ
1615 734 1781 766 κατασκευᾶ-
1804 772 1809 773 V

1008 779 1046 811 ζει
1063 778 1134 819 λόγῳ
1155 781 1172 814 ἡ
1194 778 1299 819 Γραφὴ,
1323 778 1353 807 τὸ
1375 776 1608 817 ἀμφιὸαλλόμενον
1628 777 1720 816 ὀχυροῖ
1745 777 1780 815 τῇ

1008 819 1129 859 ἀληθείᾳ.
1152 819 1217 852 Φῶς
1231 821 1244 847 ὁ
1264 817 1378 857 Πατὴρ,
1401 817 1446 846 καὶ
1468 818 1497 846 οὗ
1517 816 1586 855 μετὰ
1607 814 1760 855 προσθήκης
1773 826 1782 833 ·

1008 858 1082 898 ἀρκεῖ
1095 858 1130 898 γὰ
1167 857 1307 898 κηρυχθεὶς
1324 857 1509 897 γνωρισθῆναι.
1521 856 1587 889 (mig
1606 857 1619 885 ὁ
1636 855 1709 888 Υἱός.
1723 853 1782 884 Ἵνα

1008 897 1045 938 μή
1059 910 1098 931 τις
1112 870 1186 938 egi-fl,
1207 898 1248 927 ὅτι
1267 899 1322 938 φῶς
1335 896 1381 936 μὲν
1395 895 1483 936 νοερὸν
1498 897 1591 930 ἐκεῖνο,
1605 896 1635 925 τὸ
1651 895 1679 925 δὲ
1694 895 1782 935 ἕτερον

1008 937 1092 973 νόθον,
1109 939 1175 971 Φῶς
1188 937 1320 974 ἀληθινόν.
1337 936 1423 966 Πάλιν
1441 935 1484 964 ἵνα
1498 935 1534 975 μή
1553 947 1593 968 τις
1607 935 1679 974 εἴπῃ,
1690 934 1782 974 ὥσπερ

1008 978 1063 1016 φῶς
1075 979 1089 1006 ὁ
1109 976 1198 1014 ἥλιος,
1219 977 1264 1006 καὶ
1278 978 1332 1017 φῶς
1346 978 1363 1011 ἡ
1378 975 1476 1011 σελήνη
1486 997 1493 1010 ,
1513 974 1583 1005 ἀλλὰ
1597 975 1629 1004 τὸ
1642 974 1690 1013 μὲν
1712 974 1782 1014 μέγα

1009 1017 1072 1056 φῶς,
1084 1016 1114 1046 τὸ
1125 1017 1152 1046 δὲ
1166 1016 1260 1057 μικρὸν
1271 1017 1327 1086 ζῇς
1338 1027 1345 1035 ·
1359 1015 1428 1045 οὕτω
1442 1015 1487 1044 καὶ
1498 1017 1512 1044 ὁ
1525 1014 1604 1051 Πατὴ
1635 1017 1698 1055 φῶς,
1713 1012 1782 1043 ἀλλὰ

1010 1055 1079 1095 μέγα
1091 1068 1097 1074 ·
1120 1056 1189 1086 οὕτω
1211 1055 1257 1086 καὶ
1313 1055 1339 1090 ὸς
1359 1056 1430 1095 φῶς,
1451 1054 1520 1084 ἀλλὰ
1538 1066 1602 1094 μικρ
1618 1066 1649 1083 ν·
1671 1054 1714 1083 ἵνα
1743 1054 1781 1092 μὴ

1009 1098 1102 1147 ταῦταυ
1114 1095 1179 1135 λέγῃ
1190 1118 1198 1132 ,
1217 1095 1330 1135 Ἡσαΐας
1349 1094 1548 1145 προλαμὸάνει·
1568 1095 1608 1129 Γῆ
1624 1093 1779 1144 Ζαξσυλὼγ,

1009 1135 1512 1212 ²535,fflffi“{3ff’233²'⁴ff„‚⁰3²55332’
1522 1133 1669 1212 5583&ss
1682 1133 1783 1202 ἒῖἰῗιῖ

1252 1215 1259 1225 ι

1010 1227 1068 1251 τει,
1090 1218 1144 1256 φῶς
1158 1211 1209 1245 εἶδε
1225 1227 1305 1254 μεγα.
1323 1215 1357 1244 Ei
1371 1217 1390 1250 ζδ
1410 1213 1478 1247 Θεὸς
1498 1215 1553 1253 φῶς
1569 1214 1644 1249 ἔστι,
1665 1213 1713 1262 καὶ,
1728 1215 1783 1252 φῶς

975 1259 994 1282 Β
1012 1255 1090 1295 μέγα,
1101 1257 1115 1284 ὁ
1128 1255 1197 1288 Θεὸς
1211 1254 1303 1305 μέγας.
1318 1256 1352 1284 Ei
1365 1257 1379 1283 ὁ
1392 1253 1460 1286 Θεὸς
1475 1255 1529 1293 φῶς
1540 1254 1621 1288 ἔστιν,
1637 1254 1672 1286 ὧς
1682 1263 1782 1292 γεγρα-

1010 1307 1075 1324 πται
1089 1295 1162 1335 παρὰ
1177 1294 1315 1331 Ἰωαννου,
1334 1294 1398 1324 ’Ότι
1416 1295 1430 1322 ὁ
1451 1293 1521 1326 Θεὸς
1539 1295 1594 1332 φῶς
1614 1294 1702 1322 ἐστιν·
1723 1293 1746 1321 εἰ
1768 1294 1785 1321 ὁ

1010 1335 1079 1368 Θεὸς
1092 1335 1123 1364 τὸ
1136 1337 1190 1374 φῶς
1204 1334 1283 1374 μέγα,
1297 1334 1366 1366 Θεὸς
1401 1332 1471 1372 έγας.
1485 1332 1578 1372 Μέγας
1590 1332 1642 1372 γὰρ
1662 1335 1676 1361 ὁ
1689 1331 1781 1371 γεννή-

1011 1386 1071 1408 σας·
1086 1374 1132 1403 καὶ
1146 1374 1229 1413 μέγας
1238 1376 1252 1403 ὁ
1266 1375 1373 1413 γεννηθε
1385 1384 1411 1406 ς·
1427 1372 1530 1411 μεγάλη
1543 1375 1560 1408 ἡ
1584 1372 1654 1412 ῥίζα,
1674 1371 1756 1410 μέγας
1768 1371 1784 1399 ὁ

1010 1414 1123 1454 καρπός·
1139 1414 1208 1453 μέγα
1222 1414 1252 1442 τὸ
1264 1415 1327 1453 φῶς,
1340 1413 1409 1452 μέγα
1422 1412 1453 1441 τὸ
1466 1411 1640 1451 ἀπαύγασμα.
1654 1412 1714 1441 Οὐκ
1724 1406 1782 1439 οἶδα

1012 1454 1106 1493 μικρὸν
1119 1453 1164 1483 καὶ
1179 1453 1257 1493 μέγα,
1272 1452 1341 1482 ἀλλὰ
1354 1453 1423 1492 μέγα
1436 1446 1494 1480 οἶδα
1507 1451 1553 1480 ἕνα
1565 1451 1644 1487 Θεὸν,
1663 1449 1778 1491 Τριάδα.

1012 1494 1103 1533 Μέγας
1124 1496 1138 1523 ὁ
1163 1495 1231 1525 Θεος
1241 1505 1248 1511 ·
1265 1492 1300 1522 ‘O
1321 1491 1390 1525 Θεός
1413 1491 1504 1531 μέγας,
1525 1493 1539 1520 ὁ
1560 1490 1680 1526 αἰώνιος,
1702 1489 1782 1530 φησὶν

1011 1533 1138 1566 Ἡσαΐας·
1150 1535 1165 1562 ὁ
1179 1533 1206 1562 δὲ
1221 1533 1343 1568 Παῦλος,
1356 1531 1576 1571 Ἀπεκδεχόμενοι
1586 1529 1634 1566 τὴν
1648 1529 1783 1570 μακαρίαν

1011 1573 1106 1603 ἐλπίδα
1120 1572 1165 1603 καὶ
1180 1572 1332 1612 ἐπιφάνειαν
1352 1573 1400 1607 τῆς
1414 1570 1489 1606 δόξης
1501 1573 1547 1600 τοῦ
1564 1570 1679 1609 μεγάλου
1693 1571 1764 1600 Θεοῦ
1773 1592 1782 1606 ,

1011 1613 1057 1642 καὶ
1077 1614 1202 1652 Σωτῆρος
1214 1614 1291 1651 ἡμῶν
1305 1611 1394 1647 Ἰησοῦ
1414 1611 1543 1650 Χριστοῦ.
1560 1610 1654 1649 Μέγας
1679 1612 1693 1639 ὁ
1704 1609 1782 1645 Θεὸς,

1012 1652 1095 1692 μέγας
1107 1652 1212 1692 Κύριος,
1225 1652 1261 1685 ὥς
1272 1663 1337 1692 φησι
1346 1650 1430 1681 Δαυίδ
1437 1662 1443 1669 ·
1456 1649 1548 1688 Μέγας
1559 1651 1574 1679 ὁ
1587 1650 1684 1690 Κύριος
1696 1651 1783 1688 ἠχῶν,

1011 1693 1056 1722 καὶ
1071 1692 1174 1732 μεγάλη
1184 1695 1201 1728 ἡ
1211 1691 1286 1732 ἰσχὺς
1295 1689 1456 1721 αὖτοῦ.Ἀλλ’
1467 1689 1558 1725 ἐπειδὴ
1568 1688 1643 1730 ἰσχὺς
1652 1689 1697 1719 καὶ
1709 1688 1784 1718 δύνα-

1012 1745 1056 1771 μις
1071 1732 1166 1762 ταύτὸν
1177 1731 1301 1772 (Χριστὸς
1310 1730 1362 1771 γὰρ
1371 1732 1442 1761 Θεοῦ
1454 1729 1583 1769 δύναμις),
1596 1729 1688 1769 Μέγας
1700 1731 1715 1758 ὁ
1726 1728 1784 1759 Κύ-

1013 1784 1066 1811 ριος
1079 1774 1156 1811 ἡμῶν
1167 1784 1173 1790 ·
1187 1771 1251 1801 ὡσεὶ
1264 1770 1307 1800 ἕλε
1326 1783 1348 1807 ε,
1364 1770 1446 1810 μέγας
1468 1771 1482 1798 ὃ
1493 1769 1607 1809 Πατὴρ,
1621 1769 1724 1809 μεγάλη
1737 1767 1784 1799 καὶ

1012 1814 1029 1847 ἡ
1042 1812 1152 1851 δύναμις
1167 1813 1256 1841 αὐτοῦ.
1272 1812 1301 1840 Μ
1316 1822 1364 1850 γας
1377 1813 1391 1840 ὁ
1405 1809 1502 1848 Κύριος
1515 1811 1602 1848 ἡμῶν,
1618 1809 1664 1838 καὶ
1679 1808 1783 1848 μεγάλη

1013 1854 1030 1887 ἡ
1045 1851 1120 1891 ἰσχὺς
1134 1852 1225 1881 αὐτοῦ.
1238 1850 1351 1890 Μεγάλη
1366 1849 1442 1889 ἰσχὺς
1455 1851 1469 1878 ὁ
1489 1849 1558 1883 Υἱὸς,
1575 1848 1666 1884 ἐπειδὴ
1679 1849 1783 1888 μεγάλη

218 1895 347 1932 Magnus
359 1893 501 1920 Dominus
513 1895 617 1924 noster,
629 1895 657 1918 et
666 1899 775 1933 magna
787 1890 959 1928 virtusejus.
978 1899 997 1922 c
1013 1891 1121 1930 δύναμις
1142 1891 1188 1921 καὶ
1202 1891 1232 1920 τὸ
1245 1891 1357 1929 Πνεῦμα
1370 1890 1401 1919 τὸ
1415 1889 1497 1928 ἅγιον,
1510 1888 1546 1922 ὥς
1565 1899 1645 1928 φησιν
1659 1891 1674 1918 ὁ
1686 1888 1784 1957 Enim-hog

218 1934 317 1972 Magna
340 1930 471 1961 fortitudo
496 1928 595 1963 Filius,
610 1938 736 1967 quoniam
757 1939 852 1967 magna
876 1929 963 1958 virtus

219 1971 336 2012 Spiritus
345 1977 462 2005 sanctus,
474 1975 504 1998 ut
518 1968 554 1997 ait
566 1968 693 1998 Servator
701 1968 829 2007 apostolis
840 1978 847 1995 ι
861 1968 963 1998 Sedete

218 2010 522 2048 Jerosolymz's‚donec
536 2008 701 2037 induamini
714 2010 825 2037 virtute
838 2019 874 2037 ex
886 2008 960 2037 alto.

220 2050 273 2080 Sed
283 2050 346 2080 vide
359 2047 494 2089 quomodo
501 2047 536 2077 de
547 2047 595 2076 illa
609 2047 708 2077 virtute
719 2054 888 2087 argutentur.
901 2048 961 2085 Est,

221 2090 356 2129 inquiunt,
366 2089 455 2118 virtus
466 2094 558 2127 utpote
570 2097 629 2125 quae
637 2087 796 2117 divitiarum
804 2087 961 2127 promissio-

220 2140 280 2159 nem
293 2129 416 2158 obtineat.
428 2127 546 2167 Spiritus
554 2127 636 2162 enim,
651 2127 735 2163 aiunt,
749 2137 802 2157 non
814 2134 853 2157 est
866 2127 961 2167 appel-

219 2170 290 2198 latus
304 2170 384 2203 Deus,
405 2167 451 2197 sed
464 2167 562 2207 pignus
575 2166 625 2195 Dei
637 2178 645 2195 ε
661 2166 743 2206 idque
759 2166 907 2206 quomodo,
920 2177 963 2195 ac-

220 2210 289 2249 cipe.
310 2208 410 2248 Pignus
423 2218 484 2248 pars
503 2213 543 2235 cst
555 2206 631 2243 doni,
644 2216 729 2245 neque
747 2214 834 2236 totum
847 2206 961 2243 donum,

221 2249 269 2278 sed
288 2259 351 2288 pars
365 2248 457 2277 totius.
475 2246 611 2286 Scriptum
624 2253 664 2275 est
680 2246 751 2276 enim
762 2246 796 2276 de
812 2245 939 2286 apostolis
953 2257 959 2273 :

223 2289 377 2328 Obsignnti
390 2289 422 2316 in
431 2287 539 2326 Spiritu
555 2287 753 2326 promissionis
774 2292 887 2322 sancto,
910 2287 962 2324 qui

221 2335 263 2357 est
274 2331 380 2368 pignus
393 2327 563 2356 hereditatis
581 2332 695 2355 nostrae.
709 2325 796 2363 Vide,
806 2325 893 2364 inquit
905 2324 960 2353 hae-

219 2368 326 2404 reticus,
337 2367 439 2396 donum
450 2376 507 2395 esse
530 2365 592 2402 Dei,
612 2375 664 2394 non
683 2367 782 2395 Deum.
802 2365 895 2403 Itaque
909 2363 961 2393 do-

219 2419 283 2437 num
297 2414 321 2437 ct
331 2407 431 2447 pignus
444 2416 506 2446 pars
514 2413 552 2435 est
564 2405 657 2434 totius.
668 2404 743 2442 Quid
755 2414 818 2444 ergo
828 2404 850 2433 si
859 2402 960 2434 videris

219 2449 306 2476 Deum
326 2457 433 2485 quoque
446 2452 548 2485 partem
562 2444 663 2480 vocari,
686 2451 712 2474 et
732 2454 786 2473 non
809 2450 907 2480 totum,
928 2453 959 2472 ac

1011 1935 1066 1964 τοῖς
1087 1931 1256 1964 ἀποστόλοις·
1272 1929 1406 1960 Καθίσατε
1419 1931 1457 1961 εἷς
1469 1927 1644 1968 Ἰερουσαλὴμ
1657 1950 1664 1964 ,
1685 1927 1735 1960 ἕως

1012 1970 1153 2007 ἐνδύσησθε
1167 1970 1276 1999 δύναμιν
1291 1969 1319 2003 ἐξ
1338 1969 1428 2010 ὕψους.
1443 1968 1512 1998 Ἀλλ’
1526 1967 1575 2008 ὅρα
1587 1967 1614 1996 τί
1634 1967 1782 2007 σοφίζονται

1011 2011 1060 2047 τὴν
1082 2010 1201 2050 δύναμιν.
1228 2000 1319 2045 *Em-t,
1345 2008 1433 2049 φησὶν,
1455 2010 1472 2043 ἡ
1497 2007 1615 2046 δύναμις,
1641 2008 1677 2039 ὡς
1701 2007 1783 2036 πλού-

1012 2050 1169 2090 του’ἔχουσα
1179 2049 1349 2089 ἐπαγγελίαν.
1366 2049 1391 2078 T
1393 2049 1407 2078 b
1420 2048 1471 2087 γὰρ
1485 2048 1597 2086 Πνεῦμα
1610 2048 1657 2076 οὐκ
1669 2046 1784 2086 εἴρηται,

1012 2089 1087 2130 φησὶ,
1101 2089 1181 2126 Θεὸς,
1197 2089 1266 2118 ἀλλὰ
1280 2087 1402 2157 ἀῗραὸὼν
1417 2089 1487 2117 Θεοῦ
1498 2098 1504 2105 ·
1518 2086 1564 2116 καὶ
1576 2088 1633 2119 πῶς
1645 2086 1735 2118 ἄκουε.
1748 2086 1783 2116 ‘O

1013 2129 1136 2170 ἀῤῥαὸὼν
1160 2127 1238 2168 μέρος
1255 2129 1302 2157 ἐστ
1330 2127 1412 2167 δώρου
1421 2149 1429 2162 ,
1451 2126 1509 2156 οὐδὲ
1525 2125 1669 2165 ὁλόκληρον
1690 2127 1783 2166 δῶρον,

1013 2169 1081 2198 ἀλλὰ
1096 2169 1173 2208 μέρος
1187 2171 1232 2197 τοῦ
1246 2167 1316 2197 ὅλου.
1332 2167 1485 2207 Γέγραπται
1494 2166 1555 2206 γὰρ,
1567 2165 1646 2205 φησὶ,
1660 2165 1721 2206 περὶ
1730 2167 1782 2194 τῶν

1013 2208 1165 2237 ἀποστόλων
1174 2220 1180 2226 ·
1195 2206 1404 2276 Σῖραγισθέντες
1418 2207 1444 2235 ἐν
1458 2205 1597 2244 Πνεύματι
1608 2207 1655 2241 τῆς
1667 2207 1783 2244 ἐπαγγε-

1011 2247 1069 2281 λίας
1079 2250 1117 2288 τῷ
1127 2247 1203 2288 ἁγίῳ,
1239 2248 1310 2276 ἐστιν
1320 2245 1443 2287 ἀῤῥαὸὼν
1451 2248 1499 2282 τῆς
1510 2245 1686 2285 κληρονομίας
1695 2247 1780 2283 ἡμῶν.

1012 2287 1095 2328 ”ορα,
1106 2287 1195 2328 φησὶν,
1206 2286 1247 2316 ὅτι
1259 2287 1295 2316 δῶ
1313 2286 1341 2315 όν
1354 2288 1409 2316 ἐστι
1420 2287 1501 2322 Θεοῦ,
1512 2285 1557 2315 καὶ
1568 2286 1597 2314 οὖ
1607 2284 1686 2318 Θεός.
1700 2284 1783 2314 Ὥστε

1011 2323 1055 2356 οῧν
1071 2328 1153 2367 δῶρον
1167 2326 1212 2356 καὶ
1226 2298 1349 2367 ἄῤῥαὲὼν
1366 2326 1444 2366 μέρος
1463 2327 1494 2355 ἔκ
1509 2328 1555 2355 τοῦ
1568 2323 1639 2354 ὅλου.
1654 2323 1720 2353 Ἐὰν
1737 2320 1782 2353 οῧν

1011 2367 1069 2407 ἴδῃς
1081 2367 1125 2397 καὶ
1136 2367 1181 2397 τὸν
1193 2367 1261 2397 Θεὸν
1273 2366 1351 2406 μέρος
1363 2365 1513 2405 λεγόμενον,
1527 2364 1574 2395 καὶ
1587 2365 1637 2403 οὐχ
1647 2363 1706 2392 ὅλον
1716 2375 1723 2381 ·
1737 2363 1784 2392 καὶ

1011 2407 1103 2447 δῶρον,
1116 2406 1162 2436 καὶ
1176 2408 1205 2436 οὗ
1239 2405 1298 2436 ὅλον
1312 2418 1318 2424 ·
1336 2405 1364 2435 τί
1386 2406 1456 2445 λέγει
1469 2405 1534 2444 γάρ;
1555 2404 1590 2432 ‘0
1609 2404 1636 2432 δὲ
1658 2402 1781 2442 ἀᾷραὅὼν

1009 2448 1056 2482 τῆς
1070 2449 1255 2486 κληρονομιας.
1271 2445 1321 2479 Τίς
1333 2448 1348 2475 ὁ
1364 2444 1500 2485 ἀρῤαὸών;
1518 2444 1558 2477 τίς
1571 2445 1588 2478 ἡ
1605 2442 1782 2481 κληρονομία;

219 2486 331 2522 donum,
347 2494 372 2515 ct
398 2497 451 2515 non
473 2492 556 2514 totum
567 2488 581 2514 9
594 2483 669 2521 Quid
689 2483 759 2513 enim
773 2483 832 2512 ait?
847 2483 888 2511 Et
911 2484 956 2521 pi·
974 2489 993 2512 D
1008 2486 1048 2519 τίς
1061 2489 1074 2516 ὁ
1088 2486 1210 2527 ᾱῤῥαὸὼν
1230 2487 1277 2521 τῆς
1289 2484 1477 2525 κληρονομίας;
1496 2483 1532 2513 Ἣ
1551 2482 1714 2522 κληρονομία
1728 2483 1781 2511 δῶ-

218 2537 291 2564 gnus
307 2527 486 2555 hereditatis.
503 2524 584 2561 Quod
596 2523 715 2563 pignus?
729 2533 788 2562 quae
798 2522 932 2551 hereditas
943 2522 957 2551 Ξ)

1009 2526 1052 2565 ρόν
1067 2528 1123 2555 ἐστι
1140 2529 1185 2555 τοῦ
1204 2525 1252 2561 τὴν
1274 2524 1449 2565 κληρονομίαν
1471 2522 1622 2557 δεδωκότος,
1639 2522 1687 2550 οὔκ
1704 2522 1781 2555 αὐτὸς

218 2566 290 2603 quod
316 2566 413 2605 pignus
431 2564 607 2593 hereditatis?
627 2562 768 2593 Hereditas
791 2562 893 2591 donum
918 2568 956 2591 cst
1007 2569 1020 2594 ὁ
1042 2566 1293 2606 χληρονομούμενος,
1313 2564 1391 2603 Λέγει
1416 2562 1512 2598 τοίνυν,
1533 2562 1567 2592 Ὁ
1590 2561 1714 2602 ἀῤῥαὸὼν
1732 2563 1780 2596 τῆς

218 2610 274 2648 ejus
287 2610 333 2647 qui
343 2609 513 2638 hereditatem
523 2608 608 2644 dedit,
623 2617 674 2637 non
686 2607 732 2637 illc
741 2607 797 2647 ipse
810 2606 836 2636 iu
848 2605 953 2636 heredi-

1006 2605 1180 2645 κληρονομίας
1203 2606 1278 2644 ἡμῶν
1297 2605 1327 2634 τὸ
1349 2605 1469 2642 Πνεῦμα.
1488 2603 1521 2633 Εἴ
1546 2602 1576 2632 τὸ
1602 2603 1730 2638 κληθῆναι
1749 2601 1780 2630 τὸ
