1890 2826
671 189 703 211 ΙΝ
729 189 877 212 GENESIM
904 189 1014 212 SERMO
1042 190 1090 212 111.

104 250 181 291 προὶξ
193 250 298 290 ὃτι-’ἦρχέ
310 262 356 289 μοι
372 249 532 285 πολυτελής·
543 249 593 279 ὅσα
613 250 686 289 αὐτῷ
700 249 809 278 ἐλάλουν
820 251 871 289 οὐχ

103 290 251 326 ὑπήκουεν·
265 288 334 318 ἀλλὰ
347 290 386 329 τῷ
405 288 463 328 ἰδίῳ
487 288 637 329 φρονήματι
659 290 739 318 αὐτοῦ
763 288 809 318 καὶ
831 286 868 327 μὴ

102 328 213 358 θέλουσα
239 328 381 368 συνήγορος
413 330 532 368 δτι-’ἦρχον
549 340 555 347 ·
584 328 657 357 οὐδέν
688 340 734 367 μοι
760 328 869 358 κατέλι-

100 378 161 397 πεν.
175 367 227 398 ε’ον
247 368 275 398 δὲ
288 369 373 402 ζῶντα
386 368 520 404 ἠσπάζετο
533 367 578 397 καὶ
592 367 765 407 ἠγκαλίζετο,
777 370 869 399 τοῦτον

86 425 93 429 -
101 407 170 446 μετὰ
185 406 296 437 θάνατον
310 407 438 447 θρίαμὸον
451 411 505 441 τοῖς
517 407 601 446 φίλοις
614 407 660 436 καὶ
674 412 729 440 τοῖς
747 407 869 447 συγγενέ-

100 458 142 476 σιν
159 447 290 484 ἐποίησεν.
301 446 337 476 Ἣ
350 446 459 482 τοιαύτη
487 447 555 486 μετὰ
577 446 686 476 θάνατον
705 449 751 476 τοῦ
775 446 868 487 ἀνδρὸς

100 488 197 522 αὐτῆς,
210 486 399 526 περιὸλέπεται
411 486 481 516 ἔνθεν
497 487 629 523 κάκεῖθεν,
644 489 695 516 ποῦ
707 486 866 526 παράκοιτον
882 494 901 518 F.

99 525 163 566 εὕρῃ
178 525 296 566 κρύφιον,
308 526 353 556 καὶ
371 538 394 556 π
443 526 502 556 άσιι
514 537 597 565 προσε
634 527 666 562 ἧς
682 525 700 562 ἢ
714 526 867 565 ἐπιμελείας

99 565 227 595 τοῦοῖκου
242 567 324 602 αὐτῆς
347 568 362 595 θ
379 537 474 605 (gii-{oz
492 568 547 599 τοῖς
570 537 678 599 ποᾎοῑς
690 565 847 595 καθίσταται
858 577 865 584 ·

99 604 145 634 καὶ
157 605 264 645 πράξεις
289 578 427 645 &stag-oo<
438 606 594 641 ἐκτελοῦσα,
608 605 654 635 καὶ
666 605 735 635 κατὰ
754 605 867 645 γαστρὸς

98 645 334 684 συλλαμὸάνουσα,
347 644 455 685 κρύφιον
468 644 531 674 αὐτὸ
544 644 666 685 κατέχει,
675 644 756 685 μυρία
770 645 866 685 τεχνά-

98 696 188 723 σματα
200 684 266 724 πρὸς
278 684 374 721 ἑαυτὴν
386 686 575 725 περιποιοῦσα,
584 686 650 724 πρὸς
658 685 689 714 τὸ
698 685 867 725 ἐκτρῶσαιτὸ

99 723 194 792 βρέφος
203 725 235 753 ἐκ
253 727 302 760 τῆς
322 724 422 758 κοιλίας
442 725 536 760 αὐτῆς,
551 723 603 753 εἴτε
624 723 667 759 διὰ
689 723 865 764 δηλητηρίου,

98 774 110 792 ε
121 774 151 792 τε
163 764 196 792 δι’
209 762 306 804 ἑτέρων
321 763 480 804 παρανόμων
501 764 642 803 γυναικῶν.
653 763 707 794 Καὶ
727 763 773 793 τὸν
786 763 865 804 φόὸον

1594 180 1664 226 645

921 256 1030 286 stantes,
1043 259 1141 288 eosque
1159 259 1253 279 manus
1266 251 1301 280 ad
1314 258 1405 291 pectus
1425 251 1520 292 ligatas
1536 252 1663 282 habentes

921 288 1005 318 velint
1025 289 1120 326 nolint,
1136 289 1239 318 etiamsi
1261 290 1302 319 illi
1323 302 1384 320 cum
1403 302 1484 320 aureo
1506 290 1617 330 cingulo
1638 299 1664 321 et

920 328 1004 357 serica
1012 335 1086 359 veste
1099 329 1267 359 ambularent
1274 331 1288 359 9
1299 330 1431 367 Audistis,
1438 341 1454 360 o
1464 331 1566 361 Christi
1574 342 1662 360 aman-

921 374 971 404 tes,
993 367 1193 397 narrationem?
1217 369 1300 399 nostis
1323 371 1361 399 rei
1385 380 1466 409 quam
1487 371 1662 400 tractavimus

919 406 1082 446 hypothesin
1091 407 1105 436 Ξ)
1119 407 1297 438 Lascivarum
1310 409 1361 438 insi
1383 410 1662 448 ientiumquemulie-

919 456 981 475 rum
1002 453 1101 487 tropaea
1123 447 1255 477 enarravi.
1278 449 1334 478 Hos
1353 420 1411 479 ἕνα
1432 459 1518 478 mores
1543 448 1659 479 docuit:

918 485 982 515 hinc
1003 487 1063 526 ejus
1089 486 1161 515 incre
1181 487 1246 523 atio,
1270 494 1296 516 et
1316 488 1371 517 cibi
1398 489 1472 518 vetiti
1497 488 1657 528 degustatio.

917 526 1062 564 Postquam
1077 536 1141 556 vero
1179 536 1194 554 e
1210 526 1283 566 frugi
1302 527 1546 558 et‘honorabilibus
1567 528 1660 558 mulie·

917 564 994 594 ribus
1011 565 1106 604 paucis
1131 565 1274 605 egerimus,
1296 567 1378 595 finem
1403 567 1498 596 orandi
1523 567 1659 597 faciemus.

917 603 991 634 Vide
1016 604 1084 634 mihi
1100 605 1174 644 frugi
1189 605 1331 635 mulierem
1357 606 1581 646 Sarephthanam‚
1600 618 1660 646 quae

917 644 1076 684 prophetam
1102 645 1208 675 Heliam
1236 652 1356 685 tempore
1381 645 1460 675 famis
1482 646 1561 675 aluit.
1587 646 1660 677 Vide

917 683 987 712 mihi
997 683 1207 721 Sunamitidem,
1219 695 1279 724 quae
1299 684 1430 714 Elisaeum
1448 685 1565 725 hospitio
1585 696 1660 715 rece-

916 723 968 762 pit,
983 722 1031 752 ubi
1041 723 1088 754 ille
1099 734 1214 765 puerum
1225 725 1283 764 ejus
1295 724 1323 753 in
1332 724 1417 755 vitam
1424 725 1569 755 revocavit.
1586 724 1660 755 Vide

917 762 985 791 mihi
999 763 1117 800 Annam,
1132 774 1192 803 quae
1206 763 1356 794 sterilitatis
1366 764 1508 794 vinculum
1521 764 1659 801 dissolvit,

97 803 143 831 τοῦ
154 804 226 832 Θεοῦ
236 806 282 833 τοῦ
293 804 437 844 ἐφορῶντος
455 802 490 832 τὰ
510 803 599 833 πάντα
613 804 643 832 οὐ
662 803 770 844 κατέχει
790 805 818 833 ἐν
830 806 908 844 ‘5⁵⁵²
916 809 943 831 et
959 803 1111 833 Samuiilem
1123 803 1239 843 peperit,
1273 814 1355 842 erque
1373 803 1520 833 orationem
1536 810 1562 833 et
1581 804 1660 833 obse-

97 843 193 878 ἑαυιῆς
206 842 317 883 καρδία·
330 842 399 872 ἀλλὰ
415 842 465 879 τὴν
485 842 617 882 ἁμαρτίαν
641 842 793 883 πράττουσα
816 844 864 873 οὐκ
880 849 900 871 Α
916 842 1062 872 orationem
1075 850 1160 872 mater
1177 850 1217 872 est

97 882 220 932 ἐρυθριᾷ,
230 882 276 911 καὶ
286 882 330 912 τὸν
341 882 443 922 καρπὸν
457 881 501 911 τὸν
519 882 656 922 γινόμενον
663 882 694 933 ’ἐξ
717 884 800 932 αὐτῆς
820 885 864 912 αἰ-

97 932 224 994 ὲᾌῖἷὲιῗὲ
235 922 282 991 ’ἕῖῗ
291 921 455 1002 ἶρᾝρξέῗᾶἶί
465 921 751 997 ῗέῗζᾶεἶῗρτῗῗοῗςᾝ
758 923 864 1001 δξῖἶζῗέ

95 1001 165 1036 κῶν;
176 1000 237 1034 τοὺς
248 1000 398 1041 ἐλευθέρως
408 1001 504 1034 παῖδας
522 1000 590 1040 μετὰ
600 1000 682 1041 φόὸου
706 1002 752 1031 καὶ
764 1001 863 1042 τρόμου

95 1041 266 1109 W³⁶
279 1041 366 1109 ‘³³3³‘
375 1040 443 1109 'nii‘
451 1039 769 1115 χῗῧέῗξᾷἶοῗαῖτῖἔῖἷζὶ
776 1042 863 1109 αὐτῗῖ

94 1079 234 1153 cottae-ia?
242 1091 496 1160 ωΜσηῖοἱκοφόρὲυς
506 1123 518 1136 ¹
526 1102 735 1159 mpwioeeossqu
743 1129 751 1152 ;
762 1092 861 1150 'ilgo-

94 1169 174 1196 σατε,
207 1159 367 1199 ιλόχριστοι,
381 1161 428 1188 τοῦ
439 1158 518 1197 λόγου
535 1158 585 1195 τὴν
603 1158 740 1197 ἐξήγησιν;
753 1159 862 1200 ἐγνωρί-

94 1208 158 1227 σατε
203 1210 217 1227 ν
229 1198 351 1228 ὑπόθεσιν
371 1200 418 1234 τῆς
429 1198 559 1237 ἱστορίας
582 1198 787 1238 Ἐδιηγησᾶμην
808 1202 861 1228 τῶν

93 1239 224 1275 γυναυάῦν
229 1239 281 1267 τῶν
287 1237 441 1268 ἀκολάστων
446 1237 491 1267 καὶ
496 1238 615 1278 ἀφρόνων
621 1237 655 1267 τὰ
660 1238 783 1278 τρόπαια.
790 1238 862 1268 Τού-

93 1287 153 1310 τους
167 1275 228 1310 τοὺς
238 1277 350 1318 τρόπους
363 1280 380 1313 ἡ
399 1277 457 1307 Εὔα
469 1277 568 1312 ἐδίδαξε
579 1300 587 1314 ,
600 1277 646 1307 καὶ
658 1280 675 1313 ἡ
688 1278 787 1314 ταύτης
800 1279 862 1307 ἑπι-

92 1315 216 1354 τίμησις,
226 1317 331 1352 καὶτῆς
343 1319 480 1357 παρακοῆς
494 1319 512 1353 ἡ
531 1320 629 1356 γεῦσις.
644 1317 723 1347 Ἀλλὰ
744 1320 797 1347 τῶν
809 1329 862 1348 σω-

93 1355 194 1394 φρόνων
205 1355 250 1385 καὶ
261 1356 370 1406 ἐνδόξων
383 1359 515 1408 γυναιξῶν
527 1356 755 1396 μνημονεύσαντες
765 1357 862 1397 ὀλίγον,
878 1361 896 1383 Β

93 1395 215 1425 καταπαύ
283 1407 354 1426 ντον
437 1407 459 1425 ν.
484 1397 527 1426 l&
546 1407 592 1435 μοι
612 1396 735 1437 σώφρονα
751 1402 863 1436 γυναῖκα

91 1433 140 1470 τὴν
152 1435 316 1476 Σαραφθίαν,
329 1435 378 1471 τὴν
392 1435 580 1505 τονπέφήτην
594 1435 689 1465 Ἠλίαν
699 1437 831 1505 θρέὲασαν
837 1439 865 1467 ἐν

93 1484 128 1502 κα
157 1475 175 1483 ’””
185 1475 281 1513 λιμοῦ.
292 1474 348 1505 Ἴδε
354 1474 454 1515 μοιτὴν
507 1479 620 1514 μανῖτιν,
653 1487 693 1509 τις
706 1477 738 1516 ἐφ
766 1476 863 1510 οξένισε

93 1512 137 1542 τὸν
147 1513 156 1523 ‘
200 1518 300 1544 ισσαῖον
313 1515 341 1544 ἐν
376 1517 393 1524 ’“
406 1514 471 1554 οἴκῳ
484 1516 574 1551 αὐτῆς,
588 1516 628 1554 ἐφ’
642 1528 664 1554 ῳ
674 1515 719 1544 καὶ
726 1516 770 1545 τὸν
780 1519 863 1546 παῖδα

93 1553 174 1588 αὖτῆς
187 1553 340 1589 ἀνέστησεν.
349 1526 404 1583 ’ἷζε
411 1565 456 1592 μοι
469 1554 515 1589 τὴν
527 1554 628 1590 Ἄνναν,
634 1555 682 1589 τὴν
692 1556 739 1590 τῆς
751 1556 861 1595 στειρώ-

92 1602 158 1624 σεως
171 1592 257 1631 δεσμὰ
268 1593 438 1630 διαλύσασαν,
458 1593 504 1623 καὶ
522 1592 634 1627 τέξασαν
656 1593 701 1622 τὸν
719 1594 861 1633 Σαμουὴλ,

93 1630 138 1659 καὶ
152 1631 196 1660 διὰ
208 1643 307 1671 προσευ
329 1634 360 1668 ’ἧς
378 1632 423 1662 καὶ
445 1632 559 1667 δεήσεως
572 1632 676 1672 μητέρα
694 1634 860 1673 ἀναδειχθεῖ·

92 1681 151 1699 σαν.
167 1670 222 1700 Ἴδε
244 1682 289 1710 μοι
329 1683 351 1707 ,ν
374 1671 480 1711 Σάρῤαν
494 1672 540 1700 καὶ
562 1672 611 1707 τὴν
632 1671 788 1707 Ῥεὸέκκαν,
811 1672 860 1708 τὴν

91 1709 209 1749 καθαρὰν
223 1711 268 1740 καὶ
281 1710 408 1749 α’μίαντον
421 1712 506 1740 αὐτῶν
526 1710 686 1747 συνοίκησιν,
699 1711 732 1747 ἣν
755 1712 854 1741 ἐπεδεί-
875 1716 893 1738 G

77 1748 168 1781 ,ξαντο
178 1754 232 1783 τοῖς
246 1750 430 1790 πατριάρχαις.
448 1750 502 1780 Ἴδε
517 1761 562 1789 μοι
582 1749 631 1786 τὴν
645 1751 799 1790 Σωσάνναν,
810 1751 859 1786 τὴν

90 1787 133 1817 διὰ
148 1789 317 1829 σωφροσύνης
331 1790 525 1829 κατακρίνασαν
548 1789 652 1829 θανάτῳ
666 1790 859 1830 πρεσὸυτέρους

90 1827 206 1861 ἀδίκους.
217 1830 243 1858 Τ
244 1828 324 1862 αύτας
337 1828 384 1862 τὰς
396 1834 522 1869 γυναῖκας
535 1828 685 1864 ζηλώσατε,
703 1832 751 1865 τῆς
765 1830 813 1868 μὲν
827 1831 856 1859 τὸ

89 1867 230 1906 ἀμίαντον,
239 1870 287 1903 τῆς
298 1868 383 1904 δὲτὴν
397 1868 549 1909 προσευχήν
559 1881 566 1887 ·
580 1869 662 1903 ἄλλης
671 1869 702 1898 τὸ
714 1869 856 1909 φιλόξενον,

90 1907 181 1947 ἑτέρας
191 1907 240 1943 τὴν
254 1907 436 1948 σωφροσύνην,
450 1908 533 1943 ἄλλης
543 1908 573 1937 τὸ
587 1908 632 1937 θεοί
650 1919 735 1943 εστον,
748 1908 791 1937 ἵνα
810 1911 857 1944 τῆς

91 1946 226 1985 βασιλείᾶς
247 1950 301 1977 τῶν
314 1948 431 1987 οὐρανῶν
445 1947 590 1987 ἐπιτύχητε
601 1959 608 1966 ·
622 1919 654 1984 Rq:
673 1947 774 1987 γένοιτο
787 1948 857 1977 πάν-

88 1997 135 2019 τας
155 1988 226 2025 ἡμᾶς
253 1988 396 2027 ἐπιτυχεῖν,
421 1987 511 2027 χάριτι
537 1987 583 2017 καὶ
608 1988 790 2028 φιλανθρωπίᾳ
811 1990 857 2017 τοῦ

1265 849 1332 872 ecta.
1349 842 1418 874 Vidi
1432 843 1501 872 mihi
1520 843 1613 873 Saram
1635 850 1661 873 et

915 882 1076 919 Rebeccam,
1089 892 1239 922 puramque
1252 882 1329 911 illam
1344 889 1370 912 et
1382 882 1563 911 intemeratam
1578 882 1659 911 coha-

914 921 1070 950 bitationem
1096 932 1163 951 cum·
1182 922 1353 961 patriarchis.
1370 921 1444 952 Vide
1463 921 1532 951 mihi
1554 920 1657 951 Susan-

914 970 976 990 nam
995 970 1055 999 quae
1074 971 1124 1000 per
1142 961 1287 990 castitatem
1300 961 1407 999 iniquos
1434 962 1550 990 seniores
1572 968 1659 991 morte

915 999 1063 1030 damnavit.
1079 1001 1134 1030 Has
1150 1001 1279 1030 mulieres
1293 1000 1448 1036 imitamini,
1465 1000 1541 1029 illius
1554 1000 1659 1030 scilicet

913 1039 1068 1078 puritatem,
1090 1039 1172 1079 hujus
1195 1039 1342 1069 orationem
1349 1051 1358 1078 5
1381 1039 1463 1079 hujus
1486 1039 1657 1079 hospitalita-

913 1085 978 1115 tem,
994 1079 1070 1108 illius
1080 1080 1237 1116 castitatem,
1253 1078 1383 1117 illiusque
1395 1079 1454 1108 Deo
1467 1079 1592 1119 placendi
1601 1086 1657 1108 stu-

912 1117 1002 1155 dium,
1017 1125 1048 1148 ut
1069 1129 1181 1158 regnum
1198 1119 1326 1148 caelorum
1344 1118 1544 1157 consequamini
1560 1131 1568 1148 t
1582 1119 1657 1158 quod

912 1167 961 1187 nos
971 1167 1062 1188 omnes
1077 1159 1203 1197 consequi
1221 1158 1367 1197 contingat,
1379 1159 1464 1198 gratia
1483 1165 1509 1187 et
1526 1158 1656 1197 benigni-

912 1204 965 1226 tate
974 1197 1085 1227 Domini
1099 1198 1183 1227 nostri
1193 1199 1259 1228 Jesu
1269 1198 1381 1235 Christi,
1395 1197 1507 1236 quicum
1518 1197 1589 1226 Patri
1602 1197 1652 1225 ho-

911 1247 962 1266 nor
974 1243 1000 1266 et
1011 1237 1108 1276 gloria,
1123 1247 1186 1266 cum
1199 1244 1289 1267 sancto
1300 1244 1325 1266 ct
1334 1237 1444 1267 vivifico
1457 1237 1572 1276 Spiritu,
1582 1246 1654 1266 nune

911 1282 938 1305 ct
948 1286 1063 1316 semper,
1079 1276 1141 1307 etin
1156 1277 1252 1307 saecula
1267 1277 1438 1307 saeculorum.
1455 1279 1551 1310 Amen.

90 2025 187 2065 Κυρίου
207 2027 284 2065 ἡμῶν
304 2027 391 2063 Ἰησοῦ
419 2028 441 2056 Χ
462 2030 550 2064 ιστοῧ,
575 2029 632 2065 μεθ’
654 2023 684 2056 οὗ
706 2030 744 2067 τῷ
768 2028 856 2066 Πατρὶ
906 2048 908 2050 -

89 2064 154 2103 τιμὴ
170 2065 215 2095 καὶ
233 2065 294 2099 δόξα
303 2088 312 2102 ,
326 2065 373 2095 σι’-ιν
387 2068 426 2095 τῶ
458 2066 507 2106 γίῳ
519 2066 564 2096 καὶ
578 2068 697 2106 ζωοποιῷ
711 2066 859 2104 Πνεύματι,

90 2107 134 2133 νῦν
144 2105 189 2134 καὶ
203 2105 256 2142 ἀεὶ,
270 2106 315 2134 καὶ
329 2107 366 2139 εἷς
384 2117 444 2139 τους
463 2107 560 2139 αἰῶνας
571 2108 623 2135 τῶν
637 2106 750 2136 αἰώνων.
764 2106 858 2145 Ἀμήν.

120 2200 131 2212 ·
148 2194 196 2218 mc
213 2193 292 2218 multa
308 2194 386 2220 habet
402 2194 488 2220 Codex
499 2204 571 2222 unus.
582 2204 638 2229 quse
655 2204 701 2221 uec
720 2196 745 2221 in
760 2195 840 2220 altero
890 2203 947 2221 nam
959 2196 1153 2230 perorationem,
1165 2202 1194 2222 ut.
1205 2198 1342 2231 potuimus,
1353 2198 1479 2225 vertimus.

87 2232 181 2258 Codice
190 2252 196 2263 ‚
211 2241 257 2258 nec
273 2233 340 2265 apud
351 2233 471 2259 Saviliurn
483 2234 607 2267 ieguntur.
620 2236 656 2260 De
668 2241 759 2260 coetero
771 2235 839 2260 insa-

211 2619 282 2638 Tom.
306 2619 349 2639 V!-

1466 2602 1504 2640 [12
