1890 2826
72 544 128 567 lsai.
139 544 163 568 fi.
174 551 196 568 1·

229 164 291 186 110

567 163 597 186 S.
626 154 764 186 somnis
789 153 977 187 cum'SOST.
1006 164 1160 188 metune.
1189 165 1464 190 CONSTANTfflOP.

501 358 534 386 Η
536 357 688 387 OMILIA

222 452 259 479 In
273 450 391 479 laudem
405 459 515 486 eorum,
527 450 578 490 qui
589 455 814 489 comparuerunt
826 450 859 479 in
870 449 964 479 eccle·
979 442 1002 493 ἲ

261 497 317 532 sia,
332 506 456 536 quoeque
467 496 628 526 moderatio
640 498 679 526 sit
687 496 834 526 servanda
844 496 876 525 1'n
889 496 965 526 divi-

263 545 309 572 nis
327 543 475 573 laudibus.
494 542 570 573 Item
580 543 612 571 in
626 542 716 580 illud,
731 541 800 573 Vidi
819 541 966 572 Dominum

261 590 396 621 sedentem
410 590 438 620 in
450 590 519 620 solio
529 589 645 620 excelso.

261 687 274 714 1
284 708 290 715 .
313 683 460 724 Conspicio
466 694 514 715 vos
523 683 610 713 multo
621 681 712 713 studio
722 682 882 720 adnitentes,
890 689 922 712 ut
931 682 966 712 ad

219 731 344 760 effectum
358 730 522 771 perducatis,
534 740 594 769 quae
606 729 667 759 heri
677 740 692 759 a
707 729 785 759 uobis
796 729 868 759 dicta
881 736 944 759 sunt
953 741 962 758 ε

221 787 306 816 eoque
316 787 388 806 nunc
395 776 470 806 haud
481 783 589 816 gravate
605 786 694 806 semen
704 775 833 806 doctrinae
837 775 966 816 jacimus,

222 823 298 862 quod
304 823 368 853 hinc
377 823 448 852 bona
455 833 517 863 spes
527 823 576 852 alit
586 823 708 852 animum
722 829 856 852 nostrum.
864 823 935 852 Nam
941 829 967 852 et

1320 358 1502 390 *mAlNoz
1518 364 1520 366 ’

1019 449 1082 479 Τῶν
1099 450 1309 486 ἀπαντησάντων
1322 452 1350 481 ἐν
1364 453 1396 492 τῇ
1409 444 1555 493 ἐκκλησίᾳ,
1569 451 1614 482 καὶ
1634 453 1696 494 περὶ
1712 454 1789 483 εὐτα-

1058 495 1113 530 ξίας
1132 497 1160 526 ἐν
1180 501 1238 531 ταῖς
1262 497 1431 538 δοξολογίαις.
1451 498 1506 529 Καὶ
1524 500 1564 533 ,εἰς
1585 499 1632 536 τὸ,
1652 495 1731 529 Εἶδον
1745 500 1788 529 τὸν

1057 542 1154 584 Κύριον
1174 543 1323 583 καθήμενον
1337 544 1382 574 ἐπὶ
1401 544 1492 586 θρόνου
1511 547 1615 586 ὑψηλοῦ
1637 546 1683 576 καὶ
1703 547 1787 586 ἐπηρ-

1057 602 1145 629 μενου.

1056 683 1164 720 Πολλὴν
1178 686 1231 724 ὁρῶ
1250 684 1298 720 τὴν
1312 684 1430 722 σπουδὴν
1445 686 1655 726 ἐνδεικνυμένους
1669 687 1737 725 ὑμᾶς
1751 687 1788 719 εἷς

1016 728 1090 770 ἔργον
1107 732 1215 770 ἀγαγεῖν
1228 730 1262 760 τὰ
1282 731 1375 772 πρῴην
1389 733 1455 771 ἡμῖν
1477 732 1615 772 εἰρημένα,
1635 732 1688 762 Διὰ
1710 734 1788 762 τοῦτο

1015 775 1101 806 τοίνυν
1114 776 1214 810 ἀόκνως
1227 775 1281 805 Ι’τὰ
1294 780 1341 814 τῆς
1352 778 1523 812 διδασκαλίας
1532 778 1606 818 κάγὼ
1619 778 1789 808 καταὸάλλο-

1018 833 1066 862 μαι
1077 823 1228 863 σπέρματα,
1241 828 1370 864 χρησταῖς
1384 825 1501 854 ἐντεῦθεν
1519 829 1576 858 ταῖς
1589 824 1678 855 ἐλπίσι
1691 823 1789 865 τρεφό-

221 869 350 910 agricola,
362 881 425 900 cum
433 880 487 900 non
497 870 655 900 sinelabore
665 869 775 910 quidem
783 869 966 910 seminajecit,
982 879 1000 901 Β
1017 880 1102 908 μενος.
1122 869 1176 900 Καὶ
1194 870 1247 910 γὰρ
1268 873 1282 901 ὁ
1304 871 1436 911 γεωργὸς,
1461 871 1559 901 ὁπόταν
1583 871 1656 912 πόνῳ
1679 871 1729 910 μὲν
1756 870 1790 901 τὰ

221 916 268 946 scd
274 915 350 946 videt
362 923 460 946 terram
469 916 582 946 feracem
589 922 757 956 segetemque
765 922 895 956 proventu
904 926 968 945 exu-

221 962 540 1003 berantcm,superiorum
553 962 680 992 laborum
693 961 873 998 obliviscitur,
887 968 967 1001 atque

221 1008 257 1038 ad
278 1009 416 1049 reliquum
437 1019 526 1049 operae
545 1009 825 1047 conservationemque
844 1008 966 1049 priorum

220 1056 291 1086 lucri
304 1056 501 1096 exspectatione
513 1055 656 1086 excitatur.
665 1056 770 1087 Verum
782 1055 839 1085 haee
852 1054 968 1095 agricul-

221 1109 282 1131 tura
291 1109 391 1142 quanto
402 1102 515 1132 feracior
521 1108 674 1141 quantoque
683 1101 815 1132 lucrosior
824 1102 883 1131 est?
896 1103 966 1132 Nam

221 1147 269 1177 illa
282 1147 394 1187 quidem
407 1149 518 1188 frugum
528 1148 699 1178 sensibilium
713 1147 818 1187 copiam
831 1147 964 1185 adferens,

221 1193 381 1233 corporibus
392 1193 498 1233 reponit
508 1193 664 1222 alimoniam
673 1205 680 1221 τ
688 1193 745 1222 liaec
758 1203 822 1222 vero
832 1192 899 1222 dum
906 1204 963 1223 ser-

221 1239 405 1279 monumjacit
416 1238 819 1279 doctrinam‚spiritualiumque
832 1237 965 1268 donorum

221 1285 414 1317 abundantiam
427 1285 527 1322 adfeit,
539 1284 624 1314 animi
637 1284 750 1315 divitias
764 1283 897 1322 recondit,
912 1284 965 1315 ali-

221 1333 339 1362 moniam
349 1343 410 1371 quae
419 1342 467 1362 nec
478 1331 612 1368 consumi,
627 1342 677 1361 nec
684 1330 776 1362 vitiari
787 1337 885 1371 potest,
892 1330 966 1360 redi-

1017 915 1158 956 σπέρματα
1171 915 1310 956 καταὸάλῃ
1321 940 1329 954 ,
1344 918 1504 958 εὖφοροῧσαν
1519 917 1546 947 δὲ
1564 917 1613 955 τὴν
1632 920 1682 958 γῆν
1696 918 1742 948 καὶ
1755 917 1790 948 τὰ

1015 961 1079 998 λήῖα
1099 964 1223 1001 κομῶντα
1241 962 1387 1000 θεάσηται,
1405 965 1458 993 τῶν
1476 963 1569 1004 πρῴην
1589 964 1790 994 ἐπιλανθάνεται

1015 1007 1114 1046 κόπων,
1128 1008 1248 1048 καὶπρὸς
1257 1007 1305 1045 τὴν
1320 1008 1380 1045 ἑξῆς
1393 1013 1404 1026 ’·“
1414 1009 1539 1050 ἐργασίαν
1553 1022 1583 1040 τε
1596 1009 1641 1039 καὶ
1653 1009 1788 1050 συντήρη-

1016 1065 1057 1083 σιν
1081 1055 1119 1094 τῷ
1141 1053 1353 1095 προσδοκωμένῳ
1378 1055 1543 1086 διανίσταται
1569 1055 1666 1096 κέρδει.
1694 1054 1791 1085 Καίτοι

1015 1100 1096 1130 πόσον
1109 1100 1280 1141 ποριμωτέρα
1295 1101 1341 1130 καὶ
1356 1101 1497 1142 ἐπικερδὴς
1511 1101 1578 1138 αὕτη
1592 1100 1755 1137 καθέστηκεν
1770 1103 1788 1137 ἡ

1014 1147 1149 1188 γεωργίας
1163 1147 1271 1184 Ἐκείνη
1293 1147 1341 1188 μὲν
1354 1146 1406 1188 γὰρ
1425 1150 1478 1178 τῶν
1493 1150 1604 1188 καρπῶν
1619 1149 1673 1177 τῶν
1693 1149 1789 1183 αἰσθη-

1015 1195 1068 1223 τῶν
1090 1192 1296 1234 περιποιουμένη
1319 1193 1368 1229 τὴν
1384 1193 1517 1234 ἀφθονίαν,
1531 1193 1653 1232 σώμασιν
1667 1193 1788 1223 ἐναποτί-

1014 1242 1088 1269 θεται
1101 1239 1200 1280 τροφήν
1211 1251 1218 1258 ·
1239 1238 1306 1276 αὕτη
1331 1239 1359 1269 δὲ
1381 1239 1430 1275 τὴν
1444 1241 1497 1269 τῶν
1510 1239 1595 1280 λόγων
1618 1238 1788 1268 καταὸαλλο-

1015 1285 1082 1326 μένη
1095 1285 1274 1324 διδασκαλίαν,
1285 1285 1330 1315 καὶ
1339 1285 1372 1316 τὰ
1383 1288 1429 1316 τοῦ
1439 1285 1596 1324 Πνεύματος
1607 1285 1787 1319 πλεονάζουσα

1014 1330 1171 1370 χαρίσματα
1181 1352 1189 1366 ,
1202 1331 1247 1361 τὸν
1269 1331 1380 1372 ψυχικὸν
1395 1331 1577 1361 ἐναποτίθεται
1590 1332 1704 1361 πλοῦτον
1712 1353 1720 1367 ,
1739 1331 1788 1367 τὴν

221 1385 264 1408 tus
274 1378 321 1418 qui
334 1389 420 1418 neque
440 1385 563 1419 percunt,
572 1389 657 1416 neque
669 1387 728 1407 aevo
740 1383 964 1417 corrumpuntur,
981 1383 1000 1406 c
1015 1376 1183 1413 ἀδαπάνητον
1198 1377 1243 1407 καὶ
1258 1378 1389 1418 ἀκήρατον
1414 1377 1513 1418 τροφὴν
1527 1377 1575 1414 τὴν
1591 1377 1628 1417 μὴ
1644 1377 1787 1416 διαλυομέ-

220 1424 269 1454 sed
279 1435 374 1455 arcana
383 1425 499 1464 quadam
511 1423 672 1454 etimffihili
682 1422 852 1464 providentia
863 1433 968 1452 conser-

219 1478 451 1510 v.1ntur‚quorum
460 1471 637 1501 ususfructus
648 1476 735 1499 mente
746 1469 904 1510 percipitur.
915 1470 967 1500 Hic

219 1525 259 1548 est
268 1528 390 1548 meorum
400 1517 525 1547 laborum
538 1522 696 1557 proventus,
705 1515 746 1544 hae
755 1522 817 1545 sunt
827 1527 890 1556 opes
899 1527 966 1555 (pias

220 1570 315 1594 vestrae
328 1563 433 1593 caritati
455 1563 636 1593 recondimus.
649 1562 704 1591 Has
723 1561 813 1600 itaque
827 1572 890 1591 cum
902 1572 965 1591 con-

112 1621 211 1650 Chrym.
222 1609 310 1639 sidero
336 1609 363 1638 in
385 1610 464 1640 vobis
489 1619 641 1648 augescere,
668 1607 771 1647 gaudeo
797 1618 912 1647 semper,
935 1614 965 1637 ut

69 1657 153 1674 ‘'⁰⁰¹¹ss
185 1652 213 1674 ‘¹⁰
223 1655 271 1694 qui
283 1656 450 1696 non'srustra
463 1661 607 1685 sementem
617 1654 741 1695 jecerim,
756 1661 786 1683 ut
797 1653 845 1692 qui
860 1664 911 1683 non
925 1653 965 1683 in-

69 1691 178 1704 concursu

70 1715 198 1736 annnorum
221 1713 326 1732 cassum
346 1702 451 1732 labores
471 1702 638 1742 pertulerim,
653 1700 743 1739 utqui
763 1699 790 1729 in
807 1700 966 1740 frugiferam

69 1746 157 1774 gaudet.

221 1749 402 1791 pinguemque
429 1756 537 1786 terram,
562 1755 588 1778 et
608 1747 643 1777 ad
666 1746 883 1788 fructificandum
908 1745 967 1776 ido-

220 1806 298 1825 neam
311 1806 400 1825 semen
410 1795 533 1835 jecerim.
543 1793 623 1824 Unde
635 1793 718 1834 igitur
728 1791 781 1822 hoc
793 1793 901 1822 lucrum
909 1792 966 1822 fore

1016 1435 1073 1460 νην,
1100 1424 1168 1463 μηδὲ
1188 1423 1385 1464 ἕφθειρομένην
1408 1423 1567 1464 ἀκολουθίᾳ,
1589 1423 1657 1453 ἀλλὰ
1680 1423 1788 1463 ἀῤῥήτῳ

1015 1471 1066 1500 τινὶ
1081 1470 1291 1511 συντ-ηρουμένην
1303 1470 1413 1511 προνοίᾳ
1425 1493 1432 1508 ‚
1447 1470 1493 1500 καὶ
1504 1470 1600 1507 νοητὴν
1611 1470 1660 1506 τὴν
1671 1469 1788 1500 ἀπόλαυ-

1017 1529 1057 1547 σιν
1080 1517 1202 1558 ἔχουσαν.
1226 1517 1300 1554 Αὕτη
1320 1519 1373 1546 τῶν
1394 1518 1466 1556 ἐμῶν
1486 1517 1572 1546 πόνων
1592 1519 1609 1553 ἡ
1624 1515 1786 1556 ἐπικαρπία,

1015 1559 1091 1598 οἶτος
1115 1565 1130 1592 ὁ
1155 1562 1370 1603 ἐναποτιθέμενος
1393 1564 1427 1602 τῇ
1449 1564 1524 1600 ὑμῶν
1549 1562 1640 1602 ἀγάπῃ
1665 1563 1787 1595 πλοῦτος.

1016 1611 1116 1640 Τοῦτον
1141 1605 1185 1639 οὖν
1207 1609 1380 1648 αὐξανόμενον
1400 1610 1427 1638 ἐν
1443 1611 1505 1647 ὑμῖν
1527 1610 1679 1646 κατανοῶν,
1701 1608 1788 1649 χαίρω

1017 1656 1061 1686 διὰ
1073 1656 1184 1694 παντὸς,
1198 1658 1234 1690 ὡς
1245 1656 1283 1695 μὴ
1295 1657 1354 1695 εἰκῇ
1368 1659 1379 1671 ²
1389 1654 1424 1685 τὰ
1433 1655 1574 1696 σπέρματα
1586 1654 1790 1694 καταὸαλλόμε-

1016 1714 1078 1740 νος,
1103 1704 1139 1736 ὡς
1157 1702 1195 1742 μὴ
1219 1701 1306 1741 μάτην
1326 1700 1387 1735 τοὺς
1405 1700 1500 1745 πόνους
1513 1701 1657 1741 ὑπομείνας
1669 1724 1678 1738 ,
1698 1702 1735 1734 ὡς
1752 1703 1789 1734 εἷς

1016 1749 1124 1790 εὔφορον
1145 1749 1191 1779 καὶ
1204 1747 1318 1787 λιπαρὰν
1333 1746 1494 1788 ἐπισπείρων
1507 1749 1571 1787 γῆν,
1582 1746 1627 1777 καὶ
1642 1747 1708 1788 πρὸς
1720 1758 1787 1788 καρ-
1821 1740 1824 1745 ’

1016 1795 1144 1837 ποφορίαν
1156 1794 1316 1831 ἐπιτηδείαν.
1329 1793 1415 1823 Πόθεν
1426 1790 1471 1823 οῧν
1480 1794 1511 1824 τὸ
1523 1795 1640 1823 τοιοῦτον
1653 1803 1788 1822 καταστο-

218 1842 359 1882 conjecto?
373 1841 444 1871 unde
457 1840 592 1882 perspicio
613 1850 748 1870 sermones
762 1839 797 1868 ad
813 1845 967 1879 opus‘pro-
981 1853 1001 1876 1)
1017 1842 1135 1881 χάζομαι
1149 1840 1258 1881 κέρδος;
1276 1839 1356 1869 πόθεν
1375 1841 1412 1873 εἷς
1424 1839 1500 1879 ἔργον
1512 1838 1574 1872 τοὺς
1586 1838 1679 1878 λόγους
1690 1838 1787 1878 προχό-

219 1891 320 1920 ficere?
341 1890 478 1920 Nimirum
495 1900 530 1919 ex
552 1889 604 1918 hoc
623 1898 767 1924 concursu,
787 1898 822 1916 ex
843 1897 873 1916 eo
892 1886 965 1925 quod

217 1937 358 1966 ecclesiam
366 1937 487 1965 omnium
499 1942 610 1964 matrem
624 1934 743 1963 studiose
764 1933 910 1973 occupans,
931 1944 965 1962 ex

219 1983 270 2013 hac
291 1989 416 2023 pernocte
437 1988 619 2022 perpetuaque
638 1981 762 2017 statione,
783 1991 816 2010 cx
838 1991 869 2010 co
891 1979 965 2019 quod

219 2030 402 2069 angelicorum
413 2029 539 2059 ordinum
548 2027 687 2057 stationem
696 2027 830 2056 imitantes
838 2027 895 2056 sine
908 2037 964 2056 ees-

218 2076 320 2106 satione
334 2075 427 2105 laudes
439 2082 466 2105 et
477 2074 592 2115 hymnos
603 2074 705 2103 offertis
715 2073 866 2103 Conditeri.
883 2075 907 2103 O
915 2073 966 2102 mi-

219 2134 249 2152 ra
259 2122 361 2152 Christi
375 2121 461 2152 dona!
478 2123 508 2151 In
521 2121 645 2161 supernis
658 2120 792 2149 exercitus
806 2120 965 2159 angelorum

219 2176 318 2198 canunt
345 2168 460 2208 gloriam
476 2180 482 2196 :
499 2167 527 2195 in
555 2165 634 2195 terris
653 2165 775 2195 homines
794 2165 822 2194 in
842 2165 964 2194 ecclesiis

219 2215 318 2245 choros
334 2221 440 2255 agentes
452 2213 487 2243 ad
505 2213 617 2242 illorum
637 2212 792 2252 exemplum
812 2211 903 2240 eadem
918 2222 964 2241 ca-

219 2269 287 2291 nunt
308 2261 398 2293 laudis
422 2259 536 2290 cantica.
554 2259 586 2288 In
609 2258 733 2299 supernis
759 2258 902 2298 Seraphim
924 2264 965 2288 ter

261 2354 271 2366 ²
288 2347 334 2371 Hae
344 2344 454 2371 homiliae
471 2344 570 2370 collatae
587 2349 646 2369 sunt
668 2352 726 2369 cum
748 2341 886 2368 Codicibus
896 2342 980 2376 Regiis

221 2388 295 2417 4849,
310 2387 384 2418 ⁴832,
398 2386 471 2417 ⁴958,
492 2385 565 2416 ⁴960,
584 2384 658 2414 4963,
677 2384 752 2413 4964,
765 2383 840 2415 4973,
858 2382 933 2413 2354,
951 2387 980 2406 et

219 2426 371 2452 Colbcrtinis
383 2426 441 2455 247,
452 2425 527 2456 4030,
538 2429 565 2448 et.
575 2424 650 2449 3055.

254 2467 267 2486 ¹¹
284 2464 387 2497 Aliquot
402 2463 564 2496 manuscripti
580 2467 611 2489 τὰ
628 2467 668 2491 τῆς
679 2464 821 2491 διδασκαλίας
837 2463 980 2487 καταόάλλο-

220 2517 263 2538 μεν
283 2509 419 2539 σπέρματα,
436 2508 545 2539 χρησταῖς
562 2506 661 2528 ἐντεῦθεν
680 2508 729 2530 ταῖς
748 2504 819 2528 ἐλπίσι
837 2506 977 2535 τρεφόμενοι.

222 2546 294 2570 nanc
306 2549 424 2577 sequutus
435 2543 571 2568 lectionem
582 2547 620 2566 est
631 2542 757 2566 Erasmus.
772 2541 842 2565 Infra
855 2539 913 2564 item
933 2540 978 2564 ali-

221 2590 283 2616 quot
302 2585 361 2608 Mss.
374 2585 507 2617 χαταὲάλλῃ
520 2585 660 2617 &postomnia-

1015 1898 1130 1920 πτοντας
1151 1887 1271 1916 κατανοῶ
1283 1898 1291 1922 ;
1306 1885 1357 1914 Ἐκ
1374 1887 1422 1920 τῆς
1439 1884 1575 1924 παρούσης
1588 1883 1708 1919 δηλονότι
1722 1895 1787 1913 συν-

1017 1934 1131 1974 δρομῆς,
1155 1934 1185 1962 ἐκ
1207 1935 1252 1961 τοῦ
1270 1931 1318 1967 τὴν
1333 1930 1437 1971 μητέρα
1453 1930 1561 1960 πάντων
1580 1929 1629 1966 τὴν
1644 1929 1787 1965 ἐκκλησίαν

1016 1979 1084 2019 μετὰ
1105 1979 1221 2013 σπουδῆς
1244 1979 1312 2017 ὑμᾶς
1335 1976 1511 2013 καταλαὸεῖν,
1532 1977 1563 2006 ἐκ
1585 1978 1632 2012 τῆς
1651 1975 1787 2016 παννύχου

1015 2024 1113 2060 ταύτης
1125 2024 1170 2054 καὶ
1187 2025 1320 2059 διηνεκοῦς
1334 2023 1452 2056 στάσεως
1460 2045 1470 2058 ,
1482 2024 1512 2052 ἐκ
1525 2024 1571 2051 τοῦ
1582 2021 1632 2058 τὴν
1645 2021 1787 2061 ἀγγελικὴν

1015 2070 1191 2112 χοροστασίαν
1213 2068 1391 2109 μιμουμένους
1410 2068 1615 2098 ἀκατάπαυστον
1635 2070 1674 2107 τῷ
1692 2067 1786 2107 κτίστῃ

1016 2117 1064 2155 τὴν
1091 2116 1249 2156 ὗμνολογίαν
1275 2115 1441 2156 προσφέρειν.
1463 2114 1501 2144 Ὢ
1527 2116 1580 2143 τῶν
1601 2116 1647 2143 τοῦ
1671 2114 1787 2153 Χριστοῦ

1016 2162 1191 2204 δωρημάτων.
1213 2162 1282 2192 ''A-m)
1306 2161 1427 2201 στρατιαὶ
1451 2160 1630 2199 δοξολογοῧσιν
1649 2159 1768 2199 ἀγγέλων
1781 2171 1787 2178 ·
1835 2162 1843 2169 “

1016 2210 1089 2241 κάτω
1113 2211 1140 2239 ἐν
1162 2207 1315 2244 ἐκκλησίαις
1337 2209 1558 2248 χοροστατοῦντες
1584 2206 1717 2245 ἄνθρωποι
1738 2205 1788 2243 τὴν

1017 2255 1099 2292 αὐτὴν
1114 2254 1221 2288 ἐκείνοις
1240 2256 1414 2294 ἐκμιμοῦνται
1432 2251 1591 2292 δοξολογίαν.
1605 2251 1674 2282 Ἀνω
1687 2251 1721 2281 τὰ
1734 2253 1788 2281 Σε-

1061 2349 1073 2361 ⁴²
1089 2339 1157 2365 Alius
1168 2343 1274 2375 ἐργασίαν
1283 2350 1309 2365 τι
1320 2341 1358 2365 καὶ
1374 2340 1503 2371 ἐπιμέλειαν
1514 2343 1556 2371 τῷ.
1569 2336 1648 2362 Paulo
1657 2341 1715 2369 post.
1726 2344 1790 2361 unus

1029 2383 1087 2410 αὕτη
1099 2384 1187 2413 γέγονεν
1198 2383 1212 2409 ἡ
1224 2382 1332 2413 γεωργία.

1061 2421 1072 2435 ⁸¹
1089 2420 1206 2451 Quatuor
1217 2421 1401 2454 διαφθειρομένην
1412 2419 1553 2443 &talaucium
1566 2415 1627 2446 Alii,
1638 2414 1693 2448 pari
1708 2414 1787 2439 ferme

1029 2467 1134 2484 numero
1151 2460 1297 2493 φθειρομένην
1324 2459 1453 2489 ἀκολουθίᾳ.
1471 2455 1555 2487 Quam
1574 2459 1729 2487 postremam
1750 2453 1788 2478 le-

1029 2499 1139 2524 ctionem
1152 2497 1311 2523 sinceriorem
1321 2501 1394 2529 putat
1405 2495 1501 2520 Boisius
1512 2495 1537 2520 in
1549 2493 1617 2520 notis
1625 2493 1717 2520 Savilii.

1060 2543 1070 2554 '
1089 2538 1161 2562 Unus
1180 2542 1303 2573 σπέρματα
1314 2538 1497 2569 κατατιθέμενος.
1510 2533 1588 2562 Paulo
1600 2538 1658 2567 [⁹0⁵2
1672 2533 1734 2558 allus
1747 2537 1784 2559 καὶ

1030 2582 1126 2612 λιπαρὰ-ι
1138 2581 1301 2611 κατασπείρων-
