1890 2826
97 230 169 253 Num.
187 231 223 254 ιδ.

97 262 240 285 etPsnlJofi.

101 298 108 312 ι
115 291 177 320 7.18.

109 1012 234 1033 Sacerdotis

91 1044 149 1064 nihil
173 1043 233 1064 aliud

91 1078 125 1095 est
167 1082 233 1102 quam

90 1112 189 1126 mouere.

88 1673 110 1687 2.
143 1667 228 1691 Parni.

88 1698 126 1719 26.
139 1704 174 1727 «9.

114 1729 175 1751 Ultio
186 1730 228 1752 Dei

85 1768 189 1782 «temous.

258 156 324 200 148

252 234 291 257 ret
307 239 313 256 =
330 227 438 257 nathan
453 227 536 265 enim,
550 228 651 258 Abiron
663 237 688 259 et
701 230 770 260 Core
790 230 993 261 insurrexerant

250 274 378 304 adversus
398 276 488 304 Aaron
506 286 511 302 :
527 283 618 316 aperta
644 283 684 306 est
703 283 783 314 terra,
807 287 839 307 ae
851 277 992 308 devoravit

248 321 416 360 illos;venit
428 321 499 361 ignis
518 332 533 351 e
554 322 629 359 caelo,
651 329 677 351 et
695 323 797 352 exussit
816 333 875 353 eos.
890 324 993 354 Volens

248 366 332 407 igitur
349 378 412 397 eum
432 368 657 397 commonefacere
678 368 754 398 illius
773 368 904 405 historiae,
918 370 992 409 quod

247 413 314 442 olim
327 424 435 452 quoque
447 413 624 450 sacerdotium
636 414 753 454 aggressi
765 414 826 450 siut,
833 426 927 445 verum
938 426 990 445 non

247 461 429 498 succubuerit,
439 461 486 490 sed
498 460 591 489 adorta
603 467 642 490 est
652 460 808 498 multitudo,
822 469 848 491 et
861 463 935 492 Deus
957 463 991 492 il-

246 505 301 535 lam
312 506 385 536 ultus
396 514 450 536 est:
463 507 532 536 Non
545 507 614 536 licet
630 508 684 535 tibi
697 507 816 536 adolere
829 508 988 546 incensum,

246 553 300 582 sed
315 553 386 582 solis
396 554 596 583 sacerdotibus
609 553 684 593 filiis
697 553 814 583 Aaron.
832 555 891 584 Non
906 554 988 592 dixit,

246 598 340 638 Cogita
364 598 431 638 quid
451 598 521 639 passi
540 598 593 628 sint
613 598 662 637 qui
682 605 746 628 tunc
764 599 813 628 illa
827 607 967 640 patrarunt
982 612 990 628 .-

245 654 298 673 non
307 644 389 682 dixit,
398 645 492 684 Cogita
505 655 549 674 eos
564 644 611 683 qui
625 644 828 675 insurrexerunt
838 646 990 676 combustos

244 690 326 720 fuisse
336 702 343 726 ;
355 690 402 720 sed
410 691 546 720 nominato
554 693 668 728 Aarone,
677 701 757 730 quem
768 691 841 721 ultus
854 699 892 721 est
903 693 987 730 Deus,

244 747 306 766 eum
318 737 354 766 ad
366 737 484 767 historiae
498 736 710 767 recordationem
728 737 853 773 adduxit,
868 738 910 768 his
925 750 988 779 pro-

243 782 390 823 pemodum
408 784 498 814 verbis
519 791 616 814 utens:
631 783 694 814 Noli
713 783 811 814 audere
829 796 889 824 qnae
907 797 988 815 ausus

244 835 284 858 est
290 829 407 867 Dathan,
419 840 452 859 ne
464 830 573 870 patiaris
586 829 690 867 eadem,
699 841 758 869 quae
767 837 887 871 tempore
897 834 986 862 Aaron

243 874 408 904 acciderunt.
423 877 484 906 Rex
497 883 585 906 autem
596 876 675 906 Ozias
689 886 742 905 non
754 877 882 907 sustinuit
894 878 988 908 admo-

243 919 382 957 nitionem,
391 921 439 950 sed
445 922 594 961 arrogantia
606 922 714 951 inflatus
724 922 859 961 ingressus
873 930 912 953 est
921 930 987 953 tem-

242 967 331 1006 plum,
351 967 456 1007 aperuit
474 974 565 997 sancta
586 974 750 1003 sanctorum,
766 968 859 998 volens
881 968 988 1000 adolere

244 1012 393 1043 incensum.
406 1013 481 1051 Quid
493 1020 581 1042 autem
594 1013 688 1042 Deus?
699 1014 757 1043 Ubi
771 1014 855 1053 igitur
866 1015 988 1046 sacerdos

244 1066 392 1089 contemtus
409 1066 461 1097 est,
474 1059 645 1099 dignitasque
669 1059 811 1089 sacerdotii
834 1061 989 1092 conculcata

242 1115 291 1135 nec
312 1105 460 1145 quidquam
481 1113 608 1146 praeterea
635 1113 740 1146 poterat
762 1106 885 1137 sacerdos
901 1119 907 1135 :
926 1118 988 1138 nam

241 1152 384 1181 sacerdotis
394 1159 496 1182 tantum
505 1159 545 1181 est
555 1162 679 1193 arguere,
689 1152 856 1193 liberamque
862 1160 988 1194 praestare

241 1197 462 1236 admonitionem,
488 1208 542 1227 non
568 1208 674 1228 movere
698 1209 784 1235 arma,
806 1209 859 1228 non
884 1199 986 1239 clipeos

241 1254 382 1284 usurpare,
393 1254 446 1273 non
460 1244 570 1274 vibrare
583 1244 714 1281 lanceam,
724 1254 772 1273 nec
785 1255 878 1274 arcum
890 1245 983 1275 tende-

239 1300 279 1327 re,
295 1300 343 1319 nec
351 1290 443 1330 jacula
456 1290 570 1328 mittere,
586 1289 633 1320 sed
648 1297 753 1319 tantum
765 1301 888 1329 arguere,
902 1302 933 1320 ac
947 1292 985 1321 li-

239 1336 302 1366 bere
315 1347 422 1366 monere
437 1348 443 1365 :
456 1344 630 1377 posteaquam
650 1336 733 1377 igitur
751 1338 883 1377 arguisset
896 1349 984 1368 sacer-

588 167 617 191 S.
645 168 787 192 JoANMs
812 169 997 194 etinYSOST.
1026 171 1184 196 Ancttnzr.
1214 171 1486 197 CONSTANTINOP-

1049 235 1128 272 ἡγῆ,
1142 233 1188 263 καὶ
1201 233 1324 263 κατέπιεν
1342 234 1449 268 αὐτούς·
1473 229 1537 271 ἦλθε
1562 236 1615 275 πῦρ
1638 235 1753 272 ἄνωθεν,
1775 236 1822 266 καὶ

1049 279 1210 309 κατέκαυσεν
1222 280 1324 313 αὐτούς.
1343 280 1506 319 Βουλόμενος
1522 275 1566 311 οὖν
1579 281 1657 315 αὐτὸς
1671 283 1823 321 ἀναμνῆσαι

1049 327 1095 360 τῆς
1109 325 1224 365 ἱστορίας
1236 326 1353 363 ἐκείνης,
1374 325 1414 355 ὅτι
1435 326 1481 355 καί
1502 338 1565 356 ποτε
1584 327 1734 367 ἐπηρέασαν
1751 327 1823 364 (τὴν

1049 370 1206 410 ἱερωσύνην,
1229 372 1287 401 ἀλλ’
1301 372 1352 411 οὐχ
1370 371 1471 408 ἡττήθη
1483 394 1490 408 ,
1516 373 1574 402 ἀλλ’
1587 373 1685 409 ἐπ’ἥλθε
1705 374 1819 410 πλῆθος,

1049 415 1094 444 καὶ
1107 418 1121 444 6
1135 416 1202 450 Θεὸς
1222 418 1294 457 αὐτῷ
1316 416 1451 455 ἠμύνατο·
1471 418 1531 447 Οὐκ
1544 417 1628 452 ἔξεστί
1642 430 1683 448 σοι
1705 421 1801 460 θυμιᾷν
1814 442 1823 456 ,

1049 462 1108 490 ἀλλ’
1122 461 1139 497 ἢ
1152 466 1205 495 τοῖς
1219 464 1317 502 ἱερεῦσι
1330 466 1384 499 τοῖς
1400 464 1464 496 υἱοῖς
1479 462 1588 503 Ἀαρών.
1607 465 1666 493 Οὔκ
1674 459 1763 501 εἶπεν,
1778 466 1823 494 ἐν·

1049 506 1142 542 νόησον
1155 507 1182 536 τί
1195 508 1340 547 ὑπέμειναν
1353 510 1377 538 οἱ
1396 508 1455 538 τότε
1474 512 1559 538 ταῦτα
1570 509 1729 545 ποιήσαντες
1738 522 1744 528 ·
1772 511 1822 540 οὔκ

1011 562 1029 585 o
1049 547 1138 599 εἶπεν,
1159 552 1280 589 ἐννόησον
1301 554 1342 583 ὅτι
1362 554 1479 590 ἐκάησαν
1493 556 1518 585 οἱ
1531 555 1739 591 ἐπαναστάντες,
1762 557 1821 586 ἀλλ’

1048 600 1105 626 εἰπε
1117 598 1162 627 τὸν
1173 599 1342 635 ἐκδικηθέντα
1364 599 1465 640 Ἀαρὼν
1476 600 1521 630 καὶ
1534 602 1571 635 εἰς
1584 601 1730 640 ἀνάμνησιν
1743 601 1822 632 αὐτὸν

1046 645 1095 678 τῆς
1120 643 1236 684 ἱστορίας
1257 644 1351 684 ἤνεγκε
1365 668 1374 682 ,
1405 646 1543 687 μονονουχὶ
1561 649 1638 677 τοῦτο
1662 647 1763 687 λέγων·
1783 647 1822 687 μὴ

1046 689 1132 728 τόλμα
1142 689 1176 718 τὰ
1196 692 1241 719 τοῦ
1256 690 1347 720 Δαθὰν
1355 714 1365 727 ‚
1378 690 1422 720 ἵνα
1444 690 1481 731 μὴ
1493 692 1579 730 πάθῃς
1589 695 1698 723 τοιαῦτα
1715 688 1758 724 οἶα
1778 693 1823 724 ἐπὶ

1045 737 1092 764 τοῦ
1115 734 1225 775 Ἀαρών.
1254 735 1288 766 Ὁ
1310 735 1337 765 δὲ
1352 736 1476 776 βασιλεὺς
1491 737 1584 771 Ὀζίας
1603 739 1651 768 οὐκ
1671 739 1800 780 ἠνέσχετο
1812 761 1821 776 ,

1046 780 1115 810 ἀλλὰ
1125 783 1158 820 τῇ
1174 781 1284 822 ἀπονοίᾳ
1295 781 1469 822 φυσιούμενος
1482 784 1638 819 ἐπεισῆλθεν
1652 785 1689 818 εἷς
1698 784 1729 814 τὸ
1741 784 1822 825 ἱερὸν,

1046 826 1189 857 ἀνεπέτασε
1213 827 1248 857 τὰ
1267 827 1330 867 ἅγια
1350 829 1402 857 τῶν
1416 827 1514 868 ἁγίων,
1536 828 1618 859 θέλων
1632 832 1768 868 Θυμιᾶσαι.
1782 830 1820 860 Τί

1044 868 1089 901 οὖν
1111 874 1125 902 6
1149 872 1233 910 Θεός;
1254 873 1332 903 Ἐπεὶ
1345 869 1389 902 οὖν
1403 875 1432 904 οὔ
1446 875 1534 908 καλῶς
1555 876 1569 904 6
1593 874 1677 915 ἱερεὺς
1690 887 1822 917 κατεφρο-

1044 918 1111 954 νήθη
1125 942 1136 955 ,
1159 919 1204 948 καὶ
1228 918 1304 961 λόγος
1321 919 1464 959 ἱερωσύνης
1485 919 1650 958 αέπατεῖτο,
1675 922 1721 952 καὶ
1744 921 1818 953 οὐδὲν

1006 972 1025 995 E
1044 963 1158 1000 ἠδύνατο
1179 963 1267 995 οὐκέτι
1279 967 1293 994 6
1313 965 1397 1006 ἱερεύς
1409 977 1417 983 ·
1436 965 1526 1006 ἱερέως
1549 965 1602 1007 γὰρ
1620 966 1738 1007 ἐλέγχειν
1764 967 1822 998 ἐστὶ

1045 1009 1134 1049 μόνον,
1149 1010 1194 1040 καὶ
1206 1009 1357 1051 παρῥησίαν
1371 1011 1577 1050 ἐπιδείκνυσθαι,
1586 1013 1637 1052 οὔχ
1645 1013 1715 1042 ὅπλα
1726 1017 1819 1050 κινεῖν,

1043 1055 1102 1085 οὐδὲ
1117 1057 1230 1090 ἀσπίδας
1242 1059 1254 1072 ²
1262 1056 1388 1096 ἁρπάζειν
1397 1079 1406 1093 ,
1420 1057 1479 1087 οὐδὲ
1491 1057 1552 1098 δόρυ
1563 1057 1644 1088 σείειν
1655 1081 1664 1096 ,
1679 1059 1739 1089 οὖδὲ
1746 1058 1820 1093 τόξον

1042 1102 1145 1140 τείνειν,
1157 1102 1216 1131 οὐδὲ
1227 1101 1303 1142 βέλος
1322 1101 1453 1142 πέμπειν,
1468 1103 1537 1133 ἀλλὰ
1551 1104 1630 1143 μόνον
1643 1104 1762 1145 ἐλέγχειν
1774 1105 1820 1134 καὶ

1041 1147 1192 1188 παρῤησίαν
1206 1146 1415 1177 ἐπιδείκνυσθαι·
1438 1148 1529 1186 ἐπειδὴ
1554 1145 1598 1179 οὗν
1622 1149 1736 1191 ἤλεγχεν
1752 1152 1767 1180 6
1780 1151 1821 1180 ἱε-

1043 1193 1115 1234 ρεὺς,
1135 1195 1183 1224 οὐκ
1197 1188 1248 1228 εἶξε
1263 1193 1291 1223 δὲ
1305 1196 1319 1223 6
1331 1193 1455 1234 βασιλεὺς
1464 1218 1472 1233 ,
1497 1189 1570 1225 1οἰλλὰ
1583 1195 1654 1226 ὅπλα
1665 1196 1760 1232 ἐκίνει,
1769 1195 1816 1226 καὶ

1041 1239 1168 1277 ἀσπίδας,
1195 1239 1241 1269 καὶ
1269 1239 1367 1280 δόρατα
1376 1261 1385 1276 ,
1409 1240 1455 1270 καὶ
1482 1241 1620 1283 περιουσία
1633 1242 1762 1283 ἐκέχρητο
1780 1245 1815 1284 τῇ

1041 1287 1135 1315 ἑαυτοῦ
1148 1308 1156 1322 ,
1180 1287 1194 1314 6
1210 1284 1292 1325 ἱερεύς
1305 1297 1384 1326 φησιν
1395 1298 1401 1305 ·
1427 1285 1480 1326 ἐγὼ
1498 1287 1529 1317 τὸ
1547 1289 1662 1327 ἐμαυτοῦ
1677 1288 1790 1325 ἐποίησα
1807 1311 1815 1327 ,

1040 1331 1114 1362 οὐδὲν
1128 1331 1207 1362 πλέον
1223 1331 1351 1370 δύναμαι,
1367 1331 1498 1372 βοήθησον
1512 1334 1640 1375 ἱερωσύνῃ
1653 1334 1818 1375 πατουμένη,

239 1382 299 1420 (105,
313 1393 361 1412 rex
377 1389 467 1412 autem
480 1393 533 1412 non
554 1383 685 1418 cessisset,
700 1383 748 1413 sed
767 1394 841 1413 arma
853 1392 982 1422 moveret,
994 1405 1030 1425 ¹29
1040 1377 1116 1417 νόμοι
1140 1378 1309 1412 ἀδικοῦνται,
1331 1378 1424 1417 θεσμοὶ
1444 1377 1456 1395 ¹
1462 1379 1663 1420 ἀνατρέπονται.
1689 1380 1726 1424 Τί
1747 1375 1791 1410 οὖν
1805 1382 1819 1410 6

239 1428 340 1468 clipeos
350 1435 376 1458 et
384 1429 485 1466 hastas,
498 1439 601 1468 suaque
616 1435 735 1459 uteretur
749 1430 877 1470 potentia,
890 1430 928 1460 ibi
940 1442 982 1460 sa·
1002 1434 1022 1456 A
1041 1423 1240 1464 φῑλᾶνθρωπθςὲ
1268 1422 1382 1458 Κολάζῑῑ
1407 1423 1452 1453 τὸν
1475 1425 1621 1464 ‘roll-*onim
1644 1425 1698 1456 Καὶ
1724 1425 1819 1460 εὐθέως

239 1474 333 1504 cerdos
357 1474 434 1510 dicit,
456 1476 526 1515 Ego,
543 1475 643 1515 inquit,
658 1474 732 1514 quod
755 1483 811 1506 erat
830 1477 883 1506 mei
900 1477 983 1508 officii

238 1521 363 1560 praestiti,
376 1521 446 1550 nihil
459 1521 576 1562 amplius
586 1532 707 1562 possum,
722 1533 849 1552 succurre
859 1524 982 1554 sacerdo-

237 1566 286 1604 tio,
299 1567 372 1606 quod
385 1568 569 1604 conculcatur,
577 1568 649 1608 leges
662 1568 810 1605 violantur,
823 1569 861 1598 fas
873 1570 983 1600 subver-

237 1612 312 1641 titur.
328 1613 402 1650 Quid
417 1613 500 1653 igitur
516 1613 562 1643 ille
584 1613 725 1643 hominum
747 1615 869 1643 amator?
882 1616 982 1646 Virum

238 1658 366 1690 audacem
381 1659 532 1697 ulciscitur.
548 1660 589 1689 Et
604 1662 743 1689 continuo
758 1660 886 1701 effloruit
901 1662 982 1702 lepra

238 1706 270 1733 in
280 1705 388 1746 fronte
417 1705 508 1734 illius.
523 1705 696 1745 Ubicumque
727 1712 766 1735 est
798 1706 980 1747 impudentia,

237 1751 295 1781 illie
308 1758 347 1780 est
361 1750 439 1780 ultio.
456 1750 560 1782 Vidisti
573 1751 764 1791 benignitatem
778 1752 888 1782 ultionis
909 1753 982 1784 divi-

236 1808 276 1826 nae
284 1797 366 1828 ?Non
372 1797 473 1827 fulmen
492 1797 591 1834 emisit,
602 1807 654 1826 non
666 1804 764 1827 terram
775 1798 918 1836 concussit,
928 1810 980 1830 non

235 1844 380 1875 commovit
393 1844 489 1874 caelum
497 1855 506 1882 ;
521 1842 568 1872 sed
581 1843 700 1873 effloruit
713 1843 799 1883 lepra,
814 1855 867 1874 non
884 1844 913 1875 in
926 1846 980 1875 alio

234 1890 294 1920 loco
303 1901 384 1929 quam
396 1890 424 1919 in
443 1890 541 1925 fronte,
557 1896 586 1918 ut
599 1889 678 1919 facies
690 1900 746 1930 prae
760 1901 789 1919 se
799 1890 880 1920 ferret
894 1892 980 1922 vindi-

235 1945 315 1974 ctam,
332 1945 362 1967 ut
374 1945 511 1977 tamquam
524 1937 552 1966 in
568 1937 648 1977 cippo
661 1938 744 1967 literae
755 1945 841 1967 essent
864 1939 979 1979 impres-

235 1995 280 2014 sae.
294 1984 355 2013 Non
368 1983 439 2012 enim
453 1990 562 2023 propter
573 1983 652 2013 illum
667 1984 767 2013 sactum
785 1991 834 2021 est,
850 1985 898 2014 sed
913 1996 976 2026 pro-

235 2037 293 2070 pter
305 2040 350 2059 eos
364 2029 451 2068 quiin
469 2036 606 2069 posterum
628 2035 691 2058 sunt
703 2029 798 2059 futuri.
817 2031 886 2060 Cum
905 2031 977 2062 enim

235 2082 323 2116 posset
334 2086 386 2116 pro
398 2075 500 2105 meritis
516 2085 623 2115 poenam
640 2075 773 2115 infligere,
789 2086 842 2105 non
855 2076 955 2107 inflixit
965 2089 975 2117 3

234 2122 319 2152 sedin
331 2123 416 2152 fronte
427 2122 503 2161 quasi
514 2122 559 2151 lex
568 2122 655 2162 posita
668 2129 707 2152 est
714 2122 789 2152 velut
803 2124 830 2152 in
840 2123 899 2153 loco
912 2125 980 2154 sub-

234 2169 303 2205 limi,
324 2169 416 2198 dicens
428 2181 435 2197 :
448 2168 537 2198 Nolite
563 2169 649 2198 facere
678 2168 752 2205 talia,
776 2179 809 2198 ne
836 2169 976 2209 patiamini

234 2217 344 2246 similia.
357 2216 434 2246 Exiit
447 2216 492 2245 lex
503 2216 612 2253 viva,et
625 2216 698 2246 frons
711 2226 804 2246 vocem
816 2215 902 2246 edidit
912 2217 977 2246 tuba

235 2263 398 2293 clariorem:
416 2263 499 2292 literae
524 2270 599 2292 erant
619 2262 752 2302 inscriptae
778 2263 869 2298 fronti,
893 2263 976 2293 literae

235 2321 294 2349 quae
310 2309 393 2339 deleri
413 2319 466 2338 non
486 2316 629 2349 poterant:
645 2319 698 2338 non
717 2309 789 2338 enim
808 2316 884 2338 erant
905 2317 975 2339 atra-

269 2396 280 2408 τ
297 2388 368 2413 Unus
377 2393 406 2422 τῇ
414 2389 529 2423 ἱερωσύνῃ,
537 2387 670 2420 etquidem
681 2395 754 2420 supra
762 2386 867 2420 legimus
876 2391 996 2423 ἐπηρεάζῃ

237 2434 269 2461 τῷ
279 2430 419 2463 ἁμαρτωλῷ,
435 2426 480 2451 sed
493 2425 580 2450 Morel.
604 2425 680 2451 Savil.
694 2427 827 2458 caeterique
838 2434 926 2452 omnes
942 2427 995 2452 Ma-

239 2467 362 2499 nuscripti
373 2471 414 2496 τὴν
430 2468 548 2499 ἱερωσύνην
558 2464 662 2490 hahent.

270 2507 283 2525 d
300 2507 371 2531 Unus
383 2511 531 2532 κατεπατεῖτο
539 2523 544 2529 .

270 2551 279 2561 ⁰
296 2546 359 2570 Tres
372 2546 430 2570 Mss.
451 2550 477 2569 et
492 2543 568 2569 Savil.
582 2547 701 2577 ἁρπάζειν,
719 2545 768 2569 οὐδὲ·
784 2545 836 2578 δόρυ
854 2548 925 2574 σείειν,
937 2547 995 2575 οῦδὲ,

239 2592 261 2610 et
277 2586 312 2610 sic
323 2585 514 2618 legitErasmus.
525 2585 555 2609 In
566 2582 652 2608 Moret.
667 2585 715 2609 οὐδὲ
727 2585 780 2617 δόρυ
793 2587 854 2610 σείειν
865 2582 944 2608 deest.

1040 1468 1167 1505 ἐξήνθησε
1175 1469 1262 1509 λέπρα
1276 1470 1312 1503 εἷς
1325 1469 1355 1499 τὸ
1365 1469 1488 1509 μέτωπον
1499 1471 1591 1501 αὗτοῦ.
1603 1471 1692 1502 Ὅπου
1707 1474 1725 1509 ἡ
1741 1473 1818 1502 ἀναι-

1041 1514 1151 1557 σχυντία
1160 1537 1168 1551 ,
1188 1516 1243 1545 ἐκεῖ
1266 1514 1311 1544 καὶ
1334 1518 1351 1551 ἡ
1375 1515 1513 1556 τιμωρία-
1523 1512 1601 1551 Ε’ίδες
1620 1517 1817 1559 φιλανθρωπίαν

1040 1564 1087 1598 τῆς
1108 1564 1154 1591 τοῦ
1175 1562 1246 1591 Θεοῦ
1266 1560 1394 1602 τιμωρίας
1406 1573 1416 1598 3
1442 1563 1483 1592 Οὖ
1505 1564 1630 1603 κεραυνὸν
1645 1565 1761 1604 ἀφῆκεν,
1785 1566 1816 1594 οὖ

1040 1610 1090 1648 γῆν
1104 1608 1219 1643 ἔσεισεν,
1237 1608 1266 1638 οὔ
1278 1607 1436 1647 συνετάραξε
1451 1608 1495 1638 τὸν
1507 1609 1616 1650 οὖρανόν
1628 1621 1635 1629 ·
1651 1610 1721 1639 ἀλλὰ
1735 1610 1814 1647 ἐξήν-

1041 1657 1120 1689 θησεν
1129 1657 1146 1690 ἡ
1160 1653 1247 1693 λέπρα
1259 1676 1266 1690 ,
1289 1654 1337 1683 οὐκ
1357 1655 1384 1683 ἐν
1408 1653 1481 1694 ἄλλῳ
1505 1654 1596 1696 τόπῳ,
1620 1656 1679 1686 ἀλλ’
1702 1656 1749 1686 ἐπὶ
1767 1659 1815 1687 τοῦ

1041 1700 1175 1739 μετώπου,
1189 1699 1247 1728 *ἵνα
1255 1698 1303 1736 τὴν
1315 1699 1424 1729 κόλασιν
1435 1699 1466 1729 τὸ
1479 1701 1621 1741 πρόσωπον
1633 1702 1711 1743 φέρῃ,
1725 1698 1768 1733 ἵνα
1780 1705 1817 1738 ὡς

1039 1747 1067 1775 ἐν
1079 1745 1163 1786 στήλῃ
1174 1745 1321 1785 γράμματα
1344 1741 1363 1786 ᾗ
1386 1745 1506 1786 κείμενα.
1528 1747 1600 1777 Οὐδὲ
1622 1747 1674 1789 γὰρ
1689 1749 1723 1778 δι’
1736 1749 1815 1779 αὖτὸν

1040 1790 1157 1832 ἐγένετο,
1181 1791 1250 1821 ἀλλὰ
1268 1791 1310 1820 διὰ
1322 1791 1382 1826 τοὺς
1396 1792 1464 1831 μετὰ
1477 1795 1574 1823 ταῦτα.
1594 1794 1745 1835 Δυνάμενος
1763 1795 1815 1836 γὰρ

1039 1837 1116 1872 ἀξίως
1129 1837 1177 1874 τὴν
1190 1837 1320 1878 τιμωρίαν
1332 1839 1476 1878 ἐπαγαγεῖν
1485 1861 1494 1875 ,
1508 1840 1557 1869 οὐκ
1570 1840 1728 1880 ἐπήνεγκεν·
1743 1841 1813 1871 ἀλλὰ

1037 1883 1157 1924 καθάπερ
1170 1883 1247 1922 νόμος
1260 1883 1346 1913 ἔκειτο
1360 1885 1388 1913 ἐν
1398 1885 1492 1925 ὑψηλῷ
1504 1884 1578 1926 τόπῳ
1591 1885 1643 1915 τινὶ
1655 1886 1739 1926 λέγων
1751 1898 1757 1905 ·
1773 1887 1811 1925 μὴ

1036 1931 1131 1965 ποιῆτε
1142 1932 1268 1964 τοιαῦτα,
1285 1929 1329 1958 ἵνα
1343 1929 1380 1969 μὴ
1399 1929 1501 1966 πάθητε
1514 1933 1633 1961 τοιαῦτα.
1647 1931 1739 1973 Ἐξῄει
1764 1933 1808 1963 νό-

997 1981 1016 2004 Β
1036 1987 1084 2014 μος
1095 1975 1227 2016 ἔμψυχος,
1245 1975 1291 2004 καὶ
1305 1975 1426 2015 μέτωπον
1450 1974 1464 1992 b
1475 1976 1564 2017 φωνὴν
1577 1976 1651 2018 ἠφίει
1666 1978 1811 2020 σάλπιγγος

1034 2020 1230 2061 λαμπροτέραν.
1257 2020 1410 2061 Γράμματα
1431 2017 1464 2058 ἦν
1482 2022 1705 2063 ἀναγεγραμμένα
1724 2025 1751 2053 ἐν
1772 2025 1812 2065 τῷ

1035 2066 1151 2108 μετώπῳ
1163 2088 1171 2102 ,
1194 2067 1342 2107 γράμματα
1355 2067 1539 2108 ἐξαλειφθῆναι
1557 2069 1595 2108 μὴ
1610 2069 1756 2109 δυνάμενα·
1781 2073 1811 2101 οὗ

1034 2112 1085 2154 γὰρ
1099 2109 1131 2150 ἦν
1142 2113 1253 2152 μέλανι,
1277 2113 1321 2143 ἵνα
1334 2126 1372 2148 τις
1386 2115 1524 2155 ἐξαλείψῃ,
1549 2116 1626 2145 ‘du'
1642 2115 1695 2146 ἀπὸ
1707 2115 1810 2156 φύσεως

1034 2163 1051 2196 ἡ
1072 2160 1172 2200 λέπρα,
1194 2160 1239 2190 καὶ
1250 2160 1397 2201 ἀκάθαρτον
1407 2160 1490 2190 ἐποίει
1501 2163 1606 2199 τοῦτον,
1630 2160 1673 2191 ἵνα
1691 2161 1752 2196 τοὺς
1765 2162 1813 2192 ἄλ-

1033 2211 1093 2243 λους
1115 2208 1244 2250 καθαροὺς
1263 2210 1371 2250 ποιήσῃ.
1396 2210 1450 2240 Καὶ
1473 2209 1593 2250 καθάπερ
1615 2209 1675 2244 τοὺς
1699 2211 1810 2241 καταδί-

1032 2271 1111 2296 κους,
1132 2259 1238 2289 ἐπειδὰν
1262 2259 1389 2299 σπαρτίον
1408 2258 1542 2296 λα’ὅωσιν,
1562 2259 1696 2299 ἐξάγουσιν
1710 2260 1811 2295 αὖτοὺς

1030 2310 1060 2340 τὸ
1072 2309 1198 2350 σπαρτίον
1210 2309 1254 2339 ἐπὶ
1267 2313 1313 2339 τοῦ
1327 2309 1457 2349 στόματος
1472 2309 1580 2350 ἔχοντας
1590 2322 1597 2328 ·
1618 2307 1687 2340 οὕτω
1700 2311 1745 2341 καὶ
1755 2307 1803 2341 οὗ-

1077 2389 1090 2408 s
1105 2388 1176 2413 Unus
1187 2391 1363 2422 ἀνατρέπονται.
1377 2391 1415 2414 καὶ
1422 2392 1467 2423 ὅρα
1479 2392 1501 2414 τί
1513 2392 1606 2421 γίνεται.
1656 2391 1665 2396 ”

1077 2427 1151 2452 tTres
1161 2426 1199 2451 Ms
1211 2435 1232 2451 s.
1251 2430 1287 2452 ἵνα
1296 2432 1336 2456 τῆς
1347 2430 1459 2457 κολάσεως
1469 2431 1496 2454 τὸ
1508 2433 1616 2462 τρόπαιον
1626 2431 1692 2463 φέρῃ,
1703 2433 1731 2452 ul
1741 2436 1800 2462 sup-

1043 2466 1119 2499 plicii
1129 2465 1344 2499 vnpoeumfirret.
1612 2464 1613 2467 ’

1079 2506 1093 2525 b
1110 2505 1180 2530 Unus
1194 2509 1266 2540 φωνὴν
1277 2509 1362 2540 ἀφίησι.

1078 2551 1089 2563 e
1106 2543 1184 2569 Savil.
1199 2547 1251 2570 ἀλλ’
1264 2549 1403 2580 αἳτιορόισεαιις.Δ
1418 2543 1544 2574 Horeb&
1564 2544 1607 2571 alii
1618 2549 1663 2573 ἀπὸ
1675 2549 1766 2582 ρύσεως,
1779 2553 1805 2572 et

1047 2583 1082 2608 sic
1095 2581 1154 2615 legit
1166 2583 1294 2608 Erasmus.
