1904 2840
245 174 313 218 840

376 311 386 323 ³
401 306 535 336 Homilia
553 306 638 344 xxiij.
652 314 688 333 ex
706 313 770 343 cap.
784 305 850 343 viij.

284 401 332 429 Ξῖ).
342 401 357 427 1
360 409 378 427 n
385 398 438 427 illo
448 404 583 436 tempore,
591 396 767 426 ascendente
778 396 850 425 Jesu
860 396 892 423 in
901 397 984 424 navi-

246 439 353 474 culam,
366 438 480 477 sequuti
490 442 559 466 sunt
572 446 636 466 eum
657 434 794 474 discipuli
814 436 889 474 ejus,
905 441 931 464 et
944 445 986 463 re-

246 479 329 517 liqua.
345 478 494 516 Navigantc
515 475 632 505 Domino
656 485 719 504 cum
741 473 902 519 discipulis,
927 481 985 504 orta

245 528 339 557 magna
354 523 495 556 tempestas
507 522 557 552 cst,
578 515 614 544 ita
630 521 659 544 ut
676 525 771 544 navem
789 520 887 543 concm
903 514 986 543 maris

247 558 410 596 insurgentes
425 555 524 585 fluctus
537 554 691 584 obruerent.
700 555 751 583 24.
767 555 834 592 Ipse
843 563 926 589 wo,
941 554 986 583 in-

244 596 320 635 quit,
342 596 516 624 dormiebat.
532 593 605 623 Mira
626 594 705 623 ratio.
727 592 855 622 Ascendit
873 603 986 632 parvam

243 635 407 671 naviculam,
422 641 452 664 ut
464 633 613 674 navigaret,
623 633 670 662 ille
683 632 731 672 qui
748 639 834 662 totum
853 632 987 663 mundum

244 674 335 704 divina
349 674 449 705 virtute
462 674 604 713 gubernat.
617 673 725 703 Dormit
741 672 770 701 in
788 682 923 709 somnum,
938 672 986 711 qui

244 714 378 754 populum
395 724 475 743 suum
496 712 592 753 vigilia
617 719 715 742 aeterna
733 711 861 741 custodit.
879 712 987 741 Dormit

245 760 333 783 autem
349 753 497 789 Dominus,
509 762 562 781 non
582 751 734 781 necessitate
754 750 918 780 infirmitatis
930 751 986 780 liu-

245 803 339 828 manae,
353 792 400 822 sed
413 799 557 833 spontanea
570 791 719 821 voluntate.
735 791 805 820 Nam
818 801 881 820 eum
894 791 921 819 in
937 791 987 820 Dei

245 832 293 861 illa
306 839 403 862 aeterna
416 839 510 861 natura
530 841 640 860 somnus
660 840 712 859 non
730 829 818 866 cadat,
840 830 988 860 secundum

101 888 163 909 pm,
185 894 234 910 ‚20¹
245 871 318 910 quod
328 872 363 901 de
376 882 408 900 eo
421 871 536 910 legimus
548 871 662 906 dictum,
677 871 757 900 Ecce
774 880 834 898 non
848 870 988 899 dormita-

98 1361 165 1383 Pml.
183 1360 221 1390 43.

99 1391 135 1414 23,
150 1392 188 1415 26.

98 1749 165 1771 Psal.
184 1750 222 1779 76.

100 1786 136 1809 ¹7·
153 1781 187 1804 ¹8·

96 1950 171 1983 'Illarum
186 1951 220 1973 15.

90 2263 156 2285 Psoi.
167 2263 206 2286 88.

92 2302 128 2316 ιο.

88 2325 154 2347 Psal.
166 2326 215 2349 106.

87 2355 126 2376 25.

84 2386 153 2439 g'sal.
171 2387 209 2417 64.

82 2448 150 2499 gaal.
168 2448 208 2479 67.

247 913 298 947 hit,
314 921 406 951 neque
420 912 554 947 dormiet,
567 911 618 950 qui
631 910 758 939 custodit
770 909 886 938 Israel:
900 916 987 938 tamen

246 950 379 980 Dominus
393 961 424 980 ac
437 950 560 980 Salvator
578 955 667 978 noster
681 949 716 978 ad
737 947 904 989 probandam
919 949 945 978 in
959 959 989 978 se

246 990 361 1030 suscepti
385 990 505 1029 corporis
528 989 679 1025 veritatem,
693 988 773 1018 etiam
799 998 884 1027 usque
897 988 932 1018 ad
945 998 988 1018 so·

246 1040 339 1059 mnum
346 1030 470 1059 humanae
477 1036 578 1058 naturae
587 1029 676 1058 omnia
684 1028 796 1073 implere
806 1027 944 1073 dignatur,
959 1035 990 1058 ut

247 1069 383 1099 evidenter
394 1069 532 1098 veritatem
542 1069 569 1097 in
580 1078 608 1097 se
621 1074 732 1097 assumu
745 1077 867 1112 corporis
879 1066 990 1097 demon-

247 1115 350 1138 straret.
373 1108 427 1138 Sed
446 1119 507 1137 cum
516 1131 525 1143 ‚
545 1107 694 1137 dormiente
716 1108 847 1143 Domino,
867 1107 991 1137 saeviente

247 1148 377 1187 procella,
385 1158 470 1187 usque
479 1147 512 1177 ad
522 1146 675 1187 periculum
683 1146 760 1177 navis
770 1146 882 1176 violenti
891 1145 990 1177 fluctus

248 1189 424 1227 insurgerent,
438 1187 566 1227 discipuli
579 1186 677 1216 timore
694 1186 824 1226 perculsi,
843 1186 990 1216 Dominum

247 1226 385 1264 suscitant,
395 1227 527 1257 dicentes:
536 1228 585 1256 25.
596 1226 734 1261 Domine,
743 1226 837 1255 libera
847 1236 910 1262 nos,
920 1229 992 1266 peri-

248 1276 322 1295 mus.
331 1266 413 1304 Quod
421 1266 540 1306 idipsum
546 1266 613 1295 olim
621 1265 711 1295 David
718 1276 752 1294 ex
759 1275 872 1310 persona
888 1276 902 1293 a
940 1272 992 1295 sto-

248 1305 337 1334 lorum
346 1306 530 1335 suscitantium
540 1304 687 1335 Dominum
696 1304 860 1343 sigmficasse
869 1304 897 1333 vi
919 1311 990 1340 etur,

248 1355 310 1374 cum
317 1345 549 1386 dicitzExsurge,
566 1353 657 1385 quare
669 1344 828 1379 obdormis,
843 1344 990 1373 Domine?

249 1385 393 1425 Exsurge,
407 1386 517 1425 adjuva
530 1394 593 1421 nos,
601 1390 630 1413 et
638 1384 730 1412 libera
742 1392 795 1412 nos
807 1389 925 1422 propter
938 1393 989 1412 no-

249 1434 315 1453 men
326 1431 417 1454 tuum.
428 1426 476 1456 26.
487 1424 612 1464 Surgens
623 1433 690 1462 ergo
701 1423 846 1451 Dominus
856 1423 900 1450 ait
907 1422 986 1451 illis:

251 1463 330 1501 Quid
340 1465 433 1493 timidi
452 1466 530 1499 estis,
546 1462 667 1492 modicoe
675 1461 749 1502 fidei
757 1464 770 1490 Ρ
782 1462 824 1490 Et
836 1463 991 1500 imperavit

248 1509 338 1531 vento
347 1509 375 1533 et
384 1505 468 1540 mari,
479 1509 507 1532 et
532 1508 600 1531 acta
608 1507 650 1531 est
660 1500 861 1541 tranquillitas
872 1511 988 1538 magna.

247 1543 279 1571 In
287 1553 341 1581 quo
354 1543 493 1572 manifeste
526 1541 654 1572 'vinitatis
667 1550 722 1569 suae
734 1540 880 1580 potentiam
893 1540 987 1569 Domi-

247 1591 298 1610 nus
308 1581 467 1619 declaravit,
475 1581 542 1610 dum
551 1580 682 1611 violentos
689 1579 771 1608 maris
781 1579 880 1608 flnctus
889 1579 989 1609 divinae

247 1623 383 1660 potestatis
398 1621 481 1651 verbo
490 1619 664 1664 compescuit.
679 1619 772 1657 Neque
783 1618 857 1647 venti
863 1619 908 1648 vel
917 1630 989 1649 marc

247 1659 358 1690 obedire
383 1667 522 1700 poterant,
537 1659 590 1688 nisi
610 1658 726 1688 Domino
748 1665 774 1687 et
793 1659 913 1687 Creatori
926 1669 986 1688 suo.

248 1699 328 1736 Quod
341 1700 464 1729 futurum
477 1705 537 1728 ante
549 1697 773 1738 praenuntiaverat
785 1697 885 1734 David,
893 1697 988 1727 dicen-

248 1738 283 1767 do
292 1749 299 1766 :
308 1739 447 1768 Viderunt
459 1745 487 1768 te
497 1748 592 1778 aquoe,
604 1738 696 1772 Deus,
704 1737 846 1765 viderunt
854 1742 882 1765 te
891 1747 987 1776 aquoe,

248 1784 276 1807 et
290 1780 457 1814 timuerunt,
471 1784 498 1806 et
517 1779 640 1806 turbatoe
656 1782 725 1805 sunt
743 1778 855 1813 abyssi.
877 1777 987 1806 Multi-

249 1818 318 1846 tudo
332 1819 444 1847 sonitus
453 1826 608 1855 aquarum,
620 1825 723 1844 vocem
735 1815 877 1845 dederunt
888 1817 987 1846 nubes.

250 1857 285 1885 Et
299 1867 358 1895 quae
379 1857 436 1886 istae
456 1855 541 1885 nubes
563 1860 639 1889 sunt,
659 1864 718 1892 quae
738 1855 893 1884 timentibus
912 1856 989 1894 aquis

247 1905 340 1924 vocem
351 1896 494 1932 dederunt,
508 1894 561 1923 nisi
571 1892 711 1933 discipuli,
724 1893 771 1932 qui
784 1894 842 1924 viso
856 1895 932 1934 signo
945 1895 988 1924 di-

247 1935 316 1963 vinae
330 1935 439 1964 virtutis
454 1934 682 1968 exclamaverunt,
695 1932 813 1963 dicentes
828 1946 835 1963 ε
852 1935 925 1963 Vere
938 1935 987 1964 Ιιίσ

247 1974 342 2003 Filius
363 1975 420 2002 Dei
432 1975 515 2002 erat?
528 1972 622 2008 Nubes
644 1978 732 2001 autem
752 1972 852 2002 idcirco
872 1975 987 2014 apostoli

245 2012 443 2052 intelliguntur,
455 2012 518 2050 quia
532 2010 612 2040 modo
622 2011 736 2040 nubium
746 2011 780 2041 de
794 2019 863 2042 terra
875 2024 985 2054 surgen-

244 2057 294 2086 tes,
308 2051 344 2080 ad
356 2052 444 2087 caelos,
457 2052 514 2079 sine
532 2050 623 2089 aliquo
640 2050 756 2090 pondere
778 2053 888 2092 peccati,
903 2053 984 2092 spiri-

243 2090 323 2119 tualis
333 2097 432 2119 naturae
441 2090 549 2119 levitate
558 2089 692 2126 seruntur,
702 2097 727 2119 et
738 2090 772 2120 ad
780 2091 891 2131 riganda
901 2092 982 2122 corda

242 2129 408 2159 credentium
421 2129 544 2168 pluviam
556 2128 654 2158 diviuae
675 2129 870 2169 praedicationis
891 2131 982 2160 infun-

241 2167 319 2198 dunt.
336 2168 398 2198 Alio
410 2178 518 2209 quoque
535 2169 593 2197 loco
613 2168 683 2198 idem
707 2169 813 2206 David,
827 2170 902 2209 quod
923 2172 980 2200 Do-

241 2207 314 2237 mino
328 2208 475 2248 imperante
487 2208 582 2243 verbo,
597 2208 680 2237 maris
693 2209 819 2238 violentia
833 2210 980 2249 mitiganda

239 2254 317 2284 esset,
332 2247 368 2276 ita
382 2254 490 2277 testatus
503 2254 543 2276 est
562 2246 653 2276 dicens
669 2260 674 2276 :
696 2249 737 2278 Tu
757 2249 917 2279 dominaris
927 2261 980 2290 po-

240 2289 335 2316 testati
356 2289 444 2316 maris
451 2300 463 2322 ;
479 2293 589 2316 motum
603 2293 699 2316 autem
703 2288 852 2329 fluctuum
865 2291 927 2329 ejus
948 2296 980 2319 tu

239 2328 362 2366 mitigas.
377 2327 414 2356 Et
427 2328 523 2356 iterum
533 2338 539 2355 :
549 2327 645 2362 Dixit,
659 2333 686 2355 et
698 2330 776 2357 stetit
787 2330 904 2367 spiritus
915 2339 980 2368 pro-

237 2367 330 2401 celloe,
344 2372 372 2395 et
382 2367 526 2395 siluerunt
527 2365 643 2407 fluetus
657 2368 729 2406 ejus.
743 2367 779 2397 Et
790 2367 888 2398 iterum
901 2380 908 2397 ε
921 2369 980 2408 Qui

237 2407 391 2435 conturbas
404 2406 539 2446 fundum
560 2408 649 2435 maris
661 2416 669 2432 .·
682 2416 785 2436 sonum
808 2415 906 2438 autem
914 2409 978 2448 flu-

235 2453 330 2474 cutum
345 2447 406 2485 ejus
421 2452 452 2475 tu
467 2446 593 2485 mitigas.
609 2445 645 2474 Et
658 2445 753 2475 iterum
771 2458 777 2474 :
793 2448 872 2476 Ecce
893 2448 977 2477 dabit

828 189 832 196 s
845 176 927 200 OPUS
954 175 1190 198 lMPEnFEcTUM

1002 240 1023 263 Α
1040 247 1143 266 vocem
1155 238 1274 267 virtutis
1287 249 1296 266 .·
1309 236 1378 266 hanc
1389 236 1482 276 utique
1494 246 1598 274 vocem,
1612 247 1667 276 qua
1679 236 1781 267 divinae

1040 276 1177 314 potestatis
1188 276 1289 306 virtute
1299 275 1385 306 vomis
1397 276 1545 316 imperante
1557 276 1639 306 maris
1649 277 1789 316 tranquib,

1041 316 1103 345 litas
1117 317 1236 346 restituta
1249 322 1298 345 est.
1314 316 1412 353 Beatus
1428 326 1536 356 quoqne
1549 316 1604 346 Job
1620 316 1672 346 hoc
1692 316 1782 356 ipsum

1041 355 1163 385 futurum
1174 366 1223 396 per
1231 354 1364 395 Spiritum
1375 362 1495 385 sanctum
1506 365 1559 385 non
1569 355 1706 395 ignorans,
1718 366 1782 386 cum

1042 394 1076 424 de
1098 396 1215 425 Domino
1236 395 1403 434 loqueretur,
1415 395 1452 424 ita
1463 395 1521 425 ait:
1534 396 1564 424 V
1560 397 1648 425 inute
1669 396 1784 426 seam:

1043 445 1132 464 mare.
1148 436 1219 465 Cum
1236 434 1320 474 igitur
1338 433 1428 464 sedata
1449 441 1503 464 tem
1562 441 1604 464 ate
1616 435 1708 471 maris,
1720 436 1784 475 jus·

1041 474 1116 503 sione
1132 475 1209 504 verbi
1227 481 1295 504 esset
1306 474 1488 513 tranquillitas
1507 474 1628 505 instituta
1642 487 1648 504 =
1665 475 1717 505 27.
1731 476 1784 510 Hi,

1041 513 1141 552 inquit,
1155 517 1208 554 qui
1219 521 1303 543 erant
1317 514 1348 543 in
1362 516 1443 551 navi,
1455 515 1554 543 mirati
1565 520 1633 543 sunt
1643 515 1785 544 dicenter.-

1044 553 1147 592 Qualis
1154 561 1196 583 est
1206 555 1265 590 hic,
1277 554 1358 594 quod
1369 554 1455 583 venti
1460 560 1488 582 et
1501 563 1582 583 mare
1591 554 1731 583 obediunt
1737 554 1768 584 ci
1772 555 1786 582 ?

1041 593 1117 622 Hanc
1136 600 1225 623 autem
1249 593 1379 623 dominici
1398 593 1482 623 verbi·
1498 593 1637 630 virtutem,
1651 600 1678 623 et
1689 603 1786 624 eorum

1042 632 1090 671 qui
1109 632 1138 661 in
1161 633 1224 664 navi
1243 640 1318 662 erant
1339 632 1543 663 admirationem
1554 655 1562 670 ,
1585 632 1653 662 olim
1678 639 1786 663 sanctus

1041 671 1132 702 David
1146 673 1370 712 praenuntiaverat
1388 672 1415 702 in
1438 672 1555 708 Psalmo,
1575 672 1711 704 dioendn
1728 673 1862 714 Quina.
1884 686 1904 702 κ

1042 711 1219 742 descendunt
1233 722 1313 741 mare
1327 714 1360 740 in
1372 713 1506 748 navibus,
1513 712 1664 751 facientes
1681 722 1786 752 open-
1795 710 1867 734 ²³·-·
1873 710 1902 733 ²5

1043 754 1151 780 tlonem
1164 753 1197 780 in
1219 753 1305 791 aquis
1323 752 1432 781 multis.
1455 753 1517 791 Ipsi
1535 751 1676 785 vicimum
1698 762 1787 792 opera

1043 790 1177 828 Domini,
1190 798 1219 820 et
1233 791 1381 821 mirabilia
1393 793 1455 830 ejus
1470 795 1501 821 in
1512 791 1672 832 ptrffwdo.
1685 793 1784 828 Dinis,

1042 836 1071 859 et
1087 832 1166 860 stetit
1187 832 1303 871 spiritus
1324 831 1470 870 procelloe.
1486 831 1522 861 Et
1545 831 1643 860 iterum
1653 843 1662 861 ε
1677 831 1787 862 Statuit
1797 838 1904 860 11ιῑᾱ.ν.ι

1041 870 1203 909 procellam
1214 872 1277 911 ejus
1289 872 1321 899 in
1339 881 1454 906 auram,
1468 878 1496 900 et
1518 871 1663 900 siluerunt
1670 870 1786 912 fuctus
1796 869 1835 892 3⁰·

1042 910 1116 949 ejus,
1128 915 1157 938 et
1171 910 1264 950 Iaetati
1275 916 1344 940 sunt
1357 911 1429 950 quia
1448 910 1601 939 siluenmt.
1621 911 1685 940 Haee
1698 910 1788 950 itaque

1044 948 1179 988 primum,
1203 949 1352 979 secundum
1374 949 1570 989 simplicitatem
1596 950 1714 980 historie
1738 961 1789 991 per

1043 987 1155 1017 Domini
1166 989 1294 1018 virtutem
1307 989 1358 1018 ista
1373 996 1446 1029 gesta
1468 989 1654 1029 cognoscimus
1667 1001 1674 1018 ε
1689 1000 1787 1020 secun—¹

1044 1026 1111 1056 dum
1118 1027 1289 1068 allegoricam
1301 1038 1366 1058 vero
1377 1029 1517 1065 rationem,
1527 1039 1587 1067 quae
1601 1029 1628 1058 in
1643 1029 1687 1059 his
1699 1029 1788 1059 omni-

1044 1066 1097 1096 bus
1110 1066 1197 1106 figura
1213 1074 1358 1097 monstrata
1376 1068 1422 1104 sit,
1434 1068 1550 1098 sollicite
1567 1068 1697 1098 debemus
1711 1069 1789 1098 intel-

1044 1106 1140 1146 ligere.
1150 1107 1335 1143 Quaerendum
1342 1107 1413 1136 enim
1422 1114 1472 1144 est,
1482 1106 1552 1146 quid
1562 1107 1618 1137 haec
1627 1108 1789 1148 mvisjuxn

1045 1146 1214 1186 spiritualem
1236 1147 1367 1176 rationem
1385 1147 1500 1186 intelligi
1523 1146 1630 1184 debeat,
1651 1147 1699 1178 vel·
1715 1148 1790 1186 qnod

1045 1185 1098 1215 hoc
1110 1196 1199 1222 mare,
1213 1186 1258 1216 vel
1271 1186 1320 1225 qui
1334 1185 1502 1226 insurgentes
1513 1186 1628 1223 fluctus,
1643 1187 1690 1226 qui
1703 1187 1789 1223 venti,

1046 1225 1094 1264 qui
1106 1225 1156 1255 hos
1170 1225 1269 1256 fluctus
1282 1225 1430 1264 concitantJ
1444 1226 1493 1265 qui
1504 1226 1585 1258 etiam
1606 1228 1789 1256 sumusno-

1046 1265 1124 1299 mini,
1138 1265 1184 1295 vel
1197 1276 1256 1304 quae
1269 1266 1326 1294 hoec
1347 1265 1492 1306 increpatio
1511 1266 1618 1296 Domini
1639 1266 1668 1295 iu
1683 1273 1789 1302 venons,

1046 1310 1072 1332 et
1084 1315 1143 1343 quae
1156 1304 1204 1334 ista
1218 1306 1340 1334 restituta
1357 1305 1555 1344 tranquillima,
1569 1305 1613 1336 vel
1630 1315 1691 1344 qnae
1707 1305 1790 1345 digna

1045 1342 1187 1372 admiratio
1199 1343 1393 1383 navigantium.
1407 1345 1444 1374 Et
1452 1354 1505 1374 non
1514 1344 1632 1374 dubium
1643 1351 1684 1375 est
1695 1355 1790 1376 navem

1046 1382 1123 1411 istam
1130 1382 1277 1412 Ecclesiam
1287 1383 1574 1421 figurasse-,secundum
1579 1384 1653 1422 quod
1662 1385 1790 1423 persalu-

1045 1431 1151 1450 monem
1159 1420 1194 1451 de
1200 1432 1230 1451 ea
1237 1422 1357 1462 Spiritus
1363 1429 1471 1452 sanctus
1480 1422 1609 1461 loquitur,
1618 1422 1711 1452 dicens
1717 1434 1724 1452 ε
1730 1425 1790 1453 Fa-

1045 1466 1094 1489 cta
1112 1467 1155 1490 est
1170 1467 1320 1501 tamquam
1335 1463 1420 1491 navis
1435 1469 1600 1491 mereatur-a
1615 1462 1788 1502 longinqua:
1800 1469 1868 1491 Prov.
1881 1469 1904 1494 δι

1044 1498 1120 1529 idest
1133 1500 1264 1538 Ecclesia,
1294 1511 1334 1530 uae
1341 1501 1531 1546 navigantibus
1544 1498 1681 1541 apostolis,
1694 1503 1790 1542 guber-
1802 1500 1838 1530 ¹4-

1044 1546 1123 1568 nante
1130 1540 1261 1577 Domino,
1311 1547 1355 1570 nte
1369 1541 1474 1581 Spiritu
1485 1540 1790 1581 sancto,praedicationis

1044 1579 1126 1608 verbo
1138 1579 1238 1618 ubique
1252 1579 1508 1620 discurrit,portans
1521 1590 1612 1610 semim
1625 1590 1752 1619 magnum
1763 1588 1790 1611 et

1043 1617 1229 1649 inaestimabile
1242 1619 1368 1659 pretium,
1394 1630 1430 1649 uo
1444 1630 1523 1650 omne
1534 1630 1618 1665 genus
1635 1620 1788 1658 hominum,
1798 1629 1829 1647 cv

1043 1657 1087 1687 vel
1098 1657 1188 1697 potius
1205 1665 1292 1688 totum
1305 1669 1370 1688 mun
1392 1670 1438 1689 um
1457 1669 1586 1700 sanguine
1594 1659 1697 1690 Christi
1716 1670 1787 1690 mets

1043 1703 1100 1726 cata
1109 1704 1159 1727 est.
1173 1699 1213 1727 De
1222 1708 1276 1737 quo
1285 1698 1340 1728 alio
1352 1709 1460 1738 quoque
1466 1699 1525 1729 loeo
1535 1698 1608 1728 idem
1616 1699 1743 1729 Salomon
1750 1710 1788 1730 ne-
1796 1710 1853 1740 sap,
1865 1709 1889 1733 5.
1898 1715 1904 1733 ι

1043 1736 1118 1772 tulit,
1134 1736 1249 1767 dicendo
1263 1737 1331 1767 inter
1344 1745 1448 1776 caetera,
1461 1738 1606 1779 vestigium
1626 1738 1702 1770 navis
1714 1739 1787 1778 peta-
1803 1754 1808 1758 »

1043 1775 1194 1814 gizantibus
1212 1777 1329 1807 inveniri
1337 1788 1389 1808 non
1397 1788 1475 1818 posse
1483 1789 1489 1806 :
1496 1777 1640 1808 ostendens
1650 1787 1788 1808 eonversa—

1043 1815 1144 1845 tionem
1158 1816 1285 1846 Ecclesiae
1293 1827 1346 1847 non
1355 1825 1488 1847 terrenam
1498 1828 1566 1854 esse,
1572 1818 1617 1848 vel
1626 1817 1730 1853 saeculi,
1739 1817 1787 1848 sed

1044 1855 1186 1892 caelestem,
1197 1856 1344 1886 secundum
1357 1857 1431 1896 quod
1438 1864 1546 1887 sanctus
1551 1857 1688 1903 apostolus
1694 1858 1783 1894 refert,

1042 1894 1134 1924 dicens
1148 1908 1154 1924 :
1171 1896 1282 1925 Nostra
1301 1903 1398 1926 autem
1409 1905 1589 1927 conver-sacro
1603 1902 1634 1928 m
1643 1897 1722 1926 coelis
1732 1903 1784 1927 est.
1796 1902 1904 1936 Philipp}

1042 1935 1120 1964 Mare
1134 1935 1264 1964 saeculum
1275 1935 1360 1965 intell'
1381 1936 1446 1973 itur,
1481 1936 1536 1966 uod
1545 1947 1562 1966 a
1572 1935 1784 1975 diversispecea-
1795 1943 1834 1959 2⁰·
1900 1936 1904 1987 i

1042 1973 1088 2010 tis,
1103 1974 1218 2004 etvariis
1224 1975 1363 2005 tentationi
1384 1986 1469 2012 us,ve
1482 1983 1510 2006 ut
1523 1975 1687 2020 quibusdam
1698 1975 1784 2005 flucti-

1900 1851 1904 1866 1

1001 2027 1022 2050 D
1039 2012 1092 2042 bus
1105 2020 1207 2043 aestuat.
1222 2015 1262 2043 De
1276 2024 1330 2052 quo
1341 2016 1472 2055 scn'ptum
1487 2015 1613 2054 legimus:
1629 2016 1696 2044 Hoc
1703 2025 1783 2044 mam
1793 2027 1859 2048 Psal.
1880 2032 1889 2049 t

1039 2062 1178 2091 magnum
1190 2059 1219 2082 et
1235 2055 1394 2092 spatiosum
1403 2077 1413 2090 ,
1431 2054 1494 2083 illie
1513 2054 1642 2093 reptilia,
1657 2064 1781 2094 quorum
1792 2057 1830 2079 25.
1843 2058 1881 2082 26.

1039 2101 1099 2120 non
1109 2098 1154 2121 est
1173 2102 1320 2122 numerus.
1335 2093 1495 2122 Animalia
1513 2092 1627 2132 pusilla
1639 2103 1704 2122 cum
1718 2103 1781 2122 ma-
1901 2119 1904 2126 Α

1037 2132 1114 2168 gnis,
1130 2137 1160 2160 et
1182 2132 1272 2160 draco
1295 2134 1359 2168 iste,
1385 2143 1469 2172 quem
1484 2133 1628 2174 formasti
1653 2133 1695 2161 ad
1708 2133 1781 2162 illu-
1900 2127 1904 2150 ³

1036 2171 1166 2199 dendum
1183 2172 1219 2200 ei.
1244 2171 1281 2200 Et
1307 2171 1404 2201 iterum
1419 2183 1427 2201 =
1444 2172 1518 2201 Veni
1539 2173 1571 2201 in
1592 2172 1780 2202 altitudinem
1789 2186 1857 2209 Psal.
1873 2151 1904 2211 δὲ

1036 2211 1137 2247 maris,
1145 2217 1173 2239 et
1184 2217 1335 2250 tempestas
1342 2211 1475 2240 demersit
1486 2221 1540 2241 me.
1548 2212 1633 2242 Venti
1638 2218 1728 2241 autem
1738 2221 1780 2242 ne·
1789 2218 1804 2240 3
1901 2212 1904 2221 ⁴

1035 2248 1126 2288 quitiae
1140 2249 1294 2290 spirituales
1306 2257 1333 2280 et
1345 2250 1478 2280 immundi
1490 2250 1603 2291 spiritus
1621 2251 1780 2291 intelligun-

1035 2295 1090 2326 tur,
1105 2289 1153 2328 qui
1166 2289 1201 2319 ad
1212 2290 1382 2330 naufragium
1395 2290 1524 2320 Ecclesiae
1533 2301 1582 2331 per
1595 2290 1718 2320 diversas
1730 2301 1779 2320 sae-

1035 2328 1091 2357 culi
1100 2329 1256 2358 tentationes
1263 2330 1338 2359 velut
1349 2341 1396 2370 per
1405 2330 1506 2359 fluctus
1512 2330 1608 2367 maris,
1618 2329 1776 2360 desaeviunt.

1034 2368 1160 2398 Dormire
1167 2379 1232 2399 vero
1246 2369 1380 2399 Dominus
1394 2370 1422 2398 in
1436 2370 1487 2399 hac
1499 2369 1563 2400 navi
1575 2376 1639 2398 tunc
1648 2368 1777 2408 intelligi-

1033 2414 1088 2444 tur,
1101 2418 1164 2437 curn
1186 2408 1222 2437 ad
1242 2409 1430 2448 probationem
1442 2409 1507 2438 fidei
1526 2408 1675 2439 Ecclesiam
1700 2418 1778 2438 suam

1032 2448 1165 2486 pressuris
1178 2455 1204 2477 et
1218 2448 1472 2488 persequutionibus
1481 2448 1576 2478 mundi
1591 2448 1669 2478 istius
1683 2448 1778 2478 tentari

265 2554 275 2566 a
293 2547 354 2578 Quae
363 2553 497 2579 sequuntur
507 2547 598 2573 desunt
609 2548 635 2572 in
645 2548 676 2574 V.
683 2548 714 2574 D.
723 2557 798 2582 usquc
808 2549 841 2574 ad
851 2549 903 2575 haec
910 2549 988 2574 verba
1014 2555 1170 2583 tumcumque
1188 2552 1323 2584 gratuitum
1343 2556 1367 2576 et
1380 2550 1447 2575 utile.

231 2585 345 2611 nomiliae
364 2587 477 2617 xxxu,
490 2587 516 2612 in
528 2586 654 2620 principio
674 2587 782 2614 homiliae
794 2588 878 2615 istius.-
894 2588 984 2623 Quan-
