1904 2840
118 506 187 527 Joan.
195 505 254 534 143.

119 578 177 599 nm.
190 585 210 598 v.
222 583 246 606 9-

265 184 337 234 976

761 195 934 219 EDITIOMS
960 195 1127 219 PARlSlNAE
1151 195 1312 220 ALTERlus

264 259 451 290 excellentiam
472 266 660 294 annumerans,
671 266 701 286 ac
711 255 818 287 dicens:
831 258 897 298 Ego
909 264 937 288 et
950 258 1007 287 Pa·
1023 262 1043 285 Α
1057 264 1180 288 nostrum
1193 258 1220 288 in
1231 265 1319 288 mente
1330 258 1377 296 sit,
1390 259 1529 292 invisibile
1547 266 1588 291 est
1607 261 1635 291 in
1648 261 1799 299 invisibili,

267 307 311 329 ter
326 300 487 333 veniemus,
502 303 531 326 et
544 298 726 326 mansionem
738 298 818 336 apud
837 307 902 327 eum
911 298 1008 339 facie-

267 342 353 368 mus?
368 337 507 377 Siquidem
517 336 616 374 dicere,
631 338 659 366 E
680 347 697 365 o
709 343 738 366 et
751 338 852 374 Pater,
868 337 1008 367 nominum

266 379 442 408 differentiam
458 377 599 414 indicavit,
613 383 640 406 et
685 377 824 414 eniemus,
837 383 866 406 et
879 379 1007 406 mansio—

268 429 332 447 nem
365 419 503 454 aeiemus,
522 417 651 456 aequalem
668 415 827 457 dignitatem
845 427 860 447 o
881 417 1007 446 erationis

266 456 431 498 praedicavit.
454 457 499 488 Sic
518 463 545 486 et
566 456 620 486 alio
642 456 668 485 in
690 456 759 493 loco,
781 466 842 485 eum
861 428 1007 496 ghilippus

266 497 403 537 apostolus
421 497 531 533 diceret,
550 496 687 533 Domine,
712 495 832 525 ostende
854 497 936 526 nobis
950 497 1008 526 Pa-

269 543 350 574 trem,
357 543 385 566 et
394 537 504 578 sufficit
514 535 607 572 nobis,
618 546 776 575 responsum
785 535 860 565 dedit
865 537 1007 566 Servatort

272 578 365 607 Tanto
377 583 503 615 tempore
513 577 666 605 vobiscum
675 585 750 610 sum,
763 582 791 605 et
801 585 861 604 non
872 577 1008 616 cognovi-

266 617 304 646 sti
327 627 383 654 me,
404 617 562 656 Philippo?
587 615 750 645 contrariam
775 625 838 645 sane
863 616 1008 655 interroga-

266 655 333 685 tioni
357 655 403 686 dat
424 667 465 685 res
486 655 633 685 onsionem.
654 657 695 684 An
713 654 748 684 de
774 661 799 684 te
823 654 1008 694 interrogavi?

269 696 404 732 Ostende,
415 695 475 725 dice
495 706 549 731 am,
564 695 684 724 Patrem
704 701 792 728 tunm,
807 705 859 723 non
873 705 936 725 vero
950 698 1004 725 te'.

207 740 255 764 267
266 735 316 765 Ille
332 741 422 765 antem
435 735 503 775 quid
515 734 550 764 ad
563 734 638 764 haeci’
657 735 749 763 Tanto
770 740 896 773 tempore
909 736 1006 764 vobis-

266 785 335 804 cum
352 786 427 813 sum,
444 782 472 804 et
490 785 550 804 non
563 775 724 820 cognovisti
736 776 802 802 me?
816 774 845 804 Si
867 773 1006 804 dissimilis

266 814 301 844 sit
312 815 411 851 Filius,
423 813 558 854 quomodo
579 813 721 844 dissimilis
735 824 783 853 per
797 813 956 847 dissimilem
969 813 1008 843 di—

264 855 432 923 gnoscatur?
457 861 503 884 aut
523 853 551 899 in
573 864 657 894 parvo
677 863 789 898 magnus
807 853 943 892 quomodo
962 853 1005 883 vi·
1020 861 1038 885 Β

285 901 370 932 eatur,
386 894 430 924 vel
445 905 493 935 per
506 904 635 923 minorem
648 903 848 933 superemmens
870 892 898 921 in
919 892 1006 933 digni-

264 941 328 971 tate,
344 935 386 965 vel
399 945 446 975 per
454 933 608 963 ministrum
619 932 739 962 creator?
758 933 851 961 Tanto
866 938 1004 972 tempore,

264 974 313 1011 ait,
329 976 479 1004 vobiscum
498 983 572 1002 sum.
595 973 655 1002 Non
675 971 757 1008 dixit,
781 973 858 1002 Pater
873 983 948 1002 meus
962 983 1006 1001 vo-

265 1013 370 1043 biscum
381 1022 431 1051 est,
442 1013 489 1044 sed
500 1023 566 1052 ego:
579 1023 622 1041 me
638 1011 764 1042 videlicet
781 1011 921 1041 vobiscum
935 1012 1006 1041 exsi-

264 1060 358 1092 stente,
370 1056 448 1084 Pater
458 1053 600 1083 vobiscum
610 1059 660 1082 est.
669 1052 761 1081 Tanto
774 1057 900 1091 tempore
911 1053 1006 1081 vobis-

265 1104 329 1122 cum
339 1104 414 1130 sum,
424 1100 452 1123 et
462 1103 521 1122 non
531 1093 689 1133 cognovisti
701 1102 746 1120 me
753 1093 766 1119 Ρ
775 1091 884 1131 Optime
895 1090 966 1120 dixit
975 1091 1006 1121 τὸ

264 1134 336 1163 Non
351 1134 510 1173 cognovisti
522 1135 588 1162 me?
601 1132 652 1162 Ille
661 1130 739 1166 dicit,
757 1131 893 1161 Ostende.
909 1131 1006 1161 Serva-

264 1179 306 1202 tor
318 1181 417 1210 autem,
432 1174 500 1202 Non
511 1173 671 1212 cognovisti
683 1181 729 1199 me
737 1173 751 1198 Ρ
765 1170 858 1209 volens
867 1170 1005 1201 ostendere

264 1213 353 1242 Deum
375 1223 427 1242 non
447 1211 545 1249 videri,
567 1211 615 1241 sed
631 1210 764 1250 cognosci.
786 1210 821 1239 Et
842 1210 983 1250 subjungit
996 1222 1003 1239 ε

263 1252 333 1281 Νοη,
343 1254 436 1282 credis
445 1253 516 1291 quia
529 1262 582 1290 ego
594 1253 626 1280 in
642 1248 760 1284 Pan-eb,
777 1256 805 1278 et
814 1250 905 1279 Pater
916 1251 947 1278 in
958 1260 1004 1279 me

264 1298 318 1321 est.
344 1292 494 1331 Quomodo
518 1301 585 1331 ergo
612 1297 643 1319 tu
665 1291 749 1326 dicis,
772 1290 898 1318 Ostende
921 1290 1004 1319 nobis

263 1331 384 1360 Patrem
394 1334 407 1359 Ρ
421 1333 472 1361 Pro
487 1341 518 1360 eo
532 1330 606 1369 quod
626 1329 737 1358 diceret:
761 1327 903 1366 Quomodo
917 1329 1003 1358 alium

264 1371 407 1409 quemdam
420 1380 510 1410 speras
526 1368 693 1399 videndum?
705 1369 775 1398 Nam
787 1367 811 1396 si
824 1369 889 1407 Ego
898 1369 931 1396 in
946 1369 1002 1397 Pa-

265 1417 318 1447 tre,
330 1417 359 1440 et
370 1411 462 1439 Pater
473 1411 505 1438 in
514 1420 559 1438 me
572 1410 620 1445 sit,
630 1415 655 1437 et
668 1413 842 1447 cognoscatur
853 1407 940 1436 Filius
955 1417 1002 1447 per

263 1450 380 1486 Patrem,
392 1457 418 1479 et
432 1451 510 1479 Pater
523 1459 570 1488 per
581 1447 695 1483 Filium,
719 1445 854 1486 quomodo
867 1453 898 1476 tu
915 1446 999 1483 dicas,

1058 308 1084 331 et
1110 301 1283 343 intelligibile
1306 302 1336 332 in
1358 303 1543 346 intelligibili,
1557 304 1744 347 incorporeum
1772 306 1800 336 in

1058 346 1226 386 incorporeo.
1249 348 1320 377 Cum
1345 355 1434 377 autem
1448 348 1515 378 velit
1536 348 1646 390 prodire
1668 351 1781 380 verbum
1791 373 1800 387 ,

1058 389 1177 429 primum
1190 391 1314 430 procedit
1336 391 1364 422 in
1385 402 1430 429 os,
1446 399 1472 422 et
1491 392 1555 422 inde
1569 393 1622 423 sibi
1643 393 1695 435 ipsi
1710 394 1802 425 induit

1058 444 1166 471 vocem,
1182 444 1236 464 non
1246 436 1323 474 quasi
1336 447 1371 466 ex
1383 435 1438 466 alia
1452 443 1547 466 natura
1559 438 1780 479 vooemaccipiat
1786 461 1797 475 ,

1058 477 1106 507 sed
1115 479 1149 508 ab
1165 479 1222 519 ipso
1238 480 1319 510 verbo
1330 479 1415 511 dictio
1427 481 1570 520 coalescit5
1580 488 1607 512 et
1619 481 1694 521 quod
1706 483 1802 513 inviri-

1058 522 1114 551 bile
1125 529 1164 552 est
1176 529 1272 553 natura
1285 524 1370 564 patris
1381 524 1438 562 sui,
1450 514 1578 555 indutum
1590 535 1656 555 voce
1669 526 1742 564 exit,
1754 536 1802 557 no·

1058 572 1168 605 tumque
1191 567 1220 596 fit
1243 568 1368 598 omnibns
1377 590 1386 606 ,
1407 568 1482 608 quod
1503 575 1564 599 ante
1584 569 1706 610 ignotum
1718 577 1776 600 erat
1791 583 1799 599 ε

1057 608 1155 639 deinde
1167 620 1229 640 cum
1242 611 1360 651 prodiit,
1379 613 1470 642 omnia
1487 612 1598 653 implet,
1613 619 1640 642 et
1653 624 1667 643 a
1682 614 1801 654 genitore

1058 659 1111 678 non
1124 657 1272 690 separatur.

1098 690 1166 726 Quis
1178 691 1248 719 enim
1263 690 1403 720 hominum
1411 713 1419 728 ,
1434 701 1496 721 enm
1508 691 1637 731 loquutus
1647 692 1729 722 fuerit
1738 703 1800 723 ver·-

1055 728 1139 765 bum,
1154 729 1274 768 aliosque
1292 730 1415 760 docuerit
1425 754 1432 768 ,
1447 731 1569 771 seipsum
1587 732 1672 762 verbo
1683 743 1801 764 vacuum

1057 768 1161 804 reddat,
1176 776 1257 808 atque
1271 770 1418 807 existimet,
1432 781 1463 801 ne
1477 772 1544 800 forte
1562 771 1628 801 dum
1643 772 1671 801 in
1685 772 1801 802 aliorum

1057 818 1135 838 aures
1145 809 1241 846 fundo,
1258 816 1372 839 mentem
1388 821 1474 840 meam
1495 809 1595 840 nudam
1608 822 1640 842 ac
1658 812 1800 851 spoliatam

1056 848 1183 877 efficiam.
1196 850 1288 878 Annon
1300 849 1413 879 verbum
1421 850 1581 886 exiit‘l'oras,
1593 857 1619 880 et
1628 851 1700 881 intus
1709 851 1800 882 adhuc

1057 887 1175 916 mansit?
1195 898 1282 918 annon
1296 888 1394 918 multas
1411 900 1489 919 aures
1504 890 1638 930 implevit,
1652 897 1678 920 et
1696 900 1712 919 a
1725 891 1800 930 geni-

1056 933 1114 956 tore
1125 937 1177 956 non
1190 927 1334 958 abscessit?
1347 928 1409 958 Jam
1421 939 1484 959 vero
1493 929 1520 959 si
1527 930 1675 960 humanum
1685 931 1801 960 verbum

1056 966 1123 995 dum
1137 966 1258 1006 procedit
1267 979 1283 996 a
1297 974 1384 997 mente
1393 989 1400 1002 ‚
1412 975 1438 998 et
1451 969 1520 999 foras
1533 969 1591 998 exit
1600 992 1607 1005 ,
1623 980 1676 1000 non
1689 980 1799 1010 separa-

1056 1013 1101 1035 tur
1114 1017 1130 1035 a
1143 1013 1300 1047 generante3
1316 1008 1390 1036 Deus
1403 1014 1492 1038 autem
1513 1009 1652 1046 Verbum,
1668 1009 1716 1049 qui
1732 1020 1799 1050 pro-

1056 1052 1116 1086 pter
1128 1057 1176 1076 nos
1189 1046 1254 1086 (in)
1267 1045 1369 1076 mundo
1386 1057 1421 1088 ap
1440 1047 1528 1086 aruit,
1552 1054 1690 1087 paternum
1710 1050 1798 1081 sinum

1055 1096 1173 1115 vacuum
1195 1086 1383 1125 relinquebat?
1398 1090 1419 1116 A
1454 1087 1492 1123 it,
1508 1091 1685 1126 nequaquam.
1701 1089 1799 1128 Siqui—

1055 1125 1118 1155 dem
1134 1125 1268 1166 myriades
1277 1125 1430 1166 myriadum
1439 1126 1555 1156 andiunt
1564 1127 1689 1164 verbum,
1701 1135 1727 1158 ct
1737 1139 1800 1159 cnm

1055 1175 1102 1205 per
1116 1172 1153 1195 tot
1166 1172 1192 1195 et
1204 1172 1290 1195 tantas
1299 1176 1378 1203 aures
1390 1165 1550 1206 ingreditur,
1563 1177 1616 1196 non
1629 1173 1717 1198 tamen
1731 1168 1800 1199 divi-

1054 1204 1139 1242 ditur,
1154 1205 1200 1234 sed
1210 1212 1250 1235 est
1261 1211 1347 1234 totum
1360 1216 1422 1235 cum
1436 1206 1566 1246 singulis,
1578 1213 1722 1247 totumque
1735 1218 1798 1238 cnm

1053 1245 1190 1282 omnibns,
1206 1251 1232 1274 et
1244 1245 1353 1274 omnino
1366 1245 1394 1274 in
1405 1253 1493 1275 mente
1505 1258 1512 1276 ε
1526 1246 1600 1285 quod
1613 1246 1636 1275 si
1650 1246 1799 1278 humanum

1054 1285 1169 1314 verbum
1181 1285 1290 1314 omnino
1303 1285 1331 1314 in
1345 1292 1432 1315 mente
1445 1293 1500 1322 est,
1514 1292 1540 1316 et
1560 1292 1647 1315 totum
1659 1297 1722 1316 cum
1737 1287 1797 1317 sin—

1053 1324 1137 1391 gulis,
1152 1331 1292 1363 totumque
1305 1335 1367 1354 cum
1378 1325 1514 1362 omnibus,
1530 1325 1667 1365 quomodo
1680 1325 1799 1358 dixerint

1073 1374 1087 1391 e
1109 1365 1203 1400 Patre,
1225 1363 1299 1402 quod
1321 1364 1343 1393 si
1365 1365 1501 1403 generavit
1518 1368 1530 1382 ⁸
1539 1388 1547 1402 ,
1574 1375 1637 1404 ergo
1659 1365 1750 1396 fluxus
1772 1374 1798 1398 et

1052 1403 1133 1432 sectio
1147 1402 1209 1439 fuit,
1223 1410 1248 1432 et
1261 1402 1367 1432 divisus
1380 1410 1420 1432 cst
1432 1404 1627 1434 indivisibilis?
1640 1405 1718 1435 Dicat
1739 1407 1796 1437 illis

1017 1457 1035 1480 C
1051 1443 1177 1472 Servatur
1193 1442 1389 1472 :Scrutamini
1412 1443 1585 1481 Scripturas.
1612 1444 1794 1484 Scrutamini,
1807 1457 1876 1480 loun.

266 1490 392 1518 Ostende
399 1490 482 1518 nobis
491 1489 611 1518 Patrem
622 1494 713 1522 tuum,
725 1485 893 1525 quasialium
924 1496 1001 1515 uem-

263 1529 338 1564 dam,
354 1539 396 1558 me
408 1535 529 1569 excepto,
547 1527 629 1557 velles
643 1525 756 1556 videre?
774 1525 848 1569 Ego·
857 1526 889 1553 in
930 1531 1001 1563 atre,

263 1575 292 1598 et
302 1569 394 1598 Pater
412 1569 445 1597 in
465 1578 520 1597 me.
538 1567 596 1596 Non
610 1566 686 1606 quasi
701 1567 813 1594 natura⁸
826 1571 862 1604 sutt
878 1565 999 1602 confusa,

1051 1491 1105 1526 non
1118 1481 1275 1549 simpliciter
1300 1483 1430 1527 segentesj
1446 1482 1494 1512 sed
1513 1482 1677 1523 profundum
1691 1492 1796 1515 senten-
1882 1456 1904 1503 ᾖ

1052 1527 1152 1550 narum
1185 1522 1306 1561 iligenter
1324 1528 1523 1561 investigantes.
1545 1524 1616 1552 Deus
1628 1523 1699 1552 enim
1718 1525 1797 1555 Scri-
1808 1535 1852 1559 27«
1897 1535 1904 1540 ‘

1053 1568 1146 1606 pturas
1159 1561 1315 1600 proposuit,
1331 1567 1357 1590 et
1369 1567 1485 1590 mentem
1498 1562 1670 1591 oraculorum
1683 1563 1794 1594 obvela-
1891 1541 1904 1601 1

262 1615 309 1637 aut
326 1608 403 1647 quasi
422 1607 498 1637 calix*
514 1607 582 1636 inter
601 1606 712 1635 calicem
722 1604 775 1634 sit:
791 1613 844 1633 non
858 1615 1001 1649 corporum

262 1648 475 1688 conjunctionem
486 1645 630 1686 quamdam
648 1644 758 1682 indicat,
774 1643 821 1673 sed
835 1650 929 1673 mentis
940 1654 1003 1674 ver-

262 1687 360 1717 borum
369 1686 627 1727 contemplationem.

303 1728 379 1767 Ego,
391 1727 439 1763 ait,
455 1729 486 1755 in
495 1727 595 1762 Patre,
605 1731 633 1754 et
642 1724 735 1753 Pater
746 1724 778 1752 in
790 1734 842 1752 me.
857 1723 913 1752 Nec
925 1724 1002 1753 Pater

263 1767 319 1796 sine
333 1767 404 1796 Filio
423 1766 608 1805 cognoscitur,
630 1774 715 1803 neque
735 1763 822 1793 Filius
847 1763 904 1792 sine
924 1764 1002 1792 Patre

263 1813 373 1846 apparet
386 1818 392 1835 z
408 1804 635 1845 quemadmodum
650 1813 724 1832 mens
738 1803 819 1833 verbo
832 1803 966 1840 noscitur,
977 1809 1003 1831 et

265 1847 378 1876 verbum
391 1852 477 1875 mente
493 1851 613 1885 apparet.
628 1842 711 1874 Unde
722 1849 835 1871 mentem
849 1849 922 1871 tuam
936 1842 1004 1871 scire

286 1885 378 1922 ossim,
392 1885 443 1914 nisi
458 1895 492 1914 ex
507 1884 607 1920 verbis,
621 1894 681 1923 qnae
691 1882 829 1921 loquaris?
844 1882 926 1921 [672]
938 1882 1003 1913 Ver-

263 1896 298 1954 lia
311 1932 357 1954 tua
370 1925 537 1954 manifestant
545 1930 659 1953 mentem
671 1929 757 1958 tuam,
772 1929 798 1950 et
812 1932 886 1950 mens
898 1928 944 1950 tua
958 1931 1002 1961 ge-

263 1971 338 1994 nerat
350 1965 432 1995 verba
450 1971 495 1993 tua
509 1975 516 1991 z
528 1974 576 1992 nec
589 1963 671 1992 verba
684 1962 740 1991 sinc
754 1968 840 1990 mente
854 1960 1003 1999 intelligere

263 2003 337 2038 licet.
351 2014 436 2042 neque
449 2010 564 2032 mentem
574 2002 630 2031 sine
642 2001 730 2031 verbis
738 2011 754 2029 a
764 2007 849 2030 mente
861 2000 1002 2039 generatis.

265 2043 395 2072 Similiter
409 2050 434 2072 et
448 2044 526 2072 Pater
545 2052 593 2082 per
606 2041 708 2070 Filium
722 2040 903 2078 cognoscitur,
918 2046 944 2068 ct
958 2039 1002 2068 Fi-

265 2081 319 2111 lius
329 2093 378 2122 per
387 2084 490 2111 Patrem
500 2081 683 2110 manifestatur
692 2079 714 2111 b.
729 2079 794 2108 Ideo
807 2086 833 2108 et
842 2078 1004 2122 evangelista

115 2133 183 2155 loun.
200 2138 219 2154 ι,
234 2121 313 2158 hait,
329 2123 365 2150 ln
377 2123 519 2160 principio
538 2127 600 2150 erat
618 2121 755 2155 Verbum,
770 2126 798 2148 ut
811 2124 1004 2158 generationem

209 2176 256 2201 269
266 2160 397 2206 passionis
409 2167 544 2200 expertem
563 2159 722 2193 ostenderet,
736 2165 761 2187 et
776 2159 902 2187 unitatem
915 2167 1003 2186 essen-

266 2207 311 2230 tiae
328 2207 471 2240 exponeret
481 2203 500 2228 ⁰.
514 2199 595 2236 Quod
608 2206 647 2227 est
661 2199 774 2227 verbum
796 2207 859 2237 erga
872 2203 1003 2233 mentem,

267 2239 339 2269 illud
352 2247 378 2269 et
402 2239 553 2278 unigenitus
575 2240 648 2268 Deus
661 2238 784 2268 Verbum
803 2247 866 2276 erga
887 2237 1003 2265 Patrem.

269 2279 346 2308 Illud
359 2286 448 2308 autem
461 2278 574 2316 mirum;
589 2284 706 2317 repetam
719 2276 845 2316 praedicta
859 2288 866 2304 z
883 2286 943 2304 nam
956 2285 1004 2319 an-

268 2319 351 2348 terius
371 2318 406 2348 de
418 2318 470 2348 hoc
490 2325 579 2347 nostra
601 2323 676 2346 erant
695 2316 794 2352 verba,
818 2322 846 2344 ut
859 2326 893 2344 ex
906 2321 1004 2344 nostris

268 2359 326 2388 istis
339 2370 368 2388 ea
381 2369 440 2397 quae
449 2368 530 2398 supra
537 2367 585 2387 nos
597 2363 670 2393 sum,
682 2355 793 2385 ediscas.
806 2356 879 2384 Dum
891 2354 1004 2384 verbum

1052 1606 1092 1629 vrt
1104 1611 1111 1628 τ
1123 1600 1275 1640 Scripturas
1291 1599 1377 1637 dedit,
1389 1600 1436 1629 sed
1451 1601 1582 1631 occultam
1597 1602 1796 1642 interpretatio-

1053 1650 1114 1669 nem
1128 1650 1180 1669 non
1203 1639 1365 1675 denudavit,
1389 1639 1437 1669 sed
1458 1641 1570 1680 reliquit
1592 1641 1620 1670 in
1639 1643 1798 1673 exercitium

1052 1679 1133 1708 stadii
1146 1690 1240 1709 cursus
1253 1680 1311 1715 tui,
1325 1686 1356 1709 ut
1369 1679 1528 1719 probitatem
1539 1687 1614 1710 tuam
1625 1681 1776 1722 exploraret
1785 1706 1794 1719 ‚

1052 1718 1208 1758 videretque
1227 1729 1260 1747 an
1281 1719 1428 1759 Scripturis
1441 1719 1586 1757 inservies,
1607 1731 1642 1749 an
1660 1722 1716 1750 vim
1729 1722 1796 1762 ipsis

1053 1759 1159 1788 inferas.
1175 1758 1410 1796 Quemadmodum
1425 1766 1546 1789 naturam
1559 1759 1643 1800 ipsam
1655 1762 1798 1801 proposuit

1054 1799 1138 1835 Deus,
1153 1805 1237 1828 artem
1257 1809 1321 1828 vero
1339 1798 1505 1828 occultavit:
1519 1809 1611 1829 omnes
1631 1801 1748 1830 materiae
1766 1812 1798 1831 ac

1055 1838 1140 1878 sylvae
1155 1838 1182 1867 in
1206 1837 1296 1867 medio
1317 1838 1408 1878 positae
1427 1845 1489 1868 sunt
1505 1849 1521 1867 a
1541 1840 1616 1876 Deo‘,
1630 1850 1675 1869 ars
1688 1851 1753 1871 vero
1763 1842 1799 1871 ab

1055 1878 1172 1922 humana
1189 1884 1276 1907 mente
1298 1877 1430 1917 originem
1448 1877 1544 1917 duxit;
1567 1878 1608 1910 sic
1629 1880 1698 1909 etin
1719 1881 1795 1910 Scri-

1076 1924 1152 1946 turis.

1055 1928 1074 1957 p
1097 1958 1133 1986 Ut
1145 1963 1234 1986 autem
1247 1956 1398 1986 evidentius
1413 1957 1525 1987 verbum
1538 1957 1646 1995 faciam,
1659 1959 1800 2000 proposuit

1055 1997 1128 2025 Deus
1139 1996 1261 2036 lapIdum
1275 2003 1413 2032 naturam,
1433 2006 1485 2025 non
1499 1996 1644 2027 aedificium
1662 2006 1796 2038 paratum.

1056 2036 1138 2065 Dedit
1150 2036 1323 2072 frumentum,
1338 2045 1390 2076 non
1403 2046 1467 2066 vero
1477 2047 1572 2076 panem
1584 2037 1684 2067 factum
1697 2049 1797 2078 propo-

1057 2075 1123 2105 suit.
1141 2075 1221 2104 Dedit
1244 2086 1340 2111 uvam,
1356 2085 1408 2105 non
1422 2082 1510 2104 autem
1529 2076 1586 2115 ipse
1610 2087 1690 2106 uvam
1704 2077 1799 2107 vinum

1057 2115 1128 2144 fecit.
1147 2114 1227 2143 Dedit
1240 2114 1339 2150 lanam,
1354 2124 1406 2144 non
1421 2115 1609 2144 vestimentum
1623 2126 1670 2160 per
1692 2126 1720 2145 se
1733 2127 1799 2156 ope-

1058 2161 1131 2184 ratus
1144 2161 1193 2183 est.
1211 2153 1291 2182 Dedit
1306 2164 1403 2183 aurum
1421 2164 1484 2183 cum
1505 2161 1574 2183 terra
1595 2162 1713 2185 mixtum
1723 2178 1732 2192 ,
1747 2166 1799 2185 non

1060 2201 1147 2223 tamen
1162 2193 1219 2233 ipse
1240 2193 1333 2232 selegit
1352 2192 1386 2222 de
1399 2200 1478 2223 terra.
1495 2193 1606 2230 Quare?
1618 2195 1690 2231 Quia
1703 2205 1799 2230 seeun-

1058 2233 1123 2262 dum
1145 2232 1288 2272 imaginem
1311 2232 1360 2262 Dei
1373 2233 1457 2262 factus
1475 2239 1515 2262 est
1527 2233 1608 2262 homo
1618 2256 1626 2270 ,
1641 2235 1800 2264 creationem

1059 2274 1185 2313 partitur.
1199 2273 1260 2311 lpse
1270 2279 1351 2309 creat,
1367 2279 1393 2301 et
1404 2272 1445 2301 illi
1458 2272 1563 2312 datper
1576 2274 1802 2304 artemfabricare

1059 2323 1140 2352 opus.
1155 2313 1238 2351 [673]
1251 2311 1487 2349 Quemadmodum
1505 2312 1641 2342 hominem
1654 2313 1802 2343 secundum

1061 2352 1202 2392 imaginem
1216 2351 1267 2381 Dei
1281 2352 1380 2381 factum
1389 2351 1546 2382 admittebat
1559 2353 1588 2381 in
1602 2359 1704 2393 partem
1718 2354 1802 2382 nomi-

298 2462 309 2473 ¹=
321 2455 416 2478 Desunt.
427 2453 453 2477 in
464 2452 509 2477 Gr.
531 2450 601 2476 Edit.
617 2457 692 2475 voces
709 2448 865 2479 necessariae,
881 2453 958 2477 tuum,
972 2454 1023 2470 non
1048 2451 1154 2470 naturae.

269 2503 328 2518 vero
338 2499 369 2517 te.

302 2534 314 2552 h
326 2531 418 2564 Snpple
432 2539 461 2555 ex
475 2530 519 2555 Gr.
532 2539 544 2551 (ι
554 2529 648 2553 Rursus
659 2527 713 2560 Ego
725 2531 750 2551 ct
768 2531 854 2559 postea
869 2526 951 2550 Pater.
967 2524 1024 2558 Ego

268 2576 294 2598 in
303 2572 389 2601 Patre,
400 2576 424 2595 et
433 2581 455 2602 »‚
463 2575 513 2595 etc.

1080 2485 1093 2504 b
1105 2483 1264 2509 Desidet-atur
1276 2485 1302 2509 in
1312 2484 1358 2510 Gr.
1371 2483 1423 2508 haec
1435 2483 1574 2509 conclusio.

1080 2530 1091 2542 Ε
1103 2524 1178 2548 Deest
1193 2524 1218 2548 in
1230 2523 1275 2548 Gr.
1287 2529 1310 2548 et
1319 2525 1438 2548 unitatem
1446 2543 1453 2554 ,
1466 2528 1516 2549 etc.

1084 2570 1094 2581 ³
1107 2564 1166 2587 Haec
1186 2562 1260 2595 paulo
1279 2562 1351 2588 aliter
1364 2568 1390 2588 et
1404 2561 1537 2587 decurtata
1553 2569 1689 2589 cernuntur
1701 2565 1726 2589 iu
1743 2562 1805 2589 Edi-

301 2621 310 2631 -·
323 2612 363 2637 Sic
373 2616 397 2635 ct
409 2610 453 2635 Gr.
464 2608 506 2634 uhi
517 2613 606 2634 natura
614 2603 731 2638 supponit
744 2613 790 2637 pro
802 2612 906 2637 persona
915 2603 1024 2636 ejusdem
1051 2603 1117 2627 tione
1129 2602 1173 2626 Gr.

1897 2245 1904 2258 u
1896 2115 1904 2215 ,ιι-ιμ’
1901 2076 1904 2077 ,
