1890 2826
139 397 198 420 [uid.
209 407 229 421 v.
242 397 266 421 5.

291 182 392 227 52⁴

289 255 362 283 sciat
378 254 575 293 unusquisque
585 259 714 283 vestrum
728 263 782 284 vas
791 263 874 284 suum
883 256 1030 295 possidere

289 301 322 328 in
333 299 565 340 sanctificatione
588 305 617 328 et
637 300 756 336 honore,
777 301 878 329 nonin
893 303 1029 340 passione

290 346 436 375 desiderii.
450 346 544 385 Neque
556 345 608 375 hoc
620 353 758 375 contentus
771 345 834 380 fuit,
849 345 896 376 sed
906 345 1003 388 adjecit
1019 360 1026 376 :

292 392 544 430 Quemadmodum
551 398 580 421 et
586 392 707 432 reliquoe
714 398 813 432 gentes
823 402 887 431 quoe
894 393 1030 433 ignorant

292 439 396 467 Deum.
406 438 458 468 Hic
471 438 572 478 quippe
583 437 680 467 modus
691 438 821 468 sermonis
831 437 954 468 mordere
964 438 1030 469 solet
1044 446 1063 470 B

288 485 368 515 etiam
380 495 425 514 eos
434 484 481 523 qui
495 484 641 514 admodum
654 484 723 525 lapsi
732 491 804 514 sunt.
813 483 894 522 Quod
907 485 930 514 si
943 484 1031 515 Judaei

289 530 324 560 de
337 530 437 560 talibus
446 537 616 568 accusantur,
625 541 705 570 quam
716 541 764 560 nos
773 530 879 560 veniam
892 541 1032 570 conseque—

290 587 362 613 mur,
375 587 457 615 quam
471 576 660 612 defensionem,
675 576 723 615 qui
738 583 796 616 post
808 583 907 606 tantam
921 577 1032 616 gratiam

288 629 314 652 et
331 622 494 652 ineffabilem
511 623 651 658 honorem,
661 633 789 662 spemque
802 622 989 660 immortalem,
1005 622 1032 652 iu

288 679 478 709 parcm‚quam
490 669 543 706 illi,
552 669 703 699 decidimus
719 669 858 710 inopiam?
867 669 951 699 Multi
962 679 1032 699 nani-

287 725 340 753 que
350 714 407 755 jam
417 722 490 753 sunt,
505 716 554 755 qui
565 716 616 745 hoe
630 715 725 744 morbo
739 715 872 751 laborant,
886 715 935 754 qui
949 715 1031 745 vitam

164 771 210 798 Aug
199 778 278 807 qurum
288 771 364 790 suam
377 761 545 798 labefactant,
552 773 599 801 qui
611 772 747 802 augurum
761 762 875 791 insaniae
882 766 910 791 se
921 761 1034 799 dedunt,

136 833 163 852 Ι
165 833 190 854 l
187 832 219 853 b
210 837 247 854 ”int

153 871 196 891 niul
199 871 238 884 ore

136 895 205 924 Glry
197 899 264 916 ιο-ειο

137 926 175 946 mi.

214 809 278 854 '‘d‘'
289 807 430 845 Deumque
455 807 606 844 offendunt,
627 814 654 837 et
680 807 831 847 superfluos
852 807 960 838 dolores
979 786 1034 838 sibi

288 851 438 889 lucrantur,
445 860 525 892 atque
534 854 562 883 in
570 853 709 883 laboribus
717 864 769 894 pro
778 854 878 884 virtute
886 853 1034 894 suscipien-

287 897 330 927 dis
339 898 536 929 dissolvuntur.
540 901 597 930 Hoc
608 900 679 929 enim
689 900 799 930 omnino
805 907 883 929 curat
894 900 1031 937 diabolus,

287 952 317 975 ut
331 946 562 987 insipientioribus
575 947 696 985 suadeat,
711 958 764 977 non
786 958 866 990 penes
880 959 908 978 se
918 959 975 978 esse
987 955 1034 978 aut

287 991 417 1022 virtutem
424 993 678 1033 aut-improbitatem
686 994 860 1033 adire‚neque
869 1005 897 1023 se
910 994 1033 1024 libenate
1048 996 1066 1020 G

286 1038 401 1077 quadam
411 1039 516 1068 arbitrii
524 1040 669 1069 honoratos
676 1050 742 1077 esse,
749 1039 807 1070 baec
814 1039 870 1070 duo
876 1040 1032 1080 turpissima

287 1085 414 1124 perficere
425 1086 533 1123 volens,
555 1093 584 1116 ut
606 1086 711 1116 labores
719 1096 767 1126 pro
778 1086 880 1116 virtute
889 1087 1033 1127 suscipien-

286 1131 336 1161 dos
359 1132 457 1169 solvat,
472 1139 498 1162 et
515 1133 665 1162 maximum
687 1132 758 1162 illud
779 1132 910 1162 libertatis
930 1132 1032 1163 donum

287 1178 397 1208 auferat.
411 1179 470 1208 Hoc
481 1190 530 1219 per
540 1179 663 1219 auguria,
680 1179 731 1208 hoe
743 1190 791 1219 per
805 1179 904 1215 omina,
920 1180 972 1209 boe
985 1190 1033 1220 per

286 1224 501 1254 observationem
510 1225 681 1260 dierum,hoe
689 1236 736 1265 per
743 1236 859 1265 pravum
865 1225 913 1255 sati
922 1225 1032 1266 dogma,

286 1270 358 1299 hunc
366 1281 475 1310 gravem
485 1271 610 1301 morbum
620 1282 668 1311 per
676 1271 729 1300 alia
735 1271 821 1301 multa
828 1271 856 1300 in
864 1271 948 1301 vitam
959 1272 1035 1302 inve-

285 1316 337 1353 xit,
347 1317 449 1346 nullam
463 1317 499 1346 ad
507 1318 558 1347 hoe
568 1328 620 1347 non
634 1318 786 1347 machinam
798 1328 920 1347 movens.
929 1319 1032 1356 Quam·

284 1363 376 1392 obrem
399 1364 530 1404 propbeta
546 1364 717 1394 vehementer
741 1364 823 1394 instat
847 1364 982 1400 incusans,
1003 1371 1032 1394 ut

285 1410 411 1438 morbum
423 1409 552 1440 radicitus
559 1410 667 1439 evellat.
676 1411 717 1439 Et
720 1411 783 1451 filii
796 1410 880 1440 multi
891 1410 1030 1450 alienige-

285 1465 330 1484 nae
343 1458 406 1485 nati
417 1462 486 1486 sunt
498 1458 550 1486 eis.

323 1502 352 1531 7.
377 1502 453 1540 Quid
466 1509 516 1539 est,
527 1503 599 1532 Filii
619 1502 794 1543 alienigena!
803 1506 816 1531 Ρ
829 1504 887 1534 Lex
906 1503 962 1533 illis
975 1510 1031 1533 erat
1047 1516 1065 1539 ο

282 1546 349 1577 olim
369 1548 423 1577 lata
441 1555 551 1588 propter
570 1548 653 1577 animi
675 1548 858 1589 fragilitatem,
873 1556 899 1578 et
916 1555 1030 1578 mentem

282 1594 371 1624 fraudi
385 1602 576 1635 opportunam,
584 1602 614 1625 ut
627 1606 688 1625 cum
709 1596 785 1626 nullo
799 1595 967 1635 reliquorum
978 1596 1029 1625 ho-

283 1640 388 1670 minum
413 1640 569 1670 affinitatem
593 1642 791 1678 contraherent,
816 1652 849 1670 ne
872 1641 1029 1682 hujusmodi

281 1685 423 1715 affinitates
432 1686 577 1726 impietatis
592 1687 658 1727 ipsis
664 1687 767 1729 occasio
775 1694 869 1717 essent.
878 1687 950 1726 Quia
958 1688 1029 1718 enim

282 1742 334 1761 non
349 1732 430 1762 modo
443 1732 511 1762 alios
524 1733 657 1773 corrigere
674 1744 726 1762 non
741 1734 930 1774 poterant,sed
943 1744 1029 1773 neque

281 1778 471 1808 detrimentum
487 1779 521 1808 ab
540 1779 612 1816 aliis,
627 1780 791 1819 quicumque
803 1787 898 1816 essent,
910 1780 962 1810 sibi
976 1781 1028 1810 im-

281 1832 417 1865 portatum
435 1825 581 1866 depellere,
596 1826 654 1866 lege
667 1826 740 1867 ipsos
750 1826 865 1864 vallans,
881 1834 906 1856 et
918 1827 953 1856 ab
965 1827 1027 1856 affi-

281 1872 362 1901 nitate
374 1883 436 1901 cum
446 1872 507 1902 aliis
517 1872 663 1910 abducens,
674 1873 785 1902 seorsim
797 1873 859 1902 illos
869 1874 1028 1903 efformahat

280 1924 306 1946 et
323 1917 477 1947 instituebat
485 1931 491 1946 :
499 1918 618 1958 optabile
642 1918 714 1948 euim
740 1918 904 1957 difficileque
924 1926 981 1949 erat
998 1926 1028 1949 ut

281 1963 324 1992 vel
340 1963 380 1992 sic
396 1962 483 2000 ducti,
497 1970 604 2003 possent
627 1974 734 1993 servare
753 1963 928 2003 disciplinam
941 1976 956 1994 a
969 1966 1027 1995 Deo
1042 1972 1061 1995 Ε

281 2010 333 2039 sibi
354 2010 491 2039 traditam.
507 2010 561 2039 Sed
580 2010 807 2049 quemadmodum
822 2011 874 2039 alia
897 2019 1028 2052 praecepta

282 2056 438 2096 transgressi
457 2063 529 2093 sunt,
549 2056 588 2085 sic
601 2062 627 2085 et
640 2056 693 2085 hoc
706 2063 849 2092 contemto,
865 2058 1028 2088 transierunt

313 2167 324 2179 θ
345 2164 434 2187 Πενίαν.
451 2160 527 2185 Putat
537 2158 782 2193 Alienusfilegeudum
794 2169 846 2186 esse
862 2166 978 2197 πονηρίαν,
992 2171 1042 2188 non

282 2205 367 2226 πενίαν.
377 2200 411 2224 Et
420 2207 477 2224 vere
485 2203 593 2234 πονηρίαν
602 2201 705 2224 omuino
713 2199 964 2228 desiderarividetnr.
977 2203 1043 2227 Nam

282 2238 324 2263 liic
335 2239 372 2263 ait
379 2238 577 2272 chrysostomus
587 2251 591 2264 :
609 2238 687 2274 Quod
694 2241 717 2263 si
723 2239 812 2264 Judoei
820 2241 852 2265 de
864 2241 957 2266 talibus
966 2251 1043 2266 accu-

281 2284 380 2308 santur,
387 2286 465 2312 quam
471 2287 516 2302 nos
524 2280 625 2303 veniam
631 2288 817 2312 consequemur,
825 2289 901 2314 quam
910 2281 1043 2315 defensio-

281 2326 347 2345 nem.
361 2318 406 2351 qui
415 2323 473 2351 post
483 2323 580 2342 tantam
589 2319 698 2351 gratiam
711 2324 735 2342 ει
746 2319 905 2353 ineffibilem
915 2319 1041 2350 hommem,

281 2365 400 2390 spemque
422 2356 595 2388 immortalem,
609 2358 635 2381 in
643 2365 729 2389 parem
749 2366 826 2391 quam
849 2359 891 2383 illi
905 2359 1045 2384 declamans

282 2401 359 2423 πινίαν
370 2397 421 2420 sive
439 2395 568 2431 πονηρίανΫ
586 2376 615 2421 id
633 2402 671 2421 est
689 2397 810 2430 inopiam,
828 2403 873 2423 aut
891 2399 1041 2444 nequitiam.

283 2437 347 2461 Utra
362 2443 421 2460 vero
440 2434 516 2460 lectio
535 2436 614 2468 magis
631 2435 739 2468 quadret
748 2436 807 2462 hinc
824 2437 998 2470 perspicietur,
1018 2439 1039 2462 si

283 2474 446 2500 advertamus
463 2474 506 2499 hie
526 2474 574 2499 sibi
577 2455 655 2499 t’velle
673 2474 883 2508 Chrysostomum
897 2486 943 2502 nos
955 2478 980 2502 in
993 2485 1041 2510 pu-

283 2523 335 2538 rcm
345 2521 421 2547 atque
431 2513 512 2539 ,Iud-’ei
523 2519 616 2538 statum
629 2512 752 2539 decidere.
765 2515 827 2546 Quis
840 2524 899 2540 vero
912 2515 953 2540 ille
961 2522 1042 2541 status

282 2561 320 2578 ost
328 2553 340 2577 Ρ
350 2553 395 2578 lllc
406 2552 472 2578 nand
479 2553 555 2578 dubie
565 2554 590 2578 in
599 2562 673 2585 quem
686 2555 760 2586 supra
770 2554 835 2579 dixit
844 2554 1042 2589 Clirysostomus

281 2593 397 2627 delapsos
409 2593 509 2618 Judaeos
521 2601 571 2618 csse
588 2593 612 2617 in
626 2594 804 2625 cauponariam
826 2603 914 2627 nempe
926 2615 932 2625 ,
955 2595 1041 2620 avari-

624 192 653 215 S.
681 193 820 216 JoANMS
843 191 1026 219 CHRYSOST.
1054 195 1208 219 Auenti-21³.
1235 196 1503 221 CONSTAN'nNoP.

1080 259 1191 287 κτᾶσθαι
1211 259 1237 287 ἐν
1255 259 1380 298 ἁγιασμῷ
1403 259 1447 287 καὶ
1466 261 1547 298 τιμῇ,
1563 258 1601 297 μὴ
1616 259 1642 287 ἐν
1658 258 1735 287 πάθει
1757 260 1849 288 ἐπιθυ-

1081 302 1151 341 μίας.
1171 303 1224 333 Καὶ
1248 305 1296 332 οὐκ
1320 304 1436 344 ἠρκέσθη
1460 304 1544 344 τούτῳ
1554 326 1562 340 ,
1587 304 1655 333 ἀλλὰ
1679 304 1849 344 προστέθεικε

1079 347 1172 388 λέγων,
1187 349 1281 383 Καθὼς
1294 350 1339 380 καὶ
1353 350 1386 379 τὰ
1406 350 1487 379 λοιπὰ
1504 350 1564 386 ἔθνη
1587 350 1620 379 τὰ
1642 350 1679 389 μὴ
1703 349 1791 380 εἰδότα
1805 350 1850 380 τὸν

1080 393 1159 424 Θεόν.
1180 395 1307 425 Μάλιστα
1325 396 1376 436 γὰρ
1390 392 1463 429 οὗτος
1476 398 1490 425 ὁ
1503 397 1579 435 λόγος
1595 395 1697 425 δάκνειν
1711 395 1786 426 εἴωθε
1804 396 1850 425 καὶ

1080 439 1139 475 τοὺς
1158 441 1259 482 σφόδρα
1281 442 1510 476 ἀναπεπτωκότας.
1533 444 1566 471 Εἰ
1588 442 1615 472 δὲ
1629 442 1753 471 Ἰουδαῖοι
1766 445 1850 471 ταῦτα

1079 486 1267 526 ἓγκαλοῦνται,
1281 487 1350 522 τίνος
1372 488 1402 517 ἂν
1425 488 1550 528 τύχοιμεν
1572 488 1730 527 συγγνώμης
1751 490 1848 527 ἡμεῖς,

1080 532 1156 567 ποίας
1168 533 1325 573 ἀπολογίας,
1339 535 1363 563 οἱ
1378 534 1446 573 μετὰ
1464 534 1542 574 χάριν
1556 534 1697 569 τοσαύτην,
1709 533 1755 563 καὶ
1768 533 1850 572 τιμὴν

1083 577 1190 618 ἄφατον,
1205 579 1250 608 καὶ
1261 579 1307 612 τὰς
1321 579 1463 613 ἀθανάτους
1484 580 1604 614 ἐλπίδας,
1620 579 1685 620 πρὸς
1703 579 1752 615 τὴν
1767 578 1849 616 αὐτὴν

1082 622 1188 658 ἐκείνοις
1202 626 1411 659 καταπίπτοντες
1424 629 1434 642 ”
1443 626 1548 663 πενίαν;
1564 626 1616 656 Καὶ
1632 626 1684 666 γὰρ
1698 626 1791 655 πολλοὶ
1804 626 1849 655 καὶ

1083 672 1127 700 νῦν
1145 673 1197 701 εἰσι
1219 674 1257 712 τῷ
1280 673 1412 711 νοσήματι
1435 673 1594 713 κεχρημένοι
1618 673 1713 713 τούτῳ,
1738 673 1783 702 καὶ
1804 673 1848 702 τὸν

1083 716 1181 746 ἑαυτῶν
1193 718 1383 758 διαφθείροντες
1399 719 1463 758 βίον,
1478 718 1502 747 οἳ
1515 721 1547 759 τῇ
1566 720 1618 748 τῶν
1633 718 1767 758 κλῃδόνων
1782 720 1845 749 ἀλο-

1083 761 1128 802 γίᾳ
1139 763 1280 797 ὶκδιδόντες
1295 764 1411 801 ἑαυτοὺς,
1426 765 1494 804 μετὰ
1512 767 1558 794 τοῦ
1574 766 1611 804 τῷ
1625 766 1689 804 Θεῷ
1701 765 1849 805 προσκρού-

1083 818 1130 844 ειν,
1147 809 1270 849 περιττὰς
1283 813 1445 850 καρποῦνται
1455 811 1553 848 λύπας,
1569 810 1613 840 καὶ
1627 810 1692 851 πρὸς
1704 811 1766 844 τοὺς
1781 810 1848 850 ὑπὲρ

1083 854 1129 890 τῆς
1142 855 1246 896 ἄρετ’ῆς-
1255 857 1392 886 ἐκλύονται
1405 857 1509 890 πόνους.
1531 857 1583 887 Καὶ
1597 857 1648 897 γὰρ
1661 856 1822 886 ἐσπούδακεν
1835 859 1850 886 ὃ

1085 899 1201 935 διάὸολος
1219 901 1262 931 διὰ
1278 903 1384 932 πάντων
1403 902 1417 920 ¹²
1429 906 1505 933 τοῦτο
1526 908 1615 932 πεῖσαι
1629 902 1689 935 τοὺς
1711 903 1850 938 ἀνοητοτέ-

1085 956 1158 985 ρους,
1177 948 1218 977 ὅτι
1238 949 1286 978 οὒκ
1307 950 1349 978 ἐπ’
1365 951 1452 983 αὐτοῖς
1474 949 1507 978 τὰ
1526 951 1572 984 τῆς
1587 951 1682 989 ἀρετῆς
1699 949 1744 978 καὶ
1757 948 1791 980 ’.τὰ
1801 950 1850 984 τῆς

1084 993 1191 1029 κακίας,
1204 994 1262 1024 οὖδὲ
1275 995 1409 1035 ἐλευθερία
1422 995 1473 1024 τινὶ
1487 994 1663 1035 προαιρέσεώς
1674 996 1726 1024 εἰσι
1736 1006 1848 1034 τετιμη-

1085 1038 1169 1078 μένοι,
1184 1040 1229 1070 δύο
1243 1040 1270 1070 δὲ
1284 1044 1368 1070 ταῦτα
1384 1040 1418 1070 τὰ
1435 1042 1562 1081 αἴσχιστα
1578 1043 1744 1081 κατορθῶσαι
1758 1040 1848 1080 βουλό-

1085 1096 1159 1124 μενος
1167 1108 1176 1123 ,
1187 1086 1232 1116 καὶ
1245 1086 1304 1121 τοὺς
1318 1087 1384 1127 ὖπὲρ
1398 1089 1446 1123 τῆς
1459 1090 1553 1127 ἀρετῆς
1568 1088 1677 1117 ἐκλῦσαι
1687 1086 1791 1123 πόνους,
1803 1087 1849 1116 καὶ

1083 1131 1114 1161 τὸ
1132 1131 1251 1172 μέγιστον
1269 1135 1317 1168 τῆς
1337 1133 1484 1173 ἐλευθερίας
1498 1133 1640 1173 ἀφελέσθαι
1653 1133 1745 1173 δῶρον.
1760 1134 1848 1162 Τοῦτο

1085 1177 1127 1208 διὰ
1139 1178 1278 1219 κλῃδόνων,
1291 1182 1368 1209 τοῦτο
1387 1179 1430 1208 διὰ
1442 1179 1591 1218 συμὸόλων,
1605 1181 1683 1208 τοῦτο
1697 1178 1740 1207 διὰ
1758 1190 1849 1218 παρα-

1083 1224 1215 1266 τηρήσεως
1227 1227 1344 1265 ἡμερῶν,
1359 1228 1435 1255 τοῦτο
1447 1225 1490 1254 διὰ
1506 1228 1551 1256 τοῦ
1566 1227 1680 1265 πονηροῦ
1694 1226 1742 1260 τῆς
1756 1226 1850 1264 εἱμαρ-

1085 1269 1164 1310 μένης
1176 1270 1314 1311 δόγματος,
1327 1274 1404 1300 τοῦτο
1418 1272 1450 1300 δι’
1466 1271 1560 1310 ἑτέρων
1569 1272 1674 1300 πολλῶν
1688 1272 1725 1304 εἰς
1733 1270 1778 1300 τὸν
1792 1270 1847 1309 βίον

1084 1316 1206 1357 εἰσήγαγε
1224 1316 1254 1346 τὸ
1266 1317 1384 1357 χαλεπὸν
1397 1316 1501 1356 νόσημα
1510 1339 1518 1352 ,
1533 1316 1620 1346 πάντα
1639 1316 1693 1345 ἄνω
1714 1315 1759 1345 καὶ
1775 1315 1849 1345 κάτω

1083 1365 1174 1394 ποιῶν.
1189 1365 1230 1393 Δι’
1245 1363 1260 1393 ὃ
1273 1362 1304 1399 δὴ
1317 1362 1361 1392 καὶ
1374 1365 1388 1392 ὁ
1401 1362 1672 1403 προφήτηςζσφοδρῶς
1685 1362 1747 1398 ἔστη
1763 1374 1846 1397 κατη-

1083 1411 1175 1451 γορῶν,
1199 1408 1267 1439 ὥστε
1289 1408 1427 1449 πρόρριζον
1451 1409 1603 1438 ἀνασπάσαι
1627 1409 1658 1437 τὸ
1681 1408 1771 1442 πάθος.
1794 1407 1846 1438 Καὶ

1083 1455 1161 1487 τέκνα
1171 1454 1256 1486 πολλὰ
1267 1455 1402 1495 ἀλλόφυλα
1412 1455 1535 1495 ἐγεννήθη
1551 1456 1646 1488 αὐτοῖς.

1121 1502 1158 1533 Τί
1168 1498 1242 1539 ἐστί,
1256 1502 1345 1532 Τέκνα
1360 1502 1495 1542 ἀλλόφυλα
1503 1515 1511 1539 ;
1527 1501 1615 1541 Νόμος
1624 1497 1656 1539 ἦν
1671 1503 1759 1535 αὐτοῖς
1776 1502 1844 1531 ἅνω-

1083 1552 1124 1579 θεν
1145 1548 1259 1588 κείμενος
1272 1547 1315 1578 διὰ
1335 1547 1365 1577 τὸ
1379 1550 1445 1583 ετῆς
1465 1547 1573 1587 γνώμης
1591 1546 1733 1582 εὖόλισθον,
1756 1546 1800 1576 καὶ
1815 1546 1846 1576 τὸ

1082 1597 1129 1632 τῆς
1151 1594 1262 1628 διανοίας
1279 1593 1482 1631 εὖεξαπάτητον,
1504 1593 1596 1632 μηδενὶ
1615 1594 1667 1622 τῶν
1682 1594 1782 1622 λοιπῶν
1797 1594 1845 1622 ἀν-

1081 1641 1190 1683 θρώπων
1202 1639 1405 1680 ἐπιμίγνυσθαι,
1425 1639 1493 1669 ὥστε
1508 1639 1544 1678 μὴ
1559 1638 1681 1671 τοιαύτας
1695 1639 1845 1678 συγγενείας

1081 1687 1199 1722 ἀσεὸείας
1221 1686 1342 1717 ὑπόθεσιν
1363 1685 1491 1725 γενέσθαι.
1507 1684 1617 1721 Επειδὴ
1640 1684 1692 1725 γὰρ
1714 1686 1743 1714 οὐ
1766 1685 1844 1723 μόνον

1080 1733 1181 1774 ἑτέρους
1204 1733 1341 1772 διορθῶσαι
1364 1732 1411 1761 οὐκ
1435 1731 1535 1771 ἴσχυον,
1560 1732 1618 1760 ἀλλ’
1639 1730 1699 1760 οὐδὲ
1717 1730 1766 1766 τὴν
1779 1731 1843 1770 παρ’

1080 1780 1172 1820 ἑτέρων
1191 1774 1240 1809 οἶοί
1259 1790 1288 1808 τε
1305 1773 1373 1813 ἦσαν
1394 1777 1575 1817 διακρούεσθαι
1590 1776 1703 1816 βλάὸην,
1722 1776 1845 1817 τῷνόμῳ

1079 1826 1194 1867 τειχίσας
1206 1823 1313 1860 αὐτους,
1326 1823 1371 1853 καὶ
1384 1836 1432 1859 της
1445 1823 1509 1863 πρὸς
1520 1823 1579 1856 τους
1591 1822 1698 1856 λοιπους
1712 1822 1845 1862 ἐπιμιξίας

1080 1872 1172 1906 αὐτους
1190 1870 1360 1908 ἀποστήσας,
1382 1873 1440 1899 κατ’
1464 1869 1531 1899 ἰδίαν
1551 1869 1643 1904 αὐτους
1663 1869 1777 1899 ἔπλαττε
1798 1869 1844 1898 καὶ

1081 1918 1245 1960 ἐῤῥύθμιζεν·
1261 1915 1397 1957 ἀγαπητὸν
1417 1915 1468 1955 γὰρ
1482 1912 1514 1952 ἦν
1533 1915 1576 1944 καὶ
1598 1915 1680 1948 οὕτως
1701 1914 1844 1955 ἀγομένους

1081 1965 1217 2002 δυνηθῆναι
1230 1964 1388 2003 διατηρῆσαι
1406 1961 1453 1997 τὴν
1465 1961 1538 2001 παρὰ
1557 1964 1602 1990 τοῦ
1618 1963 1688 1991 Θεοῦ
1702 1961 1843 2000 δεδομένην

1079 2010 1210 2042 πολιτείαν
1223 2011 1319 2043 αὖτοῖς.
1332 2008 1401 2038 Ἀλλ’
1417 2007 1506 2047 ὥσπερ
1525 2007 1571 2041 τὰς
1588 2007 1669 2041 ἄλλας
1682 2006 1841 2047 παρέὸαινον

1080 2057 1182 2091 ἐντολὰς
1190 2079 1199 2094 ,
1209 2055 1278 2086 οὕτω
1290 2054 1322 2091 δὴ
1335 2054 1380 2084 καὶ
1391 2054 1488 2090 ταύτης
1502 2053 1682 2094 ὑπεριδόντες,
1694 2052 1842 2092 μετέὸησαν

1091 2163 1168 2192 tiam,
1186 2159 1333 2194 dogmatum
1357 2159 1544 2191 perversitatem
1555 2177 1561 2189 ‚
1583 2157 1738 2190 praestigias:
1753 2155 1843 2189 quibus

1091 2200 1221 2235 praemisds
1237 2207 1297 2224 sane
1310 2197 1407 2223 videtur
1419 2200 1515 2232 πονηρία
1528 2198 1606 2229 magis
1618 2195 1752 2229 quadrare,
1764 2204 1841 2228 quam

1091 2244 1162 2268 πενία.
1174 2239 1291 2264 Attamen
1300 2236 1478 2269 exemplarium
1487 2237 1598 2261 omnium
1611 2235 1761 2260 auctoritate
1768 2236 1842 2265 moti,

1093 2279 1317 2311 hanepon-remam
1326 2275 1461 2300 lectionem
1474 2276 1572 2308 sequuti
1583 2282 1677 2299 sumus.

1125 2319 1138 2338 b
1154 2316 1229 2343 Savil.
1241 2322 1268 2342 et
1278 2316 1339 2348 neg.
1351 2318 1387 2341 διὰ
1396 2319 1485 2341 πάντων
1497 2318 1563 2340 τοῦτο
1573 2321 1656 2345 πεῖσαι,
1669 2312 1756 2338 melius
1768 2321 1844 2346 quam

1091 2356 1178 2383 Morel.
1189 2361 1216 2381 et
1228 2356 1317 2381 navat.
1333 2353 1375 2386 qui
1389 2352 1465 2377 habet
1480 2356 1551 2379 τούτω
1554 2366 1564 2378 -1
1576 2359 1658 2380 πεῖσαι.
1676 2350 1746 2376 Infra
1766 2354 1803 2378 δύο
1819 2354 1843 2377 δὲ

1092 2392 1288 2422 ταῦτα.Δ11ειιιιε
1303 2390 1434 2435 legendum
1447 2394 1543 2423 putat
1533 2394 1570 2417 ούο
1584 2394 1611 2421 δὴ
1629 2394 1711 2417 ταῦτα.
1725 2389 1819 2415 Infra*
1807 2395 1844 2416 οιὰ

1092 2446 1136 2468 ,μμ
1137 2437 1214 2464 δόλων,
1226 2430 1252 2456 id
1265 2436 1311 2461 est,
1320 2439 1366 2464 per
1375 2431 1458 2454 omina
1470 2430 1553 2463 ;‹1uid
1564 2438 1624 2455 vero
1633 2431 1684 2454 sint
1695 2428 1737 2453 ἰΙΙιι
1746 2430 1840 2458 omina,

1090 2472 1201 2507 pluribus
1208 2470 1249 2497 ille
1258 2469 1378 2503 explicat*
1373 2478 1397 2494 ιιι
1406 2469 1536 2495 Catechesi
1543 2469 1651 2494 secunda
1659 2468 1692 2493 nd
1699 2467 1843 2493 illumiuan-

1090 2512 1145 2543 ἀοι,
1155 2513 1228 2537 Τοιιι.
1238 2511 1276 2542 11,
1289 2519 1314 2544 p
1326 2510 1385 2539 243,
1397 2510 1424 2533 B.
1436 2509 1486 2533 Ubi
1496 2514 1563 2533 totus
1572 2508 1640 2534 locus
1651 2517 1710 2534 cum
1721 2507 1770 2533 hoc
1780 2517 1840 2533 con-

1090 2550 1203 2578 serendus
1218 2555 1264 2575 est.

1122 2599 1132 2612 ο
1148 2591 1209 2622 Reg.
1219 2594 1244 2614 ct
1255 2587 1331 2614 savil.
1345 2594 1383 2616 τῆς
1395 2599 1499 2620 γνωςεως.
