1890 2826
749 196 785 220 IN
809 196 999 222 DANmLEM.

87 267 139 295 νοεῖ
157 264 210 294 τῶν
231 261 375 303 ἀνθρώπων
388 263 402 291 δ
414 260 496 299 Θεόςς
509 261 567 294 πῶς
585 259 633 290 οὸκ
653 260 691 293 εἰς
712 258 854 292 Ἰουδαίους

87 314 272 356 συγκέκλειστο
286 313 366 344 αὐτοῦ
380 315 397 350 ἡ
410 313 497 355 ἄρχή;
512 314 599 343 Τοῢτο
613 312 643 342 τὸ
654 311 773 341 ἐνύπνιον
785 306 852 340 εἶδον

85 368 138 408 ἐγὼ
149 370 164 397 ὁ
178 366 301 408 βασιλεὺς
320 365 553 407 Ναὸουχοδονόσορ
564 387 572 402 ,
592 364 637 395 καὶ
659 364 692 394 σὺ
710 363 855 403 Βαλτάσαρ

85 420 218 462 σύγκριμα
229 419 298 458 εἰπὲ,
311 418 353 449 ὅτι
365 419 461 453 πάντες
471 420 495 448 οἳ
509 418 584 459 σοφοὶ
597 419 644 454 τῆς
656 417 790 458 βασιλείας
803 427 853 456 μου

85 473 114 502 οὖ
136 472 259 502 δύνανται
278 473 307 502 τὸ
328 472 462 512 σύγκριμα
473 473 553 501 αὐτοῦ
568 469 686 507 δηλῶσαί
702 482 755 510 μοι.
769 468 809 499 Σὺ
825 468 852 500 δὲ

85 524 210 559 δύνασαι,
223 524 265 554 ὅτι
277 525 391 563 Πνεῦμα
402 525 472 554 Θεοῦ
485 523 559 563 ἅγιον
573 524 600 553 ἐν
613 522 664 553 σοί.
678 522 745 554 “Oet
755 522 853 555 πάντες

84 577 109 606 οἱ
123 576 198 617 σοφοὶ
210 578 259 612 τῆς
270 575 405 616 βασιλείας
419 587 469 615 μου
491 577 522 606 οὗ
537 575 669 605 δύνανται.
683 574 762 617 ’ᾙδει
774 577 852 604 τοῦτο

1579 186 1650 237 259

904 266 1026 289 sanctus
1044 261 1077 289 in
1091 265 1119 289 te
1144 260 1270 290 habitat.
1287 259 1366 299 Quia
1379 269 1478 291 omnes
1500 262 1649 301 sapientes

905 306 988 344 regni
1002 307 1060 335 mei
1073 316 1132 335 non
1152 312 1284 346 possunt.
1298 306 1417 343 Noverat
1430 305 1460 335 id
1473 306 1570 335 iterum
1581 307 1650 336 laeti-

906 352 943 382 tia
955 353 1114 383 assectarum
1128 355 1268 383 Danielem
1275 365 1284 393 ;
1300 363 1393 384 omnes
1413 353 1515 383 scilicet
1529 355 1652 387 confiteri

906 410 934 429 se
946 400 1033 430 victos
1045 400 1136 436 fuisse,
1149 398 1201 430 non
1220 407 1332 440 propter
1342 399 1456 440 gloriam
1463 409 1550 438 suam,
1562 400 1608 430 sed
1622 407 1650 430 ut

906 445 956 474 Dei
966 453 1082 486 potestas
1092 457 1186 476 rursus
1196 445 1397 487 praedicaretur.
1417 446 1460 475 Tu
1483 452 1592 483 autem,
1608 446 1651 476 in—

905 489 977 528 quit,
990 497 1081 529 potes,
1101 491 1160 520 die.
1173 491 1234 528 Qua
1253 490 1289 520 de
1309 490 1412 520 causa?
1438 491 1515 530 Quia
1526 490 1650 529 Spiritus

906 536 965 565 Dei
977 537 1008 565 in
1017 542 1046 566 te
1059 536 1193 568 est-Vide
1201 537 1264 568 hinc
1276 537 1355 566 illum
1366 536 1494 577 incipere,
1503 543 1530 567 et
1542 537 1582 567 ihi
1603 536 1650 567 de-

904 581 1001 612 sinere.
1023 581 1072 613 17.
1087 582 1199 621 Arbor,
1212 594 1300 624 quam
1315 583 1428 620 vidisti,
1445 583 1499 612 illa
1516 584 1651 624 magnifl-

83 629 163 659 πάλιν
178 629 314 669 εὖφραῖνσν
333 628 379 658 τὸν
392 628 508 665 Δανιὴλ,
520 629 551 658 τὸ
568 628 670 663 πάντας
689 628 852 667 ὁμολογῆσαι
867 630 887 656 C
905 636 974 659 cata
986 633 1222 667 creora-oboram,
1238 632 1322 671 cujus
1334 631 1461 660 altitudo
1467 632 1600 671 pervenit
1617 632 1650 660 in

82 683 221 718 ἡττῆσθαι,
236 681 266 710 οὗ
281 680 324 710 διὰ
341 680 389 717 ἰὴν
411 681 490 711 αὐτοῦ
505 679 597 718 δόξαν,
616 679 684 710 ἀλλὰ
703 679 746 709 διὰ
758 678 789 709 τὸ
802 678 850 715 τὴν

84 735 129 763 τοῦ
142 734 214 763 Θεοῦ
229 731 338 772 δύναμιν
349 732 524 773 κηρύττεσθαι
534 732 626 762 πάλιν.
639 731 678 762 Σὺ
689 731 715 761 δὲ
730 730 851 769 δύνασαι,

82 785 163 825 φησὶ,
180 785 248 814 εἰπέ.
267 784 320 815 Διὰ
331 785 370 822 τίς
384 776 450 815 ἑΌτι
462 783 567 825 πνεῦμα
584 786 655 815 Θεοῦ
667 785 694 814 ἐν
711 783 762 814 σοι’.
776 779 851 824 ’Ὅρα

81 839 198 868 ἐντεῦθεν
217 837 378 878 ἀρχόμενον,
398 838 444 868 καὶ
462 839 579 868 ἐντεῦθεν
600 837 726 874 λήξαντα.
740 836 781 868 Τὸ
794 836 850 867 δέν-

81 891 158 931 δρον,
171 890 186 920 δ
199 886 280 927 εἶδες,
302 890 334 920 τὸ
355 891 514 931 μεγαλυνθὲν
528 891 573 921 καὶ
595 891 626 921 τὸ
639 890 761 931 ἷσχυκὸς,
775 886 805 921 οὗ
818 891 849 921 τὸ

81 942 145 983 ὕψος
159 943 269 983 ἔφθασεν
280 945 319 977 εἰς
330 942 374 973 τὸν
386 944 508 984 οὐρανὸν,
523 943 568 973 καὶ
581 944 611 973 τὸ
622 943 699 977 κύτος
719 945 799 974 αὐτοῦ
813 945 849 977 εἷς

80 999 169 1024 πᾶσαν
183 996 232 1032 τὴν
244 997 309 1035 γῆν,
321 995 367 1025 καὶ
379 995 414 1025 τὰ
434 996 520 1036 φύλλα
541 998 621 1026 αὐτοῦ
641 997 738 1032 εὖθαλῆ
747 1018 755 1032 ,
770 996 815 1025 καὶ
835 997 850 1025 ὁ

80 1045 181 1087 καρπὸς
193 1046 272 1076 αὐτοῦ
285 1047 375 1084 πολὺς,
388 1047 434 1077 καὶ
446 1047 530 1089 τροφὴ
548 1053 631 1078 πᾶσιν
645 1049 671 1078 ἐν
684 1050 756 1088 αὐτῷ
766 1060 772 1067 ·
786 1049 850 1078 ὓπο-

80 1097 153 1128 κᾶτω
168 1100 247 1128 αὐτοῦ
264 1099 380 1140 κατῴκει
393 1100 427 1130 τὰ
444 1099 523 1140 θηρία
535 1099 569 1130 τὰ
583 1100 674 1140 ἄγρια,
694 1100 739 1130 καὶ
757 1101 784 1130 ἐν
797 1105 851 1134 τοῖς

80 1150 186 1184 κλάδοις
198 1153 277 1180 αὐτοῦ
296 1151 474 1188 κατεσκήνουν
494 1150 528 1182 τὰ
542 1151 650 1182 πετεινὰ
662 1154 707 1181 τοῦ
721 1153 850 1193 οὗρανοῦ,

81 1201 113 1232 σὺ
125 1197 164 1239 εἶ,
177 1204 302 1243 βασιλεῦ’,
315 1203 356 1233 ὅτι
368 1204 547 1244 ἐμεγαλύνθης
564 1205 610 1235 καὶ
630 1206 755 1245 ἴσχυσας,
768 1205 814 1235 καὶ
831 1207 848 1242 ἡ

81 1255 255 1295 μεγαλωσύνη
279 1268 326 1286 σου
349 1257 527 1296 ἐμεγαλύνθη,
548 1258 594 1288 καὶ
616 1257 727 1298 ἔφθασεν
748 1259 784 1292 εἷς
804 1257 849 1288 τὸν
865 1261 884 1284 D

80 1308 203 1348 οὐρανὸν,
214 1307 262 1337 καὶ
274 1311 292 1344 ἡ
305 1308 383 1349 κυρία
397 1319 443 1339 σου
457 1311 494 1343 εἷς
504 1309 539 1339 τὰ
549 1310 652 1350 πέρατα
665 1312 713 1346 τῆς
724 1311 782 1350 γῆς.
795 1310 849 1340 Καὶ

79 1358 120 1389 ὅτι
133 1354 199 1389 εἶδεν
211 1361 227 1390 ὁ
241 1359 363 1400 βασιλεὺς
376 1360 416 1401 εἲρ
424 1383 432 1397 ,
446 1361 491 1390 καὶ
511 1362 587 1401 ἅγιον
606 1361 800 1391 καταὸαίνοντα
818 1363 849 1391 ἐκ

79 1414 125 1440 τοῦ
139 1413 258 1451 οὗρανοῧ,
272 1412 317 1442 καὶ
331 1407 403 1442 εἶπεν
412 1425 419 1431 ·
431 1412 552 1443 ἐκτίλατε
565 1413 595 1443 τὸ
609 1413 722 1454 δένδρον,
735 1413 779 1443 καὶ
794 1415 849 1443 δια-

78 1456 200 1503 φθείρατε
215 1463 287 1502 αὐτὸ,
301 1464 371 1501 πλὴν
384 1464 434 1501 τὴν
445 1465 514 1506 φυὴν
526 1468 578 1495 τῶν
592 1467 668 1506 ῥιζῶν
681 1468 759 1496 αὐτοῦ
775 1468 802 1496 ἐν
814 1469 847 1507 τῇ

77 1515 112 1555 γῇ
122 1514 228 1554 ἐάσατε,
241 1516 286 1546 καὶ
300 1518 326 1546 ἐν
347 1517 436 1558 δεσμῷ
459 1518 559 1558 σιδηρῷ
581 1518 626 1547 καὶ
639 1520 749 1560 χαλκῷ,
763 1519 809 1549 καὶ
821 1517 848 1549 ἓν

77 1567 145 1607 χλόῃ
155 1560 192 1608 :effi
205 1568 254 1603 ἔξω
260 1592 270 1606 ,
284 1569 329 1599 καὶ
340 1570 368 1599 ἓν
380 1571 414 1609 τῇ
435 1570 520 1610 δρόσῳ
534 1573 580 1600 τοῦ
594 1572 702 1611 οὐρανοῦ
719 1572 847 1608 αὖλισθή-

78 1630 169 1655 σεται,
190 1620 235 1650 καὶ
248 1621 317 1660 μετὰ
339 1620 435 1661 θηρίων
450 1622 547 1662 ἀγρίων
559 1625 576 1658 ἡ
592 1623 666 1663 μερὶς
688 1625 768 1654 αὐτοῦ
777 1647 786 1662 ,
800 1624 891 1668 ἕως225

77 1672 144 1702 ἑπτὰ
154 1672 240 1713 καιροὶ
253 1673 402 1713 ἀλλαγῶσιν
416 1675 458 1704 ἐπ’
477 1674 570 1704 αὐτόν·
589 1678 668 1705 τοῦτο
679 1678 697 1712 ἡ
713 1676 849 1717 σύγκρισις
862 1677 883 1700 Α

77 1724 168 1761 αὐτοῦ,
183 1725 302 1763 βασιλεῦ,
315 1724 364 1754 καὶ·
376 1724 510 1765 σύγκριμα
522 1726 649 1766 Ὑψίστου
661 1727 732 1757 ἐστὶν
742 1728 757 1757 ὃ
769 1729 846 1769 ἔφθα·

77 1787 122 1805 σεν
135 1776 179 1805 ἐπὶ
192 1776 236 1806 τὸν
250 1776 340 1817 κύριόν
361 1789 411 1817 μου
426 1777 470 1807 τὸν
486 1778 598 1818 βασιλέα
608 1791 615 1798 ·
629 1779 675 1809 καί
699 1792 728 1810 σε
751 1780 846 1811 ἐκδιώ-

78 1827 163 1862 ξουσιν
182 1827 234 1858 ἀπὸ
247 1830 300 1858 τῶν
314 1829 468 1870 ἀνθρώπων,
483 1830 529 1861 καὶ
541 1831 610 1871 μετὰ
624 1832 721 1873 θηρίων
741 1833 818 1863 ἔσται
828 1837 845 1870 ἡ

76 1880 198 1910 κατοικία
218 1892 280 1917 σου,
293 1881 339 1911 καὶ
355 1882 450 1923 χόρτον
464 1885 501 1917 ὡς
515 1886 578 1924 βοῦν
593 1885 727 1925 ψωμιοῦσί
741 1897 787 1924 σε,
801 1886 846 1916 καὶ

76 1933 129 1963 ἀπὸ
140 1935 187 1969 τῆς
201 1933 292 1974 δρόσου
304 1936 350 1964 τοῦ
363 1936 472 1975 οὐρανοῦ
487 1937 635 1977 βαφήσεται
646 1938 676 1979 τὸ
691 1938 769 1978 σῶμά
783 1951 829 1969 σου
837 1961 846 1976 ,

77 1986 123 2016 καὶ
132 1986 200 2016 ἑπτὰ
214 1986 300 2027 καιροὶ
315 1983 511 2027 ἀλλαγήσονται
528 1989 573 2018 ἐπὶ
595 1989 637 2019 σοὶ
644 2013 655 2027 ,
673 1989 723 2024 ἕως
735 1986 765 2023 οὗ
778 1994 846 2032 γνῷς

78 2038 120 2066 ὅτι
130 2037 244 2077 κυριεύει
256 2041 271 2068 ὁ
283 2037 414 2078 ’Ύψιστος
424 2042 472 2076 τῆς
481 2041 616 2080 βασιλείας
625 2044 678 2071 τῶν
691 2042 845 2083 ἀνθρώπων,

79 2089 124 2118 καὶ
137 2086 159 2130 ᾧ
172 2089 216 2120 ἐὰν
229 2089 289 2130 δόξῃ
304 2091 383 2121 δώσει
396 2092 487 2128 αὐτήν.
509 2094 563 2123 Καὶ
580 2092 621 2123 ὅτι
642 2091 713 2125 εἶπεν
722 2107 729 2114 ·
750 2096 845 2126 ἐάσατε

79 2141 128 2178 τὴν
140 2142 207 2182 φυὴν
217 2145 270 2173 τῶν
285 2146 362 2184 ῥιζῶν
375 2149 421 2175 τοῦ
436 2146 540 2187 δένδρου
550 2159 557 2165 ·
571 2150 588 2184 ἡ
608 2149 729 2188 βασιλεία
743 2161 789 2179 σου
805 2150 846 2179 σοὶ

83 2198 163 2232 μενεῖ,
174 2197 217 2234 ἀφ’
233 2191 266 2230 ἧς
283 2195 315 2224 ἂν
325 2199 394 2237 γνῷς
407 2198 456 2234 τὴν
471 2199 589 2233 ἐξουσίαν
601 2200 650 2236 τὴν
666 2201 795 2241 οὐράνιον.
811 2203 847 2232 Τί

80 2241 125 2275 οὖν
139 2257 216 2286 φησις
231 2250 287 2281 πῶς
301 2249 375 2278 ἔσται
388 2252 405 2286 ἡ
419 2250 493 2285 λύσις
512 2254 558 2282 τοῦ
573 2253 671 2292 δεινοῧς
685 2248 736 2284 Διὰ
757 2258 846 2292 τοῦτο,

83 2298 203 2336 βασιλεῦ,
216 2301 251 2335 ’ἡ
267 2300 348 2339 βουλή
363 2313 412 2340 μου
427 2304 547 2342 apsentem
561 2317 617 2344 σοι,
633 2307 677 2336 καὶ
697 2308 744 2341 τὰς
758 2310 846 2349 ἁμαρ-

81 2349 137 2384 τίας
151 2362 197 2380 σου
212 2354 238 2380 ἐν
253 2353 440 2391 ἐλεημοσύναις
450 2356 582 2397 λύτρωσαι
590 2381 598 2397 ,
619 2360 664 2389 καὶ
678 2361 723 2394 τὰς
744 2362 846 2396 ἀδικίας

113 2450 124 2463 ·
142 2442 160 2472 ii
167 2449 238 2479 βουλή
251 2457 296 2479 μου
308 2451 411 2482 &paam
428 2460 469 2477 σοι.
482 2450 602 2477 Memoria
614 2451 707 2478 labitur
724 2460 808 2480 noster
822 2458 834 2482 ὁ

83 2485 182 2516 θεοφιλὴς
194 2488 231 2510 καὶ
243 2488 344 2518 θεολόγος
356 2486 466 2512 Humilia
478 2487 504 2513 in
513 2489 639 2516 Psalmum
657 2493 699 2523 95,
720 2492 763 2518 ubi
780 2493 833 2520 haec

80 2527 208 2556 tamquam
218 2523 251 2549 ad
263 2524 414 2551 Bahasnrem
429 2526 498 2553 dicta
509 2528 614 2561 profert.
629 2530 746 2557 Eri-orem
757 2533 834 2559 Joau-

78 2561 116 2586 nis
128 2560 301 2596 Chrysostomi
309 2570 428 2598 sequutus
438 2572 476 2591 est
486 2567 596 2594 Joannes
604 2569 733 2603 Jejunator
743 2573 834 2598 Homi-

76 2598 110 2624 lia
125 2600 155 2626 de
167 2602 322 2635 poenitentia,
339 2605 493 2630 continentia
511 2611 535 2631 et
555 2607 703 2642 *irginitnte7
724 2619 769 2637 nec
782 2620 834 2640 non

904 673 1019 710 catum,
1038 681 1067 705 et
1082 674 1173 704 moles
1191 676 1254 715 ejus
1275 676 1307 704 in
1329 676 1498 711 universam
1519 681 1626 705 terram
1637 682 1650 703 e

903 719 956 750 18.
969 727 999 750 et
1003 720 1088 761 folia
1101 722 1165 761 ejus
1164 721 1323 763 flor-entia,
1336 722 1492 762 etsructus
1505 722 1567 761 ejus
1579 721 1652 751 mul-

904 771 960 804 tus,
971 773 1000 796 et
1007 777 1075 796 esca
1086 769 1221 797 omnibus
1233 769 1265 797 in
1279 778 1316 797 ea
1328 780 1336 796 :
1347 769 1447 797 subter
1457 777 1522 797 eam
1533 768 1650 797 habita-

903 812 975 842 bant
989 814 1086 842 bestioe
1099 820 1236 854 agrestes,
1250 820 1278 842 et
1288 816 1320 842 in
1329 815 1421 843 ramis
1434 814 1498 854 ejus
1506 812 1651 854 degebant

901 858 1037 889 volucres
1050 860 1125 895 eceli,
1147 861 1197 890 ¹19.
1210 867 1241 890 tu
1251 869 1290 896 es,
1307 871 1324 890 o
1349 870 1402 889 rex
1407 873 1420 896 ,·
1434 861 1506 899 quia
1517 860 1651 900 magnifi-

902 910 985 934 cacus
991 915 1021 934 es
1030 911 1058 935 et
1071 906 1236 943 invaluisti,
1248 912 1276 935 et
1285 906 1456 946 magnitudo
1467 913 1519 935 lua
1533 907 1650 946 magni-

896 949 990 988 ficata
1000 957 1053 987 est,
1068 957 1096 980 et
1108 953 1241 991 pervenit
1254 953 1384 991 usquein
1391 951 1508 989 coelum,
1517 959 1546 981 et
1554 952 1649 981 domi-

903 998 983 1025 natio
993 1003 1044 1026 tua
1058 999 1090 1027 in
1102 1000 1240 1027 terminos
1258 1004 1352 1027 terrae.
1368 999 1417 1027 90.
1429 999 1469 1027 Et
1477 998 1559 1038 quod
1569 998 1648 1028 vidit

902 1051 954 1070 rex
963 1044 1006 1079 Ir,
1016 1049 1044 1072 et
1056 1050 1191 1073 sanctum
1203 1044 1427 1073 descendentem
1434 1045 1546 1082 ecaeto;
1560 1051 1590 1075 et
1603 1045 1650 1074 di-

902 1090 947 1117 xit
954 1100 962 1116 .·
972 1089 1001 1117 Ε
1004 1090 1102 1119 vellite
1111 1091 1243 1119 arborem
1247 1092 1383 1127 ‚ereverti
1385 1097 1412 1119 te
1420 1091 1505 1120 illam
1514 1101 1523 1118 .-
1534 1101 1649 1121 verum-

903 1141 1001 1164 tamen
1013 1147 1130 1176 germen
1141 1138 1275 1168 radicum
1290 1139 1352 1177 ejus
1365 1138 1398 1166 in
1410 1135 1487 1167 terra
1505 1139 1603 1176 sinite,
1619 1145 1650 1169 et

901 1184 933 1212 in
947 1183 1070 1213 vinculo
1083 1184 1188 1224 ser-reo
1210 1190 1239 1212 et
1265 1193 1350 1220 oereo,
1371 1190 1400 1213 et
1422 1185 1455 1212 in
1467 1185 1558 1214 herba
1583 1195 1650 1225 quae

891 1231 974 1271 soris
991 1236 1052 1266 ⁷est,
1083 1235 1113 1259 et
1143 1231 1174 1258 in
1205 1239 1269 1259 rore
1281 1230 1347 1260 oaeli
1371 1230 1571 1260 stabulabitur
1581 1255 1591 1268 ,
1619 1237 1649 1261 et

900 1286 967 1305 cum
979 1277 1077 1305 bestiis
1092 1277 1254 1315 agrestibus
1263 1285 1332 1315 pars
1341 1277 1416 1315 ejus,
1431 1276 1524 1307 donec
1540 1284 1648 1317 septem

901 1328 1031 1362 tempora
1047 1327 1197 1351 mutentur
1208 1332 1294 1362 super
1308 1332 1372 1351 eum
1382 1332 1392 1350 .·
1402 1324 1437 1352 91
1445 1345 1453 1352 .
1463 1323 1518 1352 hoc
1526 1329 1570 1352 est
1581 1333 1649 1353 eon-

894 1370 1012 1409 jectura
1024 1369 1096 1407 ejus,
1116 1378 1133 1397 o
1147 1378 1210 1406 rex,
1225 1374 1253 1397 et
1266 1370 1412 1398 sententia
1423 1364 1575 1399 Altissimi
1592 1377 1647 1407 est,

900 1423 965 1452 quae
985 1413 1117 1452 pervenit
1139 1422 1224 1451 super
1238 1412 1389 1441 dominum
1415 1423 1508 1442 meum
1531 1424 1644 1454 regem.-

900 1459 951 1487 22.
960 1464 1022 1487 ente
1030 1458 1177 1498 expellent
1188 1459 1225 1486 ab
1238 1458 1417 1501 hominibus,
1430 1464 1461 1487 et
1472 1469 1536 1489 cum
1547 1461 1647 1489 bestiis

900 1506 955 1533 erit
963 1504 1106 1533 habitatio
1117 1510 1170 1534 tua
1178 1517 1190 1539 ;
1205 1510 1234 1533 et
1231 1504 1322 1544 foeno
1328 1510 1360 1533 ut
1368 1502 1470 1534 bovem
1477 1512 1598 1544 pascent
1607 1512 1646 1544 te,

900 1558 930 1580 et
943 1562 961 1581 a
974 1562 1038 1581 rore
1047 1552 1114 1581 coeli
1135 1554 1263 1592 tingetur
1275 1562 1377 1592 corpus
1392 1559 1483 1588 tuum,
1497 1559 1526 1583 et
1538 1556 1648 1594 septem

902 1605 1030 1639 tempora
1039 1600 1231 1628 mutabuntur
1237 1608 1323 1638 super
1333 1606 1372 1634 te,
1382 1599 1474 1629 donec
1480 1603 1558 1630 scias
1565 1602 1650 1641 >quod

901 1645 1071 1674 dominatur
1084 1644 1259 1673 Altissimus
1271 1646 1303 1674 in
1314 1655 1435 1685 regnum
1445 1646 1608 1684 hominum,
1618 1653 1647 1677 et

901 1693 948 1721 cui
957 1692 1054 1720 visum
1056 1691 1155 1730 fuerit
1167 1691 1250 1719 dabit
1258 1690 1346 1719 illud.
1355 1692 1406 1720 25.
1417 1692 1459 1720 Et
1467 1693 1539 1731 quia
1548 1693 1623 1732 dizit
1635 1703 1643 1720 ε

899 1736 990 1766 Sinite
999 1746 1117 1776 germen
1130 1736 1263 1765 radicum
1277 1738 1391 1766 arboris
1405 1749 1413 1765 .-
1429 1747 1550 1777 regnum
1561 1745 1644 1768 tuum

900 1783 956 1811 tibi
974 1782 1114 1819 manebit,
1142 1791 1179 1810 ex
1208 1792 1266 1821 quo
1286 1784 1455 1822 cognoveris
1474 1791 1647 1823 potestatem

899 1829 1056 1858 caelestem.
1067 1827 1142 1866 Quid
1150 1827 1234 1868 igitur
1247 1828 1284 1857 ait
1297 1827 1311 1857 ἱ)
1331 1839 1385 1867 quo
1398 1836 1476 1869 pacto
1487 1830 1646 1862 calamitatis

898 1874 997 1904 solutio
1003 1874 1157 1913 continget?
1164 1876 1213 1903 24.
1222 1874 1347 1914 Propter
1353 1875 1417 1911 hoc,
1425 1885 1485 1911 rex,
1490 1878 1646 1907 consilium

899 1920 1190 1960 meumplaeeattib1}
1205 1926 1232 1949 et
1236 1926 1358 1959 peccata
1372 1927 1423 1950 tua
1431 1922 1463 1950 in
1480 1922 1645 1961 eleemosy-

899 1966 946 1993 nis
960 1965 1079 2001 redime,
1089 1970 1117 1993 et
1124 1965 1293 2005 iniquitates
1300 1970 1366 1993 tuas
1371 1965 1404 1993 in
1411 1967 1645 1999 miserationibus

896 2019 1066 2048 pauperum.
1079 2010 1220 2038 Forsitan
1233 2010 1288 2038 erit
1310 2008 1519 2049 longanimitas
1528 2011 1645 2042 delictis

900 2054 968 2082 tuis.
981 2052 1057 2090 Quid
1067 2052 1117 2091 ais,
1131 2054 1271 2083 Forsitan
1289 2054 1367 2083 erit?
1388 2060 1413 2083 et
1427 2053 1567 2084 medicinae
1588 2055 1646 2086 vim

898 2099 950 2128 sub
969 2098 1085 2128 dubium
1098 2097 1236 2137 quoddam
1250 2098 1410 2128 constituis?
1423 2100 1484 2129 Non
1501 2107 1645 2141 propterea

898 2143 969 2181 dixi,
984 2144 1134 2180 Forsitan,
1156 2153 1241 2183 neque
1255 2141 1383 2173 dubitans
1393 2166 1401 2181 ,
1424 2143 1511 2181 absit,
1533 2144 1581 2174 sed
1602 2145 1645 2174 illi

899 2194 1000 2216 metum
1010 2187 1128 2217 incutere
1142 2187 1250 2226 volens,
1269 2198 1300 2217 ac
1313 2187 1335 2217 si
1347 2198 1430 2229 supra
1436 2198 1542 2218 omnem
1554 2189 1645 2219 mede-

900 2230 954 2260 lam
975 2238 1001 2261 et
1025 2241 1132 2262 omnem
1160 2231 1266 2262 veniam
1280 2239 1425 2271 peccasset.
1437 2233 1507 2261 Nam
1520 2232 1542 2262 si
1564 2234 1644 2263 etiam

900 2281 1041 2314 postquam
1059 2276 1110 2305 hoc
1128 2275 1170 2304 illi
1186 2275 1290 2305 dictum
1308 2276 1370 2314 fuit,
1396 2277 1423 2306 in
1441 2276 1542 2306 insania
1555 2284 1643 2308 tamen

901 2319 1046 2359 permansit
1067 2330 1074 2347 z
1099 2320 1185 2349 multo
1199 2320 1283 2359 magis
1307 2320 1330 2349 si
1354 2320 1455 2360 absque
1470 2321 1645 2361 ambiguitate

901 2375 987 2394 sermo
996 2364 1098 2396 fuisset.
1113 2365 1221 2395 Etenim
1235 2365 1262 2394 id
1275 2375 1382 2405 quoque
1396 2366 1463 2395 alibi
1475 2366 1535 2396 vult
1557 2368 1643 2404 Deus,

882 2456 983 2482 Gabriel
996 2456 1175 2490 Philadelphiae
1188 2457 1349 2490 metropolita
1362 2456 1406 2481 lib.
1421 2458 1435 2481 5
1449 2456 1480 2482 de
1493 2457 1643 2483 Sacramen-

883 2496 923 2523 ῑίε.
935 2497 998 2522 Ante
1006 2505 1093 2522 omncs
1103 2496 1170 2521 idem
1180 2497 1316 2529 scripserat
1327 2497 1444 2529 Origenes
1457 2497 1481 2520 in
1494 2495 1584 2521 Mutth.
1599 2498 1642 2530 26,

883 2535 907 2567 6,
918 2541 966 2560 etc.
979 2535 991 2549 *
998 2535 1137 2560 Homil'nm
1146 2535 1218 2559 illam
1226 2536 1252 2559 in
1260 2535 1393 2559 Psalmum
1403 2535 1435 2559 95
1442 2543 1492 2559 non
1500 2544 1552 2560 esse
1560 2534 1643 2569 Chry-

883 2576 985 2601 sostomi
998 2574 1108 2601 diximus
1121 2577 1146 2600 1'n
1153 2574 1256 2599 Monito
1265 2573 1301 2598 acl
1311 2573 1430 2598 eumdem.
