1904 2840
88 1006 167 1031 Jndic.
180 1005 216 1028 16.

236 212 308 258 648
536 196 538 198 ‚
826 216 919 242 ,orus
944 213 1183 242 IMPERFECTUM

232 296 299 326 puer
310 284 391 314 fuerit
400 306 408 321 ,
421 283 490 313 sicut
501 281 598 312 Daniel
617 287 784 312 numeratur.
800 281 837 311 Et
848 280 897 320 qui
907 290 972 320 pro-

231 325 303 355 cedit
319 323 355 353 ad
375 323 479 353 bellum
501 328 593 352 contra
613 321 793 360 alienigenas:
807 320 836 350 id
849 326 888 350 est
899 342 907 356 ,
942 319 973 349 ui>

232 370 318 405 potest
330 373 450 403 pugnare
463 368 554 392 contra
568 360 723 390 immundos
741 360 869 400 spiritus,
883 366 911 389 et
940 370 971 388 e-

233 403 394 433 sideriorum
408 401 556 432 carnalium
572 399 711 430 destruere
729 406 826 436 castra,
841 399 888 428 ille
907 405 972 428 tan-

233 442 372 473 tummodo
379 440 602 471 numeratur.Sed
609 451 658 470 nec
664 449 756 469 omnes
762 439 810 479 qui
815 439 914 468 habent
919 438 972 468 virh
990 437 995 441 χ

233 489 317 513 tutem
329 481 497 522 spiritualem
506 503 514 517 ,
529 480 629 509 habent
645 478 818 509 Israeliticam
830 478 969 509 virtutem.

234 523 303 552 Nam
316 529 342 551 et
354 521 465 561 gentiles
474 520 574 550 habent
583 520 710 550 virtutem
722 518 828 554 animae,
840 527 972 558 gramma-

234 562 314 591 ticam
323 583 331 597 ,
357 560 518 590 rhetoricam
541 566 567 589 et
592 558 808 599 philosophicam
821 570 829 588 ε
845 556 893 587 sed
918 567 970 586 nou

234 600 379 631 Israelitica
391 600 478 630 virtus
488 605 545 636 est,
577 609 618 628 uae
635 608 688 628 non
699 598 730 627 fit
741 604 850 642 propter
863 598 951 627 Deum
962 618 970 633 ‚

234 640 282 670 sed
301 646 410 680 propter
427 639 527 669 bonam
548 649 565 679 g
576 637 867 675 oriam51srae'liticum
882 643 971 665 autem

233 680 335 709 bonum
347 686 397 715 est,
412 680 489 719 cujus
503 688 578 707 mens
589 679 677 707 Deum
689 676 773 713 videt,
788 677 857 706 sieut
867 682 974 715 aposto-

234 719 333 755 lorum,
345 719 445 758 quihus
456 718 543 747 dixit:
554 718 650 746 Vestri
660 723 758 746 autem
771 723 799 745 et
808 716 908 755 capilli
922 725 973 744 ca-

232 760 299 798 pitis
313 760 459 788 numerati
474 763 543 787 sunt
560 767 669 787 omnes.
688 755 872 796 Spiritualitcr
883 761 972 784 autem

234 798 326 839 capilli
349 804 412 827 sunt
437 796 551 827 subtiles
573 796 668 826 animm
678 817 686 832 ,
711 803 737 825 et
763 794 973 824 innumerabiles

234 849 326 868 sensus
338 844 506 873 sanctorum,
519 835 612 874 quide
623 836 720 881 spiritu
733 835 834 865 Christi
848 833 925 873 quasi
938 833 973 862 de

235 878 320 918 capite
331 877 452 917 ipsorum
483 875 604 906 redeunt.
619 875 649 905 Si
660 882 748 904 autem
757 875 847 914 justus
861 873 974 917 tradidit

234 927 262 946 se
273 918 301 946 in
315 923 443 956 potestate
459 887 630 950 dilectionis,
653 913 762 944 dilectio
781 914 831 943 illa
871 912 974 942 raecidit

235 956 347 996 capillos
367 956 468 995 ipsius,
484 961 511 984 et
529 954 600 984 tollit
616 954 743 984 virtutem
756 964 838 993 quam
871 953 932 982 abet
946 952 973 982 in

235 996 331 1036 capite,
345 995 413 1024 sicut
424 994 522 1024 Dalida
541 993 688 1024 samsonis.
708 994 777 1023 Nam
789 993 876 1023 omnis
888 992 975 1021 virtus

235 1046 327 1065 eorum
338 1045 391 1064 non
403 1034 430 1064 in
442 1043 562 1074 corpore,
571 1042 622 1063 nee
640 1033 667 1062 in
682 1033 800 1070 divitiis,
816 1031 902 1062 sedin
914 1032 974 1076 vir·-

234 1075 337 1104 tutibus
350 1074 537 1114 spiritualibus
556 1080 596 1102 est
614 1073 711 1113 posita.
731 1073 767 1103 Et
787 1072 862 1102 nulla
881 1081 923 1101 res
937 1081 976 1100 sic

235 1114 357 1153 praecidit
370 1114 497 1143 virtutem
509 1113 669 1152 capillorum
684 1123 811 1149 suorum,
825 1112 894 1141 sicut
913 1121 976 1140 cor-

236 1153 336 1192 poralis
349 1153 484 1192 voluptas.
500 1153 529 1182 Si
543 1162 606 1191 ergo
652 1151 735 1181 rdidjt
748 1152 876 1182 virtutem
889 1150 973 1190 capil-

237 1193 326 1222 lorum
339 1202 461 1227 suorum,
473 1163 676 1235 apprehendiim
690 1202 751 1221 eum
770 1191 936 1230 alienigenae,
946 1189 975 1220 id

237 1239 287 1267 cst,
307 1230 439 1260 immundi
453 1231 574 1270 spiritus,
589 1237 615 1259 et
625 1231 775 1270 alligabunt
787 1241 849 1260 cum
860 1229 977 1260 vinculis

237 1270 406 1300 diversorum
426 1269 637 1304 desideriorum,
650 1277 676 1299 et
697 1270 867 1299 excaecabunt
884 1269 977 1298 oculos

239 1309 327 1339 cordis
339 1310 407 1349 ejus,
421 1315 451 1338 ut
462 1318 514 1338 non
525 1309 615 1338 videat
625 1308 727 1345 lumen,
739 1308 768 1337 id
778 1315 831 1345 cst,
841 1308 915 1338 viam
929 1318 976 1337 ve-

178 1362 229 1378 cxn
240 1349 336 1384 ritatis,
351 1355 381 1377 ut
390 1358 511 1387 egressus
525 1357 586 1377 suos
600 1348 735 1384 extendat,
751 1354 781 1376 ut
794 1347 937 1386 impleatur
950 1347 977 1375 in

92 1391 157 1413 Psnl.
174 1391 213 1414 68.

90 1429 129 1452 29.
143 1421 183 1444 32.

239 1388 288 1417 illo
301 1387 374 1426 quod
393 1387 522 1427 scriptum
539 1392 596 1416 est:
612 1387 775 1416 Deleantur
793 1387 830 1415 de
845 1386 919 1414 libro
933 1387 978 1415 vi-

242 1429 410 1463 ventium‚et
418 1436 483 1455 cum
483 1428 572 1466 justis
578 1427 859 1455 nonscribanturfifil
865 1448 870 1453 .
876 1426 978 1455 Omnis

240 1477 306 1507 ergo
318 1468 368 1505 qui
379 1477 425 1495 me
433 1466 683 1508 consessusfuerit
691 1476 791 1494 coram
801 1466 976 1502 hominibus,

239 1512 268 1535 et
279 1516 331 1545 ego
341 1506 499 1546 confitebor·
504 1516 568 1534 eumz
578 1515 676 1534 comm
684 1505 774 1535 Patre
783 1515 855 1534 meo.
865 1506 915 1535 55.
922 1504 980 1542 Qui

239 1551 337 1575 autem
351 1547 496 1585 negaverit
510 1555 554 1573 me
575 1554 673 1573 coram
689 1545 871 1579 hominIbus,
887 1550 916 1573 et
927 1553 979 1583 ego

241 1585 350 1624 negabo
363 1595 428 1614 eum
439 1594 536 1613 coram
549 1584 639 1612 Patre
650 1594 722 1613 meo.
737 1584 773 1613 Et
785 1583 910 1622 quoniam
922 1593 988 1612 rein

240 1624 452 1664 impossibilem,
479 1629 610 1662 quantum
632 1622 667 1652 ad
689 1629 812 1652 naturam
826 1622 959 1653 carnalem
970 1644 978 1659 ,

240 1663 411 1693 mandaverat
426 1675 434 1692 τ
450 1673 521 1692 nune
542 1669 567 1692 et
592 1673 695 1702 poenam
719 1662 845 1703 proponit
862 1669 889 1691 ct
931 1673 981 1691 1·ae-

241 1703 341 1737 mium,
355 1709 385 1731 ut
407 1703 487 1732 modo
511 1702 607 1731 timore
627 1713 731 1742 poenae,
747 1702 827 1731 modo
848 1701 904 1731 desi
925 1701 981 1731 erio

240 1742 343 1782 praemii
356 1742 442 1772 virtus
455 1741 549 1771 animae
562 1741 716 1781 adjuvetur.
730 1742 799 1771 Ecce
819 1741 959 1781 praemium
971 1752 979 1769 ε

244 1783 301 1820 Qui
313 1792 359 1810 me
371 1783 521 1822 consessus
529 1782 629 1822 fuerit
646 1790 745 1811 coram
765 1782 940 1817 hominibus,
953 1787 982 1810 et

241 1832 292 1860 ego
316 1822 475 1861 confitebor
500 1831 566 1849 eum
590 1830 687 1849 coram
709 1821 801 1849 Patre
825 1831 899 1850 meo.
927 1820 981 1850 Sed

241 1861 318 1900 prius
331 1860 397 1889 dicit
414 1860 565 1900 praemium,
581 1867 670 1899 postea
683 1870 805 1899 poenam,
821 1861 884 1898 quia
896 1861 981 1890 mise-

242 1900 325 1929 ricors
340 1901 412 1929 Deus
423 1899 540 1939 paratior
552 1906 591 1928 est
603 1898 638 1927 ad
652 1899 876 1935 remunerandum
884 1899 980 1937 bonos,

242 1950 323 1977 quam
336 1939 371 1968 ad
391 1939 557 1978 puniendum
573 1938 707 1977 indignos.
724 1938 796 1968 Vide
817 1949 881 1978 ergo
894 1949 981 1978 quan-

242 1985 300 2007 tum
309 1980 394 2018 majus
404 1985 442 2008 est
452 1978 593 2018 praemium
603 1978 663 2013 Dei,
676 1988 757 2016 quam
763 1978 866 2017 justitia
879 1985 978 2007 nostra:

242 2024 269 2045 et
291 2025 390 2056 quanto
411 2018 519 2055 gravior
539 2023 579 2045 est
599 2016 733 2053 vindicta,
756 2028 837 2056 quam
861 2024 983 2047 nostrum

242 2064 390 2095 peccatum.
404 2057 433 2086 Si
446 2063 475 2085 tu
489 2057 624 2085 consessus
638 2056 720 2086 fueris
739 2057 878 2087 Christum
892 2067 983 2086 coram

242 2096 412 2130 hominibus,
436 2096 569 2125 confiteris
587 2095 651 2134 quia
671 2095 741 2125 nihil
763 2103 836 2136 potes
858 2103 984 2136 praestare

242 2136 300 2164 Deo
313 2147 320 2163 :
335 2135 359 2164 si
372 2141 459 2164 autem
472 2135 519 2163 illc
533 2141 558 2163 te
572 2135 705 2164 confessus
716 2136 798 2165 fuerit
809 2146 899 2166 coram
910 2137 982 2173 Deo,

243 2174 384 2204 confitetur
397 2175 460 2211 quia
475 2181 560 2213 potest
571 2174 658 2203 facere
672 2181 697 2203 te
708 2175 897 2214 immortalem.
912 2176 943 2206 Si
954 2183 984 2205 tu

244 2214 381 2252 negaveris
395 2213 537 2242 Christum
557 2223 647 2242 coram
667 2214 836 2251 hominibus,
851 2214 985 2254 denegans

244 2253 383 2282 Christum
394 2253 436 2281 illi
450 2263 543 2282 nocere
557 2263 609 2281 non
622 2260 694 2292 potes
707 2265 712 2281 :
727 2253 749 2282 si
764 2261 852 2283 autem
866 2260 891 2283 te
903 2265 984 2294 nega-

244 2292 313 2322 verit
332 2293 456 2322 Christus
476 2303 565 2321 coram
590 2292 666 2329 Deo,
687 2292 798 2331 denegat
811 2293 858 2331 qui
877 2293 987 2333 perdere

243 2338 329 2371 potest
342 2332 369 2360 in
382 2333 444 2372 igne
457 2338 565 2360 aeterno.
580 2331 649 2368 Quis
667 2339 706 2361 est
719 2338 774 2360 tam
786 2332 921 2372 lapideus,
937 2335 984 2372 qui

243 2381 295 2400 non
305 2371 436 2401 desideret
442 2371 552 2412 justitiae
561 2381 615 2400 suae
623 2378 717 2400 testem
726 2371 823 2400 habere
833 2372 986 2401 Christum?

243 2411 271 2441 Si
284 2421 347 2450 ergo
359 2421 486 2450 magnum
501 2418 540 2440 est
550 2417 643 2440 testem
659 2421 715 2440 esse
728 2410 840 2447 Christi,
855 2418 987 2449 quantum

243 2450 327 2489 magis
351 2457 390 2479 est
412 2457 505 2480 testem
530 2450 627 2479 habere
648 2450 810 2480 Christum?
836 2450 987 2480 Considera

241 2489 322 2518 etiam
335 2489 463 2528 denique,
478 2500 512 2519 ne
526 2490 592 2519 sorte
604 2489 694 2519 dicant
707 2490 786 2519 etiam
797 2489 892 2519 fideles
903 2490 988 2520 Chri-

242 2529 321 2558 stiani
339 2541 347 2557 t
370 2529 400 2558 Si
424 2529 564 2558 necessitas
590 2529 804 2569 persequutionis
828 2529 968 2558 advenerit
978 2553 988 2566 ‚

242 2568 347 2597 interim
361 2578 450 2598 coram
462 2568 617 2598 hominihus
629 2568 663 2598 de
679 2569 816 2607 negatione
827 2568 914 2608 patiar
930 2579 986 2608 poe-

241 2618 299 2645 nas,
311 2608 337 2637 in
351 2608 431 2638 corde
444 2615 532 2638 autem
546 2619 604 2639 nico
618 2608 756 2639 veritatem
773 2615 848 2639 teneo
860 2608 962 2638 Christi
975 2620 982 2636 ε

990 283 1010 307 Α
1027 280 1088 310 ideo
1107 289 1162 311 nou
1174 278 1252 317 dicit,
1267 277 1381 317 Quinc
1393 278 1528 310 confisus
1547 278 1668 309 fueritin
1689 279 1770 311 corde
1799 289 1904 317 minum

1026 330 1086 357 suo,
1095 319 1154 357 sed,
1167 320 1275 349 Coram
1287 318 1452 349 hominibus
1459 330 1474 348 r
1482 318 1612 358 quonism
1622 320 1671 359 qui
1678 330 1768 350 coram
1778 321 1828 343 ‘¹0⁸¹
1871 327 1904 342 ω

1025 359 1182 389 hominibus
1192 369 1246 388 nou
1257 358 1411 396 confimat,
1425 367 1479 388 uon‘
1511 358 1637 389 rodestwci
1644 359 1750 399 aliquid
1757 383 1766 398 ,
1777 353 1831 404 25:3⁸
1840 352 1904 404 :ga

1045 399 1099 428 uod
1117 399 1145 428 iu
1165 397 1247 429 corde
1266 397 1395 428 creditit·
1414 399 1437 428 C
1473 397 1480 405 ‘
1564 399 1648 438 :quia
1661 400 1709 438 qui
1721 410 1768 430 ore
1778 415 1808 435 ..ἢ
1833 413 1904 435 eunte·

1024 409 1148 479 denegat,
1164 448 1217 468 non
1229 444 1317 478 potest
1326 437 1426 468 fierint
1433 437 1462 467 in
1473 435 1554 468 corde
1562 437 1664 468 credat.
1676 439 1768 470 Radix
1777 446 1810 467 οἱ.)
1823 445 1876 466 ori..

1025 478 1097 507 enim
1106 477 1278 508 consessionis
1286 477 1354 507 fides
1364 483 1404 509 est
1415 476 1507 507 cordis
1517 489 1525 506 ε
1540 478 1670 509 confessio
1678 486 1768 509 autem

1024 518 1128 548 fructus
1145 525 1185 548 est
1205 516 1280 548 fidei.
1305 517 1382 548 Sicut
1401 527 1465 557 ergo
1484 516 1615 556 quamdiu
1627 517 1706 548 radix
1728 525 1768 548 est

1025 557 1099 594 viva,
1115 567 1219 587 neccsse
1231 564 1271 587 est
1283 564 1314 587 ut
1324 563 1374 587 aut
1384 567 1472 587 ramos
1482 556 1625 597 producat,
1636 565 1683 588 aut
1691 558 1767 596 folia5

1026 596 1048 626 si
1065 603 1155 626 autem
1175 607 1228 626 non
1242 596 1422 637 produxerit,
1441 596 1499 626 siue
1521 595 1608 626 dubio
1621 597 1769 638 intelligis,

1025 636 1099 683 quod
1112 636 1192 666 radix
1205 637 1265 676 ejus
1277 637 1305 666 in
1320 643 1391 666 terra
1403 635 1502 666 siccata
1513 642 1553 666 est
1565 648 1572 665 ε
1585 637 1624 668 sic
1637 637 1767 678 quamdiu

1025 675 1093 705 (ides
1104 675 1193 706 cordis
1206 676 1307 722 integra
1327 683 1367 706 est
1375 699 1383 712 ,
1399 686 1505 716 semper
1518 676 1651 715 germinat
1662 677 1768 707 confes-

1025 715 1127 744 sionem
1139 715 1168 744 in
1181 726 1244 747 01·e;
1255 726 1279 745 si
1292 722 1381 745 autem
1394 715 1523 745 confessio
1535 725 1590 745 non
1604 717 1684 747 fuerit
1694 717 1750 746 oris
1758 739 1766 754 ‚

1026 754 1146 794 intellige
1167 755 1225 784 sine
1246 755 1345 791 dubio,
1362 755 1427 794 quia
1445 754 1515 784 fides
1532 755 1622 785 cordis
1641 757 1702 797 ejus
1711 757 1769 796 jam

1026 801 1087 824 ante
1098 794 1194 824 siccata
1204 801 1256 824 est.
1276 795 1322 825 Sic
1333 795 1405 824 enim
1416 794 1484 824 dicit
1501 795 1638 834 apostolus
1649 808 1657 826 z
1674 797 1769 826 Corde
1778 805 1844 827 Ram.
1867 811 1902 826 m.

1025 836 1103 863 enim
1115 834 1245 863 creditur
1257 835 1463 873 adjustitiam,
1478 844 1528 864 ore
1540 842 1637 865 autem
1650 835 1768 876 confes·
1781 842 1816 858 ¹⁰·

992 879 1010 902 B
1026 874 1114 914 siofit
1125 873 1168 903 ad
1185 874 1323 903 salutem.
1334 874 1408 912 Ergo
1421 884 1469 903 nec
1482 874 1554 903 valet
1570 875 1701 905 confessio
1713 875 1769 906 'oris

1027 913 1084 943 sine
1097 913 1151 943 fide
1162 912 1268 950 cordis,
1281 923 1331 943 nee
1343 913 1411 942 fides
1429 912 1519 942 cordis
1535 914 1594 943 sine
1606 915 1770 945 confessione

1027 953 1092 982 oris.
1105 953 1134 983 Si
1152 958 1241 982 antem
1251 952 1302 983 tibi
1315 952 1423 993 prodest
1444 952 1525 982 corde
1536 953 1645 983 eredere
1653 977 1661 990 ,
1676 961 1703 984 et
1715 965 1768 985 non

1027 1003 1117 1022 coram
1140 991 1298 1022 hominihus
1317 992 1439 1022 confiteri
1453 1004 1462 1021 τ
1476 1002 1540 1032 ergo
1562 1000 1589 1022 et
1609 993 1714 1024 infideli
1740 994 1769 1023 in

1027 1031 1164 1072 hypocrisi
1189 1031 1310 1062 confiteri
1332 1032 1470 1061 Christum
1497 1031 1622 1072 prodest,
1641 1033 1722 1063 etiam
1745 1035 1769 1063 si

1028 1071 1109 1101 eorde
1122 1080 1175 1100 uon
1187 1070 1299 1101 credat?
1309 1071 1437 1102 Siautem
1448 1071 1496 1101 ille
1509 1071 1578 1100 nihil
1611 1073 1697 1103 reficit
1707 1083 1771 1102 con-

1028 1111 1106 1140 fitens
1115 1110 1173 1140 siue
1189 1109 1254 1147 fide,
1268 1121 1317 1140 nec
1331 1117 1360 1140 to
1392 1110 1483 1141 roficis
1493 1110 1588 1140 creden
1609 1122 1626 1141 o
1637 1113 1696 1142 siue
1704 1122 1768 1142 con-

1029 1150 1152 1180 sessione.
1178 1150 1209 1180 Si
1229 1150 1330 1180 sufficit
1348 1149 1372 1180 C
1394 1151 1476 1187 xisto,
1490 1151 1538 1190 qui
1551 1153 1705 1191 cognoscit,
1721 1153 1771 1182 etsi

1029 1190 1164 1220 confessus
1176 1200 1238 1219 eum
1251 1199 1305 1220 nou
1317 1189 1400 1220 fueris
1410 1200 1500 1220 eoram
1516 1190 1673 1221 hominihus
1685 1203 1694 1222 t
1707 1202 1772 1231 ergo

1029 1236 1055 1259 ct
1074 1229 1124 1259 tibi
1138 1229 1270 1266 sufficiat,
1283 1230 1348 1269 quia
1369 1230 1505 1269 cognoscit
1525 1236 1550 1259 te
1561 1230 1707 1268 Christus,
1721 1232 1772 1261 etsi

1029 1279 1083 1298 non
1094 1269 1174 1299 suerit
1184 1276 1210 1298 te
1219 1269 1356 1299 confessus
1364 1279 1455 1299 coram
1467 1269 1633 1300 homiuibus.
1644 1271 1674 1301 Si
1683 1277 1771 1301 autem

1029 1308 1080 1337 tibi
1093 1318 1146 1337 non
1157 1308 1258 1338 sufficit
1268 1308 1386 1348 cognitio
1393 1308 1465 1348 ejus,
1480 1319 1528 1338 nec
1539 1309 1580 1339 illi
1594 1310 1694 1340 sufficit
1705 1310 1773 1341 fides

1031 1354 1087 1376 tua.
1103 1347 1133 1377 Si
1151 1347 1223 1376 enim
1235 1347 1369 1377 sufficeret
1380 1347 1430 1376 tibi
1444 1348 1511 1378 fides
1531 1348 1622 1379 cordis
1631 1372 1640 1387 ‚
1652 1360 1698 1379 cor
1712 1357 1772 1380 tau-

1030 1385 1170 1415 tummodo
1183 1385 1234 1415 tibi
1248 1387 1322 1416 Deus
1341 1393 1474 1416 creasset:
1490 1397 1563 1417 nunc
1582 1395 1672 1418 autem
1693 1397 1721 1419 et
1743 1400 1774 1419 os

1032 1425 1082 1455 tihi
1093 1425 1195 1455 creavit
1209 1426 1282 1454 Deus
1291 1447 1300 1463 ,
1322 1432 1352 1455 ut
1364 1425 1447 1455 corde
1457 1426 1568 1465 eredas,
1582 1434 1609 1457 et
1629 1438 1675 1457 ore
1686 1429 1774 1458 confi-

997 1475 1016 1498 ο
1032 1465 1123 1494 tearis.
1136 1465 1193 1494 Nec
1205 1471 1308 1495 tantum
1318 1475 1374 1501 ore,
1385 1465 1433 1495 sed
1449 1466 1570 1505 quinque
1581 1467 1704 1497 sensibus
1713 1478 1774 1497 car-

1032 1504 1148 1534 nalibus.
1159 1504 1190 1534 Si
1209 1504 1282 1534 enim
1300 1504 1436 1534 sufficeret
1447 1515 1495 1535 cor
1507 1513 1555 1535 aut
1565 1516 1607 1544 os,
1622 1507 1662 1536 sie
1675 1507 1776 1538 diceret

1032 1550 1058 1573 et
1074 1544 1227 1589 prophetat
1244 1543 1430 1584 Corfitems'ni
1451 1545 1580 1575 Domino
1602 1548 1635 1575 in
1646 1548 1773 1584 cithara,
1785 1554 1904 1578 P5a1.32.:

1034 1593 1115 1613 unius
1125 1589 1172 1612 aut
1182 1583 1300 1612 duarum
1310 1583 1485 1621 chordarum,
1515 1585 1631 1614 salinum
1643 1584 1726 1616 dicite
1735 1587 1774 1621 ei:

1033 1633 1105 1652 nune
1112 1629 1201 1661 autem
1209 1621 1285 1660 dicit,
1293 1624 1333 1651 In
1338 1623 1477 1663 psalterio
1535 1635 1580 1654 em
1586 1626 1775 1656 chordarum:
1797 1658 1800 1662 ,

1033 1662 1095 1701 quia
1105 1662 1197 1699 homo,
1206 1662 1254 1701 qui
1265 1669 1305 1692 est
1313 1662 1481 1703 psalterium,
1493 1663 1586 1694 decem
1595 1675 1675 1694 sonos
1686 1665 1776 1701 habet,

1033 1702 1152 1741 quinque
1172 1701 1292 1731 carnales
1303 1723 1312 1738 ,
1331 1709 1358 1732 et
1379 1702 1498 1741 quinque
1519 1704 1683 1749 spirituales.
1706 1706 1777 1735 Cum

1034 1741 1077 1770 his
1088 1741 1214 1771 omnihus
1230 1748 1334 1781 oportet
1344 1742 1465 1771 confiteri
1475 1742 1625 1774 Christum.
1640 1744 1671 1775 Si
1687 1751 1778 1774 autem

1034 1781 1079 1811 vel
1092 1791 1163 1810 unus
1182 1791 1279 1810 seusus
1299 1781 1390 1811 minus
1405 1782 1487 1811 suerit
1497 1804 1505 1818 ,
1526 1793 1580 1812 non
1601 1790 1641 1814 est
1661 1784 1778 1824 perfecta

1034 1820 1262 1860 confessi0.‘Ergo
1279 1820 1303 1850 si
1323 1821 1386 1860 quis
1398 1821 1450 1850 tibi
1464 1821 1549 1860 dicat,
1561 1824 1622 1853 Non
1634 1822 1779 1853 manduces

1035 1859 1237 1900 idolothytum,
1257 1859 1306 1889 sed
1319 1861 1408 1900 aspice
1426 1867 1532 1891 tautum
1550 1862 1588 1892 ad
1600 1863 1692 1900 idola,
1705 1873 1779 1902 quo-

1035 1899 1117 1929 modo
1130 1899 1248 1939 speciosa
1261 1906 1323 1929 sunt
1334 1912 1341 1930 z
1353 1899 1376 1929 si
1386 1901 1523 1941 aspexeris
1534 1909 1706 1946 provocatus,
1717 1913 1780 1932 ocu-

1035 1939 1070 1968 lis
1084 1938 1138 1968 tuis
1152 1938 1254 1979 negasti
1265 1939 1404 1969 Christum
1414 1950 1484 1970 :non
1497 1952 1560 1980 quia
1574 1942 1693 1982 aspicere
1706 1941 1780 1972 idola

1037 1977 1142 2017 aliquid
1155 1978 1200 2014 sit,
1215 1978 1263 2007 sed
1280 1979 1344 2017 quia
1365 1979 1495 2009 invitatus
1507 1981 1618 2021 aspicis,
1632 1992 1735 2022 peccas.
1749 1981 1781 2012 Si

1037 2025 1125 2047 autem
1146 2027 1198 2047 non
1227 2018 1363 2057 aspexeris
1388 2019 1475 2048 oculis
1497 2020 1551 2049 tuis
1561 2042 1569 2057 ‚
1593 2021 1729 2051 confessus
1752 2030 1782 2050 es

1001 2067 1022 2090 ι)
1037 2057 1188 2087 Christum.
1200 2056 1265 2086 Ideo
1271 2057 1403 2096 scriptum
1411 2065 1461 2095 est,
1471 2058 1584 2088 Averto
1594 2060 1695 2089 oculos
1702 2070 1782 2089 meos
1791 2069 1861 2092 Psal.
1882 2074 1904 2090 ιι

1039 2107 1076 2126 ne
1085 2097 1210 2125 videant
1222 2098 1398 2126 vanitatem.
1411 2097 1440 2127 Si
1451 2108 1517 2127 vero
1526 2098 1626 2128 dixerit
1636 2099 1698 2136 tibi,
1711 2099 1783 2130 Nolo
1792 2099 1832 2131 37-

1039 2143 1070 2165 ut
1082 2135 1197 2175 aspicias
1210 2135 1299 2172 idola,
1323 2135 1372 2165 sed
1390 2142 1493 2166 tantum
1513 2138 1635 2168 ausculta
1647 2138 1785 2176 quomodo

1039 2175 1087 2205 ille
1110 2175 1219 2215 gentilis
1237 2175 1406 2215 blasphemat
1429 2175 1585 2211 Christum,
1610 2185 1640 2207 ut
1654 2178 1787 2218 glorificet

1039 2215 1103 2244 deos
1116 2226 1123 2244 ε
1137 2214 1160 2244 si
1174 2214 1379 2251 auscultaveris,
1394 2216 1506 2245 auribus
1519 2217 1574 2246 tuis
1583 2217 1724 2248 Christum
1737 2228 1786 2247 ne·

1041 2255 1118 2294 gasti.
1131 2254 1162 2284 Si
1174 2253 1277 2283 dixerit
1287 2254 1348 2291 tihi,
1361 2254 1432 2284 Nolo
1443 2262 1472 2285 ut
1484 2255 1579 2286 audias
1589 2257 1787 2297 blasphemiam

1040 2294 1154 2332 Christi,
1171 2293 1219 2323 scd
1229 2304 1289 2323 ecce
1301 2293 1436 2332 quomodo
1449 2296 1588 2325 incensum
1597 2296 1652 2326 diis
1661 2297 1786 2333 offertur,

1040 2340 1146 2363 tautum
1165 2340 1204 2363 sta
1214 2355 1222 2370 ,
1238 2340 1265 2363 et
1285 2333 1377 2373 accipe
1397 2333 1507 2364 odorem
1529 2335 1631 2365 incensi
1651 2336 1728 2366 illius
1740 2348 1748 2365 ε
1764 2335 1788 2365 si

1042 2373 1170 2402 odoratus
1180 2373 1274 2409 fueris,
1289 2372 1403 2403 odoratu
1414 2380 1461 2403 tuo
1471 2375 1610 2405 Christum
1621 2375 1738 2405 offensus
1746 2385 1786 2405 es.

1043 2414 1112 2442 Item
1129 2412 1153 2442 si
1166 2412 1268 2442 dixerit
1281 2412 1329 2442 tibi
1339 2435 1348 2450 ‚
1361 2414 1422 2443 Non
1435 2413 1567 2444 manduca
1584 2424 1690 2444 carnem
1701 2414 1790 2444 denti-

1044 2452 1095 2481 hus
1109 2452 1175 2487 tuis,
1189 2459 1293 2482 tantum
1302 2452 1374 2492 finge
1386 2459 1412 2482 te
1424 2453 1459 2483 de
1468 2453 1605 2484 immolato
1617 2454 1790 2484 manducare:

1044 2492 1068 2520 si
1082 2491 1265 2527 simulaveris,
1278 2491 1316 2521 sic
1329 2499 1410 2532 gustu
1422 2499 1470 2522 tuo
1481 2493 1622 2523 Christum
1632 2495 1745 2534 negasti.
1761 2494 1792 2524 Si

1045 2538 1136 2559 autem
1158 2531 1278 2560 nolueris
1299 2532 1415 2576 lingere,
1437 2531 1576 2562 Christum
1590 2533 1726 2563 confessus
1743 2544 1772 2563 es
1783 2556 1791 2570 ,

1046 2569 1118 2598 sicut
1132 2570 1276 2600 Eleazarus
1289 2570 1316 2599 in
1332 2571 1402 2600 libro
1418 2571 1661 2610 Macchabaeorum,
1676 2573 1793 2610 quicar-
1804 2579 1899 2603 zalal-12

1046 2619 1091 2638 nes
1109 2610 1263 2640 vervecinas
1281 2611 1333 2640 sub
1344 2611 1432 2650 specie
1451 2612 1567 2652 porcinae
1579 2612 1666 2642 noluit
1679 2612 1793 2642 maudu-
