1890 2826
68 308 124 331 luc.
138 307 173 331 16.
183 314 207 338 9.

64 1052 202 1077 Isai.63.u‚

64 1749 156 1773 non-8.
167 1755 202 1780 ¹7.

68 2031 91 2046 2.
106 2026 164 2046 Tim.
182 2030 205 2046 2.

70 2062 107 2079 12.

218 187 290 223 6οὸ

216 268 339 290 turorum
355 261 599 298 tabernaculorum,
607 260 717 291 dicebat
729 259 861 290 divitibus
872 259 955 299 hujus

215 306 311 336 mundi
325 318 332 336 ε
346 307 451 336 Facite
473 308 558 336 vobis
581 308 690 335 amicos
726 316 764 335 ex
788 315 955 337 mammona

215 354 392 393 iniquitatis,
409 359 441 383 ut
459 363 526 383 cum
546 352 722 393 defeceritis,
738 354 879 392 recipiant
900 362 955 381 vos

965 377 1001 397 5²0

883 188 891 201 ³
909 198 1090 222 severium

1009 259 1114 299 ρανίων.
1131 262 1143 276 ⁸
1154 259 1264 293 Τούτοις
1281 259 1327 289 καὶ
1339 261 1354 289 ὁ
1366 259 1466 300 Κύριος·
1482 260 1689 299 ἐνδεικνύμενος,
1704 260 1780 288 ἕπεο-ν

1009 305 1093 346 δήπερ
1110 306 1207 335 ἐκεῖναι
1230 301 1298 342 ἦσαν
1315 305 1485 346 πρόσκαιροι,
1501 305 1655 345 βουλόμενος
1676 304 1786 341 Seston,-

1009 352 1049 381 ὅτι
1063 354 1091 381 αἱ
1108 352 1203 388 σκηναὶ
1212 353 1313 382 ἐκεῖναι
1326 352 1406 386 τύπος
1419 351 1468 381 εἰσὶ
1481 354 1534 381 τῶν
1547 353 1697 391 μελλουσῶν
1711 363 1786 386 σκη-.

216 401 248 428 ἰη.
268 406 378 429 oeterna
399 399 602 429 tabernacula.
617 400 801 439 Temporanea
820 399 904 439 igitur
915 406 955 428 ta—
973 405 993 429 Δ
1009 400 1070 435 νῶν,
1090 398 1164 438 ἔλεγε
1187 398 1251 439 πρὸς
1274 398 1334 432 τοὺς
1355 399 1382 427 ἐν
1404 399 1443 437 τῷ
1464 397 1557 438 κόσμῳ
1579 398 1756 430 πλουτοῦντας
1768 407 1776 414 ·

216 446 361 475 hernacula
371 453 530 475 aeternorum
536 445 621 486 figura
630 446 864 485 tabernaculorum
872 452 956 476 erant.

216 492 349 529 Quoniam
368 503 431 532 ergo
452 492 554 523 Christi
573 493 720 523 oeconomia
736 504 784 523 seu
811 493 958 523 incarnatio

216 547 316 570 veteres
330 539 430 579 figuras
441 539 582 580 implebat,
591 550 742 579 novamque
754 540 830 569 illam
843 540 956 580 gratiam

215 587 353 616 florentem
373 584 519 622 reddebat,
543 585 627 625 probe
646 586 776 626 propheta
795 586 956 627 praenuntiat

214 633 306 663 dicens
322 645 328 662 ε
345 632 478 668 celebra,
493 632 586 669 Juda,
592 633 679 673 festa
696 639 758 670 tua,
779 634 869 662 redde
889 633 955 662 Deo

214 687 288 710 vota
299 686 363 716 tua;
372 678 402 708 id
411 678 544 718 significat
556 677 637 715 illud,
649 679 717 708 Non
735 680 862 718 amplius
877 680 956 719 adji-

213 727 290 754 cient
302 730 335 754 ut
348 726 472 753 veniant
486 724 527 752 ad
539 728 724 752 vetustatem.
740 725 878 754 Renovata
893 730 956 752 sunt

211 770 283 800 enim
290 777 378 800 vetera
389 780 438 810 per
454 768 575 809 gratiam,
585 769 793 799 Consummata
806 771 956 806 sunt,sub-

212 816 276 846 lata
288 823 367 847 sunt.
383 815 527 846 Ascendit
550 815 623 845 enim
646 826 683 845 ex
703 821 780 845 terra
793 817 846 855 qui
860 815 956 856 insuf-

206 863 265 904 flat
275 863 424 904 infaciem
434 868 526 899 tuam,
541 868 569 892 et
582 863 632 901 qui
644 868 672 891 te
685 872 723 891 ex
740 864 877 891 aemmm's
895 863 951 891 en·-

1009 444 1145 480 Ποιήσατε
1166 446 1228 484 ὑμῖν
1242 443 1331 485 φίλους
1345 444 1376 473 ἐκ
1385 446 1435 475 τοῦ
1447 448 1584 483 μαμμωνᾶ
1595 445 1643 479 τῆς
1658 443 1760 476 ἀδικίας

1008 490 1040 520 ἵν’
1056 490 1118 520 ὅταν
1139 490 1294 527 ἔκλείπητε,
1308 489 1432 524 δέξωνται
1444 492 1514 530 ὑμᾶς
1533 492 1570 524 εἰς
1589 488 1638 523 τὰς
1659 488 1790 522 αἰωνίους·

1008 537 1117 573 σκηνάς.
1133 537 1169 566 Αἱ
1190 531 1235 566 οῧν
1258 536 1415 577 πρόσκαιροι
1429 536 1524 572 σκηναὶ
1537 536 1618 569 τύπος
1637 531 1705 571 ἦσαν
1725 535 1778 563 τῶν

1008 582 1120 612 αἰωνίων
1141 584 1253 618 σκηνῶν.
1269 582 1347 612 Ἐπεὶ
1361 577 1405 612 οὖν
1418 584 1435 619 ἡ
1450 584 1496 612 τῶ
1514 583 1631 622 Χριστοῦ
1642 579 1790 619 οἰκονομία;

1007 628 1067 662 τοὺς
1078 629 1126 667 μὲν
1137 628 1263 662 παλαιοὺς
1275 628 1372 662 τύπους
1385 628 1511 669 ἐπλήρου,
1524 627 1573 664 τὴν
1587 626 1614 656 δὲ
1627 626 1688 656 νέαν
1698 626 1780 666 χάριν

1007 675 1130 711 ἐξήνθει,
1152 676 1240 709 καλῶς
1263 677 1278 704 ὁ
1301 674 1439 715 προφήτης
1461 677 1646 715 προαναφωνεῑ
1665 673 1751 712 λέγων
1770 683 1791 691 ··

1007 720 1134 761 Ἑόρταζε
1145 742 1153 756 ,
1167 720 1269 758 Ἰούδα,
1283 720 1330 754 τὰς
1348 719 1440 760 ἑορτάς
1458 731 1516 756 σου,
1540 719 1636 752 ἀπόδος
1654 720 1694 759 τῷ
1715 718 1792 757 Θεῷ

1007 766 1055 800 τὰς
1069 766 1149 807 εὐχάς
1168 778 1214 796 σου
1224 778 1230 784 ·
1242 768 1256 783 ¹·
1265 766 1389 805 σημαίνει
1402 766 1448 802 τὸ,
1463 765 1563 795 Οὐκέτι
1573 765 1626 806 γὰρ
1640 764 1678 804 μὴ
1692 775 1779 805 προσ-

1007 815 1087 843 θῶσιν
1117 813 1202 842 ἐλθεῖν
1224 815 1260 847 εἷς
1272 812 1429 843 παλαίωσιν.
1443 810 1669 842 Ἀνακεκαίνισται
1681 810 1733 851 γὰρ
1746 810 1781 840 τὰ

1007 859 1109 889 παλαιὰ
1133 859 1176 889 διὰ
1196 861 1245 895 τῆς
1265 859 1392 899 χάριτος,
1418 857 1638 892 Συντετίλεσται,
1660 857 1778 897 ἐξῆρται.

210 911 261 948 pic.
275 908 312 938 At
322 908 431 938 Nahum
443 907 573 948 propheta
585 907 733 937 Dominum
744 907 857 947 gratiam
871 907 956 948 inspi-
973 910 993 934 Β
1008 904 1100 941 Ἀνέὸη
1114 904 1166 945 γὰρ
1186 906 1217 934 ἐκ
1237 907 1286 941 τῆς
1303 906 1353 944 γῆς
1371 907 1385 934 ὁ
1406 906 1529 945 ἐμφυσῶν
1545 905 1581 937 εἰς
1593 903 1625 932 τὸ
1637 902 1780 943 πρόσωπόν

213 962 315 985 rantem
325 954 375 984 tibi
389 954 462 984 nude
468 953 594 983 exhibuit
602 965 611 991 ς
618 952 700 983 Isaias
708 960 797 983 autem
812 953 866 982 alio
875 953 957 983 modo

213 1012 286 1038 eum,
294 1001 341 1041 qui
351 1011 385 1030 ex
397 1000 511 1030 mortuis
523 999 640 1029 surrexit
651 1005 678 1029 et
690 999 822 1039 Spiritum
835 1005 958 1029 sanctum

213 1047 269 1077 suis
287 1047 427 1087 elargitur,
441 1045 603 1086 praenuntiat
615 1045 659 1074 his
671 1044 762 1075 verbis
780 1055 787 1072 ι
802 1045 957 1075 Recorda-

214 1100 259 1123 tus
273 1100 315 1123 est
327 1094 439 1122 dierum
454 1099 636 1129 oeternorum,
648 1093 699 1132 qui
707 1091 808 1121 eduxit
823 1092 860 1120 de
879 1097 958 1121 terra

211 1146 358 1180 pastorem
373 1141 478 1169 ovium.
496 1140 534 1168 Et
555 1139 615 1169 loco
631 1138 717 1175 illius,
735 1138 906 1180 Insufflavit
925 1140 958 1167 in

206 1188 321 1229 faciem
336 1195 446 1221 eorum,
461 1185 550 1214 statim
561 1184 703 1223 subjunxit
719 1195 726 1211 :
746 1185 804 1222 Qui
814 1185 913 1223 posuit
925 1186 956 1212 in

213 1233 255 1261 eis
273 1231 411 1270 Spiritum
432 1236 576 1259 sanctum.
591 1229 692 1258 Divina
715 1228 844 1268 dignitas,
860 1228 955 1259 diviua

213 1276 388 1316 nuncupatio,
403 1275 477 1314 regia
489 1275 623 1314 majestas,
637 1273 791 1303 intemerata
804 1273 899 1312 gloria,
911 1273 956 1302 in-

213 1320 462 1362 comprehensibilis
473 1319 570 1356 virtus,
585 1318 633 1357 qui
646 1329 709 1347 cum
721 1320 800 1348 Patre
816 1318 955 1358 conglori‹

213 1369 318 1405 fleatur,
331 1378 393 1397 cum
409 1366 481 1396 Filio
494 1371 595 1404 regnat,
609 1364 657 1403 qui
675 1371 802 1405 operatur
814 1365 914 1402 omnia,
930 1372 956 1395 et

213 1414 306 1444 divina
326 1423 437 1442 munera
451 1411 566 1451 singulis
589 1410 699 1447 dividit,
714 1416 795 1450 prout
807 1410 877 1440 vult.
890 1412 954 1441 Haec

212 1460 279 1489 bene
291 1459 355 1489 novi
365 1457 492 1488 Ecclesiae
502 1456 660 1486 domesticos
671 1455 808 1491 roborare,
815 1456 953 1486 mordere-

213 1516 265 1544 que
275 1516 306 1534 ac
322 1505 492 1544 disrumpere
504 1502 627 1532 inimicos
640 1501 709 1541 ejus,
722 1502 892 1541 maximeque
903 1502 956 1543 piae

213 1550 351 1590 religionis
362 1550 462 1586 hostes,
470 1548 588 1587 quicum
597 1549 674 1577 Patre
687 1554 713 1576 et
721 1547 792 1576 Filio
802 1548 956 1587 conglorifi-

213 1607 275 1626 care
286 1596 418 1636 Spiritum
432 1601 553 1624 sanctum
566 1600 699 1623 recusant.
713 1595 738 1623 Ο
750 1593 900 1623 miseriam!
916 1595 957 1624 Ne

212 1653 242 1671 ea
257 1642 365 1681 quidem
385 1652 445 1680 quae
461 1639 549 1669 sortiti
568 1646 631 1668 sunt
644 1639 708 1678 ipsi,
723 1639 818 1668 volunt
836 1639 956 1669 tribuere

212 1688 327 1729 Spiritui
340 1694 441 1716 sancto.
456 1685 600 1725 Apostolus
613 1691 702 1714 autem
713 1683 746 1723 de
760 1695 798 1721 se,
813 1684 901 1724 deque
913 1685 956 1714 sui

213 1733 349 1763 similibus
373 1732 488 1767 dicebat,
502 1731 534 1760 Si
558 1732 759 1769 compatimur,
775 1732 864 1759 etiam
889 1741 956 1760 con-

213 1780 450 1820 glorificabimur.
466 1777 567 1806 Paulus
580 1775 797 1815 conglorificatur
808 1787 872 1806 cum
885 1778 954 1815 Deo,

213 1835 240 1857 et
258 1827 376 1867 Spiritus
393 1835 446 1854 non
463 1823 701 1863 conglorificatur?
716 1824 838 1853 Mortalis
859 1831 955 1854 natura

214 1874 241 1902 in
259 1880 358 1902 tantam
375 1871 566 1901 sublimitatem
579 1869 714 1905 evehitur,
730 1876 760 1899 ut
773 1881 835 1899 cum
848 1871 956 1901 Christo

216 1919 390 1958 glorificetur,
400 1924 426 1946 et
439 1915 590 1945 adorandus
603 1915 730 1954 Spiritus,
739 1925 787 1946 nec
797 1916 892 1945 iisdem
900 1927 956 1951 ,no-

215 1966 320 1994 biscum
334 1961 624 1993 muneribusfruetur?
641 1963 681 1991 De
695 1962 791 1991 iisdem
799 1963 956 1993 hominihus

216 2011 253 2039 ait
266 2010 335 2039 idem
346 2007 530 2048 apostolus,Si
541 2009 742 2046 compatimur,
755 2014 783 2037 et
797 2019 958 2048 conregna-

218 2058 325 2091 bimus;
338 2062 364 2084 et
370 2053 488 2094 Spiritus
499 2059 605 2082 sanctus
615 2063 667 2082 non
678 2054 799 2093 regnabit
811 2055 960 2084 cumChri-

218 2103 310 2132 stoi’O
324 2102 458 2140 ingratum
484 2098 621 2128 animum!
640 2099 796 2129 oinsaniam
815 2100 958 2130 intoleran-

217 2148 296 2178 dam!
309 2159 325 2177 o
336 2146 491 2176 sententiam
512 2144 633 2184 impiam,
646 2152 671 2173 et
685 2145 816 2184 ingentem
830 2147 956 2186 blasphe—

217 2193 476 2233 miam‚plagamque
494 2189 686 2220 incurabilem!
705 2191 760 2220 Nos
773 2199 958 2231 exspectamus

218 2245 424 2279 conregnaturos
446 2247 493 2265 nos
504 2246 571 2273 esse;
586 2242 612 2264 ct
631 2233 765 2274 Spiritum
785 2244 907 2267 sanctum
928 2237 956 2267 in

218 2285 288 2316 servi
302 2284 424 2315 ordinem
435 2282 585 2322 redigemus
593 2281 607 2310 ?

259 2419 290 2447 6.
305 2418 369 2447 Haec
383 2424 464 2456 porro
475 2412 603 2450 dicimus,
617 2414 712 2442 fratres
721 2436 729 2450 ,
743 2423 796 2442 non
810 2413 883 2452 quod
892 2414 957 2454 Spi-
974 2415 991 2438 E

219 2464 287 2494 ritus
305 2461 411 2493 szffictus
430 2461 465 2490 ita
481 2460 579 2490 debeat
595 2470 657 2490 cum
671 2460 778 2490 Christo
799 2460 956 2499 conglorifi—

253 2564 262 2574 τι
282 2555 340 2578 11ωο
354 2553 442 2578 vitiata
455 2551 579 2577 videntur.

253 2594 268 2610 '⁴'
286 2592 376 2626 [savit.
391 2597 418 2618 ἴσ.
434 2591 547 2624 ςήμαινε]

1008 961 1064 985 σου,
1076 949 1124 979 καὶ
1136 948 1316 990 ἐξαιρούμενός
1326 961 1356 979 σε
1369 949 1400 978 ἐκ
1410 948 1531 988 θλίψεως.
1546 948 1615 978 Ἀλλ’
1626 950 1641 978 ὁ
1653 948 1701 986 μὲν
1714 959 1779 987 προ-

1009 995 1094 1035 φήτης
1111 994 1207 1034 Ναοὺμ
1227 996 1333 1035 γυμνῶς
1346 1006 1389 1024 σοι
1401 994 1555 1035 παρέστησε
1574 993 1618 1023 τὸν
1632 993 1682 1030 τὴν
1702 994 1783 1033 ἁγίαν

1008 1040 1086 1082 χάριν
1105 1040 1289 1080 ἔμπνεύσαντα
1309 1040 1425 1081 Κύριον·
1446 1040 1560 1073 Ἡσαΐας
1583 1039 1612 1069 δὲ
1632 1039 1678 1069 καὶ
1702 1039 1781 1073 αὐτὸς

1008 1086 1021 1104 ¹²
1033 1087 1115 1127 ἑτέρῳ
1125 1087 1215 1127 τρόπῳ
1228 1086 1273 1116 τὸν
1286 1087 1317 1116 ἐκ
1329 1088 1429 1126 νεκρῶν
1443 1085 1594 1116 ἀναστάντα
1607 1085 1654 1115 καὶ
1666 1086 1780 1124 Πνεῦμα

1010 1133 1083 1173 ἅγιον
1106 1137 1160 1167 τοῖς
1183 1135 1276 1162 ἑαυτοῦ
1297 1132 1468 1173 χαριζόμενον
1480 1134 1662 1172 προαναφωνεῑ
1674 1130 1759 1168 λέγων
1772 1142 1783 1149 >

1009 1179 1147 1218 Ἐμνήσθη
1161 1181 1268 1220 ἡμερῶν
1281 1178 1392 1208 αἰωνίων
1406 1181 1420 1208 ὁ
1434 1178 1598 1212 ἀναὸιὸάσας
1617 1179 1648 1208 ἐκ
1665 1179 1715 1217 γῆς
1734 1177 1786 1207 τὸν·

1008 1224 1122 1263 ποιμένα
1141 1228 1193 1255 τῶν
1211 1224 1361 1265 προὸάτων.
1381 1224 1434 1254 Καὶ
1453 1224 1511 1254 ἀντὶ
1524 1227 1587 1261 τοῦ,
1601 1222 1787 1264 Ἐνιφύσησεν-

1009 1273 1045 1304 εἷς
1056 1271 1087 1300 τὸ
1099 1271 1241 1310 πρόσωπον
1253 1272 1347 1307 αὖτοῦ,
1361 1270 1455 1304 εὐθέως
1469 1270 1602 1310 ἐπήγαγεν
1615 1282 1622 1289 ·
1640 1270 1675 1300 Ὁ
1687 1270 1740 1304 θεὶς
1752 1270 1780 1299 ἐν

1008 1317 1097 1349 αὐτοῖς
1116 1316 1147 1345 τὸ
1160 1317 1272 1355 Πνεῦμα
1291 1316 1322 1345 τὺ
1335 1316 1418 1356 ἅγιον.
1432 1316 1468 1346 ‘H
1485 1316 1566 1352 θεῖκὴ,
1580 1316 1657 1354 ἀξία,
1667 1318 1685 1352 ἡ
1706 1315 1782 1351 θεῖκὴ

1007 1361 1187 1401 προσηγορία,
1201 1362 1232 1391 τὸ
1246 1362 1383 1401 βασιλικὸν
1397 1361 1500 1401 ἀξίωμα
1509 1385 1517 1399 ,
1529 1364 1546 1398 ἡ
1560 1362 1690 1402 ἄχραντος
1701 1360 1763 1395 δόξα
1771 1382 1780 1396 ,

974 1406 993 1431 C
1007 1407 1053 1436 καὶ
1062 1409 1080 1442 ἡ
1095 1407 1282 1444 ἀκατάληπτος
1295 1407 1418 1446 δύναμις,
1429 1407 1463 1437 τὸ
1472 1410 1510 1447 τῷ
1521 1408 1609 1447 Πατρὶ
1622 1406 1779 1441 συνδοξαζό-

1008 1465 1094 1492 μενον,
1105 1452 1151 1482 καὶ
1163 1454 1221 1493 Υῖῷ
1231 1454 1434 1492 συμὸασιλεῦον,
1448 1453 1494 1483 καὶ
1507 1455 1627 1493 ἐνεργοῦν
1636 1453 1670 1483 τὰ
1680 1453 1779 1488 πάντα,

1006 1498 1052 1529 καὶ
1066 1500 1181 1539 διαιροῦν
1195 1499 1229 1528 τὰ
1242 1502 1299 1529 Θεῖα
1316 1499 1471 1540 χαρίσματα
1487 1499 1601 1540 ἑκάστῳ,
1618 1500 1704 1534 καθὼς
1719 1500 1785 1540 βού·

1005 1546 1089 1574 λεται.
1101 1546 1127 1574 Τ
1128 1547 1195 1574 αῧτα
1208 1539 1238 1574 εὖ
1249 1540 1307 1574 οἶδα
1316 1545 1358 1574 ὅτι
1370 1545 1486 1586 στηρίξει
1501 1545 1624 1585 μὲν«τοὺς
1640 1546 1720 1580 ἰδίους
1733 1548 1781 1582 τῆς

1007 1590 1170 1626 Ἐκκλησίας
1179 1613 1188 1628 ,
1201 1590 1290 1620 δάκνει
1303 1591 1330 1620 δὲ
1340 1591 1400 1626 τοὺς
1413 1591 1524 1632 ἐχθροὺς
1536 1591 1582 1622 καὶ
1593 1592 1798 1632 διοιῤῥήγνιισι,.μ

1007 1636 1125 1675 μάλιστα
1139 1635 1198 1670 τοὺς
1209 1637 1318 1677 ἐχθροὺς
1337 1639 1384 1673 τῆς
1397 1637 1545 1674 εὖσεὸείας,
1559 1638 1619 1671 τοὺς
1632 1649 1780 1679 παραιτου-

1007 1682 1100 1721 μένους
1112 1682 1202 1722 nupt
1224 1683 1270 1712 καὶ
1289 1684 1346 1724 riga
1374 1683 1537 1718 συνδοξάζειν
1561 1684 1592 1714 τὸ
1615 1686 1727 1724 Πνεῦμα
1749 1685 1791 1715 τὸν

1006 1728 1090 1767 ἅγιον.
1103 1728 1141 1759 Ὤ
1154 1731 1202 1765 τῆς
1215 1729 1379 1765 ἀθλιότητος.
1392 1730 1463 1760 Οὐδὲ
1476 1726 1513 1759 ὧν
1524 1730 1628 1770 ἔτυχον,
1639 1731 1783 1766 καταξιοῦν

1006 1775 1123 1804 ἐθέλουσι
1136 1776 1167 1805 τὸ
1179 1777 1292 1814 Πνεῦμα
1305 1775 1335 1804 τὸ
1358 1775 1443 1815 ἅγιον.
1464 1775 1499 1806 ‘O
1519 1776 1547 1806 δὲ
1561 1776 1706 1812 ἀπόστολος
1718 1779 1783 1819 περὶ

1007 1821 1100 1850 ἑαυτοῦ
1111 1820 1221 1850 καὶτῶν
1242 1823 1303 1851 κατ’
1319 1821 1396 1851 αὐτὸν
1411 1821 1510 1861 ἔλεγεν,
1526 1823 1561 1852 Εἰ
1574 1823 1779 1864 συμπάσχομεν,
1818 1844 1825 1850 «

974 1873 992 1896 D
1007 1866 1052 1896 καὶ
1072 1866 1342 1906 συνδοξασθησόμεθα.
1360 1869 1468 1902 Παῦλος
1490 1869 1675 1903 συνδοξάζεται
1686 1872 1760 1911 ’Θεῷ
1772 1892 1780 1906 ,

1007 1912 1052 1941 καὶ
1064 1913 1094 1941 τὸ
1114 1914 1225 1952 Πνεῦμα
1238 1915 1267 1943 οὗ
1283 1913 1464 1948 συνδοξάζεται
1476 1926 1485 1951 ;
1499 1914 1534 1944 Ἣ
1546 1915 1628 1951 θνητὴ
1643 1915 1718 1956 φύσις
1733 1928 1781 1946 το-

1008 1960 1099 1987 σοῦτον
1114 1958 1239 1997 ἀνάγεται
1248 1982 1256 1994 ,
1271 1960 1307 1992 ὡς
1320 1960 1429 1999 Χριστῷ
1450 1960 1665 1998 συνδοξάζεσθαι,
1686 1962 1731 1991 καὶ
1749 1963 1780 1992 τὸ

1007 2004 1188 2043 προσκυνητὸν
1201 2005 1313 2043 Πνεῦμα
1323 2004 1381 2034 οὐδὲ
1393 2006 1445 2033 τῶν
1456 2007 1542 2035 αὐτῶν
1550 2009 1615 2045 ἡμῖν
1626 2007 1784 2044 κοινωνήσει

1008 2050 1262 2088 πλεονεκτημάτωνς
1277 2051 1330 2080 Καὶ
1353 2052 1415 2092 περὶ
1437 2051 1485 2090 μὲν
1503 2053 1648 2093 ἀνθρώπων
1669 2055 1748 2094 φησὶν
1765 2059 1780 2085 ὁ

1009 2095 1087 2129 αὐτὸς
1107 2096 1250 2130 ἀπόστολος
1263 2118 1270 2132 ,
1286 2098 1319 2126 Ei
1333 2098 1509 2137 ὑπομένομεν,
1532 2099 1578 2128 καὶ
1598 2100 1778 2138 συμὸασιλεύ·

1010 2153 1090 2180 σομεν
1101 2153 1107 2160 ·
1127 2141 1157 2171 τὸ
1169 2142 1196 2171 δὲ
1208 2143 1320 2182 Πνεῦμα
1333 2143 1364 2172 τὸ
1377 2143 1450 2182 ἅγιον
1466 2145 1495 2173 οὗ
1511 2145 1698 2183 συμὸασιλεύει
1710 2148 1780 2187 Χρι-

1010 2189 1080 2227 στῷ;
1093 2186 1131 2216 Ὢ
1143 2189 1191 2223 τῆς
1201 2188 1302 2223 πολλῆς
1314 2189 1514 2228 ἀγνωμοσύνης,
1526 2190 1548 2219 ὢ
1561 2194 1608 2227 τῆς
1620 2193 1721 2228 πολλῆς
1734 2193 1780 2223 καὶ

1010 2233 1142 2273 ἀφορήτου
1159 2233 1267 2272 μανίας,
1281 2234 1303 2263 ὢ
1319 2234 1427 2274 γνώμης
1445 2235 1531 2274 ἀθέου,
1548 2237 1594 2267 καὶ
1609 2239 1783 2278 βλασφημίας

1011 2279 1137 2319 ἀμέτρου,
1152 2280 1198 2309 καὶ
1216 2282 1321 2319 πληγῆς
1341 2281 1457 2310 ἀνιάτου.
1477 2281 1571 2320 Ἡμεῖς
1590 2285 1779 2323 προσδοκῶμν

1011 2323 1236 2366 συμὸασιλεῦσαι,
1255 2325 1300 2354 καὶ
1319 2325 1349 2354 τὸ
1372 2326 1484 2365 Πνεῦμα
1496 2326 1526 2355 τὸ
1548 2326 1621 2366 ἅγιον
1641 2328 1668 2356 ἐν
1686 2328 1779 2358 δούλου

1010 2369 1082 2404 τάξει
1100 2369 1319 2409 κατατάττομεν;

1049 2417 1143 2444 Ταῦτα
1157 2415 1186 2444 δέ
1196 2427 1282 2455 φαμεν
1293 2438 1301 2451 ,
1325 2416 1448 2457 ἀδελφοὶ,
1462 2417 1512 2456 οὔχ
1531 2418 1567 2450 ὡς
1587 2410 1779 2457 παραπλησίως

1008 2463 1072 2500 ἡμῖν
1093 2461 1241 2501 ὀφείλοντος
1265 2465 1310 2491 τοῦ
1331 2462 1407 2502 ἁγίου
1435 2462 1590 2501 Πνεύματος
1610 2465 1649 2503 τῷ
1670 2465 1781 2505 Χριστῷ

1053 2551 1066 2570 ¹²
1084 2552 1123 2576 Itu
1137 2551 1196 2584 Βοὲς.
1211 2552 1320 2585 Optime.
1334 2551 1401 2577 Edit<
1417 2560 1475 2577 vero
1488 2556 1510 2579 ἐν
1523 2554 1592 2587 ἑτέρῳ
1606 2559 1676 2587 τᾶπῳ.
