1904 2840
109 286 194 308 Mntth.
211 293 246 308 ιο.

109 324 147 339 22.

113 718 246 741 Jolu.31.2o.

113 757 134 772 ει
155 758 192 780 29.
215 750 250 772 13.

114 952 180 973 Psal.
202 957 252 981 ¹¹9·

114 998 253 1042 P'sat37.3.

257 291 342 320 usque
355 278 504 319 perdurans
518 300 525 315 ‚
540 277 575 307 de
588 288 641 316 qua
653 278 778 308 Servator
791 276 830 307 ait
843 289 849 306 :
865 278 923 316 Qui
943 287 998 307 au-

259 327 314 350 tem
326 319 553 359 perseveraverit
564 328 655 356 usque
669 319 700 345 in
701 317 799 358 finem
814 339 821 351 ,
838 317 886 346 hic
899 316 999 346 salvus

257 362 319 389 erit.
337 360 420 398 Ignis
434 357 542 386 decidit
563 357 599 385 de
614 357 696 386 caelo.
712 356 850 394 Quotidie·
862 356 1000 385 laborabat

257 400 370 429 offerens
391 396 522 426 sacrificia
560 406 589 425 ro
606 396 671 425 filiis
688 408 695 424 ι
711 406 771 434 quae
788 395 910 434 quotidie
924 395 1001 424 labo-

258 449 320 468 rans
339 437 476 472 offerebat,
491 447 522 465 ea
567 446 616 464 eus
634 435 775 465 confertim
789 435 817 464 in
840 434 1002 465 sacrificium

258 477 460 518 accepit.Ignis
471 475 579 504 decidit
593 476 630 504 de
643 475 762 504 coelo.Si
775 485 823 514 ego
836 474 910 504 solus
921 473 1002 504 indu·
1019 500 1021 503 .

259 524 303 547 tus
319 527 401 546 essem
411 537 420 552 ‚
434 516 495 555 jure
512 514 648 551 dolercm;
664 514 687 543 si
699 521 787 543 autem
806 524 937 554 pauperes
958 514 1002 542 in·

259 557 423 593 duebantur,
438 565 471 584 an
483 554 581 594 poterit
601 553 734 583 Dominus
754 564 884 594 pauperes
909 553 1004 592 negli-

981 214 1110 239 SPURIA.
1139 230 1142 231 ν

1057 276 1196 315 κτήματα;
1215 277 1276 316 Πῦρ
1290 277 1383 307 ἔπεσεν
1401 277 1431 306 ἐκ
1454 277 1500 306 τοῦ
1525 276 1645 317 οὐρανοῦ.
1658 275 1790 307 Ἤκουσεν
1810 279 1825 307 ὁ

1055 315 1178 353 Ἰὼὸ,καὶ
1191 316 1272 346 πάλιν
1282 317 1328 352 ἤνε
1347 328 1376 346 κε
1384 315 1517 355 γενναίως.
1523 316 1558 345 ‘H
1570 316 1621 356 γὰρ
1632 317 1750 356 ὑπομονὴ
1761 314 1839 347 §.atei-⁶

1056 367 1100 385 νου
1115 357 1218 391 ἀληθῶς
1231 329 1350 395 ὑπομονῖλ
1364 352 1406 391 ἦν,
1414 355 1495 395 μέχρι
1509 356 1599 390 τέλους
1611 357 1826 396 παρατεταμένη,

1056 395 1118 437 περὶ
1131 392 1162 431 ἧς
1176 406 1254 435 φησιν
1269 397 1283 424 ὁ
1294 395 1392 435 Σωτήρ
1402 407 1408 413 ·
1423 395 1458 424 Ὁ
1477 395 1505 434 δὲ
1519 394 1663 434 ὑπομείνας
1683 398 1721 429 εἷς
1734 395 1808 430 τέλος
1817 418 1826 431 ,

1057 438 1131 468 οὗτος
1144 435 1300 470 σωθήσεται.
1315 436 1375 474 Πῦρ
1395 434 1487 463 ἔπεσεν
1500 435 1531 463 ἐκ
1553 437 1599 463 τοῦ
1619 435 1739 473 οὐρανοῦ.
1758 437 1825 466 Καθ’

1057 474 1159 514 ἡμέραν
1173 474 1271 512 ἔκαμνε
1285 473 1440 513 προσφέρων
1460 473 1550 506 θυσίας
1564 473 1631 513 ὑπὲρ
1645 472 1697 503 τῶν
1710 474 1808 503 τέκνων
1817 486 1824 493 ·

1058 513 1075 542 ἃ
1089 516 1147 543 καθ’
1168 513 1271 553 ἡμέραν
1293 513 1400 550 κάμνων
1413 512 1529 553 προσέφε
1547 524 1585 549 εν,
1601 512 1701 552 ἀθρόως
1723 515 1737 542 ὁ
1759 513 1828 547 Θεὸς

1058 555 1094 586 εἷς
1108 553 1199 583 θυσίαν
1221 553 1309 582 ἔλαὸε.
1326 554 1387 592 Πῦρ
1410 552 1502 582 ἔπεσεν
1528 524 1558 581 ἔκ
1584 555 1630 581 τοῦ
1655 553 1684 581 οὔ
1703 555 1776 582 ανοῦ,
1792 554 1827 582 Εἰ

260 607 321 635 gere
332 596 346 625 Ξ)
359 594 431 624 Novi
458 604 519 623 eum
534 616 541 630 ‚
564 593 677 622 illorum
701 603 760 632 quae
786 603 813 621 1n
841 593 1001 638 sacrificium
1013 614 1047 633 5⁹¹
1060 592 1111 631 ἐγὼ
1147 593 1203 626 όνος
1217 592 1370 631 ἔνεδυόμην,
1386 591 1493 624 δικαίως
1515 591 1625 631 ἤλγουν·
1636 593 1660 621 εἰ
1673 593 1688 621 δ
1718 592 1828 628 πένητες

260 635 377 675 accepit,
391 633 548 673 centuplum
565 632 745 662 redditurum.
760 633 834 662 Num
851 643 885 661 ex
900 642 1004 670 1n1qu1—
1021 642 1040 664 Α
1059 632 1205 668 ἐνεδυοντο,

259 682 312 704 tate
324 681 406 719 partae
418 679 480 703 sunt
493 673 576 712 opes?
590 682 654 701 num
666 682 715 711 per
726 671 865 701 avaritiam
880 682 944 701 oves
957 681 1004 700 ac-

260 713 379 753 quistvi?
387 714 437 742 Ex
447 713 607 742 velleribus
617 713 714 740 ovium
725 721 855 740 mearum
864 711 1003 751 calefacti

261 760 329 783 sunt
342 754 456 782 humeri
464 761 626 792 pauperum
638 773 645 787 ,
659 756 687 779 et
700 761 733 780 os·
748 751 842 779 viduoe
856 751 1004 779 benedixit

262 794 344 822 mihi.
362 792 420 822 Scit
431 791 498 830 quid
510 791 589 820 faciat
600 791 682 819 Deus.
697 791 777 820 Nunc
795 789 896 830 accepit
919 799 1004 818 meam

261 831 448 866 substantiam,
465 837 495 860 ut
508 829 668 859 sacrificium
684 842 690 858 :
707 829 828 859 eamdem
847 829 913 858 mihi
929 828 1004 858 mul-

261 871 396 912 tiplicabit
405 881 453 911 per
462 869 571 900 virtutis
582 876 765 908 augmentum.
777 870 801 898 N
803 879 837 897 on
847 879 890 897 me
898 875 1007 898 movent

263 911 394 940 exteriora
408 910 472 946 tela,
478 909 590 938 interius
599 909 745 944 munitum3
758 908 811 937 imo
822 918 887 938 vero
898 918 1005 937 mema-

263 951 304 990 gis
322 950 432 980 interius
448 949 606 978 confirmant
617 948 668 977 Dei
679 947 781 988 sagittae
793 960 799 976 :
812 958 873 976 nam
889 947 1008 987 Sagittae

262 992 388 1029 potentis
413 995 520 1023 acutae;
535 987 570 1017 de
587 987 686 1026 quibus
705 987 749 1016 ait'
763 986 852 1017 David
868 999 875 1015 z
890 987 1009 1026 Sagittoe

266 1037 322 1059 tuae
344 1030 448 1070 infixae
475 1034 543 1057 sunt
565 1028 647 1056 mihi.
673 1027 781 1066 Sagittae
802 1026 882 1065 quae?
906 1027 1009 1065 Sagitta

264 1070 385 1109 pietatis,
402 1068 496 1107 sagitta
513 1066 636 1107 justitiae‚
646 1066 741 1105 sagitta
765 1066 864 1095 amoris
884 1067 933 1095 Dei
948 1088 955 1102 ,
968 1076 1010 1094 sa-

265 1109 330 1148 gitta
359 1107 442 1138 studii
466 1117 526 1146 erga
550 1106 698 1136 virtutem:
719 1105 762 1134 his
784 1105 885 1135 divinis
906 1104 1010 1145 sagittis

265 1148 353 1176 anima
378 1147 546 1178 vulneratur.
571 1146 642 1174 Cum
666 1155 730 1184 ergo
752 1144 878 1174 diabolus
903 1144 1009 1184 experi-

266 1194 386 1215 mentum
405 1187 486 1215 omne'
504 1184 655 1218 sumsisset,
678 1191 705 1212 et
726 1184 898 1213 facultatibus
920 1183 1008 1213 nuda-¹

244 1233 345 1261 xtum,
370 1225 469 1255 virtute
491 1234 545 1253 non
574 1224 700 1252 nudasset
716 1245 723 1259 ,
751 1230 873 1252 naturam
899 1223 1009 1252 demum

118 1505 169 1527 lob.
186 1511 206 1527 1.
222 1505 257 1529 18.

121 1542 156 1565 ¹9·

120 1900 172 1921 lob.
188 1906 196 1921 1
203 1915 208 1920 .
220 1905 258 1921 20.

121 2567 181 2588 Ibat.
194 2573 262 2588 v.21.

266 1265 432 1304 aggreditur,
447 1264 475 1292 in
486 1270 587 1292 naturae
600 1263 735 1291 culturam
749 1262 904 1291 violentiam
918 1263 1008 1299 infert,

266 1314 354 1333 ramos
367 1303 460 1332 avellit
472 1313 487 1331 a
500 1301 600 1337 radice,
608 1300 702 1341 optimi
715 1301 820 1330 athletae
831 1301 901 1330 filios
914 1302 1010 1341 oppri—

267 1343 332 1372 mit:
345 1343 431 1372 aufert
439 1342 568 1376 fructum,
582 1347 612 1369 ut
655 1340 767 1369 nitorem
779 1340 872 1369 dolore
882 1340 1009 1370 afficeret.

266 1383 303 1412 Et
315 1382 380 1421 quid
396 1381 478 1411 facit?
493 1379 566 1411 Vide
584 1351 696 1419 maffigni
710 1379 913 1416 nuntiationem,
929 1391 1011 1418 quam

266 1422 301 1451 sit
315 1422 394 1461 plena
408 1419 493 1450 ironia
511 1427 537 1449 et
552 1419 693 1459 praestigiis
706 1419 841 1458 proxima,
854 1429 914 1458 quae
926 1419 1012 1458 possit

267 1461 368 1490 strenui
394 1460 448 1490 viri
471 1460 590 1488 animum
616 1458 744 1497 frangere.
770 1460 815 1487 Ait
835 1458 920 1495 igitur
944 1458 986 1487 illi
1003 1471 1009 1487 :

268 1501 355 1530 Filiis
374 1501 430 1530 tuis
445 1505 473 1528 et
478 1499 603 1539 filiabus
618 1502 676 1527 tuis
689 1498 908 1527 comedentibus·
926 1504 954 1527 et
969 1500 1012 1527 bi-

270 1541 402 1569 bentibus
422 1541 454 1567 in
470 1539 555 1567 domo
574 1538 759 1577 primogeniti
776 1538 828 1574 tui,
844 1539 928 1566 venit
940 1547 1012 1566 ven-

269 1586 314 1608 tus
325 1580 483 1608 vehemens
494 1588 531 1606 ex
545 1578 669 1612 deserto,
685 1582 713 1604 et
725 1578 870 1606 concussit
882 1577 1012 1611 domum,

268 1629 333 1658 quoe
349 1627 483 1648 cor-ruens
498 1617 636 1656 oppressit
649 1625 754 1655 pueros
768 1622 843 1653 taos,
858 1622 887 1644 et
907 1618 1014 1645 mortui

269 1664 347 1686 sunt.
363 1657 487 1688 Verbum
497 1655 691 1685 diminutivum
703 1677 710 1690 ‚
726 1655 801 1693 quod
813 1654 896 1695 possit
908 1655 1013 1684 luctum

269 1698 395 1726 excitare.
410 1697 470 1726 Non
483 1695 564 1731 dixit,
577 1696 664 1734 Super
678 1695 750 1723 filios
762 1702 822 1724 tuos
834 1718 841 1731 ,
853 1694 910 1731 sed,
923 1694 1015 1734 Super

267 1747 381 1776 pueros,
391 1742 420 1764 ut
433 1745 529 1774 pueros
543 1734 665 1771 audiens,
673 1734 856 1764 misericordia
864 1741 1013 1763 commotus

269 1784 346 1805 esset.
363 1776 449 1804 Venit
462 1781 568 1804 ventus
584 1774 738 1803 vehemens
762 1784 798 1802 ez·
821 1775 946 1803 deserto‘.
960 1775 1014 1803 Ite·-

270 1826 331 1844 rum
340 1814 460 1855 judicem
474 1813 653 1843 calumniatur
668 1819 783 1848 ;vcntus
804 1813 875 1842 enim
897 1824 949 1842 non
965 1813 1014 1842 ho-

268 1855 398 1891 minibus,
414 1853 461 1883 sed
472 1854 529 1882 Deo
542 1852 708 1890 obsequitur.
723 1853 835 1882 Cecidit
849 1863 937 1893 super
941 1863 1014 1892 pue-
1031 1860 1049 1883 C

269 1904 316 1923 ros
328 1901 402 1930 tuos,
413 1900 442 1922 et
455 1893 560 1921 mortui
571 1897 648 1920 sunt.
665 1892 746 1920 Tunc
755 1893 777 1921 J
778 1894 812 1921 ob
820 1894 943 1922 surrexit
953 1904 964 1921 .·
975 1892 1014 1922 sie

269 1930 340 1962 enim
354 1933 484 1972 scriptum
494 1938 544 1960 est.
561 1931 665 1959 Bonum
677 1931 801 1967 verbum,
809 1932 951 1969 Surrexit,
959 1942 1013 1960 non

269 1973 339 2001 enim
352 1983 385 2001 ex
399 1972 478 2011 plaga
491 1969 609 2000 concidit
617 1981 626 2007 3
642 1969 690 1998 sed
704 1971 821 1999 surrexit
834 1971 862 2000 vi
885 1971 990 2011 pietatis
1004 1983 1010 1999 :

269 2012 410 2047 Surrexit,
427 2017 455 2040 et
467 2011 612 2038 adoravit.
628 2011 731 2038 Merces
742 2010 933 2047 calamitatum,
947 2010 1013 2039 ado-

270 2051 347 2080 ratio.
359 2052 504 2079 Percussus
513 2048 663 2078 benedixit;
673 2049 869 2078 calamitatibus
878 2050 1016 2090 impetitus

271 2090 369 2157 frati-as
379 2089 442 2128 egit.
460 2091 501 2118 Et
514 2098 627 2117 comam
644 2089 778 2117 totondit.
789 2090 868 2118 Nunc
887 2089 956 2118 inter
967 2099 1015 2118 nos

284 2136 390 2169 ugentes
403 2128 482 2157 multi
495 2137 597 2156 comam
612 2127 743 2162 nutriunt,
759 2127 806 2157 ille
819 2135 907 2157 autem
921 2129 1013 2157 abstu-

271 2168 312 2198 lit.
329 2168 437 2206 Quare?
445 2167 478 2197 Id
491 2167 620 2195 nimirum
634 2173 709 2195 curat
724 2166 756 2201 is,
773 2178 851 2205 quem
864 2167 952 2197 luctus
964 2178 1014 2207 op-

270 2208 374 2248 primit,
389 2215 418 2237 ut
437 2207 464 2236 in
484 2205 644 2235 contrariam
663 2206 775 2234 formam
795 2206 899 2235 cultum
919 2213 1013 2236 mutet.

272 2249 342 2277 Nam
360 2247 408 2276 ubi
425 2257 500 2275 coma
522 2244 631 2280 colitur,
643 2244 748 2283 signum
766 2245 853 2274 luctus
865 2247 951 2275 tonsio
964 2253 1013 2275 est.

271 2288 383 2327 Semper
400 2286 471 2315 enim
493 2285 613 2323 lugentes
627 2283 789 2313 contrarium
800 2293 923 2323 quaerunt
935 2285 1015 2314 hahi-

271 2333 342 2355 tum.
352 2327 393 2355 Et
403 2326 490 2355 scidit
498 2325 675 2353 vestimenta
689 2334 696 2350 :
709 2323 795 2362 figura
808 2324 917 2362 quidem
926 2325 960 2353 ad
970 2325 1016 2354 do-

272 2366 357 2395 lorem
374 2371 487 2401 tractus,
507 2374 536 2393 re
555 2369 644 2392 autem
664 2362 699 2391 ad
720 2363 846 2392 virtutem
861 2363 1013 2402 expeditus.

272 2405 359 2435 Exuit
375 2404 574 2439 vestimentum,
594 2409 624 2431 ut
645 2401 735 2430 nudus
754 2402 868 2431 luctator
887 2402 1014 2431 adversa-

273 2445 344 2473 rium
357 2444 602 2483 circumplectatur,
615 2448 640 2470 et
655 2451 690 2470 ex
700 2441 843 2480 conspicua
856 2440 927 2470 lucta
937 2442 1018 2481 justi-

274 2484 337 2513 tiam
359 2484 387 2513 in
412 2483 553 2523 praemium
577 2480 700 2520 accipiat.
723 2480 808 2510 Exuit
828 2480 1017 2510 vestimentum

273 2524 321 2562 qui
334 2523 458 2552 induerat
468 2521 600 2562 justitiam
617 2530 623 2547 =
640 2520 731 2560 aitque
745 2530 840 2559 magna
851 2520 899 2549 illa
912 2520 1017 2559 pietatis

273 2563 382 2592 lucerna
393 2573 400 2589 ι
413 2563 553 2591 Dominus
565 2561 655 2595 dedit,
664 2561 808 2589 Dominus
817 2560 937 2589 abstulit
949 2572 957 2588 .·
966 2562 1018 2588 sic-

275 2614 306 2636 ut
318 2608 445 2636 Domino
455 2606 578 2645 placuit,
593 2606 636 2634 ita
654 2603 767 2643 factum
785 2610 825 2634 est
831 2616 844 2639 ,·
855 2605 892 2633 sit
914 2614 1018 2634 nomen

1250 631 1267 667 ὴ
1293 632 1401 661 δύναται
1424 633 1439 660 ὁ
1464 631 1601 666 Δεσπότης
1622 632 1755 670 ἀμελῆσαι
1775 634 1828 662 τῶν

1059 673 1191 712 πτωχῶνς
1203 673 1228 701 O
1241 672 1272 700 δα
1284 670 1326 700 ὅτι
1339 671 1357 700 ἃ
1373 670 1467 700 ἔλαὸεν
1487 672 1524 704 εἷς
1548 671 1648 706 θυσίαν,
1669 670 1828 701 ἀποδίδωσιν

1059 712 1096 744 εἷς
1109 711 1139 740 τὸ
1149 711 1359 741 πενταπλάσιον.
1373 710 1420 746 Μὴ
1436 709 1487 750 γὰρ
1502 709 1529 744 ἐξ
1543 710 1645 743 ἀδικίας
1663 710 1780 750 συνήχθη
1794 710 1829 740 τὰ

1059 750 1199 788 κτήματα;
1229 751 1266 790 μὴ
1287 751 1339 790 γὰρ
1366 750 1419 779 ἀπὸ
1445 749 1595 783 πλεονεξίας
1619 749 1774 788 ἐκτησάμην
1797 749 1831 780 τὰ

1058 789 1196 830 πρόὸατας
1207 791 1258 821 Ἐκ
1271 793 1319 827 τῆς
1331 794 1427 829 κουρᾶς
1450 791 1507 819 τῶν
1525 789 1665 829 προὸάτων
1687 801 1736 828 μου
1755 790 1831 830 ἐθερ-

1060 829 1127 868 μάνθ
1148 842 1196 859 σαν
1210 825 1279 870 ὦμοι
1293 829 1424 865 πενήτων,
1436 829 1481 858 καὶ
1495 829 1582 868 στόμα
1603 829 1688 869 χήρας
1702 828 1830 868 εὖλόγησέ

1083 881 1105 898 ε.
1119 871 1144 899 Ο
1156 871 1184 899 δε
1198 870 1223 899 τί
1235 874 1304 899 ποιεῖ
1324 872 1338 898 ὁ
1349 868 1428 902 Θεός.
1441 870 1497 898 Νῦν
1517 868 1598 898 ἔλαὸέ
1612 880 1661 907 μου
1675 867 1723 904 τὴν
1745 868 1830 908 ὕπαρ-

1062 881 1110 945 gv,
1122 910 1158 943 ὣς
1169 910 1259 939 θυσίαν
1267 921 1274 928 ·
1285 908 1514 942 πολλαπλασιάζει
1525 907 1554 937 δέ
1569 920 1619 947 μου
1634 908 1682 943 τὴν
1694 907 1785 937 οὐσίαν
1793 910 1830 942 εἷς

1061 949 1227 988 πλεονασμὸν
1248 950 1354 989 ἀρετῆς.
1369 949 1410 978 Οὖ
1425 947 1531 977 σαλεύει
1545 959 1578 985 με
1599 947 1634 977 τὰ
1654 947 1747 981 ἔξωθεν
1763 947 1830 986 βέλη

1062 992 1117 1021 τοῖς
1129 988 1224 1018 ἔσωθεν
1237 987 1421 1028 ὀχυρούμενον·
1435 987 1551 1027 στηρίξει
1566 986 1594 1016 δέ
1605 998 1639 1026 με
1649 987 1748 1026 μᾶλλον
1762 986 1832 1018 ἔνδο-

1064 1030 1106 1057 θεν
1119 1027 1154 1056 τὰ
1167 1031 1212 1057 τοῦ
1226 1029 1297 1057 Θεοῦ
1306 1027 1432 1067 βέλη.Τὰ
1441 1027 1494 1067 γὰρ
1508 1026 1572 1066 βέλη
1586 1029 1632 1056 τοῦ
1647 1027 1757 1055 δυνατοῦ
1764 1028 1832 1062 ἠκο-

1064 1066 1165 1106 νημένα
1172 1079 1178 1085 ·
1191 1067 1252 1107 περὶ
1266 1063 1302 1096 ὧν
1316 1066 1389 1106 ἔλεγε
1399 1067 1482 1096 Δαυὶδ
1489 1090 1497 1103 ,
1507 1065 1547 1096 ὅτι
1556 1066 1600 1095 Τὰ
1609 1065 1674 1106 βέλη
1684 1076 1731 1094 σου
1741 1065 1832 1095 ἐνεπά-

1064 1106 1150 1146 γησάν
1169 1119 1224 1145 μοι.
1240 1107 1284 1136 Τὰ
1297 1106 1361 1146 βέλη
1371 1128 1379 1142 ,
1390 1110 1466 1142 ποῖα;
1490 1105 1572 1139 Βέλος
1590 1104 1739 1141 εὐσεὸείας,
1756 1105 1832 1144 βέλος

1066 1145 1231 1182 δικαιοσύνης
1238 1167 1246 1181 ,
1260 1145 1335 1186 βέλος
1345 1145 1425 1175 πόθου
1433 1145 1498 1185 πρὸς
1509 1146 1587 1180 Θεὸν,
1600 1144 1675 1184 βέλος
1682 1144 1760 1180 ζήλου
1771 1146 1833 1184 ἀρε·

1064 1189 1126 1222 τῆς·
1141 1185 1241 1219 τούτοις
1255 1190 1310 1219 τοῖς
1323 1185 1400 1219 θείοις
1414 1185 1517 1224 βέλεσιν
1527 1187 1544 1220 ἡ
1556 1186 1591 1225 ψυ
1611 1184 1629 1220 ὴ
1644 1183 1831 1224 τιτρώσκεται.

1065 1225 1112 1258 Ὡς
1119 1221 1164 1254 οῧν
1175 1231 1263 1255 πᾶσαν
1273 1229 1366 1266 πεῖραν
1378 1224 1555 1264 προσαγαγὼν
1568 1227 1582 1254 ὁ
1591 1197 1719 1259 ἔῖάὸολος,
1726 1223 1831 1253 καὶτῶν

1065 1265 1208 1303 κτημάτων
1219 1265 1374 1304 γυμνώσας,
1385 1266 1432 1299 τῆς
1444 1265 1539 1303 ἀρετῆς
1552 1265 1599 1293 οὒκ
1610 1262 1746 1302 ἐγύμνωσε
1754 1285 1762 1298 ,
1773 1275 1830 1303 χω-

1067 1308 1105 1343 ρεῖ
1114 1304 1205 1333 λοιπὸν
1216 1304 1259 1333 ἐπὶ
1269 1304 1318 1339 τὴν
1326 1303 1413 1343 φύσιν,
1425 1303 1470 1332 καὶ
1479 1303 1527 1339 τὴν
1534 1302 1663 1342 γεωργίαν
1671 1304 1719 1337 τῆς
1730 1301 1832 1343 φύσεως

1067 1342 1202 1382 βιάζεται,
1216 1343 1261 1372 καὶ
1275 1345 1384 1382 ἀποσπᾷ
1397 1341 1456 1375 τοὺς
1479 1342 1590 1376 κλάδους
1602 1342 1654 1371 ἀπὸ
1677 1344 1725 1377 τ’ἧς
1744 1341 1831 1381 ῥίζης,

1066 1382 1111 1411 καὶ
1126 1382 1257 1422 συντρίὸει
1271 1382 1331 1415 τοὺς
1341 1382 1437 1414 παῖδας
1449 1385 1494 1411 τοῦ
1509 1383 1590 1411 καλοῦ
1605 1383 1750 1420 ἀγωνιστοῦ
1761 1392 1767 1398 ·
1781 1392 1833 1409 πε-

1068 1426 1162 1462 ριαιρεῖ
1174 1423 1218 1451 τὸν
1230 1422 1342 1461 καρπὸν,
1355 1420 1398 1450 ἵνα
1410 1421 1517 1460 λυπήσῃ
1535 1421 1579 1450 τὸν
1590 1420 1763 1459 γεννήσαντα.
1779 1419 1833 1449 Καὶ

1066 1461 1093 1490 τί
1106 1465 1191 1498 ποιεῖ;
1205 1460 1292 1490 Βλέπε
1304 1461 1349 1490 καὶ
1368 1460 1417 1493 τὴν
1433 1461 1557 1500 ἀγγελίαν
1569 1462 1615 1489 τοῦ
1629 1462 1743 1499 πονηροῦ
1754 1481 1761 1494 ,
1776 1460 1834 1492 πῶς

1068 1500 1152 1539 μεστὴ
1168 1500 1216 1540 μέν
1231 1501 1303 1530 ἐστιν
1315 1500 1512 1540 εἷρωνείας,κα“ι
1526 1501 1561 1533 εἷς
1571 1499 1693 1539 γοητείαν
1703 1498 1833 1538 ῥέπουσα,

1067 1540 1112 1569 καὶ
1125 1539 1292 1570 κατακλάσαι
1305 1540 1353 1575 τὴν
1371 1539 1459 1579 ψυχὴν
1480 1543 1525 1570 τοῦ
1546 1538 1663 1578 γενναίου
1691 1537 1832 1577 δυναμένη.

1067 1579 1147 1618 Λέγει
1161 1576 1204 1609 οῧν
1220 1580 1292 1619 αὐτῷ
1303 1591 1309 1598 ·
1322 1580 1385 1608 Τῶν
1397 1581 1460 1608 υἱῶν
1469 1578 1587 1619 ‘eou'xoel
1607 1579 1662 1607 τῶν
1684 1577 1834 1617 θυγατέρων

1068 1631 1114 1648 σου
1126 1619 1262 1648 ἐσθιόντων
1277 1618 1323 1648 καὶ
1339 1617 1467 1648 πινόντων
1482 1620 1508 1648 ἐν
1522 1620 1555 1654 τῆ
1574 1617 1644 1657 οἰκία
1656 1620 1702 1646 τοῦ
1716 1617 1834 1656 πρεσὸυ-

1067 1658 1142 1698 τέρου
1158 1670 1204 1688 σου
1218 1661 1284 1692 υἱοῦ,
1297 1654 1360 1694 ἦλθε
1373 1662 1478 1697 πνεῦμα
1493 1651 1561 1697 μέγα
1573 1658 1603 1686 ἐκ
1611 1658 1659 1692 τῆς
1666 1656 1766 1707 ἐρήμου
1774 1655 1836 1691 ,καὶ

1068 1698 1200 1728 συνέσεισε
1211 1698 1255 1728 τὸν
1267 1694 1347 1733 οἶκον,
1355 1697 1400 1727 καὶ
1412 1698 1503 1728 ἔπεσεν
1513 1697 1557 1727 ἐπὶ
1568 1696 1602 1726 τὰ
1609 1697 1702 1725 παιδια
1714 1707 1774 1731 σου,
1790 1695 1836 1725 καὶ

1068 1737 1252 1774 ἐτελεύτησαν.
1266 1738 1319 1768 Καὶ
1332 1737 1362 1767 τὸ
1397 1740 1455 1776 ἦμα
1469 1735 1678 1776 ὗποκοριστικὸν,
1691 1735 1835 1774 δυνάμενον

1069 1779 1123 1816 ἐγεῖ
1141 1789 1168 1806 αι
1180 1777 1281 1811 πένθος.
1294 1778 1353 1807 Οὔκ
1367 1789 1379 1806 ε
1391 1788 1449 1812 πεν,
1461 1777 1505 1806 ἐπὶ
1524 1776 1557 1805 τὰ
1578 1775 1658 1805 τέκνα
1683 1786 1744 1817 603,
1755 1774 1834 1810 ἀλλὰ,

1069 1789 1139 1846 'lini
1146 1816 1179 1845 τὰ
1193 1817 1294 1853 παιδία,
1303 1816 1346 1846 ἵνα
1359 1820 1412 1847 τῶν
1420 1816 1520 1846 παίδων
1531 1814 1692 1851 ἀκούσας,εἷς
1703 1817 1788 1844 οἶκτον
1795 1813 1838 1843 ἔλ-

1070 1856 1164 1895 θῃ,“ι’να
1176 1858 1286 1896 καμφθῇ
1298 1856 1362 1895 πρὸς
1376 1850 1636 1894 συμπάθειανΪΗλΟε
1649 1856 1752 1892 πνεῦμα
1767 1853 1836 1893 μέγα

1069 1897 1099 1924 ἐκ
1113 1898 1160 1931 τῆς
1178 1896 1285 1935 ἐρήμου.
1297 1895 1384 1925 Πάλιν
1398 1896 1442 1925 τὸν
1455 1895 1547 1935 κριτὴν
1565 1894 1701 1924 διαὸάλλει
1711 1905 1717 1911 ·
1731 1896 1836 1932 πνεῦμα

1069 1935 1104 1973 γὰ
1134 1938 1181 1965 οὐκ
1195 1935 1340 1974 ἀνθρώποις
1352 1935 1486 1969 ὑπακούει,
1502 1934 1570 1963 ἀλλὰ
1582 1936 1621 1973 τῷ
1633 1935 1706 1963 Θεῶ.
1721 1932 1837 1962 Ἔπεσεν

1070 1976 1114 2003 ἐπι
1121 1974 1155 2010 τὰ
1168 1974 1261 2004 παιδία
1271 1987 1328 2011 σου,
1337 1975 1381 2004 καὶ
1396 1973 1650 2009 ἐτελεύτησαν.Τότε
1658 1963 1721 2002 ’1ὧὸ
1731 1972 1837 2008 ἀνέστη·

1070 2013 1139 2043 οὕτω
1151 2014 1202 2053 γὰρ
1213 2014 1368 2053 γέγραπται.
1379 2014 1467 2044 Καλὸν
1479 2013 1523 2048 τὸ,
1535 2013 1658 2048 Ἀνέστη·
1668 2014 1697 2041 οὗ
1705 2011 1756 2051 γὰρ
1763 2011 1838 2041 κατέ-

1070 2065 1135 2082 πεσε
1145 2056 1179 2093 τῇ
1187 2054 1289 2092 πληγῇ,
1297 2054 1355 2082 ἀλλ’
1369 2054 1464 2088 ἀνέστη
1473 2055 1506 2091 τῇ
1518 2052 1626 2091 δυνάμει
1639 2053 1687 2086 τῆς
1696 2051 1837 2084 εὗσεὸείας·

1070 2092 1188 2129 Ἀνέστη,
1196 2093 1241 2121 καὶ
1256 2093 1447 2132 προσεκύνησε.
1457 2091 1557 2125 Μισθὸς
1573 2092 1714 2130 συμφορῶν
1725 2092 1742 2125 ἦ
1752 2102 1838 2130 προσ-

1070 2131 1185 2168 κόνησις.
1199 2131 1370 2170 Τυπτόμενος
1388 2132 1500 2170 εὐλόγει·
1515 2134 1662 2170 συμφοραῖς
1678 2130 1838 2168 βαλλόμενος

1071 2172 1229 2212 εὐχαρίστει.
1238 2171 1290 2200 Καὶ
1298 2171 1479 2211 περιεκείρατο
1486 2170 1534 2205 τὴν
1543 2171 1640 2208 κόμην.
1648 2171 1703 2199 Νῦν
1713 2170 1752 2209 ἐφ’
1761 2171 1838 2206 ἡμῶν

1070 2214 1122 2240 τῶν
1139 2210 1300 2240 πενθούντων
1321 2211 1414 2240 πολλοὶ
1437 2210 1562 2250 τρέφουσι
1581 2211 1676 2248 κόμην,
1702 2210 1797 2242 ἐκεῖνος
1811 2208 1839 2238 δὲ

1071 2250 1198 2290 περιῄρει.
1207 2250 1259 2279 Διὰ
1266 2250 1308 2285 τί,
1322 2251 1370 2290 Τῷ
1380 2253 1515 2285 πενθοῦντι
1529 2249 1560 2278 τὸ
1571 2248 1791 2287 σπουδαζόμενον,
1803 2249 1840 2281 εἷς

1070 2290 1101 2331 τὲ
1115 2289 1230 2319 ἐναντίον
1240 2292 1333 2330 σχῆμα
1342 2292 1500 2330 περιστῆσαι
1509 2288 1557 2324 τὴν
1566 2288 1738 2317 κατάστασιν.
1749 2286 1838 2316 “Onon

1071 2332 1115 2358 οὖν
1127 2334 1237 2367 τιμᾶται
1251 2329 1322 2367 κόμη
1333 2351 1341 2365 ,
1356 2334 1465 2368 σημεῖον
1479 2328 1587 2360 πένθους
1600 2327 1631 2356 τὸ
1644 2327 1681 2366 μὴ
1694 2326 1836 2366 κείρεσθαι.

1071 2370 1215 2408 Πανταχοῧ
1226 2368 1276 2407 γὰρ
1295 2369 1324 2397 τὸ
1339 2368 1454 2398 ἐναντίον
1476 2370 1593 2403 ζητεῖται
1614 2368 1708 2406 σχῆμα
1721 2365 1774 2394 ἀπὸ
1786 2367 1838 2393 τῶν

1071 2408 1243 2437 πενθούντων.
1257 2408 1311 2437 Καὶ
1326 2408 1444 2448 διέρρηξε
1466 2407 1500 2436 τὰ
1520 2406 1626 2445 ἱμάτια·
1646 2407 1683 2434 τῶ
1699 2404 1745 2444 μὲν
1771 2404 1841 2444 σχή-

1073 2459 1137 2486 ματι
1151 2447 1216 2487 πρὸς
1230 2447 1259 2476 τὸ
1274 2447 1356 2481 πάθος
1369 2446 1578 2486 ἀποσυρόμενος,
1592 2446 1630 2484 τῷ
1651 2445 1666 2473 δ
1701 2443 1840 2483 πράγματι

1071 2487 1136 2526 πρὸς
1148 2487 1195 2522 τὴν
1212 2487 1306 2526 ἀρετὴν
1319 2487 1504 2525 ἀποδυόμενος.
1520 2485 1672 2515 Ἀποδύεται
1683 2484 1713 2513 τὸ
1724 2483 1840 2522 ἱμάτιον,

1072 2526 1114 2554 ἵνα
1125 2529 1160 2559 ὣς
1173 2526 1271 2565 γυμνὸς
1284 2526 1399 2562 ἀθλητὴς
1409 2526 1560 2566 περιπλακῇ
1575 2527 1612 2563 τῷ
1625 2523 1761 2562 ἀντιπάλῳ
1772 2545 1779 2556 ,
1795 2523 1841 2551 καὶ

1073 2564 1100 2598 ἐξ
1119 2565 1305 2605 ἀναντιῤῥήτου
1319 2566 1406 2601 πάλης
1431 2563 1564 2605 βραὸεύσῃ
1588 2563 1637 2599 τὴν
1662 2561 1839 2596 δικαιοσύνην.

1264 2605 1270 2615 ι

1074 2604 1234 2634 Ἄπεδύσατο
1247 2617 1276 2634 το
1290 2605 1393 2644 ἱμάτιον
1416 2607 1430 2634 ὁ
1451 2603 1616 2643 ἐνδεδυμένος
1642 2602 1691 2638 τὴν
1705 2600 1839 2631 δικαιοσύ-
