1890 2826
546 213 590 237 DE
615 210 886 238 PROPERTIARUM
913 209 1157 236 OBSCURITATE·
1187 213 1224 236 Π.

109 277 164 306 λιν·
177 275 368 312 Πλησθήσεται
379 277 397 311 ἡ
410 276 445 315 γῆ
466 277 513 305 τοῦ
531 276 630 314 γνῶναι
650 274 695 304 τὸν
708 273 822 314 Κύριον,
836 273 873 306 ὥς
901 295 903 297 -

109 322 180 362 ὕδωρ
192 321 260 352 πολὺ
270 320 455 361 κατακαλύψαι
466 320 608 355 θαλάσσας.
620 320 674 351 Καὶ
691 323 706 350 ὁ
722 319 807 350 aaut&
818 318 873 348 πά-

109 369 150 398 λιν
168 367 270 405 ἔλεγεν·
284 366 376 403 Ἀνέὸη
389 369 403 396 ὁ
417 367 484 400 Θεὸς
505 368 533 396 ἐν
551 367 712 406 ἀλαλαγμῷ,
732 365 827 404 Κύριος
846 365 874 394 ἐν

109 415 182 453 φωνῇ
195 409 362 453 σάλπιγγος·
385 412 431 443 καὶ
452 413 548 443 πάλιν·
572 409 656 444 Εἶπεν
677 414 691 442 ὁ
715 411 811 452 Κύριος
835 412 874 450 τῷ

108 457 199 498 Κυρίῳ
221 470 288 497 μου,
311 458 392 488 κάθου
411 459 442 488 ἐκ
455 458 544 493 δεξιῶν
558 471 626 498 μου,
648 458 697 492 ἕως
715 457 746 487 ἂν
764 459 802 487 θῶ
814 455 875 489 τοὺς

108 504 217 544 ἐχθρούς
230 516 276 534 σου
287 504 428 535 ὑποπόδιον
442 507 496 536 τῶν
509 506 596 536 ποδῶν
607 516 666 535 σου.

148 732 227 764 Ἐπεὶ
239 728 284 765 οἶν
298 734 344 765 καὶ
355 721 418 775 περὶ
430 738 476 765 τοῦ
489 735 604 770 πάθους,
617 734 663 764 καὶ
675 733 737 773 περὶ
754 734 801 769 τῆς
814 734 881 762 ἀνα·-

108 780 241 817 στάσιως,
253 781 298 811 καὶ
315 781 376 822 περὶ
389 785 437 818 τῆς
456 781 624 821 ἀναλήψεως,
643 780 688 809 καὶ
709 778 770 819 περὶ
785 780 833 814 τ’ῆς
846 778 877 807 ἐκ

1598 212 1664 236 211

929 271 1009 302 Sicut
1022 274 1084 303 ovis
1108 274 1150 302 ad
1162 273 1455 304 occisionemductus
1482 280 1535 312 ese,
1550 281 1579 304 et
1598 276 1674 305 sicut
1683 284 1740 308 lsai.
1750 283 1787 308 53.
1799 292 1822 315 7·

931 329 1024 358 agnus
1032 329 1130 353 coram
1142 321 1281 351 tondente
1289 331 1320 350 se
1333 327 1441 356 miuus,-
1451 327 1476 349 et
1483 331 1577 350 rursus
1590 322 1674 350 :Erit
1683 327 1742 350 lsai.
1764 333 1798 349 ιι.

931 366 1017 394 radix
1029 367 1121 395 Jessae
1135 373 1163 396 et
1185 369 1236 407 qui
1249 368 1409 407 consurgit,
1424 373 1457 396 ut
1480 369 1613 406 princeps
1636 367 1672 396 sit
1686 366 1722 383 ¹⁰·

930 414 1057 452 gentium
1061 424 1075 449 ,·
1086 414 1118 441 in
1130 414 1190 453 ipso
1213 421 1312 453 gentes
1325 415 1481 454 sperabunt
1488 425 1501 448 ;
1519 419 1546 441 et
1554 422 1648 442 rursus
1664 423 1672 440 ι

930 459 1102 497 Replebimr
1114 466 1192 489 terra
1216 462 1381 500 cognitione
1394 460 1527 496 Domini,
1541 465 1573 488 ut
1589 461 1675 497 quasi
1684 467 1744 489 [bid.
1756 474 1808 498 v.9.

930 517 1012 546 aqua
1034 507 1128 536 multa
1149 510 1296 547 cooperiat
1310 509 1415 539 maria.
1427 507 1464 536 Et
1477 505 1569 536 David
1579 516 1674 535 rursus

930 551 1036 582 dicebat
1048 563 1055 580 ε
1071 553 1218 582 Ascendit
1232 555 1313 584 Deus
1326 555 1358 582 in
1364 553 1556 594 jubilatione,
1572 552 1674 581 Domi·
1683 555 1824 586 Psa1.46.6.

931 608 986 627 nus
998 600 1030 629 in
1042 608 1117 629 voce
1131 601 1227 637 tuboe,·
1242 607 1268 629 et
1289 610 1384 630 rursus
1400 610 1407 627 ι
1425 600 1509 629 Dixit
1528 598 1674 628 Dominus
1683 606 1751 627 Psal.
1772 599 1834 635 109..

931 644 1059 674 Domino
1073 655 1146 683 meo,
1158 645 1232 675 Sede
1254 657 1273 675 a
1293 647 1404 676 dextris
1416 648 1498 683 meis,
1515 646 1608 675 donec
1619 655 1675 685 po-
1687 643 1707 659 ¹·

930 700 1000 723 nam
1013 692 1147 720 inimicos
1161 697 1226 721 tuos
1240 692 1403 722 scabellum
1415 693 1522 732 pedum
1547 697 1675 729 tuorum.

971 737 1001 765 5.
1022 736 1092 766 Cum
1116 736 1200 776 igitur
1217 737 1252 766 de
1274 737 1408 778 passione,
1417 737 1452 767 de
1469 737 1675 775 resurrectione,

930 780 965 811 de
989 782 1152 818 ascensione,
1167 782 1202 814 de
1226 783 1343 812 sessione
1355 783 1391 813 ad
1410 783 1560 820 dexteram,
1578 782 1613 812 de
1632 793 1676 813 se-

110 826 201 861 δεξῦῖὖν
221 828 348 868 καθέδρας
359 850 368 865 ,
386 828 431 858 καὶ
451 828 513 868 περὶ
533 829 582 863 τῆς
598 826 720 866 δευτέρας
732 827 812 855 αὐτοῦ
825 836 877 854 πα·
894 833 914 858 Β
931 828 1021 859 cundo
1034 829 1094 869 ejus
1116 829 1246 867 adventu,
1258 840 1290 860 ac
1309 829 1343 860 de
1357 831 1483 861 omnibus
1496 830 1553 860 istis
1566 830 1594 859 in
1614 830 1677 860 uni-

112 873 232 912 ρθυσίας,
251 873 296 903 καὶ
312 874 374 914 περὶ
385 874 492 904 πάντων
508 871 608 903 τούτων
620 873 712 905 ἁπλῶς
731 873 783 901 τῶν
800 871 828 900 ἐν
841 871 876 909 τῇ

111 920 198 959 Καινῇ
215 919 343 959 κειμένων
355 924 480 960 προεῖπεν
490 922 507 955 ἡ
520 919 623 950 παλαιὰ
633 918 766 954 Διαθήκη,
781 917 824 946 ἵνα
838 915 876 955 μὴ

111 964 234 1004 ἄγνωστα
245 965 310 1006 μένῃ
321 969 405 995 ταῦτα
417 970 472 999 τοῖς
482 965 567 995 ἔθνεσι
579 970 632 998 τοῖς
643 963 710 1004 μετὰ
720 966 805 993 ταῦτα
816 962 880 1002 μέλ-

110 1010 200 1046 λουσιν
221 1010 339 1047 ἔσισθαι,
362 1011 408 1041 καὶ
437 1012 552 1051 ἀγνοῶσι
574 1013 622 1047 τῆς
644 1009 807 1050 προφητείας
830 1008 879 1044 τὴν

111 1056 198 1097 ἰσχὺν,
209 1057 378 1098 ᾧκονόμησεν
389 1060 407 1093 ἡ
416 1061 463 1087 τοῦ
472 1059 543 1088 Θεοῦ
560 1057 637 1097 χάρις
653 1057 706 1096 πρὸ
718 1058 766 1092 τῆς
781 1067 880 1095 παρου-

110 1102 171 1136 σίας
182 1106 228 1132 τοῦ
244 1105 358 1144 Χριστοῦ
375 1105 568 1144 ᾅρμηνευθῆναι
579 1103 627 1136 τὰς
643 1101 766 1142 Γραφὰς,
781 1102 811 1137 οὐ
827 1104 881 1134 τοῖς

111 1149 140 1182 ἐξ
154 1150 232 1179 ἐθνῶν
248 1149 342 1189 μόνον,
357 1149 425 1179 ἀλλὰ
445 1149 491 1179 καὶ
513 1148 647 1178 Ἰουδαίων
668 1153 722 1181 τοῖς
742 1147 880 1187 πανὲαχοῢ

113 1197 161 1230 τῆς
180 1196 334 1235 οἰκουμένης
356 1197 523 1235 διασπαρεῖσι
543 1195 588 1224 καὶ
605 1194 654 1231 τὴν
674 1193 804 1234 Ἑὸραΐδα
822 1194 881 1222 λοι-

113 1242 163 1270 πὸν
181 1241 345 1271 ammona:
363 1242 486 1281 γλῶσσαν
498 1240 646 1281 χρησίμους
664 1240 744 1273 αὐτὰς
763 1241 878 1269 *ποιῶι

114 1286 182 1316 Ἰδοὺ
196 1286 259 1326 γὰρ,
272 1287 424 1317 ἐπίστευσεν
438 1289 452 1316 ὁ
468 1287 495 1321 ἐξ
510 1288 598 1323 ἐθνῶν,
613 1285 718 1325 βλέπων
734 1285 768 1315 τὰ
781 1288 881 1324 σημεῖα

113 1337 166 1364 τῶν
188 1333 331 1364 Ἰουδαίων.
350 1335 413 1368 Πῶς
436 1329 506 1374 εἶχον
529 1333 609 1363 πάλιν
631 1331 810 1372 ἐπαγαγέσθαι
834 1331 880 1360 τὸν

114 1381 238 1410 Ἰουδαῖον
250 1382 274 1410 οἰ
286 1380 437 1417 ἀπόστολοι,
451 1382 474 1410 εἰ
495 1380 532 1419 μὴ
543 1379 652 1418 ἔμελλον
663 1380 735 1419 αὐτῷ
750 1378 879 1413 διδάσκαὴ

113 1428 160 1456 λον
169 1427 268 1457 οἴκοθεν
280 1427 406 1467 παρέχειν
419 1426 464 1456 τὸν
477 1426 627 1466 προφήτην,
641 1426 675 1454 Ei
687 1424 740 1465 γὰρ
755 1427 791 1459 εἰς
801 1424 879 1460 Ἀθή-

114 1484 165 1506 νας-
173 1472 296 1502 εἰσελθὼν
308 1475 322 1502 ὁ
331 1473 439 1506 Παῦλος
451 1472 652 1512 ἐπιγράμματος
663 1471 758 1507 ἐδεήθη
774 1471 880 1511 ἐγκεκο-

113 1518 248 1558 λαμμένου
260 1520 352 1559 βωμῷ,
361 1518 408 1548 καὶ
418 1518 466 1554 τὴν
480 1517 651 1547 διδασκαλίαν
663 1516 691 1551 ἐξ
705 1516 803 1546 ἐκείνου
814 1516 880 1556 πρὸς

114 1564 207 1598 αὐτοὺς
223 1564 382 1600 ἐποιήσατο,
394 1567 449 1597 τοῖς
470 1563 574 1597 οἰκείοις
594 1565 680 1604 aas&
700 1562 790 1596 ὅπλοις
805 1564 880 1592 εὐκο-

113 1610 227 1650 λώτερον
238 1610 356 1650 αἱρήσειν
365 1610 528 1650 προσδοκῶν,
536 1609 601 1649 ὅπερ
610 1609 655 1639 καὶ
666 1608 781 1649 ἐγένετο·
790 1609 882 1648 πολλῷ

112 1657 216 1694 μᾶλλον
224 1655 359 1689 Ἰουδαίοις
371 1655 552 1694 διαλεγόμενος
569 1656 652 1684 ἐδεῖτο
668 1654 822 1694 συμμαχίας
834 1656 881 1690 τῆς

116 1701 169 1731 ἀπὸ
182 1703 234 1731 τῶν
248 1703 399 1742 προφητῶν,
413 1700 535 1739 ὥστιμὴ
555 1701 600 1730 καὶ
621 1701 733 1734 ἐκείνους
747 1702 881 1739 ἐγκαλεῖν,

116 1746 157 1776 ὅτι
174 1746 253 1776 καινά
265 1758 324 1776 τινα
338 1746 384 1777 καὶ
403 1746 533 1780 ξενίζοντα
552 1746 667 1786 εἰσφέρει
687 1747 724 1778 εἰς
741 1745 788 1779 τὰς
802 1745 882 1779 ἀκοὰς

117 1794 212 1822 αὗτῶν.
225 1793 278 1822 Καὶ
289 1792 332 1822 διὰ
348 1792 385 1828 τί,
396 1792 489 1833 φησὶν,
501 1793 549 1821 οὐκ
562 1787 594 1827 ἧν
609 1791 658 1833 μία
671 1791 759 1832 φωνὴ,
773 1792 817 1821 καὶ
830 1791 883 1821 πά-

116 1850 165 1874 σης
175 1834 243 1877 ἦμεν
257 1838 455 1878 ἀπηλλαγμένοι
468 1839 516 1873 τῆς
530 1837 681 1874 δυσκολίας;
693 1837 751 1867 Μία
765 1837 838 1877 φωνὴ
852 1836 883 1867 τὸ

117 1885 229 1914 παλαιὸν
241 1880 284 1920 ἦν,
294 1879 317 1914 ὖ
334 1884 464 1924 ἄνθρωπε,
475 1884 520 1913 καὶ
532 1883 621 1922 ὥσπερ
634 1883 682 1922 μία
695 1882 772 1923 φύσις
783 1883 882 1923 ἀνθρώ-

117 1942 189 1967 πων,
198 1930 244 1960 καὶ
258 1930 307 1969 μία
317 1930 390 1971 φωνὴ
402 1930 508 1959 πάντων
519 1925 563 1966 ἦν.
576 1930 635 1959 Οὐκ
649 1925 682 1965 ἦν
693 1929 884 1969 ἑτερόγλωσσος

117 1977 164 2006 ἀπ’
179 1978 278 2016 ἀρχῆς,
291 1977 340 2006 οὐκ
358 1971 391 2012 ἧν
405 1975 580 2016 ἑτερόφωνος,
595 1977 643 2005 οὐκ
661 1971 695 2011 ἦν
713 1975 808 2010 Ἰνδὸς,
823 1975 884 2005 οὔτε

117 2021 209 2063 Θρᾷξ,
230 2022 290 2052 οὔτε
310 2021 428 2058 Σκύθης,
453 2022 521 2051 ἀλλὰ
548 2021 644 2054 πάντες
669 2026 718 2061 μιᾷ
738 2021 884 2060 διελέγοντο

118 2068 236 2108 γλώσσῃ.
247 2068 283 2098 Τί
295 2063 339 2097 οὗν
353 2067 442 2107 γέγονε
455 2067 486 2097 τὸ
499 2066 596 2103 αἷτιον;
611 2067 699 2107 φησίν.
714 2067 823 2101 Ἀνάξιοι
836 2069 884 2102 τῆς

120 2119 182 2152 μιᾶς
193 2114 291 2150 ταύτης
302 2116 389 2154 φωνῆς
401 2114 534 2155 ἐφάνημεν
548 2116 633 2152 ἡμεῖς,
644 2115 668 2142 οἱ
682 2112 831 2152 ἀγνώμονες
842 2113 883 2142 ἀεὶ

120 2159 181 2199 περὶ
201 2160 246 2190 τὸν
266 2160 416 2200 εὐεργέτην.
430 2159 466 2189 Τί
478 2159 576 2198 λέγεις,
598 2161 685 2199 φωνῆς
705 2158 804 2193 ἀνάξιοι
818 2159 883 2198 ἐφά-

119 2217 218 2243 νημεν;
235 2206 280 2235 καὶ
301 2205 336 2234 τὰ
356 2205 414 2244 μὲν
426 2205 509 2243 ἄλογα
530 2205 579 2241 τὴν
602 2205 700 2234 οἰκείαν
721 2204 809 2244 φωνὴν
828 2205 885 2244 ἔχει

120 2250 223 2280 πάντα·
239 2252 372 2290 βληχᾶται
385 2250 523 2291 πρόὸατα,
540 2252 677 2289 μηκῶνται
699 2246 783 2289 αἶγες,
799 2256 884 2289 μυκᾶ-

120 2307 165 2325 ται
177 2298 284 2336 ταῦρος,
295 2295 444 2336 χριμετίζει
458 2295 552 2330 ἵππος,
566 2296 693 2336 βρύχεται
704 2295 771 2325 λέων
780 2318 788 2332 ,
801 2296 883 2336 ὠρύε-

120 2354 165 2371 ται
177 2342 270 2377 λύκος,
289 2341 387 2382 συρίζει
399 2342 516 2381 δράκων·
528 2342 638 2372 ἕκαστον
654 2344 708 2371 τῶν
722 2342 824 2381 ἀλόγων
840 2342 884 2372 τὸν

121 2389 215 2417 οἰκεῖον
228 2386 340 2427 φθόγγον
354 2387 519 2427 διετήρησεν,
534 2387 586 2427 ἐγὼ
599 2387 626 2417 δὲ
640 2387 717 2427 μόνος
727 2390 775 2423 τῆς
788 2388 886 2422 οἰκείας

123 2433 305 2473 ἀπεστέρημαι
320 2434 422 2473 φωνῆς;
436 2432 489 2462 Καὶ
511 2432 545 2462 τὰ
566 2433 645 2473 ἄγρια
668 2434 713 2463 καὶ
732 2433 765 2463 τὰ
783 2433 884 2475 ἥμερα,

122 2478 166 2508 καὶ
186 2478 220 2508 τὰ
237 2479 363 2519 χειροήθη
383 2478 428 2507 καὶ
449 2478 484 2507 τὰ
509 2478 685 2508 artedunum
709 2480 764 2512 ζῶα
785 2478 886 2518 ἔμεινεν

155 2576 167 2588 ·
185 2575 264 2595 nocem.
286 2568 428 2594 Dicendum
451 2568 584 2594 videbatur
604 2573 696 2596 ποιοῦσα
715 2578 720 2593 :
741 2578 799 2595 nam
818 2569 877 2595 sub-

126 2609 263 2634 stantivum
278 2613 317 2634 est
331 2617 405 2641 supra
417 2612 432 2638 ἡ
443 2613 482 2634 τοῦ
493 2612 551 2636 Θεοῦ
560 2613 635 2643 χάρις.
645 2607 696 2635 Sed
709 2607 750 2634 hic
761 2617 874 2642 sensnm,

930 884 1051 912 versum,
1062 885 1122 914 quae
1132 875 1161 905 in
1172 907 1175 909 ,
1186 876 1264 906 Novo
1289 883 1362 913 sunt,
1374 877 1575 906 Testamentum
1589 877 1678 907 Vetus

931 920 1099 960 praedixerit‚
1117 931 1151 950 ne
1168 921 1220 951 ista
1243 922 1368 961 gentihus
1389 933 1455 951 mox
1476 922 1574 951 futuris
1586 921 1678 961 ignota

932 973 1108 1003 remanerent,
1125 967 1156 997 a'c
1181 967 1239 997 vim
1261 968 1410 1007 prophetiae
1430 968 1593 1006 ignorarent,
1616 974 1678 997 ante

936 1011 1042 1041 Christi
1058 1012 1205 1043 adventum
1224 1020 1255 1042 ut
1277 1020 1494 1044 converterentur
1519 1013 1677 1053 scripturae,

936 1059 1021 1097 gratia
1031 1057 1124 1088 divina
1139 1058 1270 1098 providit,
1285 1070 1382 1098 easque
1401 1070 1455 1089 non
1474 1059 1555 1089 modo
1569 1070 1681 1090 conver·

934 1103 972 1132 sis
985 1113 1018 1132 ex
1030 1103 1166 1142 gentibus,
1182 1103 1229 1133 sed
1240 1104 1320 1134 etiam
1338 1106 1355 1135 J
1358 1104 1441 1135 udaeis
1457 1106 1538 1135 utiles
1548 1105 1679 1142 reddidit,

934 1148 982 1187 qui
997 1149 1096 1188 ubique
1107 1156 1240 1179 terrarum
1249 1150 1366 1190 dispersi
1376 1152 1492 1189 fuerant,
1503 1162 1551 1182 nec
1561 1152 1679 1192 amplius

934 1194 1093 1224 Hebraicam
1106 1195 1226 1236 linguam
1248 1197 1382 1227 tenebant.
1395 1197 1466 1227 Ecce
1486 1198 1569 1235 enim,
1588 1198 1679 1228 credi-

933 1237 974 1269 dit
996 1240 1043 1278 qui
1067 1250 1213 1271 conversus
1239 1248 1278 1272 est
1308 1252 1343 1271 ex
1373 1243 1497 1282 gentibus
1506 1265 1514 1279 ‚
1539 1243 1607 1273 dum
1627 1245 1678 1274 Ju-

933 1285 1053 1315 daeorum
1073 1286 1149 1325 signa
1167 1285 1254 1316 videt.
1275 1287 1420 1324 Quomodo
1441 1289 1594 1328 potuissent
1612 1300 1679 1319 rur-

933 1342 980 1361 sus
994 1332 1108 1372 apostoli
1122 1331 1250 1367 Judaeum
1268 1333 1414 1371 adducere,
1429 1335 1482 1364 nisi
1500 1334 1678 1365 domesticum

898 1388 917 1412 c
932 1378 975 1407 illi
1006 1377 1142 1408 doctorem
1167 1379 1325 1419 prophetam
1355 1379 1492 1411 dedissent
1510 1381 1525 1410 ἰ)
1558 1383 1629 1411 Nam
1655 1381 1679 1411 si

932 1424 1050 1454 Athenas
1062 1425 1198 1464 ingressus
1209 1426 1309 1455 Paulus
1328 1426 1499 1467 inscriptione
1508 1427 1625 1467 indiguit
1637 1427 1678 1457 al-
1687 1432 1739 1456 Act.
1756 1440 1791 1464 ¹7-

931 1471 983 1500 tari
994 1470 1139 1511 insculpta,
1152 1478 1178 1500 et
1199 1471 1235 1501 ad
1255 1483 1350 1502 eorum
1374 1473 1576 1504 instructionem
1602 1474 1679 1504 illam

932 1515 1064 1552 traduxit,
1078 1516 1151 1555 quod
1162 1527 1190 1546 se
1200 1517 1307 1547 facilius
1322 1518 1444 1559 propriis
1456 1519 1578 1560 ipsorum
1595 1520 1679 1550 armis

931 1573 977 1592 eos
987 1570 1205 1603 expugnaturum
1222 1572 1351 1604 speraret,
1363 1566 1435 1605 quod
1456 1567 1537 1596 etiam
1556 1567 1654 1597 accidit
1668 1578 1676 1595 t

932 1609 1019 1639 multo
1032 1610 1117 1649 tnagis
1129 1621 1192 1639 cum
1201 1611 1219 1641 J
1222 1610 1304 1641 udaeis
1316 1622 1396 1652 agens
1407 1613 1512 1642 auxilio
1525 1614 1678 1653 propheta—

933 1666 996 1684 rum
1006 1655 1153 1695 indigebat,
1165 1667 1198 1686 ne
1209 1657 1243 1686 ab
1255 1657 1312 1687 illis
1326 1658 1405 1688 etiam
1418 1659 1680 1698 accusaretur-‚quod

932 1710 1003 1731 nova
1013 1701 1135 1741 quaedam
1148 1713 1179 1731 ac
1196 1703 1337 1743 peregrina
1349 1704 1461 1734 illorum
1472 1705 1584 1734 auribus
1599 1706 1680 1735 infer-

934 1753 984 1775 ret.
997 1747 1032 1776 Et
1045 1757 1102 1782 cur,
1118 1747 1216 1786 inquit,
1232 1758 1285 1777 una
1300 1748 1398 1788 lingua
1411 1759 1464 1779 non
1478 1757 1545 1787 erat,
1558 1757 1589 1780 ut
1603 1751 1680 1780 omni

933 1790 1092 1821 difficultate
1103 1792 1299 1822 liberaremur?
1308 1795 1370 1824 Una
1383 1794 1475 1833 lingua
1485 1802 1542 1825 erat
1560 1796 1680 1835 antiqui-

934 1843 990 1874 tus,
1003 1838 1040 1867 mi
1053 1837 1144 1874 homo,
1158 1845 1183 1867 et
1203 1838 1272 1877 sicut
1287 1849 1340 1868 una
1356 1839 1499 1869 hominum
1513 1847 1553 1870 est
1570 1848 1679 1879 natura,

902 1891 922 1914 1)
935 1883 1011 1912 sicet
1031 1893 1084 1913 una
1111 1890 1269 1913 cunctorum
1293 1884 1384 1924 lingua
1410 1892 1477 1915 erat.
1490 1887 1551 1916 Non
1574 1894 1631 1916 erat
1646 1887 1681 1917 ab

935 1928 1014 1958 initio
1031 1929 1075 1959 vir
1097 1929 1169 1958 ullus
1182 1929 1276 1959 alienae
1290 1930 1400 1970 linguae,
1414 1941 1468 1960 non
1491 1939 1550 1961 erat
1570 1932 1683 1962 alterius

936 1975 1061 2014 loquelae,
1081 1986 1134 2006 non
1156 1982 1212 2006 erat
1230 1976 1326 2012 Indus,
1356 1988 1441 2016 neque
1466 1979 1571 2015 Thrax,
1595 1990 1682 2018 neque

915 2036 919 2040 <
937 2021 1046 2061 Scytha,
1059 2021 1108 2052 sed
1119 2033 1210 2052 omnes
1223 2033 1275 2052 una
1297 2023 1391 2063 lingua
1403 2024 1594 2062 loquebantur.
1604 2025 1681 2063 Quid

937 2068 1020 2108 igitur
1032 2068 1060 2098 in
1071 2079 1148 2099 causa
1158 2070 1229 2099 fuit?
1252 2069 1360 2110 Indigni
1380 2070 1431 2100 hac
1451 2082 1504 2100 una
1519 2071 1612 2112 lingua
1626 2073 1681 2103 visi

939 2124 1032 2144 sumus
1051 2125 1110 2152 nos,
1128 2125 1322 2156 semperverga
1347 2116 1541 2147 benefactorem
1567 2117 1678 2158 ingrati.

939 2159 1015 2197 Quid
1027 2160 1067 2190 ais
1076 2160 1090 2189 ?
1103 2161 1195 2201 lingua
1208 2168 1256 2191 nos
1264 2161 1370 2202 indigni
1378 2162 1427 2192 visi
1442 2173 1537 2192 sumus
1546 2163 1560 2192 Ξ)
1574 2174 1605 2192 ac
1612 2164 1680 2193 bru-

938 2213 971 2235 tae
990 2205 1099 2245 quidem
1121 2207 1268 2237 animantes
1292 2209 1429 2248 propriam
1457 2219 1551 2239 vocem
1581 2209 1682 2240 habent

938 2262 1028 2282 omnes
1042 2263 1048 2279 :
1062 2252 1154 2282 balant
1164 2264 1227 2284 oves
1235 2261 1261 2283 et
1272 2265 1370 2295 caprae,
1378 2255 1465 2295 mugit
1478 2262 1582 2292 taurus,
1592 2255 1682 2285 hinnit

938 2309 1032 2338 equus,
1047 2299 1119 2339 rugit
1130 2300 1181 2338 leo,
1195 2300 1278 2341 lupus
1286 2301 1384 2339 ululat,
1400 2302 1492 2332 sibilat
1502 2301 1598 2332 draco:
1614 2313 1680 2332 una-

902 2348 921 2372 Ε
937 2353 1048 2382 quasque
1059 2343 1142 2373 hestia
1162 2345 1303 2385 proprium
1317 2356 1413 2376 sonum
1436 2346 1616 2383 consenravit,
1631 2357 1681 2385 ego

937 2399 1000 2420 vero
1013 2389 1087 2420 solus
1099 2391 1207 2430 propria
1229 2402 1289 2421 sum
1303 2402 1368 2422 voce
1384 2393 1525 2433 privatus?
1540 2393 1575 2422 Et
1588 2392 1679 2431 sylve-

938 2441 1003 2465 stria
1012 2442 1039 2465 et
1052 2443 1201 2472 mansueta,
1214 2444 1240 2466 et
1252 2437 1368 2468 cicurata
1391 2445 1418 2468 et
1428 2448 1480 2468 non
1499 2438 1614 2467 cicurata
1621 2437 1680 2465 ani-

938 2481 1029 2520 malia,
1043 2481 1149 2522 singula
1163 2482 1291 2512 tributam
1299 2483 1351 2512 sibi
1362 2494 1376 2512 a
1390 2483 1526 2523 principio
1532 2492 1624 2513 vocem
1638 2492 1679 2511 re-

925 2580 976 2598 non
989 2572 1074 2605 verba,
1088 2574 1191 2606 respicit.
1203 2573 1407 2607 chrysostomus.
