<?xml version="1.0" encoding="UTF-8"?>
<!DOCTYPE html PUBLIC "-//W3C//DTD XHTML 1.0 Transitional//EN"
    "http://www.w3.org/TR/xhtml1/DTD/xhtml1-transitional.dtd">
<html xmlns="http://www.w3.org/1999/xhtml" xml:lang="en" lang="en">
 <head>
  <title>
</title>
<meta http-equiv="Content-Type" content="text/html;charset=utf-8" />
  <meta name='ocr-system' content='tesseract 3.04.00' />
  <meta name='ocr-capabilities' content='ocr_page ocr_carea ocr_par ocr_line ocrx_word'/>
</head>
<body>
  <div class='ocr_page' id='page_1' title='image "./operaomniaquaeex06johnuoft_0492.png"; bbox 0 0 1890 2826; ppageno 0'>
   <div class='ocr_carea' id='block_1_1' title="bbox 234 175 973 329">
    <p class='ocr_par' dir='ltr' id='par_1_1' title="bbox 234 175 973 329">
     <span class='ocr_line' id='line_1_1' title="bbox 235 175 303 219; baseline 0.015 -14"><span class='ocrx_word' id='word_1_1' title='bbox 235 175 276 219; x_wconf 54' lang='lat'>157</span> <span class='ocrx_word' id='word_1_2' title='bbox 286 184 303 206; x_wconf 77' lang='lat'><strong>2</strong></span> 
     </span>
     <span class='ocr_line' id='line_1_2' title="bbox 234 242 973 284; baseline -0.004 -10"><span class='ocrx_word' id='word_1_3' title='bbox 234 254 304 275; x_wconf 81' lang='lat' dir='ltr'>verae</span> <span class='ocrx_word' id='word_1_4' title='bbox 312 245 421 284; x_wconf 86' lang='lat' dir='ltr'>piorum</span> <span class='ocrx_word' id='word_1_5' title='bbox 434 243 549 280; x_wconf 73' lang='lat' dir='ltr'><strong>deliciae,</strong></span> <span class='ocrx_word' id='word_1_6' title='bbox 568 254 637 273; x_wconf 75' lang='lat' dir='ltr'>vcrae</span> <span class='ocrx_word' id='word_1_7' title='bbox 649 243 756 283; x_wconf 86' lang='lat' dir='ltr'>piorum</span> <span class='ocrx_word' id='word_1_8' title='bbox 763 242 973 279; x_wconf 81' lang='lat' dir='ltr'>divitiae,sermo</span> 
     </span>
     <span class='ocr_line' id='line_1_3' title="bbox 234 288 971 329; baseline -0.004 -9"><span class='ocrx_word' id='word_1_9' title='bbox 234 291 285 320; x_wconf 90' lang='lat' dir='ltr'>Dei</span> <span class='ocrx_word' id='word_1_10' title='bbox 315 297 365 326; x_wconf 89' lang='lat' dir='ltr'>est,</span> <span class='ocrx_word' id='word_1_11' title='bbox 393 290 441 328; x_wconf 82' lang='lat' dir='ltr'>qui</span> <span class='ocrx_word' id='word_1_12' title='bbox 465 300 512 329; x_wconf 82' lang='lat' dir='ltr'>per</span> <span class='ocrx_word' id='word_1_13' title='bbox 538 289 671 320; x_wconf 84' lang='lat' dir='ltr'>Davidica</span> <span class='ocrx_word' id='word_1_14' title='bbox 695 289 803 319; x_wconf 82' lang='lat' dir='ltr'>oracula</span> <span class='ocrx_word' id='word_1_15' title='bbox 826 288 946 327; x_wconf 88' lang='lat' dir='ltr'>loquitur</span> <span class='ocrx_word' id='word_1_16' title='bbox 965 298 971 314; x_wconf 70' lang='grc' dir='ltr'>ε</span> 
     </span>
    </p>
   </div>
   <div class='ocr_carea' id='block_1_2' title="bbox 85 333 975 400">
    <p class='ocr_par' dir='ltr' id='par_1_2' title="bbox 85 333 975 400">
     <span class='ocr_line' id='line_1_4' title="bbox 85 333 975 400; baseline -0.004 -33"><span class='ocrx_word' id='word_1_17' title='bbox 85 377 103 397; x_wconf 79' lang='lat' dir='ltr'><em>P</em></span> <span class='ocrx_word' id='word_1_18' title='bbox 133 378 141 397; x_wconf 66' lang='grc' dir='ltr'><em>Ι</em></span> <span class='ocrx_word' id='word_1_19' title='bbox 197 376 211 400; x_wconf 77' lang='grc'>8</span> <span class='ocrx_word' id='word_1_20' title='bbox 235 337 370 367; x_wconf 86' lang='lat' dir='ltr'>interdum</span> <span class='ocrx_word' id='word_1_21' title='bbox 382 360 390 373; x_wconf 86' lang='lat'>‚</span> <span class='ocrx_word' id='word_1_22' title='bbox 406 337 481 366; x_wconf 80' lang='lat' dir='ltr'>velut</span> <span class='ocrx_word' id='word_1_23' title='bbox 498 337 587 371; x_wconf 81' lang='lat' dir='ltr'>dives,</span> <span class='ocrx_word' id='word_1_24' title='bbox 610 336 743 375; x_wconf 84' lang='lat' dir='ltr'>gloriatui·</span> <span class='ocrx_word' id='word_1_25' title='bbox 753 358 760 372; x_wconf 91' lang='lat'>,</span> <span class='ocrx_word' id='word_1_26' title='bbox 776 334 911 364; x_wconf 78' lang='lat' dir='ltr'>interdum</span> <span class='ocrx_word' id='word_1_27' title='bbox 924 333 975 363; x_wconf 87' lang='lat' dir='ltr'>de-</span> 
     </span>
     <span class='ocr_line' id='line_1_5' title="bbox 104 383 220 398; baseline 0 -1"><span class='ocrx_word' id='word_1_28' title='bbox 104 385 130 398; x_wconf 68' lang='lat'>!(1</span> <span class='ocrx_word' id='word_1_29' title='bbox 144 394 148 398; x_wconf 86' lang='lat'>.</span> <span class='ocrx_word' id='word_1_30' title='bbox 169 383 191 398; x_wconf 87' lang='grc'>11</span> <span class='ocrx_word' id='word_1_31' title='bbox 215 391 220 397; x_wconf 69' lang='lat' dir='ltr'><em>a</em></span> 
     </span>
    </p>
   </div>
   <div class='ocr_carea' id='block_1_3' title="bbox 84 382 976 430">
    <p class='ocr_par' dir='ltr' id='par_1_3' title="bbox 84 382 976 430">
     <span class='ocr_line' id='line_1_6' title="bbox 84 382 976 430; baseline -0.007 -16"><span class='ocrx_word' id='word_1_32' title='bbox 84 409 135 430; x_wconf 35' lang='lat'>¹03¹</span> <span class='ocrx_word' id='word_1_33' title='bbox 232 384 358 418; x_wconf 59' lang='lat' dir='ltr'>liciatum</span> <span class='ocrx_word' id='word_1_34' title='bbox 379 390 404 412; x_wconf 85' lang='lat' dir='ltr'>et</span> <span class='ocrx_word' id='word_1_35' title='bbox 424 383 461 412; x_wconf 90' lang='lat' dir='ltr'>ait</span> <span class='ocrx_word' id='word_1_36' title='bbox 481 394 487 411; x_wconf 90' lang='lat'>:</span> <span class='ocrx_word' id='word_1_37' title='bbox 506 383 601 420; x_wconf 85' lang='lat' dir='ltr'>Quam</span> <span class='ocrx_word' id='word_1_38' title='bbox 626 382 726 411; x_wconf 83' lang='lat' dir='ltr'>dulcia</span> <span class='ocrx_word' id='word_1_39' title='bbox 738 382 883 423; x_wconf 81' lang='lat' dir='ltr'>saucibus</span> <span class='ocrx_word' id='word_1_40' title='bbox 905 382 976 409; x_wconf 78' lang='lat' dir='ltr'>meis</span> 
     </span>
    </p>
   </div>
   <div class='ocr_carea' id='block_1_4' title="bbox 81 427 1012 1663">
    <p class='ocr_par' dir='ltr' id='par_1_4' title="bbox 81 427 1012 1663">
     <span class='ocr_line' id='line_1_7' title="bbox 231 427 976 469; baseline -0.005 -10"><span class='ocrx_word' id='word_1_41' title='bbox 231 430 350 469; x_wconf 83' lang='lat' dir='ltr'>eloquia</span> <span class='ocrx_word' id='word_1_42' title='bbox 372 435 423 459; x_wconf 83' lang='lat' dir='ltr'>tua</span> <span class='ocrx_word' id='word_1_43' title='bbox 435 439 522 468; x_wconf 78' lang='lat' dir='ltr'>super</span> <span class='ocrx_word' id='word_1_44' title='bbox 534 429 593 462; x_wconf 77' lang='lat' dir='ltr'>mel</span> <span class='ocrx_word' id='word_1_45' title='bbox 603 429 746 469; x_wconf 81' lang='lat' dir='ltr'>etfavum</span> <span class='ocrx_word' id='word_1_46' title='bbox 759 429 804 456; x_wconf 81' lang='lat' dir='ltr'>ori</span> <span class='ocrx_word' id='word_1_47' title='bbox 817 436 889 456; x_wconf 83' lang='lat' dir='ltr'>meo.</span> <span class='ocrx_word' id='word_1_48' title='bbox 913 427 976 456; x_wconf 86' lang='lat' dir='ltr'>Haec</span> 
     </span>
     <span class='ocr_line' id='line_1_8' title="bbox 231 473 975 514; baseline -0.004 -10"><span class='ocrx_word' id='word_1_49' title='bbox 231 475 342 513; x_wconf 87' lang='lat' dir='ltr'>quidem</span> <span class='ocrx_word' id='word_1_50' title='bbox 364 476 432 514; x_wconf 81' lang='lat' dir='ltr'>ejus,</span> <span class='ocrx_word' id='word_1_51' title='bbox 452 474 499 513; x_wconf 89' lang='lat' dir='ltr'>qui</span> <span class='ocrx_word' id='word_1_52' title='bbox 519 473 624 503; x_wconf 80' lang='lat' dir='ltr'>deiiciis</span> <span class='ocrx_word' id='word_1_53' title='bbox 644 473 756 509; x_wconf 80' lang='lat' dir='ltr'>fruitur,</span> <span class='ocrx_word' id='word_1_54' title='bbox 769 483 825 503; x_wconf 86' lang='lat' dir='ltr'>vox</span> <span class='ocrx_word' id='word_1_55' title='bbox 839 479 889 510; x_wconf 72' lang='lat' dir='ltr'>est.</span> <span class='ocrx_word' id='word_1_56' title='bbox 905 473 975 501; x_wconf 81' lang='lat' dir='ltr'>Nam</span> 
     </span>
     <span class='ocr_line' id='line_1_9' title="bbox 231 518 975 560; baseline -0.004 -10"><span class='ocrx_word' id='word_1_57' title='bbox 231 523 281 550; x_wconf 92' lang='lat' dir='ltr'>Dei</span> <span class='ocrx_word' id='word_1_58' title='bbox 303 521 417 551; x_wconf 82' lang='lat' dir='ltr'>verbum</span> <span class='ocrx_word' id='word_1_59' title='bbox 441 521 493 560; x_wconf 89' lang='lat' dir='ltr'>ipsi</span> <span class='ocrx_word' id='word_1_60' title='bbox 506 520 610 550; x_wconf 82' lang='lat' dir='ltr'>deliciae</span> <span class='ocrx_word' id='word_1_61' title='bbox 634 526 717 549; x_wconf 83' lang='lat' dir='ltr'>erant.</span> <span class='ocrx_word' id='word_1_62' title='bbox 745 521 807 557; x_wconf 82' lang='lat' dir='ltr'>Qua</span> <span class='ocrx_word' id='word_1_63' title='bbox 819 519 854 548; x_wconf 90' lang='lat' dir='ltr'>de</span> <span class='ocrx_word' id='word_1_64' title='bbox 868 529 897 548; x_wconf 92' lang='lat' dir='ltr'>re</span> <span class='ocrx_word' id='word_1_65' title='bbox 908 518 975 547; x_wconf 85' lang='lat' dir='ltr'>alibi</span> 
     </span>
     <span class='ocr_line' id='line_1_10' title="bbox 84 566 976 607; baseline -0.004 -9"><span class='ocrx_word' id='word_1_66' title='bbox 84 571 147 592; x_wconf 65' lang='lat' dir='ltr'>Vm!-</span> <span class='ocrx_word' id='word_1_67' title='bbox 156 568 220 599; x_wconf 77' lang='lat'>36.4.</span> <span class='ocrx_word' id='word_1_68' title='bbox 230 578 300 607; x_wconf 81' lang='lat' dir='ltr'>saepe</span> <span class='ocrx_word' id='word_1_69' title='bbox 313 567 486 596; x_wconf 77' lang='lat' dir='ltr'>:Delectare</span> <span class='ocrx_word' id='word_1_70' title='bbox 499 571 530 596; x_wconf 80' lang='lat' dir='ltr'>in</span> <span class='ocrx_word' id='word_1_71' title='bbox 550 567 687 602; x_wconf 85' lang='lat' dir='ltr'>Domino,</span> <span class='ocrx_word' id='word_1_72' title='bbox 701 572 730 595; x_wconf 88' lang='lat' dir='ltr'>et</span> <span class='ocrx_word' id='word_1_73' title='bbox 741 566 791 595; x_wconf 81' lang='lat' dir='ltr'>det</span> <span class='ocrx_word' id='word_1_74' title='bbox 801 567 853 595; x_wconf 82' lang='lat' dir='ltr'>tibi</span> <span class='ocrx_word' id='word_1_75' title='bbox 861 567 976 605; x_wconf 79' lang='lat' dir='ltr'>petitio-</span> 
     </span>
     <span class='ocr_line' id='line_1_11' title="bbox 231 609 976 649; baseline -0.004 -7"><span class='ocrx_word' id='word_1_76' title='bbox 231 623 282 642; x_wconf 84' lang='lat' dir='ltr'>nes</span> <span class='ocrx_word' id='word_1_77' title='bbox 292 614 388 642; x_wconf 85' lang='lat' dir='ltr'>cordis</span> <span class='ocrx_word' id='word_1_78' title='bbox 402 615 455 642; x_wconf 77' lang='lat' dir='ltr'>tui.</span> <span class='ocrx_word' id='word_1_79' title='bbox 473 612 542 642; x_wconf 83' lang='lat' dir='ltr'>Aliis</span> <span class='ocrx_word' id='word_1_80' title='bbox 562 622 627 642; x_wconf 85' lang='lat' dir='ltr'>vero</span> <span class='ocrx_word' id='word_1_81' title='bbox 638 612 667 640; x_wconf 91' lang='lat' dir='ltr'>in</span> <span class='ocrx_word' id='word_1_82' title='bbox 679 611 746 642; x_wconf 88' lang='lat' dir='ltr'>locis</span> <span class='ocrx_word' id='word_1_83' title='bbox 764 621 817 640; x_wconf 88' lang='lat' dir='ltr'>non</span> <span class='ocrx_word' id='word_1_84' title='bbox 830 618 860 640; x_wconf 87' lang='lat' dir='ltr'>ut</span> <span class='ocrx_word' id='word_1_85' title='bbox 870 610 917 649; x_wconf 89' lang='lat' dir='ltr'>qui</span> <span class='ocrx_word' id='word_1_86' title='bbox 928 609 976 639; x_wconf 90' lang='lat' dir='ltr'>dc-</span> 
     </span>
     <span class='ocr_line' id='line_1_12' title="bbox 230 656 976 698; baseline -0.003 -11"><span class='ocrx_word' id='word_1_87' title='bbox 230 658 300 689; x_wconf 83' lang='lat' dir='ltr'>liciis</span> <span class='ocrx_word' id='word_1_88' title='bbox 320 660 456 689; x_wconf 71' lang='lat' dir='ltr'>frueretur</span> <span class='ocrx_word' id='word_1_89' title='bbox 468 666 584 694; x_wconf 87' lang='lat' dir='ltr'>tantum,</span> <span class='ocrx_word' id='word_1_90' title='bbox 606 658 652 687; x_wconf 87' lang='lat' dir='ltr'>sed</span> <span class='ocrx_word' id='word_1_91' title='bbox 665 665 694 687; x_wconf 91' lang='lat' dir='ltr'>ut</span> <span class='ocrx_word' id='word_1_92' title='bbox 701 657 852 698; x_wconf 66' lang='lat' dir='ltr'>praedives,</span> <span class='ocrx_word' id='word_1_93' title='bbox 867 656 976 686; x_wconf 89' lang='lat' dir='ltr'>divitias</span> 
     </span>
     <span class='ocr_line' id='line_1_13' title="bbox 81 702 980 745; baseline -0.006 -10"><span class='ocrx_word' id='word_1_94' title='bbox 81 710 120 730; x_wconf 69' lang='grc' dir='ltr'>Ιυ</span> <span class='ocrx_word' id='word_1_95' title='bbox 121 710 145 729; x_wconf 73' lang='lat' dir='ltr'>l·</span> <span class='ocrx_word' id='word_1_96' title='bbox 169 707 217 730; x_wconf 84' lang='lat'>¹¹8-</span> <span class='ocrx_word' id='word_1_97' title='bbox 231 706 298 745; x_wconf 84' lang='lat' dir='ltr'>legis</span> <span class='ocrx_word' id='word_1_98' title='bbox 314 712 437 742; x_wconf 80' lang='lat' dir='ltr'><strong>ostentat,</strong></span> <span class='ocrx_word' id='word_1_99' title='bbox 451 704 555 740; x_wconf 83' lang='lat' dir='ltr'>dicens,</span> <span class='ocrx_word' id='word_1_100' title='bbox 581 706 697 734; x_wconf 84' lang='lat' dir='ltr'>Bonum</span> <span class='ocrx_word' id='word_1_101' title='bbox 715 704 788 733; x_wconf 79' lang='lat' dir='ltr'>mihi</span> <span class='ocrx_word' id='word_1_102' title='bbox 802 704 850 732; x_wconf 72' lang='lat' dir='ltr'>lex</span> <span class='ocrx_word' id='word_1_103' title='bbox 868 703 926 731; x_wconf 81' lang='lat' dir='ltr'>oris</span> <span class='ocrx_word' id='word_1_104' title='bbox 935 702 980 731; x_wconf 79' lang='lat' dir='ltr'>tui</span> 
     </span>
     <span class='ocr_line' id='line_1_14' title="bbox 96 747 975 790; baseline -0.005 -9.995"><span class='ocrx_word' id='word_1_105' title='bbox 96 748 107 760; x_wconf 64' lang='lat'>²⁴</span> <span class='ocrx_word' id='word_1_106' title='bbox 230 761 315 790; x_wconf 82' lang='lat' dir='ltr'>super</span> <span class='ocrx_word' id='word_1_107' title='bbox 325 751 421 780; x_wconf 83' lang='lat' dir='ltr'>millia</span> <span class='ocrx_word' id='word_1_108' title='bbox 434 752 500 780; x_wconf 81' lang='lat' dir='ltr'>aun·</span> <span class='ocrx_word' id='word_1_109' title='bbox 509 756 537 779; x_wconf 80' lang='lat' dir='ltr'>et</span> <span class='ocrx_word' id='word_1_110' title='bbox 548 750 670 790; x_wconf 81' lang='lat' dir='ltr'><em>argenti.</em></span> <span class='ocrx_word' id='word_1_111' title='bbox 687 749 788 780; x_wconf 86' lang='lat' dir='ltr'>Viden&#39;</span> <span class='ocrx_word' id='word_1_112' title='bbox 800 748 910 778; x_wconf 81' lang='lat' dir='ltr'><strong>delicias</strong></span> <span class='ocrx_word' id='word_1_113' title='bbox 917 747 975 787; x_wconf 85' lang='lat' dir='ltr'>pie-</span> 
     </span>
     <span class='ocr_line' id='line_1_15' title="bbox 230 794 975 837; baseline -0.004 -11"><span class='ocrx_word' id='word_1_114' title='bbox 230 798 302 834; x_wconf 59' lang='lat' dir='ltr'>tatis,</span> <span class='ocrx_word' id='word_1_115' title='bbox 319 803 345 826; x_wconf 86' lang='lat' dir='ltr'>et</span> <span class='ocrx_word' id='word_1_116' title='bbox 357 797 470 827; x_wconf 83' lang='lat' dir='ltr'>divitias</span> <span class='ocrx_word' id='word_1_117' title='bbox 484 797 596 837; x_wconf 79' lang='lat' dir='ltr'>justitiae</span> <span class='ocrx_word' id='word_1_118' title='bbox 605 796 700 835; x_wconf 76' lang='lat' dir='ltr'>?Ergo</span> <span class='ocrx_word' id='word_1_119' title='bbox 710 802 736 824; x_wconf 87' lang='lat' dir='ltr'>ct</span> <span class='ocrx_word' id='word_1_120' title='bbox 750 805 798 825; x_wconf 89' lang='lat' dir='ltr'>nos</span> <span class='ocrx_word' id='word_1_121' title='bbox 808 805 856 835; x_wconf 82' lang='lat' dir='ltr'>par</span> <span class='ocrx_word' id='word_1_122' title='bbox 871 801 921 832; x_wconf 83' lang='lat' dir='ltr'>est,</span> <span class='ocrx_word' id='word_1_123' title='bbox 931 794 975 823; x_wconf 86' lang='lat' dir='ltr'>siti</span> 
     </span>
     <span class='ocr_line' id='line_1_16' title="bbox 227 840 977 879; baseline -0.004 -7"><span class='ocrx_word' id='word_1_124' title='bbox 227 851 253 872; x_wconf 85' lang='lat' dir='ltr'>et</span> <span class='ocrx_word' id='word_1_125' title='bbox 267 844 335 872; x_wconf 81' lang='lat' dir='ltr'>fame</span> <span class='ocrx_word' id='word_1_126' title='bbox 349 854 439 872; x_wconf 78' lang='lat' dir='ltr'>rerum</span> <span class='ocrx_word' id='word_1_127' title='bbox 452 842 610 873; x_wconf 81' lang='lat' dir='ltr'>divinarum</span> <span class='ocrx_word' id='word_1_128' title='bbox 623 842 718 879; x_wconf 75' lang='lat' dir='ltr'>teneri,</span> <span class='ocrx_word' id='word_1_129' title='bbox 733 848 760 870; x_wconf 91' lang='lat' dir='ltr'>et</span> <span class='ocrx_word' id='word_1_130' title='bbox 778 840 894 877; x_wconf 85' lang='lat' dir='ltr'>deliciis,</span> <span class='ocrx_word' id='word_1_131' title='bbox 906 851 921 869; x_wconf 87' lang='lat' dir='ltr'>e</span> <span class='ocrx_word' id='word_1_132' title='bbox 932 851 977 876; x_wconf 61' lang='lat' dir='ltr'>re:</span> 
     </span>
     <span class='ocr_line' id='line_1_17' title="bbox 222 886 978 926; baseline -0.007 -6"><span class='ocrx_word' id='word_1_133' title='bbox 222 890 270 926; x_wconf 62' lang='lat' dir='ltr'>⁴gia</span> <span class='ocrx_word' id='word_1_134' title='bbox 279 890 380 919; x_wconf 77' lang='lat' dir='ltr'><strong>Christi</strong></span> <span class='ocrx_word' id='word_1_135' title='bbox 390 900 491 926; x_wconf 81' lang='lat' dir='ltr'>mensa,</span> <span class='ocrx_word' id='word_1_136' title='bbox 504 889 638 918; x_wconf 84' lang='lat' dir='ltr'>uberrime</span> <span class='ocrx_word' id='word_1_137' title='bbox 648 887 787 924; x_wconf 71' lang='lat' dir='ltr'>exsatiari,</span> <span class='ocrx_word' id='word_1_138' title='bbox 796 886 978 926; x_wconf 68' lang='lat' dir='ltr'>evangelium-</span> 
     </span>
     <span class='ocr_line' id='line_1_18' title="bbox 228 933 976 975; baseline -0.004 -11"><span class='ocrx_word' id='word_1_139' title='bbox 228 946 279 973; x_wconf 84' lang='lat' dir='ltr'>que</span> <span class='ocrx_word' id='word_1_140' title='bbox 287 935 382 965; x_wconf 86' lang='lat' dir='ltr'>salutis</span> <span class='ocrx_word' id='word_1_141' title='bbox 389 935 516 975; x_wconf 78' lang='lat' dir='ltr'>amplecti</span> <span class='ocrx_word' id='word_1_142' title='bbox 525 935 599 974; x_wconf 89' lang='lat' dir='ltr'>quod</span> <span class='ocrx_word' id='word_1_143' title='bbox 609 944 661 964; x_wconf 88' lang='lat' dir='ltr'>nou</span> <span class='ocrx_word' id='word_1_144' title='bbox 674 944 745 963; x_wconf 87' lang='lat' dir='ltr'>nunc</span> <span class='ocrx_word' id='word_1_145' title='bbox 754 933 872 973; x_wconf 87' lang='lat' dir='ltr'>primum</span> <span class='ocrx_word' id='word_1_146' title='bbox 881 933 976 973; x_wconf 63' lang='lat' dir='ltr'>coepjt:</span> 
     </span>
     <span class='ocr_line' id='line_1_19' title="bbox 227 975 978 1021; baseline -0.004 -10"><span class='ocrx_word' id='word_1_147' title='bbox 227 981 310 1011; x_wconf 78' lang='lat' dir='ltr'>sedin</span> <span class='ocrx_word' id='word_1_148' title='bbox 319 982 457 1021; x_wconf 81' lang='lat' dir='ltr'>prophetis</span> <span class='ocrx_word' id='word_1_149' title='bbox 465 981 609 1011; x_wconf 74' lang='lat' dir='ltr'>fundatum</span> <span class='ocrx_word' id='word_1_150' title='bbox 616 988 696 1019; x_wconf 86' lang='lat' dir='ltr'>atque</span> <span class='ocrx_word' id='word_1_151' title='bbox 707 991 723 1009; x_wconf 81' lang='lat' dir='ltr'>a</span> <span class='ocrx_word' id='word_1_152' title='bbox 734 981 784 1010; x_wconf 81' lang='lat' dir='ltr'>SS.</span> <span class='ocrx_word' id='word_1_153' title='bbox 797 975 978 1019; x_wconf 74' lang='lat' dir='ltr'>apostolise&#39;x:</span> 
     </span>
     <span class='ocr_line' id='line_1_20' title="bbox 227 1028 978 1067; baseline -0.001 -11"><span class='ocrx_word' id='word_1_154' title='bbox 227 1028 389 1058; x_wconf 80' lang='lat' dir='ltr'>aedificatum</span> <span class='ocrx_word' id='word_1_155' title='bbox 409 1036 458 1058; x_wconf 90' lang='lat' dir='ltr'>est.</span> <span class='ocrx_word' id='word_1_156' title='bbox 474 1030 569 1067; x_wconf 80' lang='lat' dir='ltr'>Neque</span> <span class='ocrx_word' id='word_1_157' title='bbox 587 1028 659 1057; x_wconf 85' lang='lat' dir='ltr'>enim</span> <span class='ocrx_word' id='word_1_158' title='bbox 672 1028 706 1056; x_wconf 88' lang='lat' dir='ltr'>ab</span> <span class='ocrx_word' id='word_1_159' title='bbox 719 1037 750 1056; x_wconf 93' lang='lat' dir='ltr'>eo</span> <span class='ocrx_word' id='word_1_160' title='bbox 769 1034 900 1066; x_wconf 84' lang='lat' dir='ltr'>tempore,</span> <span class='ocrx_word' id='word_1_161' title='bbox 923 1037 978 1065; x_wconf 89' lang='lat' dir='ltr'>quo</span> 
     </span>
     <span class='ocr_line' id='line_1_21' title="bbox 230 1072 975 1115; baseline -0.005 -11"><span class='ocrx_word' id='word_1_162' title='bbox 230 1075 356 1104; x_wconf 67' lang='lat' dir='ltr'>Christus</span> <span class='ocrx_word' id='word_1_163' title='bbox 370 1076 397 1104; x_wconf 92' lang='lat' dir='ltr'>in</span> <span class='ocrx_word' id='word_1_164' title='bbox 413 1086 492 1104; x_wconf 81' lang='lat' dir='ltr'>earne</span> <span class='ocrx_word' id='word_1_165' title='bbox 506 1075 642 1115; x_wconf 83' lang='lat' dir='ltr'>apparuit,</span> <span class='ocrx_word' id='word_1_166' title='bbox 663 1074 834 1113; x_wconf 84' lang='lat' dir='ltr'>evangelium</span> <span class='ocrx_word' id='word_1_167' title='bbox 856 1072 955 1113; x_wconf 78' lang='lat' dir='ltr'>incepit</span> <span class='ocrx_word' id='word_1_168' title='bbox 969 1084 975 1099; x_wconf 92' lang='lat'><strong>:</strong></span> 
     </span>
     <span class='ocr_line' id='line_1_22' title="bbox 229 1119 976 1161; baseline -0.004 -11"><span class='ocrx_word' id='word_1_169' title='bbox 229 1122 273 1150; x_wconf 85' lang='lat' dir='ltr'>sed</span> <span class='ocrx_word' id='word_1_170' title='bbox 290 1122 376 1150; x_wconf 84' lang='lat' dir='ltr'>multo</span> <span class='ocrx_word' id='word_1_171' title='bbox 391 1129 451 1150; x_wconf 86' lang='lat' dir='ltr'>ante</span> <span class='ocrx_word' id='word_1_172' title='bbox 471 1122 498 1150; x_wconf 93' lang='lat' dir='ltr'>in</span> <span class='ocrx_word' id='word_1_173' title='bbox 521 1121 688 1161; x_wconf 84' lang='lat' dir='ltr'>propheticis</span> <span class='ocrx_word' id='word_1_174' title='bbox 703 1119 780 1149; x_wconf 89' lang='lat' dir='ltr'>libris</span> <span class='ocrx_word' id='word_1_175' title='bbox 795 1119 898 1149; x_wconf 80' lang='lat' dir='ltr'>radices</span> <span class='ocrx_word' id='word_1_176' title='bbox 910 1119 976 1159; x_wconf 84' lang='lat' dir='ltr'>egit,</span> 
     </span>
     <span class='ocr_line' id='line_1_23' title="bbox 228 1165 974 1206; baseline -0.003 -10"><span class='ocrx_word' id='word_1_177' title='bbox 228 1167 388 1206; x_wconf 74' lang='lat' dir='ltr'><strong>tandemque</strong></span> <span class='ocrx_word' id='word_1_178' title='bbox 414 1167 598 1206; x_wconf 85' lang='lat' dir='ltr'>apostolorum</span> <span class='ocrx_word' id='word_1_179' title='bbox 629 1166 818 1206; x_wconf 62' lang='lat' dir='ltr'>praedicatione</span> <span class='ocrx_word' id='word_1_180' title='bbox 845 1165 974 1195; x_wconf 83' lang='lat' dir='ltr'>effloruit.</span> 
     </span>
     <span class='ocr_line' id='line_1_24' title="bbox 228 1211 975 1252; baseline -0.004 -10"><span class='ocrx_word' id='word_1_181' title='bbox 228 1212 292 1242; x_wconf 84' lang='lat' dir='ltr'>Ideo</span> <span class='ocrx_word' id='word_1_182' title='bbox 300 1213 412 1248; x_wconf 84' lang='lat' dir='ltr'>Paulus,</span> <span class='ocrx_word' id='word_1_183' title='bbox 421 1223 483 1242; x_wconf 88' lang='lat' dir='ltr'>cum</span> <span class='ocrx_word' id='word_1_184' title='bbox 492 1212 659 1252; x_wconf 86' lang='lat' dir='ltr'>propositum</span> <span class='ocrx_word' id='word_1_185' title='bbox 666 1211 775 1240; x_wconf 84' lang='lat' dir='ltr'>haberet</span> <span class='ocrx_word' id='word_1_186' title='bbox 783 1211 975 1246; x_wconf 85' lang='lat' dir='ltr'>demonstrare,</span> 
     </span>
     <span class='ocr_line' id='line_1_25' title="bbox 228 1255 976 1298; baseline -0.003 -11"><span class='ocrx_word' id='word_1_187' title='bbox 228 1258 398 1298; x_wconf 82' lang='lat' dir='ltr'>evangelium</span> <span class='ocrx_word' id='word_1_188' title='bbox 421 1268 472 1288; x_wconf 89' lang='lat' dir='ltr'>non</span> <span class='ocrx_word' id='word_1_189' title='bbox 485 1259 519 1287; x_wconf 84' lang='lat' dir='ltr'>ab</span> <span class='ocrx_word' id='word_1_190' title='bbox 527 1258 708 1288; x_wconf 82' lang='lat' dir='ltr'>incarnatione</span> <span class='ocrx_word' id='word_1_191' title='bbox 720 1257 860 1295; x_wconf 82' lang='lat' dir='ltr'>incepisse,</span> <span class='ocrx_word' id='word_1_192' title='bbox 870 1255 918 1285; x_wconf 86' lang='lat' dir='ltr'>sed</span> <span class='ocrx_word' id='word_1_193' title='bbox 928 1267 976 1296; x_wconf 86' lang='lat' dir='ltr'>per</span> 
     </span>
     <span class='ocr_line' id='line_1_26' title="bbox 229 1302 976 1344; baseline -0.003 -11"><span class='ocrx_word' id='word_1_194' title='bbox 229 1305 373 1344; x_wconf 83' lang='lat' dir='ltr'>prophetas</span> <span class='ocrx_word' id='word_1_195' title='bbox 386 1304 515 1341; x_wconf 84' lang='lat' dir='ltr'>eluxisse,</span> <span class='ocrx_word' id='word_1_196' title='bbox 529 1303 794 1344; x_wconf 82' lang='lat' dir='ltr'>perincarnationem</span> <span class='ocrx_word' id='word_1_197' title='bbox 805 1302 925 1342; x_wconf 88' lang='lat' dir='ltr'>idipsum</span> <span class='ocrx_word' id='word_1_198' title='bbox 935 1302 976 1331; x_wconf 92' lang='lat' dir='ltr'>lo-</span> 
     </span>
     <span class='ocr_line' id='line_1_27' title="bbox 230 1349 976 1388; baseline 0 -10"><span class='ocrx_word' id='word_1_199' title='bbox 230 1350 321 1388; x_wconf 87' lang='lat' dir='ltr'>quitur</span> <span class='ocrx_word' id='word_1_200' title='bbox 338 1361 344 1378; x_wconf 84' lang='lat'><em>=</em></span> <span class='ocrx_word' id='word_1_201' title='bbox 363 1350 476 1379; x_wconf 79' lang='lat' dir='ltr'>Paulus</span> <span class='ocrx_word' id='word_1_202' title='bbox 497 1360 597 1379; x_wconf 77' lang='lat' dir='ltr'>servus</span> <span class='ocrx_word' id='word_1_203' title='bbox 615 1350 688 1379; x_wconf 79' lang='lat' dir='ltr'>Jesu</span> <span class='ocrx_word' id='word_1_204' title='bbox 715 1349 833 1385; x_wconf 82' lang='lat' dir='ltr'>Christi,</span> <span class='ocrx_word' id='word_1_205' title='bbox 853 1354 976 1378; x_wconf 83' lang='lat' dir='ltr'>vocatus</span> 
     </span>
     <span class='ocr_line' id='line_1_28' title="bbox 229 1395 977 1436; baseline -0.004 -11"><span class='ocrx_word' id='word_1_206' title='bbox 229 1396 388 1435; x_wconf 80' lang='lat' dir='ltr'>apostolus,</span> <span class='ocrx_word' id='word_1_207' title='bbox 399 1402 566 1436; x_wconf 81' lang='lat' dir='ltr'>segregatus</span> <span class='ocrx_word' id='word_1_208' title='bbox 578 1397 610 1424; x_wconf 87' lang='lat' dir='ltr'>in</span> <span class='ocrx_word' id='word_1_209' title='bbox 620 1395 803 1434; x_wconf 81' lang='lat' dir='ltr'>evangelium</span> <span class='ocrx_word' id='word_1_210' title='bbox 815 1395 883 1429; x_wconf 83' lang='lat' dir='ltr'>Dei,</span> <span class='ocrx_word' id='word_1_211' title='bbox 897 1395 977 1433; x_wconf 84' lang='lat' dir='ltr'>quod</span> 
     </span>
     <span class='ocr_line' id='line_1_29' title="bbox 229 1440 975 1481; baseline -0.001 -11"><span class='ocrx_word' id='word_1_212' title='bbox 229 1448 298 1470; x_wconf 79' lang='lat' dir='ltr'>ante</span> <span class='ocrx_word' id='word_1_213' title='bbox 302 1449 474 1481; x_wconf 74' lang='lat' dir='ltr'>promiserat</span> <span class='ocrx_word' id='word_1_214' title='bbox 478 1452 530 1481; x_wconf 87' lang='lat' dir='ltr'>per</span> <span class='ocrx_word' id='word_1_215' title='bbox 536 1453 571 1481; x_wconf 78' lang='lat' dir='ltr'>p!</span> <span class='ocrx_word' id='word_1_216' title='bbox 571 1442 691 1480; x_wconf 79' lang='lat' dir='ltr'>ophetas</span> <span class='ocrx_word' id='word_1_217' title='bbox 700 1450 767 1470; x_wconf 83' lang='lat' dir='ltr'>suos</span> <span class='ocrx_word' id='word_1_218' title='bbox 777 1442 809 1469; x_wconf 81' lang='lat' dir='ltr'>in</span> <span class='ocrx_word' id='word_1_219' title='bbox 818 1440 975 1479; x_wconf 80' lang='lat' dir='ltr'>Scripturis</span> 
     </span>
     <span class='ocr_line' id='line_1_30' title="bbox 228 1480 1012 1528; baseline -0.003 -12"><span class='ocrx_word' id='word_1_220' title='bbox 228 1489 339 1516; x_wconf 77' lang='lat' dir='ltr'>sanctis</span> <span class='ocrx_word' id='word_1_221' title='bbox 354 1487 390 1515; x_wconf 82' lang='lat' dir='ltr'>de</span> <span class='ocrx_word' id='word_1_222' title='bbox 412 1488 492 1516; x_wconf 81' lang='lat' dir='ltr'>Filio</span> <span class='ocrx_word' id='word_1_223' title='bbox 506 1498 569 1524; x_wconf 80' lang='lat' dir='ltr'>suo,</span> <span class='ocrx_word' id='word_1_224' title='bbox 585 1489 636 1526; x_wconf 85' lang='lat' dir='ltr'>qui</span> <span class='ocrx_word' id='word_1_225' title='bbox 641 1487 747 1528; x_wconf 81' lang='lat' dir='ltr'>sactus</span> <span class='ocrx_word' id='word_1_226' title='bbox 761 1492 802 1515; x_wconf 85' lang='lat' dir='ltr'>est</span> <span class='ocrx_word' id='word_1_227' title='bbox 815 1497 852 1515; x_wconf 77' lang='lat' dir='ltr'>ex</span> <span class='ocrx_word' id='word_1_228' title='bbox 866 1488 976 1515; x_wconf 81' lang='lat' dir='ltr'>semine</span> <span class='ocrx_word' id='word_1_229' title='bbox 995 1480 1012 1503; x_wconf 70' lang='lat' dir='ltr'><strong>E</strong></span> 
     </span>
     <span class='ocr_line' id='line_1_31' title="bbox 231 1533 974 1572; baseline 0.001 -11"><span class='ocrx_word' id='word_1_230' title='bbox 231 1534 298 1562; x_wconf 82' lang='lat' dir='ltr'>Dm·</span> <span class='ocrx_word' id='word_1_231' title='bbox 300 1534 331 1562; x_wconf 82' lang='lat' dir='ltr'>id</span> <span class='ocrx_word' id='word_1_232' title='bbox 337 1535 497 1563; x_wconf 81' lang='lat' dir='ltr'>secundum</span> <span class='ocrx_word' id='word_1_233' title='bbox 507 1544 635 1564; x_wconf 78' lang='lat' dir='ltr'>carnem.</span> <span class='ocrx_word' id='word_1_234' title='bbox 645 1535 706 1563; x_wconf 88' lang='lat' dir='ltr'>Non</span> <span class='ocrx_word' id='word_1_235' title='bbox 715 1533 855 1572; x_wconf 84' lang='lat' dir='ltr'>ignorabat</span> <span class='ocrx_word' id='word_1_236' title='bbox 863 1533 974 1570; x_wconf 89' lang='lat' dir='ltr'>Paulus,</span> 
     </span>
     <span class='ocr_line' id='line_1_32' title="bbox 229 1579 972 1610; baseline -0.001 -1"><span class='ocrx_word' id='word_1_237' title='bbox 229 1581 315 1609; x_wconf 84' lang='lat' dir='ltr'>Vetus</span> <span class='ocrx_word' id='word_1_238' title='bbox 327 1586 354 1608; x_wconf 87' lang='lat' dir='ltr'>ct</span> <span class='ocrx_word' id='word_1_239' title='bbox 372 1581 480 1610; x_wconf 89' lang='lat' dir='ltr'>Novum</span> <span class='ocrx_word' id='word_1_240' title='bbox 501 1581 699 1609; x_wconf 78' lang='lat' dir='ltr'>Testamentum</span> <span class='ocrx_word' id='word_1_241' title='bbox 714 1579 888 1608; x_wconf 82' lang='lat' dir='ltr'>individuum</span> <span class='ocrx_word' id='word_1_242' title='bbox 901 1590 972 1609; x_wconf 86' lang='lat' dir='ltr'>esse:</span> 
     </span>
     <span class='ocr_line' id='line_1_33' title="bbox 227 1625 974 1663; baseline 0.003 -10"><span class='ocrx_word' id='word_1_243' title='bbox 227 1635 338 1663; x_wconf 81' lang='lat' dir='ltr'>eamque</span> <span class='ocrx_word' id='word_1_244' title='bbox 352 1626 388 1654; x_wconf 90' lang='lat' dir='ltr'>ob</span> <span class='ocrx_word' id='word_1_245' title='bbox 409 1637 518 1655; x_wconf 84' lang='lat' dir='ltr'>causam</span> <span class='ocrx_word' id='word_1_246' title='bbox 539 1625 610 1655; x_wconf 82' lang='lat' dir='ltr'>illud</span> <span class='ocrx_word' id='word_1_247' title='bbox 626 1625 762 1655; x_wconf 85' lang='lat' dir='ltr'>interdum</span> <span class='ocrx_word' id='word_1_248' title='bbox 773 1626 974 1655; x_wconf 84' lang='lat' dir='ltr'>Testamentum</span> 
     </span>
    </p>
   </div>
   <div class='ocr_carea' id='block_1_5' title="bbox 78 1359 217 1381">
    <p class='ocr_par' dir='ltr' id='par_1_5' title="bbox 78 1359 217 1381">
     <span class='ocr_line' id='line_1_34' title="bbox 78 1359 217 1381; baseline -0.008 0"><span class='ocrx_word' id='word_1_249' title='bbox 78 1359 217 1381; x_wconf 49' lang='lat' dir='ltr'>nonum</span> 
     </span>
    </p>
   </div>
   <div class='ocr_carea' id='block_1_6' title="bbox 950 180 1082 202">
    <p class='ocr_par' dir='ltr' id='par_1_6' title="bbox 950 180 1082 202">
     <span class='ocr_line' id='line_1_35' title="bbox 950 180 1082 202; baseline -0.008 0"><span class='ocrx_word' id='word_1_250' title='bbox 950 180 1082 202; x_wconf 71' lang='lat' dir='ltr'>[Ncntt&#39;rt</span> 
     </span>
    </p>
   </div>
   <div class='ocr_carea' id='block_1_7' title="bbox 1027 239 1803 973">
    <p class='ocr_par' dir='ltr' id='par_1_7' title="bbox 1027 239 1803 973">
     <span class='ocr_line' id='line_1_36' title="bbox 1027 239 1799 280; baseline 0 -10"><span class='ocrx_word' id='word_1_251' title='bbox 1027 243 1080 270; x_wconf 82' lang='grc' dir='ltr'>τῶν</span> <span class='ocrx_word' id='word_1_252' title='bbox 1105 241 1220 270; x_wconf 69' lang='grc' dir='ltr'>εὖσεὸῶν</span> <span class='ocrx_word' id='word_1_253' title='bbox 1257 243 1369 275; x_wconf 81' lang='grc' dir='ltr'>πλοῦτος</span> <span class='ocrx_word' id='word_1_254' title='bbox 1390 243 1404 270; x_wconf 79' lang='grc' dir='ltr'><strong>ὁ</strong></span> <span class='ocrx_word' id='word_1_255' title='bbox 1430 243 1476 271; x_wconf 81' lang='grc' dir='ltr'>τοῦ</span> <span class='ocrx_word' id='word_1_256' title='bbox 1507 242 1578 272; x_wconf 81' lang='grc' dir='ltr'>Θεοῦ</span> <span class='ocrx_word' id='word_1_257' title='bbox 1602 240 1678 280; x_wconf 82' lang='grc' dir='ltr'>λόγος</span> <span class='ocrx_word' id='word_1_258' title='bbox 1688 263 1696 275; x_wconf 91' lang='grc'>,</span> <span class='ocrx_word' id='word_1_259' title='bbox 1718 243 1733 270; x_wconf 83' lang='grc'>6</span> <span class='ocrx_word' id='word_1_260' title='bbox 1756 239 1799 270; x_wconf 74' lang='grc' dir='ltr'>διὰ</span> 
     </span>
     <span class='ocr_line' id='line_1_37' title="bbox 1027 286 1799 327; baseline -0.001 -10"><span class='ocrx_word' id='word_1_261' title='bbox 1027 291 1073 317; x_wconf 87' lang='grc' dir='ltr'>τοῦ</span> <span class='ocrx_word' id='word_1_262' title='bbox 1094 287 1178 317; x_wconf 75' lang='grc' dir='ltr'>Δαυὶδ</span> <span class='ocrx_word' id='word_1_263' title='bbox 1197 287 1281 327; x_wconf 82' lang='grc' dir='ltr'>λέγων</span> <span class='ocrx_word' id='word_1_264' title='bbox 1294 299 1300 306; x_wconf 91' lang='grc'><em>·</em></span> <span class='ocrx_word' id='word_1_265' title='bbox 1324 287 1389 317; x_wconf 83' lang='grc' dir='ltr'>ποτὲ</span> <span class='ocrx_word' id='word_1_266' title='bbox 1409 287 1457 326; x_wconf 86' lang='grc' dir='ltr'>μὲν</span> <span class='ocrx_word' id='word_1_267' title='bbox 1478 286 1530 327; x_wconf 76' lang='grc' dir='ltr'>γὰρ</span> <span class='ocrx_word' id='word_1_268' title='bbox 1548 289 1585 320; x_wconf 83' lang='grc' dir='ltr'>ὥς</span> <span class='ocrx_word' id='word_1_269' title='bbox 1597 289 1719 317; x_wconf 82' lang='grc' dir='ltr'>πλουτῶν</span> <span class='ocrx_word' id='word_1_270' title='bbox 1739 289 1799 316; x_wconf 81' lang='grc' dir='ltr'>ἐνα-</span> 
     </span>
     <span class='ocr_line' id='line_1_38' title="bbox 1029 332 1801 373; baseline -0.001 -10"><span class='ocrx_word' id='word_1_271' title='bbox 1029 333 1152 373; x_wconf 75' lang='grc' dir='ltr'>ὅρύνεται</span> <span class='ocrx_word' id='word_1_272' title='bbox 1163 356 1171 370; x_wconf 93' lang='grc'>,</span> <span class='ocrx_word' id='word_1_273' title='bbox 1196 334 1261 364; x_wconf 83' lang='grc' dir='ltr'>ποτὲ</span> <span class='ocrx_word' id='word_1_274' title='bbox 1292 333 1319 363; x_wconf 86' lang='grc' dir='ltr'>δὲ</span> <span class='ocrx_word' id='word_1_275' title='bbox 1343 335 1379 366; x_wconf 82' lang='grc' dir='ltr'>ὡς</span> <span class='ocrx_word' id='word_1_276' title='bbox 1405 335 1510 373; x_wconf 81' lang='grc' dir='ltr'>τρυφῶν</span> <span class='ocrx_word' id='word_1_277' title='bbox 1525 345 1532 352; x_wconf 96' lang='grc'><em>·</em></span> <span class='ocrx_word' id='word_1_278' title='bbox 1561 333 1606 362; x_wconf 78' lang='grc' dir='ltr'>καὶ</span> <span class='ocrx_word' id='word_1_279' title='bbox 1630 333 1702 372; x_wconf 83' lang='grc' dir='ltr'>λέγει</span> <span class='ocrx_word' id='word_1_280' title='bbox 1719 345 1725 351; x_wconf 92' lang='grc'><em>·</em></span> <span class='ocrx_word' id='word_1_281' title='bbox 1754 332 1801 366; x_wconf 81' lang='grc' dir='ltr'>Ὡς</span> 
     </span>
     <span class='ocr_line' id='line_1_39' title="bbox 1028 378 1801 419; baseline -0.003 -10"><span class='ocrx_word' id='word_1_282' title='bbox 1028 381 1128 419; x_wconf 83' lang='grc' dir='ltr'>γλυκέα</span> <span class='ocrx_word' id='word_1_283' title='bbox 1153 381 1192 419; x_wconf 83' lang='grc' dir='ltr'>τῷ</span> <span class='ocrx_word' id='word_1_284' title='bbox 1216 379 1329 419; x_wconf 83' lang='grc' dir='ltr'>λάρυγγί</span> <span class='ocrx_word' id='word_1_285' title='bbox 1352 391 1403 418; x_wconf 88' lang='grc' dir='ltr'>μου</span> <span class='ocrx_word' id='word_1_286' title='bbox 1425 379 1460 408; x_wconf 80' lang='grc' dir='ltr'>τὰ</span> <span class='ocrx_word' id='word_1_287' title='bbox 1478 378 1557 418; x_wconf 84' lang='grc' dir='ltr'>λόγιά</span> <span class='ocrx_word' id='word_1_288' title='bbox 1580 390 1626 408; x_wconf 88' lang='grc' dir='ltr'>σου</span> <span class='ocrx_word' id='word_1_289' title='bbox 1649 379 1716 418; x_wconf 75' lang='grc' dir='ltr'>ὑπὲρ</span> <span class='ocrx_word' id='word_1_290' title='bbox 1739 378 1801 417; x_wconf 88' lang='grc' dir='ltr'>με’λι</span> 
     </span>
     <span class='ocr_line' id='line_1_40' title="bbox 1029 425 1801 466; baseline -0.003 -10"><span class='ocrx_word' id='word_1_291' title='bbox 1029 427 1074 456; x_wconf 81' lang='grc' dir='ltr'>καὶ</span> <span class='ocrx_word' id='word_1_292' title='bbox 1087 425 1178 466; x_wconf 85' lang='grc' dir='ltr'>κηρίον</span> <span class='ocrx_word' id='word_1_293' title='bbox 1190 427 1229 465; x_wconf 83' lang='grc' dir='ltr'>τῷ</span> <span class='ocrx_word' id='word_1_294' title='bbox 1243 425 1356 464; x_wconf 88' lang='grc' dir='ltr'>στόματί</span> <span class='ocrx_word' id='word_1_295' title='bbox 1371 437 1433 464; x_wconf 92' lang='grc' dir='ltr'>μου.</span> <span class='ocrx_word' id='word_1_296' title='bbox 1449 425 1581 455; x_wconf 81' lang='grc' dir='ltr'>Ἐνταῦθα</span> <span class='ocrx_word' id='word_1_297' title='bbox 1594 427 1640 455; x_wconf 86' lang='grc' dir='ltr'>τοῦ</span> <span class='ocrx_word' id='word_1_298' title='bbox 1652 426 1801 465; x_wconf 78' lang='grc' dir='ltr'>τρυφῶντος</span> 
     </span>
     <span class='ocr_line' id='line_1_41' title="bbox 1029 467 1800 512; baseline -0.003 -11"><span class='ocrx_word' id='word_1_299' title='bbox 1029 473 1116 512; x_wconf 78' lang='grc' dir='ltr'>ἀφῆκε</span> <span class='ocrx_word' id='word_1_300' title='bbox 1129 472 1230 511; x_wconf 74' lang='grc' dir='ltr'>φωνήν.</span> <span class='ocrx_word' id='word_1_301' title='bbox 1244 471 1339 511; x_wconf 78' lang='grc' dir='ltr'>Τρυφὴ</span> <span class='ocrx_word' id='word_1_302' title='bbox 1353 475 1364 488; x_wconf 73' lang='lat'><strong><em>⁶</em></strong></span> <span class='ocrx_word' id='word_1_303' title='bbox 1373 471 1424 511; x_wconf 83' lang='grc' dir='ltr'>γὰρ</span> <span class='ocrx_word' id='word_1_304' title='bbox 1433 467 1477 511; x_wconf 62' lang='grc' dir='ltr'>ἱῆν</span> <span class='ocrx_word' id='word_1_305' title='bbox 1492 473 1565 511; x_wconf 79' lang='grc' dir='ltr'>αὐτῷ</span> <span class='ocrx_word' id='word_1_306' title='bbox 1581 474 1596 501; x_wconf 83' lang='grc' dir='ltr'>ὁ</span> <span class='ocrx_word' id='word_1_307' title='bbox 1610 473 1656 500; x_wconf 83' lang='grc' dir='ltr'>τοῦ</span> <span class='ocrx_word' id='word_1_308' title='bbox 1670 472 1741 501; x_wconf 76' lang='grc' dir='ltr'>Θεοῦ</span> <span class='ocrx_word' id='word_1_309' title='bbox 1754 470 1800 500; x_wconf 88' lang='grc' dir='ltr'>λό-</span> 
     </span>
     <span class='ocr_line' id='line_1_42' title="bbox 1028 512 1800 558; baseline 0 -12"><span class='ocrx_word' id='word_1_310' title='bbox 1028 529 1082 558; x_wconf 85' lang='grc' dir='ltr'>γος·</span> <span class='ocrx_word' id='word_1_311' title='bbox 1096 517 1157 557; x_wconf 82' lang='grc' dir='ltr'>περὶ</span> <span class='ocrx_word' id='word_1_312' title='bbox 1170 512 1342 555; x_wconf 59' lang='grc' dir='ltr'>οῧξπολλάκις</span> <span class='ocrx_word' id='word_1_313' title='bbox 1355 517 1444 558; x_wconf 85' lang='grc' dir='ltr'>ἔλεγε,</span> <span class='ocrx_word' id='word_1_314' title='bbox 1457 517 1667 558; x_wconf 84' lang='grc' dir='ltr'>Κατατρύφησον</span> <span class='ocrx_word' id='word_1_315' title='bbox 1681 519 1727 546; x_wconf 79' lang='grc' dir='ltr'>τοῦ</span> <span class='ocrx_word' id='word_1_316' title='bbox 1741 518 1800 546; x_wconf 86' lang='grc' dir='ltr'>Κυ-</span> 
     </span>
     <span class='ocr_line' id='line_1_43' title="bbox 1030 562 1801 604; baseline -0.001 -11"><span class='ocrx_word' id='word_1_317' title='bbox 1030 564 1097 604; x_wconf 85' lang='grc' dir='ltr'>ρίου,</span> <span class='ocrx_word' id='word_1_318' title='bbox 1111 563 1157 593; x_wconf 83' lang='grc' dir='ltr'>καὶ</span> <span class='ocrx_word' id='word_1_319' title='bbox 1170 562 1224 603; x_wconf 82' lang='grc' dir='ltr'>δῴη</span> <span class='ocrx_word' id='word_1_320' title='bbox 1240 575 1282 593; x_wconf 90' lang='grc' dir='ltr'>σοι</span> <span class='ocrx_word' id='word_1_321' title='bbox 1294 563 1328 593; x_wconf 78' lang='grc' dir='ltr'>τὰ</span> <span class='ocrx_word' id='word_1_322' title='bbox 1342 564 1476 603; x_wconf 81' lang='grc' dir='ltr'>αἰτήματα</span> <span class='ocrx_word' id='word_1_323' title='bbox 1489 566 1537 599; x_wconf 77' lang='grc' dir='ltr'>τῆς</span> <span class='ocrx_word' id='word_1_324' title='bbox 1547 563 1657 603; x_wconf 78' lang='grc' dir='ltr'>καρδίας</span> <span class='ocrx_word' id='word_1_325' title='bbox 1668 574 1727 593; x_wconf 91' lang='grc' dir='ltr'>σου.</span> <span class='ocrx_word' id='word_1_326' title='bbox 1740 562 1801 592; x_wconf 81' lang='grc' dir='ltr'>Ἀλ-</span> 
     </span>
     <span class='ocr_line' id='line_1_44' title="bbox 1028 609 1802 650; baseline -0.001 -11"><span class='ocrx_word' id='word_1_327' title='bbox 1028 611 1114 649; x_wconf 84' lang='grc' dir='ltr'>λαχοῦ</span> <span class='ocrx_word' id='word_1_328' title='bbox 1124 609 1152 639; x_wconf 85' lang='grc' dir='ltr'>δὲ</span> <span class='ocrx_word' id='word_1_329' title='bbox 1166 611 1216 650; x_wconf 70' lang='grc' dir='ltr'>οὐχ</span> <span class='ocrx_word' id='word_1_330' title='bbox 1225 611 1260 643; x_wconf 80' lang='grc' dir='ltr'>ὡς</span> <span class='ocrx_word' id='word_1_331' title='bbox 1272 611 1376 650; x_wconf 82' lang='grc' dir='ltr'>τρυφῶν</span> <span class='ocrx_word' id='word_1_332' title='bbox 1391 610 1479 649; x_wconf 87' lang='grc' dir='ltr'>μόνον,</span> <span class='ocrx_word' id='word_1_333' title='bbox 1493 609 1564 639; x_wconf 76' lang='grc' dir='ltr'>ἀλλὰ</span> <span class='ocrx_word' id='word_1_334' title='bbox 1574 609 1620 639; x_wconf 82' lang='grc' dir='ltr'>καὶ</span> <span class='ocrx_word' id='word_1_335' title='bbox 1630 611 1667 643; x_wconf 80' lang='grc' dir='ltr'>ὡς</span> <span class='ocrx_word' id='word_1_336' title='bbox 1679 610 1802 639; x_wconf 85' lang='grc' dir='ltr'>πλουτῶν</span> 
     </span>
     <span class='ocr_line' id='line_1_45' title="bbox 1030 655 1800 696; baseline 0 -11"><span class='ocrx_word' id='word_1_337' title='bbox 1030 656 1255 694; x_wconf 83' lang='grc' dir='ltr'>ἐγκαλλωπίζεται</span> <span class='ocrx_word' id='word_1_338' title='bbox 1268 658 1306 696; x_wconf 86' lang='grc' dir='ltr'>τῷ</span> <span class='ocrx_word' id='word_1_339' title='bbox 1317 656 1423 695; x_wconf 81' lang='grc' dir='ltr'>πλούτῳ</span> <span class='ocrx_word' id='word_1_340' title='bbox 1439 659 1484 686; x_wconf 86' lang='grc' dir='ltr'>τοῦ</span> <span class='ocrx_word' id='word_1_341' title='bbox 1498 655 1589 694; x_wconf 87' lang='grc' dir='ltr'>νόμου,</span> <span class='ocrx_word' id='word_1_342' title='bbox 1602 655 1687 695; x_wconf 82' lang='grc' dir='ltr'>λέγων</span> <span class='ocrx_word' id='word_1_343' title='bbox 1699 668 1706 674; x_wconf 91' lang='grc'><strong><em>·</em></strong></span> <span class='ocrx_word' id='word_1_344' title='bbox 1723 655 1800 694; x_wconf 83' lang='grc' dir='ltr'>Ἀγα·</span> 
     </span>
     <span class='ocr_line' id='line_1_46' title="bbox 1030 701 1800 741; baseline -0.001 -10"><span class='ocrx_word' id='word_1_345' title='bbox 1030 701 1074 731; x_wconf 86' lang='grc' dir='ltr'>θόν</span> <span class='ocrx_word' id='word_1_346' title='bbox 1090 713 1134 740; x_wconf 88' lang='grc' dir='ltr'>μοι</span> <span class='ocrx_word' id='word_1_347' title='bbox 1147 704 1162 731; x_wconf 84' lang='grc' dir='ltr'>ὁ</span> <span class='ocrx_word' id='word_1_348' title='bbox 1175 701 1253 740; x_wconf 89' lang='grc' dir='ltr'>νόμος</span> <span class='ocrx_word' id='word_1_349' title='bbox 1263 704 1309 731; x_wconf 86' lang='grc' dir='ltr'>τοῦ</span> <span class='ocrx_word' id='word_1_350' title='bbox 1322 701 1452 741; x_wconf 83' lang='grc' dir='ltr'>στόματός</span> <span class='ocrx_word' id='word_1_351' title='bbox 1466 713 1513 731; x_wconf 82' lang='grc' dir='ltr'>σου</span> <span class='ocrx_word' id='word_1_352' title='bbox 1526 701 1592 741; x_wconf 81' lang='grc' dir='ltr'>ὑπὲρ</span> <span class='ocrx_word' id='word_1_353' title='bbox 1603 701 1726 741; x_wconf 80' lang='grc' dir='ltr'>χιλιάδας</span> <span class='ocrx_word' id='word_1_354' title='bbox 1734 713 1800 740; x_wconf 86' lang='grc' dir='ltr'>χρυ-</span> 
     </span>
     <span class='ocr_line' id='line_1_47' title="bbox 1031 743 1802 788; baseline -0.001 -11"><span class='ocrx_word' id='word_1_355' title='bbox 1031 748 1088 777; x_wconf 84' lang='grc' dir='ltr'>σίου</span> <span class='ocrx_word' id='word_1_356' title='bbox 1100 748 1144 776; x_wconf 83' lang='grc' dir='ltr'>καὶ</span> <span class='ocrx_word' id='word_1_357' title='bbox 1159 747 1292 788; x_wconf 85' lang='grc' dir='ltr'>ἀργυρίου.</span> <span class='ocrx_word' id='word_1_358' title='bbox 1304 743 1380 781; x_wconf 77' lang='grc' dir='ltr'>Εἶδες</span> <span class='ocrx_word' id='word_1_359' title='bbox 1394 747 1494 788; x_wconf 82' lang='grc' dir='ltr'>τρυφὴν</span> <span class='ocrx_word' id='word_1_360' title='bbox 1506 747 1654 784; x_wconf 68' lang='grc' dir='ltr'>εὐσεὸείας,</span> <span class='ocrx_word' id='word_1_361' title='bbox 1667 747 1713 776; x_wconf 79' lang='grc' dir='ltr'>καὶ</span> <span class='ocrx_word' id='word_1_362' title='bbox 1725 748 1802 776; x_wconf 77' lang='grc' dir='ltr'>πλοῦ-</span> 
     </span>
     <span class='ocr_line' id='line_1_48' title="bbox 1031 792 1803 833; baseline -0.001 -10"><span class='ocrx_word' id='word_1_363' title='bbox 1031 806 1075 824; x_wconf 81' lang='grc' dir='ltr'>τον</span> <span class='ocrx_word' id='word_1_364' title='bbox 1091 796 1117 823; x_wconf 84' lang='grc' dir='ltr'>ἐν</span> <span class='ocrx_word' id='word_1_365' title='bbox 1132 794 1283 833; x_wconf 79' lang='grc' dir='ltr'>δικαιοσύνῃ</span> <span class='ocrx_word' id='word_1_366' title='bbox 1294 807 1302 830; x_wconf 84' lang='lat'>;</span> <span class='ocrx_word' id='word_1_367' title='bbox 1315 795 1363 823; x_wconf 87' lang='grc' dir='ltr'>Δεῖ</span> <span class='ocrx_word' id='word_1_368' title='bbox 1383 793 1469 823; x_wconf 83' lang='grc' dir='ltr'>τοίνυν</span> <span class='ocrx_word' id='word_1_369' title='bbox 1483 796 1554 832; x_wconf 78' lang='grc' dir='ltr'>ἡμᾶς</span> <span class='ocrx_word' id='word_1_370' title='bbox 1577 794 1654 833; x_wconf 78' lang='grc' dir='ltr'>διψᾷν</span> <span class='ocrx_word' id='word_1_371' title='bbox 1674 792 1708 822; x_wconf 78' lang='grc' dir='ltr'>τὰ</span> <span class='ocrx_word' id='word_1_372' title='bbox 1728 796 1785 823; x_wconf 70' lang='lat' dir='ltr'>Osioi</span> <span class='ocrx_word' id='word_1_373' title='bbox 1795 814 1803 828; x_wconf 90' lang='lat'><strong><em>‚</em></strong></span> 
     </span>
     <span class='ocr_line' id='line_1_49' title="bbox 1031 839 1802 880; baseline 0.001 -11"><span class='ocrx_word' id='word_1_374' title='bbox 1031 841 1076 870; x_wconf 83' lang='grc' dir='ltr'>καὶ</span> <span class='ocrx_word' id='word_1_375' title='bbox 1090 845 1182 880; x_wconf 80' lang='grc' dir='ltr'>πεινᾷν</span> <span class='ocrx_word' id='word_1_376' title='bbox 1193 840 1226 869; x_wconf 81' lang='grc' dir='ltr'>τὰ</span> <span class='ocrx_word' id='word_1_377' title='bbox 1239 840 1347 880; x_wconf 80' lang='grc' dir='ltr'>οὐράνια</span> <span class='ocrx_word' id='word_1_378' title='bbox 1359 840 1405 870; x_wconf 72' lang='grc' dir='ltr'>καὶ</span> <span class='ocrx_word' id='word_1_379' title='bbox 1416 840 1485 880; x_wconf 84' lang='grc' dir='ltr'>ἔχειν</span> <span class='ocrx_word' id='word_1_380' title='bbox 1499 840 1608 880; x_wconf 80' lang='grc' dir='ltr'>ἄφθονον</span> <span class='ocrx_word' id='word_1_381' title='bbox 1621 841 1671 876; x_wconf 82' lang='grc' dir='ltr'>τὴν</span> <span class='ocrx_word' id='word_1_382' title='bbox 1682 839 1802 871; x_wconf 79' lang='grc' dir='ltr'>ἀπόλαυ-</span> 
     </span>
     <span class='ocr_line' id='line_1_50' title="bbox 1033 885 1802 926; baseline -0.001 -10"><span class='ocrx_word' id='word_1_383' title='bbox 1033 899 1074 916; x_wconf 90' lang='grc' dir='ltr'>σιν</span> <span class='ocrx_word' id='word_1_384' title='bbox 1094 888 1125 915; x_wconf 83' lang='grc' dir='ltr'>ἐκ</span> <span class='ocrx_word' id='word_1_385' title='bbox 1137 888 1185 922; x_wconf 71' lang='grc' dir='ltr'>τῆς</span> <span class='ocrx_word' id='word_1_386' title='bbox 1203 887 1343 926; x_wconf 77' lang='grc' dir='ltr'>βασιλικῆς</span> <span class='ocrx_word' id='word_1_387' title='bbox 1357 889 1403 915; x_wconf 89' lang='grc' dir='ltr'>τοῦ</span> <span class='ocrx_word' id='word_1_388' title='bbox 1420 887 1535 926; x_wconf 83' lang='grc' dir='ltr'>Χριστοῦ</span> <span class='ocrx_word' id='word_1_389' title='bbox 1555 885 1701 926; x_wconf 82' lang='grc' dir='ltr'>τραπέζης,</span> <span class='ocrx_word' id='word_1_390' title='bbox 1722 885 1802 915; x_wconf 74' lang='grc' dir='ltr'>ἀντέ-</span> 
     </span>
     <span class='ocr_line' id='line_1_51' title="bbox 1032 932 1802 973; baseline -0.001 -11"><span class='ocrx_word' id='word_1_391' title='bbox 1032 936 1127 973; x_wconf 80' lang='grc' dir='ltr'>χεσθαι</span> <span class='ocrx_word' id='word_1_392' title='bbox 1149 933 1176 962; x_wconf 82' lang='grc' dir='ltr'>δὲ</span> <span class='ocrx_word' id='word_1_393' title='bbox 1200 935 1246 962; x_wconf 84' lang='grc' dir='ltr'>τοῦ</span> <span class='ocrx_word' id='word_1_394' title='bbox 1274 932 1426 972; x_wconf 79' lang='grc' dir='ltr'>εὐαγγελίου</span> <span class='ocrx_word' id='word_1_395' title='bbox 1449 934 1497 968; x_wconf 74' lang='grc' dir='ltr'>τῆς</span> <span class='ocrx_word' id='word_1_396' title='bbox 1522 932 1654 972; x_wconf 78' lang='grc' dir='ltr'>σωτηρίας</span> <span class='ocrx_word' id='word_1_397' title='bbox 1668 955 1676 968; x_wconf 86' lang='grc'>,</span> <span class='ocrx_word' id='word_1_398' title='bbox 1701 934 1731 962; x_wconf 82' lang='grc' dir='ltr'>οὗ</span> <span class='ocrx_word' id='word_1_399' title='bbox 1758 934 1802 961; x_wconf 86' lang='grc' dir='ltr'>νῦν</span> 
     </span>
    </p>
   </div>
   <div class='ocr_carea' id='block_1_8' title="bbox 996 974 1802 1019">
    <p class='ocr_par' dir='ltr' id='par_1_8' title="bbox 996 974 1802 1019">
     <span class='ocr_line' id='line_1_52' title="bbox 996 974 1802 1019; baseline -0.001 -11"><span class='ocrx_word' id='word_1_400' title='bbox 996 974 1016 997; x_wconf 75' lang='grc' dir='ltr'>Ῑ)</span> <span class='ocrx_word' id='word_1_401' title='bbox 1033 978 1207 1018; x_wconf 57' lang='grc' dir='ltr'>ᾱάρξαμένου,</span> <span class='ocrx_word' id='word_1_402' title='bbox 1222 980 1291 1009; x_wconf 78' lang='grc' dir='ltr'>ἀλλὰ</span> <span class='ocrx_word' id='word_1_403' title='bbox 1309 979 1336 1007; x_wconf 82' lang='grc' dir='ltr'>ἑν</span> <span class='ocrx_word' id='word_1_404' title='bbox 1349 983 1403 1012; x_wconf 86' lang='grc' dir='ltr'>τοῖς</span> <span class='ocrx_word' id='word_1_405' title='bbox 1417 978 1564 1019; x_wconf 79' lang='grc' dir='ltr'>προφήταις</span> <span class='ocrx_word' id='word_1_406' title='bbox 1583 977 1802 1017; x_wconf 78' lang='grc' dir='ltr'>θεμελιωθέντος,</span> 
     </span>
    </p>
   </div>
   <div class='ocr_carea' id='block_1_9' title="bbox 1030 1024 1804 1664">
    <p class='ocr_par' dir='ltr' id='par_1_9' title="bbox 1030 1024 1804 1664">
     <span class='ocr_line' id='line_1_53' title="bbox 1033 1024 1802 1064; baseline 0.001 -11"><span class='ocrx_word' id='word_1_407' title='bbox 1033 1024 1078 1054; x_wconf 79' lang='grc' dir='ltr'>καὶ</span> <span class='ocrx_word' id='word_1_408' title='bbox 1092 1026 1119 1054; x_wconf 82' lang='grc' dir='ltr'>ἐν</span> <span class='ocrx_word' id='word_1_409' title='bbox 1133 1029 1187 1058; x_wconf 87' lang='grc' dir='ltr'>τοῖς</span> <span class='ocrx_word' id='word_1_410' title='bbox 1208 1025 1364 1058; x_wconf 81' lang='grc' dir='ltr'>ἀποστόλοις</span> <span class='ocrx_word' id='word_1_411' title='bbox 1384 1025 1607 1064; x_wconf 80' lang='grc' dir='ltr'>οἰκοδομηθέντος.</span> <span class='ocrx_word' id='word_1_412' title='bbox 1628 1026 1670 1055; x_wconf 81' lang='grc' dir='ltr'>Οὐ</span> <span class='ocrx_word' id='word_1_413' title='bbox 1686 1024 1738 1064; x_wconf 83' lang='grc' dir='ltr'>γὰρ</span> <span class='ocrx_word' id='word_1_414' title='bbox 1757 1026 1802 1064; x_wconf 79' lang='grc' dir='ltr'>ἀφ’</span> 
     </span>
     <span class='ocr_line' id='line_1_54' title="bbox 1033 1068 1803 1111; baseline 0 -11"><span class='ocrx_word' id='word_1_415' title='bbox 1033 1068 1063 1100; x_wconf 73' lang='grc' dir='ltr'>οὗ</span> <span class='ocrx_word' id='word_1_416' title='bbox 1077 1072 1159 1111; x_wconf 80' lang='grc' dir='ltr'>ἐφάνη</span> <span class='ocrx_word' id='word_1_417' title='bbox 1175 1071 1303 1111; x_wconf 85' lang='grc' dir='ltr'>Χριστὸς,</span> <span class='ocrx_word' id='word_1_418' title='bbox 1318 1071 1348 1100; x_wconf 83' lang='grc' dir='ltr'>τὸ</span> <span class='ocrx_word' id='word_1_419' title='bbox 1360 1071 1511 1110; x_wconf 84' lang='grc' dir='ltr'>εὐαγγέλιον</span> <span class='ocrx_word' id='word_1_420' title='bbox 1524 1070 1624 1110; x_wconf 80' lang='grc' dir='ltr'>ἤρξατο</span> <span class='ocrx_word' id='word_1_421' title='bbox 1634 1083 1641 1090; x_wconf 86' lang='grc'><em>·</em></span> <span class='ocrx_word' id='word_1_422' title='bbox 1655 1072 1714 1100; x_wconf 81' lang='grc' dir='ltr'>ἀλλ’</span> <span class='ocrx_word' id='word_1_423' title='bbox 1726 1072 1803 1111; x_wconf 77' lang='grc' dir='ltr'>ἐῤῥι-</span> 
     </span>
     <span class='ocr_line' id='line_1_55' title="bbox 1033 1114 1801 1157; baseline 0.001 -11"><span class='ocrx_word' id='word_1_424' title='bbox 1033 1118 1102 1154; x_wconf 82' lang='grc' dir='ltr'>ζώθη</span> <span class='ocrx_word' id='word_1_425' title='bbox 1120 1114 1167 1156; x_wconf 60' lang='grc' dir='ltr'>μὲν</span> <span class='ocrx_word' id='word_1_426' title='bbox 1185 1119 1213 1147; x_wconf 82' lang='grc' dir='ltr'>ἐν</span> <span class='ocrx_word' id='word_1_427' title='bbox 1227 1122 1284 1150; x_wconf 85' lang='grc' dir='ltr'>ταῖς</span> <span class='ocrx_word' id='word_1_428' title='bbox 1299 1116 1399 1157; x_wconf 76' lang='grc' dir='ltr'>βίὸλοις</span> <span class='ocrx_word' id='word_1_429' title='bbox 1413 1119 1465 1146; x_wconf 85' lang='grc' dir='ltr'>τῶν</span> <span class='ocrx_word' id='word_1_430' title='bbox 1477 1119 1632 1157; x_wconf 85' lang='grc' dir='ltr'>προφητῶν,</span> <span class='ocrx_word' id='word_1_431' title='bbox 1646 1117 1801 1153; x_wconf 28' lang='lat' dir='ltr'>*immas</span> 
     </span>
     <span class='ocr_line' id='line_1_56' title="bbox 1033 1163 1803 1204; baseline 0.001 -11"><span class='ocrx_word' id='word_1_432' title='bbox 1033 1163 1061 1193; x_wconf 87' lang='grc' dir='ltr'>δὲ</span> <span class='ocrx_word' id='word_1_433' title='bbox 1081 1165 1108 1192; x_wconf 81' lang='grc' dir='ltr'>ἐν</span> <span class='ocrx_word' id='word_1_434' title='bbox 1128 1166 1166 1204; x_wconf 83' lang='grc' dir='ltr'>τῷ</span> <span class='ocrx_word' id='word_1_435' title='bbox 1188 1163 1340 1204; x_wconf 84' lang='grc' dir='ltr'>κηρύγματι</span> <span class='ocrx_word' id='word_1_436' title='bbox 1361 1166 1413 1193; x_wconf 81' lang='grc' dir='ltr'>τῶν</span> <span class='ocrx_word' id='word_1_437' title='bbox 1436 1163 1599 1194; x_wconf 80' lang='grc' dir='ltr'>ἀποστόλων.</span> <span class='ocrx_word' id='word_1_438' title='bbox 1622 1163 1675 1193; x_wconf 77' lang='grc' dir='ltr'>Διὰ</span> <span class='ocrx_word' id='word_1_439' title='bbox 1692 1167 1770 1194; x_wconf 81' lang='grc' dir='ltr'>τοῦτο</span> <span class='ocrx_word' id='word_1_440' title='bbox 1786 1167 1803 1194; x_wconf 79' lang='grc' dir='ltr'><strong>ὁ</strong></span> 
     </span>
     <span class='ocr_line' id='line_1_57' title="bbox 1033 1209 1803 1249; baseline 0 -10"><span class='ocrx_word' id='word_1_441' title='bbox 1033 1211 1139 1243; x_wconf 82' lang='grc' dir='ltr'>Παῦλος</span> <span class='ocrx_word' id='word_1_442' title='bbox 1154 1210 1290 1249; x_wconf 79' lang='grc' dir='ltr'>βουληθεὶς</span> <span class='ocrx_word' id='word_1_443' title='bbox 1304 1210 1399 1246; x_wconf 75' lang='grc' dir='ltr'>δεῖξαι,</span> <span class='ocrx_word' id='word_1_444' title='bbox 1414 1209 1454 1239; x_wconf 80' lang='grc' dir='ltr'>ὅτι</span> <span class='ocrx_word' id='word_1_445' title='bbox 1476 1209 1507 1239; x_wconf 76' lang='grc' dir='ltr'>τὸ</span> <span class='ocrx_word' id='word_1_446' title='bbox 1524 1209 1675 1249; x_wconf 76' lang='grc' dir='ltr'>εὐαγγέλιον</span> <span class='ocrx_word' id='word_1_447' title='bbox 1689 1210 1737 1240; x_wconf 81' lang='grc' dir='ltr'>οὐκ</span> <span class='ocrx_word' id='word_1_448' title='bbox 1750 1210 1803 1240; x_wconf 70' lang='grc' dir='ltr'>ἀπὸ</span> 
     </span>
     <span class='ocr_line' id='line_1_58' title="bbox 1032 1255 1803 1296; baseline -0.001 -11"><span class='ocrx_word' id='word_1_449' title='bbox 1032 1258 1080 1291; x_wconf 73' lang='grc' dir='ltr'>τῆς</span> <span class='ocrx_word' id='word_1_450' title='bbox 1105 1255 1253 1295; x_wconf 83' lang='grc' dir='ltr'>οἰκονομίας</span> <span class='ocrx_word' id='word_1_451' title='bbox 1282 1256 1395 1296; x_wconf 85' lang='grc' dir='ltr'>ἤρξατο,</span> <span class='ocrx_word' id='word_1_452' title='bbox 1419 1257 1477 1286; x_wconf 84' lang='grc' dir='ltr'>ἀλλ’</span> <span class='ocrx_word' id='word_1_453' title='bbox 1507 1256 1560 1286; x_wconf 77' lang='grc' dir='ltr'>ἀπὸ</span> <span class='ocrx_word' id='word_1_454' title='bbox 1581 1258 1634 1286; x_wconf 83' lang='grc' dir='ltr'>τῶν</span> <span class='ocrx_word' id='word_1_455' title='bbox 1660 1258 1803 1296; x_wconf 81' lang='grc' dir='ltr'>προφητῶν</span> 
     </span>
     <span class='ocr_line' id='line_1_59' title="bbox 1033 1302 1803 1343; baseline 0.001 -12"><span class='ocrx_word' id='word_1_456' title='bbox 1033 1303 1145 1343; x_wconf 80' lang='grc' dir='ltr'>ἔλαμψε,</span> <span class='ocrx_word' id='word_1_457' title='bbox 1162 1303 1205 1332; x_wconf 86' lang='grc' dir='ltr'>διὰ</span> <span class='ocrx_word' id='word_1_458' title='bbox 1217 1305 1263 1339; x_wconf 70' lang='grc' dir='ltr'>τῆς</span> <span class='ocrx_word' id='word_1_459' title='bbox 1275 1306 1287 1318; x_wconf 78' lang='lat'><strong>⁶</strong></span> <span class='ocrx_word' id='word_1_460' title='bbox 1295 1302 1442 1341; x_wconf 76' lang='grc' dir='ltr'>οἰκονομίας</span> <span class='ocrx_word' id='word_1_461' title='bbox 1455 1302 1519 1332; x_wconf 80' lang='grc' dir='ltr'>αὐτὸ</span> <span class='ocrx_word' id='word_1_462' title='bbox 1532 1302 1687 1342; x_wconf 71' lang='grc' dir='ltr'>διαγορεύει·</span> <span class='ocrx_word' id='word_1_463' title='bbox 1697 1303 1803 1336; x_wconf 86' lang='grc' dir='ltr'>Παῦλος</span> 
     </span>
     <span class='ocr_line' id='line_1_60' title="bbox 1033 1348 1802 1389; baseline -0.001 -11"><span class='ocrx_word' id='word_1_464' title='bbox 1033 1350 1122 1382; x_wconf 87' lang='grc' dir='ltr'>δοῦλος</span> <span class='ocrx_word' id='word_1_465' title='bbox 1144 1349 1231 1386; x_wconf 84' lang='grc' dir='ltr'>Ἰησοῦ</span> <span class='ocrx_word' id='word_1_466' title='bbox 1254 1350 1380 1385; x_wconf 86' lang='grc' dir='ltr'>Χριστοῦ,</span> <span class='ocrx_word' id='word_1_467' title='bbox 1403 1348 1499 1385; x_wconf 82' lang='grc' dir='ltr'>κλητὸς</span> <span class='ocrx_word' id='word_1_468' title='bbox 1521 1348 1685 1384; x_wconf 81' lang='grc' dir='ltr'>ἀπόστολος,</span> <span class='ocrx_word' id='word_1_469' title='bbox 1701 1349 1802 1389; x_wconf 76' lang='grc' dir='ltr'>ἀφωρι-</span> 
     </span>
     <span class='ocr_line' id='line_1_61' title="bbox 1032 1393 1803 1434; baseline -0.004 -9"><span class='ocrx_word' id='word_1_470' title='bbox 1032 1396 1126 1434; x_wconf 83' lang='grc' dir='ltr'>σμένος</span> <span class='ocrx_word' id='word_1_471' title='bbox 1148 1397 1184 1429; x_wconf 84' lang='grc' dir='ltr'>εἶς</span> <span class='ocrx_word' id='word_1_472' title='bbox 1204 1395 1356 1434; x_wconf 74' lang='grc' dir='ltr'>εὐαγγέλιον</span> <span class='ocrx_word' id='word_1_473' title='bbox 1373 1396 1455 1431; x_wconf 82' lang='grc' dir='ltr'>Θεοῦ,</span> <span class='ocrx_word' id='word_1_474' title='bbox 1475 1394 1489 1424; x_wconf 85' lang='grc' dir='ltr'>ὃ</span> <span class='ocrx_word' id='word_1_475' title='bbox 1510 1394 1740 1434; x_wconf 82' lang='grc' dir='ltr'>προεπηγγείλατο</span> <span class='ocrx_word' id='word_1_476' title='bbox 1760 1393 1803 1423; x_wconf 80' lang='grc' dir='ltr'>διὰ</span> 
     </span>
     <span class='ocr_line' id='line_1_62' title="bbox 1031 1440 1802 1482; baseline -0.001 -12"><span class='ocrx_word' id='word_1_477' title='bbox 1031 1444 1084 1471; x_wconf 84' lang='grc' dir='ltr'>τῶν</span> <span class='ocrx_word' id='word_1_478' title='bbox 1094 1444 1236 1482; x_wconf 79' lang='grc' dir='ltr'>προφητῶν</span> <span class='ocrx_word' id='word_1_479' title='bbox 1249 1442 1327 1471; x_wconf 81' lang='grc' dir='ltr'>αὐτοῦ</span> <span class='ocrx_word' id='word_1_480' title='bbox 1340 1442 1366 1470; x_wconf 80' lang='grc' dir='ltr'>ἐν</span> <span class='ocrx_word' id='word_1_481' title='bbox 1381 1442 1500 1481; x_wconf 77' lang='grc' dir='ltr'>Γραφοιῖς</span> <span class='ocrx_word' id='word_1_482' title='bbox 1511 1440 1597 1479; x_wconf 78' lang='grc' dir='ltr'>ἁγίαις</span> <span class='ocrx_word' id='word_1_483' title='bbox 1606 1440 1667 1480; x_wconf 82' lang='grc' dir='ltr'>περὶ</span> <span class='ocrx_word' id='word_1_484' title='bbox 1680 1443 1726 1469; x_wconf 87' lang='grc' dir='ltr'>τοῦ</span> <span class='ocrx_word' id='word_1_485' title='bbox 1737 1441 1802 1469; x_wconf 82' lang='grc' dir='ltr'>Υἱοῦ</span> 
     </span>
     <span class='ocr_line' id='line_1_63' title="bbox 1031 1485 1802 1527; baseline -0.003 -10"><span class='ocrx_word' id='word_1_486' title='bbox 1031 1489 1111 1517; x_wconf 81' lang='grc' dir='ltr'>αὐτοῦ</span> <span class='ocrx_word' id='word_1_487' title='bbox 1133 1487 1273 1527; x_wconf 79' lang='grc' dir='ltr'>γενομένου</span> <span class='ocrx_word' id='word_1_488' title='bbox 1287 1489 1318 1517; x_wconf 77' lang='grc' dir='ltr'>ἐκ</span> <span class='ocrx_word' id='word_1_489' title='bbox 1341 1486 1492 1526; x_wconf 80' lang='grc' dir='ltr'>σπέρματος</span> <span class='ocrx_word' id='word_1_490' title='bbox 1513 1485 1596 1515; x_wconf 62' lang='lat' dir='ltr'>Auula</span> <span class='ocrx_word' id='word_1_491' title='bbox 1616 1486 1686 1516; x_wconf 81' lang='grc' dir='ltr'>κατὰ</span> <span class='ocrx_word' id='word_1_492' title='bbox 1707 1485 1802 1526; x_wconf 75' lang='grc' dir='ltr'>σάρκα.</span> 
     </span>
     <span class='ocr_line' id='line_1_64' title="bbox 1031 1529 1802 1573; baseline -0.003 -10"><span class='ocrx_word' id='word_1_493' title='bbox 1031 1529 1096 1564; x_wconf 85' lang='grc' dir='ltr'>Οῖδε</span> <span class='ocrx_word' id='word_1_494' title='bbox 1117 1535 1224 1567; x_wconf 84' lang='grc' dir='ltr'>Παῦλος</span> <span class='ocrx_word' id='word_1_495' title='bbox 1243 1533 1390 1573; x_wconf 87' lang='grc' dir='ltr'>ἀδιαίρετον</span> <span class='ocrx_word' id='word_1_496' title='bbox 1411 1533 1460 1568; x_wconf 71' lang='grc' dir='ltr'>τὴν</span> <span class='ocrx_word' id='word_1_497' title='bbox 1474 1532 1590 1562; x_wconf 80' lang='grc' dir='ltr'>παλαιὰν</span> <span class='ocrx_word' id='word_1_498' title='bbox 1609 1531 1655 1561; x_wconf 79' lang='grc' dir='ltr'>καὶ</span> <span class='ocrx_word' id='word_1_499' title='bbox 1674 1531 1722 1568; x_wconf 84' lang='grc' dir='ltr'>τὴν</span> <span class='ocrx_word' id='word_1_500' title='bbox 1742 1532 1802 1561; x_wconf 85' lang='grc' dir='ltr'>νέαν</span> 
     </span>
     <span class='ocr_line' id='line_1_65' title="bbox 1031 1577 1802 1617; baseline -0.001 -9"><span class='ocrx_word' id='word_1_501' title='bbox 1031 1579 1183 1615; x_wconf 79' lang='grc' dir='ltr'>Διαθήκην·</span> <span class='ocrx_word' id='word_1_502' title='bbox 1207 1579 1250 1609; x_wconf 84' lang='grc' dir='ltr'>διὰ</span> <span class='ocrx_word' id='word_1_503' title='bbox 1268 1583 1345 1609; x_wconf 89' lang='grc' dir='ltr'>τοῦτο</span> <span class='ocrx_word' id='word_1_504' title='bbox 1364 1578 1429 1608; x_wconf 82' lang='grc' dir='ltr'>ποτὲ</span> <span class='ocrx_word' id='word_1_505' title='bbox 1448 1578 1495 1617; x_wconf 75' lang='grc' dir='ltr'>μὲν</span> <span class='ocrx_word' id='word_1_506' title='bbox 1516 1577 1599 1614; x_wconf 80' lang='grc' dir='ltr'>αὐτὴν</span> <span class='ocrx_word' id='word_1_507' title='bbox 1613 1579 1689 1608; x_wconf 80' lang='grc' dir='ltr'>καλεῖ</span> <span class='ocrx_word' id='word_1_508' title='bbox 1709 1578 1802 1614; x_wconf 82' lang='grc' dir='ltr'>καινὴν</span> 
     </span>
     <span class='ocr_line' id='line_1_66' title="bbox 1030 1623 1804 1664; baseline -0.001 -10"><span class='ocrx_word' id='word_1_509' title='bbox 1030 1624 1039 1641; x_wconf 80' lang='lat'><strong><em>¹</em></strong></span> <span class='ocrx_word' id='word_1_510' title='bbox 1048 1625 1194 1661; x_wconf 76' lang='grc' dir='ltr'>Διαθήκην,</span> <span class='ocrx_word' id='word_1_511' title='bbox 1205 1625 1248 1655; x_wconf 82' lang='grc' dir='ltr'>ἵνα</span> <span class='ocrx_word' id='word_1_512' title='bbox 1259 1625 1330 1664; x_wconf 82' lang='grc' dir='ltr'>δείξῃ</span> <span class='ocrx_word' id='word_1_513' title='bbox 1344 1627 1401 1659; x_wconf 82' lang='grc' dir='ltr'>πῶς</span> <span class='ocrx_word' id='word_1_514' title='bbox 1411 1625 1579 1660; x_wconf 82' lang='grc' dir='ltr'>ἀνεκαινίσθη</span> <span class='ocrx_word' id='word_1_515' title='bbox 1589 1625 1638 1660; x_wconf 70' lang='grc' dir='ltr'>τῆς</span> <span class='ocrx_word' id='word_1_516' title='bbox 1649 1623 1804 1663; x_wconf 78' lang='grc' dir='ltr'>οἰκουμένης</span> 
     </span>
    </p>
   </div>
   <div class='ocr_carea' id='block_1_10' title="bbox 227 1667 1802 1757">
    <p class='ocr_par' dir='ltr' id='par_1_10' title="bbox 227 1667 1802 1757">
     <span class='ocr_line' id='line_1_67' title="bbox 227 1667 1802 1712; baseline 0 -12"><span class='ocrx_word' id='word_1_517' title='bbox 227 1672 336 1700; x_wconf 91' lang='lat' dir='ltr'>Novum</span> <span class='ocrx_word' id='word_1_518' title='bbox 347 1672 477 1711; x_wconf 86' lang='lat' dir='ltr'>appellat,</span> <span class='ocrx_word' id='word_1_519' title='bbox 492 1679 521 1701; x_wconf 91' lang='lat' dir='ltr'>ut</span> <span class='ocrx_word' id='word_1_520' title='bbox 531 1671 704 1707; x_wconf 85' lang='lat' dir='ltr'>demonstret,</span> <span class='ocrx_word' id='word_1_521' title='bbox 714 1671 849 1710; x_wconf 88' lang='lat' dir='ltr'>quomodo</span> <span class='ocrx_word' id='word_1_522' title='bbox 858 1672 923 1701; x_wconf 78' lang='lat' dir='ltr'>fines</span> <span class='ocrx_word' id='word_1_523' title='bbox 934 1683 973 1702; x_wconf 78' lang='lat' dir='ltr'>or-</span> <span class='ocrx_word' id='word_1_524' title='bbox 983 1688 1021 1708; x_wconf 55' lang='lat'>504</span> <span class='ocrx_word' id='word_1_525' title='bbox 1030 1671 1064 1701; x_wconf 81' lang='grc' dir='ltr'>τὰ</span> <span class='ocrx_word' id='word_1_526' title='bbox 1077 1671 1180 1712; x_wconf 86' lang='grc' dir='ltr'>πέρατα</span> <span class='ocrx_word' id='word_1_527' title='bbox 1195 1672 1205 1712; x_wconf 89' lang='grc'>(</span> <span class='ocrx_word' id='word_1_528' title='bbox 1215 1667 1273 1701; x_wconf 71' lang='grc' dir='ltr'>οἶδα</span> <span class='ocrx_word' id='word_1_529' title='bbox 1291 1674 1383 1701; x_wconf 83' lang='grc' dir='ltr'>τοῦτον</span> <span class='ocrx_word' id='word_1_530' title='bbox 1396 1671 1490 1711; x_wconf 89' lang='grc' dir='ltr'>πρῴην</span> <span class='ocrx_word' id='word_1_531' title='bbox 1502 1671 1638 1710; x_wconf 84' lang='grc' dir='ltr'>γυμνάσας</span> <span class='ocrx_word' id='word_1_532' title='bbox 1651 1671 1693 1700; x_wconf 86' lang='grc' dir='ltr'>τὸν</span> <span class='ocrx_word' id='word_1_533' title='bbox 1707 1671 1784 1710; x_wconf 83' lang='grc' dir='ltr'>λόγον</span> <span class='ocrx_word' id='word_1_534' title='bbox 1796 1682 1802 1688; x_wconf 93' lang='grc'>·</span> 
     </span>
     <span class='ocr_line' id='line_1_68' title="bbox 227 1715 1802 1757; baseline 0.001 -13"><span class='ocrx_word' id='word_1_535' title='bbox 227 1715 270 1744; x_wconf 86' lang='lat' dir='ltr'>bis</span> <span class='ocrx_word' id='word_1_536' title='bbox 278 1721 412 1744; x_wconf 84' lang='lat' dir='ltr'>terrarum</span> <span class='ocrx_word' id='word_1_537' title='bbox 426 1716 480 1746; x_wconf 88' lang='lat' dir='ltr'>sint</span> <span class='ocrx_word' id='word_1_538' title='bbox 493 1716 614 1746; x_wconf 84' lang='lat' dir='ltr'>renovati</span> <span class='ocrx_word' id='word_1_539' title='bbox 625 1719 693 1753; x_wconf 90' lang='lat' dir='ltr'>(non</span> <span class='ocrx_word' id='word_1_540' title='bbox 707 1715 800 1754; x_wconf 82' lang='lat' dir='ltr'>ignoro</span> <span class='ocrx_word' id='word_1_541' title='bbox 815 1716 871 1745; x_wconf 83' lang='lat' dir='ltr'>haec</span> <span class='ocrx_word' id='word_1_542' title='bbox 884 1716 951 1745; x_wconf 85' lang='lat' dir='ltr'>alibi</span> <span class='ocrx_word' id='word_1_543' title='bbox 960 1728 975 1745; x_wconf 82' lang='lat' dir='ltr'>a</span> <span class='ocrx_word' id='word_1_544' title='bbox 993 1717 1014 1739; x_wconf 84' lang='grc' dir='ltr'><strong>Λ</strong></span> <span class='ocrx_word' id='word_1_545' title='bbox 1031 1720 1090 1748; x_wconf 86' lang='grc' dir='ltr'>ἀλλ’</span> <span class='ocrx_word' id='word_1_546' title='bbox 1109 1718 1323 1757; x_wconf 72' lang='grc' dir='ltr'>ἐπαναλαμὸάνω</span> <span class='ocrx_word' id='word_1_547' title='bbox 1345 1716 1411 1757; x_wconf 79' lang='grc' dir='ltr'>πρὸς</span> <span class='ocrx_word' id='word_1_548' title='bbox 1427 1717 1597 1757; x_wconf 70' lang='grc' dir='ltr'>ὑπόμνησιν)</span> <span class='ocrx_word' id='word_1_549' title='bbox 1607 1729 1614 1735; x_wconf 94' lang='grc'><em>·</em></span> <span class='ocrx_word' id='word_1_550' title='bbox 1628 1718 1703 1747; x_wconf 83' lang='grc' dir='ltr'>καλεῖ</span> <span class='ocrx_word' id='word_1_551' title='bbox 1715 1717 1802 1746; x_wconf 82' lang='grc' dir='ltr'>τοίνυν</span> 
     </span>
    </p>
   </div>
   <div class='ocr_carea' id='block_1_11' title="bbox 181 1760 1010 2352">
    <p class='ocr_par' dir='ltr' id='par_1_11' title="bbox 181 1760 1010 2352">
     <span class='ocr_line' id='line_1_69' title="bbox 227 1760 975 1802; baseline 0.003 -13"><span class='ocrx_word' id='word_1_552' title='bbox 227 1760 304 1789; x_wconf 83' lang='lat' dir='ltr'>nobis</span> <span class='ocrx_word' id='word_1_553' title='bbox 319 1760 400 1790; x_wconf 74' lang='lat' dir='ltr'>tuisse</span> <span class='ocrx_word' id='word_1_554' title='bbox 422 1762 572 1802; x_wconf 73' lang='lat' dir='ltr'>explicata5</span> <span class='ocrx_word' id='word_1_555' title='bbox 596 1761 643 1791; x_wconf 89' lang='lat' dir='ltr'>sed</span> <span class='ocrx_word' id='word_1_556' title='bbox 655 1768 744 1790; x_wconf 80' lang='lat' dir='ltr'>tamen</span> <span class='ocrx_word' id='word_1_557' title='bbox 758 1761 815 1798; x_wconf 81' lang='lat' dir='ltr'>hic,</span> <span class='ocrx_word' id='word_1_558' title='bbox 831 1769 862 1791; x_wconf 91' lang='lat' dir='ltr'>ut</span> <span class='ocrx_word' id='word_1_559' title='bbox 874 1773 975 1792; x_wconf 86' lang='lat' dir='ltr'>memo-</span> 
     </span>
     <span class='ocr_line' id='line_1_70' title="bbox 227 1808 976 1848; baseline 0 -10"><span class='ocrx_word' id='word_1_560' title='bbox 227 1810 294 1839; x_wconf 85' lang='lat' dir='ltr'>riam</span> <span class='ocrx_word' id='word_1_561' title='bbox 308 1817 424 1841; x_wconf 82' lang='lat' dir='ltr'>vestram</span> <span class='ocrx_word' id='word_1_562' title='bbox 442 1809 576 1845; x_wconf 79' lang='lat' dir='ltr'>refricem,</span> <span class='ocrx_word' id='word_1_563' title='bbox 597 1808 725 1848; x_wconf 85' lang='lat' dir='ltr'>repeto);</span> <span class='ocrx_word' id='word_1_564' title='bbox 739 1815 818 1837; x_wconf 80' lang='lat' dir='ltr'>vocat</span> <span class='ocrx_word' id='word_1_565' title='bbox 833 1809 913 1837; x_wconf 90' lang='lat' dir='ltr'>etiam</span> <span class='ocrx_word' id='word_1_566' title='bbox 923 1809 976 1838; x_wconf 84' lang='lat' dir='ltr'>Te-</span> 
     </span>
     <span class='ocr_line' id='line_1_71' title="bbox 228 1854 975 1886; baseline -0.003 0"><span class='ocrx_word' id='word_1_567' title='bbox 228 1864 389 1886; x_wconf 78' lang='lat' dir='ltr'>stamentum</span> <span class='ocrx_word' id='word_1_568' title='bbox 404 1856 513 1885; x_wconf 84' lang='lat' dir='ltr'>Novum</span> <span class='ocrx_word' id='word_1_569' title='bbox 526 1854 559 1883; x_wconf 89' lang='lat' dir='ltr'>ad</span> <span class='ocrx_word' id='word_1_570' title='bbox 571 1854 769 1884; x_wconf 86' lang='lat' dir='ltr'>distinctionem</span> <span class='ocrx_word' id='word_1_571' title='bbox 780 1854 920 1884; x_wconf 80' lang='lat' dir='ltr'>inveterati</span> <span class='ocrx_word' id='word_1_572' title='bbox 934 1855 975 1884; x_wconf 90' lang='lat' dir='ltr'>in·</span> 
     </span>
     <span class='ocr_line' id='line_1_72' title="bbox 229 1899 977 1940; baseline 0 -9"><span class='ocrx_word' id='word_1_573' title='bbox 229 1901 371 1931; x_wconf 83' lang='lat' dir='ltr'>dicandam</span> <span class='ocrx_word' id='word_1_574' title='bbox 385 1912 392 1928; x_wconf 89' lang='lat'>:</span> <span class='ocrx_word' id='word_1_575' title='bbox 409 1900 577 1940; x_wconf 81' lang='lat' dir='ltr'>praestantius</span> <span class='ocrx_word' id='word_1_576' title='bbox 598 1900 710 1936; x_wconf 85' lang='lat' dir='ltr'>scilicet,</span> <span class='ocrx_word' id='word_1_577' title='bbox 732 1899 766 1929; x_wconf 85' lang='lat' dir='ltr'>ad</span> <span class='ocrx_word' id='word_1_578' title='bbox 779 1900 977 1931; x_wconf 83' lang='lat' dir='ltr'>distinctionem</span> 
     </span>
     <span class='ocr_line' id='line_1_73' title="bbox 181 1939 977 1988; baseline 0.001 -12"><span class='ocrx_word' id='word_1_579' title='bbox 181 1939 218 1960; x_wconf 56' lang='grc' dir='ltr'>ψ’</span> <span class='ocrx_word' id='word_1_580' title='bbox 229 1948 363 1977; x_wconf 78' lang='lat' dir='ltr'>inferioris</span> <span class='ocrx_word' id='word_1_581' title='bbox 375 1960 381 1976; x_wconf 89' lang='lat'><strong>:</strong></span> <span class='ocrx_word' id='word_1_582' title='bbox 393 1954 532 1982; x_wconf 75' lang='lat' dir='ltr'>aeternum,</span> <span class='ocrx_word' id='word_1_583' title='bbox 541 1946 738 1985; x_wconf 79' lang='lat' dir='ltr'>comparatione</span> <span class='ocrx_word' id='word_1_584' title='bbox 751 1947 818 1976; x_wconf 83' lang='lat' dir='ltr'>facta</span> <span class='ocrx_word' id='word_1_585' title='bbox 831 1946 866 1976; x_wconf 90' lang='lat' dir='ltr'>ad</span> <span class='ocrx_word' id='word_1_586' title='bbox 877 1954 977 1988; x_wconf 89' lang='lat' dir='ltr'>tempo-</span> 
     </span>
     <span class='ocr_line' id='line_1_74' title="bbox 229 1991 986 2032; baseline 0.001 -10"><span class='ocrx_word' id='word_1_587' title='bbox 229 1994 292 2023; x_wconf 78' lang='lat' dir='ltr'>rale.</span> <span class='ocrx_word' id='word_1_588' title='bbox 309 1993 362 2023; x_wconf 89' lang='lat' dir='ltr'>Sed</span> <span class='ocrx_word' id='word_1_589' title='bbox 376 2000 402 2022; x_wconf 91' lang='lat' dir='ltr'>et</span> <span class='ocrx_word' id='word_1_590' title='bbox 412 1991 562 2021; x_wconf 88' lang='lat' dir='ltr'>secundum</span> <span class='ocrx_word' id='word_1_591' title='bbox 570 1992 770 2021; x_wconf 83' lang='lat' dir='ltr'>Testamentum</span> <span class='ocrx_word' id='word_1_592' title='bbox 784 1992 873 2032; x_wconf 87' lang='lat' dir='ltr'>ipsum</span> <span class='ocrx_word' id='word_1_593' title='bbox 886 2002 973 2023; x_wconf 87' lang='lat' dir='ltr'>vocat.</span> <span class='ocrx_word' id='word_1_594' title='bbox 984 1995 986 1997; x_wconf 63' lang='grc'>’</span> 
     </span>
     <span class='ocr_line' id='line_1_75' title="bbox 228 2036 973 2076; baseline 0.001 -8"><span class='ocrx_word' id='word_1_595' title='bbox 228 2038 304 2076; x_wconf 87' lang='lat' dir='ltr'>Quid</span> <span class='ocrx_word' id='word_1_596' title='bbox 313 2039 349 2068; x_wconf 82' lang='lat' dir='ltr'>ita</span> <span class='ocrx_word' id='word_1_597' title='bbox 363 2037 535 2068; x_wconf 79' lang='lat' dir='ltr'>secundum?</span> <span class='ocrx_word' id='word_1_598' title='bbox 551 2038 590 2066; x_wconf 88' lang='lat' dir='ltr'>Ut</span> <span class='ocrx_word' id='word_1_599' title='bbox 605 2044 698 2066; x_wconf 87' lang='lat' dir='ltr'>mutua</span> <span class='ocrx_word' id='word_1_600' title='bbox 710 2036 900 2068; x_wconf 75' lang='lat' dir='ltr'>sententiarum</span> <span class='ocrx_word' id='word_1_601' title='bbox 910 2050 973 2069; x_wconf 88' lang='lat' dir='ltr'>eon-</span> 
     </span>
     <span class='ocr_line' id='line_1_76' title="bbox 227 2083 974 2122; baseline 0 -8"><span class='ocrx_word' id='word_1_602' title='bbox 227 2085 340 2114; x_wconf 87' lang='lat' dir='ltr'>nexione</span> <span class='ocrx_word' id='word_1_603' title='bbox 360 2094 444 2114; x_wconf 88' lang='lat' dir='ltr'>unum</span> <span class='ocrx_word' id='word_1_604' title='bbox 462 2083 569 2112; x_wconf 83' lang='lat' dir='ltr'>efficiat.</span> <span class='ocrx_word' id='word_1_605' title='bbox 586 2084 654 2112; x_wconf 81' lang='lat' dir='ltr'>Nam</span> <span class='ocrx_word' id='word_1_606' title='bbox 678 2083 753 2122; x_wconf 90' lang='lat' dir='ltr'>quod</span> <span class='ocrx_word' id='word_1_607' title='bbox 767 2085 915 2114; x_wconf 86' lang='lat' dir='ltr'>abscissum</span> <span class='ocrx_word' id='word_1_608' title='bbox 939 2086 974 2114; x_wconf 86' lang='lat' dir='ltr'>ab</span> 
     </span>
     <span class='ocr_line' id='line_1_77' title="bbox 227 2128 975 2169; baseline 0.001 -10"><span class='ocrx_word' id='word_1_609' title='bbox 227 2130 318 2169; x_wconf 83' lang='lat' dir='ltr'>aliquo</span> <span class='ocrx_word' id='word_1_610' title='bbox 340 2137 389 2167; x_wconf 87' lang='lat' dir='ltr'>est,</span> <span class='ocrx_word' id='word_1_611' title='bbox 413 2128 562 2159; x_wconf 87' lang='lat' dir='ltr'>secundum</span> <span class='ocrx_word' id='word_1_612' title='bbox 575 2138 629 2157; x_wconf 92' lang='lat' dir='ltr'>non</span> <span class='ocrx_word' id='word_1_613' title='bbox 650 2129 812 2168; x_wconf 85' lang='lat' dir='ltr'>appellatur.</span> <span class='ocrx_word' id='word_1_614' title='bbox 838 2131 975 2168; x_wconf 86' lang='lat' dir='ltr'>Quoniam</span> 
     </span>
     <span class='ocr_line' id='line_1_78' title="bbox 228 2174 1010 2215; baseline 0.001 -9"><span class='ocrx_word' id='word_1_615' title='bbox 228 2187 290 2206; x_wconf 76' lang='lat' dir='ltr'>vero</span> <span class='ocrx_word' id='word_1_616' title='bbox 303 2178 376 2205; x_wconf 87' lang='lat' dir='ltr'>Deus</span> <span class='ocrx_word' id='word_1_617' title='bbox 388 2175 496 2204; x_wconf 83' lang='lat' dir='ltr'>oracula</span> <span class='ocrx_word' id='word_1_618' title='bbox 505 2185 553 2204; x_wconf 80' lang='lat' dir='ltr'>sua</span> <span class='ocrx_word' id='word_1_619' title='bbox 566 2174 652 2203; x_wconf 90' lang='lat' dir='ltr'>edidit</span> <span class='ocrx_word' id='word_1_620' title='bbox 661 2181 687 2203; x_wconf 90' lang='lat' dir='ltr'>ct</span> <span class='ocrx_word' id='word_1_621' title='bbox 701 2175 727 2203; x_wconf 93' lang='lat' dir='ltr'>in</span> <span class='ocrx_word' id='word_1_622' title='bbox 739 2177 837 2215; x_wconf 91' lang='lat' dir='ltr'>primo,</span> <span class='ocrx_word' id='word_1_623' title='bbox 853 2184 878 2206; x_wconf 90' lang='lat' dir='ltr'>et</span> <span class='ocrx_word' id='word_1_624' title='bbox 887 2178 914 2207; x_wconf 92' lang='lat' dir='ltr'>in</span> <span class='ocrx_word' id='word_1_625' title='bbox 929 2189 975 2207; x_wconf 86' lang='lat' dir='ltr'>se-</span> <span class='ocrx_word' id='word_1_626' title='bbox 994 2184 1010 2206; x_wconf 89' lang='lat' dir='ltr'><strong>B</strong></span> 
     </span>
     <span class='ocr_line' id='line_1_79' title="bbox 226 2220 971 2260; baseline 0.004 -9"><span class='ocrx_word' id='word_1_627' title='bbox 226 2222 326 2259; x_wconf 85' lang='lat' dir='ltr'>cundo,</span> <span class='ocrx_word' id='word_1_628' title='bbox 342 2221 414 2251; x_wconf 91' lang='lat' dir='ltr'>idem</span> <span class='ocrx_word' id='word_1_629' title='bbox 428 2221 474 2250; x_wconf 82' lang='lat' dir='ltr'>tlte</span> <span class='ocrx_word' id='word_1_630' title='bbox 485 2220 586 2250; x_wconf 85' lang='lat' dir='ltr'>Paulus</span> <span class='ocrx_word' id='word_1_631' title='bbox 599 2220 717 2260; x_wconf 88' lang='lat' dir='ltr'>primum</span> <span class='ocrx_word' id='word_1_632' title='bbox 730 2228 756 2250; x_wconf 87' lang='lat' dir='ltr'>et</span> <span class='ocrx_word' id='word_1_633' title='bbox 766 2223 914 2253; x_wconf 75' lang='lat' dir='ltr'>secundum</span> <span class='ocrx_word' id='word_1_634' title='bbox 924 2235 971 2254; x_wconf 88' lang='lat' dir='ltr'>vo-</span> 
     </span>
     <span class='ocr_line' id='line_1_80' title="bbox 226 2266 973 2307; baseline 0.004 -11"><span class='ocrx_word' id='word_1_635' title='bbox 226 2274 278 2304; x_wconf 87' lang='lat' dir='ltr'>cat,</span> <span class='ocrx_word' id='word_1_636' title='bbox 291 2274 370 2306; x_wconf 85' lang='lat' dir='ltr'>atque</span> <span class='ocrx_word' id='word_1_637' title='bbox 379 2276 489 2296; x_wconf 80' lang='lat' dir='ltr'>numero</span> <span class='ocrx_word' id='word_1_638' title='bbox 500 2266 713 2296; x_wconf 82' lang='lat' dir='ltr'>convenientiam</span> <span class='ocrx_word' id='word_1_639' title='bbox 724 2267 863 2307; x_wconf 82' lang='lat' dir='ltr'>utriusque</span> <span class='ocrx_word' id='word_1_640' title='bbox 876 2276 899 2299; x_wconf 91' lang='lat' dir='ltr'>et</span> <span class='ocrx_word' id='word_1_641' title='bbox 909 2281 973 2299; x_wconf 89' lang='lat' dir='ltr'>con-</span> 
     </span>
     <span class='ocr_line' id='line_1_81' title="bbox 226 2312 972 2352; baseline 0.003 -8"><span class='ocrx_word' id='word_1_642' title='bbox 226 2324 334 2344; x_wconf 85' lang='lat' dir='ltr'>sensum</span> <span class='ocrx_word' id='word_1_643' title='bbox 355 2313 484 2343; x_wconf 82' lang='lat' dir='ltr'>declarat.</span> <span class='ocrx_word' id='word_1_644' title='bbox 505 2312 611 2342; x_wconf 86' lang='lat' dir='ltr'>Idcirco</span> <span class='ocrx_word' id='word_1_645' title='bbox 632 2313 745 2349; x_wconf 81' lang='lat' dir='ltr'>Paulus,</span> <span class='ocrx_word' id='word_1_646' title='bbox 760 2314 807 2352; x_wconf 86' lang='lat' dir='ltr'>qui</span> <span class='ocrx_word' id='word_1_647' title='bbox 824 2315 972 2346; x_wconf 88' lang='lat' dir='ltr'>indivisum</span> 
     </span>
    </p>
   </div>
   <div class='ocr_carea' id='block_1_12' title="bbox 76 1868 164 1921">
    <p class='ocr_par' dir='ltr' id='par_1_12' title="bbox 76 1868 164 1921">
     <span class='ocr_line' id='line_1_82' title="bbox 78 1868 164 1889; baseline 0.012 -1"><span class='ocrx_word' id='word_1_648' title='bbox 78 1868 120 1888; x_wconf 65' lang='lat' dir='ltr'>Nm</span> <span class='ocrx_word' id='word_1_649' title='bbox 129 1877 164 1889; x_wconf 85' lang='lat' dir='ltr'>um</span> 
     </span>
     <span class='ocr_line' id='line_1_83' title="bbox 76 1904 129 1921; baseline 0.019 -2"><span class='ocrx_word' id='word_1_650' title='bbox 76 1904 129 1921; x_wconf 66' lang='lat' dir='ltr'>stain</span> 
     </span>
    </p>
   </div>
   <div class='ocr_carea' id='block_1_13' title="bbox 133 1869 218 1921">
    <p class='ocr_par' dir='ltr' id='par_1_13' title="bbox 133 1869 218 1921">
     <span class='ocr_line' id='line_1_84' title="bbox 175 1869 218 1890; baseline 0.023 -1"><span class='ocrx_word' id='word_1_651' title='bbox 175 1869 218 1890; x_wconf 84' lang='lat' dir='ltr'>Tc-</span> 
     </span>
     <span class='ocr_line' id='line_1_85' title="bbox 133 1904 208 1921; baseline 0.027 -2"><span class='ocrx_word' id='word_1_652' title='bbox 133 1904 208 1921; x_wconf 76' lang='lat' dir='ltr'>nutum</span> 
     </span>
    </p>
   </div>
   <div class='ocr_carea' id='block_1_14' title="bbox 77 1938 178 1989">
    <p class='ocr_par' dir='ltr' id='par_1_14' title="bbox 77 1938 178 1989">
     <span class='ocr_line' id='line_1_86' title="bbox 77 1938 165 1951; baseline 0.011 -1"><span class='ocrx_word' id='word_1_653' title='bbox 77 1938 111 1951; x_wconf 74' lang='grc' dir='ltr'>(.ΙΙΙ</span> <span class='ocrx_word' id='word_1_654' title='bbox 136 1939 165 1951; x_wconf 58' lang='lat' dir='ltr'>s&#39;tc</span> 
     </span>
     <span class='ocr_line' id='line_1_87' title="bbox 78 1962 178 1989; baseline 0.03 -9"><span class='ocrx_word' id='word_1_655' title='bbox 78 1962 178 1989; x_wconf 61' lang='lat' dir='ltr'>&#39;wilc-tur.</span> 
     </span>
    </p>
   </div>
   <div class='ocr_carea' id='block_1_15' title="bbox 225 2416 988 2609">
    <p class='ocr_par' dir='ltr' id='par_1_15' title="bbox 225 2416 988 2570">
     <span class='ocr_line' id='line_1_88' title="bbox 257 2416 988 2453; baseline 0.001 -9"><span class='ocrx_word' id='word_1_656' title='bbox 257 2427 269 2439; x_wconf 65' lang='grc' dir='ltr'><strong>Ω</strong></span> <span class='ocrx_word' id='word_1_657' title='bbox 285 2420 379 2444; x_wconf 73' lang='lat' dir='ltr'>Omnes</span> <span class='ocrx_word' id='word_1_658' title='bbox 390 2419 447 2443; x_wconf 69' lang='lat' dir='ltr'>Mss-</span> <span class='ocrx_word' id='word_1_659' title='bbox 461 2423 506 2453; x_wconf 73' lang='grc' dir='ltr'>γὰρ</span> <span class='ocrx_word' id='word_1_660' title='bbox 517 2421 543 2448; x_wconf 78' lang='grc' dir='ltr'>ἦν</span> <span class='ocrx_word' id='word_1_661' title='bbox 559 2421 629 2451; x_wconf 78' lang='grc' dir='ltr'>αὐτῷ.</span> <span class='ocrx_word' id='word_1_662' title='bbox 643 2416 712 2442; x_wconf 76' lang='lat' dir='ltr'>Edit&#39;t</span> <span class='ocrx_word' id='word_1_663' title='bbox 728 2422 773 2453; x_wconf 74' lang='grc' dir='ltr'>γὰρ</span> <span class='ocrx_word' id='word_1_664' title='bbox 792 2419 829 2444; x_wconf 76' lang='grc' dir='ltr'>οὖν</span> <span class='ocrx_word' id='word_1_665' title='bbox 848 2422 919 2453; x_wconf 78' lang='grc' dir='ltr'>αὐτῷ.</span> <span class='ocrx_word' id='word_1_666' title='bbox 933 2420 988 2445; x_wconf 86' lang='lat' dir='ltr'>Ibi-</span> 
     </span>
     <span class='ocr_line' id='line_1_89' title="bbox 225 2456 987 2493; baseline 0.004 -10"><span class='ocrx_word' id='word_1_667' title='bbox 225 2458 284 2484; x_wconf 87' lang='lat' dir='ltr'>dem</span> <span class='ocrx_word' id='word_1_668' title='bbox 298 2466 385 2483; x_wconf 83' lang='lat' dir='ltr'>omnes</span> <span class='ocrx_word' id='word_1_669' title='bbox 400 2458 459 2482; x_wconf 82' lang='lat' dir='ltr'>Mss.</span> <span class='ocrx_word' id='word_1_670' title='bbox 474 2460 486 2484; x_wconf 74' lang='grc' dir='ltr'><strong>ὁ</strong></span> <span class='ocrx_word' id='word_1_671' title='bbox 497 2461 538 2483; x_wconf 82' lang='grc' dir='ltr'>τοῦ</span> <span class='ocrx_word' id='word_1_672' title='bbox 555 2461 605 2484; x_wconf 75' lang='grc' dir='ltr'>θεοῦ</span> <span class='ocrx_word' id='word_1_673' title='bbox 617 2460 690 2489; x_wconf 73' lang='grc' dir='ltr'>λόγος,</span> <span class='ocrx_word' id='word_1_674' title='bbox 702 2456 790 2481; x_wconf 71' lang='lat' dir='ltr'>Morel-</span> <span class='ocrx_word' id='word_1_675' title='bbox 801 2460 813 2484; x_wconf 84' lang='grc' dir='ltr'><strong>ὁ</strong></span> <span class='ocrx_word' id='word_1_676' title='bbox 822 2462 863 2484; x_wconf 78' lang='grc' dir='ltr'>τοῦ</span> <span class='ocrx_word' id='word_1_677' title='bbox 873 2464 930 2485; x_wconf 62' lang='grc' dir='ltr'>Θεοῦ</span> <span class='ocrx_word' id='word_1_678' title='bbox 945 2465 987 2493; x_wconf 73' lang='grc' dir='ltr'>φό-</span> 
     </span>
     <span class='ocr_line' id='line_1_90' title="bbox 228 2495 987 2533; baseline 0.001 -10"><span class='ocrx_word' id='word_1_679' title='bbox 228 2501 264 2527; x_wconf 71' lang='lat'>62,-</span> <span class='ocrx_word' id='word_1_680' title='bbox 277 2501 313 2523; x_wconf 79' lang='grc' dir='ltr'>καὶ</span> <span class='ocrx_word' id='word_1_681' title='bbox 332 2501 404 2530; x_wconf 75' lang='grc' dir='ltr'>λόγος,</span> <span class='ocrx_word' id='word_1_682' title='bbox 422 2497 481 2521; x_wconf 70' lang='lat' dir='ltr'>Mox</span> <span class='ocrx_word' id='word_1_683' title='bbox 497 2495 549 2521; x_wconf 80' lang='lat' dir='ltr'>duo</span> <span class='ocrx_word' id='word_1_684' title='bbox 566 2496 625 2520; x_wconf 84' lang='lat' dir='ltr'>Mss.</span> <span class='ocrx_word' id='word_1_685' title='bbox 638 2499 810 2531; x_wconf 64' lang='lat' dir='ltr'>xzrarpi&#39;apmou</span> <span class='ocrx_word' id='word_1_686' title='bbox 821 2503 854 2531; x_wconf 81' lang='grc' dir='ltr'>τῷ</span> <span class='ocrx_word' id='word_1_687' title='bbox 873 2503 949 2533; x_wconf 76' lang='grc' dir='ltr'>κυρίῳ,</span> <span class='ocrx_word' id='word_1_688' title='bbox 962 2504 987 2523; x_wconf 80' lang='lat' dir='ltr'>et</span> 
     </span>
     <span class='ocr_line' id='line_1_91' title="bbox 229 2533 763 2570; baseline -0.002 -10"><span class='ocrx_word' id='word_1_689' title='bbox 229 2538 264 2560; x_wconf 68' lang='lat' dir='ltr'>sic</span> <span class='ocrx_word' id='word_1_690' title='bbox 276 2537 301 2560; x_wconf 87' lang='lat' dir='ltr'>in</span> <span class='ocrx_word' id='word_1_691' title='bbox 314 2535 401 2560; x_wconf 75' lang='lat' dir='ltr'>Bibtiis</span> <span class='ocrx_word' id='word_1_692' title='bbox 413 2534 510 2568; x_wconf 76' lang='lat' dir='ltr'>legitur.</span> <span class='ocrx_word' id='word_1_693' title='bbox 525 2533 614 2560; x_wconf 74' lang='grc' dir='ltr'>Μαι-οὶ.</span> <span class='ocrx_word' id='word_1_694' title='bbox 627 2538 665 2561; x_wconf 78' lang='grc' dir='ltr'>τοῦ</span> <span class='ocrx_word' id='word_1_695' title='bbox 675 2539 763 2570; x_wconf 75' lang='grc' dir='ltr'>Κυρίου.</span> 
     </span>
    </p>

    <p class='ocr_par' dir='ltr' id='par_1_16' title="bbox 259 2572 983 2609">
     <span class='ocr_line' id='line_1_92' title="bbox 259 2572 983 2609; baseline 0.001 -11"><span class='ocrx_word' id='word_1_696' title='bbox 259 2576 268 2589; x_wconf 65' lang='lat'>⁵¹</span> <span class='ocrx_word' id='word_1_697' title='bbox 289 2574 334 2599; x_wconf 78' lang='lat' dir='ltr'>Sic</span> <span class='ocrx_word' id='word_1_698' title='bbox 351 2574 402 2598; x_wconf 89' lang='lat' dir='ltr'>duo</span> <span class='ocrx_word' id='word_1_699' title='bbox 414 2575 472 2598; x_wconf 80' lang='lat' dir='ltr'>Mss.</span> <span class='ocrx_word' id='word_1_700' title='bbox 487 2578 562 2598; x_wconf 82' lang='lat' dir='ltr'>recte.</span> <span class='ocrx_word' id='word_1_701' title='bbox 577 2572 662 2598; x_wconf 82' lang='lat' dir='ltr'>Morei.</span> <span class='ocrx_word' id='word_1_702' title='bbox 673 2574 708 2605; x_wconf 86' lang='lat' dir='ltr'>[et.</span> <span class='ocrx_word' id='word_1_703' title='bbox 722 2573 812 2606; x_wconf 74' lang='lat' dir='ltr'>savit]</span> <span class='ocrx_word' id='word_1_704' title='bbox 823 2578 983 2609; x_wconf 45' lang='lat' dir='ltr'>&amp;fides-aon...</span> 
     </span>
    </p>
   </div>
   <div class='ocr_carea' id='block_1_16' title="bbox 1028 1763 1804 2358">
    <p class='ocr_par' dir='ltr' id='par_1_17' title="bbox 1028 1763 1804 2358">
     <span class='ocr_line' id='line_1_93' title="bbox 1030 1763 1804 1804; baseline -0.004 -10"><span class='ocrx_word' id='word_1_705' title='bbox 1030 1765 1122 1801; x_wconf 78' lang='grc' dir='ltr'>καινὴν</span> <span class='ocrx_word' id='word_1_706' title='bbox 1144 1764 1280 1800; x_wconf 83' lang='grc' dir='ltr'>Διαθήκην</span> <span class='ocrx_word' id='word_1_707' title='bbox 1305 1764 1370 1804; x_wconf 83' lang='grc' dir='ltr'>πρὸς</span> <span class='ocrx_word' id='word_1_708' title='bbox 1392 1763 1596 1803; x_wconf 80' lang='grc' dir='ltr'>ἄντιπαρᾶθεσιν</span> <span class='ocrx_word' id='word_1_709' title='bbox 1617 1765 1663 1799; x_wconf 80' lang='grc' dir='ltr'>τῆς</span> <span class='ocrx_word' id='word_1_710' title='bbox 1687 1774 1804 1802; x_wconf 80' lang='grc' dir='ltr'>γεγηρα-</span> 
     </span>
     <span class='ocr_line' id='line_1_94' title="bbox 1030 1809 1801 1851; baseline -0.004 -11"><span class='ocrx_word' id='word_1_711' title='bbox 1030 1811 1119 1844; x_wconf 87' lang='grc' dir='ltr'>κυίας·</span> <span class='ocrx_word' id='word_1_712' title='bbox 1133 1810 1270 1851; x_wconf 83' lang='grc' dir='ltr'>κρείττονα</span> <span class='ocrx_word' id='word_1_713' title='bbox 1280 1831 1288 1845; x_wconf 87' lang='grc'>,</span> <span class='ocrx_word' id='word_1_714' title='bbox 1300 1811 1365 1850; x_wconf 78' lang='grc' dir='ltr'>πρὸς</span> <span class='ocrx_word' id='word_1_715' title='bbox 1378 1809 1579 1845; x_wconf 79' lang='grc' dir='ltr'>ἀντιδιαστολὴν</span> <span class='ocrx_word' id='word_1_716' title='bbox 1591 1811 1639 1845; x_wconf 84' lang='grc' dir='ltr'>τ’ἠς</span> <span class='ocrx_word' id='word_1_717' title='bbox 1653 1809 1801 1844; x_wconf 79' lang='grc' dir='ltr'>ἐλάττονος,</span> 
     </span>
     <span class='ocr_line' id='line_1_95' title="bbox 1031 1855 1803 1897; baseline -0.003 -11"><span class='ocrx_word' id='word_1_718' title='bbox 1031 1857 1134 1887; x_wconf 78' lang='grc' dir='ltr'>αἰώνων</span> <span class='ocrx_word' id='word_1_719' title='bbox 1148 1857 1213 1897; x_wconf 86' lang='grc' dir='ltr'>πρὸς</span> <span class='ocrx_word' id='word_1_720' title='bbox 1236 1856 1441 1896; x_wconf 80' lang='grc' dir='ltr'>ἀντιπαράθεσιν</span> <span class='ocrx_word' id='word_1_721' title='bbox 1461 1857 1510 1891; x_wconf 77' lang='grc' dir='ltr'>τῆς</span> <span class='ocrx_word' id='word_1_722' title='bbox 1530 1855 1701 1895; x_wconf 86' lang='grc' dir='ltr'>προσκαίρου.</span> <span class='ocrx_word' id='word_1_723' title='bbox 1718 1855 1803 1884; x_wconf 83' lang='grc' dir='ltr'>Καλεῖ</span> 
     </span>
     <span class='ocr_line' id='line_1_96' title="bbox 1031 1900 1802 1943; baseline -0.004 -11"><span class='ocrx_word' id='word_1_724' title='bbox 1031 1903 1114 1939; x_wconf 82' lang='grc' dir='ltr'>αὐτὴν</span> <span class='ocrx_word' id='word_1_725' title='bbox 1127 1903 1172 1932; x_wconf 75' lang='grc' dir='ltr'>καὶ</span> <span class='ocrx_word' id='word_1_726' title='bbox 1187 1902 1310 1943; x_wconf 80' lang='grc' dir='ltr'>δευτέραν</span> <span class='ocrx_word' id='word_1_727' title='bbox 1325 1902 1469 1939; x_wconf 81' lang='grc' dir='ltr'>Διαθήκην.</span> <span class='ocrx_word' id='word_1_728' title='bbox 1483 1901 1535 1930; x_wconf 81' lang='grc' dir='ltr'>Διὰ</span> <span class='ocrx_word' id='word_1_729' title='bbox 1553 1901 1579 1930; x_wconf 88' lang='grc' dir='ltr'>τί</span> <span class='ocrx_word' id='word_1_730' title='bbox 1592 1901 1730 1940; x_wconf 81' lang='grc' dir='ltr'>δευτέραν;</span> <span class='ocrx_word' id='word_1_731' title='bbox 1745 1900 1802 1929; x_wconf 87' lang='grc' dir='ltr'>Ἵνα</span> 
     </span>
     <span class='ocr_line' id='line_1_97' title="bbox 1031 1945 1802 1989; baseline -0.005 -11"><span class='ocrx_word' id='word_1_732' title='bbox 1031 1951 1064 1988; x_wconf 75' lang='grc' dir='ltr'>τῇ</span> <span class='ocrx_word' id='word_1_733' title='bbox 1076 1948 1169 1989; x_wconf 83' lang='grc' dir='ltr'>γνώμῃ</span> <span class='ocrx_word' id='word_1_734' title='bbox 1183 1948 1296 1988; x_wconf 84' lang='grc' dir='ltr'>συνάψῃ.</span> <span class='ocrx_word' id='word_1_735' title='bbox 1305 1947 1346 1977; x_wconf 84' lang='grc' dir='ltr'>Τὸ</span> <span class='ocrx_word' id='word_1_736' title='bbox 1356 1946 1407 1987; x_wconf 75' lang='grc' dir='ltr'>γὰρ</span> <span class='ocrx_word' id='word_1_737' title='bbox 1423 1946 1658 1988; x_wconf 78' lang='grc' dir='ltr'>ἀπεσχοινισμένον</span> <span class='ocrx_word' id='word_1_738' title='bbox 1667 1946 1736 1979; x_wconf 86' lang='grc' dir='ltr'>τινὸς</span> <span class='ocrx_word' id='word_1_739' title='bbox 1747 1945 1802 1974; x_wconf 84' lang='grc' dir='ltr'>δεύ-</span> 
     </span>
     <span class='ocr_line' id='line_1_98' title="bbox 1030 1991 1801 2034; baseline -0.005 -10"><span class='ocrx_word' id='word_1_740' title='bbox 1030 2007 1104 2034; x_wconf 89' lang='grc' dir='ltr'>τερον</span> <span class='ocrx_word' id='word_1_741' title='bbox 1115 1996 1144 2024; x_wconf 84' lang='grc' dir='ltr'>οὐ</span> <span class='ocrx_word' id='word_1_742' title='bbox 1156 1994 1270 2034; x_wconf 84' lang='grc' dir='ltr'>λέγεται.</span> <span class='ocrx_word' id='word_1_743' title='bbox 1282 1993 1351 2024; x_wconf 81' lang='grc' dir='ltr'>Ἀλλ’</span> <span class='ocrx_word' id='word_1_744' title='bbox 1365 1993 1456 2029; x_wconf 82' lang='grc' dir='ltr'>ἐπειδὴ</span> <span class='ocrx_word' id='word_1_745' title='bbox 1469 1993 1536 2026; x_wconf 85' lang='grc' dir='ltr'>Θεὸς</span> <span class='ocrx_word' id='word_1_746' title='bbox 1548 1992 1662 2028; x_wconf 80' lang='grc' dir='ltr'>ἔλᾶλησε</span> <span class='ocrx_word' id='word_1_747' title='bbox 1675 1991 1720 2021; x_wconf 77' lang='grc' dir='ltr'>καὶ</span> <span class='ocrx_word' id='word_1_748' title='bbox 1731 1993 1801 2031; x_wconf 78' lang='grc' dir='ltr'>ἐντῇ</span> 
     </span>
     <span class='ocr_line' id='line_1_99' title="bbox 1031 2037 1802 2081; baseline -0.005 -10"><span class='ocrx_word' id='word_1_749' title='bbox 1031 2041 1134 2081; x_wconf 85' lang='grc' dir='ltr'>πρώτῃ,</span> <span class='ocrx_word' id='word_1_750' title='bbox 1149 2040 1196 2070; x_wconf 79' lang='grc' dir='ltr'>καὶ</span> <span class='ocrx_word' id='word_1_751' title='bbox 1209 2041 1237 2069; x_wconf 84' lang='grc' dir='ltr'>ἐν</span> <span class='ocrx_word' id='word_1_752' title='bbox 1251 2043 1284 2079; x_wconf 82' lang='grc' dir='ltr'>τῇ</span> <span class='ocrx_word' id='word_1_753' title='bbox 1299 2039 1416 2080; x_wconf 77' lang='grc' dir='ltr'>δευτέρᾳ,</span> <span class='ocrx_word' id='word_1_754' title='bbox 1430 2041 1444 2068; x_wconf 84' lang='grc' dir='ltr'><strong>ὁ</strong></span> <span class='ocrx_word' id='word_1_755' title='bbox 1456 2038 1533 2073; x_wconf 77' lang='grc' dir='ltr'>αὐτὸς</span> <span class='ocrx_word' id='word_1_756' title='bbox 1545 2040 1621 2068; x_wconf 88' lang='grc' dir='ltr'>καλεῖ</span> <span class='ocrx_word' id='word_1_757' title='bbox 1634 2037 1744 2079; x_wconf 77' lang='grc' dir='ltr'>πρώτην</span> <span class='ocrx_word' id='word_1_758' title='bbox 1756 2038 1802 2067; x_wconf 82' lang='grc' dir='ltr'>καὶ</span> 
     </span>
     <span class='ocr_line' id='line_1_100' title="bbox 1031 2084 1803 2127; baseline -0.004 -10"><span class='ocrx_word' id='word_1_759' title='bbox 1031 2087 1163 2127; x_wconf 86' lang='grc' dir='ltr'>δευτέραν,</span> <span class='ocrx_word' id='word_1_760' title='bbox 1172 2089 1211 2126; x_wconf 82' lang='grc' dir='ltr'>τῷ</span> <span class='ocrx_word' id='word_1_761' title='bbox 1221 2089 1325 2126; x_wconf 77' lang='grc' dir='ltr'>ἀριθμῷ</span> <span class='ocrx_word' id='word_1_762' title='bbox 1337 2086 1385 2122; x_wconf 73' lang='grc' dir='ltr'>τὴν</span> <span class='ocrx_word' id='word_1_763' title='bbox 1394 2086 1548 2126; x_wconf 81' lang='grc' dir='ltr'>συμφωνίαν</span> <span class='ocrx_word' id='word_1_764' title='bbox 1560 2084 1741 2125; x_wconf 80' lang='grc' dir='ltr'>ἐργαζόμενος.</span> <span class='ocrx_word' id='word_1_765' title='bbox 1751 2085 1803 2114; x_wconf 80' lang='grc' dir='ltr'>Διὰ</span> 
     </span>
     <span class='ocr_line' id='line_1_101' title="bbox 1029 2131 1803 2172; baseline -0.004 -9"><span class='ocrx_word' id='word_1_766' title='bbox 1029 2137 1107 2163; x_wconf 83' lang='grc' dir='ltr'>τοῦτο</span> <span class='ocrx_word' id='word_1_767' title='bbox 1120 2136 1134 2163; x_wconf 85' lang='grc' dir='ltr'><strong>ὁ</strong></span> <span class='ocrx_word' id='word_1_768' title='bbox 1148 2134 1254 2166; x_wconf 85' lang='grc' dir='ltr'>Παῦλος</span> <span class='ocrx_word' id='word_1_769' title='bbox 1269 2133 1415 2172; x_wconf 84' lang='grc' dir='ltr'>ἀδιαίρετον</span> <span class='ocrx_word' id='word_1_770' title='bbox 1433 2132 1571 2172; x_wconf 76' lang='grc' dir='ltr'>κηρύττων</span> <span class='ocrx_word' id='word_1_771' title='bbox 1589 2131 1725 2171; x_wconf 84' lang='grc' dir='ltr'>βασιλείαν</span> <span class='ocrx_word' id='word_1_772' title='bbox 1741 2132 1803 2160; x_wconf 83' lang='grc' dir='ltr'>Πα-</span> 
     </span>
     <span class='ocr_line' id='line_1_102' title="bbox 1029 2177 1804 2219; baseline -0.005 -9"><span class='ocrx_word' id='word_1_773' title='bbox 1029 2180 1098 2219; x_wconf 82' lang='grc' dir='ltr'>τρὸς,</span> <span class='ocrx_word' id='word_1_774' title='bbox 1111 2180 1157 2210; x_wconf 82' lang='grc' dir='ltr'>καὶ</span> <span class='ocrx_word' id='word_1_775' title='bbox 1170 2180 1246 2215; x_wconf 80' lang='grc' dir='ltr'>Υἱοῦ,</span> <span class='ocrx_word' id='word_1_776' title='bbox 1258 2179 1304 2209; x_wconf 78' lang='grc' dir='ltr'>καὶ</span> <span class='ocrx_word' id='word_1_777' title='bbox 1318 2179 1392 2218; x_wconf 84' lang='grc' dir='ltr'>ἁγίου</span> <span class='ocrx_word' id='word_1_778' title='bbox 1407 2178 1574 2217; x_wconf 85' lang='grc' dir='ltr'>Πνεύματος,</span> <span class='ocrx_word' id='word_1_779' title='bbox 1587 2177 1651 2207; x_wconf 77' lang='grc' dir='ltr'>ποτὲ</span> <span class='ocrx_word' id='word_1_780' title='bbox 1666 2177 1714 2215; x_wconf 85' lang='grc' dir='ltr'>μὲν</span> <span class='ocrx_word' id='word_1_781' title='bbox 1728 2178 1804 2206; x_wconf 84' lang='grc' dir='ltr'>καλεῖ</span> 
     </span>
     <span class='ocr_line' id='line_1_103' title="bbox 1028 2223 1804 2266; baseline -0.004 -11"><span class='ocrx_word' id='word_1_782' title='bbox 1028 2227 1058 2256; x_wconf 85' lang='grc' dir='ltr'>τὸ</span> <span class='ocrx_word' id='word_1_783' title='bbox 1067 2226 1217 2266; x_wconf 82' lang='grc' dir='ltr'>εὐαγγέλιον</span> <span class='ocrx_word' id='word_1_784' title='bbox 1226 2227 1272 2255; x_wconf 84' lang='grc' dir='ltr'>τοῦ</span> <span class='ocrx_word' id='word_1_785' title='bbox 1280 2228 1291 2241; x_wconf 81' lang='lat'>⁸</span> <span class='ocrx_word' id='word_1_786' title='bbox 1302 2226 1372 2255; x_wconf 81' lang='grc' dir='ltr'>Θεοῦ</span> <span class='ocrx_word' id='word_1_787' title='bbox 1382 2227 1428 2254; x_wconf 84' lang='grc' dir='ltr'>τοῦ</span> <span class='ocrx_word' id='word_1_788' title='bbox 1437 2225 1552 2264; x_wconf 77' lang='grc' dir='ltr'>Πατρὸς,</span> <span class='ocrx_word' id='word_1_789' title='bbox 1564 2223 1629 2253; x_wconf 82' lang='grc' dir='ltr'>ποτὲ</span> <span class='ocrx_word' id='word_1_790' title='bbox 1640 2223 1668 2253; x_wconf 83' lang='grc' dir='ltr'>δὲ</span> <span class='ocrx_word' id='word_1_791' title='bbox 1674 2226 1720 2252; x_wconf 85' lang='grc' dir='ltr'>τοῦ</span> <span class='ocrx_word' id='word_1_792' title='bbox 1730 2224 1804 2259; x_wconf 84' lang='grc' dir='ltr'>Υἱοῦ,</span> 
     </span>
     <span class='ocr_line' id='line_1_104' title="bbox 1028 2268 1802 2312; baseline -0.004 -11"><span class='ocrx_word' id='word_1_793' title='bbox 1028 2272 1112 2312; x_wconf 87' lang='grc' dir='ltr'>λέγων</span> <span class='ocrx_word' id='word_1_794' title='bbox 1122 2284 1128 2290; x_wconf 93' lang='grc'><em>·</em></span> <span class='ocrx_word' id='word_1_795' title='bbox 1146 2273 1253 2305; x_wconf 87' lang='grc' dir='ltr'>Παῦλος</span> <span class='ocrx_word' id='word_1_796' title='bbox 1271 2272 1360 2305; x_wconf 86' lang='grc' dir='ltr'>δοῦλος</span> <span class='ocrx_word' id='word_1_797' title='bbox 1374 2271 1462 2306; x_wconf 86' lang='grc' dir='ltr'>Ἰησοῦ</span> <span class='ocrx_word' id='word_1_798' title='bbox 1477 2271 1604 2310; x_wconf 81' lang='grc' dir='ltr'>Χριστοῦ,</span> <span class='ocrx_word' id='word_1_799' title='bbox 1618 2269 1714 2304; x_wconf 78' lang='grc' dir='ltr'>κλητὸς</span> <span class='ocrx_word' id='word_1_800' title='bbox 1733 2268 1802 2298; x_wconf 82' lang='grc' dir='ltr'>ἀπό-</span> 
     </span>
     <span class='ocr_line' id='line_1_105' title="bbox 1030 2312 1803 2358; baseline -0.008 -11"><span class='ocrx_word' id='word_1_801' title='bbox 1030 2319 1122 2351; x_wconf 85' lang='grc' dir='ltr'>στολος</span> <span class='ocrx_word' id='word_1_802' title='bbox 1132 2341 1140 2355; x_wconf 91' lang='grc'>,</span> <span class='ocrx_word' id='word_1_803' title='bbox 1155 2316 1337 2358; x_wconf 82' lang='grc' dir='ltr'>ἀφωρισμένος</span> <span class='ocrx_word' id='word_1_804' title='bbox 1356 2318 1394 2350; x_wconf 83' lang='grc' dir='ltr'>εἷς</span> <span class='ocrx_word' id='word_1_805' title='bbox 1412 2315 1564 2355; x_wconf 77' lang='grc' dir='ltr'>εὐαγγέλιον</span> <span class='ocrx_word' id='word_1_806' title='bbox 1577 2315 1660 2344; x_wconf 77' lang='grc' dir='ltr'>Θεοῦ.</span> <span class='ocrx_word' id='word_1_807' title='bbox 1674 2314 1744 2343; x_wconf 82' lang='grc' dir='ltr'>Ἀλλ’</span> <span class='ocrx_word' id='word_1_808' title='bbox 1759 2312 1803 2342; x_wconf 70' lang='grc' dir='ltr'>ἵνα</span> 
     </span>
    </p>
   </div>
   <div class='ocr_carea' id='block_1_17' title="bbox 1039 2424 1795 2614">
    <p class='ocr_par' dir='ltr' id='par_1_18' title="bbox 1039 2424 1449 2455">
     <span class='ocr_line' id='line_1_106' title="bbox 1039 2424 1449 2455; baseline -0.007 -7"><span class='ocrx_word' id='word_1_809' title='bbox 1039 2425 1217 2455; x_wconf 55' lang='lat' dir='ltr'>&amp;salmoim-25.</span> <span class='ocrx_word' id='word_1_810' title='bbox 1223 2441 1229 2447; x_wconf 82' lang='lat'><strong>.</strong></span> <span class='ocrx_word' id='word_1_811' title='bbox 1234 2440 1239 2447; x_wconf 93' lang='lat'>.</span> <span class='ocrx_word' id='word_1_812' title='bbox 1244 2441 1251 2453; x_wconf 86' lang='lat'>,</span> <span class='ocrx_word' id='word_1_813' title='bbox 1261 2424 1449 2455; x_wconf 68' lang='grc' dir='ltr'>οἰκοδομηθέντες.</span> 
     </span>
    </p>

    <p class='ocr_par' dir='ltr' id='par_1_19' title="bbox 1071 2461 1580 2495">
     <span class='ocr_line' id='line_1_107' title="bbox 1071 2461 1580 2495; baseline -0.004 -9"><span class='ocrx_word' id='word_1_814' title='bbox 1071 2468 1082 2480; x_wconf 70' lang='lat'>⁸</span> <span class='ocrx_word' id='word_1_815' title='bbox 1099 2462 1169 2486; x_wconf 81' lang='lat' dir='ltr'>Unus</span> <span class='ocrx_word' id='word_1_816' title='bbox 1182 2465 1315 2495; x_wconf 78' lang='grc' dir='ltr'>οὸιονομίας,</span> <span class='ocrx_word' id='word_1_817' title='bbox 1324 2463 1382 2487; x_wconf 79' lang='grc' dir='ltr'>οὕτω</span> <span class='ocrx_word' id='word_1_818' title='bbox 1394 2472 1440 2489; x_wconf 77' lang='grc' dir='ltr'>πως</span> <span class='ocrx_word' id='word_1_819' title='bbox 1450 2461 1580 2494; x_wconf 69' lang='grc' dir='ltr'>διειηορεὺιι-</span> 
     </span>
    </p>

    <p class='ocr_par' dir='ltr' id='par_1_20' title="bbox 1039 2495 1795 2571">
     <span class='ocr_line' id='line_1_108' title="bbox 1072 2495 1795 2532; baseline -0.007 -7"><span class='ocrx_word' id='word_1_820' title='bbox 1072 2501 1083 2519; x_wconf 76' lang='lat' dir='ltr'>s</span> <span class='ocrx_word' id='word_1_821' title='bbox 1100 2499 1173 2525; x_wconf 69' lang='lat' dir='ltr'>Idem</span> <span class='ocrx_word' id='word_1_822' title='bbox 1185 2506 1243 2532; x_wconf 85' lang='lat' dir='ltr'>post</span> <span class='ocrx_word' id='word_1_823' title='bbox 1254 2503 1360 2530; x_wconf 67' lang='grc' dir='ltr'>διαθήκην</span> <span class='ocrx_word' id='word_1_824' title='bbox 1371 2498 1444 2524; x_wconf 78' lang='lat' dir='ltr'>addit</span> <span class='ocrx_word' id='word_1_825' title='bbox 1459 2501 1515 2526; x_wconf 72' lang='grc' dir='ltr'>ποι-ἐ</span> <span class='ocrx_word' id='word_1_826' title='bbox 1531 2500 1555 2524; x_wconf 66' lang='lat'>8‘:</span> <span class='ocrx_word' id='word_1_827' title='bbox 1573 2502 1631 2523; x_wconf 64' lang='grc' dir='ltr'>νέαν.</span> <span class='ocrx_word' id='word_1_828' title='bbox 1641 2495 1710 2521; x_wconf 75' lang='lat' dir='ltr'>lnsra</span> <span class='ocrx_word' id='word_1_829' title='bbox 1723 2498 1795 2521; x_wconf 79' lang='grc' dir='ltr'>τοίνυν</span> 
     </span>
     <span class='ocr_line' id='line_1_109' title="bbox 1039 2537 1530 2571; baseline 0.002 -10"><span class='ocrx_word' id='word_1_830' title='bbox 1039 2544 1095 2570; x_wconf 68' lang='lat' dir='ltr'>post</span> <span class='ocrx_word' id='word_1_831' title='bbox 1109 2542 1171 2564; x_wconf 62' lang='lat' dir='ltr'>mist</span> <span class='ocrx_word' id='word_1_832' title='bbox 1183 2547 1213 2563; x_wconf 86' lang='lat' dir='ltr'>ex</span> <span class='ocrx_word' id='word_1_833' title='bbox 1225 2537 1324 2564; x_wconf 75' lang='lat' dir='ltr'>duobus</span> <span class='ocrx_word' id='word_1_834' title='bbox 1335 2539 1393 2564; x_wconf 78' lang='lat' dir='ltr'>Mss.</span> <span class='ocrx_word' id='word_1_835' title='bbox 1405 2538 1530 2571; x_wconf 79' lang='lat' dir='ltr'>adjicitur.</span> 
     </span>
    </p>

    <p class='ocr_par' dir='ltr' id='par_1_21' title="bbox 1069 2578 1373 2614">
     <span class='ocr_line' id='line_1_110' title="bbox 1069 2578 1373 2614; baseline 0 -11"><span class='ocrx_word' id='word_1_836' title='bbox 1069 2586 1078 2597; x_wconf 54' lang='grc' dir='ltr'>Ξ·</span> <span class='ocrx_word' id='word_1_837' title='bbox 1097 2578 1166 2603; x_wconf 82' lang='lat' dir='ltr'>Unus</span> <span class='ocrx_word' id='word_1_838' title='bbox 1177 2582 1226 2604; x_wconf 71' lang='grc' dir='ltr'>θεοῦ</span> <span class='ocrx_word' id='word_1_839' title='bbox 1236 2582 1272 2604; x_wconf 69' lang='grc' dir='ltr'>καὶ</span> <span class='ocrx_word' id='word_1_840' title='bbox 1281 2583 1373 2614; x_wconf 71' lang='grc' dir='ltr'>πατρὸς.</span> 
     </span>
    </p>
   </div>
  </div>
 </body>
</html>
