1890 2826
670 191 703 213 ΙΝ
732 189 862 221 15ΑῙΛΜ,
892 189 968 211 ΟΑΡ.
998 188 1045 211 ΠΙ.

66 256 244 297 ’ἁμαρτόντες
255 255 290 286 τὰ
304 255 371 285 αὐτὰ
391 258 446 288 τοῖς
459 253 512 289 ἤδη
529 252 772 291 πεπλημμεληκόσι
791 252 835 280 καὶ

66 305 232 338 κολασθεῖσι,
260 301 298 340 μὴ
321 301 355 330 τὰ
378 299 446 330 αὐτὰ
471 299 608 338 πάθωμεν,
625 297 663 336 μὴ
685 298 834 337 θαρρῶμεν,

67 349 135 378 ἀλλὰ
149 349 249 387 μᾶλλον
264 346 417 387 φοὸώμεθα.
435 345 539 385 Ὥσπερ
553 344 604 384 γὰρ
619 343 699 382 νόμον
722 342 770 378 τὴν
792 343 833 370 ἐπ’

66 395 171 425 ἐκείνων
182 393 310 434 τιμωρίαν
325 392 462 432 ἐξήνεγκεν
477 393 491 420 ὃ
511 390 594 427 Θεὸς,
608 395 675 419 πᾶσι
689 390 835 428 παραινῶν,

66 441 111 471 καὶ
130 441 223 480 λέγων,
244 439 286 469 ὅτι
310 438 353 468 διὰ
366 441 444 468 τοῦτο
464 436 509 466 τὸν
531 436 558 471 ἐξ
578 437 665 477 ἀρχῆς
684 433 837 474 ἁμαρτόντα

66 486 197 523 ἐκόλασα,
209 486 252 515 ἵνα
266 485 311 516 καὶ
329 485 360 515 σὺ
379 486 393 514 ὁ
411 486 468 523 μετ’
485 483 597 516 ἐκείνους
610 482 787 521 πλημμελῶν,
803 479 837 509 τὰ
855 481 872 504 Β

69 532 136 562 αὐτὰ
153 530 352 571 ἀναμίνῃς,ἵνα
370 529 529 570 ματαὸάλλῃ
554 529 600 558 καὶ
623 528 686 568 γένῃ
715 526 837 567 βελτίων.

69 580 134 612 Τοῖς
151 577 203 618 γὰρ
215 577 341 611 τοιούτοις
354 576 530 617 ἁμαρτήμασι
549 578 668 605 τοιαῦται
682 579 782 603 κεῖνται
795 585 839 602 τι-

70 624 167 664 μωρίαι
177 646 185 659 ,
201 624 249 653 κᾶν
272 623 309 663 μὴ
333 624 501 663 παραχρῆμα
525 621 664 661 ἔρχωνται.
676 619 786 653 Τούτοις
812 619 839 649 δὲ

70 672 120 711 οὐχ
132 670 223 703 ἁπλῶς
243 669 406 710 ἐνδιέτριψα,
420 670 479 698 ἀλλ’
496 667 586 704 ἐπειδὴ
607 666 722 706 πονηρὸν
736 665 840 704 νόσημα

71 719 108 751 εἷς
125 716 172 750 τὰς
195 719 247 746 τῶν
259 716 403 756 ἀνθρώπων
427 715 546 750 εἰσῆλθεν
567 713 651 746 οἰκίας
665 712 708 741 διὰ
728 714 775 747 τῆς
788 714 840 741 τῶν

70 764 200 802 γυναικῶν
227 761 365 802 βλακείας,
378 763 392 790 ὁ
405 763 452 796 τῆς
466 759 639 800 φιλοκοσμίας
660 758 739 799 ἔρως,
754 758 782 791 ὃς
795 757 840 787 καὶ

72 810 122 846 τὴν
144 810 197 837 τῶν
219 807 366 848 χρημάτων
390 804 645 846 ἐπέτεινεᾋανίδα,
660 806 697 838 εἷς
719 803 843 844 ἀκαίρους

74 855 192 889 δαπάνας
203 854 263 888 τοὺς
277 855 372 894 ἄνδρας
384 853 518 893 ἕμὸαλὼν,
531 852 577 882 καὶ
590 851 707 891 πολέμου
718 851 763 881 καὶ
777 850 843 880 στά-

74 913 141 935 σεως
153 901 198 931 καὶ
211 900 369 941 φιλονεικίας
380 899 503 933 ὑπόθεσις
512 898 646 938 γινόμενος
657 899 844 937 καθημερινῆς,

73 947 180 980 καὶτὰς
199 948 251 976 τῶν
276 946 396 982 πενήτων
420 945 580 975 κατατείνων
605 944 743 984 γαστέρας.
757 943 844 973 Ὅταν

74 992 125 1032 γὰρ
140 991 245 1022 ἅπασαν
266 991 315 1030 τὴν
335 990 426 1021 οὐσίαν
447 989 532 1030 γυνὴ,
544 989 561 1025 ἢ
575 990 621 1019 καὶ
640 989 671 1018 τὸ
691 989 771 1018 πλέον
793 990 846 1018 τῶν
861 992 880 1015 G

76 1039 168 1073 ὄντων,
188 1039 225 1071 εἰς
251 1036 300 1073 τὴν
320 1039 367 1066 τοῦ
390 1036 512 1075 σώματος
539 1035 614 1075 ὖὸριν
643 1035 777 1074 ἀναγκάζῃ
802 1034 846 1063 τὸν

77 1084 160 1124 ἄνδρα
173 1083 290 1123 δαπανᾷν
302 1082 395 1123 (ὅὸρις
408 1082 459 1122 γὰρ
472 1082 606 1121 σώματος,
622 1081 653 1110 τὸ
666 1080 847 1120 περικείμενον

78 1129 223 1170 χρυσίον),
238 1128 340 1168 ἀνάγκη
354 1128 402 1164 τὴν
419 1133 498 1168 χεῖρα
521 1127 708 1157 συστέλλεσθαι
720 1127 785 1167 πρὸς
799 1126 847 1163 τὴν

80 1178 128 1211 τῆς
140 1175 319 1215 ἕλεημοσύνης
333 1175 494 1216 φιλοτιμίαν.
509 1174 561 1204 Καὶ
582 1173 668 1203 πολλὰ
683 1173 710 1203 δὲ
725 1173 802 1214 ἔτερα
817 1174 847 1202 ἐκ

79 1222 172 1252 τούτου
199 1221 342 1261 τικτόμενά
367 1223 439 1251 ἐστιν
466 1222 529 1250 ἰδεῖν
555 1220 754 1260 ἁμαρτημάτων
780 1220 847 1255 εἴδη.

80 1267 160 1298 Ἀλλὰ
172 1270 257 1296 ταῦτα
281 1266 388 1307 ἀφέντες
411 1269 445 1307 τῇ
457 1266 537 1306 πείρᾳ
558 1267 611 1295 τῶν
637 1265 794 1305 πασχόντων
809 1267 847 1295 εἰ-

81 1314 152 1344 δέναι
167 1315 337 1354 σαφῶς,τῶν
360 1312 494 1353 ἐχομένων
519 1311 675 1351 ἁπτώμεθα.
700 1311 778 1342 Μετὰ
796 1311 847 1352 γὰρ

80 1361 111 1391 τὸ
120 1362 292 1401 παραστῆσαι
304 1361 352 1395 τῆς
371 1358 556 1399 αἰχμαλωσίας
568 1358 598 1388 τὸ
617 1360 727 1399 σχῆμα,
741 1358 786 1387 καὶ
809 1359 848 1387 εἰ-

81 1411 152 1444 πεῖν,
168 1405 208 1435 ὅτι
219 1406 277 1436 ἀντὶ
288 1408 335 1434 τοῦ
348 1406 542 1444 καλλωπισμοῦ
553 1404 652 1441 ταύτην
664 1404 755 1444 ἐπάγω
766 1427 773 1441 ,
789 1405 848 1433 ἐπι-

81 1453 159 1482 τείνει
178 1452 228 1488 τὴν
249 1450 396 1491 συμφορὰν,
410 1451 509 1490 λέγων·
522 1450 576 1480 Καὶ
589 1452 603 1480 ὁ
623 1450 678 1484 υίός
694 1461 740 1479 σου
760 1451 774 1479 ὁ
787 1449 851 1479 κάλ·

81 1499 184 1536 λιστος,
198 1498 227 1528 ὃν
241 1499 362 1537 ἀγαπᾷς,
377 1496 498 1537 μαχαίρᾳ
512 1500 632 1526 πεσεῖται
645 1519 652 1533 ,
666 1495 711 1525 καὶ
726 1498 750 1525 οἱ
770 1495 849 1536 ῖοχύζ

82 1556 154 1579 οντες
169 1546 243 1584 ὑμῶν
272 1542 392 1584 μαχαίρᾳ
406 1545 556 1573 πεσοῦνται.
571 1544 659 1572 Τοῦτο
683 1541 735 1582 γὰρ
750 1544 848 1582 αἷχμα-
865 1547 885 1570 D

82 1591 180 1625 λωσίας
192 1589 386 1631 χαλεπώτερον.
398 1590 452 1619 Καὶ
471 1591 522 1630 γάρ
540 1590 596 1619 ἐστι
611 1589 664 1625 ζωὴ
680 1588 791 1618 Θανάτου
808 1601 852 1618 πι-

83 1637 205 1677 κροτέρα.
221 1636 310 1666 Ὅταν
329 1636 381 1676 γὰρ
401 1635 469 1675 μετὰ
492 1638 539 1671 τῆς
567 1635 683 1669 δουλείας
709 1636 754 1665 καὶ
778 1635 852 1675 ἄωρα

84 1682 166 1719 πένθη
180 1685 282 1722 θρηνεῖν
292 1681 490 1722 ἀναγκάζωνται
499 1703 507 1717 ,
520 1681 640 1717 ἐννόησον
654 1681 714 1712 ὅσον
723 1683 771 1717 τῆς
785 1693 851 1720 συμ-

86 1732 167 1768 φορᾶς
187 1728 217 1757 τὸ
236 1727 359 1766 μέγεθος,
375 1728 428 1756 τῶν
441 1729 519 1756 ιτκαθ’
540 1727 621 1756 ἑαυτὰ
646 1729 748 1767 πικρῶν
771 1726 852 1756 ὄντων

85 1773 288 1812 συναπτομένων
301 1771 434 1808 ἀλλήλοις.
446 1771 499 1802 Καὶ
512 1772 563 1812 γὰρ
571 1774 595 1801 εἰ
603 1772 775 1812 αἲχμαλωσία
786 1771 853 1811 μόνη

86 1815 129 1856 ἦν,
144 1819 275 1859 ἀφόρητον
289 1814 322 1854 ἦν
333 1817 364 1847 τὸ
383 1818 465 1847 δεινόν
475 1829 482 1837 ·
495 1818 539 1848 καὶ
553 1820 576 1848 εἶ
597 1819 624 1847 ἐν
639 1818 772 1859 ἐλευθερία
785 1817 852 1852 ζών-

85 1877 140 1895 των
151 1868 260 1895 τοιαῦτα
273 1864 408 1894 συνέὸαινε
421 1863 504 1900 πένθη
514 1886 523 1901 ,
537 1865 648 1894 Θανάτου
662 1865 806 1905 πικροτέρα
821 1860 852 1901 ἦν

85 1914 103 1948 ἡ
118 1912 180 1948 ζωή.
195 1910 275 1940 Ἀλλὰ
285 1913 330 1940 νῦν
340 1909 476 1950 ἀμφότερα
490 1910 563 1939 ἔσται
571 1931 580 1946 ,
590 1910 654 1951 φησὶ
661 1932 670 1946 ,
678 1912 693 1927 ¹*
705 1910 855 1950 συνηγμένα

87 1957 220 1993 ἀλλήλοις.
234 1957 345 1987 Μᾶλλον
359 1956 386 1986 δὲ
400 1957 495 1992 διπλῆν
509 1957 548 1986 δεῖ
559 1957 658 1994 ταύτην
676 1959 766 1987 καλεῖν
785 1969 853 1996 συμ-

88 2003 179 2045 φορὰν,
188 2003 232 2032 καὶ
240 2004 362 2044 τριπλῆν,
373 2002 419 2032 καὶ
427 2004 588 2043 τετραπλῆν,
602 2003 663 2033 ὅταν
673 2004 718 2033 καὶ
728 2004 783 2038 υἱὸς
790 2026 798 2040 ,
809 2003 854 2033 καὶ
871 2004 889 2028 Β

88 2050 227 2083 κάλλιστος
236 2070 244 2084 ,
257 2049 302 2079 καὶ
311 2047 486 2088 ποθούμενος,
502 2048 546 2078 καὶ
560 2050 611 2079 ὑπὸ
626 2050 776 2090 βαρὸοίρων,
786 2050 855 2079 ἀλλὰ

90 2097 127 2135 μὴ
141 2098 179 2137 τῷ
193 2097 271 2135 κοινῷ
283 2097 331 2131 τῆς
355 2094 456 2135 φύσεως
477 2096 603 2126 καταλύει
620 2096 692 2137 νόμῳ
712 2097 756 2126 τὸν
783 2096 854 2136 βίον·

90 2142 134 2172 καὶ
149 2141 217 2181 μετὰ
229 2141 321 2171 τούτου
335 2141 380 2171 καὶ
393 2143 418 2170 οἱ
431 2143 459 2171 ἐν
477 2142 569 2182 ἡλικία
584 2142 693 2178 πάντες,
707 2142 775 2172 ὥστε
789 2142 855 2181 μηδὲ

90 2187 186 2217 ἐλπίδα
196 2189 282 2221 αὐτοῖς
291 2183 358 2217 εἶναι
367 2187 498 2228 χρηστὴν,
507 2188 567 2218 ὅσον
580 2190 617 2223 εἰς
630 2189 794 2229 ἀνθρωπίνην
807 2185 855 2224 ἧκε

92 2233 214 2273 βοήθειαν
226 2233 272 2263 καὶ
289 2233 454 2274 συμμαχίαν.
467 2233 481 2251 “
489 2234 542 2264 Καὶ
555 2235 780 2271 ταπεινωθήσεται
789 2247 796 2254 ·
811 2236 856 2265 καὶ

127 2319 138 2331 ³·
155 2311 215 2344 Reg.
238 2314 393 2346 άμαρτῶντις,
413 2318 440 2337 et
458 2311 493 2337 sic
514 2313 626 2345 superius
646 2316 809 2348 άμαρτῶυτας,
822 2319 848 2338 et

94 2354 236 2386 άμαρτῶντα
246 2349 319 2374 iufra.

127 2389 141 2408 b
163 2387 252 2415 ὑανίδα.
265 2387 372 2414 §avilius
378 2389 518 2422 suspicatur
524 2388 658 2423 legendum
670 2393 803 2425 τυραννίδας
814 2391 848 2415 ita

96 2433 180 2454 tamen
192 2434 220 2453 ut
231 2427 297 2453 hanc
307 2428 383 2453 etiam
394 2436 482 2454 vocem
489 2429 646 2461 propositam
658 2428 716 2454 huic
728 2428 785 2454 loco
797 2438 849 2455 non

95 2473 285 2501 prorsunptam
294 2467 427 2493 existimet.
437 2467 516 2493 Aliam
522 2467 724 2493 sub-timendam
731 2469 850 2502 proponit

98 2515 184 2534 vocem
195 2508 302 2538 Boi-iun,
314 2515 404 2539 nempe
416 2510 500 2542 ἔρωτα.
514 2507 566 2533 Sed
579 2516 610 2533 ue
619 2507 677 2532 huic
687 2509 851 2533 mentiamur

98 2545 180 2571 obstat
188 2547 265 2571 nimia
275 2555 365 2571 vocum
377 2545 518 2571 diversitas.
527 2546 564 2571 Ut
574 2553 601 2572 ut
613 2555 651 2572 res
660 2553 706 2578 est,
717 2550 798 2583 ῥανίδα
810 2547 851 2573 hic

99 2584 255 2619 peregrinum
271 2585 330 2610 olet*
352 2585 411 2610 Mox
424 2585 484 2618 neg.
506 2588 611 2618 ὶμδαλών
628 2591 703 2611 recte.
721 2586 808 2612 Eoi-el.
827 2592 853 2612 et

101 2625 178 2652 savii.
190 2628 297 2651 ᾱκὸαλώι.
317 2623 367 2651 Sed
380 2623 420 2649 hic
433 2630 574 2657 postremus
585 2623 752 2651 subodoratus
763 2632 802 2651 est
819 2625 853 2651 le-

1584 172 1629 208 55

887 249 992 286 sistant,
1000 249 1129 278 atrociora
1137 248 1291 289 patiantur?
1301 249 1374 278 Cum
1383 246 1467 287 igitur
1474 246 1567 275 eadem
1575 255 1631 275 sce-

887 295 944 325 lera
954 295 1121 324 admittimus
1130 317 1139 332 ,
1155 305 1214 334 quae
1229 293 1396 324 admiserunt
1409 292 1451 321 illi
1465 292 1512 331 qui
1524 291 1631 332 suppli-

888 342 930 371 cio
943 342 1031 371 affecti
1045 349 1116 379 sunt,
1132 353 1181 371 nec
1203 341 1295 372 eadem
1317 350 1376 379 quoe
1399 339 1441 368 illi
1455 338 1588 378 patimur,
1600 348 1637 376 ne>

889 382 1066 424 confidamus,
1082 388 1129 417 sed
1141 388 1226 428 magis
1236 387 1388 416 timeamus.
1405 385 1487 415 Sicut'
1502 383 1573 413 enim
1593 383 1634 412 le-

890 444 950 474 gem
972 434 1035 464 tulit
1055 435 1128 464 Deus
1149 445 1197 474 per
1217 434 1327 463 illorum
1347 431 1528 472 supplicium,
1544 440 1635 459 omnes

890 480 1046 517 admonens,
1052 479 1196 520 dicensque
1204 479 1282 510 :Ideo
1290 489 1351 509 eum
1359 478 1407 518 qui
1415 477 1449 507 ab
1458 477 1535 506 initio
1544 487 1636 516 pecca-

891 526 931 557 vit
943 526 1078 567 supplicio
1091 526 1179 563 affeci,
1194 532 1225 555 ut
1240 532 1266 555 et
1278 532 1320 563 tu,
1335 524 1382 563 qui
1396 529 1457 564 post
1465 523 1527 552 illos
1538 522 1636 551 scelera

893 573 1023 611 admittis,
1037 573 1130 603 eadem
1144 573 1202 614 ipsa
1228 567 1375 611 exspectes,
1390 578 1416 601 et
1429 570 1594 600 convertaris
1612 576 1638 598 et

893 620 990 650 melior
1002 619 1110 650 evadas.
1124 619 1266 650 similibus
1279 618 1351 648 enim
1364 617 1524 647 criminibus
1537 616 1639 646 similes

894 676 978 706 poenae
989 666 1138 696 constitutae
1149 672 1219 700 sunt,
1236 664 1404 694 etiamsinon
1416 662 1505 692 statim
1518 661 1636 692 veniant.

893 713 925 742 In
939 712 981 742 his
1001 722 1083 752 porro
1097 721 1150 741 non
1164 711 1221 741 sine
1237 720 1316 740 causa
1328 720 1389 739 sum
1403 709 1578 746 immoratus5
1592 706 1641 736 sed

894 759 957 798 quia
969 758 1069 788 noxius
1081 759 1127 788 ille
1141 758 1251 787 morbus
1264 757 1292 786 in
1304 755 1446 786 hominum
1457 754 1527 787 aedes
1539 754 1641 793 ingres—

896 815 941 835 sus
952 812 992 835 est
1002 805 1037 834 ob
1049 805 1195 834 mulierum
1208 803 1361 840 mollitiem,
1374 812 1450 831 amor
1462 800 1588 831 videlicet
1599 810 1642 829 or-

895 858 1092 888 namentorum,
1106 851 1154 890 qui
1170 850 1345 890 pecuniarum
1367 849 1499 888 impensas
1513 846 1599 883 auxit,
1613 846 1641 875 in

897 905 1001 929 sumtus
1015 898 1215 938 intempestivos
1227 896 1350 927 homines
1361 894 1553 935 conjiciens‚ac
1563 893 1641 929 belli,

897 945 1083 982 dissensionis,
1098 951 1124 974 et
1137 943 1299 983 quotidianae
1313 941 1369 972 litis
1383 952 1462 970 causa
1475 947 1526 976 est,
1540 950 1643 980 paupe-

899 1002 1014 1030 rumque
1023 998 1128 1021 ventres
1138 991 1238 1020 atterit.
1250 991 1321 1020 Cum
1331 988 1404 1018 enim
1414 994 1482 1017 totas
1492 987 1641 1023 facultates,

900 1045 946 1067 aut
959 1048 1028 1078 saepe
1042 1037 1114 1066 ultra
1133 1036 1287 1072 facultates,
1300 1034 1400 1064 mulier
1413 1034 1441 1063 in
1453 1033 1644 1063 contumeliam

899 1083 1020 1124 corporis
1039 1082 1081 1112 sui
1102 1082 1195 1112 virum
1216 1088 1293 1122 cogat
1305 1080 1480 1121 impendere(
1493 1090 1555 1109 nam
1574 1082 1646 1108 certe'

899 1129 1061 1159 contumelia
1074 1128 1194 1169 corporis
1207 1133 1247 1157 est
1267 1137 1364 1156 aurum
1387 1126 1608 1166 circumpositum
1620 1128 1642 1163 )‚

899 1186 1004 1206 necesse
1014 1185 1125 1215 prorsus
1137 1180 1176 1204 est
1187 1183 1298 1203 manum
1307 1173 1442 1202 retrahere
1454 1172 1488 1201 ab
1500 1172 1645 1212 e'eemosy-

899 1231 934 1250 na
947 1220 1090 1261 eroganda.
1105 1220 1246 1259 Multaque
1259 1219 1313 1248 alia
1325 1219 1390 1247 hinc
1402 1224 1461 1247 orta
1478 1225 1585 1258 peccata
1598 1217 1644 1247 vi-

899 1267 963 1297 dere
973 1273 1023 1296 est.
1035 1267 1142 1298 Verum
1151 1265 1194 1295 his
1204 1265 1336 1302 dimissis,
1345 1271 1376 1294 ut
1385 1274 1416 1294 ea
1428 1263 1592 1304 experientia
1601 1263 1644 1292 di-

900 1320 974 1344 scant
995 1313 1032 1351 ii,
1047 1313 1096 1352 qui
1115 1312 1173 1342 haec
1190 1312 1343 1353 patientur,
1364 1322 1394 1341 ea
1413 1321 1473 1350 quae
1496 1317 1645 1350 sequuntur

899 1360 1071 1400 attingamus.
1087 1360 1231 1398 Postquam
1245 1358 1408 1399 captivitatis
1421 1358 1535 1386 formam
1553 1356 1644 1386 decla-

901 1406 980 1444 ravit,
993 1412 1019 1435 et
1032 1405 1103 1434 dixit
1118 1417 1126 1433 ε
1142 1406 1195 1435 Pro
1212 1411 1308 1434 ornatu
1319 1404 1406 1444 ipsam
1418 1403 1555 1439 inducam,
1567 1411 1647 1443 auget

902 1452 1089 1488 calamitatem,
1103 1450 1195 1481 dicens
1210 1463 1217 1480 z
1232 1451 1275 1480 Εἰ
1285 1450 1374 1490 filius
1399 1455 1465 1479 tuus
1484 1450 1646 1489 pulcherri-

903 1509 979 1537 mus,
988 1508 1075 1540 quem
1085 1498 1193 1538 diligis,
1203 1497 1304 1537 gladio
1315 1496 1409 1533 cadet,
1417 1503 1445 1525 et
1452 1497 1546 1536 fortes
1555 1498 1648 1526 vestri

902 1546 1003 1587 gladio
1026 1547 1140 1575 cadent.
1163 1545 1221 1574 Hoc
1240 1543 1342 1584 quippe
1363 1551 1403 1573 cst
1425 1544 1470 1574 vel
1492 1543 1648 1584 captivitate

904 1592 1023 1633 gravius.
1038 1592 1089 1622 Est
1109 1591 1181 1620 enim
1194 1590 1250 1620 vita
1263 1590 1387 1629 quaedam
1408 1596 1495 1620 morte
1513 1589 1645 1619 acerbior.

904 1641 973 1670 Nam
993 1638 1102 1679 quando
1119 1649 1182 1669 cum
1196 1637 1325 1668 servitute
1345 1637 1544 1677 intempestivos
1558 1637 1648 1666 luctus

905 1686 1031 1727 prosequi
1048 1693 1192 1725 coguntur,
1206 1684 1294 1724 cogita
1314 1691 1413 1723 quanta
1434 1685 1470 1714 sit
1490 1684 1649 1714 calamitatis

906 1731 1078 1772 magnitudo,
1091 1742 1154 1760 cum
1175 1731 1328 1760 continuata
1355 1731 1422 1760 serie
1445 1740 1570 1759 aerumnae
1595 1730 1649 1759 sibi

906 1784 1000 1807 mutuo
1015 1777 1172 1807 succedunt.
1186 1777 1255 1806 Nam
1268 1776 1316 1805 etsi
1331 1775 1472 1816 captivitas
1493 1775 1549 1805 sola
1568 1775 1649 1805 ades-

907 1830 956 1862 set,
971 1835 1001 1854 ea
1014 1831 1101 1854 tamen
1114 1829 1182 1853 esset
1195 1822 1393 1852 intolerandum
1405 1822 1509 1851 malum
1523 1834 1530 1851 ε
1546 1829 1572 1852 et
1584 1822 1607 1852 si
1621 1822 1649 1852 in

906 1871 1033 1900 libertate
1063 1868 1217 1899 viventibus
1242 1869 1307 1898 tales
1331 1869 1421 1898 luctus
1450 1868 1647 1908 contingerent,

907 1923 991 1946 morte
1011 1915 1132 1945 acerbior
1151 1915 1208 1945 vita
1228 1921 1305 1944 esset.
1325 1913 1379 1944 Sed
1400 1924 1473 1944 nunc
1492 1914 1549 1944 haec
1571 1915 1652 1945 ambo

906 1970 995 2000 erunt,
1005 1962 1104 2001 inquit,
1116 1968 1209 1991 mutuo
1227 1962 1380 2002 conjuncta.
1399 1962 1456 1990 Imo
1473 1961 1564 2001 potius
1582 1962 1650 1992 hanc

907 2009 1085 2039 calamitatem
1095 2007 1233 2048 duplicem
1246 2007 1382 2048 appellare
1397 2019 1446 2048 par
1456 2014 1505 2043 est,
1518 2009 1650 2047 etiamque

907 2055 1041 2097 triplicem
1059 2061 1086 2084 et
1106 2053 1329 2094 quadruplicem,
1344 2054 1452 2093 quando
1474 2061 1500 2084 et
1519 2054 1603 2092 filius,
1625 2062 1651 2084 et

909 2101 1106 2143 pulcherrimus
1116 2123 1123 2137 ‚
1139 2107 1164 2130 et
1188 2099 1316 2137 dilectus,
1332 2107 1358 2130 et
1375 2111 1390 2129 a
1406 2100 1528 2130 barbaris
1549 2111 1649 2138 caesus,

908 2146 956 2176 sed
966 2155 1053 2185 neque
1064 2155 1099 2175 ex
1111 2143 1248 2174 communi
1259 2150 1359 2173 naturae
1368 2143 1428 2183 lege
1437 2144 1521 2175 vitam
1534 2145 1631 2175 clausit
1640 2157 1649 2184 ;

909 2198 935 2221 et
948 2201 1010 2221 cum
1023 2189 1073 2219 illo
1085 2199 1178 2218 omnes
1190 2188 1237 2228 qui
1252 2188 1278 2217 in
1291 2188 1376 2218 aetatis
1389 2188 1455 2218 ilore
1467 2196 1557 2226 erant,
1572 2189 1608 2218 ita
1622 2197 1652 2219 ut

911 2235 1014 2265 nullam
1025 2244 1099 2274 spem
1115 2234 1213 2263 bonam
1226 2233 1367 2270 haberent,
1383 2240 1514 2272 quantum
1524 2234 1653 2264 attinebat

895 2311 1005 2347 gendum
1014 2321 1066 2337 esse
1079 2314 1192 2345 ὀμὸαλών.
1202 2310 1279 2336 Paulo
1287 2317 1344 2344 post
1351 2310 1441 2337 Morel.
1454 2314 1554 2342 ὑπόθεσις
1565 2317 1654 2344 γινόμε-

897 2364 939 2383 νος.
960 2351 1067 2378 Suvilius
1083 2354 1184 2380 ὑπόθεσις
1202 2355 1315 2384 γινομένη.
1335 2351 1395 2384 Reg.
1418 2353 1517 2380 ὑπόθεσις
1529 2354 1650 2384 γινομένης.

897 2393 1003 2417 Praestat
1011 2390 1086 2416 lectio
1097 2389 1202 2415 Morelli.

930 2439 941 2451 θ
956 2431 1018 2464 neg.
1029 2429 1141 2456 et'savil.
1155 2432 1206 2456 κατ’
1216 2432 1309 2456 kaus-fin.

931 2471 945 2484 '⁵
963 2469 1054 2503 [Sevil.
1069 2473 1098 2497 ἴα.
1112 2469 1272 2502 nemppe-am]

932 2510 946 2529 ¹¹
964 2514 1007 2537 Kal
1020 2513 1218 2538 ταπεινωθήσεται.
1239 2506 1342 2532 Alienus
1358 2505 1490 2538 tegendum
1505 2505 1602 2532 indicat
1618 2513 1654 2534 καὶ

901 2553 1111 2578 ταπεινωθήσονται.
1124 2548 1158 2572 Et
1166 2554 1223 2571 vere
1231 2547 1266 2570 sic.
1275 2543 1405 2578 legendum
1414 2550 1460 2575 est,
1474 2550 1591 2578 utsupra.
1605 2546 1655 2572 Sed

901 2588 962 2614 nihil
974 2586 1026 2613 ausi
1039 2595 1123 2612 sumus
1135 2590 1240 2610 mutare.
