1890 2826
251 160 318 195 580

96 246 117 260 2.
133 234 298 274 C01·.11.ipsi
315 233 418 262 dictum
431 231 588 272 explicavit,
611 231 658 261 sed
671 231 708 260 ait
726 243 732 260 :
760 231 909 270 Despondi
931 239 986 259 ‘uos

96 276 117 291 2.
134 270 156 292 3.

245 281 296 310 uni
309 281 375 308 viro
397 281 541 318 virginem
562 284 685 315 castam,
698 278 834 307 exhibere
856 277 878 307 C
881 277 982 306 hristo.

250 327 346 354 Timeo
360 332 469 360 autern,
486 335 521 353 ne
534 326 610 353 sicut
628 333 743 363 serpens
757 324 858 352 Evam
872 323 986 351 seduxit

135 406 139 410 Β
155 375 235 396 Paulus
245 374 277 401 in
283 373 392 401 astutia
400 381 453 401 sua
466 383 473 400 :
490 381 538 400 nec
547 370 629 407 dixit,
641 369 671 399 id
677 369 924 399 diabolumfecisse.
938 368 986 397 Fi-

93 406 219 434 Scriptura-

95 444 145 456 rum
156 441 235 462 custos.

96 467 196 488 minister
205 483 211 493 ‚

94 498 172 519 doctor
182 514 188 523 ..
202 499 223 519 in

97 533 188 557 lt'l'prt'sn

96 1155 222 1185 Jmm.8.41

95 1186 133 1217 42-
144 1186 183 1217 44-

99 1803 154 1824 Gen.
165 1802 188 1825 3.
205 1807 224 1823 t.

146 1989 239 2016 Serpens

98 2019 214 2040 mulierem

100 2050 213 2077 alloquens

99 2081 203 2101 mentitus

101 2115 131 2131 est
136 2126 141 2132 .

245 417 314 447 delis
324 417 523 457 Scripturarum
535 422 624 446 custos
635 422 702 452 erat,
715 415 915 455 Scriptumrum
929 414 984 443 mi-

246 465 338 499 nister,
353 464 554 503 Scripturarum
569 462 673 499 doctor,
689 461 892 501 Scripturarum
903 460 985 489 inter-

247 521 317 551 pres.
333 509 428 539 Noluit
443 509 546 538 dictum
558 508 674 544 solvere,
684 518 719 537 ne
730 507 932 547 Scripturarum
940 516 985 535 or-

244 557 336 586 dinem
346 557 477 594 solveret;
489 555 538 585 sed
554 554 683 585 sententia
695 549 777 584 solvit
786 553 959 592 quaestionem
975 564 983 580 :

250 605 355 639 T1meo,
368 602 467 642 inquit,
483 612 519 631 ne
538 603 613 632 sicut
624 610 740 640 serpens
758 599 855 630 Evam
869 600 983 629 seduxit

243 653 276 680 in
287 651 396 680 astutia
409 660 474 687 sna,
486 650 529 678 sic
541 653 871 687 corrumpantur-sensus
880 648 982 676 vestri.

244 696 291 725 Sic
296 707 310 733 ,·
323 695 479 735 quomodo?
491 705 556 737 num
567 694 700 724 metuebat
708 692 818 729 Paulus,
830 703 863 722 ne
875 703 984 722 rursum

243 752 353 783 serpens
372 741 486 778 veniret,
498 751 529 771 ac
546 739 677 780 quosdam
690 739 847 769 seduoeret?
861 742 894 769 At
907 739 982 776 novi,

243 788 343 828 inquit,
358 787 439 818 illum
451 794 601 828 serpentem
613 796 666 816 non
679 796 817 826 apparere,
832 786 880 815 sed
897 797 984 825 appa-

244 841 284 863 ret
302 834 325 863 is
344 833 392 873 qni
410 833 438 863 in
457 833 508 863 illo
522 838 646 873 operatus
660 838 706 861 est.
723 831 856 861 Caeternm
868 831 982 867 Paulus,

244 886 274 909 ut
286 879 374 909 fidelis
385 879 518 914 minister,
532 884 559 908 et
577 887 711 907 sacrarum
723 877 923 917 Scripturarum
937 887 984 907 cu-

243 932 308 963 stos,
324 924 427 955 dictum
440 934 493 954 non
506 924 626 959 invertit,
643 922 690 952 sed
707 923 864 952 sententiam
877 923 982 952 indica-

945 167 1127 191 SEVERtANt

1042 228 1182 269 ”παρῆλθε
1195 229 1243 265 τὴν
1265 229 1391 268 ἱστορίαν.
1407 229 1528 268 Πρόσεχε
1538 249 1546 264 ,
1567 229 1730 268 παρακαλῶ,
1745 227 1813 266 μετὰ

1040 274 1184 314 ἀκριὸείας.
1201 275 1307 307 Παῦλος
1318 274 1435 314 δεύτερος
1448 273 1484 303 ὢν
1497 275 1524 302 ἐν
1534 275 1572 313 τῷ
1583 273 1748 313 παραδείσῳ,
1756 274 1810 302 οὐδ’

1040 320 1116 354 αὐτὸς
1127 320 1204 350 ἔλυσε
1216 320 1265 356 τὴν
1274 320 1344 355 λέξιν
1353 343 1360 357 ,
1380 320 1449 350 ἀλλὰ
1468 320 1553 359 λέγει·
1573 319 1812 358 Ἐμνηστευσάμην

1039 367 1109 404 ὑμᾶς
1136 366 1173 395 ἑνὶ
1194 366 1285 406 ἀνδρὶ,
1315 366 1443 406 παρθένον
1469 365 1551 405 ἁγνὴν
1575 366 1745 405 παραστῆσαι
1773 365 1811 403 τῷ

1040 412 1159 451 Χριστῷ.
1184 411 1327 451 Φοὸοῦμαι
1347 412 1389 448 δὲ,
1407 411 1503 451 μήπως
1515 414 1550 445 ὡς
1564 414 1578 441 6
1588 411 1645 451 ὄφις
1667 410 1738 440 Εὔαν
1751 410 1810 444 ἐξη-

1040 457 1157 493 πάτησεν
1169 458 1195 486 ἐν
1207 459 1240 497 τῇ
1254 458 1400 497 πανουργία
1413 457 1510 487 αὗτοῧ·
1537 458 1583 487 καὶ
1596 460 1644 487 οὐκ
1658 452 1728 486 εἶπεν
1737 479 1745 492 ,
1769 456 1810 485 ὅτι

1040 504 1054 532 ὁ
1065 503 1193 536 διᾶὅολος.
1210 503 1309 536 Πιστὸς
1319 499 1353 539 ἦν
1365 505 1418 532 τῶν
1429 504 1542 544 Γραφῶν
1557 498 1656 543 φύλαξ,
1676 502 1810 542 ὑπηρέτης

1041 550 1170 588 Γραφῶν,
1192 547 1335 585 παιδευτὴς
1348 549 1460 590 Γραφῶν
1471 570 1480 585 ,
1504 548 1666 589 ἑρμηνευτὴς
1685 549 1808 588 Γραφὶἷιν.

1039 595 1099 624 Οὔκ
1111 593 1219 630 ἐθέλησε
1231 596 1310 625 λῦσαι
1328 594 1377 631 τὴν
1390 595 1474 630 λέξιν,
1488 594 1532 624 ἵνα
1544 594 1581 634 μὴ
1594 593 1663 635 λύσῃ
1673 596 1727 623 τῶν
1740 595 1809 633 Γρα-

1039 641 1094 679 φῶν
1105 639 1154 676 τὴν
1175 639 1263 676 τάξιν,
1284 640 1353 670 ἀλλὰ
1370 643 1404 680 τῇ
1418 640 1503 680 ἐννοίᾳ
1516 640 1564 677 τὴν
1585 638 1698 681 ἀπορίαν
1721 638 1806 670 ἔλυσε.

1036 685 1197 725 Φοὸοῦμαι,
1219 686 1300 726 φησὶ,
1322 685 1418 724 μήπως
1429 687 1465 720 ὡς
1486 689 1500 716 6
1514 687 1572 726 ὄφις
1591 685 1664 716 Εὔαν
1675 685 1808 722 ἐξηπάτη-

1039 743 1083 761 σεν
1102 733 1129 760 ἐν
1143 734 1176 772 τῇ
1191 732 1337 772 πανουργίᾳ
1353 733 1432 761 αὐτοῦ
1443 753 1451 767 ,
1464 731 1534 762 οὕτω
1545 733 1631 772 φθαρῇ
1641 731 1676 761 τὰ
1686 730 1807 771 νοήματα

1038 779 1121 816 ὑμῖν.
1141 777 1237 807 Οὕτω·
1259 781 1315 811 πῶς
1322 790 1331 814 ;
1354 778 1391 817 μὴ
1413 777 1466 818 γὰρ
1484 778 1604 818 ἐφοὸεῖτο
1617 778 1744 814 Παῦλος,
1770 778 1808 816 μὴ

1038 822 1117 852 πάλιν
1132 824 1213 863 ὁὸφις
1233 823 1296 863 ἔλθῃ
1308 845 1315 858 ,
1329 823 1373 853 καὶ
1395 823 1520 863 ἀπατήσῃ
1534 823 1625 859 τινᾶς;
1649 824 1718 854 Ἀλλ’
1733 819 1791 854 οῖδα
1800 846 1809 860 ,

1038 869 1135 909 φησὶν,
1159 870 1199 899 ὅτι
1211 873 1227 899 6
1240 870 1287 908 μὲν
1305 870 1362 910 ὄφις
1384 871 1412 899 οὗ
1427 870 1547 911 φαίνεται
1560 871 1673 906 ἐκεῖνος,
1697 873 1712 900 6
1736 870 1764 901 δὲ
1782 872 1809 900 ἐν

1039 914 1130 955 ἐκείνῳ
1152 915 1293 955 ἐνεργήσας
1304 915 1433 956 φαίνεται.
1454 915 1523 946 Ἀλλ’
1539 918 1553 946 6
1566 917 1614 955 μὲν
1628 917 1751 953 Παῦλος,
1773 919 1810 950 ὡς

243 972 284 1001 vit
299 984 306 1002 =
322 971 380 1011 ipse
396 981 460 1001 vero
470 977 604 1006 veterum,
619 979 762 1005 novorum,
776 970 983 1009 futurorumque
993 986 1029 1006 497
1039 960 1130 1018 πῑστΙὸς
1143 961 1276 1002 ὑπηρέτης
1286 984 1294 998 v
1309 961 1355 991 καὶ
1365 963 1418 991 τῶν
1432 962 1513 1014 ἁγίων
1532 963 1646 1003 Γραφῶν
1658 963 1759 1003 φύλαξ’
1779 965 1809 993 οὗ

244 1017 388 1052 Dominus,
398 1015 571 1055 quaestionem
582 1014 688 1058 liquido
699 1015 792 1052 solvit,
803 1025 835 1044 ne
847 1016 908 1054 quis
919 1026 981 1055 pec·
1000 1014 1020 1036 A
1038 1008 1187 1047 mpfflssssss
1195 1008 1243 1044 τὴν
1254 1008 1322 1042 λέξω
1332 1030 1340 1044 2
1358 1009 1416 1038 ἀλλ’
1429 1008 1535 1048 ἐνέφηνε
1545 1009 1594 1045 ‘²⁴¹¹'
1606 1008 1717 1038 lmw‘v'
1731 1009 1810 1043 αὐτὸς

244 1069 333 1092 catum
351 1062 380 1091 in
402 1067 552 1101 serpentem
570 1060 677 1096 referat,
691 1061 739 1090 sed
759 1061 785 1090 in
806 1072 867 1090 eum
887 1062 934 1101 qui
953 1061 981 1090 in

244 1108 303 1148 ipso
316 1114 439 1148 operatus
449 1113 500 1136 est.
510 1107 556 1135 Ait
566 1106 655 1145 itaque
669 1106 796 1136 Christus
807 1106 909 1136 Judaeis
920 1117 981 1136 cum

229 1154 362 1184 -tlicerent
374 1153 411 1190 ei,
425 1154 487 1182 Nos
500 1163 538 1182 ex
548 1153 612 1181 Deo
628 1162 727 1182 sumus
740 1164 751 1181 .-
765 1152 796 1182 Si
807 1163 844 1181 ez·
857 1153 921 1182 Deo
939 1164 983 1183 es·

244 1202 323 1237 setis,
339 1201 398 1229 Dei
409 1201 508 1239 utique
518 1209 605 1238 opera
615 1208 651 1227 ac
664 1199 847 1228 voluntatem
862 1201 924 1239 ejus
933 1200 983 1239 fa-

243 1246 354 1274 ceretis.
364 1245 452 1274 Nunc
461 1253 532 1271 vero
540 1253 576 1271 ex
582 1249 665 1282 patre
674 1249 771 1273 vestro
781 1243 900 1272 diabolo
907 1246 984 1274 estis.

243 1292 322 1322 Dixit
330 1291 481 1326 diabolum,
489 1297 515 1320 et
528 1290 617 1320 statim
626 1290 767 1320 historiam
781 1289 886 1320 inducit
898 1302 905 1320 ε
917 1291 984 1327 Ille,

244 1335 342 1376 inquit,
354 1337 500 1366 homicida
510 1342 573 1365 erat
582 1337 618 1365 ab
630 1338 725 1366 initio.
738 1336 839 1366 Servus
852 1334 882 1365 ut
892 1346 986 1366 servus

244 1385 434 1425 interpretatus
445 1390 484 1413 est
490 1395 500 1422 ς
516 1383 647 1413 Dominus
657 1390 745 1413 autem
755 1389 785 1412 ut
797 1383 929 1412 Dominus
940 1383 986 1413 do·

244 1429 300 1459 cuit
315 1441 323 1459 ι
338 1424 454 1458 ostendit
467 1439 528 1458 eum
543 1428 590 1468 qui
605 1428 740 1458 Adamum
761 1428 906 1458 occiderat.
924 1430 984 1459 Non

243 1474 316 1505 dixit
333 1482 438 1504 tantum
451 1475 655 1511 interfectorem,
670 1474 718 1503 sed
733 1474 907 1504 homicidam.
925 1476 984 1505 Non

244 1521 315 1550 enim
329 1531 413 1550 unum
433 1527 536 1550 tantum
549 1520 656 1556 occidit,
669 1519 716 1549 sed
734 1531 782 1560 per
801 1520 881 1549 illum
893 1531 985 1551 omnes

245 1566 375 1596 homines.
388 1567 430 1595 Et
437 1568 469 1595 in
482 1568 618 1604 veritate,
627 1566 727 1605 inquit,
741 1577 800 1595 non
811 1568 906 1597 stetit.-
915 1569 986 1607 quia

244 1613 371 1642 mendax
384 1619 435 1641 est.

284 1692 315 1721 5.
331 1691 403 1722 Vide
417 1690 551 1730 quomodo
563 1691 751 1731 interpretatus
763 1699 814 1724 est.
829 1700 854 1722 et
865 1692 939 1731 quod
952 1693 987 1722 sit

244 1736 381 1772 diabotus,
393 1744 419 1766 et
431 1737 504 1775 quod
518 1737 553 1766 sit
563 1736 689 1766 mendax.
705 1737 849 1774 Quomodo
860 1739 988 1768 mentitus

245 1782 302 1812 est?
312 1784 397 1812 Dizit
406 1793 522 1822 serpens
534 1783 650 1811 mulieri
662 1796 672 1813 .-
687 1783 747 1812 Cur
755 1786 891 1823 praecepit
902 1787 988 1815 vobis

247 1829 340 1864 Deus,
347 1836 378 1857 ut
388 1839 444 1857 non
458 1828 639 1857 comederitis
647 1829 684 1857 de
691 1831 772 1857 omni
779 1830 858 1868 ligno
865 1833 878 1859 P
885 1831 989 1862 Vidisti

246 1873 421 1903 mendacem?
435 1874 548 1903 Dixerat
561 1874 634 1902 Deus
650 1885 657 1901 :
671 1875 712 1903 De
725 1874 797 1903 omni
814 1875 887 1915 ligno
901 1887 988 1906 eome-

246 1919 313 1955 dite,
324 1919 358 1949 de
369 1930 423 1949 uno
433 1926 521 1948 autem
534 1929 568 1948 ne
578 1919 736 1957 comedati55
749 1921 863 1950 mendax
875 1922 922 1951 ille
933 1922 986 1951 ait:

248 1966 305 1994 Cur
317 1965 387 1994 dixit
399 1965 477 1995 vobis
491 1965 575 1999 Deus,
589 1971 618 1993 ut
632 1965 666 1994 de
678 1966 750 1995 omni
766 1966 839 2006 ligno
851 1977 884 1996 ne
900 1978 988 1997 come-

249 2010 339 2039 datis?
353 2012 413 2040 Non
433 2009 561 2039 mentitur
574 2010 675 2040 Christi
693 2022 746 2041 vox
763 2024 769 2040 :
786 2013 844 2041 Ille
861 2015 989 2043 mendax

250 2063 301 2084 est.
317 2057 447 2085 Mentitus
456 2064 496 2086 est
511 2064 611 2092 autem,
623 2064 648 2086 et
659 2057 768 2096 quidem
781 2059 909 2098 graviter.
919 2061 989 2089 Cum

250 2101 310 2139 quis
321 2101 392 2130 enim
403 2102 494 2131 dolose
504 2102 608 2141 aliquid
619 2103 739 2138 molitur,
753 2110 799 2132 aut
808 2104 989 2135 necessitatem

249 2146 368 2186 simulat,
379 2154 426 2175 aut
438 2147 626 2186 ignorantiam,
639 2155 669 2176 ut
681 2159 734 2177 non
747 2156 898 2191 suspectam
909 2150 990 2180 indu-

249 2199 292 2222 cat
303 2192 474 2232 pravitatem3
488 2203 518 2222 ac
528 2193 550 2222 si
561 2193 672 2230 diceret,
681 2195 705 2223 N
708 2204 740 2222 on
756 2195 828 2231 novi,
839 2195 921 2224 nullae
928 2203 990 2225 sunt

250 2237 354 2267 insidiae
360 2250 370 2276 3
389 2238 506 2277 simplici
528 2239 617 2268 animo
635 2239 707 2275 veni,
723 2239 792 2268 nihil
813 2240 879 2269 scio.
894 2242 989 2270 Nonne

250 2291 398 2320 munorum
412 2291 508 2320 talium
529 2292 627 2321 fecistis
643 2292 815 2331 pericnlum?
828 2304 862 2321 an
883 2295 989 2333 ignora-

251 2354 310 2372 mus
322 2342 386 2373 dolo
404 2343 535 2373 utentium
549 2343 649 2384 opera?
667 2354 752 2373 nonne
769 2345 831 2373 talia
845 2354 987 2384 consuunt,

282 2450 295 2467 δ
316 2451 422 2483 Παρῆλθε
432 2449 467 2473 sic
479 2447 555 2473 Savil.
570 2449 595 2473 in
619 2454 686 2473 textu
695 2469 701 2480 ,
715 2450 740 2473 in
754 2450 864 2481 margine
876 2455 959 2474 autem
979 2454 1007 2475 ἵσ-

1037 1052 1065 1082 δὲ
1076 1055 1090 1082 ὁ
1100 1055 1152 1082 τῶν
1165 1054 1282 1094 ἀρχαίων
1296 1054 1340 1083 καὶ
1351 1056 1404 1083 τῶν
1417 1053 1481 1084 νέων
1488 1054 1593 1084 καὶτῶν
1601 1054 1749 1094 μελλόντων
1760 1057 1811 1085 Δε-

1038 1099 1139 1135 σπότης
1148 1099 1288 1140 ἐσαφήνισε
1300 1100 1348 1136 τὴν
1363 1099 1484 1140 ἀπορίαν,
1491 1099 1535 1130 ἵνα
1545 1100 1582 1140 μή
1593 1112 1633 1134 τις
1643 1101 1687 1131 ἰπὶ
1696 1101 1741 1131 τὸν
1751 1102 1809 1142 ὄφιν

1040 1145 1164 1184 ἂνενέγκῃ
1180 1146 1229 1182 τὴν
1243 1146 1391 1186 ἁμαρτίαν,
1416 1147 1475 1176 ἀλλ’
1497 1146 1542 1176 ἐπὶ
1561 1146 1605 1176 τὸν
1619 1147 1808 1187 ἕνεργήσαντα.

1039 1190 1120 1229 Λέγει
1131 1186 1174 1220 οὖν
1184 1192 1198 1220 6
1211 1191 1325 1231 Χριστὸς
1335 1196 1389 1225 τοῖς
1401 1191 1552 1229 Ἰουδαίοις,
1576 1191 1620 1222 ὅτε
1632 1187 1706 1222 εἷπον
1719 1194 1792 1233 αὐτῷ
1800 1215 1808 1229 ,

1039 1235 1134 1274 Ἡμεῖς
1147 1237 1176 1265 ἐκ
1192 1239 1238 1266 τοῦ
1259 1238 1329 1267 Θεοῦ
1343 1239 1436 1276 ἐσμεν·
1448 1238 1482 1267 Εἰ
1492 1233 1541 1274 ἦτε
1557 1239 1588 1267 ἐκ
1599 1241 1645 1267 τοῦ
1662 1239 1733 1268 Θεοῦ
1743 1260 1751 1274 ,
1777 1239 1810 1268 τὰ

1040 1281 1105 1321 ἔργα
1117 1281 1163 1311 καὶ
1184 1282 1214 1311 τὸ
1225 1281 1330 1322 θέλημα
1343 1284 1389 1312 τοῦ
1404 1284 1474 1313 Θεοῦ
1487 1284 1599 1313 ἐποιεῖτε
1611 1284 1656 1313 ἄν·
1678 1287 1724 1313 νῦν
1738 1284 1766 1314 δὲ
1780 1286 1811 1314 ἐκ

1040 1329 1086 1355 τοῦ
1098 1326 1196 1366 πατρὸς
1207 1329 1282 1366 ὑμῶν
1297 1329 1356 1357 ἐστε
1369 1331 1415 1358 τοῦ
1429 1328 1560 1359 διαὸόλου.
1583 1325 1651 1359 Eius
1665 1330 1708 1359 τὸν
1723 1330 1812 1359 διάδο-

1040 1373 1100 1408 λον,
1121 1373 1166 1402 καὶ
1185 1372 1278 1407 εὐθέως
1289 1373 1387 1413 εἰσάγει
1401 1374 1449 1411 τὴν
1462 1374 1595 1414 ἱστορίαν·
1611 1375 1742 1412 Ἐκεῖνος,
1757 1388 1809 1416 φη-
1831 1399 1833 1401 -

1040 1419 1096 1454 σὶν,
1113 1419 1326 1458 ἀνθρωποκτόνος
1338 1416 1371 1456 ’ἦν
1386 1421 1431 1450 ἀπ’
1447 1422 1540 1460 ἀρχῆς.
1557 1421 1609 1451 Καὶ
1623 1424 1636 1451 6
1646 1421 1695 1461 μὲν
1707 1423 1812 1458 οἰκέτης

1003 1467 1020 1490 Β
1039 1466 1075 1498 ὡς
1093 1464 1197 1501 οἰκέτης
1206 1465 1371 1505 ἡρμήνευσεν
1382 1478 1389 1485 ·
1411 1469 1426 1496 6
1439 1467 1467 1497 δὲ
1478 1467 1616 1503 Δεσπότης
1626 1469 1662 1501 ὥς
1674 1468 1812 1504 Δεσπότης

1040 1510 1166 1544 ἐδίδαξεν·
1181 1510 1261 1546 ἔδειξε
1274 1511 1318 1541 τὸν
1329 1512 1490 1552 φονεύσαντα
1503 1514 1547 1544 τὸν
1562 1514 1654 1554 Ἀδάμ.
1668 1516 1728 1544 Οὐκ
1740 1511 1811 1545 εἶπεν

1040 1556 1147 1592 ἁπλῶς,
1170 1557 1261 1597 φονεὺς
1273 1553 1306 1593 ἦν
1318 1580 1326 1593 ,
1347 1559 1423 1595 ἀλλ’,
1446 1560 1677 1600 Ἀνθρωποκτόνος.
1699 1562 1740 1591 Οὐ
1759 1560 1812 1600 γὰρ

1041 1602 1086 1631 ἕνα
1099 1603 1209 1640 ἀνεῖλεν,
1221 1603 1289 1633 ἀλλὰ
1299 1605 1333 1633 δι’
1344 1605 1443 1636 ἐκείνου
1452 1606 1540 1635 πάντα
1553 1606 1699 1647 ἄνθριιὶητον.
1717 1608 1770 1644 Καὶ
1784 1609 1812 1636 ἐν

1040 1650 1074 1687 τῇ
1092 1648 1217 1689 ἀληθείᾳ,
1237 1649 1316 1690 φησὶν
1326 1673 1335 1687 ,
1355 1652 1406 1691 οὺχ
1419 1650 1545 1688 ἔστηκεν,
1565 1651 1606 1682 ὅτι
1615 1652 1731 1694 ψεύστης
1743 1653 1810 1684 ἐστί.

1080 1699 1168 1729 Βλέπε
1185 1701 1242 1733 πῶς
1262 1700 1422 1740 ἡρμήνευσε,
1436 1702 1482 1731 καὶ
1500 1702 1540 1732 ὅτι
1553 1702 1674 1738 διᾶὅολός
1686 1705 1753 1739 ἐστι,
1766 1705 1814 1734 καὶ

1041 1744 1156 1785 ψεύστης
1169 1745 1234 1775 ἐπί.
1254 1746 1308 1776 Koa
1320 1748 1376 1780 πῶς
1398 1744 1645 1788 ἐψεύσατο;Ἐῖπεν
1668 1752 1682 1779 6
1705 1750 1762 1790 ὄφις
1779 1752 1812 1790 τῇ

1042 1791 1163 1831 γυναικί·
1181 1792 1208 1821 τί
1229 1792 1269 1822 ὅτι
1289 1788 1362 1822 εἶπεν
1380 1795 1442 1833 ὑμῖν
1463 1796 1477 1824 ὁ
1497 1795 1565 1828 Θεὸς
1589 1795 1626 1834 μὴ
1649 1800 1740 1836 φαγεῖν
1760 1797 1813 1825 ἀπὸ

1043 1837 1141 1871 παντὸς
1158 1837 1248 1875 ξύλου,
1270 1834 1348 1873 Εἶδες
1367 1840 1411 1869 τὸν
1428 1840 1561 1880 ψεύστην5
1584 1841 1620 1871 Ὁ
1638 1842 1707 1875 Θεὸς
1726 1837 1813 1871 εἶπεν·

1044 1883 1097 1913 ἀπὸ
1111 1885 1208 1918 παντὸς
1220 1884 1296 1919 ξύλου
1313 1885 1436 1925 φάγεσθε,
1450 1886 1504 1916 ἀπὸ
1525 1887 1547 1916 δ’
1569 1887 1625 1921 ἑνὸς
1638 1887 1675 1926 μὴ
1691 1888 1793 1928 φάγητε
1805 1900 1813 1906 ·

1007 1927 1026 1951 G
1044 1930 1058 1957 6
1072 1929 1187 1968 ψεύστης
1207 1930 1293 1969 λέγει·
1315 1931 1358 1960 διὰ
1377 1931 1403 1960 τί
1424 1927 1495 1961 εἶπεν
1513 1935 1527 1962 6
1547 1933 1625 1968 Θεὸς,
1647 1933 1700 1963 ἀπὸ
1717 1934 1813 1966 παντὸς

1045 1974 1120 2008 ξύλου
1135 1974 1173 2013 μὴ
1194 1980 1285 2015 φαγεῖν
1301 1977 1383 2014 ὑμᾶςς
1403 1978 1450 2013 Μὴ
1464 1977 1588 2017 ψεύδεται
1599 1981 1616 2015 ἡ
1637 1981 1683 2009 τοῦ
1697 1981 1813 2020 Χριστοῦ

1045 2018 1128 2058 φωνή·
1141 2019 1258 2053 Ἐκεῖνος
1265 2020 1379 2059 ψεύστης
1388 2021 1469 2052 ἐστίν.
1479 2021 1629 2062 Ἔψεύσατο
1634 2024 1671 2061 δὲ,
1682 2025 1814 2054 καὶτοῦτο

1045 2064 1142 2097 δεινῶς.
1157 2063 1242 2094 σΟταν
1255 2065 1306 2105 γάρ
1319 2078 1358 2099 τις
1375 2066 1437 2106 θέλῃ
1454 2067 1681 2104 κακοηθεύσασθαι
1691 2075 1813 2110 πρᾶγμα,

1045 2112 1055 2125 ³
1063 2111 1100 2142 εἷς
1106 2109 1198 2149 χρείαν
1210 2115 1391 2150 προσποιεῖται
1401 2112 1515 2151 ἄγνοιαν,
1527 2113 1570 2143 ἵνα
1580 2114 1729 2145 ἀνύποπτον
1743 2119 1814 2146 εἷσα-

1045 2154 1114 2194 γάγῃ
1132 2155 1180 2191 τὴν
1196 2156 1348 2196 σκαιωρίαν,
1363 2157 1422 2186 ἀντὶ
1438 2161 1494 2195 τοῦ,
1508 2160 1556 2188 οὔκ
1573 2154 1642 2197 οἶδα,
1663 2161 1751 2201 φησὶν,
1767 2164 1814 2191 οὐκ

1046 2200 1102 2229 ἔστι
1113 2201 1263 2237 κατασκευή
1274 2213 1280 2219 ·
1292 2202 1390 2235 ἁπλοῦς
1400 2198 1490 2240 ἦλθον,
1502 2204 1575 2234 οὐδὲν
1589 2201 1655 2235 οἶδα.
1668 2207 1727 2236 Οὔκ
1741 2208 1814 2236 ἔπει-

1047 2245 1142 2285 ράθητε
1157 2246 1279 2276 τοιούτων
1293 2248 1411 2286 πολλῶν;
1425 2250 1472 2278 οὐκ
1485 2249 1592 2290 οἴδαμεν
1605 2253 1658 2281 τῶν
1673 2252 1767 2281 δολίων
1781 2253 1814 2282 τὰ

1047 2297 1123 2336 ἔργα;
1133 2299 1241 2326 τοιαῦτα
1250 2299 1279 2327 οὐ
1289 2298 1416 2338 ῥάπτουσι
1426 2299 1580 2339 πράγματα,
1588 2301 1632 2330 καὶ
1644 2306 1814 2341 προσποιοῦν-

1048 2360 1092 2376 ται
1103 2347 1223 2386 ἄγνοιαν;
1239 2348 1319 2378 Οὕτω
1330 2350 1375 2379 καὶ
1389 2351 1403 2379 6
1417 2350 1545 2384 διάὸολος.
1555 2351 1592 2381 Τί
1600 2351 1640 2381 ὅτι
1650 2347 1717 2390 εἶπε,
1725 2354 1814 2393 φησὶν,

1059 2457 1221 2485 προσποιεῖται,
1234 2455 1248 2482 ἢ
1264 2457 1361 2485 ἄγνοιαν,
1375 2462 1450 2485 quam
1462 2452 1595 2478 lectionem
1614 2455 1640 2480 in
1657 2461 1753 2480 textum
1773 2456 1814 2480 iu-

252 2490 343 2518 ἐπῆλθε,
355 2495 384 2511 ex
397 2487 541 2520 conjectura
554 2495 653 2519 nempe.
667 2488 739 2512 Hauc
750 2495 808 2512 vero
820 2487 950 2512 lectionem
965 2498 1008 2513 suo
1059 2491 1126 2514 vexit
1137 2490 1309 2516 Comhclisius.
1322 2492 1374 2516 Nos
1384 2492 1409 2516 in
1420 2491 1513 2517 Graecis
1525 2491 1587 2517 nihil
1600 2499 1734 2526 mutantes,
1745 2493 1812 2519 illam

252 2526 330 2550 Marte
342 2527 367 2550 in
381 2532 448 2550 textu
459 2527 544 2557 posuit
556 2525 727 2551 combefisius.

286 2573 295 2583 ἢ
314 2567 391 2590 Notat
404 2566 428 2590 in
442 2566 551 2598 margine
565 2565 673 2591 Savilius
689 2564 820 2598 legendum
833 2574 892 2595 esse,
907 2570 919 2594 η’
931 2571 1008 2599 χρείαν

1058 2535 1142 2554 tamen
1153 2529 1287 2555 lectionem
1300 2531 1325 2556 in
1337 2531 1448 2557 versione
1459 2532 1548 2557 Latina
1561 2533 1694 2565 sequimur.
