1890 2826
87 1947 156 1967 Prov.
167 1945 181 1966 6
202 1945 224 1967 G.

220 180 291 215 620

221 263 285 292 quae
299 253 427 292 fecerat,
441 258 469 280 et
492 262 557 281 ecce
569 253 660 280 -bona
668 274 676 289 ,
691 261 776 290 neque
802 250 962 290 simpliciter

220 294 300 327 bona,
313 291 360 321 sed
372 291 466 320 Valde
478 293 556 320 bona
565 293 578 319 f·
591 289 708 328 Quando
718 290 802 330 igitur
815 296 962 319 res-ereatae

915 205 919 208 -
938 189 1064 212 spuma.

1016 249 1083 279 λέων
1097 250 1174 279 εἰκὼν
1187 253 1232 279 τοῦ
1247 250 1372 289 τυράννου
1383 273 1392 287 ,
1410 250 1454 279 καὶ
1468 251 1483 278 ὁ
1493 250 1550 288 ὄφις
1564 250 1609 277 τοῦ
1622 249 1727 277 σκολιοῦ
1742 247 1787 276 καὶ

1017 292 1062 319 τοῦ
1081 290 1261 330 πονηροτάτου
1284 291 1328 319 τὸν
1354 291 1460 330 τρόπον,
1485 289 1530 318 καὶ
1550 290 1564 318 ὁ
1591 287 1715 336 σκορπίος
1740 290 1787 316 τοῦ

221 332 248 361 in
262 330 466 361 similitudinem
481 330 590 360 malitiae
607 329 781 360 adducuntur
792 331 802 366 (
813 339 874 358 nam
884 335 910 359 et
920 328 962 358 leo
978 339 996 363 c
1016 330 1138 364 πλήκτου
1149 352 1156 366 ,
1172 329 1218 359 καὶ
1232 329 1335 363 ὁλύκος
1353 332 1398 359 τοῦ
1411 327 1611 398 ὅξπακτικοῧ),
1627 339 1678 357 που
1696 327 1727 356 ἂν
1745 326 1787 362 εἴη

1405 380 1420 398 ο

221 371 327 411 tyranni
339 371 425 410 imago
437 376 487 407 est,
499 377 525 399 et
535 380 643 410 serpens
652 369 753 400 versuti
763 369 891 406 hominis,
903 369 963 407 qui-

221 421 274 449 que
291 409 412 439 moribus
425 409 460 439 sit
478 409 660 450 nequissimis,
675 415 701 438 et
719 408 842 449 scorpius
855 418 963 448 percus-

222 450 300 486 soris,
310 456 336 479 et
346 449 427 489 lupus
438 452 546 494 rapacis
556 449 578 488 )‚
587 448 723 488 quomodo
734 458 775 477 res
787 454 878 477 creatae
886 448 964 477 bonae

1017 368 1087 398 καλὰ
1100 369 1134 398 τὰ
1148 369 1288 408 γενόμενα,
1303 369 1394 409 φησὶν,
1436 380 1474 397 τω
1492 368 1632 418 προιρανῶς
1650 368 1686 401 εἰς
1700 366 1789 396 εἰκόνα

1017 409 1110 442 κακίας
1122 408 1400 448 παραλαμὸανόμενα;
1413 410 1460 438 Δεῖ
1474 407 1502 437 δὲ
1523 407 1619 437 εῖοέναι
1639 405 1698 440 τοὺς
1712 406 1789 446 φιλο-

1018 448 1177 486 μαθεῖς,ὁ’τι
1191 451 1276 477 ταῦτα
1292 451 1326 484 ἰἢ
1349 447 1416 478 οἷκεί
1445 447 1522 488 φύσει
1533 446 1604 477 κακὰ
1627 446 1682 476 οὔτ’
1707 445 1789 482 ἐστὶν,

221 489 356 526 dicentur,
370 489 536 527 inquit,quae
546 495 600 517 tam
613 495 703 528 aperte
719 494 855 526 tamquam
868 487 964 516 simili-
973 505 1008 524 5³3
1018 488 1077 517 οὔτε
1097 487 1217 526 λέγεται,
1231 487 1300 517 ἀλλὰ
1310 481 1365 521 τοῖς
1379 488 1483 526 ἀλογοις
1496 486 1635 526 πρέπουσα
1650 485 1789 515 κατάστα-

223 528 330 558 tudines
345 528 473 558 vitiorum
487 527 681 567 proferuntur?
693 529 798 558 Verum
811 536 898 572 operae
909 536 965 566 pre-
982 533 1000 555 Λ
1017 538 1071 560 σις·
1087 527 1192 556 ἐπειδὰν
1212 527 1240 556 δὲ
1253 526 1316 562 ἔλθη
1331 529 1368 560 εἷς
1388 527 1437 563 τὴν
1456 525 1566 565 λογικὴν
1583 525 1671 566 φύσιν,
1690 525 1791 562 ὓὸρίζει

224 568 292 597 tium
303 574 341 598 est
352 567 504 607 intelligant
525 567 645 596 discendi
668 566 761 606 cupidi
778 565 846 603 haec,
858 577 880 596 st
905 576 964 605 spe-

224 614 309 637 ctetur
332 607 442 647 propria
466 617 559 636 eorum
579 613 685 642 natura,
695 606 764 635 mala
789 615 874 644 neque
897 615 963 642 esse,

224 657 309 685 neque
319 646 386 683 dici,
396 645 443 675 sed
455 656 514 675 eam
525 645 616 691 potius
627 645 807 675 conditionem
818 652 845 674 et
855 651 964 680 statum,

224 687 272 724 qui
298 685 408 715 rationis
435 685 591 725 expertibus
615 685 740 715 convenit
762 684 943 714 animantibus
959 696 964 712 :

224 732 365 764 postquam
377 732 467 755 autem
480 725 580 754 ratione
599 724 738 764 praeditam
752 731 874 753 naturam
888 724 964 753 inva-

224 765 317 801 serint,
332 764 446 804 speciem
465 765 524 804 ejus
536 763 698 794 contumelia
712 764 829 800 afficere,
844 769 870 792 et
883 763 964 792 ratio-

225 804 312 833 nalem
321 803 511 842 ingenuitatem
522 803 685 833 obtusiorem
696 802 815 832 reddere.
825 802 966 842 Accepisti,

224 854 240 872 0
254 843 351 879 homo,
365 842 523 881 dignitatem
545 843 619 878 heri;
636 842 692 871 noli
718 842 923 881 ignominiosam
941 849 966 871 et

225 883 309 912 servis
323 891 467 920 congruam
487 882 634 911 bestiarum
651 881 831 911 conditionem
850 881 944 911 sectari
958 893 964 909 z

226 921 341 961 teipsum
354 921 426 950 enim
448 921 547 960 probro
561 921 661 958 afficis,
675 921 741 950 dum
755 920 901 950 bestiarum
915 920 967 949 im-

225 961 377 990 manitatem
392 960 506 989 imitaris
523 973 528 988 1
546 970 598 989 non
610 960 686 999 quasi
700 960 776 989 malae
790 960 854 996 sint,
870 966 915 989 aut
926 959 968 988 di-

224 1006 319 1029 cantur
341 999 443 1035 hestiae,
457 999 504 1028 sed
524 999 596 1038 quod
621 999 797 1040 ignominiosa
818 1006 844 1028 et
864 998 969 1028 servilis

226 1040 314 1079 imago
342 1039 435 1068 liberis
462 1049 515 1068 non
554 1039 705 1069 conveniat.
733 1037 968 1075 Quemadmodum

225 1080 296 1108 enim
310 1079 333 1108 si
348 1080 391 1108 vir
401 1078 533 1118 quispiam
540 1078 653 1108 illustris
662 1085 687 1108 et
696 1078 795 1108 nobilis
805 1078 899 1108 servili
910 1085 970 1117 toga

226 1119 261 1146 sit
273 1118 384 1148 indutus
406 1125 452 1147 aut
467 1119 590 1154 amictus,
606 1119 706 1157 probro
722 1118 838 1147 afficitur
851 1125 878 1147 et
891 1117 971 1156 igno-

227 1158 310 1186 minia
331 1164 455 1193 notatur,
484 1168 536 1187 uon
573 1159 647 1196 quod
682 1158 763 1187 vestis
783 1157 829 1186 illa
849 1157 884 1187 sit
908 1157 972 1187 vilis

227 1204 273 1225 aut
286 1196 409 1232 sordida,
422 1197 466 1225 sed
482 1197 556 1235 quod
568 1208 677 1227 serwtm
691 1196 802 1235 quidem
815 1196 922 1233 deceat,
935 1197 970 1226 li-

227 1236 292 1265 bero
311 1246 376 1265 vero
390 1246 442 1265 non
465 1236 624 1265 conveniat:
639 1236 676 1265 ita
697 1236 719 1264 si
741 1236 838 1276 scorpii
859 1236 971 1276 lupique

229 1285 314 1304 mores
337 1274 445 1310 induas,
460 1285 513 1303 non
534 1275 676 1304 brutorum
700 1282 840 1304 accusatur
863 1282 969 1311 natura,

229 1314 275 1343 sed
300 1314 417 1343 conditio
441 1321 487 1343 tua
514 1315 613 1353 probro
636 1314 764 1349 aflicitur,
785 1325 845 1353 quae
869 1315 972 1344 domini

229 1360 329 1382 sortem
348 1364 409 1382 cum
422 1360 496 1382 nacta
509 1354 558 1389 sit,
575 1364 606 1382 ea
620 1364 678 1391 quae
692 1361 753 1382 sunt
766 1353 874 1383 servilia
887 1361 970 1384 secta-

230 1399 285 1422 tur.
295 1394 358 1422 Haec
367 1403 381 1421 a
392 1403 435 1421 me
442 1393 588 1422 necessario
596 1394 704 1422 fuerunt
713 1393 740 1421 in
750 1392 870 1422 mchum
880 1393 972 1430 allata,

232 1442 264 1461 ne
277 1432 338 1470 quis
351 1442 380 1461 ea
402 1431 470 1461 forte
483 1442 542 1470 quae
562 1432 633 1461 dicta
654 1438 726 1467 sunt,
742 1431 776 1460 ad
800 1432 971 1471 ignominiam

231 1471 366 1501 Creatoris
379 1470 512 1507 traducat,
526 1471 603 1509 quasi
626 1471 728 1500 malum
751 1471 862 1510 aliquod
883 1473 973 1502 fecerit

232 1512 304 1540 Deus
318 1522 326 1539 ε
342 1521 404 1540 vere
414 1511 485 1539 enim
497 1510 567 1539 bona
577 1517 639 1540 sunt
649 1510 750 1546 omnia,
759 1517 785 1539 et
799 1511 878 1541 valde
890 1512 971 1548 bona,

232 1550 254 1578 si
267 1549 403 1589 propriam
415 1549 595 1579 conditionem
609 1556 775 1586 conservent,
790 1557 816 1579 et
833 1561 910 1579 suam
930 1551 971 1580 le-

232 1599 291 1627 gem
304 1595 446 1618 sectentur.
462 1591 549 1627 Atque
565 1596 593 1618 ut
609 1589 755 1634 intelligas,
769 1589 916 1627 carissime,
929 1591 971 1619 ni-

232 1628 272 1657 hil
285 1640 299 1657 a
314 1629 370 1657 Dco
390 1628 454 1656 mali
468 1635 586 1657 creatum
604 1639 671 1664 esse,
687 1639 709 1657 st
724 1635 847 1658 naturam
862 1636 974 1669 spectes,

232 1668 325 1697 docuit
335 1678 382 1696 nos
397 1669 469 1697 Deus
480 1675 505 1696 et
515 1668 667 1697 belluarum
678 1668 884 1698 similitudinem
895 1679 974 1698 usur—

232 1718 307 1746 pare.
324 1706 470 1736 Admonuit
484 1707 555 1736 enim
568 1714 597 1736 ut
610 1707 741 1746 quasdam
753 1707 827 1737 dotes
841 1719 973 1748 praeroga-

234 1747 356 1785 tivasque
378 1747 519 1776 brutarum
544 1746 719 1775 animantium
743 1746 921 1786 imitaremur,
943 1759 975 1778 ne

234 1793 369 1825 tamquam
389 1786 458 1815 mala
479 1786 636 1815 damnemus
656 1793 683 1815 et
704 1786 900 1816 calumniemur
916 1798 976 1827 quae

235 1832 319 1854 creata
344 1832 417 1862 sunt,
434 1835 485 1854 non
505 1825 648 1864 generatim
669 1835 762 1854 eorum
782 1833 916 1864 naturam,
929 1827 977 1857 sed

235 1875 418 1903 quaecumquae
429 1864 599 1893 rationalium
610 1864 756 1893 conditioni
770 1866 905 1904 potuerint
915 1877 977 1896 con-

237 1905 339 1932 venire.
356 1906 451 1932 Annon
462 1902 545 1932 hodic
558 1904 767 1933 Proverbiorum
781 1912 915 1935 auctorem
929 1917 976 1936 au·

237 1942 300 1972 disti
327 1942 475 1978 dicentem,
492 1943 574 1971 Vade
597 1945 638 1971 ad
653 1943 826 1983 formicam,
839 1947 928 1985 piger,
950 1953 978 1975 et

238 1982 375 2010 cumulare
384 1984 451 2011 vias
461 1984 522 2021 ejus
532 1984 545 2009 P
556 1983 616 2011 Non
630 1982 819 2013 animadvertis
833 1995 887 2022 quo
901 1992 978 2024 pacto

239 2021 372 2060 proposita
379 2021 494 2050 formicae
502 2021 639 2065 diligentia
647 2031 694 2050 nos
701 2022 735 2051 ad
743 2022 888 2068 impigrum
896 2024 979 2062 quod-

239 2060 301 2088 dam
314 2060 434 2088 studium
447 2059 595 2089 erudierit?
609 2061 703 2090 Nonne
720 2069 746 2090 te
766 2062 863 2092 diserte
883 2063 977 2092 docui-

239 2109 323 2128 musa
341 2099 450 2127 formica
470 2098 650 2138 diligentiam,
666 2101 700 2129 ab
720 2112 769 2140 ape
788 2112 853 2131 vero
871 2103 978 2133 artificii

239 2139 375 2167 amorem?
389 2138 463 2167 Licct
475 2138 547 2167 enim
560 2139 637 2167 nobis
646 2162 653 2175 ,
666 2140 738 2176 licet,
754 2147 782 2169 ut
795 2149 855 2170 ante
868 2142 939 2179 dixi,
953 2150 979 2172 et

239 2178 385 2206 bestiarum
402 2178 588 2216 praerogativas
610 2185 635 2206 et
659 2179 797 2208 commoda
810 2191 869 2218 quae
883 2182 977 2211 condi-

239 2217 305 2246 tioni
317 2223 412 2246 nostrae
424 2216 596 2253 conveniunt,
607 2217 641 2246 ad
653 2218 813 2247 imitandum
824 2220 976 2260 decerpere:

239 2263 422 2285 verumtamen
436 2255 487 2284 ista
500 2255 535 2285 ad
548 2256 679 2295 pudorem
700 2258 777 2286 nobis
795 2258 976 2290 incutiendum

239 2296 421 2334 probrumque
442 2294 580 2324 dicuntur.
593 2296 708 2332 Quando
722 2297 793 2325 enim
812 2299 897 2327 Deum
918 2300 978 2329 imi-

238 2335 288 2363 tari
303 2335 424 2371 noluisti,
439 2334 542 2363 imitare
565 2335 713 2364 formicam.
729 2337 916 2375 Numquamne
929 2350 975 2378 pa-

238 2381 305 2403 trem
327 2373 420 2403 vidisti
444 2373 491 2412 qui
515 2373 643 2403 dilectum
664 2374 752 2403 filium
777 2376 940 2416 objurgaret,
953 2387 978 2408 ct

239 2421 297 2452 post
311 2414 423 2442 multam
438 2413 637 2443 instructionem
651 2413 685 2443 ad
699 2414 873 2444 imitationem
889 2418 978 2447 famu-

241 2454 324 2482 lorum
339 2463 400 2482 eum
415 2452 575 2490 traduceret,
591 2459 669 2492 atque
683 2453 739 2483 haec
751 2454 839 2493 palam
853 2455 954 2486 diceret
967 2471 973 2486 :

237 2493 343 2521 Imitare
365 2493 457 2521 saltem
477 2492 620 2530 famulum,
635 2493 764 2532 dignitate
785 2494 894 2533 quidem
910 2496 976 2525 inse-

267 2590 278 2600 *
296 2583 355 2611 Rea.
372 2587 382 2612 ἡ
396 2585 501 2609 δεσπότου
517 2587 623 2616 λοι-χοῶν..

1017 567 1066 603 τὴν
1081 566 1151 603 θέαν,
1162 567 1207 596 καὶ
1218 559 1347 605 ἀμὸλύνει
1358 566 1407 602 τὴν
1418 565 1527 605 λογικὴν
1536 564 1695 605 ἐλευθερίαν.
1706 563 1791 594 Ἔλα-

1017 607 1069 643 6ες,
1084 606 1216 646 ἄνθρωπε,
1232 606 1281 642 τὴν
1296 605 1453 641 δεσποτικὴν
1474 605 1548 640 ἀξίαν
1558 617 1565 624 ·
1581 604 1619 644 μὴ
1633 603 1682 640 τὴν
1697 605 1792 673 ἄτιέιον

1018 645 1063 675 καὶ
1077 647 1242 686 δουλοπρεπῆ
1256 647 1309 674 τῶν
1323 645 1426 685 ἀλόγων
1441 645 1587 684 μεταδίωκε
1605 643 1677 678 τάξιν
1690 656 1697 662 ·
1715 646 1730 673 ὓ
1751 643 1793 683 ρί-

1017 687 1068 719 ζεις
1081 686 1132 725 γὰρ
1147 685 1253 721 σαυτὸν,
1269 684 1429 724 μιμούμενος
1443 687 1496 714 τῶν
1512 684 1613 723 ἀλόγων
1628 683 1677 720 τὴν
1690 685 1792 733 θηριω-

1017 725 1089 754 δίαν·
1105 727 1154 765 οὐχ
1165 728 1201 758 ὥς
1213 727 1266 754 τῶν
1280 725 1381 764 ἀλόγων
1396 725 1485 754 κακῶν
1497 724 1588 760 ὄντων,
1600 723 1618 758 ἢ
1629 724 1792 763 λεγομενων,

1017 764 1077 793 ἀλλ’
1102 767 1137 799 ὥς
1162 767 1210 800 τῆς
1231 764 1326 803 ἀτίμου
1352 764 1397 793 καὶ
1421 764 1614 804 δουλοπρεποῢς
1635 762 1734 795 εἰκόνος
1759 763 1789 792 οὗ

1017 805 1168 844 πρεπούσης
1180 809 1234 837 τοῖς
1248 804 1399 844 ἐλευθέροις.
1414 803 1519 843 ’Ὠσπερ
1533 803 1585 842 γάρ
1598 814 1637 835 τις
1651 801 1719 850 ἀνὴρ
1733 802 1791 832 ἐπί-

1018 855 1102 882 σημος
1122 844 1167 873 καὶ
1189 843 1316 877 ἐπίδοξος,
1341 844 1385 873 ἐὰν
1413 843 1553 878 ἐνδύσηται
1573 842 1590 877 ἢ
1610 842 1801 882 περιὸαληται,

1018 883 1109 912 δούλου
1124 883 1231 920 στολὴν,
1244 883 1389 923 ὓὸρίζεται,
1404 882 1451 912 καὶ
1464 881 1679 922 καταισχύνεται,
1693 882 1792 921 oli-Adi<

1018 924 1065 958 τῆς
1086 924 1193 957 ἐσθῆτος
1217 922 1296 959 οὔσης
1318 922 1419 963 φαύλης
1441 922 1487 951 καὶ
1509 923 1636 990 ἒυπαρᾶς,
1665 922 1724 950 ἀλλ’
1754 922 1791 954 ὡς

1021 961 1106 1002 δούλῳ
1120 962 1167 1000 μὲν
1179 962 1342 1002 πρεπούσης,
1356 961 1483 1001 ἐλευθέρῳ
1494 962 1508 990 δ
1535 961 1572 1000 μὴ
1591 960 1773 1001 ἁρμοττούσης
1783 973 1791 980 ·

1019 1000 1101 1034 οὕτως
1114 1001 1158 1030 ἐὰν
1171 997 1233 1037 ἦθος
1246 1001 1373 1042 σκορπίου
1387 1001 1433 1030 καὶ
1451 1001 1534 1030 λύκου
1548 990 1692 1040 ἀναλοίὸῃς,
1710 1002 1760 1040 οὐχ
1772 1003 1791 1036 ἡ

1020 1040 1095 1080 φύσις
1107 1043 1160 1070 τῶν
1175 1041 1277 1080 ἀλόγων
1289 1041 1469 1076 διαὸάλλεται,
1478 1041 1541 1074 ,ἀλλ’
1554 1043 1571 1075 ἠ
1584 1040 1619 1076 σὴ
1630 1040 1795 1073 κατάστασις

987 1087 1004 1110 Β
1020 1080 1154 1120 §epte-:m
1171 1083 1208 1116 ’ἡ
1229 1081 1383 1110 δεσποτείαν
1404 1082 1541 1120 λαχοῦσα,
1564 1079 1610 1109 καὶ
1635 1079 1670 1109 τὰ
1699 1079 1791 1109 δούλου

1021 1120 1228 1158 μεταδιώκουσα.
1238 1121 1332 1153 Ταῦτα
1342 1119 1370 1149 δέ
1381 1131 1425 1160 μοι
1437 1120 1585 1159 ἀναγκαίως
1593 1121 1739 1159 παρῆκται,
1747 1118 1792 1148 ἵνα

1021 1160 1112 1198 μηδεὶς
1127 1161 1164 1193 εἷς
1180 1159 1255 1200 ῧὸριν
1269 1162 1316 1196 τῆς
1330 1158 1502 1200 δημιουργίας
1515 1158 1615 1198 exactem
1632 1158 1666 1187 τὰ
1681 1158 1790 1198 εἰρημέ-

1020 1211 1062 1235 να,
1080 1202 1116 1233 ὡς
1128 1202 1173 1228 τοῦ
1188 1201 1259 1230 Θεοῦ
1274 1199 1372 1240 φαῦλόν
1386 1212 1413 1230 τι
1433 1198 1623 1236 πεποιηκότος·
1637 1198 1725 1228 πάντα
1740 1198 1794 1238 γὰρ

1021 1239 1124 1274 ἀληθῶς
1135 1239 1213 1276 καλὰ,
1228 1239 1272 1269 καὶ
1286 1239 1355 1269 καλὰ
1367 1239 1437 1275 λίαν,
1446 1238 1492 1268 ἐὰν
1503 1238 1553 1275 τὴν
1564 1237 1662 1268 οἰκείαν
1672 1237 1794 1278 φυλάττῃ

1019 1278 1101 1313 τάξιν,
1114 1279 1158 1307 καὶ
1169 1278 1213 1308 τὸν
1228 1281 1323 1309 οἰκεῖον
1346 1278 1497 1318 μεταδιώκῃ
1512 1278 1603 1317 νόμον.
1618 1277 1680 1308 Ἵνα
1691 1277 1720 1311 δὲ
1734 1277 1795 1316 μά-

1020 1320 1076 1356 θῃς,
1091 1319 1225 1356 ἀγαπητὲ,
1239 1319 1280 1348 ὅτι
1293 1318 1366 1348 οὐδὲν
1389 1319 1488 1358 φαῦλον
1501 1319 1641 1357 γεγένηται
1659 1317 1733 1357 παρὰ
1745 1319 1793 1346 τοῦ

1022 1358 1093 1386 Θεοῦ
1105 1357 1174 1386 κατὰ
1188 1357 1275 1396 φύσιν,
1289 1357 1403 1391 ἐδίδαξεν
1414 1359 1486 1396 ἡμᾶς
1496 1360 1511 1386 ὃ
1524 1357 1593 1390 Θεὸς
1605 1358 1650 1387 καὶ
1664 1358 1716 1385 τῶν
1731 1356 1792 1385 ἀλό·

1022 1408 1076 1435 γων
1099 1396 1198 1425 τούτων
1219 1397 1307 1426 εἰκόνα
1326 1396 1482 1436 λαμὸάνειν.
1504 1396 1638 1432 Ὑπέθηκε
1659 1395 1711 1435 γάρ
1733 1407 1793 1425 τινα

1024 1439 1162 1473 μιμεῖσθαι
1175 1439 1227 1466 τῶν
1246 1436 1348 1475 ἀλόγων
1361 1436 1590 1475 πλεονεκτήματα,
1613 1435 1657 1466 ἵνα
1677 1435 1715 1474 μὴ
1734 1436 1794 1464 δια-

1023 1474 1163 1514 6ἄλλωμεν
1186 1477 1222 1509 εἷς
1243 1476 1338 1505 κακίαν
1357 1475 1391 1504 τὰ
1412 1475 1548 1515 γεγονότα,
1565 1477 1594 1505 οὗ
1613 1474 1724 1504 καθόλου
1744 1475 1793 1510 τὴν

1023 1515 1109 1554 φύσιν,
1125 1516 1183 1544 ἀλλ’
1202 1515 1252 1544 ὅσα
1266 1515 1374 1555 ἁρμόζει
1391 1516 1485 1555 λογικῇ
1500 1514 1669 1545 καταστάσει.
1688 1513 1726 1544 Ἢ
1746 1515 1795 1544 οὐκ

1023 1553 1137 1588 ἤκουσας
1150 1554 1266 1595 σήμερον
1279 1558 1324 1584 τοῦ
1333 1555 1534 1594 Παροιμιαστοῦ
1545 1554 1676 1594 λέγοντος,
1686 1553 1775 1594 Πορεύ
1782 1571 1793 1576 -

1023 1596 1083 1628 Οητι
1101 1594 1167 1633 πρὸς
1185 1595 1230 1624 τὸν
1254 1594 1399 1634 μύρμηκα,
1420 1594 1525 1634 ὀκνηρὲ,
1544 1594 1589 1623 καὶ
1609 1593 1727 1630 ζήλωσον
1746 1593 1795 1627 τὰς

1023 1633 1096 1666 ὀδοὺς
1108 1634 1196 1662 αὐτοῦ.
1207 1635 1248 1664 Οὔ
1258 1636 1371 1669 συνῆκας
1383 1636 1440 1667 πῶς
1452 1633 1500 1670 τὴν
1512 1636 1558 1662 τοῦ
1573 1633 1713 1673 μύρμηκος
1720 1634 1795 1673 φιλο-

999 1682 1007 1704 1
1024 1672 1115 1702 πονίαν
1129 1673 1296 1712 ὑποθέμενος,
1307 1675 1344 1706 εἷς
1355 1673 1448 1702 ἄοκνον
1461 1675 1539 1712 ἡμῶν
1552 1672 1700 1713 προθυμίαν
1713 1674 1794 1702 ἐπαι-

1026 1712 1194 1750 δαγώγησεν;
1209 1713 1269 1743 Οὔκ
1289 1712 1444 1751 ἐδιδάξαμὲν
1463 1724 1493 1742 σε
1515 1715 1600 1752 ῥηπῖς
1621 1713 1675 1743 ἀπὸ
1691 1711 1740 1752 μὶν
1751 1714 1799 1742 τοῦ

1027 1751 1166 1790 μύρμηκος
1178 1752 1209 1782 τὸ
1222 1753 1325 1789 ἄοκνον,
1339 1752 1392 1782 ἀπὸ
1406 1752 1435 1782 δὲ
1454 1754 1503 1787 τῆς
1517 1752 1644 1791 μελίσσης
1656 1752 1688 1782 τὸ
1698 1751 1800 1793 φιλότε-

1026 1802 1102 1830 χνον;
1116 1791 1197 1821 Ἔστι
1210 1792 1272 1832 γὰρ,
1288 1792 1369 1828 ἔστιν,
1383 1794 1420 1825 ὡς
1438 1791 1519 1832 ἔφθην
1533 1791 1624 1828 εἰπὼν,
1645 1791 1801 1831 ἀπανθήσα-

1027 1830 1087 1859 σθαί
1100 1843 1159 1860 τινα
1171 1832 1216 1861 καὶ
1229 1833 1282 1861 τῶν
1296 1831 1398 1871 ἀλόγων
1413 1831 1634 1871 πλεονεκτήματα
1651 1831 1800 1872 ἁρμόζοντα

1026 1871 1120 1910 λογικῇ
1139 1871 1301 1901 καταστάσει
1312 1883 1318 1889 ·
1340 1871 1411 1907 πλήν
1428 1883 1459 1910 γε
1480 1874 1565 1901 ταῦτα
1581 1871 1647 1911 πρὸς
1666 1870 1798 1911 ἡμετέραν

1027 1910 1149 1948 λέγονται
1163 1911 1290 1960 αἰσχύνην
1304 1911 1349 1940 καὶ
1360 1911 1466 1944 ὄνειδος.
1481 1910 1592 1947 Ἐπειδὴ
1605 1909 1657 1950 γὰρ
1671 1909 1741 1940 Θεὸν
1751 1912 1800 1940 οὐκ

1028 1949 1162 1988 ἐμιμήσω,
1184 1962 1310 1989 μιμησαι,
1330 1950 1410 1990 φησὶ,
1430 1950 1475 1980 τὸν
1496 1950 1632 1990 μύρμηκα.
1653 1950 1713 1980 Οὔκ
1733 1945 1800 1983 εἶδές

1029 2000 1092 2017 ποτε
1107 1989 1210 2029 πατέρα
1222 1990 1330 2029 γνήσιον
1345 1991 1509 2028 ἐπιτιμῶντα
1520 1990 1555 2019 τὰ
1567 1989 1658 2026 τέκνα,
1673 1989 1718 2019 καὶ
1731 1989 1800 2029 μετὰ

1028 2028 1130 2063 πολλὴν
1138 2029 1260 2058 παιδείαν
1277 2031 1314 2062 εἷς
1330 2029 1442 2068 μίμησιν
1457 2029 1524 2059 αὐτὰ
1535 2031 1646 2059 οἰκετῶν
1657 2027 1798 2069 ἀνάγοντα,

1029 2067 1074 2096 καὶ
1081 2071 1164 2096 ταῦτα
1175 2068 1430 2108 προφανῶςλέγοντα
1437 2081 1443 2087 ·
1450 2068 1567 2108 μίμησαι
1574 2068 1624 2098 κᾶν
1631 2068 1675 2098 τὸν
1685 2069 1801 2104 οἰκέτην,

1029 2107 1214 2147 ὑποδεέστερον
1223 2108 1270 2146 μὲν
1277 2110 1310 2147 τῇ
1321 2108 1391 2147 ἀξίᾳ,
1400 2108 1563 2148 ὑπερέχοντα
1571 2108 1600 2138 δὲ
1609 2110 1644 2147 τῇ
1652 2108 1799 2148 ἐπιστήμῃ

1029 2146 1112 2175 <Ὀθεν
1126 2149 1140 2175 ὁ
1155 2147 1335 2186 φιλάνθρωπος
1349 2147 1417 2181 Θεὸς
1431 2149 1467 2181 εἷς
1482 2142 1590 2182 ἔνδειξιν
1608 2149 1656 2183 τῆς
1669 2148 1801 2187 ἡμετέρας

1031 2187 1218 2224 ἀγνωμοσύνης
1228 2187 1371 2227 προσφέρει
1379 2186 1423 2215 τὸν
1434 2187 1563 2226 μύρμηκα
1573 2186 1717 2227 ἐλέγχοντα
1723 2189 1800 2227 ἡμῶν

1030 2225 1073 2254 τὸν
1096 2226 1184 2261 ὄκνον,
1205 2227 1250 2255 καὶ
1267 2226 1316 2261 τὴν
1335 2226 1460 2265 μέλιτταν
1484 2227 1643 2267 ἐλέγχουσαν
1658 2229 1734 2266 ἡμῶν
1750 2227 1801 2262 τὴν

997 2276 1014 2298 1)
1032 2264 1170 2303 ῥᾳθυμίαν.
1194 2266 1247 2295 Καὶ
1269 2267 1348 2300 δῆλον
1371 2267 1402 2295 ἐκ
1424 2266 1535 2303 τούτων,
1558 2267 1600 2296 ὅτι
1620 2266 1693 2296 οὐδὲν
1719 2266 1801 2296 κακὸν

1030 2304 1132 2342 ἐγένετο
1146 2305 1218 2344 παρὰ
1239 2308 1283 2334 τοῦ
1304 2307 1384 2342 Θεοῦ,
1398 2306 1457 2335 ἀλλ’
1471 2305 1553 2336 ἔδωκε’
1566 2318 1607 2336 σοι
1621 2306 1741 2342 αἴσθησιν
1755 2306 1801 2335 καὶ

1031 2346 1089 2372 νοῦν
1104 2345 1279 2384 διακριτικὸν,
1299 2345 1404 2384 φεύγειν
1426 2345 1473 2384 μὲν
1491 2347 1543 2374 τῶν
1561 2345 1663 2384 ἀλόγων
1682 2344 1716 2374 τὰ
1733 2345 1800 2381 ἤθη,

1031 2383 1157 2421 ἁρπάζειν
1172 2384 1198 2413 δὲ
1218 2386 1304 2414 αὐτῶν
1319 2385 1354 2414 τὰ
1373 2385 1603 2424 πλεονεκτήματα.
1619 2383 1735 2413 Δύναται
1749 2384 1800 2423 γὰρ

1031 2422 1074 2450 καὶ
1087 2425 1100 2451 ὃ
1115 2423 1181 2452 λέων
1193 2424 1271 2453 εἰκὼν
1285 2419 1352 2453 εἶναι
1365 2426 1469 2464 ἀρετῆς,
1483 2423 1546 2453 ὅταν
1561 2425 1597 2462 μὴ
1611 2425 1647 2456 εἰς
1660 2424 1800 2463 τυραννίδα

1030 2461 1078 2496 τὴν
1093 2463 1190 2497 εἰκόνα,
1205 2464 1263 2493 ἀλλ’
1278 2466 1314 2496 εἷς
1328 2463 1448 2503 ἀνδρείαν
1459 2463 1575 2502 ἐκλάόῃς
1585 2475 1591 2482 ·
1606 2463 1672 2493 ἄλλο
1680 2462 1731 2502 γάρ
1743 2465 1800 2493 ἐστι

1031 2502 1157 2539 τυραννὶς,
1175 2503 1218 2531 καὶ
1231 2503 1317 2543 ἕτερον
1331 2503 1445 2543 ἀνδρεία.
1461 2502 1513 2532 Διὰ
1525 2505 1602 2532 τοῦτο
1617 2503 1662 2532 καὶ
1674 2506 1691 2538 ἡ
1705 2503 1798 2542 Γραφὴ
