1890 2826
671 186 704 209 IN
732 185 879 209 GENEsm
905 185 1017 209 SERMO
1041 187 1092 210 111.

99 250 186 282 αὐτοῖς
210 246 409 288 προσαγούσαςς
427 245 507 276 Ἀλλὰ
531 245 581 276 κᾶν
601 246 715 276 πλουσία
738 246 847 286 ὑπάρχῃ
857 269 865 283 ,

197 287 287 327 ωμὲνη
297 288 324 316 ἐν
332 288 371 326 τῷ
383 286 491 326 πλούτῳ
505 287 587 322 αὗτῆς
595 285 696 326 ἡμέρας
707 286 753 316 καὶ
763 286 865 322 νυκτὸς,

97 329 145 367 ζῇν
158 329 185 357 ἐν
199 326 291 367 εἰρήνῃ
309 327 354 356 τὸν
368 325 495 366 ὁμόζυγον
517 327 565 355 οὐκ
582 327 624 365 ἑᾷ.
652 326 711 355 Κᾶν
733 325 815 362 πένης
828 322 864 366 ᾗ,

97 366 253 418 διερχομένη
278 366 332 395 ἀπὸ
345 365 427 396 τόπου
441 368 478 399 εἰς
498 365 594 403 τόπον,
607 365 653 394 καὶ
667 367 704 399 εἷς
727 365 813 396 οἰκίαν
836 365 864 399 ἐξ

80 423 85 426 ·
96 408 194 444 οἰκιας,
267 418 297 439 ας
310 405 454 446 ἀνεγείρει,
468 405 566 445 θυμοὺς
586 405 765 446 ἅναρῤιπίζει,
778 416 863 445 ταρα-

94 446 145 487 χὰς
164 449 246 476 καθεκ
265 457 332 481 στην
344 445 502 486 προσφέρει,
514 445 563 474 οὐκ
574 446 645 474 ἐῶσα
658 445 703 474 τὸν
717 444 800 485 ἄνδρα
813 446 863 474 αὖ-

94 488 143 522 τῆς
155 485 216 515 οὔτε
229 485 297 524 μετὰ
310 485 439 525 γείτονος,
451 485 511 515 οὔτε
526 484 594 523 μετὰ
609 485 742 525 γνωρίμω
756 484 863 524 εἰρήνην

95 525 176 565 ἔχειν,
188 525 257 555 ἀλλὰ
269 525 370 558 πάντας
381 525 496 565 ὓὸρίζει,
513 524 581 563 μετὰ
589 525 696 554 πάντων
714 524 861 560 δικάζεται,

95 565 198 599 πάντας
210 565 359 605 ἐπιτρέχει,
374 564 475 598 πάντας
493 564 598 604 θορυὸεῖ
607 587 615 601 ,
629 565 656 594 ἐν
668 566 763 604 ἀρχαῖς
780 565 861 593 αὖτο-

96 606 216 643 μολοῧσα
237 604 431 645 ἀναισχύντως,
444 604 490 633 καὶ
504 605 530 633 ἐν
549 604 727 644 δικαστηρίοις
740 605 860 644 εὑρισκο-

96 643 163 683 {alvu
171 646 207 678 ὥς
220 645 387 681 ἀδικηθεῖσα,
401 644 447 674 καὶ
460 645 486 673 ἐν
502 643 650 683 βαλανείοις
664 644 860 682 πολυλογοῦσα,

94 683 141 712 καὶ
155 685 182 713 ἐν
195 683 348 720 ἐκκλησίαις
360 683 501 723 συντυχίας
514 683 638 733 ἀκαίρους
659 682 860 734 προσφέρουσα,

95 722 142 752 καὶ
151 725 236 753 ταῦτα
247 725 414 764 φλυαροῧσα·
428 722 481 762 ἐγὼ
495 725 541 752 τοῦ
556 725 615 762 βιου
629 733 679 762 μου
698 725 716 759 ἡ
736 722 859 758 αυξησις,

95 762 149 802 ἐγὼ
159 764 213 792 τῶν
232 763 331 793 δούλων
343 766 361 799 ἡ
379 762 562 802 παιδαγωγία,
577 761 630 801 ἐγὼ
651 764 705 792 τῶν
725 764 828 802 τροφῶν
842 765 859 798 ἡ

96 802 288 843 μεριμνήτρια·
305 804 392 843 μάτην
406 805 422 832 ὁ
431 801 540 840 σύζυγός
554 813 605 840 μου
617 801 651 830 τὰ
670 801 799 842 πρεσὸεἷα
811 801 861 842 φέ-

96 854 152 881 ρει,
173 843 275 876 οὐδενὸς
286 843 442 882 πράγματος
463 841 567 882 φροντὶς
585 842 658 882 αὔιῷ
674 841 807 882 ὑπάρχει·
830 843 860 871 οὗ

113 881 218 912 nrt-lom
227 882 255 911 τί
267 883 296 912 ἐν
310 884 350 922 τῷ
362 882 427 922 οἴκῳ
441 893 491 920 μου
505 882 619 917 ἑκτελῶ,
631 883 654 910 εἰ
672 881 710 920 μὴ
724 882 768 911 τὸν
782 881 861 921 ἄρτον

136 921 216 951 ἐσθίει
230 922 284 952 ἀπὸ
292 924 341 958 τῆς
352 921 486 962 τραπέζης
494 943 502 957 ‚
521 921 567 950 καὶ
583 921 613 950 τὸ
625 920 701 959 πόμα
712 921 777 961 ὅπερ
790 921 861 950 πίνει

94 961 132 1000 μὴ
166 960 291 992 ινώωιων,
302 961 340 992 Ὦ
358 960 544 1002 ἀναισχυντίας
555 960 700 1001 προδήλου.
714 959 830 994 Δικαίως
841 963 859 997 ἡ

185 1002 252 1041 βοᾷ·
266 1000 313 1037 Μὴ
339 1000 455 1041 πρόσεχε
479 1000 566 1041 φαύλῃ
592 999 711 1039 γυναικί·
725 999 788 1038 μέλι
808 1000 861 1040 γὰρ

93 1040 236 1074 ἀποστάζει
260 1042 291 1070 ἐκ
312 1040 438 1080 χειλέων,
450 1039 464 1069 8
489 1039 649 1080 πρόσκαιρον
673 1039 789 1069 λιπαίνει
812 1052 859 1070 σου

91 1078 226 1120 φάρυγγα,
242 1080 350 1120 ὔστερον
365 1080 454 1119 μέντοι
465 1079 621 1119 πικρότερον
633 1079 717 1118 χολῆς
730 1078 859 1118 εὑρήσεις,

91 1119 137 1148 καὶ
153 1120 318 1159 ἠκονημένον
337 1121 437 1159 μᾶλλον
459 1118 592 1158 μαχαίρας
611 1118 745 1156 διστόμου.
764 1118 811 1148 Ἂν
832 1120 859 1149 δὲ

91 1158 137 1188 καὶ
148 1159 295 1199 γράμματα
308 1155 325 1199 ᾖ
341 1162 531 1198 μεμαθηκυῖα,
543 1159 652 1188 διπλοῦν
672 1158 704 1187 τὸ
721 1153 789 1192 εἶδος
811 1161 860 1195 τῆς

1593 176 1665 222 645

921 256 1014 277 omnes
1037 247 1134 285 insilit,
1156 257 1248 278 omnes
1269 247 1474 288 conturbat5ad
1495 249 1666 289 magistratus

920 296 949 315 se
969 293 1064 327 sponte
1086 288 1188 317 confert
1210 287 1389 327 impudenter,
1410 288 1446 318 ad
1464 288 1612 319 tribunalia
1635 298 1666 321 ut

918 325 981 355 laesa
995 337 1055 356 com
1076 334 1142 364 aret,
1157 327 1185 356 in
1202 327 1306 357 balneis
1319 328 1402 358 verba
1415 328 1567 368 profundit,
1581 329 1609 358 in
1620 340 1663 360 ec-

919 365 1009 395 clesiis
1021 376 1053 395 co
1067 366 1157 406 loquia
1174 367 1268 396 miscet
1284 367 1450 407 importuna,
1463 374 1490 397 et
1507 367 1564 398 haec
1578 369 1666 399 futilia

917 405 990 434 fatur
1006 415 1014 432 t
1031 406 1090 445 Ego
1102 406 1166 436 vitae
1180 407 1350 446 fortunisque
1361 407 1427 436 meis
1439 407 1615 438 accessionem
1626 410 1667 438 fa-

917 444 971 482 cio,
988 455 1039 485 ego
1056 446 1166 475 famulis
1187 445 1327 486 paedagogi
1347 446 1408 476 lo‘co
1418 457 1560 486 sum,quae
1578 447 1614 477 ad
1625 449 1666 479 vi-

918 490 991 513 ctum
1005 491 1125 524 spectant
1144 495 1209 514 euro
1222 496 1228 513 :
1245 486 1345 515 frustra
1358 487 1460 527 conjux
1473 497 1550 516 meus
1563 487 1666 527 primas

917 530 998 561 tenet,
1021 524 1130 553 nullum
1152 524 1200 554 ille
1222 525 1363 564 negotium
1385 533 1479 564 curat;
1494 527 1578 556 nescit
1598 527 1666 566 quid

915 562 991 593 domi
1011 574 1089 603 agam
1099 575 1109 603 ;
1130 574 1215 593 unum
1233 565 1309 594 novit
1323 575 1429 604 panem,
1452 576 1532 603 quem
1546 577 1562 595 e
1574 577 1666 597 mensa

880 606 899 629 c
915 603 1050 641 comedin
1069 613 1104 633 ne
1119 603 1215 640 vinum
1239 603 1351 642 quidem
1371 604 1458 642 novit,
1473 605 1547 644 quod
1567 606 1663 636 ebibit.

918 643 944 672 Ο
955 643 1122 672 manifestam
1135 642 1348 684 impudentiam!
1364 645 1431 674 Jure
1444 644 1542 674 clamat
1561 646 1667 686 sapien-

915 682 953 711 tia
968 694 975 711 z
990 683 1037 712 Ne
1049 683 1187 712 attendas
1203 685 1341 729 improbet:
1358 684 1476 714 mulieri
1489 696 1500 712 .-
1515 685 1574 714 mel
1586 687 1664 716 enim
1673 684 1745 708 P'W·
1757 684 1779 708 5.
1791 692 1814 708 5-

912 721 1033 769 prestun
1046 732 1083 752 ex
1100 722 1187 752 labiis
1206 732 1279 762 ejus,
1295 724 1376 762 quod
1394 724 1436 752 ad
1455 730 1566 764 tempus
1578 725 1664 755 dulce
1672 713 1697 746 4·

914 768 971 791 ent
979 764 1091 802 gutturi
1101 768 1162 799 tuo,
1169 767 1270 802 postea
1279 772 1354 792 vero
1355 763 1437 804 selle
1449 766 1579 794 amarius
1589 775 1665 804 repe-

914 803 982 836 ries,
991 807 1020 831 et
1039 803 1153 831 acutius
1164 802 1266 842 gladio
1284 804 1416 842 ancipiti.
1434 803 1515 840 Quod
1533 804 1556 832 si
1576 804 1663 835 literis

914 840 1018 870 imbuta
1034 841 1127 878 suerit,
1139 841 1196 881 jam
1209 841 1312 881 duplex
1330 843 1418 872 morbi
1439 850 1465 872 et
1481 843 1663 882 improbitatis

915 890 998 920 genus
1017 887 1067 911 est.
1082 882 1152 910 Nam
1194 888 1241 910 uot
1260 881 1387 911 mulieres
1408 893 1456 922 per
1480 883 1571 912 literas
1589 884 1663 915 viros

915 930 978 948 suos
993 919 1163 957 occiderunt,
1196 931 1243 950 um
1262 931 1368 957 arcana,
1381 932 1442 960 quae
1458 923 1538 952 ambo
1554 922 1606 952 soli
1616 933 1663 954 no-

914 966 1019 995 verant,
1028 970 1076 999 per
1086 959 1212 999 epistolas
1226 961 1285 1005 ejus
1302 959 1330 989 in
1340 961 1463 990 notitiam
1478 969 1621 1000 venerunt,
1636 970 1663 993 et

914 998 978 1027 inde
990 1000 1028 1028 rei
1041 1005 1153 1028 eventus
1165 999 1274 1029 accidit.
1293 1001 1367 1036 Quot
1381 1001 1446 1031 novi
1459 1002 1596 1038 mulieres,
1621 1013 1663 1033 uae

913 1037 1044 1077 sigillatas
1057 1038 1162 1068 chartas
1175 1038 1211 1068 ad
1224 1039 1402 1078 nequissimos
1412 1040 1485 1071 viros
1498 1048 1525 1071 et
1543 1052 1611 1072 moec
1632 1053 1662 1072 os

913 1087 976 1107 suos
999 1077 1140 1115 miserunt,
1161 1088 1193 1107 ac
1217 1076 1362 1119 praelongis
1387 1080 1513 1110 manibus
1534 1083 1661 1122 conjuges

913 1127 976 1146 suos
987 1117 1196 1147 interfecerunt?
1206 1119 1262 1148 Hos
1273 1129 1322 1158 per
1333 1118 1488 1158 pharmaca,
1500 1120 1568 1150 alios
1578 1129 1660 1152 noctu

910 1157 1091 1195 ambulantes,
1106 1157 1206 1187 multos
1225 1158 1254 1187 in
1277 1168 1373 1197 agrum
1394 1159 1585 1197 concedentes,
1603 1161 1662 1192 sive

91 1197 168 1228 νόσου
181 1199 227 1228 καὶ
239 1201 288 1234 τῆς
303 1199 405 1232 κακίας.
416 1198 505 1228 Πόσαι
516 1196 572 1246 γὰρ
581 1202 702 1237 γυναῖκες
716 1198 759 1227 διὰ
772 1210 859 1268 γραμᾶ
876 1206 896 1230 n
912 1196 1016 1236 gladio,
1034 1196 1092 1226 sive
1104 1196 1196 1236 lapide
1213 1197 1271 1227 sive
1279 1197 1429 1234 suste,cum
1448 1200 1510 1238 quis
1528 1200 1573 1230 vel
1589 1206 1660 1230 tem—

825 1249 841 1268 τ

92 1237 184 1276 μάτων
215 1238 371 1268 ἀπέκτειναν
401 1237 462 1271 τοὺς
488 1239 589 1267 ἑαυτων
614 1238 710 1277 ἄνδρας
718 1259 726 1273 ,
754 1249 789 1267 κει

92 1277 235 1317 μυστήρια,
246 1278 298 1307 ἕπε
329 1277 396 1316 μόνη
408 1277 533 1317 lyssam-»22
544 1277 590 1307 καὶ
601 1276 687 1313 αὐτὸς,
700 1278 737 1310 εἰς
747 1279 781 1316 ἐμ
802 1277 858 1307 άνι-

91 1328 133 1346 σιν
142 1316 188 1346 καὶ
197 1290 361 1357 πραγμάτων
375 1317 482 1347 ἔκὸασιν
496 1317 529 1346 δι’
544 1317 691 1346 ἐπιστολῶν
702 1317 786 1357 ἐγνωρ
797 1320 859 1353 σθη·

91 1368 156 1393 σαν;
177 1357 270 1390 Πόσσις
295 1356 347 1397 γὰρ
371 1357 474 1396 ἔγνωκα
495 1355 689 1408 ἀποστειλάσας
710 1356 859 1396 βεὸουλλω-

89 1395 720 1476 ῖέῆξὲτσὲὰᾚᾟτζωὲςτς
732 1395 859 1475 :w

90 1476 176 1505 «ἐτῶν
190 1475 363 1512 inhaesuram
377 1475 447 1509 Τοὺς
461 1475 508 1514 μὲν
533 1469 576 1505 ἇιὰ
599 1474 776 1515 δηλητηρίων,
797 1476 858 1509 τοὺς

89 1513 118 1544 δὶ
129 1515 156 1544 ἰν
166 1515 242 1545 νυκτὶ
255 1514 348 1555 ἀθρόον
361 1517 586 1555 περιπατοῦντας,
599 1514 713 1548 πολλοὺς
726 1514 754 1543 δὲ
773 1515 819 1545 καὶ
830 1517 856 1544 ἐν

90 1554 164 1604 ἀγρῷ
177 1554 303 1588 ἀπιόντας
310 1577 318 1590 ,
327 1554 346 1591 ἢ
360 1554 427 1594 μετὰ
437 1554 523 1594 ξίφους
532 1577 540 1590 ,
553 1554 570 1589 ἢ
585 1553 653 1592 μετὰ
661 1553 737 1583 λίθου
744 1575 752 1589 ,
762 1553 780 1589 ἢ
789 1555 857 1593 μετὰ

90 1592 166 1626 ξυλου
177 1593 291 1633 κρούσας
303 1605 343 1628 τις
356 1594 425 1624 κατὰ
437 1596 484 1623 τοῦ
499 1593 638 1632 μήνιγγος,
651 1592 673 1628 ἢ
683 1592 754 1622 κατὰ
772 1605 857 1633 κεφα-

89 1633 153 1668 λῆς,
166 1632 185 1668 ἢ
199 1632 269 1663 κατὰ
289 1636 337 1662 τοῦ
355 1633 456 1670 νώτου,
480 1633 607 1672 αἰφνίδιον
631 1631 705 1665 τέλος
727 1632 856 1672 ἐπήγαγε.

88 1672 288 1713 Προσέρχονται
301 1672 354 1713 γὰρ
366 1673 478 1706 ἀναιδῶς
495 1677 553 1706 ταῖς
572 1671 739 1707 ἐκκλησίαις,
753 1672 856 1712 προφά-

17 1727 32 1734 ·
89 1722 129 1740 σει
142 1724 308 1762 προσευχῃς,
322 1712 368 1742 καὶ
381 1711 507 1751 ὀμνύουσι
521 1711 591 1741 κατὰ
607 1713 653 1740 τοῦ
667 1710 790 1750 σώματος
811 1714 857 1741 τοῦ

88 1751 220 1791 ἀχράντου
228 1763 274 1781 και
284 1755 330 1781 τοῦ
342 1751 453 1791 αἵματος
465 1753 512 1780 τοῦ
523 1751 589 1780 rto&
599 1753 646 1780 τοῦ
657 1751 728 1780 Θεοῦ
735 1772 744 1786 ,
757 1750 775 1786 ἢ
789 1751 858 1780 κατὰ

87 1792 135 1827 τῆς
148 1792 228 1821 αὐτοῦ
243 1790 357 1831 μητρὸς,
368 1791 420 1821 εἴτε
435 1789 504 1820 κατά
516 1802 585 1824 τινος
598 1790 615 1819 ἃ
633 1788 673 1819 ίου
682 1801 688 1808 ·
700 1790 797 1819 πολλαὶ
805 1789 857 1831 γὰρ

87 1830 133 1859 καὶ
146 1831 190 1861 ἐπὶ
203 1834 250 1861 τοῦ
271 1833 398 1865 ζωοποιοῦ
423 1829 515 1867 ξύλου,
530 1832 575 1860 τοῦ
598 1802 635 1868 μζ
663 1831 790 1866 ἀθετῆσαι
808 1830 857 1864 τὰς

88 1869 208 1911 μυσαρὰς
226 1871 313 1900 αὐτῶν
331 1870 455 1911 πράξεις,
469 1869 538 1899 ἀλλὰ
557 1869 605 1902 τὰς
625 1869 791 1908 συναλλαγὰς
809 1871 856 1899 αὒ-

87 1910 140 1938 τῶν
152 1909 260 1949 βιὸαίας
278 1909 349 1950 ἔχειν
363 1910 409 1939 καὶ
428 1908 590 1943 ἀδιαλύτους.
604 1903 642 1938 Ὦ
655 1909 803 1945 παναθλία,
825 1908 856 1938 τὸ

86 1948 196 1990 φοὸιρὸν
208 1949 291 1989 ὄνομα
304 1952 351 1979 τοῦ
373 1949 472 1990 Κυρίου
485 1960 545 1979 συνε
632 1952 716 1982 ποιεῖς
732 1950 781 1984 τῆς
807 1950 855 1985 σῆς

88 1989 223 2029 μοιχείας
234 1989 331 2030 Ἄφρον
343 1989 390 2019 καὶ
400 1989 511 2025 ἀνόητε,
559 2001 573 2017 ν
587 1988 715 2028 παρθένον
728 1988 774 2018 καὶ
795 1991 855 2017 θεο-

87 2028 162 2058 τόοιον
172 2028 279 2069 Μαρίαν
292 2029 341 2066 τὴν
354 2028 481 2068 ἀμίαντον
493 2028 645 2068 συνεργάτιν
667 2031 794 2068 καθιστᾷς
809 2030 854 2057 τοῦ

85 2078 152 2104 πονη
183 2071 200 2078 ’“
224 2080 271 2098 σου
298 2069 490 2108 βουλεύματος;
514 2068 616 2108 Θηρίον
642 2067 774 2120 ἀνήμερον
782 2089 790 2104 ,
810 2067 855 2097 καὶ

85 2106 152 2147 κόρα
179 2107 288 2148 τρώγων
303 2108 415 2148 σάρκας,
429 2108 528 2142 ἀθώους
537 2111 589 2138 τῶν
603 2107 684 2147 ἁγίων
696 2119 757 2141 τους
769 2107 856 2140 οίκους

84 2146 226 2186 λῃστήριον
234 2147 279 2176 καὶ
289 2147 408 2186 αἱμάτων
417 2138 523 2188 ἐνόχους
532 2149 668 2181 dumam<
678 2159 686 2183 ;
696 2146 765 2176 Ἀλλ’
772 2149 786 2176 ὁ
795 2146 855 2180 ναὸς

85 2185 184 2225 Κυρίου
199 2189 214 2216 ὁ
226 2186 384 2237 ἧγιασμίνος
392 2187 438 2217 καὶ
452 2187 564 2227 καθαρὸς
573 2189 603 2217 οὐ
618 2187 771 2226 μολύνεται,
782 2185 813 2216 σὺ
826 2186 854 2235 δὲ

85 2236 163 2301 {iim
180 2226 423 2305 Ῐῖῗὲἶῖῗὸῖἔὺς
440 2238 475 2256 ”²
494 2227 855 2306 mlffli‘ssffiffl’ffi‘ffi

84 2303 129 2333 τὸν
137 2304 197 2334 ναὸν
206 2307 252 2334 τοῦ
261 2306 331 2335 Θεοῦ
340 2304 449 2344 φθείρει,
465 2307 554 2355 φθιρεῖ
562 2308 653 2334 τοῦτον
662 2307 676 2335 ὁ
684 2304 752 2338 Θεός
762 2316 768 2323 ·
780 2306 794 2333 ὁ
801 2304 854 2354 γὰρ

84 2343 144 2378 ναὸς
154 2346 200 2373 τοῦ
215 2345 285 2375 Θεοῦ
303 2344 377 2384 ἅγιός
391 2345 455 2374 ἐστι.
470 2346 601 2374 Βουλεσθε
615 2344 661 2374 καὶ
675 2344 753 2384 ἵτερα
768 2342 853 2378 λίςω-

912 1246 988 1275 pora,
1002 1236 1047 1266 vel
1067 1243 1159 1280 caput,
1169 1236 1215 1266 vel
1232 1236 1344 1266 dorsum
1363 1237 1478 1275 caedens,
1489 1239 1658 1279 repentinum

910 1275 1016 1304 exitum
1032 1276 1133 1305 attulit.
1149 1275 1324 1316 Impudenter
1343 1276 1398 1306 itlae
1416 1278 1541 1308 ecelesias
1557 1278 1657 1310 adeunt

911 1315 988 1354 quasi
997 1314 1093 1344 orandi
1104 1325 1195 1352 causa,
1203 1321 1230 1344 et
1235 1316 1331 1360 jurant
1341 1326 1391 1356 per
1400 1327 1498 1358 corpus
1512 1318 1655 1349 intemera-

912 1360 970 1383 tum
981 1361 1007 1384 et
1016 1354 1173 1394 sanguinem
1186 1354 1253 1384 Filii
1266 1355 1329 1392 Dei,
1342 1356 1388 1385 vel
1396 1367 1444 1396 per
1458 1359 1573 1388 Matrem
1585 1359 1655 1399 ejus,

910 1394 954 1423 vel
962 1404 1010 1434 per
1018 1394 1137 1433 aliquem
1148 1401 1319 1433 sanctorum
1333 1395 1425 1425 multae
1434 1397 1514 1427 etiam
1527 1408 1576 1437 per
1587 1398 1657 1429 ‘vivi-

910 1433 994 1463 ficum
1003 1433 1120 1474 lignum,
1136 1443 1165 1463 se
1175 1434 1278 1463 nefaria
1292 1444 1342 1463 sua
1354 1442 1412 1465 acta
1428 1446 1482 1466 non
1497 1438 1656 1476 violaturas,

911 1473 957 1503 sed
978 1480 1055 1512 pacta
1080 1483 1129 1502 sua
1153 1473 1230 1502 firma
1257 1481 1409 1504 servaturas
1427 1486 1493 1506 esse.
1519 1478 1545 1506 Ο
1563 1477 1657 1507 miser—

911 1512 994 1542 rima!
1010 1519 1074 1542 tune
1085 1511 1255 1542 tremendum
1271 1513 1383 1542 Domini
1397 1524 1494 1544 nomen
1508 1515 1536 1544 in
1549 1516 1656 1547 adulte-

911 1551 947 1581 rii
957 1552 998 1581 tui
1010 1551 1174 1581 ad’utorium
1188 1561 1302 1591 usurpas
1309 1552 1324 1580 Ρ
1338 1553 1427 1583 Stulta
1437 1561 1464 1583 et
1473 1555 1577 1592 insana,
1587 1555 1657 1586 Vir-

911 1593 1001 1630 ginem
1011 1597 1038 1619 et
1073 1589 1192 1630 eiparam
1203 1591 1318 1619 Mariam
1332 1591 1526 1631 intemeratam,
1541 1594 1656 1635 adjutri-

910 1640 968 1660 cem
980 1629 1060 1669 pravi
1076 1629 1182 1659 consilii
1196 1629 1241 1658 tui
1251 1630 1364 1660 statuis?
1375 1632 1400 1661 Ο
1411 1632 1467 1662 fera
1478 1633 1613 1670 immania
1629 1642 1657 1665 et

910 1679 991 1699 corve
1004 1678 1096 1698 earnes
1105 1669 1257 1705 comedens,
1271 1669 1429 1701 innoxiasne
1439 1679 1592 1703 sanctorum
1604 1674 1655 1704 do-

910 1719 980 1746 mos,
988 1708 1057 1738 furis
1068 1707 1214 1737 latibulum
1227 1709 1356 1748 sanguine
1368 1718 1536 1742 cruentatum
1549 1713 1654 1744 efficis?

910 1748 947 1778 At
958 1747 1089 1788 templum
1108 1747 1219 1776 Domini
1241 1755 1362 1779 sanctum
1375 1756 1401 1779 et
1413 1761 1515 1790 purum
1535 1762 1589 1782 non
1609 1753 1655 1783 soe-

910 1787 1001 1824 datur,
1012 1794 1044 1816 tu
1058 1796 1121 1817 vero
1133 1786 1162 1816 in
1179 1793 1296 1827 tempore
1309 1796 1461 1829 opportuno
1473 1791 1584 1821 insaniae
1601 1798 1654 1822 tuae

874 1840 894 1864 F.
909 1827 1027 1858 fructum
1039 1826 1199 1866 reportabis,
1209 1827 1358 1857 secundum
1374 1830 1527 1868 apostolum
1538 1832 1653 1862 Paulum

910 1866 1090 1897 clamantem:
1107 1866 1139 1895 Si
1158 1867 1225 1906 quis
1247 1868 1407 1898 violaverit
1426 1871 1565 1909 templum
1586 1872 1653 1910 Dei,
1666 1880 1687 1896 1·
1710 1874 1765 1897 Cor·
1779 1892 1803 1898 «-

910 1907 1056 1946 disperdet
1074 1906 1160 1935 illum
1174 1906 1268 1941 Deus‚·
1283 1908 1421 1947 templum
1440 1911 1518 1939 enim
1532 1911 1654 1942 Domini
1666 1912 1701 1936 ¹7·

909 1953 1043 1975 sanctum
1054 1952 1107 1975 est.
1119 1945 1213 1976 Vultis
1230 1952 1256 1975 et
1269 1946 1322 1976 alia
1334 1947 1457 1978 dicamus
1470 1949 1600 1981 adversus
1613 1952 1653 1981 il-

908 1985 996 2015 larum
1024 1985 1158 2015 consilia?
1175 1986 1238 2015 Haec
1257 1986 1282 2015 si
1302 1986 1405 2017 vicinas
1427 1988 1525 2019 habeat
1545 1991 1653 2031 probas,

902 2025 1031 2064 >quotidie
1052 2025 1114 2054 illas
1135 2024 1274 2063 observat,
1293 2025 1324 2055 in
1345 2037 1389 2057 eas
1412 2028 1560 2066 invehitur,
1583 2037 1610 2060 et
1630 2032 1654 2061 si

930 2076 977 2095 uos
999 2076 1034 2095 ex
1055 2065 1124 2094 notis
1137 2071 1164 2095 et
1178 2066 1380 2105 consanguineis
1400 2067 1500 2098 viderit
1519 2069 1548 2098 in
1561 2080 1654 2100 earum

909 2075 1004 2134 domos
1018 2104 1138 2141 introire,
1153 2104 1207 2144 ipsi
1220 2114 1268 2134 sua
1280 2105 1347 2135 vitia
1357 2108 1512 2147 exprobrat,
1527 2116 1614 2139 scorta
1626 2117 1654 2139 et

909 2144 1042 2174 maenadas
1059 2143 1208 2184 appellans,
1222 2144 1271 2173 etsi
1285 2145 1341 2174 illae
1353 2146 1407 2176 sint
1426 2147 1534 2177 liberali
1546 2156 1572 2178 et
1591 2159 1652 2178 eor-

909 2191 1009 2224 poreet
1021 2184 1121 2214 animo.
1134 2183 1165 2214 Si
1180 2183 1280 2214 liberos
1294 2184 1403 2223 habeat,
1417 2188 1494 2225 quasi
1505 2188 1574 2217 feras
1589 2188 1653 2218 illos

909 2223 1018 2263 respicit
1023 2235 1032 2262 3
1042 2224 1065 2253 si
1078 2222 1193 2253 famulos
1203 2223 1248 2253 vel
1258 2224 1381 2262 ancillas,
1390 2226 1465 2255 nulla
1478 2227 1564 2256 utitur
1577 2237 1653 2256 man-

908 2262 1060 2301 suetudine,
1078 2262 1127 2293 sed
1149 2262 1286 2294 servitutis
1312 2265 1420 2294 nomine
1444 2265 1506 2295 illas
1531 2266 1651 2295 interdiu

909 2302 1043 2341 verberat,
1056 2313 1104 2343 per
1116 2309 1221 2333 noctem
1233 2313 1298 2333 vero
1310 2304 1440 2343 operandi
1454 2305 1602 2334 molestiam
1611 2305 1653 2334 in-

907 2342 968 2372 fert.
983 2343 1052 2372 Non
1068 2349 1112 2373 est
1125 2344 1212 2372 timor
1224 2343 1283 2372 Dei
1295 2349 1365 2372 ante
1383 2344 1482 2372 oculos
1494 2345 1566 2383 ejus.
1582 2345 1651 2373 Cum
1661 2355 1803 2380 Psnt.35.1.

85 2393 133 2420 μιν
147 2384 211 2423 πρὸς
223 2383 273 2420 τὴν
287 2386 375 2414 αὐτῶν
388 2383 511 2423 γνώμην;
523 2382 599 2419 Αὕτη
609 2383 661 2424 γὰρ
674 2383 725 2413 κᾶν
735 2383 854 2423 γείτονας
863 2398 899 2419 5⁶¹
909 2388 999 2412 autem
1013 2382 1092 2423 juxta
1114 2382 1206 2412 virum
1226 2382 1254 2411 in
1275 2382 1344 2411 lecto
1365 2382 1508 2419 recumbit,
1526 2393 1578 2411 non
1599 2383 1653 2422 ipsi

84 2421 134 2461 ἔχῃ
148 2422 283 2463 σώφρονας
293 2446 301 2461 ,
313 2423 417 2464 ἡμέραν
432 2423 459 2457 ἐξ
482 2423 584 2463 ἡμέρας
610 2422 692 2456 αὐτὰς
714 2421 852 2460 σκοπιύει,
871 2426 892 2451 Α
908 2421 1061 2452 facultatem
1075 2421 1227 2452 dormiendi
1243 2421 1310 2451 relin

84 2462 180 2496 ταύτας
194 2463 343 2503 ἐπιτρέχει,
357 2463 405 2492 κᾶν
419 2474 491 2496 τινας
504 2464 558 2492 τῶν
574 2462 655 2502 γνωρί
691 2474 715 2492 >v
736 2462 782 2492 καὶ
801 2465 853 2492 τῶν

84 2505 216 2541 συγγενῶν
230 2503 356 2537 θεάσηται
370 2502 568 2571 εἰσερχοῖένους
582 2503 619 2535 εἰς
636 2474 692 2536 τε
703 2501 786 2536 οἰκίας
804 2503 853 2532 αὖ·

84 2542 147 2576 τῶν,
163 2543 252 2574 αὐταῖς
264 2541 298 2570 τὰ
312 2544 406 2577 ἑαυτῆς
419 2554 471 2571 κακ
503 2553 604 2581 προανα
624 2544 729 2571 ωνοῧσα
739 2563 747 2577 ,
762 2553 854 2582 μοιχα-

85 2579 158 2613 λίδας
173 2581 217 2610 καὶ
232 2581 359 2619 μαινάδας
375 2582 519 2618 ἀποκαλεῖ,
532 2580 579 2614 τὰς
595 2582 606 2611 ἒ
625 2581 734 2622 ευθέρας
752 2581 797 2612 καὶ
815 2584 854 2621 τῷ

1331 2422 1379 2457 uit,
1392 2421 1440 2450 sed
1451 2421 1543 2451 incitat
1556 2421 1654 2452 adver-

909 2473 955 2492 sus
965 2460 1134 2498 domesticos,
1145 2461 1264 2491 incendit
1274 2432 1376 2490 adiites
1386 2460 1482 2490 vicinis
1494 2460 1652 2491 movendas.

909 2501 961 2532 Hic
979 2512 1075 2532 servus
1087 2512 1130 2530 me
1145 2500 1270 2540 despicit,
1284 2499 1341 2528 haec
1355 2499 1453 2528 ancilla
1471 2500 1538 2529 mihi
1549 2500 1652 2538 illudit,

909 2541 954 2571 bic
970 2541 1077 2571 vicinus
1086 2541 1154 2570 mihi
1185 2545 1294 2579 erpetuo
1305 2539 1470 2568 conviciatur
1483 2538 1509 2568 in
1523 2539 1652 2578 ecclesiis,

910 2581 983 2621 apud
995 2581 1106 2617 amicos,
1122 2580 1150 2609 in
1175 2589 1223 2609 oro
1236 2589 1244 2605 .·
1255 2588 1298 2607 me
1313 2578 1454 2614 ulciscere;
1466 2578 1587 2618 alioquin
1600 2589 1653 2609 non
